3960 6278
138 382 228 435 383
1267 382 1269 386 ’
1412 381 1759 442 CHRISTES
1794 381 2108 439 PATlENS.
3269 387 3370 440 ‘286

147 497 276 563 Ἠμι.
316 494 462 557 Ἦδ’,
504 495 667 559 αὐτὸς
700 495 906 567 ἀθρείς,
936 495 1197 565 δωμάτων
1243 493 1390 560 ἐντὸς
1430 499 1598 568 μένει.
1729 519 1772 572 Α
1809 501 1950 571 Πλὴν
1983 496 2062 564 εἷς
2101 517 2187 562 τις
2217 495 2338 553 εἷπε
2370 505 2718 572 γραμματεῖς
2757 501 3057 571 προσιέναι,

202 588 359 653 Ἀττ.
410 587 677 640 Δέσποινα
708 588 881 657 μῆτερ
915 588 1284 654 Μνσταγωγοῦ
1324 607 1412 658 μοι
1454 592 1628 660 φίλου,
1809 590 1918 642 Καὶ
1953 588 2122 641 ταῦτα
2152 590 2336 641 πεῖσαι
2364 591 2612 661 κοίρανον
2635 590 2796 660 τῆσδε
2827 588 3033 659 χθονὸς,

140 675 267 730 1865
306 676 415 728 Καὶ
443 676 541 728 νῦν
573 677 839 749 μερίμνης
865 674 1011 741 ἄξιον
1044 677 1192 749 φέρω
1218 679 1394 746 λόγον,
1808 679 2026 748 negem
2061 679 2324 748 φύλακας,
2368 682 2462 733 καὶ
2497 680 2791 752 σφραγίσαι
2823 681 2913 733 τὸν
2941 681 3128 748 τάφον,

137 767 239 828 Σοὶ,
276 765 365 818 καὶ
401 767 692 837 μαθηταῖς,
728 768 823 844 καὶ
855 769 1067 837 γυναιξὶ
1099 772 1218 831 σαῖς
1260 770 1461 837 φίλαις.
1820 768 1905 830 Ὠς
1939 769 2012 838 μὴ
2042 769 2180 838 τάχα
2215 769 2447 838 κλέψωσι
2479 771 2677 840 μύσται
2711 771 2803 824 τὸν
2828 770 3022 824 νέκυν⁶

139 857 319 909 Θεοτό.
337 856 433 920 Εἰς
466 859 654 929 καιρὸν
679 858 852 928 ἥκεις,
891 860 981 911 καί
1008 876 1113 930 περ
1141 858 1421 926 ἀγγέλλων
1445 859 1626 925 φόϐον.
1807 856 1945 910 1880
1986 852 2083 910 Ὧν
2113 857 2288 911 οὕνεκ’
2316 854 2478 928 ἦλθον
2516 863 2652 928 πρὸς
2683 859 2741 911 σὲ
2777 859 2930 914 ταῦτ’
2962 857 3282 925 ἀπαγγελῶν

137 947 195 997 Τί
221 948 264 1000 δ’
299 947 448 1010 ἐστις
488 948 605 1017 μῶν
643 965 724 1011 τις
757 949 1008 1018 συμφορὰ
1035 950 1304 1019 νεωτέρα;
1800 998 1803 1001 .
1878 950 2074 1002 Θεοτό.
2111 943 2182 1000 Ὦ
2217 949 2396 1019 ράπτα
2434 949 2619 1002 κακῶν
2661 950 2770 1002 τῶν
2813 950 3129 1020 ἀφερτάτων
3160 947 3300 1018 ἐμοὶ,

141 1035 296 1101 "Ana
331 1034 509 1104 Πολλὴ
546 1034 758 1103 φάλαγξ
796 1035 1014 1098 ἔνοπλος
1042 1038 1120 1099 είς
1150 1038 1318 1105 τάφον
1352 1037 1522 1108 μολεῐ,
1806 1035 2182 1106 Γραμματέων
2215 1037 2368 1106 ὃμιλε
2396 1038 2488 1089 καὶ
2516 1037 2929 1109 πρεσϐυτέρωνί

140 1123 266 1177 1870
307 1125 465 1187 Τίνος
493 1124 538 1178 δ’
566 1125 741 1194 ἕκητι,
774 1125 1068 1194 συμϐαλεῖν
1101 1127 1224 1196 σάφ’
1265 1129 1364 1180 οὐκ
1400 1128 1527 1199 ἔχω.
1806 1123 1877 1178 Ὦ
1906 1128 2006 1196 τῆς
2034 1128 2282 1199 φονώσης
2317 1128 2523 1198 ὲργὰτα
2551 1127 2883 1198 τολμηρίαςί

141 1218 287 1268 Ἥκω
315 1218 360 1269 δ’
400 1217 639 1280 ἀκούσας
668 1218 727 1270 οὐ
759 1217 960 1287 τορῶς·
1017 1220 1171 1288 φήμη
1211 1219 1268 1271 δέ
1303 1236 1388 1282 τις
1805 1213 1877 1269 Ὦ
1906 1217 2284 1288 δραματουργὲ
2313 1216 2406 1269 τοῦ
2446 1219 2607 1286 φόνου
2639 1216 2731 1270 τοῦ
2758 1216 3061 1270 Δεσπότουί

137 1308 344 1359 Λαοῖσιν
373 1306 753 1375 ἐμπέπτωκεν,
789 1307 862 1370 ὼς
895 1309 1225 1361 κατάσκοποι
1807 1308 1945 1362 1885
1996 1309 2083 1370 Ὠς
2127 1309 2457 1379 συνιεὶςκμὲν
2491 1303 2576 1361 οἷα
2613 1309 2816 1378 τολμᾷς
2853 1308 3120 1378 ἀφρόνως,

138 1396 360 1451 Ἦκουσι
394 1399 604 1467 τάφουο
640 1401 690 1468 χ’
718 1400 747 1450 ὁ
781 1399 877 1468 μὲν
905 1400 1004 1452 οὐκ
1041 1399 1186 1466 ἰδὼν,
1214 1400 1358 1468 λέγει
1378 1415 1391 1428 ·
1808 1399 1942 1469 Λέξῃ
1973 1398 2123 1468 βέλος
2153 1399 2316 1469 δριμύ
2349 1417 2401 1452 τι
2429 1399 2568 1452 κατὰ
2612 1400 2862 1468 καρδίαν,

147 1485 201 1542 ’0
245 1489 289 1542 δ’
320 1488 539 1542 εἰσιδὼν
570 1489 879 1560 μολοῦντας,
908 1493 1009 1543 οὐκ
1038 1491 1150 1560 ἔχει
1173 1491 1382 1559 λέγειν·
1807 1490 2092 1542 Πάνδεινον
2120 1489 2298 1557 ἀλγῶν
2330 1489 2510 1555 ἄλγος.
2541 1491 2642 1542 Ἦν
2681 1489 2725 1540 δ’
2765 1490 2851 1560 ἄρ’
2880 1488 2958 1553 εἰς
2987 1487 3132 1549 τέλος

139 1580 267 1635 1875
317 1581 377 1633 '0
417 1581 463 1633 δ’
507 1581 702 1634 εἰδέναι
737 1576 909 1648 λέγῶν
935 1600 1008 1647 τι,
1040 1583 1263 1653 φράζειν
1295 1581 1354 1634 οὐ
1394 1579 1556 1636 θέλει.
1822 1582 1908 1634 Ἐν
1936 1578 2108 1633 τοῖσδε
2138 1580 2323 1651 μένῃς,
2351 1576 2430 1643 οἷς
2473 1580 2541 1634 τὰ
2570 1580 2664 1632 νῦν
2691 1579 2874 1642 κακῶς
2906 1577 3103 1648 μένεις,

641 1736 782 1807 Sent.
817 1735 949 1807 lpse_
966 1735 1170 1801 cernis,
1204 1735 1322 1805 ipsa
1351 1732 1818 1807 est_in7tus_domi.

713 1801 885 1860 Nunt.
921 1805 1146 1858 Domina
1176 1801 1373 1874 parens
1407 1803 1649 1873 Magistri
1675 1817 1811 1874 ante
1836 1801 2129 1874 plurimum
2168 1801 2374 1874 dilecti,

641 1875 781 1930 1865
817 1874 882 1927 Et
909 1890 1057 1945 nunc
1076 1872 1244 1929 affero
1274 1872 1601 1945 sermopem,
1635 1872 1728 1940 qui
1761 1882 1813 1926 te
1861 1873 2056 1945 merito
2083 1872 2297 1945 anxiam
2333 1886 2572 1945 curaque

643 1945 944 2000 Sollicitam
976 1944 1190 2008 habeat,
1215 1941 1619 2010 et'disoipulos,
1653 1950 1886 2009 tuasque
1909 1942 2259 1995 charissimas
2286 1941 2559 1997 mulieres.

642 2013 793 2081 Deip.
835 2014 1150 2082 Opportune
1179 2013 1397 2075 venisti,
1423 2011 2406 2082 quanquamterroremdenuntians.

643 2080 782 2148 Quid
815 2080 1030 2136 autem?
1062 2097 1128 2135 an
1169 2083 1350 2151 aliqua
1381 2096 1520 2135 nova
1558 2080 1842 2135 calamitas
1877 2081 2118 2151 ingruit?

645 2151 816 2207 Nunt.
852 2151 1152 2205 Numerosa
1179 2148 1376 2207 coliors
1405 2161 1612 2204 armata
1639 2151 1704 2203 ad
1735 2150 2001 2203 tumulum
2036 2148 2231 2219 pergit,

644 2223 782 2277 1870
821 2220 935 2286 Qua
962 2237 1092 2275 vero
1121 2221 1190 2275 de
1219 2235 1408 2282 causa,
1435 2221 1595 2274 facile
1618 2219 1889 2287 conjicere
1920 2234 2149 2286 nequeo.

647 2290 817 2346 Venio
839 2301 1018 2346 autem
1047 2291 1228 2344 audita
1259 2306 1317 2345 re
1341 2307 1444 2344 non
1470 2291 1756 2359 perspicue
1787 2306 1801 2343 :
1837 2302 2026 2342 rumor
2050 2297 2230 2342 autem

645 2359 908 2430 Populum
941 2362 1192 2429 pervasit,
1231 2361 1374 2429 quod
1396 2359 1765 2430 exploratores

646 2425 864 2484 Tu'muli
895 2425 1149 2496 veniunt;
1178 2437 1233 2484 et
1247 2425 1349 2498 'qui
1387 2425 1606 2498 quidem
1637 2445 1742 2483 non
1768 2425 1921 2488 vidit.
1959 2429 2072 2481 haec
2101 2426 2268 2492 dicit;

644 2499 748 2564 Qui
779 2513 906 2553 vero
932 2500 1234 2554 wnientem
1261 2498 1416 2562 vidit,
1449 2498 1499 2552 id
1534 2514 1643 2552 non
1676 2506 1853 2568 potest
1894 2498 2070 2568 loqui;

645 2570 782 2623 1875
810 2568 877 2621 Et
907 2569 998 2638 qui
1031 2584 1090 2623 se
1111 2570 1254 2623 scire
1278 2569 1353 2621 ait
1389 2568 1614 2637 aliquid,
1643 2584 1751 2621 non
1783 2570 1898 2622 vult
1924 2571 2120 2623 dicere.

646 2638 798 2693 Unus
829 2647 1008 2692 tamen
1031 2639 1164 2691 dixit
1199 2639 1408 2693 scribas
1447 2639 1767 2700 accessisse,

645 2706 811 2777 ldque
837 2707 1067 2773 hujusce
1092 2709 1340 2777 regionis
1372 2707 1585 2776 praesidi
1618 2706 1977 2775 persuasisse,

646 2775 1003 2848 lit—custodes
1032 2775 1282 2848 mitteret,
1318 2775 1380 2831 et
1400 2784 1749 2848 monumento
1775 2777 2011 2848 sigillum
2041 2785 2357 2846 apponeret,

645 2845 720 2899 Ne
750 2846 889 2900 forte
923 2854 1193 2899 nmrtuum
1229 2845 1540 2900 furarentur
1564 2845 1850 2915 discipuli}

645 2915 1094 2985 13161317
1135 2915 1274 2969 1880
1309 2915 1478 2981 Quam
1514 2915 1585 2968 ob
1613 2931 1725 2969 rem
1761 2918 1828 2968 ad
1862 2923 1914 2969 te
1942 2920 2065 2969 veni
2096 2917 2463 2971 nuntiaturus.

763 2989 864 3054 eip.
898 2985 942 3038 0
971 2986 1276 3038 sarcinator
1303 2986 1567 3038 malorum
1598 2985 1727 3038 mihi
1762 2985 2248 3048 intolerandorum,

644 3051 956 3109 Scribarum
985 3063 1039 3107 et
1062 3057 1336 3108 seniorum
1369 3056 1570 3111 coetus!

644 3121 688 3195 Q
711 3125 950 3195 audacia:
983 3123 1156 3178 caedes
1195 3125 1554 3195 perpetrantis
1585 3122 1797 3195 opifex!

645 3191 689 3247 0
718 3194 1058 3247 machinator
1088 3191 1238 3247 necis
1267 3191 1481 3247 Domini
1506 3195 1518 3246 l

645 3262 784 3333 1885
819 3261 1008 3328 Quale,
1036 3278 1156 3316 cum
1183 3264 1399 3316 noveris
1422 3273 1686 3331 quantum
1715 3261 1868 3319 nefas
1898 3262 2090 3318 insane
2120 3263 2445 3333 patraveris,

644 3331 877 3401 écutum
902 3333 1064 3387 telum
1093 3333 1146 3385 in
1171 3333 1334 3386 corde
1360 3334 1623 3401 excipies,

642 3397 961 3469 'Yehementi
992 3401 1272 3456 confectus
1301 3397 1514 3456 dolore'!
1544 3405 1588 3457 si
1613 3415 1742 3454 vero
1767 3416 1942 3469 usque
1967 3403 2033 3457 ad
2069 3402 2224 3456 ﬁnem

646 3467 705 3524 ln
740 3471 827 3526 his
868 3486 1209 3540 permaneas,
1243 3472 1300 3525 in
1335 3471 1533 3542 quibus
1558 3487 1716 3526 nunc
1749 3467 1891 3526 male
1923 3472 2159 3537 insistis,

219 3625 354 3680 1865
369 3625 843 3697 Amycitwrérréq
849 3627 1035 3697 μένει.
1055 3625 1132 3680 lta
1148 3626 1279 3682 ibid.
1297 3627 1498 3682 chorus
1525 3629 1720 3680 nuntio

1444 3643 1498 3682 [ιε
1525 3629 1720 3680 nuntio
1889 3626 2117 3697 Φύλαξιν
2149 3625 2531 3697 ἐμπέπτωκεν,
2565 3643 2642 3688 ως
2673 3645 3008 3697 κατασκυτιοι

155 3696 439 3780 respondet
463 3710 609 3780 vers;
635 3695 772 3780 H756
788 3717 823 3780 :7
849 3694 862 3697 ⁷
1126 3765 1138 3780 7

1896 3696 2140 3780 ’Ἢκὲυσς¹
2162 3694 2442 3780 ᾉχαιῶνςχ
2463 3696 2542 3764 χώ
2577 3697 2798 3780 μὲνιούὶι
2829 3694 3177 3780 εἰδῶς’λέγει,

364 3765 531 3838 αὐτὸς
552 3764 656 3838 ἔξω
678 3766 940 3835 δωμάτων
975 3765 1288 3838 πορεύεται.
1993 3765 2036 3838 87’
2070 3764 2281 3817 εἰσιδὼν
2316 3764 2595 3838 μολόντας,
2631 3768 2731 3818 οὐκ
2764 3767 2875 3835 ἔχει
2902 3767 3124 3837 φράσαι.

217 3833 837 3908 flle77ipse7egreditur'ex
858 3833 1079 3891 aedibus.
1605 3907 1616 3908 7
1677 3907 1685 3908 7
1903 3833 2061 3888 Venio
2083 3843 2255 3887 autem
2283 3833 2470 3888 audita
2504 3851 2559 3908 r_e
2582 3852 2682 3888 non
2706 3833 2972 3906 perspicue
2987 3853 3006 3901 ;
3044 3844 3233 3908 rumor
3255 3837 3392 3889 enim

217 3905 356 3959 1865
377 3906 487 3959 Καὶ
514 3904 631 3958 νῦν
655 3908 945 3974 μερίμνης
971 3915 1077 3960 etc.
1119 3913 1193 3958 Ita
1225 3921 1388 3976 supra
1417 3922 1562 3961 vers.
1591 3907 1719 3970 6H,

2084 3974 2091 3976 7
2365 3974 2372 3976 7
2523 3904 2534 3908 ’
2708 3975 2712 3976 7
2826 3904 2832 3906 V
2999 3973 3008 3976 7
3084 3905 3320 3976 [quidam

157 3983 208 4027 et
234 3975 454 4043 Hippol.
491 3990 633 4030 vers.
672 3973 830 4040 1157,
868 3978 1089 4030 nuntius
1114 3973 1323 4030 Theseo
1351 3977 1444 4030 filii
1481 3978 1566 4030 sui
1602 3979 1722 4030 obi-
1893 3974 2146 4031 Custodes
2164 3974 2395 4045 pervasit
2428 3977 2566 4045 quod
2596 3975 2953 4044 exploratores
2989 3973 3086 4027 huc

160 4053 268 4097 tum
298 4042 489 4098 rel'ert.
1909 4045 2151 4100 Venerin:
2184 4042 2486 4098 Grascorunt
2512 4063 2528 4096 :
2568 4059 2616 4099 et
2644 4042 2733 4103 (iui
2764 4045 2966 4113 quidem
2995 4061 3081 4097 eos
3114 4060 3214 4097 non
3246 4045 3395 4107 vidit,

227 4114 364 4168 1867
399 4115 507 4178 Εἰς
563 4115 789 4181 καιρόν,
825 4121 930 4169 etc.
983 4113 1058 4168 lta
1111 4114 1224 4170 fere
1262 4113 1419 4169 Rhes.
1470 4132 1614 4171 vers.
1655 4117 1724 4171 52

3003 4182 3008 4183 7
3027 4113 3146 4183 [hoc
3176 4113 3324 4176 dicit,

161 4180 360 4236 Hector
389 4184 560 4237 choro
590 4180 894 4250 reSpondet.
1901 4184 2005 4250 Qui
2037 4200 2153 4252 vero
2193 4185 2620 4252 uenientesvidil,
2659 4200 2760 4238 non
2786 4192 2951 4252 potest
2971 4180 3169 4238 dicere.

233 4253 360 4323 1871
401 4253 554 4323 Ἥκω
587 4252 639 4305 δ’
672 4256 962 4319 ἀκούσας,
994 4262 1099 4308 etc.
1137 4254 1228 4310 Sic
1257 4254 1385 4310 ibid.
1414 4271 1559 4310 vers.
1591 4255 1720 4320 656,

1905 4256 2039 4312 1880
2075 4251 2186 4305 Ὧν
2216 4254 2410 4308 οὕνεκ’
2443 4251 2655 4323 ἦλθον,
2683 4251 2794 4307 etc.
2826 4252 2916 4306 Sic
2954 4252 3109 4323 Rhes.
3129 4267 3267 4306 vers.
3294 4251 3399 4305 660

163 4321 481 4404 etc_.7,7Paris
504 4321 803 4404 7Min7ervain
833 4325 1163 4404 alloquitur;
1263 4395 1312 4404 __
1831 4325 2114 4404 Paris77ait
2164 4324 2267 4377 hac
2314 4323 2380 4378 de
2411 4321 2579 4378 causa
2629 4323 2696 4377 ad
2727 4324 3018 4377 tentorium
3057 4322 3305 4376 Hectoris
3343 4337 3400 4374 se

230 4392 392 4446 Ἥκω
421 4392 470 4445 δ’
492 4391 729 4456 ἀκούσας
749 4393 810 4444 οὐ
841 4391 1013 4460 τορῶς
1033 4410 1046 4424 ο
1077 4397 1231 4466 φήμη
1259 4395 1314 4448 δέ
1342 4412 1426 4457 τις

586 4391 729 4456 μύσας
749 4393 810 4444 οὐ
841 4391 1013 4460 τορῶς
1033 4410 1046 4424 ο
1077 4397 1231 4466 φήμη
1259 4395 1314 4448 δέ
1342 4412 1426 4457 τις
1832 4395 2150 4450 contulisse.

1466 4550 1800 4609 METRICA
1827 4549 2123 4609 VERSIO.

166 4669 324 4753 §7emi.
353 4669 423 4753 lit
450 4669 950 4753 ipse7cernis,_ipsa
973 4684 1034 4724 ea
1071 4677 1155 4753 es7t
1183 4670 1330 4750 intus
1362 4671 1529 4752 domi.
1771 4701 1813 4753 Β
1844 4669 2075 4753 Iantum
2103 4669 2248 4753 istud
2268 4669 2494 4735 addens,
2523 4667 2700 4724 Pontii
2733 4670 2945 4753 scribas
2974 4671 3194 4753 domum

168 4739 331 4794 Nunt.
371 4740 629 4795 Doctoris
657 4757 690 4796 0
729 4743 830 4795 mei
861 4756 1060 4809 parens
1090 4741 1428 4804 charissimi,
1771 4739 1812 4753 ⁸¹
1843 4739 2091 4798 l’etiisse.
2118 4749 2170 4792 et
2197 4740 2344 4791 illum
2382 4755 2542 4808 quem
2577 4756 2742 4808 penes
2764 4745 2854 4808 jus
2887 4752 2970 4795 est
2995 4741 3096 4794 loci

167 4810 226 4864 Et
257 4811 508 4871 domina,
540 4825 671 4863 cura
699 4827 840 4865 nunc
859 4812 954 4863 tibi
979 4819 1033 4862 et
1069 4820 1162 4863 tuo
1190 4810 1315 4862 hinc
1350 4811 1500 4879 gregi
1845 4811 2022 4869 Istius.
2061 4825 2124 4862 eo
2152 4809 2449 4877 impulisse.
2476 4824 2584 4877 quo
2605 4811 2900 4879 obsignans
2927 4827 3027 4865 suo

167 4879 406 4948 Apporto
437 4879 685 4948 dignum,
719 4890 774 4934 et
801 4880 1193 4948 providendum
1223 4884 1498 4933 nuntium.
1845 4879 2012 4948 Signo
2049 4879 2379 4948 sepulcrum,
2413 4880 2559 4948 illius
2597 4888 2650 4933 et
2681 4881 2984 4934 custodiam

169 4946 314 5016 Deip.
348 4946 640 5003 Metuenda
671 4946 923 5018 quamvis
950 4949 1190 5008 nunties.
1225 4951 1363 5002 bene
1389 4948 1636 5002 advenis.
1846 4946 2192 5009 [le—cerneret.
2228 4965 2293 5001 ne
2321 4946 2572 5016 discipuli
2606 4964 2669 5002 ea
2701 4948 2930 5003 forsitan

169 5018 302 5083 Quid
335 5020 559 5072 autem?
583 5035 650 5071 an
679 5020 860 5087 aliqua
897 5019 1179 5072 calamitas
1199 5033 1334 5071 nova
1365 5018 1602 5086 ingruit?
1843 5020 2082 5072 Cadaver
2111 5020 2293 5086 aliquo
2324 5027 2480 5072 nocte
2523 5018 2832 5072 clanculum
2880 5019 3124 5073 efferant.

172 5088 340 5158 ﬁunt.
369 5091 597 5141 Armata
623 5089 807 5158 prodit
827 5088 901 5158 ad
932 5089 1238 5156 sepulcrum
1263 5090 1496 5142 maxima
1845 5088 1956 5141 lioc
1989 5097 2204 5158 p'mpter
2234 5087 2395 5158 hujus
2427 5091 2651 5143 nuntius
2684 5089 2800 5142 veni
2831 5089 2946 5142 tibi.

168 5157 410 5211 Phalanx
440 5155 715 5221 virorum;
749 5157 908 5225 cujus
942 5166 1120 5210 autem
1147 5158 1341 5225 gratia,
1915 5155 2065 5226 Deip.
2091 5155 2139 5210 Ο
2168 5157 2295 5209 mibi
2331 5158 2594 5210 malorum
2624 5173 2730 5210 non
2756 5158 3099 5212 ferendorum
3131 5155 3398 5220 omnium,

169 5226 282 5297 lion
313 5227 593 5295 conjicere
612 5229 769 5297 plane
801 5243 981 5297 queo:
1025 5229 1250 5281 advenio
1284 5236 1460 5281 tamen
1843 5227 2114 5281 Corisutor
2145 5227 2341 5289 audax,
2375 5229 2532 5280 turba
2577 5228 2879 5280 scribarum
2908 5237 2962 5282 et
3000 5243 3192 5282 senum

170 5296 283 5367 μου
316 5299 436 5367 ipse
465 5296 624 5351 certe
644 5298 873 5351 nuntius
895 5296 972 5351 rei
994 5298 1219 5353 auribus
1275 5366 1278 5367 7
1508 5365 1516 5367 _
1847 5298 2271 5367 Letalis'auctor
2299 5297 2625 5366 perditwque
2653 5297 2913 5367 audaciae,

171 5363 468 5437 Perceptaz,
508 5374 562 5437 at
582 5368 724 5434 ejus,
759 5369 898 5420 fama
915 5382 1077 5435 quam
1112 5367 1165 5418 in
1200 5366 1390 5437 vulgus
1414 5365 1568 5430 serit,
1847 5368 2128 5434 Caedisque
2161 5363 2368 5420 Domini
2398 5369 2513 5420 dire
2539 5363 2854 5421 confector!
2891 5367 3042 5437 gravi

170 5434 371 5506 Adesse
392 5436 619 5504 jamjam
643 5438 738 5504 qui
759 5439 824 5490 ad
858 5434 1166 5506 sepulcrum
1200 5434 1319 5487 Filii
1850 5437 1989 5506 lctus
2013 5437 2222 5498 dolore,
2263 5452 2423 5504 quam
2459 5437 2667 5490 subibis
2699 5434 2917 5504 pectore

171 5505 558 5574 Custodientes
588 5507 859 5559 excubem
895 5505 1079 5559 :unus
1110 5506 1327 5573 quidem
1849 5505 2002 5558 Tunc
2028 5508 2190 5558 telum
2223 5513 2462 5563 acutum.
2497 5520 2619 5557 cum
2658 5507 2797 5560 scies
2821 5515 3080 5574 quantum
3114 5505 3264 5560 nefas

175 5573 230 5646 l_:l
256 5577 422 5646 dicit,
449 5582 649 5646 utnon
674 5575 868 5628 viderit
901 5585 1113 5639 tamen;
1145 5575 1285 5646 alius
1357 5645 1367 5646 7
1854 5574 2116 5646 Patraris.
2146 5575 2215 5626 At
2249 5577 2293 5628 si
2339 5576 2516 5644 pergis
2549 5575 2684 5639 hac,
2707 5591 2817 5643 quo
2841 5573 2902 5628 tu
2933 5576 3064 5646 pede

176 5643 274 5714 Qui
316 5644 457 5698 vidit
481 5643 610 5707 illuc
641 5653 787 5698 recta
815 5654 1030 5704 euntes,
1073 5660 1139 5697 ne
1163 5645 1218 5696 id
1242 5645 1460 5714 quidem
1857 5645 2105 5712 Cmpisti,
2139 5643 2511 5712 collem’prava
2544 5661 2664 5712 quae
2691 5661 2833 5698 nunc
2866 5643 2992 5700 sunt
3019 5647 3196 5714 sequi,

177 5713 365 5769 Dicere
394 5721 579 5783 potest
603 5751 615 5763 .
651 5721 706 5765 at
732 5729 924 5769 rursus
959 5715 1048 5768 ille
1076 5713 1169 5783 qui
1203 5713 1396 5770 asserit
1859 5714 1925 5783 [lt
1957 5716 2121 5768 stulta
2152 5714 2248 5767 tibi
2281 5730 2432 5767 mens
2463 5716 2620 5781 plane
2646 5723 2698 5767 et
2733 5730 2941 5780 aversa,
2976 5717 3184 5783 integra

179 5783 245 5840 Se
269 5782 437 5849 scire,
475 5798 585 5838 non
617 5784 734 5838 vult
764 5786 908 5852 quod
935 5785 1039 5840 scit
1071 5782 1250 5853 eloqui
1283 5801 1294 5836 :
1324 5801 1462 5840 unus
1493 5792 1578 5839 est
1856 5782 1975 5838 Tibi
2002 5785 2221 5840 sinistre
2252 5783 2520 5853 ]υ‹ιίροὺίε
2555 5785 2734 5852 omnia
2767 5803 2778 5836 :
