3960 6278
181 363 266 419 5i5
1159 361 1246 417 AD
1282 360 1588 417 CARMINA
1630 362 1690 418 S.
1727 359 2056 418 GREGORII
2086 360 2336 417 THEOL.

181 485 336 551 μεὶοις
364 478 460 532 τὸν
505 479 756 541 πλοῦτον,
796 480 857 532 τὸ
904 477 1147 547 ρυπῶδες
1190 477 1356 547 ῥάκος
1386 478 1465 541 εἱς
1506 478 1733 548 ἀτίμους

178 567 442 639 μαγείρων
475 569 878 639 ἀπορρίψαντες
920 571 1136 637 χεῖρας·
1169 567 1268 619 οὐκ
1311 566 1577 637 ἔμφρονος
1624 569 1734 638 γὰρ

177 657 471 727 ὁστρακίνῳ
509 659 957 728 προσφερόμενον
987 657 1412 726 ἀποπέμπεσθαι
1439 659 1643 722 σκεύει,
1672 658 1735 710 τὸ

177 748 498 813 γλυκύτατον
536 753 660 821 μέλι
688 755 781 805 καὶ
814 751 1100 822 ῥωστικὸν,
1130 751 1251 804 οὐδὲ
1277 750 1475 820 χρυσὸν
1513 752 1734 803 ἀποσεί-

176 838 353 889 σεσθαι
412 839 572 909 ράκει
630 842 1040 912 προσαγόμενον
1088 840 1478 910 εὐτελεστὰτῳ.
1539 840 1733 906 Ετξατε

174 926 208 976 Γ
213 928 470 998 ρηγορίῳ,
504 931 740 999 Χριστός
766 949 920 1001 φησι,
954 930 1033 1000 τῷ
1071 931 1208 1001 ἐμῷ,
1238 931 1304 982 δι’
1335 924 1409 983 ὧν
1446 932 1575 1001 ὑμῖν
1616 933 1734 983 ἐπι-

173 1015 370 1083 γίνεται
391 1036 404 1049 ·
438 1018 541 1072 κᾶν
587 1022 671 1073 ὃτι
717 1021 952 1089 μάλιστα
983 1021 1236 1090 μέγιστος
1273 1020 1367 1084 ὢν,
1402 1021 1502 1072 οὐκ
1539 1022 1732 1092 ἀπᾴδει

170 1106 436 1161 λαλεῖσθαι
462 1109 529 1162 δι’
558 1111 792 1163 εὐτελῶν
816 1128 830 1141 ·
867 1103 926 1163 οὗ
957 1111 1067 1182 γὰρ
1096 1113 1324 1174 ἐκεῖνος,
1359 1111 1474 1180 ἐγὼ
1516 1111 1596 1175 δὲ,
1628 1129 1730 1181 φη-

174 1200 269 1262 σὶν,
298 1202 328 1252 ό
363 1200 715 1270 λαλούμενος,
745 1201 802 1264 ὃς
829 1201 1079 1254 τοσοῦτον
1111 1201 1187 1253 ὢν
1214 1200 1418 1268 ἀγαθὸς
1457 1201 1575 1253 οὐδὲ
1607 1203 1734 1264 τοὺς

172 1290 369 1352 κακοὺς
413 1291 833 1362 άποπέμπομαι,
868 1292 1063 1361 δίδωμι
1099 1293 1155 1345 δὲ
1183 1292 1277 1345 καὶ
1305 1292 1464 1362 χάριν
1487 1294 1597 1353 τοῖς
1645 1293 1734 1344 αἱ-

170 1379 335 1442 τοῦσι,
364 1379 467 1432 κᾶν
497 1381 578 1433 ὅτι
605 1381 724 1433 λίαν
760 1375 862 1433 ὦσι
881 1381 990 1434 τῶν
1018 1381 1270 1436 εὐτελῶν.
1301 1381 1449 1451 Αὕτη
1473 1383 1506 1448 ἡ
1555 1380 1735 1450 βίϐλος

175 1470 420 1540 ἱστοριῶν
460 1471 762 1542 Γρηγορίω
810 1472 902 1525 τοῦ
943 1473 1226 1542 Θεολόγου,
1256 1468 1641 1539 Μαρτυρίτης
1676 1471 1732 1524 δῖ

172 1560 336 1628 ὄνομα
365 1561 562 1631 ταύτῃ.

237 1651 464 1702 Πάντων
492 1651 550 1701 δὲ
584 1651 778 1722 μέχρις
801 1652 1030 1724 ἐσχάτου
1058 1650 1281 1720 χιτῶνος
1299 1651 1392 1704 καὶ
1419 1651 1729 1722 σπείρατος,

169 1739 320 1791 ὢνιον
366 1739 708 1792 άντιλάϐοιτο
729 1727 919 1792 τοῦτον
943 1739 1202 1811 ἔμπορος,
1236 1741 1385 1803 ὅστις
1417 1741 1619 1803 πυκνὸς
1663 1740 1734 1793 τὰ

169 1829 512 1898 βουλεύματα
540 1828 721 1891 καλῶς
753 1829 909 1891 εἰδὼς
955 1831 1459 1900 πραγματεύεσθαι,
1496 1833 1610 1894 τοῖς
1633 1833 1733 1900 τῆς

170 1920 296 1980 ἰδίας
339 1919 824 1989 ἐνστερνισάμενος
875 1919 931 1971 δὲ
985 1921 1211 1988 καρδίας
1260 1921 1586 1991 ἐναποοήσει
1638 1938 1735 1972 τα-

169 2010 360 2078 μείοις,
403 2011 480 2072 ὡς
514 2011 580 2063 ἂν
608 2010 944 2078 κεκτημένος
973 2012 1134 2078 μόνον
1166 2009 1394 2064 πλοῦτον
1421 2011 1570 2081 παρὰ
1604 2012 1737 2063 πάν-

163 2119 278 2164 τας,
314 2103 426 2154 ἀπὸ
456 2102 674 2153 πάντων
703 2101 860 2165 δόξαν
891 2101 1042 2170 σχοίη
1078 2102 1318 2171 μεγάλην
1338 2119 1352 2133 ο
1394 2101 1573 2172 βίϐλος
1596 2103 1736 2154 ἱστο-

168 2192 293 2260 ριῶν
342 2187 418 2245 ὧν
452 2193 697 2262 ἐμνήσθη
752 2192 1051 2263 Γρηγόριος
1084 2195 1111 2245 ὁ
1146 2177 1498 2262 Θέοῤῥήμων,
1520 2194 1576 2244 ἐν
1623 2195 1736 2255 τοῖς

165 2280 459 2349 ἐμμέτρως
493 2281 643 2349 αὐτῷ
690 2281 1020 2350 εἰρημένοις,
1060 2277 1122 2330 ἔκ
1150 2294 1212 2330 τε
1233 2280 1332 2348 τῆς
1379 2278 1734 2332 θεοπνεύστου

164 2368 390 2436 Γραφῆς
436 2368 529 2420 καὶ
562 2367 672 2420 τῶν
720 2366 942 2430 ἔξωθεν,
984 2367 1125 2418 κατὰ
1165 2365 1257 2418 τὸν
1300 2367 1736 2437 προτεταγμένον

162 2456 355 2525 εἱρμόν
377 2474 392 2486 ·
419 2455 636 2525 πρῶτον
668 2455 768 2525 μὲν
801 2450 894 2507 οὖν
925 2453 1340 2523 σημειώσασθαι
1373 2455 1480 2525 χρὴ
1507 2456 1582 2518 ὡς
1604 2455 1735 2508 ἐκά-

164 2559 288 2594 στου
321 2544 486 2610 λόγου
520 2542 641 2595 καθ’
667 2543 854 2612 εἱρμὸν
882 2545 1019 2594 εἱσιν
1049 2543 1364 2610 ἰδιοτρόπως
1386 2545 1440 2595 αἱ
1467 2545 1699 2614 ἱστορίαι
1719 2559 1733 2572 °

163 2634 256 2686 καὶ
285 2633 400 2703 γὰρ
431 2633 660 2694 ἔκαστος
686 2632 808 2685 καθ’
834 2633 1024 2684 ἐαυτὸν
1055 2632 1191 2700 μετὰ
1213 2632 1321 2685 τῶν
1348 2633 1565 2685 οἰκείων
1597 2636 1740 2686 ἱστοι

162 2722 294 2793 ριῶν
322 2722 630 2790 ἀφῴρισται
649 2738 662 2750 ·
705 2724 930 2790 σημεῖον
959 2720 1014 2771 δὲ
1038 2720 1136 2789 τῆς
1160 2719 1421 2790 διαφορᾶς
1450 2719 1570 2772 ὅθεν
1599 2738 1740 2789 παρ⁸

161 2813 324 2882 ἦκται
359 2813 394 2881 ή
429 2811 664 2881 ἱστορία,
707 2809 863 2862 τοῦτό
899 2813 1035 2862 ἐστι’
1055 2809 1196 2863 κατὰ
1230 2810 1504 2879 κεφαλῆς,
1551 2813 1605 2862 αἱ
1641 2811 1738 2878 μὲν

159 2898 259 2967 τῆς
284 2899 440 2961 Θείας
469 2898 692 2968 Γραφῆς
730 2897 915 2966 ἔχουσι
941 2898 1041 2966 τὴν
1063 2899 1185 2951 κατ’
1219 2896 1341 2961 ἔθος
1383 2898 1629 2968 νυγμήν’
1683 2899 1738 2951 αἱ

159 2989 214 3042 δὲ
243 2990 356 3043 τῶν
396 2988 596 3053 ἔξωθεν
625 2989 847 3059 ὁμοίως,
879 2989 969 3042 τὸν
992 2989 1112 3042 κατ’
1143 2989 1262 3054 ἔθος
1290 2989 1568 3042 ὀϐελίσκον
1597 2991 1736 3060 ὑπὲρ

159 3081 442 3150 κεφαλῆςο
488 3081 546 3132 ἐν
573 3079 630 3132 δέ
660 3083 727 3150 τῇ
755 3080 1034 3151 ἐξηγήσει,
1064 3079 1326 3151 πρόδηλός
1347 3082 1497 3133 ἐστιν
1530 3082 1559 3133 ό
1583 3079 1738 3148 λόγος

159 3171 218 3222 ἐν
241 3164 400 3240 ᾧπερ
430 3172 462 3239 ὴ
490 3170 698 3241 ἱστορία
717 3187 730 3200 ·
785 3173 957 3223 πᾶσαι
989 3169 1045 3222 δὲ
1076 3171 1198 3223 καθ’
1248 3171 1440 3241 εἱρμὸν
1472 3171 1737 3228 ὑποτεταυ

159 3259 366 3329 γμέναι
395 3261 605 3312 κεῖνται
635 3261 1076 3330 προτεταγμένου
1108 3260 1200 3313 τοῦ
1227 3262 1430 3329 στίχου,
1459 3261 1524 3313 δι’
1557 3256 1616 3314 οὗ
1640 3261 1739 3330 τὴν

163 3349 411 3418 ἱστορίαν
445 3349 767 3418 παρήγαγεν
785 3351 812 3400 ὁ
839 3349 1047 3420 Θεοῤῥή
1059 3367 1172 3417 μων
1197 3350 1494 3419 Γρηγόριος
1511 3365 1524 3378 ο
1549 3349 1736 3402 σκοπῶ

159 3438 215 3490 δέ
247 3441 312 3492 τὸ
349 3439 471 3500 τοῖς
514 3437 926 3509 παιδευομένοις
971 3439 1239 3508 εὔληπτον
1291 3439 1629 3508 καταστῆσαι
1675 3440 1736 3492 τὸ

162 3529 557 3598 πραττόμενον.

3298 358 3406 414 556

1901 478 2144 550 Τρισσὴν
2180 478 2290 548 γὰρ
2318 476 2566 531 ἐντεῦθεν
2593 476 2864 547 ὠφέλειαν
2897 479 2922 533 ό
2957 477 3262 551 Γρηγορίου
3287 482 3411 542 ταῖς

1835 567 2040 638 βίϐλοις
2077 569 2422 638 ἐντυγχάνων
2461 569 2771 640 καρποῦται
2795 587 2807 600 ·
2843 571 3056 640 πρῶτον
3084 570 3181 638 τὴν
3213 569 3410 644 πεῖραν

1832 659 1941 710 τῶν
1972 658 2170 725 λέξεων
2192 659 2288 712 καὶ⁵
2320 663 2419 730 τῆς
2444 660 2793 723 καλλιεπείας
2825 662 2924 730 τὴν
2950 660 3156 731 μοῦσαν
3174 677 3190 694 ·
3229 661 3412 713 δεύτε-

1835 763 1927 816 ρον
1957 747 2017 798 τὸ
2060 746 2199 816 μετὰ
2238 748 2338 817 τῆς
2382 747 2726 812 καλλιεπείας
2771 752 2890 811 ταῖς
2922 749 3094 811 θείαις
3123 750 3217 801 καὶ
3246 749 3414 818 οὐρα.-

1834 835 1974 898 νίαις
2010 836 2244 896 ἐννοίαις
2265 835 2649 906 οὑρανοπορείν
2680 837 3086 907 συγγινόμενον,
3111 840 3207 891 καὶ
3235 839 3412 892 πάντα

1831 928 1946 988 τοίς
1977 929 2188 995 νοεροῖς
2218 926 2430 997 ὄμμασι
2467 927 2706 997 βλέπειν,
2739 931 2839 982 ὅσα
2861 930 2981 981 καθ’
3015 929 3409 1000 ὑπερουρανίου

1835 1015 2210 1084 στερεώματος
2271 1016 2464 1086 μέχρις
2519 1018 2691 1086 αὐτῆς
2746 1018 3022 1089 (εὐμενὴς
3075 1019 3234 1085 γενοῦ
3280 1035 3410 1089 μοι,

1833 1104 2057 1174 Χριστέ)
2088 1106 2186 1175 τῆς
2219 1105 2441 1176 πρώτης
2472 1106 2561 1175 ὑφ’
2585 1108 2784 1178 ἑαυτῆς
2818 1110 2911 1161 καὶ
2940 1110 3107 1179 μόνης
3143 1112 3412 1182 γνωριζοο

1837 1195 2005 1264 μένης
2031 1197 2271 1258 ἀκτῖνος,
2303 1197 2400 1268 τῆς
2419 1198 2816 1268 τρισσοφανοῦς
2847 1201 2905 1251 ἐν
2936 1203 3032 1269 μιᾷ
3062 1201 3238 1270 φωτὸς
3268 1220 3412 1274 μαρ-

1836 1287 2057 1354 μαρυγῇ
2112 1285 2520 1356 συνερχομένης
2564 1286 2839 1357 θεότητος,
2878 1289 3023 1357 λέγω
3063 1291 3126 1361 δὴ
3159 1292 3253 1344 καὶ
3300 1293 3412 1346 τῶν

1836 1374 1951 1443 μετ’
1985 1375 2198 1445 ἐκείνην
2229 1377 2324 1430 καὶ
2365 1379 2494 1447 παρ’
2533 1380 2748 1448 ἐκείνης
2786 1381 2856 1433 τὰ
2886 1381 3114 1454 δεύτερα
3141 1385 3239 1454 τῆς
3270 1402 3416 1453 φωτ-

1834 1467 2058 1534 αυγείας
2102 1468 2562 1538 κεκληρωμένων,
2597 1471 2827 1542 οὐρανοῦ
2861 1489 2922 1524 τε
2961 1474 3068 1543 μὴν
3113 1475 3278 1527 αὐτοῦ
3319 1477 3414 1529 καὶ

1832 1560 1941 1611 τῶν
1994 1561 2052 1611 ἐν
2091 1560 2239 1630 αὐτῷ
2288 1559 2626 1630 θεουργικῶς
2678 1563 3009 1631 ἱδρυμένωνο
3059 1565 3162 1634 γῆς
3209 1582 3270 1617 τε
3315 1565 3412 1619 καὶ

1835 1649 2132 1721 θαλάσσης,
2161 1652 2256 1704 καὶ
2282 1651 2390 1703 τῶν
2422 1653 2478 1704 ἐν
2512 1653 2697 1714 αὐτοῖς
2724 1653 2878 1716 ζώων
2897 1671 2955 1706 τε
2980 1654 3073 1707 καὶ
3098 1654 3409 1725 καθύγρων,

1834 1740 2081 1805 ἐναλίων,
2123 1741 2413 1811 χερσαίων,
2456 1741 2755 1812 ἀμφιϐίων,
2804 1745 3025 1813 ἀερίων,
3079 1746 3272 1815 μέχρις
3316 1746 3415 1800 αὐε-

1834 1826 1944 1879 τῶν
1989 1827 2346 1897 ὑποχθονίων,
2399 1831 2494 1881 καὶ
2549 1830 2658 1882 τῶν
2692 1831 2810 1882 ἔτι·
2861 1832 3044 1900 τρίτον
3084 1832 3140 1884 δὲ
3185 1833 3246 1884 τὸ
3291 1837 3414 1897 ταῖς

1839 1916 2103 1986 ἱστορίαις
2130 1918 2500 1986 ἐντυγχάνειν,
2534 1915 2628 1974 καὶ
2659 1922 2726 1989 τῇ
2756 1924 3050 1991 προγραφῇ
3081 1922 3188 1974 τῶν
3212 1923 3414 1994 στίχων

1834 2006 2057 2076 ὀξύτητι
2083 2007 2202 2068 νοὸς
2219 2009 2354 2076 πρὸς
2378 2010 2559 2060 πᾶσαν
2581 2009 2904 2078 ἀνατρέχειν
2926 2011 3022 2079 τὴν
3045 2015 3409 2082 κατασκευὴν,

1836 2098 1930 2148 καὶ
1956 2099 2022 2166 τῇ
2047 2096 2156 2148 τῶν
2183 2097 2437 2166 ἱστοριῶν
2478 2097 2720 2168 ποικιλίᾳ
2745 2099 3044 2168 τέρπεσθαι
3072 2101 3211 2154 κατὰ
3233 2101 3413 2173 ψυχὴν

1837 2187 2118 2256 ἡδόμενον,
2147 2189 2240 2240 καὶ
2272 2192 2467 2256 πεῖραν
2509 2189 2901 2259 συναθροίζειν,
2929 2191 3024 2242 καὶ
3051 2191 3191 2261 πρὸς
3224 2192 3285 2245 τὸ
3325 2193 3414 2246 u-

1835 2289 1954 2340 γειν
1982 2291 2050 2340 γυ
2060 2274 2607 2343 μνά·ζεσθαι,πάντων
2637 2292 2695 2327 τε
2722 2277 2828 2328 τῶν
2852 2279 2944 2330 ἀπ’
2969 2279 3166 2342 αίῶνος
3200 2279 3414 2351 θαυμα-

1837 2360 2079 2429 ζομένων
2125 2360 2473 2430 πειραθῆναι,
2505 2362 2597 2414 καὶ
2626 2363 2725 2433 τῆς
2760 2362 2854 2415 τοῦ
2903 2364 3035 2416 Θεοῦ
3077 2367 3206 2435 περὶ
3236 2368 3411 2421 πάντα

1838 2450 2092 2517 προνοίας
2117 2466 2178 2502 τε
2200 2450 2293 2503 καὶ
2322 2450 2682 2523 διεξαγωγῆς,
2707 2453 2802 2505 καὶ
2817 2454 2915 2522 τῆς
2947 2455 3025 2517 είς
3061 2455 3210 2524 ἡμᾶς
3238 2457 3409 2510 ἀνεκο

1837 2539 2080 2608 φράστου
2125 2539 2534 2611 φιλανθρωπίας
2576 2543 2637 2594 τὸ
2696 2543 2925 2611 μέγεοος
2969 2544 3303 2611 ἐπιγνῶναν
3343 2546 3413 2599 δι’

1836 2623 1909 2681 ὧν
1940 2631 2193 2682 ἁπάντων
2219 2632 2497 2700 ἐπιτυχεῖν
2525 2632 2732 2686 δύναιτ’
2764 2633 2828 2686 ἂν
2849 2633 2942 2686 τοῦ
2965 2633 3102 2686 Θεοῦ
3121 2649 3135 2662 ο
3165 2635 3279 2702 φῶς
3303 2643 3412 2710 γὰρ

1838 2721 1867 2771 ὁ
1897 2721 2047 2784 Θ-ὺς,
2082 2723 2142 2774 ἐν
2169 2722 2225 2774 δὲ
2246 2722 2322 2791 τῷ
2347 2724 2487 2791 φωτὶ
2521 2725 2624 2790 τῆς
2653 2724 2908 2791 γνώσεως
2935 2724 3126 2793 ὄψεταί
3155 2742 3238 2788 τις
3271 2731 3413 2794 φῶςο

1839 2809 2011 2861 ταῦτα
2055 2811 2153 2878 μὲν
2186 2814 2301 2875 τοῖς
2341 2811 2803 2882 φιλογρηγορίοις,
2838 2813 2932 2876 οὓς
2957 2813 3051 2866 καὶ
3078 2812 3358 2881 φιλοθέους
3384 2817 3414 2869 ὁ

1839 2902 1939 2968 τῆς
1989 2900 2246 2968 ἀληθείας
2297 2902 2484 2970 σαφῶς
2530 2902 2881 2965 ἐξεπίσταται
2927 2901 3115 2970 λόγος·
3151 2899 3305 2964 αὖθις
3362 2913 3419 2965 δὲ

1843 2990 1978 3059 πρὸς
2022 2991 2152 3044 ἄλλο
2187 2991 2453 3061 βλέψομεν
2500 2993 2724 3062 πόνημα
2770 2995 2892 3055 ταῖς
2937 2993 3242 3064 Γρηγορίου
3284 3009 3423 3063 πρε-

1843 3079 2051 3142 σϐείαις
2078 3081 2485 3152 τεθαρρηκότες
2502 3099 2516 3113 ο
2553 3083 2668 3134 ἔστι
2690 3083 2744 3134 δέ
2767 3083 2828 3134 τὸ
2851 3085 3179 3150 συναγαγεῖν
3213 3085 3270 3144 ἐς
3282 3099 3421 3136 ταυ-

1838 3168 1931 3221 τὸν
1971 3169 2149 3240 ἇσπερ
2196 3173 2354 3234 αὐτὸς
2399 3171 2671 3241 μέμνηται
2713 3171 3096 3240 φυσιολογίας⁶
3145 3169 3244 3224 εἷθ’
3290 3172 3422 3242 ἐξῆς

1840 3260 1940 3311 ὅσα
1981 3261 2109 3329 περὶ
2157 3261 2417 3329 διχρόνων
2465 3262 2556 3313 καὶ
2585 3261 2782 3331 τέχνης
2823 3262 2918 3313 καὶ
2949 3262 3424 3330 ποιότητος,στοι-

1842 3349 2005 3420 χείων
2057 3349 2382 3420 συμφώνων,
2432 3352 2524 3404 καὶ
2572 3351 2891 3421 διαιρέσεως
2927 3352 3272 3420 φωνηέντων,
3324 3343 3423 3404 ita).

1846 3438 2026 3490 ἄλλων
2073 3440 2352 3508 ὀνομάτων
2379 3441 2635 3512 διαφόρου
2683 3443 2980 3510 σημασίας,
3021 3441 3330 3511 ἐπιχωρίων
3359 3457 3420 3494 τι

1844 3529 2043 3594 λέξεων
2082 3531 2366 3598 Ἀττικῶν,
2395 3532 2486 3584 καλ⁷
2515 3530 3052 3600 ἐπιτετηδευμένων,
3082 3531 3178 3582 καὶ
3219 3529 3330 3582 τῶν
3360 3529 3421 3594 ἐξ

161 3697 282 3737 nem
318 3682 604 3738 sordidum
637 3680 867 3751 impuris
900 3694 1200 3752 coqnorum
1238 3680 1525 3750 relinquite
1555 3681 1849 3735 manibus:
1892 3684 2031 3737 haud
2073 3684 2217 3737 enim
2262 3684 2524 3752 sapientis
2569 3695 2671 3745 est,
2715 3684 2818 3737 mel
2852 3682 3009 3752 dulce
3043 3697 3106 3736 ac
3139 3684 3406 3737 corrobo-

162 3768 316 3822 rans,
350 3753 409 3804 in
439 3766 569 3822 va_se
599 3759 839 3804 testaceo
868 3751 1112 3803 oblatum
1143 3763 1422 3822 respuere,
1462 3765 1638 3822 neque
1672 3767 1865 3822 aurum
1908 3754 1993 3822 vili
2045 3767 2224 3821 panno
2271 3751 2572 3805 involutum
2623 3754 2933 3822 repudiare.
2976 3751 3291 3822 imitamini.
3341 3754 3418 3805 ait

157 3821 445 3884 Christus,
490 3820 814 3888 Gregorium
870 3834 1075 3889 meum,
1107 3820 1321 3885 qualem
1355 3820 1507 3889 vobis
1535 3834 1655 3889 sese
1690 3821 2004 3887 przebuerit,
2038 3820 2332 3889 Siquidem,
2366 3820 2718 3889 quantumvis
2745 3836 2992 3889 magnus,
3026 3821 3302 3875 humiliter
3333 3823 3414 3873 ln-

159 3891 254 3959 qui
289 3905 404 3959 non
437 3887 655 3959 recusat
687 3907 698 3939 :
735 3904 840 3940 non
871 3888 959 3959 ille
994 3888 1162 3959 etaim,
1195 3890 1293 3959 ait,
1329 3887 1422 3939 sed
1461 3903 1560 3952 ego
1581 3888 1806 3959 loquor,
1843 3890 1936 3956 qui
1966 3892 2020 3944 in
2062 3887 2212 3943 tanto
2249 3887 2600 3959 perfectionis
2647 3887 2866 3959 fastigio
2897 3891 3413 3959 collocatusAntalos

164 3955 532 4030 tion_rejicio,
564 3956 657 4010 sed
697 3955 1282 4030 rogantibus._etiainsi
1317 3956 1594 4023 perexigui
1626 3956 1736 4009 sint
1765 3955 1948 4027 pretii,
1983 3961 2196 4014 veniam
2234 3955 2495 4014 concedo.
2527 3958 2624 4013 llic
2651 3955 2801 4013 liber'
2819 3959 3172 4012 historiarum
3201 3956 3414 4030 Grego-

158 4030 226 4080 rii
258 4025 530 4093 Theologi
574 4028 790 4077 nouiine
825 4023 1100 4092 margariti
1130 4024 1317 4093 venire
1350 4034 1608 4077 meri-tur.

231 4095 351 4148 lloc
389 4090 748 4162 margaritum
782 4090 974 4160 quovis
1007 4091 1200 4160 pretio,
1229 4092 1443 4146 etiarnsi
1489 4092 1657 4147 vestis
1691 4105 1755 4144 ac
1788 4090 2228 4213 tunicaed’actura
2258 4091 2373 4144 ﬁeri
2408 4093 2622 4155 debeat,
2658 4091 2761 4148 sibi
2798 4102 3078 4159 comparet
3115 4101 3325 4159 emptor
3361 4104 3417 4164 et

246 4163 508 4213 consiliis
537 4173 681 4213 recte
712 4164 788 4213 uti
826 4170 1009 4213 uueat.
1047 4161 1174 4213 imis
1203 4165 1440 4213 pectoris
1475 4161 1792 4213 recessibus
1824 4175 1987 4212 recon
2032 4171 2126 4213 at:
2159 4163 2238 4213 sic
2268 4162 2412 4213 enim
2443 4162 2703 4213 eximium
2734 4168 2925 4213 praeter
2970 4175 3160 4212 omnes
3194 4164 3416 4213 thesau-

159 4173 216 4218 ut
246 4161 681 4217 consiliisrecte
712 4164 788 4214 uti
826 4170 1009 4228 queat,
1047 4161 1174 4213 imis
1203 4165 1440 4227 pectoris
1475 4161 1792 4214 recessibus
1824 4161 2126 4213 recondat:
2159 4163 2238 4216 sic
2268 4162 2412 4214 enim
2443 4162 2703 4214 eximium
2733 4168 2925 4228 praeter
2970 4175 3160 4212 omnes
3194 4161 3416 4217 thesuué

159 4247 281 4300 rum
320 4230 618 4301 possidens
649 4245 844 4301 magno
878 4230 1231 4301 praecunctis
1266 4231 1470 4284 honore
1501 4231 1782 4301 allicieﬁtur.
1824 4228 1994 4301 Liber
2025 4229 2398 4301 historiarum,
2437 4230 2504 4282 de
2542 4231 2742 4298 quibus
2770 4228 3066 4301 Gregorius
3109 4229 3415 4301 Tlteologtts

155 4298 441 4355 disseruit
467 4300 523 4353 in
566 4298 902 4353 Carminibus
935 4298 1070 4358 suis,
1102 4313 1167 4349 ex
1198 4298 1481 4367 Scriptura
1512 4299 1779 4352 divinitus
1822 4298 2090 4367 inspirata
2126 4310 2179 4351 et
2220 4298 2437 4351 aliunde
2481 4307 2565 4352 est
2609 4299 2967 4366 compositus,
3025 4307 3185 4364 prout
3236 4298 3411 4355 neius

158 4386 347 4446 rerum
386 4369 719 4446 postulabat.
756 4367 998 4446 Primum
1031 4366 1646 4446 igiturostendendum,
1698 4366 2274 4446 quomodocujusqne
2309 4368 2504 4446 capitis
2534 4368 2774 4446 historia:
2821 4367 3086 4446 singulari
3131 4370 3291 4446 modo
3320 4385 3417 4446 co-

158 4435 416 4494 haereant
449 4454 462 4488 :
497 4438 710 4504 singula
736 4437 880 4488 enim
909 4451 1031 4488 cum
1060 4435 1176 4488 suis
1208 4437 1454 4490 historiis
1503 4438 1682 4505 capita
1703 4435 1771 4505 _in
1815 4436 2124 4503 semetipsis
2163 4435 2609 4488 c'oncluduntur:
2665 4443 2722 4487 ut
2765 4444 2945 4488 autem
2976 4435 3415 4505 indicetnriundo

156 4503 654 4576 qua:vis_historia
698 4506 1017 4576 deprompta
1053 4505 1142 4576 sit,
1191 4506 1255 4576 ad
1294 4520 1408 4567 eas,
1445 4503 1587 4572 quae
1616 4521 1647 4559 c
1695 4503 1976 4576 Scriptura
2020 4519 2175 4576 sacra
2233 4516 2360 4576 sunt
2407 4507 2727 4576 desumptte,
2774 4505 2989 4572 signum
3040 4505 3183 4571 quod
3228 4504 3415 4562 Grece

155 4573 606 4646 Mpqdicitur,
655 4574 721 4646 ad
767 4573 1389 4646 initium_appin_;_imus,
1439 4577 1503 4628 iis
1533 4583 1886 4646 autem,_qu:e
1931 4575 2149 4646 aliunde
2188 4575 2452 4646 originem
2499 4574 2726 4646 ducunt,
2775 4587 2904 4646 veru
2950 4576 3400 4646 anteposnimus;

158 4641 428 4716 poi-iniu
452 4644 814 4716 explicatione
855 4641 1144 4695 citavinius
1179 4643 1397 4716 librum,
1441 4660 1550 4712 quo
1583 4643 1788 4711 qumvis
1823 4644 2054 4716 historia
2097 4641 2452 4716 continelu_r:
2498 4641 2754 4716 denique
2782 4641 3010 4716 singula:
3049 4642 3290 4696 historia:
3335 4644 3410 4699 ita

159 4710 282 4768 sese
311 4712 559 4766 invicem
619 4711 919 4779 excipiunt,
959 4719 1017 4762 nt
1064 4725 1277 4778 semper
1302 4710 1501 4764 citetur
1540 4710 1752 4774 versus,
1787 4727 1817 4764 a
1855 4728 1964 4777 quo
2016 4710 2314 4778 Gregorius
2357 4711 2665 4779 Theologus
2702 4712 2988 4766 historiam
3029 4725 3262 4766 exorsus
3301 4722 3408 4771 est.

157 4785 437 4838 Caeterum
475 4782 608 4834 viris
641 4780 813 4834 doctis
846 4793 1081 4849 operam_
1098 4794 1272 4831 meam
1299 4781 1441 4833 haud
1468 4781 1830 4849 improbatum
1859 4781 1924 4849 iri
1952 4781 2184 4831 conlido.

227 4851 538 4919 Triplicem
567 4853 737 4911 enim,
771 4845 1022 4919 quisquis
1043 4846 1289 4919 Gregorii
1325 4850 1493 4903 libros
1513 4845 1732 4919 legerit,
1757 4848 1952 4902 exinde
1982 4849 2218 4900 [tunctum
2252 4847 2509 4919 percipiet
2536 4864 2550 4900 :
2586 4847 2820 4919 primum
2851 4845 3409 4919 quidem,_ver_boruut

161 4915 513 4975 intellectum
545 4927 600 4972 et
633 4915 948 4972 facetiarum
980 4915 1290 4985 ingenium;
1325 4915 1642 4981 secundum,
1689 4924 1747 4970 ut
1783 4933 1907 4970 cum
1942 4921 2232 4969 verborum
2274 4916 2540 4983 elegantia
2572 4915 2637 4985 ad
2686 4915 3024 4969 meditandas
3065 4931 3152 4970 res
3193 4917 3409 4975 dirinas

160 4991 432 5058 abreptus
471 4989 526 5038 in
562 4988 758 5041 caelum
788 4984 1160 5058 _ascendat_e_t
1190 4988 1368 5058 animi
1403 4987 1835 5058 oculisaspiciat
1878 5001 2224 5058 quaecunque
2258 4988 2311 5036 in
2357 4985 2566 5037 emlesti
2615 4984 2956 5058 ﬁrmamento
3002 4988 3310 5058 essistunt,
3345 4999 3408 5058 rt

160 5052 345 5125 ipsum
397 5058 700 5127 (prepitius
730 5055 862 5127 mihi
906 5065 1046 5127 esto.
1075 5052 1328 5127 Christe),
1377 5052 1720 5125 primarium,
1753 5070 1783 5127 a
1826 5052 2117 5122 semetipso
2148 5056 2321 5105 solum
2362 5061 2702 5127 perspectum
2752 5055 3159 5127 radiuintrina;
3199 5054 3405 5109 Divini-

163 5123 311 5186 tatis,
341 5123 616 5181 in"uuum
645 5125 865 5194 luminis
906 5123 1084 5176 locum
1117 5123 1395 5194 coeuntis;
1416 5135 1672 5194 praeterea
1699 5125 1862 5194 etiam
1893 5138 1955 5176 ea
1977 5139 2097 5191 qua:
2127 5133 2250 5194 post
2278 5132 2332 5194 et
2361 5139 2454 5190 per
2487 5123 2631 5174 illam
2661 5124 2931 5177 secundas
2969 5123 3189 5176 luminis
3220 5132 3404 5190 partes

161 5203 376 5260 tenent,
410 5195 618 5247 cmlum
656 5193 778 5246 dico
811 5193 988 5260 ipsum
1030 5202 1083 5245 et
1117 5208 1236 5260 qua:
1265 5193 1318 5244 in
1361 5191 1429 5247 eo
1467 5193 1727 5246 divinitus
1760 5193 1968 5243 lirmata
2001 5191 2148 5250 sunt.
2182 5191 2415 5258 denique
2450 5199 2652 5244 terram
2695 5200 2748 5243 et
2781 5207 2930 5245 mare
2969 5204 3020 5244 et
3066 5207 3403 5261 quotcunque

162 5264 235 5317 lbi
267 5273 406 5318 sunt
452 5262 733 5326 animalia,
782 5264 1076 5329 maritima,
1118 5264 1418 5327 terrestria,
1465 5261 1758 5329 amphibia,
1792 5261 2053 5318 volucria.
2088 5270 2248 5329 atque
2282 5261 2416 5313 adeo
2455 5276 2575 5328 qua:
2619 5262 2720 5312 sub
2769 5269 2911 5312 terra
2962 5262 3306 5327 reperiuntur
3347 5270 3402 5330 et

162 5336 414 5402 reliqua;
461 5332 704 5402 tertium,
734 5340 810 5391 ut,
841 5331 892 5402 in
924 5330 1176 5402 legendis
1221 5331 1487 5402 historiis,
1516 5345 1773 5402 versuum
1818 5329 2171 5402 dispositione
2207 5345 2418 5383 onmem
2471 5345 2664 5380 nexum
2713 5331 2824 5381 cito
2867 5338 3042 5381 mente
3061 5329 3402 5402 assequatur,

161 5397 531 5456 histbriarum
561 5400 822 5452 varietate
850 5399 1168 5460 delectetur,
1197 5400 1581 5466 experientiam
1613 5400 1852 5465 colligat,
1883 5398 1949 5450 ad
1977 5398 2267 5451 dicendmn
2297 5405 2635 5466 exerceatur,
2663 5413 3001 5466 quaecunque
3053 5397 3398 5462 admirationi

165 5486 414 5537 unquam
471 5467 627 5521 fuere
662 5476 983 5536 cognoscat,
1025 5465 1392 5537 deniqueDei
1428 5469 1504 5537 ad
1533 5468 1714 5519 omnia
1751 5474 2317 5537 spcetanteiu_curam
2362 5477 2413 5520 et
2449 5465 2862 5537 providentiam,
2891 5481 3014 5537 nec
3053 5483 3161 5520 non
3195 5469 3400 5520 amoris

163 5533 472 5593 inell'abilis
503 5537 612 5589 vim
643 5533 1020 5604 persentiscat.
1047 5533 1185 5600 Quid
1221 5538 1402 5589 omnia
1434 5536 1665 5589 eiIicicnt
1695 5543 1754 5586 ut
1783 5533 1956 5604 possit
1993 5535 2058 5589 ad
2095 5535 2258 5588 Deum
2301 5536 2560 5589 accedere
2587 5552 2599 5587 :
2640 5533 2782 5588 Deus
2814 5535 2958 5604 enim
2998 5545 3081 5588 est
3116 5538 3316 5597 lumen,
3349 5548 3401 5589 ct

162 5608 218 5662 in
248 5606 512 5683 scientiae
549 5603 758 5683 luniine
798 5604 997 5683 videbit
1028 5605 1228 5672 aliquis
1269 5607 1468 5683 lumen.
1521 5605 1644 5682 llaec
1679 5605 1893 5683 quidem
1929 5603 2173 5683 Gregorii
2203 5605 2415 5683 amicis,
2459 5618 2597 5672 quos
2634 5603 2815 5681 etiam
2847 5603 2939 5657 Dei
2985 5605 3190 5683 amicos
3222 5613 3407 5683 aperte

166 5677 415 5746 appellat
442 5674 697 5746 veritatis
711 5689 922 5746 sermo.
953 5672 1070 5726 Jam
1101 5688 1227 5726 vero
1253 5689 1349 5728 nos
1373 5673 1617 5746 Gregorii
1647 5672 1919 5746 ope__l'ieti,
1946 5672 2096 5746 aliud
2119 5674 2471 5746 dispiciemus
2501 5686 2661 5746 Opus,
2688 5672 2944 5746 nimirum
2976 5680 3031 5724 ιιι
3070 5673 3189 5739 ejus
3227 5672 3411 5740 diSpu-

168 5741 414 5801 tationes
463 5741 534 5797 ad
566 5742 966 5813 physiologiam
994 5746 1329 5815 pertinentes
1380 5744 1435 5798 in
1469 5758 1636 5796 unum
1670 5741 2013 5812 rcdigamus;
2066 5741 2262 5798 deinde
2292 5741 2539 5796 dicemus
2589 5742 2655 5795 de
2703 5742 3033 5812 ancipitibus
3062 5750 3116 5795 et
3141 5756 3419 5810 gramma-
