4010 6298
191 374 276 427 68!
1209 381 1274 434 IN
1311 381 1616 435 CARMINA
1671 376 1946 432 ARCANA
1987 375 2041 428 S.
2095 374 2436 429 GI‘IIIGOIIII.
3315 368 3424 425 032

200 519 3401 565 W

574 553 900 565 Μ

908 873 910 876 ,
995 708 1125 860 Ν
1131 706 1752 861 ΙΟΕΤΑΞ
1833 701 2613 861 DAVIDIS

1562 968 2088 1030 PARAPHRASIS

554 1146 1192 1244 CARMINUM
1231 1140 1960 1235 ABCANORUM
2020 1145 2115 1233 S.
2176 1144 2750 1241 GREGORII
2799 1147 3060 1238 NAZ.

849 1355 1015 1397 CURA
1100 1348 1371 1397 -ειιιηῡτί
1465 1350 1725 1393 DBONKB
1799 1350 1835 1389 Ε
1905 1351 2130 1393 CODICE
2226 1351 2432 1394 (IUSANI

1180 1348 1371 1397 ίΗΒῧτί
1465 1350 1725 1393 DBONKB
1799 1350 1835 1389 Ε
1905 1351 2130 1393 CODICE
2226 1351 2466 1394 CUSANO
2558 1353 2763 1396 EDITA.

1545 1492 1812 1556 (Gottingae
1835 1491 1971 1551 1840.
1997 1493 2085 1552 ιο.ι

1491 1825 2168 1917 PRZEFATIO.

245 2257 492 2313 Causam
520 2251 681 2322 hujus
711 2247 834 2305 libri
868 2240 1145 2301 emittendi
1173 2239 1316 2295 dedit
1352 2236 1483 2291 mihi
1513 2235 1678 2291 codex
1708 2234 2035 2289 bibliotheca:
2066 2230 2323 2294 Cusanaz,
2343 2233 2457 2302 qui,
2491 2248 2608 2286 cum
2646 2232 2849 2288 Nicetce
2879 2234 3091 2290 Davidis
3117 2253 3438 2295 commenta-

178 2349 320 2403 rium
350 2349 405 2402 in
442 2345 626 2400 omnia
659 2340 718 2397 S.
744 2338 983 2410 Gregorii
1037 2334 1376 2390 Nazianzeni
1418 2332 1677 2395 carmina,
1718 2343 1834 2398 qua:
1881 2327 1971 2380 ille
2011 2327 2116 2380 sibi
2163 2325 2558 2392 interpretanda
2605 2326 2814 2398 delegit,
2853 2337 3022 2382 totum
3054 2333 3335 2398 contineat,
3364 2337 3439 2389 ita

183 2448 530 2507 comparatus
554 2444 654 2501 est,
685 2442 743 2488 ut
767 2431 1178 2488 controversiam
1200 2429 1264 2481 de
1287 2427 1542 2494 scriptore
1575 2426 1790 2492 ejusque
1822 2437 1974 2489 opere
1993 2421 2239 2474 dirimere
2269 2434 2420 2486 posse
2454 2419 2716 2472 videatur.
2751 2419 2958 2474 Etenim
2992 2424 3043 2474 in
3079 2441 3267 2494 magno
3303 2430 3438 2480 scri-

183 2506 395 2596 ptorum
434 2542 659 2582 numero
710 2524 800 2593 qui
829 2537 1016 2575 nomen
1048 2517 1256 2571 Niceta:
1286 2516 1462 2582 ferunt
1499 2513 1570 2584 (v.
1603 2511 1905 2578 catalogum
1947 2525 2131 2562 eorum
2171 2509 2224 2561 in
2273 2507 2514 2561 Fabricii
2547 2506 2685 2561 Bibl.
2712 2507 2806 2562 Gr.
2841 2510 2944 2565 vol.
2989 2511 3114 2577 VII,
3144 2530 3198 2580 p.
3230 2516 3330 2568 747
3355 2518 3437 2568 ed.

187 2621 463 2690 Harles.),
513 2619 618 2672 duo
647 2626 771 2670 sunt
813 2615 902 2684 qui
936 2611 1396 2679 interpretationes
1426 2609 1480 2660 in
1518 2604 1775 2660 nonnulla
1820 2602 2058 2672 Gregorii
2091 2600 2429 2655 Nazianzeni
2458 2616 2616 2669 opera
2664 2603 3009 2669 scripserunt,
3050 2609 3186 2660 alter
3226 2609 3442 2664 Nicetas

192 2715 391 2779 Dauid,
424 2712 568 2766 alter
603 2708 822 2761 Nicetas
854 2705 1155 2776 cognomine
1188 2701 1387 2756 Ser-ron
1431 2700 1535 2753 sive
1577 2697 1955 2752 Serrariensis.
1992 2694 2071 2747 De
2107 2693 2296 2748 Niceta
2331 2693 2553 2771 Davide,
2589 2696 3057 2765 quiphilosophus,
3076 2698 3358 2755 historicus
3394 2715 3443 2756 et

181 2812 363 2866 rhetor
413 2804 736 2881 appellatur,
775 2801 879 2870 egit
911 2797 1181 2852 Martinus
1227 2794 1469 2849 Hankius
1503 2793 1557 2846 in
1604 2790 1738 2846 libro
1782 2791 1856 2846 De
1906 2789 2335 2861 Byzantinarum
2394 2802 2578 2881 rerum
2623 2790 3012 2858 scriptoribus.
3038 2807 3086 2844 c.
3127 2793 3215 2856 16,
3258 2811 3310 2862 p.
3339 2796 3447 2849 258

182 2917 324 2970 sqq.,
370 2915 406 2950 a
436 2878 544 2966 quo
575 2910 673 2946 sua
711 2889 861 2943 habet
896 2887 1178 2942 Fabricius
1204 2888 1240 2939 ι.
1268 2886 1330 2940 ι...
1374 2884 1663 2952 Episcopus
1688 2882 1790 2952 fuit
1813 2881 2080 2951 Dadybra:
2097 2881 2198 2951 (a),
2219 2896 2334 2949 qua:
2364 2878 2488 2933 urbs
2517 2879 2622 2934 sita
2664 2891 2777 2933 erat
2812 2882 2864 2934 in
2900 2881 3286 2954 Paphlagonia,
3313 2889 3450 2941 unde

185 2987 546 3058 Dadybrenus
567 2983 645 3037 vel
667 2979 938 3050 Paphlago
970 2979 1386 3048 cognominatur.
1433 2974 1573 3028 Vixit
1609 2974 1803 3028 sarculo
1844 2990 2003 3038 nono,
2043 2971 2131 3026 sed
2163 2987 2264 3040 quo
2302 2987 2440 3022 anno
2479 2979 2634 3022 natus
2669 2981 2761 3023 aut
2803 2983 3040 3026 mortuus
3087 2977 3179 3038 sit,
3231 2978 3448 3047 ignora-

182 3057 326 3131 mus.
366 3057 487 3127 Hoc
518 3077 727 3125 constat
753 3085 870 3123 eum
903 3064 1123 3121 mortem
1156 3065 1348 3119 abiisse
1389 3073 1505 3131 post
1537 3079 1732 3115 annum
1763 3060 1904 3125 880;
1947 3077 2071 3114 nam
2100 3059 2450 3125 irruptionem
2498 3059 2609 3112 illis
2644 3062 2962 3128 temporibus
2991 3082 3023 3116 a
3068 3065 3350 3122 Saracenis
3395 3071 3450 3123 ίη

182 3170 438 3226 Siciliam
477 3167 680 3236 [actam
712 3174 867 3233 atque
913 3162 1232 3216 eversionem
1270 3157 1663 3228 Syracusarum
1707 3157 1816 3224 ipse
1863 3163 2052 3207 narrat
2099 3154 2152 3206 in
2193 3152 2316 3206 Vita
2351 3149 2550 3222 Ignatii
2592 3154 2912 3219 patriarchte
2959 3156 3213 3224 (.‘plitani.
3247 3159 3454 3216 Prwter

197 3264 355 3317 Vitas
392 3259 500 3317 SS.
539 3257 822 3328 Hyacinthi
841 3264 891 3311 et
919 3253 1190 3308 Eustathii
1216 3253 1392 3307 editas
1433 3268 1466 3304 a
1497 3250 1566 3304 F.
1597 3250 1880 3318 Combe/is.
1910 3258 1958 3303 et
1986 3257 2177 3317 pra’ter
2211 3246 2386 3300 Vitam
2420 3246 2483 3301 S.
2517 3245 2720 3315 Ignatii
2753 3260 2894 3318 patr.
2945 3251 3063 3319 Cpl.
3107 3255 3240 3308 actis
3279 3259 3451 3310 conci-

185 3356 247 3410 lii
273 3355 526 3426 Cplitani
557 3353 734 3420 quarti
773 3350 912 3420 quod
940 3349 1138 3403 dicitur
1182 3347 1556 3401 aecumenicum
1599 3353 1846 3399 actarum
1883 3344 2139 3396 insertam
2169 3343 2380 3409 scripsit
2413 3342 2898 3411 interpretationem
2929 3346 3033 3398 sive
3074 3350 3453 3417 metaphrasim

183 3447 296 3499 τῶν
320 3445 657 3516 ἀπορρήτων
689 3439 840 3495 ὲπῶν
865 3437 1106 3507 Gregorii
1135 3435 1495 3489 Nazianzeni.
1530 3434 1752 3487 Nicetas
1786 3449 1905 3486 vero
1932 3433 2308 3495 Serrariensis,
2330 3432 2420 3500 qui
2451 3447 2514 3486 ex
2537 3433 2774 3500 episcopo
2804 3433 3086 3490 Serrorum
3115 3439 3170 3490 in
3201 3438 3454 3496 Macedo-

188 3539 278 3591 nia
293 3538 478 3606 prima
504 3533 835 3601 metropolita
854 3529 1127 3584 Heraclea:
1149 3527 1308 3582 Ponti
1327 3527 1384 3579 in
1411 3525 1636 3578 Thracia
1653 3524 1829 3592 factus
1853 3523 2048 3578 saeculo
2073 3523 2347 3576 undecimo
2369 3522 2439 3576 ad
2458 3523 2617 3592 ﬁnem
2650 3536 2887 3595 vergente
2906 3526 3088 3593 ﬂoruit
3117 3529 3186 3597 (υ.
3213 3528 3456 3585 Fabricii

191 3632 336 3685 Bibl.
373 3630 473 3686 Gr.
518 3627 686 3690 VIII,
720 3627 850 3689 451,
875 3633 924 3679 et
950 3623 1202 3678 Creuzeri
1234 3621 1577 3675 Meletemata
1608 3634 1639 3673 e
1669 3618 1963 3688 disciplina
1996 3619 2193 3688 antiq.,
2224 3635 2265 3682 ι,
2298 3618 2411 3688 Il),
2445 3622 2879 3674 commentarium
2909 3627 3119 3693 scripsit
3149 3626 3202 3678 in
3229 3627 3471 3691 sedecim;

186 3727 465 3778 orationes
510 3718 746 3789 ejusdem
782 3716 1023 3784 theologi.
1078 3712 1182 3767 Sed
1228 3729 1348 3765 cum
1394 3713 1572 3764 eodem
1621 3710 1948 3776 appellentur
1994 3711 2221 3774 nomine,
2252 3708 2454 3776 factum
2500 3718 2602 3772 est,
2653 3719 2712 3761 ut
2759 3712 2920 3765 etiam
2971 3717 3318 3783 metaphrasi;
3359 3721 3456 3773 illa

183 3831 308 3885 qua!
353 3822 437 3868 est
469 3809 693 3865 Davidis
735 3809 1050 3861 tribueretur
1080 3804 1406 3859 Serrariensi
1438 3800 1509 3872 (v.
1554 3800 1862 3856 Creuzeril.
1898 3801 1936 3855 ι.
1981 3815 2034 3862 p.
2075 3801 2165 3862 59.
2203 3817 2258 3854 η.
2304 3802 2355 3863 1,
2405 3809 2455 3854 et
2507 3799 2726 3854 Sclzcell.
2752 3800 2956 3857 Ilistor.
2992 3806 3095 3858 litt.
3140 3807 3316 3864 Grmc.
3367 3813 3452 3866 ed.

185 3923 364 3978 germ.
403 3920 519 3958 cur.
563 3900 865 3956 Schwarzio
900 3909 950 3952 et
983 3897 1235 3960 Pindero,
1282 3893 1403 3957 III,
1442 3893 1565 3956 176,
1597 3910 1650 3946 η.
1686 3891 1775 3961 I);
1812 3891 1949 3962 quod
1984 3908 2087 3945 non
2134 3894 2431 3955 miramur;
2459 3908 2582 3944 nam
2635 3908 2796 3961 neque
2826 3895 2988 3962 primi
3028 3897 3255 3953 editores
3295 3918 3456 3972 neque

186 4007 381 4067 postea
405 3995 687 4064 quisquam
707 3988 844 4056 quod
869 3988 1030 4041 sciant
1053 3985 1354 4055 diligentius
1378 3983 1512 4035 hanc
1537 3999 1646 4035 rem
1665 3982 2010 4050 investigavit.
2050 3981 2306 4035 Fortasse
2328 3981 2424 4035 hoc
2446 3982 2664 4053 ζήτημα
2683 3984 2801 4052 jam
2834 3987 3191 4053 persolverunt
3216 3998 3454 4049 monachi

193 4089 414 4143 ordinis
463 4084 520 4138 S.
560 4082 854 4147 Benedicti,
886 4080 1159 4134 novissimi
1199 4094 1415 4146 operum
1461 4075 1701 4145 Gregorii
1739 4075 2075 4129 Nazianzeni
2100 4077 2360 4140 editores;
2399 4078 2487 4130 sed
2516 4077 2743 4132 editione
2778 4096 2959 4134 eorum
2981 4083 3276 4154 interrupta
3312 4097 3453 4144 totus

187 4189 500 4252 apparatus
528 4180 582 4231 in
613 4174 898 4231 secundam
925 4183 974 4228 et
1004 4173 1218 4226 tertiam
1249 4181 1452 4239 partem
1478 4170 1606 4224 latet
1643 4172 1697 4224 in
1727 4172 1940 4224 scriniis
1969 4173 2145 4225 nescio
2178 4172 2330 4240 cujus
2360 4172 2681 4227 bibliotheca:
2702 4174 2798 4246 (b).

264 4272 527 4325 Ρτεηηιηι
554 4266 647 4322 sub
677 4264 882 4318 Niceta:
912 4262 1137 4317 Davidis
1172 4262 1383 4316 nomine
1417 4261 1611 4329 prodiit
1646 4260 1876 4329 exegesis
1902 4261 1954 4313 in
1996 4259 2329 4314 Tetrasticha
2368 4271 2418 4314 et
2452 4266 2774 4320 monosticha
2813 4267 3042 4326 Venetiis
3069 4276 3207 4341 apud
3252 4275 3453 4334 Franc.

189 4367 236 4422 Ζ
242 4375 475 4421 anetum
505 4381 556 4417 a.
592 4360 768 4425 I563;
801 4360 940 4413 hanc
976 4375 1096 4412 vero
1138 4357 1626 4424 interpretationem
1661 4371 1767 4409 non
1808 4371 1922 4408 esse
1947 4353 2151 4410 Nicen:
2185 4357 2328 4425 infra
2363 4357 2577 4412 docebo.
2609 4357 2741 4412 Tum
2769 4361 3002 4418 Iacobus
3047 4367 3240 4422 Billius
3282 4375 3457 4425 archi-

187 4459 479 4512 mandrita
505 4451 857 4508 Michaelinus
886 4459 1091 4530 partem
1131 4448 1497 4502 commentarii
1541 4463 1568 4500 e
1597 4446 1774 4500 codice
1817 4448 2108 4501 cardinalis
2151 4446 2335 4502 Sirleti
2372 4448 2556 4502 Latine
2600 4450 2768 4505 edidit
2816 4454 3046 4510 Parisiis
3080 4475 3130 4512 a.
3163 4458 3329 4529 l575’;
3365 4465 3456 4516 sed

188 4563 478 4607 auctorem
509 4548 663 4602 modo
695 4548 892 4615 Cyrum
917 4543 1314 4614 Dadgbrensem
1350 4543 1506 4594 modo
1548 4540 1747 4610 Cyrum
1794 4540 2041 4595 Nicetam
2081 4541 2474 4612 Dadybrensem
2515 4547 2773 4612 nominat,
2796 4548 2933 4616 quod
2973 4549 3112 4604 male
3146 4552 3295 4620 fecit;
3332 4571 3453 4608 nam

189 4649 376 4719 κῦρος
431 4661 534 4698 non
571 4653 651 4698 est
683 4659 868 4696 nomen
893 4641 1168 4709 proprium
1200 4639 1288 4692 sed
1316 4637 1532 4691 honoris
1557 4637 1744 4690 titulus
1775 4652 1869 4703 pro
1898 4637 2114 4707 κύριο;;
2147 4655 2191 4691 υ.
2235 4638 2444 4692 Barthii
2470 4639 2698 4695 Advers.
2721 4656 2775 4709 p.
2812 4643 2966 4706 1595,
2992 4660 3137 4712 quem
3174 4655 3351 4699 testem
3373 4651 3453 4700 ci.

190 4744 331 4797 tavit
370 4738 656 4792 Fabricius
693 4735 863 4800 VIII,
893 4735 1020 4800 451,
1050 4742 1100 4787 et
1145 4733 1403 4787 Villoison
1424 4729 1647 4786 Notices
1674 4731 1772 4785 des
1807 4746 2088 4787 manuscr.
2122 4732 2188 4787 de
2220 4733 2268 4785 Ia
2300 4731 2439 4787 Bibl.
2479 4734 2715 4798 nation.,
2765 4734 2886 4800 VII,
2916 4736 3308 4799 422,.Iacobsio
3335 4741 3454 4793 lau-

187 4835 364 4886 datus
386 4833 440 4884 in
473 4829 643 4882 indice
670 4826 1010 4895 Anthologiaa
1038 4823 1317 4894 palatina},
1347 4831 1396 4876 et
1430 4820 1681 4876 Creuzeri
1703 4821 1880 4875 Melet.
1915 4820 1966 4886 Ι,
1999 4821 2086 4875 Η.
2119 4821 2393 4877 Prteterea
2425 4824 2577 4877 illum
2599 4825 2856 4891 codicem,
2878 4843 2942 4881 ea:
2964 4844 3064 4896 quo
3089 4829 3283 4882 Billius
3308 4849 3454 4885 com.-

188 4924 524 4980 mentarium
552 4923 605 4974 in
649 4920 977 4974 Tetrasticha
1009 4917 1176 4972 edidit
1205 4925 1253 4970 et
1275 4918 1364 4986 qui
1389 4915 1625 4970 diversus
1669 4931 1779 4970 esse
1803 4915 2009 4969 videtur
2035 4934 2065 4969 a
2091 4915 2406 4985 Sirletiano,
2451 4921 2826 4989 interpolatum
2850 4924 3015 4991 fuisse
3047 4926 3268 4994 conjicio
3293 4944 3357 4982 ea;
3387 4929 3452 4983 iis

188 5035 318 5088 quea
348 5013 684 5089 legunturad
717 5011 1048 5066 Tetrasticha
1078 5009 1130 5073 8,
1165 5007 1252 5073 Il,
1285 5008 1378 5070 57,
1405 5007 1494 5061 47.

268 5114 420 5168 Dum
454 5109 650 5162 Billius
681 5109 734 5161 in
761 5105 936 5159 Gallia
966 5121 1155 5159 novam
1184 5103 1424 5173 Gregorii
1451 5102 1788 5157 Nazianzeni
1814 5120 2029 5172 operum
2057 5104 2338 5160 editionem
2360 5109 2607 5177 adornat,
2629 5112 2866 5167 eumdem
2890 5113 3120 5169 laborem
3155 5119 3206 5170 in
3235 5119 3453 5174 Cerma-

189 5207 291 5257 nia
324 5200 554 5267 suscepit
582 5196 816 5277 Joannes
844 5195 1242 5257 Leuvenclaius,
1275 5203 1431 5262 atque
1465 5193 1510 5246 is
1525 5195 1642 5262 jam
1670 5203 1791 5248 ante
1813 5195 2036 5249 Billium
2066 5206 2287 5252 verterat
2318 5203 2750 5255 commentarium
2779 5204 2832 5256 in
2856 5209 3140 5261 sententias
3169 5212 3455 5279 τετραστί-

193 5311 352 5369 κους,
398 5307 577 5346 verum
610 5306 737 5344 casu
778 5289 954 5358 aliquo
1000 5289 1251 5341 amiserat
1289 5287 1773 5356 interpretationem
1812 5303 1973 5355 neque
2017 5290 2118 5356 ipsi
2152 5290 2222 5344 ad
2261 5301 2450 5347 manus
2488 5293 2590 5360 fuit
2621 5295 2892 5364 exemplar
2935 5296 3195 5362 Gra'cum,
3253 5301 3317 5352 de
3351 5319 3454 5371 quo

192 5399 336 5439 nova
368 5379 583 5435 institui
607 5387 802 5447 posset,
833 5388 892 5432 ut
922 5379 1031 5445 ipse
1069 5377 1266 5438 fatetur
1305 5379 1358 5431 in
1389 5377 1641 5445 prooemio
1671 5386 1798 5431 tom.
1829 5375 1928 5430 ΙΙΙ
1958 5380 2204 5434 editionis
2237 5379 2461 5448 Latinae,
2498 5398 2614 5452 qua:
2651 5384 2846 5452 prodiit
2888 5385 3116 5441 Basilea:
3157 5404 3223 5441 ex
3251 5391 3455 5450 oﬂicina

278 5551 1483 5630 (α)-ΕξείἀίυΔΨ-υῴῑε.ηεττῃυῙ-ἱημΝἰεθιω
1512 5551 1795 5608 ῦὴοηὶειῑω
1846 5549 2090 5608 Historia
2128 5554 2338 5626 imperii
2373 5556 2547 5610 Alexii
2572 5553 2847 5624 Comneni,
2893 5555 3063 5612 Isaaci
3110 5557 3296 5630 Angcli
3345 5557 3453 5615 fra-

193 5621 409 5685 mm,
455 5622 504 5685 7,
531 5637 586 5690 p.
615 5622 719 5676 694
744 5623 831 5677 ed.
867 5622 1021 5675 Imm.
1049 5623 1298 5678 Bekkeri.

198 5692 365 5817 “Jb;
379 5691 714 5814 7Uté‘glrr'rque
740 5690 984 5746 Nicetam
1016 5707 1116 5762 pro
1147 5708 1257 5752 uno
1279 5692 1547 5752 eteodem
1584 5692 1896 5751 habuerunt
1914 5692 2253 5753 Benedictini
2294 5695 2555 5756 editores.
2594 5695 2730 5753 Vide
2759 5695 3122 5769 prmedentis
3154 5696 3445 5754 voluminis

541 5849 808 5914 ΡΑτιιοι.
841 5852 956 5914 Gn.
996 5852 1310 5917 XXXVIII.

3067 5856 3142 5918 22
