4010 6298
578 367 684 422 685
1906 367 2200 423 NlCETAS
2273 368 2481 423 DAVID
3702 367 3811 422 685

586 486 919 554 llaruagiana
954 499 1044 552 per
1079 482 1356 537 Eusebium
1390 484 1721 551 Episcopium
1762 497 1810 534 a.
1845 481 1972 550 i571
2009 500 2019 532 :
2054 481 2144 533 sed
2168 480 2305 550 quod
2345 482 2420 534 rei
2446 489 2602 549 caput
2635 489 2735 545 est,
2774 483 3079 551 scriptorem
3115 491 3252 543 recte
3293 485 3534 540 nominat
3562 483 3808 544 Niceten

574 579 849 634 Doridem.
882 580 1002 633 Non
1041 555 1205 630 multo
1245 587 1360 646 post
1387 593 1452 630 e.c
1485 578 1616 630 libro
1661 575 2017 641 manuscripto
2046 573 2368 627 bibliotheca:
2401 574 2723 644 Augustana:
2754 573 2995 629 Grecam
3044 577 3420 644 paraphrasim
3469 581 3523 634 in
3562 596 3656 635 sex
3690 599 3807 636 car-

573 675 717 728 mina
779 678 991 730 Arcana
1052 673 1158 726 sive
1221 671 1275 726 in
1334 686 1512 732 versus
1558 673 1668 729 482
1719 671 1868 741 (sunt
1934 684 2052 722 vero
2091 684 2310 722 numero
2349 668 2482 737 485')
2521 668 2690 722 edidit
2740 669 2871 724 Dav.
2924 670 3249 726 Bitschelius
3293 670 3539 741 Lugduni
3576 673 3808 730 Batauo-

572 782 690 818 rum
725 782 778 818 a.
810 766 968 830 i591,
997 780 1114 832 qua:
1143 763 1305 816 editio
1352 762 1568 829 repetita
1606 767 1684 813 est
1724 758 1788 811 ab
1815 755 1978 812 Joan.
2022 757 2420 812 ﬂornschuchio
2449 757 2647 828 Lipsia
2679 776 2732 813 a.
2762 759 2936 819 I645;
2966 777 3096 830 quos
3125 763 3282 815 libros
3329 778 3446 814 cum
3474 764 3650 818 uidere
3673 780 3806 818 non-

578 855 705 908 dum
746 854 873 907 mihi
906 854 1206 922 contigerit,
1231 853 1360 904 nihil
1399 851 1460 904 de
1486 849 1807 922 metaphrasi
1836 865 1993 918 quam
2020 850 2286 904 continent
2312 859 2543 903 statuere
2565 865 2797 918 possum.
2835 850 3000 920 Atque
3021 867 3083 904 ea
3111 851 3206 904 illo
3239 862 3467 922 tempore
3497 870 3577 908 res
3605 856 3806 909 intacta

567 947 788 1011 mansit,
818 946 980 1001 donec
1007 947 1076 1000 ad
1111 945 1450 1013 quazstionem
1482 941 1867 995 dissolvendam
1897 956 1978 994 me
2005 940 2218 1009 impulit
2247 940 2336 995 ille
2370 941 2532 995 code:
2564 957 2714 1011 quem
2741 942 2855 1011 jam
2884 943 3244 1011 descripturus
3269 961 3407 1000 sum.

633 1040 714 1090 Ad
748 1038 891 1105 ripas
922 1035 1161 1090 Mosella:
1200 1033 1612 1099 amcenissimas,
1633 1046 1791 1099 prope
1819 1032 1989 1085 vicum
2024 1030 2180 1094 Cues,
2209 1030 2397 1084 domus
2434 1040 2511 1084 est
2549 1030 2755 1086 alendis
2786 1031 2994 1086 senibus
3024 1033 3341 1102 presbyteris
3382 1052 3414 1087 a
3440 1035 3664 1089 Nicolao
3695 1035 3804 1090 Cu-

558 1148 692 1203 sauo
717 1131 811 1185 illo
841 1128 1113 1184 cardiuale
1157 1127 1467 1182 doctissimo
1499 1134 1790 1191 nstructa,
1826 1126 1882 1179 in
1917 1125 2069 1193 cujus
2099 1123 2413 1177 bibliotheca
2446 1124 2580 1178 bona
2623 1139 2748 1193 pars
2781 1124 3061 1190 librorum,
3108 1142 3240 1196 quos
3271 1125 3531 1182 Nicolaus
3570 1143 3663 1181 aut
3699 1131 3808 1197 ipse

473 1220 481 1229 ”
559 1224 840 1290 scripserat
871 1229 962 1274 aut
1002 1221 1056 1273 in
1087 1216 1360 1271 itineribus
1391 1216 1692 1285 collegerat,
1728 1214 1902 1268 adhuc
1933 1222 2255 1277 asservatur,
2285 1230 2584 1284 quanquam
2629 1229 2767 1285 sirpe
2804 1225 2881 1270 est
2911 1216 3165 1285 spoliata.
3212 1215 3479 1272 Numerus
3502 1220 3713 1288 quidem
3740 1221 3807 1274 li-

563 1316 776 1370 brorum
814 1315 1034 1383 exiguus
1066 1322 1166 1376 est,
1193 1310 1283 1366 sed
1323 1311 1661 1379 reperiuntur
1689 1308 1826 1362 inter
1851 1324 1937 1362 eos
1971 1309 2132 1362 etiam
2167 1307 2288 1360 boni
2315 1317 2364 1361 et
2392 1306 2538 1378 digni
2567 1309 2656 1378 qui
2683 1309 3038 1373 innotescunt,
3072 1309 3194 1365 licet
3213 1325 3335 1362 ~nou
3360 1310 3512 1373 tales,
3542 1311 3726 1380 quales
3752 1330 3809 1366 se

559 1409 632 1461 ibi
662 1415 994 1475 reperturum
1025 1420 1138 1458 esse
1161 1410 1463 1472 sperarerat
1505 1401 1669 1455 Andr.
1697 1399 1839 1455 Guil.
1877 1400 2185 1465 Cramerus,
2211 1401 2363 1471 cujus
2396 1399 2492 1453 hac
2522 1400 2586 1454 de
2610 1415 2666 1454 re
2695 1400 2873 1469 lepida
2891 1409 3067 1455 exstat
3093 1403 3333 1454 narratio
3367 1402 3422 1454 in
3445 1403 3609 1470 ipsius
3631 1402 3805 1460 Chro-

559 1496 703 1550 nicis
732 1493 1071 1558 domesticis,
1107 1508 1160 1560 p.
1199 1491 1302 1545 “5
1330 1507 1442 1560 sqq.
1484 1489 1558 1543 De
1589 1490 1740 1543 libris
1778 1491 1916 1544 enim
1945 1489 2034 1559 qui
2060 1489 2128 1542 ad
2140 1489 2233 1558 jus
2264 1497 2502 1558 spectant
2528 1487 2746 1542 meliora
2775 1488 2947 1542 edocti
2975 1505 3158 1543 sumus
3192 1489 3255 1541 ab
3287 1488 3540 1544 Eduardo
3577 1490 3809 1562 Bécking

555 1584 665 1657 jcto
712 1587 881 1641 Bonn.
914 1604 963 1640 ο.
1003 1585 1081 1649 d.,
1117 1602 1164 1639 υ.
1210 1584 1360 1638 Frid.
1391 1581 1524 1638 Car.
1548 1599 1580 1636 a
1611 1581 1841 1653 Saoigny
1882 1582 2070 1636 librum
2114 1581 2445 1637 Geschichte
2469 1581 2566 1636 des
2590 1581 2903 1636 réuiischcn
2929 1580 3158 1647 Rechts,
3199 1591 3320 1647 etc.,
3355 1581 3475 1646 111,
3503 1583 3555 1648 8,
3581 1583 3666 1638 ed.
3699 1601 3806 1639 sec.

562 1681 708 1734 lntcr
735 1678 944 1733 Gra’cos
985 1687 1156 1730 autent
1186 1676 1353 1730 libros
1392 1675 1796 1741 ntanuscriptos,
1828 1689 2048 1743 quarunt
2074 1673 2226 1741 copia
2255 1672 2381 1725 milti
2408 1686 2572 1740 nuper
2603 1671 2752 1740 facta
2791 1681 2868 1726 est
2911 1688 3002 1741 per
3035 1670 3373 1736 Hartinium,
3406 1691 3453 1728 υ.
3485 1691 3617 1740 rem,
3653 1675 3805 1730 illius

560 1777 747 1828 (lamus
780 1773 1105 1842 praefectum,
1142 1769 1241 1838 fuit
1272 1770 1429 1823 etiam
1460 1767 1641 1830 codex,
1671 1768 1761 1834 qui
1788 1775 1952 1820 totam
1988 1764 2035 1817 Ν
2046 1763 2191 1820 icetw
2221 1763 2443 1819 Davidis
2466 1763 2844 1832 metaphrasim
2874 1765 3105 1819 continet
3126 1765 3180 1819 in
3208 1766 3388 1819 omnia
3415 1765 3659 1837 Gregorii
3680 1767 3801 1823 Na-

563 1865 800 1917 zianzeni
831 1863 1090 1926 carmina,
1135 1875 1252 1929 qua:
1299 1859 1390 1912 ille
1415 1859 1786 1926 interpretatus
1826 1865 1926 1914 est.
1954 1855 2388 1910 Membranaceus
2418 1864 2495 1910 est
2534 1867 2687 1926 atque
2732 1871 2796 1908 ea:
2822 1855 2969 1924 foliis
3007 1856 3108 1910 158
3137 1856 3324 1924 forma:
3353 1858 3631 1928 quadrata
3672 1876 3804 1915 cou-

562 1968 705 2022 stat;
739 1957 968 2025 scriptus
1006 1964 1082 2007 est
1113 1953 1170 2006 ni
1207 1951 1375 2018 fallor
1409 1950 1602 2004 sarculo
1636 1965 1690 2003 ιι
1722 1950 1802 2003 vel
1825 1963 1901 2003 xu
1939 1949 2334 2018 cartigraphice,
2366 1965 2467 2001 non
2511 1948 2908 2019 tachggraphiee
2939 1948 3078 2017 quod
3106 1957 3315 2014 vocant,
3347 1967 3554 2005 summa
3593 1953 3808 2008 littera-

561 2067 680 2104 rum
707 2047 968 2117 elegantia
1001 2059 1311 2114 summaque
1346 2042 1641 2111 diligentia.
1673 2039 1837 2112 Siglis
1868 2042 2030 2098 nullis
2062 2057 2187 2095 usus
2215 2051 2292 2095 est
2342 2041 2634 2103 librarius;
2665 2056 2842 2107 pauca
2871 2051 3076 2095 tantum
3111 2044 3366 2097 uocabula
3395 2060 3489 2113 per
3534 2046 3810 2101 abbrevia-

563 2151 737 2196 turam
760 2140 956 2210 scripta
991 2146 1113 2192 sunt
1137 2145 1193 2190 ut
1225 2134 1456 2206 Ἰησοῦς,
1481 2133 1736 2205 Χριστός,
1765 2134 1906 2199 θεός,
1938 2134 2146 2205 πνεῦμα

2221 2135 2385 2205 τατήρ
2435 2134 2637 2205 μήτηρ,
2657 2135 2981 2205 ἄνθρωπος..
2997 2136 3239 2206 σωτηρία
3263 2147 3314 2190 et
3348 2138 3413 2191 ab
3437 2139 3518 2193 his
3541 2139 3804 2196 dericata.

560 2232 880 2284 Accentuum
921 2228 1059 2282 ratio
1095 2227 1274 2281 eadem
1311 2228 1418 2294 fere
1449 2235 1524 2279 est
1562 2242 1678 2294 qua
1707 2226 1859 2302 hodie
1897 2227 2245 2290 observatur;
2275 2226 2412 2296 quod
2445 2224 2513 2278 ad
2554 2226 2771 2302 spiritus
2815 2228 3024 2292 attinet,
3069 2227 3174 2282 duo
3218 2228 3313 2282 rho
3353 2228 3594 2299 deinceps
3627 2232 3807 2299 posita

561 2335 826 2389 nunquam
850 2319 972 2372 illos
997 2318 1099 2371 sibi
1126 2293 1407 2384 inscriptos
1440 2293 1654 2381 habent,
1678 2326 1736 2370 ut
1763 2293 1812 2370 et
1843 2318 1898 2370 in
1929 2317 2052 2371 aliis
2082 2293 2351 2370 codicibus
2371 2326 2419 2370 et
2450 2293 2587 2370 nunc
2609 2293 2863 2370 scribitur
2883 2333 2902 2382 ;
2925 2334 2974 2372 υ.
3008 2317 3161 2374 Bast.
3185 2318 3494 2378 Comment.
3518 2293 3805 2394 palamst,

562 2414 688 2468 755.
728 2411 850 2466 lota
873 2410 1011 2481 quod
1052 2409 1404 2476 subscriptum
1430 2408 1655 2462 dicimus
1691 2425 1956 2479 nunquam
1987 2410 2130 2478 infra
2151 2410 2369 2474 lineam,
2404 2426 2527 2464 raro
2555 2411 2609 2464 in
2640 2411 2752 2479 ipso
2780 2427 2932 2465 versu
2958 2412 3194 2480 ponitur,
3219 2415 3525 2485 plerumque
3547 2418 3804 2471 omissum

561 2511 660 2567 est,
704 2502 794 2556 sed
823 2510 946 2555 sunt
990 2500 1145 2555 verba
1180 2515 1295 2569 quia
1334 2515 1470 2552 nunc
1500 2508 1679 2553 carent
1709 2502 1819 2552 iota
1855 2498 2168 2567 subscripto,
2201 2509 2254 2553 et
2285 2502 2340 2554 in
2385 2500 2560 2554 codice
2584 2499 2720 2552 illud
2746 2499 2959 2564 habent,
2996 2510 3057 2554 ut
3098 2501 3256 2565 ζῶιον
3285 2519 3380 2571 pro
3414 2503 3571 2569 ζῶον.
3595 2505 3660 2560 de
3698 2521 3810 2577 qua

563 2589 824 2646 scribendi
862 2591 1066 2644 ratione
1103 2607 1151 2643 υ.
1189 2587 1339 2642 Bast.
1367 2588 1405 2641 l.
1436 2587 1474 2642 ί.
1506 2587 1630 2643 719.
1669 2587 1959 2642 Particulte
1994 2590 2146 2658 qnted

2223 2606 2238 2643 t
2279 2591 2583 2660 composita
2624 2605 2716 2659 per
2741 2600 2920 2659 partes
2955 2591 3281 2657 scribuntur,
3321 2611 3369 2648 υ.
3402 2611 3450 2649 c.
3486 2596 3563 2649 ὅτ’
3592 2597 3680 2662 ἄν,
3715 2596 3806 2652 ἐπ’

561 2680 648 2749 ἦν,
683 2681 852 2734 ἑπειδ⁸
885 2681 953 2734 ἄν
983 2698 996 2710 ·
1031 2689 1214 2734 contra
1245 2679 1550 2748 pra'positio
1576 2679 1718 2732 κατά
1745 2694 1863 2732 cum
1901 2679 2218 2748 quibusdam
2259 2681 2606 2737 substantivis
2649 2697 2785 2750 sa'pe
2821 2683 2876 2736 in
2907 2697 3068 2736 unum
3106 2685 3416 2742 vocabulum
3443 2690 3810 2763 coniungitur,

560 2793 606 2831 υ.
634 2791 680 2829 c.
716 2774 1040 2842 καταφύσιν.
1069 2772 1311 2826 Itacismi
1341 2773 1558 2842 vestigia
1584 2787 1761 2840 pauca
1791 2775 2144 2842 reperiuntur.

626 2864 840 2919 Folium
870 2864 1095 2930 primum
1123 2863 1303 2932 incipit
1329 2862 1500 2917 colore
1530 2861 1690 2932 rubro
1713 2880 1733 2917 :
1759 2863 1972 2934 Νικήτα
1997 2864 2090 2917 τοῦ
2115 2865 2207 2919 καὶ

2239 2865 2334 2920 δᾶδ
2361 2865 2547 2919 δούλου
2583 2863 2636 2920 ῑῦ
2666 2867 2733 2938 χῦ
2768 2867 2863 2921 τοῦ
2888 2868 3174 2939 φιλοσόφου
3200 2871 3460 2944 ἐξήγησις
3491 2875 3599 2931 τῶν
3625 2879 3814 2951 ἀπορ-

562 2959 736 3028 ρήτων
767 2955 860 3008 τοῦ
894 2955 1128 3026 μεγάλω
1166 2957 1464 3026 Γρηγορίου
1497 2956 1592 3009 τοῦ
1624 2954 1884 3026 Θεολόγου
1917 2958 2064 3011 ἐπῶν
2096 2958 2250 3027 λόγος
2292 2966 2361 3013 α’.
2395 2959 2704 3032 Προοίμιον.
2741 2960 2808 3017 Oi
2838 2964 2938 3034 μὲν
2971 2965 3102 3035 παρ’
3129 2965 3351 3037 Ἕλλησι
3388 2968 3821 3039 φιλοσοφώτατοι

557 3042 697 3098 εἶναι.
723 3042 970 3109 δόξαντες
997 3047 1089 3100 καὶ
1119 3045 1431 3114 λογιώτατοι
1467 3046 1609 3116 ἡνίκ’
1648 3047 1715 3100 ἂν
1757 3050 1872 3111 ταῖς
1914 3049 2054 3120 ὑπὲρ
2089 3049 2150 3102 τὸ
2196 3050 2522 3121 βλεπόμενον
2559 3052 2656 3113 καὶ
2694 3052 2793 3122 τὴν
2841 3053 3092 3126 αίσθησιν
3129 3058 3401 3128 θεωρίαις,
3433 3059 3550 3114 κτλ.
3582 3060 3722 3134 Pag.
3760 3065 3817 3128 Δ,

560 3134 698 3202 Περὶ
724 3134 942 3204 ἀρχῶν.
976 3137 1039 3188 Oi
1071 3135 1172 3206 τῆς
1197 3135 1463 3206 κοσμικῆς
1497 3135 1686 3204 σοφίας
1716 3137 1816 3208 τὴν
1853 3138 2158 3208 ἀκροτάτην
2191 3138 2514 3193 καταλαϐεῖν
2560 3142 2900 3211 κατοιόμενοι
2932 3143 3216 3216 περιωπήν
3256 3145 3435 3200 πάντα
3463 3148 3532 3202 τά
3559 3148 3690 3204 ὄντα
3721 3153 3820 3204 καὶ

558 3229 629 3282 τά
653 3230 908 3299 γινόμενα
938 3230 1017 3292 εἰς
1037 3232 1193 3300 ,τρεῖς
1232 3229 1330 3291 τὰς
1361 3231 1700 3300 κυριωτάτας
1734 3232 1827 3284 καὶ
1854 3233 2162 3302 πρωτίστας
2190 3233 2366 3297 αἰτίας
2398 3234 2492 3287 καὶ
2527 3235 2702 3305 ἀρχὰς
2731 3235 3089 3306 ἀναφέροντες
3121 3239 3576 3309 ὲκκορυφοῦνται·
3605 3241 3820 3308 ταύτας

557 3323 615 3376 δὲ
647 3322 770 3374 νοῦν
815 3321 909 3375 καὶ
952 3320 1082 3389 ὓλην
1125 3319 1219 3373 καὶ
1277 3317 1412 3383 εἶδος
1465 3319 1753 3383 καλοῦντες
1797 3323 2096 3391 συνάρχους
2135 3321 2228 3374 καὶ
2283 3322 2583 3386 συναιτίους
2611 3322 2718 3375 τῶν
2753 3324 2971 3378 πάντων
3008 3325 3366 3389 ὑποτίθενται,
3398 3329 3518 3382 κτλ.
3547 3327 3688 3399 Pag.
3724 3331 3816 3398 £6,

571 3413 854 3482 Ἐξήγησις
889 3412 996 3464 τῶν
1034 3412 1357 3481 ἀπορρήτων
1390 3409 1484 3463 τοῦ
1532 3410 1766 3480 μεγάλου
1808 3410 2106 3481 Γρηγορίου
2154 3411 2247 3464 τοῦ
2291 3411 2551 3479 Θεολόγου
2586 3412 2764 3467 ὲπῶν³
2807 3413 2979 3482 Λόγος
3014 3414 3059 3484 β’
3090 3418 3231 3485 Περὶ
3283 3418 3442 3473 Υίοῦ.
3489 3419 3823 3490 Ἐκϐἐμενος

560 3507 686 3578 περὶ
710 3506 891 3577 ἀρχῶν
917 3506 950 3576 ἢ
973 3506 1167 3577 ἀρχῆς,
1186 3497 1387 3558 ’ταύτὸν
1415 3505 1469 3558 δὲ
1502 3506 1693 3569 εἰπεῖν,
1721 3506 1848 3575 περὶ
1877 3505 1976 3575 τῆς
2000 3506 2278 3576 τριαδικῆς
2310 3506 2607 3578 μοναρχίας
2636 3509 2664 3561 ὀ
2689 3507 2988 3579 θαυμάσιος
3015 3511 3394 3582 ἐπιτομιὶη-ατα
3423 3513 3689 3570 διαλαϐὼν
3723 3516 3824 3570 καὶ

557 3605 681 3667 τοὺς
713 3605 808 3676 μὲν
832 3604 1050 3676 ἐριστὰς
1089 3605 1170 3668 εἰς
1209 3600 1585 3675 διαλογισμοὺς
1624 3605 1966 3660 παντάπασιν
1997 3607 2173 3678 ἀφείς,
2210 3607 2329 3660 κτλ.
2366 3607 2499 3678 Pag.
2531 3609 2621 3673 '50,
2647 3609 2817 3677 Λόγος
2850 3614 2898 3677 γ’
2923 3607 3062 3677 Περὶ
3094 3608 3202 3662 τοῦ
3242 3609 3418 3677 ἁγίου
3446 3609 3819 3677 Πνεύματος.

558 3698 894 3768 θεολογήσας
930 3700 956 3751 ὁ
982 3697 1402 3767 θεοληπτότατος
1433 3698 1561 3768 περὶ
1591 3699 1800 3768 Πατρὸς
1830 3700 1925 3752 κα)⁸
1955 3699 2083 3752 Υίοῦ
2115 3700 2215 3752 ὅσα
2250 3699 2376 3770 ἐξῆν
2413 3700 2564 3773 αὐτῷ
2602 3703 2826 3757 διειπεῖν
2867 3703 2925 3755 ὲν
2959 3703 3220 3774 άφράστῳ
3248 3703 3539 3772 γοργὸτητι
3564 3703 3653 3756 καὶ
3687 3720 3823 3758 συν-

559 3789 724 3860 τομίᾳ
748 3789 834 3841 διὰ
867 3788 974 3842 τῶν
999 3787 1485 3858 προπεποιημένων
1512 3790 1761 3860 ἡρωϊκῶν
1787 3789 2061 3856 ἑπιῖη.νῦν
2089 3791 2152 3861 δὴ
2190 3792 2489 3862 ἑπομένως,
2535 3792 2652 3845 κτλ.
2697 3793 2833 3863 Pag.
2856 3794 2947 3862 45,
2975 3793 3113 3863 Περὶ
3147 3795 3378 3862 κόσμου
3403 3792 3558 3862 λόγος
3583 3793 3644 3847 δ’.
3674 3794 3819 3867 Pag.

558 3878 646 3932 δι.
691 3877 829 3945 Περὶ
857 3877 1144 3945 προνοίας
1180 3875 1333 3942 λόγος
1356 3875 1417 3928 ε’.
1449 3875 1581 3947 Pag.
1613 3877 1702 3940 78,
1732 3877 1872 3945 Περὶ
1900 3877 2301 3953 τῶν-..λογικῶν
2324 3879 2548 3934 οὐσιῶν
2573 3880 2730 3950 λόγος
2764 3882 2836 3948 ς’.

633 3987 807 4056 Igitur
852 4001 916 4040 ex
964 3987 1060 4039 hoc
1108 3983 1284 4038 codice
1322 3985 1550 4054 primum
1583 3985 1945 4055 intelligimus,
1980 3997 2105 4058 quot
2147 3989 2387 4043 carmina
2415 3987 2634 4045 Nicetas
2662 3993 3039 4055 interpretatus
3083 3991 3275 4062 fuerit;
3301 4003 3426 4048 sunt
3468 4003 3641 4049 autem
3669 4011 3820 4064 prc-

562 4097 639 4139 ter
694 4083 999 4138 tetrasticha
1043 4096 1259 4135 numero
1292 4091 1395 4140 xv;
1427 4074 1611 4128 deinde
1649 4091 1919 4129 numerum
1967 4078 2285 4142 carminum,
2318 4093 2434 4147 qua
2473 4079 2764 4150 ἀπόρρητα
2801 4081 3167 4147 nominaverit,
3228 4083 3502 4152 aliquanto
3554 4084 3818 4154 majorem

560 4196 672 4234 esse
716 4194 873 4249 quam
915 4176 1065 4232 Billii
1101 4189 1392 4229 numerum.
1438 4169 1496 4224 Is
1521 4170 1660 4224 enim
1702 4179 1816 4224 octo
1847 4179 2053 4225 tantum
2076 4173 2317 4226 carmina
2351 4174 2425 4227 ita
2458 4174 2728 4243 inscripsit
2758 4191 2918 4246 neque
2945 4169 3235 4247 quidquam
3268 4173 3334 4228 de
3372 4172 3472 4229 hac
3501 4191 3556 4230 re
3585 4176 3818 4242 monuit,

560 4286 862 4343 quanquam
896 4277 1063 4324 talum
1092 4265 1294 4321 Nicetis
1334 4252 1765 4321 commentarium
1805 4267 1861 4319 in
1900 4267 2144 4324 manibus
2169 4268 2415 4323 habuisse
2451 4270 2655 4324 videtur
2706 4271 2812 4325 sive
2841 4271 2896 4325 in
2921 4287 3026 4327 uno
3062 4269 3262 4338 codice,
3288 4270 3582 4324 cardinalis
3630 4269 3823 4327 Sis-leti

561 4361 790 4414 codicem
819 4360 956 4425 dico,
1003 4361 1109 4421 sive
1145 4361 1197 4413 in
1232 4358 1481 4426 pluribus
1510 4365 1791 4425 repertum,
1843 4373 1966 4410 nam
1996 4359 2052 4412 in
2076 4360 2415 4414 annotatione
2443 4360 2656 4429 respicit
2697 4361 2766 4414 ad
2794 4361 3232 4416 commentarium
3265 4376 3369 4414 non
3415 4359 3587 4414 solum
3618 4361 3672 4413 in
3701 4370 3822 4415 octo

561 4451 659 4505 illa
687 4452 948 4513 carmina,
1000 4449 1089 4502 sed
1112 4451 1270 4502 etiam
1302 4449 1355 4499 in
1399 4454 1592 4512 septem
1619 4445 1824 4516 reliqua
1878 4455 2031 4516 atque
2057 4449 2492 4502 commentarium
2547 4449 2601 4502 in
2649 4448 2983 4503 Tetrastieha
3029 4458 3197 4504 totum
3254 4449 3430 4503 uertit.
3463 4447 3647 4518 Ipsum
3695 4466 3820 4506 me

567 4541 814 4596 Nicetant
853 4542 963 4596 hac
988 4541 1227 4594 carmina
1248 4541 1539 4613 ἀπόρρητα
1566 4539 1877 4610 appellasse,
1895 4540 2080 4596 docere
2100 4541 2225 4594 mihi
2240 4541 2491 4596 uidentur
2510 4558 2628 4612 qua:
2655 4543 2720 4598 de
2746 4559 2841 4598 suo
2863 4544 3131 4614 proposito
3151 4543 3334 4598 scribit
3355 4545 3410 4597 in
3439 4543 3692 4613 praemio
3719 4545 3819 4612 fol.

563 4635 600 4688 2
628 4651 672 4686 υ.
703 4631 815 4686 cod.
853 4646 871 4684 :
901 4630 977 4684 Δι’
1010 4629 1040 4683 ὃ
1067 4630 1158 4682 xui.
1181 4633 1339 4701 ἡμεῖς
1367 4632 1416 4683 οἱ
1457 4631 1672 4684 πάντων
1693 4630 1908 4701 ἔσχατοι
1937 4631 2032 4686 καὶ
2059 4630 2371 4703 μικρότεροι
2401 4631 2538 4702 πρὸς
2579 4631 2672 4685 τὸν
2715 4633 2855 4705 ὑπὲρ
2893 4634 3102 4698 πάντας
3131 4635 3259 4699 τοὺς
3285 4633 3686 4706 πρεσϐυτέρους
3723 4636 3822 4690 καὶ

565 4717 916 4780 ῖιδασκάλους
942 4719 1299 4788 τετιμημένον
1329 4721 1459 4788 ἡμῖν
1484 4719 1784 4790 Γρηγόριον
1819 4719 1909 4773 τὸν
1941 4719 2199 4789 Θεολὸγον
2235 4719 2328 4772 τὸν
2366 4719 2492 4773 νοῦν
2531 4719 2900 4792 ἐπερείδοντες
2938 4722 3014 4786 ὡς
3041 4724 3140 4792 τῆς
3168 4722 3442 4795 ἡμετέρας
3466 4723 3824 4795 καθηγεμόνα

563 4811 739 4882 ψυχῆς
766 4811 856 4862 καὶ
877 4810 952 4872 ὡς
980 4809 1374 4881 περισσοτέρως
1409 4813 1473 4864 ὲκ
1498 4812 1603 4864 τῶν
1642 4810 1803 4865 αὑτοῦ
1834 4807 2118 4880 θεολογιῶν
2142 4810 2854 4886 οίκοδομούμενοξόλίγους
2884 4814 3053 4882 τινὰς
3077 4815 3146 4870 ἐκ
3180 4814 3299 4870 τῶν
3334 4816 3519 4871 αὐτοῦ
3543 4815 3819 4883 δυσφρὰ-

565 4921 726 4959 crtior
749 4904 846 4957 καὶ
879 4901 1304 4971 δυσθεωρήτων
1330 4904 1525 4974 λόγων
1556 4904 1688 4972 ἦτοι
1724 4904 2106 4974 θεοφρὰστων
2133 4903 2298 4957 ἐπῶν
2326 4906 2399 4960 τὰ
2433 4907 2873 4976 ἁπορρητότερα
2907 4909 3004 4962 καὶ
3046 4907 3170 4976 τοῖς
3195 4907 3450 4979 πολλοῖς
3485 4900 3823 4961 ἀνεπίοκτα

566 5004 652 5067 είς
679 5000 973 5069 ἐξήγησιν
1001 4998 1418 5068 προυθήκαμεν
1455 5001 1706 5067 ἑαυτοῖς.
1737 5000 1866 5058 Cum
1903 5001 1981 5055 his
2015 5015 2149 5069 com;

2235 5017 2265 5054 a
2295 5017 2410 5070 quo:
2435 5015 2557 5070 pag.
2596 5002 2702 5056 152
2729 5002 2856 5073 (col.
2883 5002 3010 5074 745)
3038 5002 3195 5073 hujus
3236 5003 3358 5058 libri
3395 5003 3656 5073 leguntur.
3695 4999 3818 5057 Cc-

569 5104 735 5149 terum
770 5111 830 5150 ne
862 5096 956 5150 illa
983 5094 1190 5166 quidem
1219 5097 1479 5163 carmina,
1531 5112 1647 5166 qua
1676 5097 1870 5150 Bittius
1904 5097 2211 5178 qognomine
2245 5093 2358 5148 τῶν
2385 5095 2718 5167 ἀπορρήτων
2747 5095 3038 5166 insignivit,
3059 5099 3130 5155 ,iu
3161 5094 3400 5149 omnibus
3438 5093 3708 5148 codicibus
3741 5092 3822 5147 ita

568 5207 680 5246 esse
723 5190 981 5259 inscripta
1031 5199 1250 5245 testatus
1275 5201 1358 5244 est
1389 5189 1616 5244 Carolus
1667 5189 1858 5244 Bened.
1889 5189 2050 5251 Hase,
2080 5191 2168 5258 qui
2212 5189 2293 5241 uir
2333 5187 2671 5248 clarissimus
2722 5196 2772 5241 et
2824 5180 3164 5242 doctissimus
3203 5202 3237 5240 a
3280 5201 3362 5239 me
3421 5194 3660 5253 rogatus,
3698 5200 3821 5237 cetus

567 5295 731 5335 essent
753 5295 948 5332 memor
975 5295 1154 5334 eorum
1187 5296 1302 5349 qua:
1333 5279 1432 5348 legi
1459 5279 1512 5331 in
1541 5277 1852 5346 prafatione
1885 5274 1952 5328 ad
1990 5273 2212 5328 Leonem
2262 5274 2558 5329 Diaconum
2585 5292 2708 5346 pag.
2743 5291 2872 5330 xm
2905 5274 2988 5329 ed.
3018 5274 3340 5345 Bonn.,qua
3368 5284 3448 5329 est
3490 5274 3822 5328 humanitate

570 5379 626 5429 in
647 5391 813 5429 meum
847 5391 1003 5429 usum
1030 5376 1250 5430 contulit
1271 5391 1446 5429 omnes
1477 5373 1796 5428 bibliotheca?
1821 5371 1992 5441 Regia.-
2029 5371 2342 5427 Parisiensis
2378 5371 2606 5427 codices.
2647 5371 2830 5443 Neque
2869 5373 3021 5427 illam
3046 5368 3438 5438 inscriptionem
3468 5364 3624 5419 habet
3653 5365 3821 5418 code:

569 5467 863 5520 carminum
906 5464 1146 5535 Gregorii
1184 5465 1540 5528 Bodleianus,
1580 5480 1730 5533 quem
1770 5461 2412 5532 Gaisfordiusdescripsit
2446 5465 2501 5516 in
2522 5461 2782 5533 Catalogo
2804 5462 2921 5519 sive
2955 5461 3160 5518 Nomia
3190 5459 3692 5528 manuscriptorum
3723 5448 3815 5526 qui

569 5562 639 5615 ah
665 5559 726 5613 Ε.
760 5558 822 5613 Ι).
842 5557 1037 5616 Clarké
1067 5564 1369 5630 comparati
1405 5562 1460 5615 in
1490 5559 1820 5614 bibliotheca
1857 5557 2145 5613 Bodleiana
2179 5565 2533 5614 asservantur
2558 5574 2612 5627 p.
2650 5574 2690 5627 ι,
2723 5575 2776 5628 p.
2800 5557 2874 5613 25
2922 5574 3033 5628 sqq.
3075 5553 3181 5612 Sed
3212 5561 3470 5622 utcunque
3498 5560 3600 5615 cst,
3629 5556 3820 5618 pra-ter

567 5657 677 5708 hinc
717 5653 952 5706 carmina
981 5670 1034 5707 se
1065 5653 1176 5707 alia
1213 5654 1362 5707 nulla
1399 5656 1796 5720 interpretatum
1830 5672 1940 5709 esse
1969 5657 2076 5726 ipse
2105 5655 2324 5711 Nicetas
2355 5657 2595 5726 afﬁrmat
2628 5656 3085 5712 incommentario
3116 5654 3184 5709 ad
3225 5651 3576 5715 Tetrasticha,
3612 5666 3662 5704 υ.
3690 5662 3816 5719 pag-

572 5737 665 5793 ιδι
702 5741 823 5812 (col.
847 5741 995 5813 757).
1047 5742 1128 5797 Ea:
1154 5744 1258 5799 illis
1293 5742 1457 5799 verbis
1501 5743 1818 5812 jamdudum
1850 5734 2129 5801 verisimile
2156 5747 2282 5800 mihi
2338 5743 2610 5802 ridebatur
2652 5746 3136 5817 interpretationem
3191 5741 3638 5803 monostichorum
3669 5749 3822 5812 atque
