4010 6298
242 346 340 403 ess
1263 349 1332 404 lN
1362 347 1672 406 causam
1705 348 1982 404 ARCANA
2022 349 2081 406 s.
2125 349 2472 409 anGonu.
3408 366 3512 421 om

241 469 678 538 epigrammatum
714 468 768 520 in
817 464 1026 519 laudem
1076 465 1268 519 Basilii
1299 465 1504 534 Magni,
1531 482 1650 535 qutr
1680 464 1882 520 Niceta:
1915 466 2111 520 Daoidi
2150 469 2204 521 in
2230 467 2458 522 editione
2503 468 2696 529 Veneta
2736 468 3009 536 tribuitur,
3049 474 3215 542 ipsius
3241 490 3370 544 opus
3396 495 3508 534 esse

244 578 340 615 non
398 575 592 629 posse;
620 570 670 614 et
725 559 969 614 Nicetam
997 576 1179 638 revera
1220 574 1379 629 neque
1407 559 1564 628 hujus
1598 566 1866 612 auctorem
1903 576 2018 614 esse
2046 576 2206 631 neque
2236 562 2686 629 interpretationis
2741 562 3214 630 Tetrastichorum,
3256 583 3374 637 qua:
3410 573 3507 625 sub

244 655 404 724 ipsius
432 655 644 709 nomine
690 655 745 708 in
771 652 951 708 eodem
990 647 1127 703 libro
1165 650 1328 703 etiam
1359 665 1496 702 nunc
1535 649 1930 717 circumfertur,
1973 650 2219 719 (utraque
2263 658 2439 702 autem
2479 649 2718 718 ejusdem
2760 651 3038 718 scriptoris
3077 654 3199 724 est),
3240 666 3419 724 postea
3443 674 3511 712 ex

242 747 349 811 ipso
382 745 514 799 libro
554 745 743 809 didici,
769 759 921 813 quem
954 739 1266 794 bibliotheca
1319 737 1675 808 Gottingensis
1724 740 2073 794 intercedente
2126 739 2194 793 E.
2225 737 2291 794 L.
2326 756 2359 794 a
2388 738 2614 793 Leutsch
2641 757 2690 795 υ.
2748 738 2805 796 d.
2854 743 2982 796 mihi
3026 746 3377 812 suppeditavit
3406 748 3508 819 (ιι).

241 834 449 890 Scilicet
494 837 618 890 illos
664 830 1068 888 commentarios
1098 830 1324 899 confecit
1353 827 1619 895 Zonaras,
1643 839 1704 885 ut
1742 833 1852 901 ipse
1874 831 2077 901 fatetur
2110 832 2166 886 in
2193 833 2442 900 procmio
2472 831 2569 902 fol.
2593 832 2650 895 5,
2684 833 2764 886 ita
2795 842 2971 889 tamen
3005 845 3064 888 ut
3097 835 3306 893 Niceta:
3344 842 3514 895 inter-

239 929 582 997 pretationem
613 926 848 995 longiore
875 923 1148 978 verborum
1165 920 1657 990 circumscriptione
1685 931 1836 976 utens
1875 922 2036 975 etiam
2063 922 2195 976 locis
2228 937 2293 975 ex
2321 937 2479 976 sacra
2515 919 2799 990 Scriptura
2827 926 3078 984 adhibitis
3113 947 3251 999 stupe
3280 947 3496 1004 augeret

240 1029 392 1088 atque
439 1017 813 1086 ampliﬁcaret,
853 1016 979 1087 quin
1006 1024 1142 1070 totas
1170 1013 1374 1068 Nicetae
1398 1012 1642 1080 periodos
1676 1027 1788 1066 suc
1831 1011 2156 1080 paraphrasi
2189 1011 2467 1066 intexeret.
2527 1010 2807 1066 Interdum
2879 1017 3000 1072 duce
3048 1022 3509 1093 interpretationes

238 1121 470 1175 exstant,
507 1127 733 1182 quarum
764 1111 934 1165 altera
966 1109 1222 1176 inscripta
1255 1107 1490 1170 «ἄλλως»
1522 1121 1649 1175 pars
1679 1114 1757 1160 est
1791 1104 2240 1173 interpretationis
2272 1103 2516 1170 Niceten;
2550 1121 2932 1174 nonnunquam
2978 1114 3156 1168 varias
3180 1131 3381 1186 quoque
3429 1118 3508 1171 le-

239 1202 434 1256 etiones
467 1201 707 1256 Zonaras
736 1201 936 1254 notavit
963 1208 1119 1268 atque
1165 1197 1379 1250 omnino
1403 1196 1579 1265 potius
1609 1194 1948 1265 grammatici
1977 1203 2154 1262 partes
2206 1194 2318 1265 agit
2359 1210 2516 1264 quam
2559 1194 2891 1263 interpretis;
2928 1201 3142 1270 singula
3179 1207 3319 1258 enim
3355 1206 3511 1260 verba

235 1297 568 1362 explicantur
595 1292 784 1347 iisdem
815 1293 924 1362 fere
965 1290 1133 1346 uerbis
1163 1292 1283 1360 qua:
1304 1291 1550 1360 leguntur
1584 1289 1639 1342 in
1665 1287 1831 1356 ipsius
1878 1291 2035 1358 atque
2062 1288 2299 1342 aliorum
2343 1288 2547 1342 lexicis.
2579 1285 2646 1342 In
2693 1287 3067 1343 dissertatione
3098 1307 3258 1359 supra
3287 1293 3512 1348 laudata

235 1385 448 1439 exhibui
482 1384 613 1439 tales
658 1383 819 1450 locos,
850 1384 939 1453 qui
966 1398 1071 1437 non
1100 1382 1211 1436 sine
1237 1381 1416 1450 fructu
1443 1378 1677 1448 conferri
1708 1377 1912 1445 possint
1934 1377 1999 1430 ab
2039 1379 2106 1432 iis
2165 1377 2356 1448 quibus
2391 1378 2565 1432 lexica
2606 1375 2793 1432 Graeca
2826 1395 2970 1433 cura:
3000 1390 3146 1437 sunt.
3182 1381 3300 1436 Hoc
3334 1393 3512 1438 autem

238 1478 543 1547 opusculum
573 1476 815 1533 Zonaras
862 1491 1018 1532 senex
1041 1475 1338 1544 composuit
1382 1488 1476 1542 per
1527 1473 1720 1536 otium,
1767 1487 1870 1541 quo
1911 1471 2189 1540 fruebatur
2238 1475 2524 1526 monachus
2552 1482 2602 1526 et
2652 1489 2754 1542 quo
2797 1486 2924 1525 usus
2949 1480 3025 1523 est
3068 1471 3138 1523 ad
3180 1474 3316 1526 alios
3346 1473 3511 1528 libros

237 1566 556 1629 scribendos,
589 1565 653 1618 de
681 1564 868 1634 quibus
899 1563 1015 1619 vide
1065 1562 1364 1617 Tittmanni
1417 1561 1790 1632 prolegomene
1819 1559 1887 1613 ad
1918 1558 2147 1616 Zonara:
2192 1558 2456 1624 Lexicon,
2501 1576 2559 1630 ρ.
2588 1576 2716 1616 va.
2747 1560 2851 1616 Sed
2905 1559 3058 1613 redeo
3078 1562 3148 1613 ad
3176 1561 3380 1617 A‘iceta:
3402 1563 3513 1617 Da-

237 1657 380 1710 sidis
403 1655 865 1709 commentarium.

301 1745 435 1798 Cum
479 1744 548 1798 ad
595 1744 1019 1812 patefaciendam
1063 1739 1306 1813 Gregorii
1358 1749 1581 1795 mentem
1636 1757 1774 1812 stupe
1820 1739 2125 1796 abstrusam
2179 1756 2294 1794 vere
2333 1742 2526 1809 prosit,
2574 1739 2770 1795 Bittius
2823 1749 3002 1795 autem
3041 1741 3264 1811 singulis
3302 1751 3512 1796 tantum

233 1835 362 1888 locis
399 1851 460 1888 eo
496 1835 549 1888 in
581 1849 871 1888 sermonem
908 1832 1159 1886 Latinum
1217 1846 1463 1885 conuerso
1490 1846 1618 1884 usus
1656 1831 1726 1885 sit
1771 1839 1990 1900 excepta
2032 1831 2467 1899 interpretatione
2503 1828 2961 1883 Tetrastichorum
3025 1846 3187 1898 quam
3245 1831 3509 1900 integram

236 1929 386 1982 uertit
437 1945 458 1984 :
495 1927 756 1998 equidem,
786 1935 836 1982 et
873 1928 1000 1998 quia
1034 1926 1240 1980 Niceta:
1287 1926 1460 1979 oratio
1496 1933 1574 1980 est
1605 1925 1738 1979 satis
1770 1923 1981 1996 elegans
2020 1935 2072 1981 et
2100 1925 2379 1992 munda,et
2413 1940 2476 1979 ne
2503 1924 2630 1995 quid
2648 1924 2815 1993 justat
2866 1925 3162 1978 carminum
3198 1928 3511 1994 interprete.

237 2025 368 2078 tioni
394 2024 734 2089 detrahatur,
759 2039 787 2078 e
816 2022 994 2078 codice
1019 2021 1233 2078 Cusano
1267 2018 1516 2075 Crarcum
1548 2021 1990 2075 commentarium
2018 2021 2156 2090 typis
2180 2019 2583 2076 describendum
2609 2019 2794 2073 curavi
2818 2020 3018 2074 omissa
3046 2019 3144 2073 illa
3167 2029 3318 2089 parte
3347 2035 3506 2088 quam

236 2116 370 2173 Dav.
418 2119 746 2175 liteschelius
780 2117 967 2172 edidit.
1007 2120 1225 2171 Textum
1254 2116 1465 2171 codicis
1495 2115 1617 2170 dedi
1638 2116 1934 2186 integrum;
1954 2133 2081 2171 nam
2109 2127 2234 2172 sunt
2262 2116 2367 2173 loci
2391 2116 2482 2187 qui
2510 2114 2876 2172 emendatione
2914 2123 3120 2185 egeant,
3153 2114 3244 2169 sed
3274 2115 3389 2168 sine
3417 2131 3510 2184 ope

236 2207 454 2262 alterius
506 2207 630 2262 libri
661 2208 856 2278 corrigi
890 2224 994 2262 non
1028 2207 1252 2278 possint.
1283 2208 1532 2261 Attamen
1556 2221 1650 2260 sex
1683 2205 1784 2260 illa
1833 2207 2094 2272 carmina,
2117 2207 2304 2278 quippe
2351 2223 2471 2277 qua
2514 2205 2812 2262 cohtereant
2838 2219 2958 2257 cum
3004 2208 3230 2270 ceteris,
3263 2205 3331 2258 ad
3361 2221 3508 2258 eum-

232 2301 350 2355 dem
376 2302 608 2355 codicem
630 2302 891 2355 recensita
921 2302 1034 2355 sine
1061 2301 1439 2354 commentario
1457 2308 1578 2370 post
1607 2297 1813 2354 Niceten
1843 2298 2043 2355 librum
2072 2302 2228 2370 posui
2258 2299 2358 2372 (b).

304 2393 402 2445 His
424 2391 614 2444 addidi
665 2391 857 2446 selecta
885 2391 1132 2461 quedam
1163 2391 1426 2456 carmina,
1459 2405 1577 2462 qua:
1617 2395 1954 2461 reperiuntur
1975 2392 2030 2446 in
2071 2391 2248 2446 codice
2297 2389 2543 2447 Gudiano
2577 2388 2762 2446 Graeco
2789 2392 2877 2448 97.
2911 2393 3068 2448 Hunc
3091 2394 3233 2448 enim
3255 2393 3507 2457 codicem,

235 2485 298 2538 de
329 2502 433 2555 quo
486 2502 534 2539 ο.
566 2486 664 2540 Fr.
698 2483 800 2540 Ad.
829 2484 1012 2538 Eberti
1041 2484 1238 2538 librum
1260 2483 1325 2540 de
1347 2483 1674 2540 bibliotheca:
1712 2483 1818 2539 (ἷκε

1926 2485 1986 2541 ’6.
2016 2485 2173 2539 codd.
2201 2483 2296 2540 Cr.
2329 2501 2384 2554 p.
2408 2483 2476 2538 84
2501 2482 2951 2539 Schwnemannus
2979 2499 3025 2535 υ.
3051 2481 3107 2536 d.
3144 2482 3292 2535 illius
3320 2481 3509 2535 biblio-

234 2579 394 2633 theca:
431 2579 715 2647 pra'fcctus
742 2577 811 2630 ad
845 2593 924 2633 me
949 2579 1116 2644 misit,
1175 2595 1296 2632 cum
1327 2580 1383 2632 in
1414 2595 1473 2632 eo
1501 2587 1637 2633 esset
1671 2595 1834 2633 unum
1867 2596 2104 2648 carmen,
2140 2582 2278 2650 quod
2331 2577 2385 2632 Ν
2390 2579 2552 2633 iectas
2594 2579 2735 2632 inter
2764 2592 2964 2630 arcana
2997 2575 3225 2628 relatum
3253 2576 3510 2644 interpre-

235 2677 377 2723 tatus
408 2678 510 2724 est.
546 2667 664 2721 liae
701 2684 818 2722 vero
862 2669 1136 2723 occasione
1163 2667 1296 2750 data
1329 2668 1488 2722 etiam
1517 2669 1724 2739 reliqua
1757 2669 2002 2723 carmina
2040 2671 2264 2724 contuli.
2296 2667 2635 2738 Periphrasis
2665 2683 2827 2738 quam
2848 2665 2984 2719 idem
3017 2663 3183 2720 codex
3205 2664 3398 2733 prazbet
3431 2665 3511 2717 ita

234 2769 313 2813 est
351 2761 624 2820 instituta.
657 2768 715 2812 ut
739 2760 936 2829 singuli
956 2776 1134 2814 versus
1197 2759 1526 2828 explicentur
1563 2761 1731 2817 verbis
1768 2763 2095 2830 synonymis.

307 2853 535 2923 Reliqua
567 2853 807 2909 subsidia
865 2855 1054 2924 quibus
1100 2872 1228 2910 usus
1272 2873 1391 2910 sum
1418 2857 1471 2910 in
1507 2866 1652 2910 textu
1681 2857 1976 2910 carminum
2019 2855 2385 2912 constituendo
2415 2855 2526 2909 htec
2576 2862 2721 2909 sunt.
2781 2849 2961 2904 Editio
2995 2847 3146 2910 ΛΜΞ,
3187 2847 3276 2917 qui
3301 2847 3508 2916 primus

241 2947 536 2999 niaximum
574 2947 872 3000 carminum
919 2957 1124 3014 partem
1148 2950 1313 3004 edidit
1334 2966 1388 3003 a.
1431 2949 1589 3004 1504.
1628 2948 1833 3004 Nicetce
1854 2950 2201 3020 paraphrasis
2231 2949 2374 3020 (Cr.)
2418 2926 2570 3004 e.dita
2606 2940 2838 3002 Venetiis
2869 2960 2923 2996 a.
2963 2942 3123 3005 1565,
3151 2942 3215 2995 de
3241 2957 3343 3011 quo
3370 2940 3510 2994 libre

243 3035 354 3088 citte
377 3049 568 3102 supra.
635 3033 1081 3089 Tetrastichorum
1123 3036 1290 3090 editio
1341 3053 1473 3092 cura
1530 3035 1766 3091 Erhardi
1820 3037 2112 3093 Hedenecci
2184 3038 2418 3092 Basiiete
2476 3055 2538 3093 a.
2584 3035 2758 3100 1577;
2793 3033 3030 3114 .denique
3073 3029 3311 3101 Gregorii
3363 3030 3508 3089 Nae.

240 3138 396 3191 opera
431 3139 553 3176 cum
599 3140 788 3178 comm.
814 3123 1005 3180 Jacobi
1037 3125 1211 3191 Bitlii,
1244 3125 1503 3194 Coloniae,
1539 3126 1836 3197 sumptibus
1880 3125 2225 3182 Weidmanni
2262 3125 2422 3184 1690.
2459 3127 2658 3183 Dillius
2687 3140 2990 3195 quanquam
3011 3123 3186 3190 plures
3215 3121 3399 3176 habuit
3423 3138 3513 3176 co-

243 3212 399 3278 dices,
435 3214 742 3284 plerumque
807 3223 978 3269 tamen
1006 3217 1241 3286 sequitur
1267 3215 1462 3270 Aldum
1492 3216 1570 3270 ita
1601 3224 1662 3268 ut
1690 3232 2066 3285 nonnunquam
2103 3232 2310 3272 errores
2333 3232 2463 3287 quos
2492 3215 2863 3270 emendaverat
2904 3215 3068 3269 Aldus
3109 3224 3393 3283 repeteret;
3424 3225 3511 3271 at-

241 3316 338 3368 que
369 3301 423 3354 in
455 3303 554 3356 illa
583 3303 809 3358 editione
844 3304 1150 3359 Coloniensi
1179 3305 1285 3357 sive
1301 3303 1560 3372 Lipsiensi
1591 3306 1902 3376 typographi
1931 3322 1965 3360 a
2001 3321 2123 3360 vera
2147 3307 2414 3377 scriptura
2455 3321 2594 3376 stupe
2619 3305 2791 3360 denuo
2833 3305 3226 3360 aberrnverunt.

312 3390 431 3447 Scr.
463 3391 866 3462 Confluentibus
904 3393 981 3449 id.
1031 3393 1149 3452 Jul.
1174 3409 1226 3448 a.
1261 3391 1416 3448 1840.
2557 3417 2560 3420 η

310 3595 390 3668 (a)
424 3592 737 3668 gibrumin
772 3594 860 3668 liis
891 3594 1204 3668 regionibus
1229 3594 1576 3668 rarissimum
1605 3594 1874 3666 descripsi
1892 3595 1962 3668 in
1985 3594 2374 3668 dissertatione
2399 3595 2466 3668 de
2495 3593 2932 3668 Nicetaibavide
2962 3603 3017 3650 et
3045 3595 3261 3668 Zonara
3289 3611 3427 3668 pag,
3451 3599 3508 3653 9.

312 3664 390 3732 (ὁ)
423 3664 557 3736 Haec
569 3663 743 3736 nobis
769 3663 1018 3736 Gregorii
1056 3665 1254 3736 integri
1280 3665 1586 3736 editoribus
1611 3671 1774 3721 erant
1794 3663 2120 3736 omittenda.
2153 3663 2233 3736 Ex
2262 3666 2347 3722 his
2373 3666 2820 3736 etiamrversibus
2839 3679 2977 3736 quos
3010 3666 3113 3720 sibi
3145 3663 3504 3736 explicandas

245 3735 482 3802 assumit
513 3733 760 3802 Nicetas,
796 3733 1017 3802 nonnisi
1044 3733 1283 3802 primum
1315 3733 1667 3801 retinuimus,
1702 3749 1829 3788 cum
1859 3735 2098 3802 reliquos
2129 3733 2195 3787 ad
2224 3749 2444 3789 manum
2477 3735 2672 3791 habeat
2700 3733 2896 3790 Lector
2931 3735 2984 3788 in
3020 3733 3503 3790 nostra'editione.

247 3797 513 3874 Praeterea
545 3801 768 3874 Ernesti
793 3801 1012 3874 Dronge
1044 3797 1109 3874 ν,
1149 3803 1214 3858 D.
1243 3803 1627 3874 adnotationes
1655 3797 1786 3872 ὀυκ
1837 3797 2049 3874 tantum
2079 3803 2147 3856 ad
2176 3802 2318 3874 Billii
2365 3803 2660 3859 editionem
2707 3805 3178 3874 spectant,rcujus
3207 3805 3340 3859 vitia
3378 3821 3509 3859 cura

246 3868 494 4010 milia
526 3883 648 3928 erat
675 3872 902 3998 nova
932 3865 1181 3995 ligurum
1207 3873 1534 3930 recensione
1555 3865 1697 3928 sunt'
1719 3872 2030 3940 emendata,
2067 3886 2194 3928 cum
2229 3873 2344 3943 jam
2374 3888 2570 3944 parum
2601 3881 2697 3929 aut
2718 3865 2856 3930 nihil
2889 3865 3147 3930 utilitatis
3173 3874 3430 3940 habeant,
3452 3883 3511 3928 ut

375 3956 548 3997 imum
579 3957 687 3997 om:
761 3955 911 3998 mus.
1022 3957 1098 3996 ιτ.

375 3956 548 3997 lutum
579 3952 911 3998 omittimus.
937 3952 1098 3996 ινιτ.

1082 4382 1793 4498 NICETE
1902 4383 2669 4498 ωινωιε

731 4667 1280 4732 PARAPHRASIS
1309 4668 1739 4733 CARMINUM
1772 4668 2273 4732 ARCANORUM
2302 4670 2364 4732 S.
2405 4670 2791 4752 GBEGORH
2821 4672 2998 4734 NAZ.

1797 4886 1950 4902 α*-

248 5049 470 5116 Ratira
510 5046 621 5102 τοῦ
664 5044 762 5099 καί
796 5024 993 5117 Διψζᾷ
1017 5043 1501 5117 δούλουᾼἸησοῦ
1527 5043 1823 5117 dipteron,

1930 5041 2133 5097 Nicetis
2196 5043 2286 5112 qui
2305 5052 2356 5117 e_t
2385 5042 2578 5109 David,
2600 5046 2736 5100 servi
2770 5045 2899 5117 Iesu
2931 5047 3152 5111 Christi,
3190 5049 3502 5117 philosophi,

451 5117 822 5191 φιέοσόφοιξ,
855 5113 1179 5191 Ἐξῄπησις
1195 5113 1328 5191 ,τῶν
1348 5113 1701 5191 ᾀπςρῤήξῳ·
1718 5112 1825 5191 eoi:

1998 5114 2406 5191 commentariith
2462 5131 2781 5191 arcanorum
2848 5116 2915 5191 ελ
2979 5112 3217 5188 Gregorii
3261 5112 3505 5190 Theo-logi

313 5181 489 5255 ἀγιὼ
530 5181 863 5255 Γρηγιορίου
889 5182 996 5235 τοῦ
1013 5181 1315 5251 Θεολότπου
1343 5181 1523 5236 ἐπῶν.
1553 5181 1691 5249 Περί
1709 5183 1826 5250 ψυ-

1355 5181 1523 5236 ἑπῶν.
1553 5181 1826 5250 Περίψυ-
1999 5182 2318 5236 carminum.
2357 5183 2435 5238 De
2471 5185 2649 5239 anima
2675 5201 2848 5242 sermo
2885 5186 2938 5243 7.

370 5257 432 5309 ἦρ
463 5257 754 5309 (Mida-nc
790 5257 856 5309 ζ’.

315 5251 432 5326 κῆς
463 5255 544 5326 (ί)
567 5251 754 5324 ἱλάῒης
790 5251 856 5314 ζ’-

327 5347 644 5418 Ἐπομένως
683 5343 822 5414 μετὰ
869 5341 967 5412 τὴν
1008 5340 1114 5395 τῶν
1155 5341 1422 5410 οὐρανίων
1453 5341 1547 5394 καὶ
1591 5341 1826 5411 λογικῶν

1995 5343 2407 5413 Consequenter
2433 5344 2739 5400 cmlestium
2774 5355 2825 5403 et
2850 5347 3255 5402 rationabilium
3279 5354 3504 5402 natura-

251 5439 462 5509 φύσεων
501 5438 601 5492 καὶ
647 5435 953 5504 ἀσωμάτων
980 5433 1233 5504 θεωρίαν,
1263 5432 1369 5502 ὁδῷ
1398 5431 1706 5503 προϐαίνων
1731 5432 1825 5484 ἐπὶ

1926 5447 2047 5486 rum
2070 5439 2123 5488 et
2151 5434 2605 5504 incorporearum
2641 5444 2767 5505 post
2825 5439 3342 5507 contemplationem
3400 5438 3503 5492 iter

251 5530 344 5601 τὴν
371 5527 765 5598 ταπεινοτέραν
791 5526 885 5577 καὶ
919 5523 1317 5593 προσυλοτέραν
1348 5523 1448 5592 τῆς
1476 5523 1823 5593 ἀνθρωπίνης

1929 5537 2178 5592 pergens,
2215 5523 2280 5578 ad
2305 5525 2862 5593 contemptibiliorem
2891 5535 2942 5579 et
2974 5527 3214 5581 materie
3274 5525 3500 5579 vicinio-

251 5619 421 5692 ψυχῆς
454 5620 667 5681 οὐσίαν,
697 5617 794 5688 τὴν
827 5615 1062 5687 θεωρίαν
1089 5614 1184 5668 καὶ
1211 5613 1505 5681 θεολογίαν,
1527 5615 1554 5666 ὁ
1576 5613 1822 5682 θεολὸγος

1927 5626 2040 5666 rem
2108 5612 2360 5666 humanae
2409 5613 2604 5667 anima:
2667 5613 3054 5678 substantiam,
3089 5615 3498 5685 contemplatio-

321 5777 398 5842 ίι)
434 5773 576 5843 Περὶ
604 5767 810 5842 ψυχῆς
877 5767 1016 5824 Edit.
1059 5765 1199 5824 Βηίὶί
1230 5764 1446 5836 Colon.,
1482 5761 1546 5832 ll,
1586 5778 1640 5835 p.
1688 5762 1824 5820 170:
1867 5779 1904 5817 et

1608 5778 1640 5818 ›.
1688 5762 1824 5820 17οε
1867 5761 1996 5818 edit.
2043 5761 2357 5833 Leuvcncl.,
2391 5780 2442 5822 υ.
2476 5763 2610 5822 1017
2644 5762 2765 5834 (Ed.
2797 5778 2922 5821 nov.
2957 5779 3010 5835 p.
3044 5762 3191 5838 941).
