4010 6298
502 371 606 426 087

500 494 694 545 incutiet
710 485 1035 557 theologiam
1077 484 1385 556 Theologus
1438 489 1717 543 transtulit
1758 489 1984 558 spiritus
2010 498 2065 545 et

500 578 762 648 expositis
796 579 1031 646 primum
1062 592 1251 630 eorum
1281 576 1375 646 qui
1432 576 1569 632 foris
1607 587 1735 633 sunt
1794 581 2077 635 sententiis

501 676 557 721 et
588 666 742 735 quasi
765 679 937 734 nugas
965 679 1088 718 esse
1120 665 1419 732 convictis;
1450 667 1529 720 sic
1561 682 1743 721 veram
1776 669 2076 723 sectmdum

502 758 801 813 Ecclesiam
862 765 917 810 et
961 755 1277 827 Scripturas
1332 774 1468 827 pure
1524 760 1673 814 dedit
1742 760 2072 818 doctrinam.

499 851 672 907 Porro
699 850 1043 920 simplicibus
1072 849 1362 905 admodum
1390 861 1444 906 et
1476 865 1506 905 a
1541 850 1651 907 Deo
1672 867 1801 907 vere
1836 852 2074 923 inspira-

498 942 572 997 tis
610 941 914 995 ratiociniis
940 938 993 994 in
1024 939 1183 993 initio
1213 940 1491 995 disserens
1518 940 1596 995 sic
1616 940 1747 995 dicit
1779 957 1792 993 :

499 1032 525 1085 l
572 1030 942 1101 @m'maﬂalm
968 1039 1044 1083 est
1067 1029 1180 1093 Dei,
1199 1031 1605 1101 rmistt'onemque
1636 1031 1861 1086 cmleslt's

493 1102 531 1156 2
569 1099 797 1153 Pertulit
824 1116 939 1152 cum
968 1100 1229 1164 terrestri,
1254 1108 1363 1154 etc.

568 1189 722 1244 Sicut
751 1190 814 1243 in
850 1190 971 1244 aliis
1006 1188 1281 1245 allirmans
1314 1188 1601 1260 theologus
1628 1193 1774 1263 quod
1814 1192 1882 1249 de
1911 1203 2074 1248 mate-

503 1280 585 1335 ria
617 1279 835 1351 quidem
872 1293 1073 1350 corpus
1100 1281 1395 1349 sumpserit
1436 1280 1601 1346 Dens,
1628 1283 1695 1335 de
1725 1283 1907 1352 seipso
1944 1299 2073 1339 vero

505 1370 872 1440 spiraculum,
918 1373 1239 1440 pronuntiat
1274 1371 1587 1429 Creatorem
1622 1374 1933 1430 condidisse
1975 1377 2073 1431 ho-

496 1462 694 1514 minem
725 1461 975 1523 mixtum,
1012 1462 1091 1515 sic
1119 1469 1173 1515 ct
1202 1478 1348 1516 nunc
1390 1463 1444 1515 in
1482 1462 1863 1532 superioribus
1899 1465 2073 1520 versi-

500 1550 604 1604 bus
643 1548 872 1602 aﬂirmat
903 1548 1139 1603 animam
1169 1552 1568 1607 emanationem
1599 1569 1723 1610 esse
1756 1554 1847 1608 Dei
1876 1564 1929 1611 et
1959 1557 2073 1625 spi-

492 1640 965 1710 raculum,-quam
1004 1641 1128 1697 ideo
1154 1630 1349 1711 probat
1382 1627 1659 1699 cmlestem
1695 1646 1935 1715 quidem,
1972 1647 2067 1703 sed

492 1730 786 1801 patientem
828 1730 915 1785 vel
955 1731 1319 1785 sustinentem
1350 1733 1626 1788 terrestris
1645 1736 1890 1803 corporis
1917 1750 2068 1791 com-

492 1819 808 1873 mixtionem
835 1824 930 1872 aut
951 1818 1414 1888 conjunctionem,
1444 1829 1497 1876 et
1516 1822 1659 1877 sicut
1696 1824 1877 1879 lumen
1903 1826 2073 1896 quod-

490 1910 617 1962 dam
647 1906 952 1976 intelligens
1010 1908 1281 1960 occultam
1319 1923 1442 1963 esse
1478 1917 1533 1963 et
1567 1911 1779 1966 unitam
1810 1916 1963 1968 carni
1995 1916 2071 1970 si-

488 2000 583 2047 cut
616 1994 683 2063 in.
700 2010 935 2060 caverna
968 1996 1259 2053 inclusam.
1319 1994 1425 2053 Sed
1463 1998 1819 2058 nihilominus
1871 2003 2068 2061 divinae

486 2098 614 2140 cum
661 2086 732 2141 sit
768 2094 995 2152 naturae,
1032 2087 1357 2144 immortalis
1383 2098 1435 2144 et
1460 2091 1892 2162 incorruptibilis
1936 2113 2061 2155 vere

485 2180 591 2229 est.
621 2172 739 2230 Non
761 2178 929 2244 enim,
960 2177 1157 2247 inquit,
1182 2177 1407 2247 dignum
1430 2190 1548 2234 erat
1585 2183 1761 2252 magni
1795 2182 1885 2240 Dei
1926 2202 2054 2242 eum

487 2265 773 2336 sitimago.
789 2269 959 2338 ipsam
980 2284 1086 2323 una
1108 2284 1234 2323 cum
1257 2271 1547 2339 reptilibus
1571 2273 2065 2334 irrationabilibus-

484 2372 593 2426 que
620 2357 809 2413 bestiis
842 2361 983 2414 mori
1010 2369 1062 2415 et
1095 2358 1239 2415 foede
1264 2360 1512 2429 dissolvi,
1533 2364 1747 2421 etiamsi
1779 2378 2064 2437 peccatum

487 2447 636 2502 illam
672 2458 828 2521 cogat
856 2449 921 2504 ad
952 2458 1182 2507 mortem
1206 2460 1260 2507 et
1280 2454 1706 2524 corruptionem.

487 2670 518 2723 7
591 2669 770 2739 Neque
793 2670 927 2743 ignis
956 2672 1145 2741 fervidi
1173 2683 1368 2728 natura
1391 2682 1490 2739 est,
1556 2683 1663 2730 etc.

560 2780 1013 2851 Philosophorum
1054 2783 1144 2851 qui
1201 2783 1460 2837 dicuntur
1515 2786 1800 2855 exoterici,
1855 2788 1945 2845 alii
1991 2792 2069 2863 ig-

484 2886 608 2925 nem
656 2872 1019 2927 substantiam
1050 2873 1447 2927 contenderunt
1478 2875 1697 2940 animm,
1741 2878 1831 2931 alii
1862 2894 2065 2948 aerem,

495 2963 586 3017 alii
626 2963 908 3032 sanguinis
956 2964 1158 3017 fontem
1204 2980 1300 3033 per
1334 2981 1555 3020 carnem
1619 2976 1787 3022 totam
1844 2985 2071 3027 curren-

492 3060 605 3107 tem
644 3069 658 3105 :
697 3054 832 3131 nihil
871 3063 1067 3107 autem.
1099 3053 1291 3107 horum
1337 3070 1520 3109 verum
1556 3064 1679 3112 esse
1710 3060 1885 3114 visum
1936 3071 2061 3117 est:

489 3142 766 3211 quomodo
794 3143 939 3197 enim
972 3151 1118 3197 esset
1154 3144 1245 3215 qui
1278 3144 1505 3199 devorat
1539 3146 1680 3217 ignis
1720 3149 1902 3205 anima
1944 3167 2067 3206 cor-

488 3235 640 3303 poris
681 3235 826 3305 quod
889 3235 1183 3290 devoratur
1245 3236 1314 3290 ab
1355 3237 1497 3306 ipso,
1545 3240 1635 3309 qui
1692 3245 1966 3297 consumit
2014 3253 2068 3299 et

481 3324 746 3388 destruit,
787 3324 967 3379 anima
1005 3325 1126 3395 ejus
1154 3326 1301 3395 quod
1332 3328 1400 3381 ab
1429 3328 1547 3398 ipso
1577 3330 1917 3388 destruitur?
1962 3334 2069 3391 Sed

482 3429 645 3470 nemo
711 3414 857 3469 dicet
918 3430 1097 3471 aerem
1146 3431 1269 3471 esse
1309 3417 1543 3475 hominis
1583 3422 1818 3477 animam
1856 3440 2070 3497 semper

486 3505 819 3575 respiratum
855 3511 911 3558 et
939 3505 1239 3574 aspiratum
1275 3512 1329 3559 et
1358 3522 1634 3579 nunquam
1661 3511 2064 3581 quiescentem;

491 3593 785 3662 sanguinis
828 3607 959 3647 vero
1004 3593 1207 3648 lentem
1237 3594 1291 3648 in
1320 3610 1483 3651 omne
1518 3611 1828 3653 currentem
1876 3617 2069 3673 corpo-

491 3683 571 3739 ris
614 3683 919 3738 membrum
963 3684 1201 3737 animam
1240 3684 1518 3753 arbitrari,
1572 3696 1831 3759 tanquam
1874 3692 2072 3747 absur-

493 3762 783 3829 dissim'um
844 3780 899 3828 et
921 3773 1197 3843 stupidum
1229 3763 1472 3831 refutare
1502 3779 1745 3849 negligit.
1782 3799 1807 3849 «η
1832 3781 1935 3837 Sed
1950 3794 2068 3838 'non

482 3864 767 3918 harmonia
798 3882 817 3915 ι
845 3871 900 3917 et
933 3879 1056 3933 quae
1086 3874 1411 3934 sequuntur.
1454 3894 1518 3906 -——
1546 3867 1650 3923 Sed
1676 3885 1782 3924 non
1814 3873 1949 3941 ipsa,
1987 3874 2073 3927 in-

478 3956 619 4026 quit,
648 3964 731 4011 est
753 3955 1037 4010 harmonia
1077 3955 1471 4013 elementorum
1499 3974 1530 4014 e
1552 3960 1751 4031 quibus
1782 3978 2070 4035 coagmen-

486 4054 663 4103 tatum
685 4056 768 4104 est
789 4064 1014 4120 corpus,
1040 4049 1255 4116 anima;
1285 4065 1393 4105 non
1428 4051 1571 4105 enim
1588 4052 1892 4109 substantia
1922 4072 2070 4127 qua:-

480 4136 609 4191 dam
661 4146 747 4193 est
810 4139 1119 4209 producens
1190 4154 1288 4209 per
1343 4154 1403 4195 se
1456 4141 1627 4212 ipsam
1678 4144 2068 4203 elementorum

480 4242 783 4299 compages
806 4269 845 4296 ,1
884 4229 1139 4284 accidens
1199 4238 1254 4285 et
1332 4232 1567 4302 qualitas
1631 4234 1939 4292 subsistens
2012 4239 2066 4293 in

480 4318 587 4373 hoc
656 4333 789 4374 casu
856 4329 1004 4375 esset
1057 4321 1270 4387 anima;
1330 4324 1488 4379 aliter
1549 4340 1563 4377 :
1632 4340 1741 4378 non
1815 4343 1919 4382 una
1984 4338 2069 4385 est

406 4434 415 4437 <
478 4410 730 4464 carnium
770 4420 821 4465 et
857 4411 1235 4468 similitudinis
1291 4414 1621 4471 immortalis
1668 4424 1884 4473 natura.
1924 4418 2067 4486 Quid

476 4501 623 4557 enim
661 4501 730 4557 de
779 4502 938 4557 rebus
999 4502 1198 4573 saepius
1246 4503 1438 4560 divisis
1486 4507 1555 4561 ab
1606 4507 1837 4563 invicem
1889 4512 2066 4580 quoad

480 4595 883 4650 substantiam?
922 4592 988 4647 Et
1011 4593 1141 4663 quid
1168 4594 1271 4648 erit
1309 4596 1541 4665 amplius
1567 4596 1724 4653 bonis
1744 4598 1877 4655 viris
1901 4616 2065 4669 supra

478 4696 683 4741 sortem
715 4686 1009 4754 insignium
1045 4686 1101 4740 in
1141 4686 1366 4751 malitia,
1410 4688 1455 4742 si
1485 4704 1591 4741 una
1627 4688 1900 4746 exsistens
1922 4708 2070 4748 com-

478 4791 669 4848 pages.
704 4776 912 4832 scilicet
945 4777 1151 4839 anima,
1185 4776 1300 4832 sive
1325 4777 1560 4847 optimos
1618 4779 1735 4835 sive
1792 4783 2065 4853 pessimos

476 4866 724 4936 perﬁcit?
753 4864 957 4923 Deinde
986 4881 1170 4922 nonne
1198 4866 1671 4924 irrationabilibus
1706 4871 2062 4931 rationabiles

477 4958 780 5015 secundum
805 4965 1057 5011 naturam
1087 4967 1276 5012 essent
1302 4956 1549 5012 similes?
1584 4957 1880 5015 Harmonia
1912 4965 2059 5019 enim

473 5050 619 5104 sicut
658 5049 712 5103 in
746 5048 1052 5114 hominum,
1083 5049 1156 5103 ita
1180 5056 1236 5104 et
1273 5050 1330 5103 in
1359 5048 1665 5105 belluarum
1734 5054 2060 5122 corporibus

474 5138 729 5195 similiter
756 5138 1132 5208 conspicitur;
1168 5146 1223 5194 et
1252 5139 1409 5209 juxta
1437 5140 1660 5195 verbum
1688 5140 1821 5197 illud
1866 5146 2060 5202 melio-

484 5242 575 5282 res
610 5236 799 5282 essent
827 5244 1016 5285 omnes
1052 5229 1147 5299 qui
1174 5232 1698 5299 coagmentationem
1726 5241 1782 5289 et
1808 5242 2059 5308 corporis

475 5316 818 5371 harmoniam
864 5318 1041 5373 sortiti
1077 5326 1263 5375 essent
1294 5319 1465 5391 magis
1484 5323 1757 5392 egregiam
1786 5334 1840 5379 et
1868 5328 2061 5384 melio-

476 5422 609 5463 rem.
649 5409 744 5465 lsti
768 5408 985 5480 quidem
1015 5411 1141 5466 talia
1179 5426 1316 5467 vane
1350 5411 1417 5467 de
1467 5412 1645 5467 anima
1701 5419 2055 5475 sermocinati

544 5670 621 5741 (ἦ)
655 5670 1094 5741 Εἱδιᾳιομυθίας.
1147 5670 1214 5725 ν.
1270 5673 1335 5727 de
1380 5673 1486 5727 hoc
1523 5672 1788 5730 vocabulo
1818 5676 2041 5735 llasium

474 5743 541 5796 ad
575 5739 737 5795 Leon.
772 5739 934 5795 'Diuc.
977 5758 1052 5803 IV,
1086 5756 1139 5809 p.
1170 5742 1275 5796 M5
1307 5741 1399 5795 ed.
1436 5742 1608 5795 Bonn.

545 5809 622 5877 (5)
665 5812 1205 5883 ρεεορῤιιυιοονύνιιιςζ
1224 5810 1415 5883 Codex
1436 5826 1650 5883 semper
1674 5827 1784 5871 uno
1815 5816 1934 5876 rho.
1974 5817 2040 5875 V.

476 5880 625 5934 Itast.
656 5879 861 5935 Canna.
890 5881 1027 5951 ραι,
1052 5894 1107 5950 p.
1140 5880 1246 5937 753
1271 5888 1323 5934 et
1356 5881 1484 5937 788.

1876 368 2169 425 NICETAS
2207 369 2409 424 DAVID

3518 285 3529 293 .
3589 142 3986 330 ηε

3655 361 3768 413 688

2171 491 2437 561 μετέθηκε
2468 490 2590 552 νοῦς
2628 490 2722 542 καὶ
2756 489 2854 553 τὰς
2885 488 2993 541 ἀπὸ
3023 486 3132 540 τῶν
3166 486 3273 551 ἔξω
3306 487 3572 561 πρότερον
3600 486 3766 549 δόξας

2179 582 2401 652 προθεὶς
2435 581 2565 652 περὶ
2604 581 2796 649 αὐτῆς,
2831 580 2924 637 καὶ
2961 580 3036 641 ὼς
3076 578 3459 646 εἰκαιομυθίας
3493 576 3571 647 (‘2)
3619 577 3729 630 ἀπε
3754 607 3766 614 -

2177 673 2392 741 λέγξας,
2420 672 2563 724 οὕτω
2587 673 2683 742 τὴν
2716 670 2978 741 ἀληθινὴν
3004 667 3480 739 ὲκκλησιαστικῶς
3511 668 3605 720 καί
3632 683 3768 737 γρα-

2177 761 2354 829 φικῶς
2396 759 2706 831 ἀνεκάθηρε
2754 758 2949 824 δόξαν·
3005 756 3338 827 ἰσχνοτάτοις
3385 754 3442 806 δὲ
3494 755 3588 806 καὶ
3637 755 3764 807 θεο-

2176 850 2468 913 πνεύστοις
2508 849 2980 922 θεορρημοσύναις
3012 849 3088 918 (5)
3129 850 3188 901 ὲν
3227 845 3468 917 πρώτοις
3508 844 3768 915 φυσιολο-

2176 941 2290 1010 γῶν
2322 940 2465 995 οὓτω
2493 940 2643 1009 λέγει
2661 956 2677 972 ·

2177 1032 2202 1085 1
2287 1030 2462 1099 Ψυχὴ
2490 1031 2543 1083 δ’
2572 1030 2744 1084 ἐστιν
2773 1030 2932 1097 drum
2954 1028 3102 1099 Θεοῦ
3130 1028 3230 1082 καί
3256 1028 3426 1096 μίξιν
3447 1025 3673 1093 ἀνέτλη

2176 1101 2213 1154 2
2284 1098 2543 1168 Οὐρανίη
2571 1100 2856 1168 lacrimo,
2888 1098 3008 1153 κτλ.

2246 1193 2457 1261 Ὠσπερ
2486 1194 2543 1244 ὲν
2561 1191 2742 1253 ἀλλοις
2774 1190 3052 1261 θεηγορῶν
3072 1191 3101 1242 ὁ
3128 1188 3461 1257 θεοφάντωρ,
3490 1186 3641 1258 παρά
3661 1186 3764 1255 τῆς

2174 1282 2306 1353 ὕλης
2336 1281 2434 1352 μὲν
2462 1278 2526 1354 το
2578 1280 2739 1351 σῶμα
2782 1280 2970 1335 λαϐεῖν
3000 1280 3090 1332 τὸν
3122 1279 3277 1341 Θεὸν,
3310 1282 3441 1349 παρ’
3472 1278 3666 1331 ἑαυτοῦ
3698 1278 3762 1329 δὲ

2173 1373 2339 1443 πνοὴν
2363 1371 2667 1442 ἐνθέμενον,
2696 1371 2886 1441 μικτὸν
2909 1366 3153 1433 θεσπίζει
3178 1369 3267 1421 τὸν
3290 1369 3577 1438 ἄνθρωπον
3594 1367 3660 1437 δη
3670 1386 3763 1436 μι-

2170 1463 2434 1533 ουργῆσαι
2454 1474 2467 1490 ·
2512 1460 2655 1515 οὕτω
2686 1461 2781 1513 καὶ
2813 1459 2907 1513 νῦν
2934 1458 3025 1512 διὰ
3060 1458 3166 1511 τῶν
3194 1457 3570 1529 προκειμένων
3605 1457 3767 1510 ἐπῶν

2172 1553 2427 1623 θεηγορεῖ
2452 1552 2549 1624 τὴν
2578 1550 2756 1622 ψυχὴν
2788 1552 2857 1623 ἄη
2867 1568 2942 1620 μα
2975 1546 3117 1603 εἶναι
3155 1549 3291 1602 Θεοῦ
3323 1548 3420 1601 καὶ
3449 1549 3617 1618 πνοὴν
3654 1547 3758 1615 (δι’

2166 1642 2197 1694 ὃ
2224 1645 2318 1697 καὶ
2341 1643 2597 1714 οὐρανίαν
2624 1641 3108 1712 ἀποφαινόμενος),
3140 1640 3440 1710 ἀνατλῆναι
3475 1641 3532 1693 δὲ
3557 1642 3591 1713 ἢ
3624 1640 3763 1693 ἀνα-

2171 1732 2397 1803 σχέσθαι
2422 1734 2521 1803 τὴν
2552 1732 2645 1787 τοῦ
2677 1732 2890 1803 χθονίου
2924 1730 3175 1801 σώματος
3200 1730 3401 1801 μίξινῆ
3432 1731 3762 1801 σύγκρασιν,

2176 1822 2271 1876 καὶ
2300 1823 2490 1893 ὥσπερ
2522 1839 2574 1875 τι
2612 1820 2688 1893 (ι)
2723 1810 3056 1891 φῶς’νοερδν
3087 1816 3178 1874 οἷα
3209 1820 3460 1891 σπηλαίῳ
3488 1823 3556 1889 τῇ
3593 1824 3764 1889 σαρκὶ

2176 1914 2550 1985 ωγκρυὸῆναι
2593 1912 2686 1966 καὶ
2728 1911 3124 1981 συνενωθῆναι·
3171 1911 3287 1964 ἀλλ’
3315 1913 3465 1981 ὅμως
3497 1910 3619 1963 θεία
3660 1910 3763 1981 τὴν

2175 2006 2337 2073 φύσιν
2366 2003 2521 2072 οὖσα,
2554 2007 2648 2059 καὶ
2675 2006 2942 2068 ἀθάνατος
2972 2005 3067 2058 καὶ
3093 2004 3367 2073 ἄφθαρτος
3390 2003 3559 2067 ὅντως
3580 2004 3760 2061 ἐστίν.

2171 2097 2281 2149 Καὶ
2329 2096 2438 2166 γὰρ
2486 2096 2591 2149 οὐδ’
2642 2090 2731 2167 ἦν,
2767 2095 2954 2165 φησὶν,
3005 2093 3154 2158 ἄξιον
3198 2092 3293 2145 τοῦ
3340 2091 3579 2163 μεγάλου
3619 2089 3765 2143 Θεοῦ

2168 2189 2371 2261 ταύτην
2414 2190 2599 2244 εἰκόνα
2635 2191 3033 2260 τυγχάνουσαν,
3076 2191 3187 2251 τοῖς
3217 2189 3468 2257 ἑρπετοῖς
3503 2188 3598 2240 καὶ
3626 2188 3762 2239 ἀλό-

2171 2299 2287 2350 γοις
2317 2284 2517 2353 ὁμοίως
2548 2283 2804 2353 κτήνεσιν
2836 2281 3237 2350 καταθνήσκειν
3271 2297 3333 2332 τε
3366 2279 3459 2331 καὶ
3497 2277 3764 2348 ἀκόσμως

2170 2374 2508 2439 διαλύεσθαι,
2541 2378 2589 2429 εί
2618 2376 2713 2428 καὶ
2742 2377 2775 2446 ἡ
2810 2372 3054 2444 ἁμαρτία
3095 2372 3298 2444 ταύτην
3323 2372 3639 2437 ἐκϐιάζεται
3670 2371 3769 2424 θα-

2178 2465 2316 2538 νάτῳ
2346 2468 2659 2537 ὑπαγαγεῖν
2688 2466 2785 2519 καὶ
2812 2464 3101 2535 διαφθορᾷ.

2167 2694 2198 2745 7
2274 2694 2422 2748 Οὔτε
2450 2694 2640 2763 πιψύς
2666 2691 2949 2762 μαλεροῖο
2973 2691 3049 2762 (5)
3073 2691 3242 2745 πέλει
3271 2694 3492 2761 φύσις,
3524 2693 3650 2747 κτλ.

2238 2804 2358 2857 Τῶν
2385 2802 2725 2874 ἐξωτερικῶν
2748 2802 3054 2870 φιλοσόφων
3082 2802 3388 2871 λεγομένων
3413 2802 3463 2855 οί
3501 2802 3602 2872 μὲν
3636 2802 3758 2873 πῦρ

2167 2895 2265 2963 τὴν
2297 2895 2485 2947 οὐσίαν
2535 2893 2802 2964 ὑπάρχειν
2834 2892 3183 2961 ἀπεφήναντο
3221 2893 3319 2962 τῆς
3364 2892 3580 2963 ψυχῆς,
3614 2896 3666 2946 oi
3703 2894 3765 2948 δὲ
3816 2944 3823 2947 .

2168 2985 2328 3058 ἀέρα,
2360 2984 2507 3039 ἄλλοι
2531 2983 2589 3036 δὲ
2619 2984 2852 3053 αἵματος
2892 2981 3051 3052 χύσιν
3080 2983 3261 3035 πᾶσαν
3292 2983 3394 3053 τὴν
3424 2982 3603 3054 σάρκα
3632 2985 3761 3039 δια-

2172 3076 2471 3147 τρέχουσαν
2488 3091 2502 3106 ο
2536 3073 2687 3127 οὐδὲν
2708 3072 2763 3125 δὲ
2785 3072 2991 3125 τούτων
3014 3071 3189 3125 ἔοικεν
3216 3072 3414 3143 ἀληθὲς
3436 3068 3574 3125 εἶναι
3593 3092 3608 3106 ο
3640 3074 3765 3135 m7);

2174 3169 2283 3239 γὰρ
2327 3167 2393 3221 ἂν
2425 3165 2518 3217 καὶ
2553 3163 2639 3233 εἴη
2680 3162 2741 3215 τὸ
2788 3162 2988 3215 δάπτον
3028 3162 3124 3215 τοῦ
3156 3162 3521 3232 δαπτομένου,
3554 3162 3614 3215 τὸ
3654 3178 3766 3233 μα-

2173 3256 2425 3332 ραντικδν
2468 3254 2561 3309 καὶ
2603 3254 2933 3324 λυμαντικὸν
2976 3253 3088 3324 πῦρ
3127 3252 3221 3305 τοῦ
3272 3252 3631 3323 φθειρομένου
3660 3252 3763 3305 ὑπ’

2170 3348 2334 3403 αὐτοῦ
2376 3345 2628 3416 σώματος
2666 3344 2844 3415 drum;
2894 3344 3032 3397 Ἀλλ’
3070 3344 3180 3398 οὐδ’
3203 3345 3270 3399 ἂν
3310 3344 3402 3397 τὸν
3446 3344 3584 3413 ἀέρα
3616 3345 3763 3416 φαίη

2168 3457 2253 3501 τις
2280 3436 2569 3507 ἀνθρώπου
2598 3434 2796 3505 ψυχὴν,
2842 3435 2931 3488 ἀεὶ
2974 3435 3477 3504 ἀποπνεόμενόνιτε
3517 3432 3613 3487 καὶ
3645 3435 3765 3487 είσ-

2169 3530 2464 3600 πνεόμενον
2498 3528 2596 3581 καὶ
2619 3525 2930 3597 ἠρεμοῦντα
2992 3524 3283 3596 μηδέποτε·
3316 3527 3546 3594 αἵματος
3572 3525 3630 3578 δὲ
3661 3526 3763 3597 χύ-

2172 3638 2255 3673 σιν
2288 3617 2384 3671 ὲπὶ
2427 3618 2537 3671 πᾶν
2578 3615 2968 3685 διατρέχουσαν
3019 3614 3179 3684 μέλος
3223 3614 3317 3667 τοῦ
3352 3614 3606 3695 σώματος
3656 3616 3763 3687 τὴν

2168 3710 2343 3781 ψυχὴν
2368 3711 2634 3771 ὑπονοεῖν,
2661 3708 2737 3770 ὡς
2764 3706 3105 3775 ἀλογώτατον
3124 3704 3185 3759 ὃν
3210 3706 3306 3759 καὶ
3323 3705 3595 3777 κτηνῶδες
3618 3724 3765 3779 παρ-

2172 3798 2314 3868 ίησιν
2341 3798 2578 3867 ἐλέγξαι.
2622 3815 2640 3849 ι
2674 3797 2816 3850 Ἀλλ’
2844 3796 2953 3849 οὐδ’
2986 3794 3219 3867 ἁρμονίη
3251 3814 3270 3849 ι
3313 3815 3370 3850 κ.
3405 3815 3455 3851 τ.
3489 3798 3570 3863 ἐξ.
3602 3799 3761 3853 ’ΛλΥ

2167 3889 2276 3941 οὐδ’
2306 3887 2373 3942 ἂν
2406 3888 2567 3953 αὐτὴ,
2606 3886 2791 3958 φησὶν,
2839 3888 2873 3956 ἡ
2912 3884 3021 3938 τῶν
3064 3886 3341 3955 στοιχείων
3384 3887 3643 3959 ἁρμονία,
3694 3889 3761 3956 ἐξ

2167 3976 2242 4034 ὧν
2270 3980 2332 4033 τὺ
2361 3978 2522 4049 σῶμα
2570 3978 2932 4047 καθεστήκει,
2976 3976 3156 4051 ψυχή·
3210 3979 3272 4032 ού
3321 3979 3430 4049 γὰρ
3470 3978 3628 4032 ούσία
3673 3981 3761 4045 τίς

2170 4074 2317 4127 ἐστιν
2346 4068 2639 4139 ὑφεστῶσα
2666 4068 2789 4123 καθ’
2814 4069 2986 4139 αὐτὴν
3016 4072 3050 4141 ἡ
3083 4070 3190 4124 τῶν
3221 4070 3499 4141 στοιχείων
3530 4072 3755 4141 κρᾶσις,

2169 4160 2513 4231 συμϐεϐηκὸς
2537 4158 2593 4213 δὲ
2612 4159 2708 4213 καὶ
2733 4159 2957 4229 ποιότης
2981 4155 3136 4223 οὖσα,
3161 4159 3357 4215 οὔκουν
3381 4161 3448 4215 ἂν
3469 4162 3553 4231 εῐη
3578 4162 3759 4235 ψυχή·

2167 4251 2341 4313 ἄλλως
2386 4268 2447 4304 τε
2501 4251 2561 4303 οὐ
2623 4250 2723 4322 μία
2784 4250 3003 4323 σαρκῶν
3055 4253 3172 4305 ἐστι
3221 4251 3385 4321 φύσις
3434 4254 3530 4306 καὶ
3574 4253 3759 4318 εἴδους

2167 4336 2459 4393 ἀθανάτου.
2478 4336 2606 4401 Πῶς
2632 4337 2742 4409 γὰρ
2785 4338 2856 4391 τὰ
2884 4338 3122 4410 πλείστῳ
3150 4341 3271 4393 κατ’
3296 4341 3485 4395 οὐσίαν
3508 4340 3758 4412 ἀλλήλων

2167 4426 2433 4480 διεστῶτα
2470 4443 2485 4494 ;
2532 4428 2595 4480 ντί
2657 4427 2715 4482 δὲ
2768 4428 2952 4483 πλεῖον
2995 4429 3149 4483 ἔσται
3210 4433 3323 4494 τοῖς
3372 4431 3595 4500 ἀγαθοῖς
3637 4435 3757 4491 τῶν

2169 4518 2586 4589 ἐπισημοτάτων
2626 4517 2687 4573 ἓν
2719 4519 2908 4592 κακίᾳ,
2933 4515 3007 4574 ῶν
3037 4520 3135 4592 μία
3163 4516 3302 4575 οὖσα
3327 4524 3544 4594 κρᾶσις,
3579 4524 3757 4595 ῆγουν

2169 4609 2337 4679 ψυχὴ,
2391 4610 2424 4680 ἢ
2466 4608 2747 4682 κρείττους
2789 4611 2822 4682 ἢ
2875 4612 3093 4683 χείρους
3124 4613 3488 4681 ἀπετέλεσεν;
3536 4616 3655 4680 πῶς
3704 4619 3757 4673 δ’

2167 4700 2288 4770 οὐχὶ
2321 4704 2415 4755 καὶ
2454 4704 2566 4765 τοῖς
2603 4701 2817 4769 ἀλόγοις
2858 4703 2910 4756 οἱ
2955 4698 3164 4772 λογικοὶ
3200 4704 3341 4759 κατὰ
3373 4704 3532 4774 φύσιν
3563 4703 3678 4763 εἷεν
3704 4713 3757 4765 οί

2168 4789 2356 4855 αύτοί;
2395 4792 2430 4860 ή
2478 4790 2712 4861 ἁρμονία
2755 4791 2885 4861 γὰρ,
2931 4790 3119 4863 ῶσπερ
3152 4794 3264 4859 τοῖς
3311 4792 3613 4866 ἀνθρώπιον
3644 4797 3759 4853 σώ-

2163 4897 2352 4951 μασιν,
2383 4880 2526 4933 οὓτω
2565 4881 2660 4933 καὶ
2688 4883 2801 4944 τοῖς
2832 4881 2939 4934 τῶν
2968 4881 3179 4950 ἀλόγων
3212 4884 3414 4950 ὁμοίως
3440 4886 3703 4956 ἐνορᾶται
3734 4902 3752 4917 ο

2160 4968 2302 5023 κατά
2328 4970 2383 5023 δὲ
2413 4970 2599 5024 τοῦτον
2626 4973 2718 5025 τὸν
2747 4970 2908 5040 λόγον
2930 4973 3022 5026 καὶ
3050 4972 3251 5037 πάντες
3273 4974 3340 5028 ἂν
3365 4972 3475 5028 εἷεν
3500 4974 3754 5045 βελτίους

2163 5062 2211 5113 οἱ
2234 5062 2484 5132 κράσεως
2515 5063 2613 5117 καὶ
2647 5064 2913 5134 ἁρμονίας
2939 5068 3209 5137 σωμάτων
3238 5066 3615 5138 εύμοιροῦντες
3648 5068 3753 5140 sp-

2165 5149 2469 5220 φυεστέρας
2502 5150 2596 5201 καὶ
2638 5151 2940 5221 ἀμείνονος.
2982 5154 3047 5205 Ol
3089 5154 3189 5225 μὲν
3223 5149 3318 5207 οὖν
3353 5151 3579 5207 τοιαῦτα
3612 5156 3754 5224 περὶ

2162 5238 2340 5309 ψυχῆς
2381 5241 2777 5313 ὲκενολόγησαν
2802 5259 2816 5273 ·
2874 5244 3024 5297 ἄλλοι
3068 5244 3127 5297 δὲ
3166 5244 3238 5299 τὰ
3266 5244 3413 5316 ζωῆς
3454 5246 3619 5311 αἴτια,
3664 5240 3750 5300 ὧν

2164 5330 2411 5385 ἀπόντων
2442 5333 2474 5403 ἡ
2501 5331 2647 5405 ψυχὴ
2689 5334 2749 5387 τὸ
2776 5334 2938 5404 σῶμα
2968 5336 3290 5390 καταλείπει
3318 5337 3509 5409 νεκρὸν
3528 5375 3545 5402 ,
3587 5338 3747 5392 ταῦτ’

2165 5416 2303 5475 εἶναι
2325 5421 2502 5493 ψυχὴν
2525 5423 2811 5495 ἀνθρώπου
2842 5426 3184 5498 διωρίσαντο.
3233 5446 3253 5481 t
3273 5430 3455 5503 1ἰιορὸιιιι
3479 5430 3523 5484 δ’
3547 5430 3753 5490 οὕτωτί

2150 5752 2183 5806 Γ
2224 5686 2322 5807 (Ἴ)
2341 5685 2566 5756 Ὠσπερ
2597 5706 2673 5745 τι.
2721 5689 2814 5746 Sic
2842 5689 3051 5747 Codex:
3083 5692 3152 5747 V.
3184 5693 3411 5751 Godol'r.
3448 5694 3751 5779 Hermanni

2174 5754 2245 5809 Ib.
2323 5772 2351 5809 e
2371 5758 2575 5809 emend.
2603 5767 2708 5809 rat.
2740 5758 2838 5809 Gr-
2868 5760 2989 5809 Gr“
3019 5777 3073 5809 η-
3102 5763 3194 5809 70-
3220 5772 3276 5809 et
3291 5766 3421 5809 Car-
3445 5767 3727 5809 Ωοριιιηιη

2323 5758 2708 5843 ε-ειιιειξάἈι-αε.
2740 5758 2841 5843 Gr;
2852 5760 2989 5843 _Cr,_,
3019 5777 3074 5833 p.
3102 5763 3195 5831 70,
3220 5772 3276 5821 et
3291 5766 3424 5823 Car.
3445 5767 3750 5843 Goettling.

2150 5824 2227 5878 De
2240 5836 2457 5899 necent.
2491 5828 2527 5880 ι.
2568 5826 2688 5894 Gr.,
2719 5844 2775 5899 p.
2811 5831 2882 5899 85
2911 5824 2998 5885 ed.
3019 5824 3146 5888 'see.

2230 5893 2307 5964 (5)
2342 5896 2467 5964 Πῦρ
2489 5893 2776 5970 yet/tepet}.
2810 5898 2874 5956 V.
2909 5900 3066 5973 Ilias,
3103 5918 3180 5974 Ix,
3218 5902 3345 5961 242.
