4010 6298
174 410 333 468 -εεο

236 540 334 589 σοι,
364 544 381 575 ι
409 524 497 579 καὶ
534 527 780 599 ἐξῆς.Εί,
799 522 872 585 ὧν
891 532 1156 599 ἀπόντων,
1182 534 1468 607 ἄνθρωπος
1499 538 1805 606 σϐέννυται,

234 611 383 666 τοῦτό
407 614 559 672 ἐστιν
581 618 734 689 αὐτῷ
757 620 923 691 ψυχὴ.
951 621 1071 694 ὥρα
1101 640 1185 677 σοι
1215 621 1314 692 τὴν
1338 626 1645 698 ’ἡμερήσιον
1682 646 1809 699 τρο-

234 702 334 770 φὴν
375 703 569 777 ψυχὴν.
608 711 840 763 σεαυτοῦ
892 712 1225 767 ἀποκαλεῖν-θ
1283 715 1475 787 θνητὸν
1518 717 1628 791 γὰρ
1655 719 1805 785 ὄντα,

231 798 428 868 τροφῆς
474 802 609 874 ἄτερ
654 804 951 875 ἀμήχανον¹
980 796 1297 877 παντάπασι
1350 812 1452 883 ζῇν
1482 827 1494 841 ·
1542 811 1656 864 ἐστι
1699 812 1807 883 γὰρ

233 890 385 942 παντὶ
408 890 533 962 ζώῳ
556 898 927 970 συντηρητικὴ
957 899 1186 970 δύναμις
1219 904 1253 972 ἡ
1288 903 1586 974 ἡμερήσιος
1615 901 1803 972 ὲδωδήθ

232 994 421 1047 panem
464 984 703 1039 animam
755 998 902 1043 tuam
946 1005 1146 1046 vocare
1192 1007 1206 1045 :
1257 993 1509 1048 mortalis
1553 994 1700 1048 enim
1744 1007 1871 1047 cum
1918 994 2016 1057 sis,
2048 993 2258 1065 absque
2288 996 2551 1051 alimento
2584 993 2925 1066 impossibile
2963 995 3187 1050 omnino
3216 993 3315 1049 tibi
3346 994 3496 1049 vive-
3572 1010 3581 1019 '

1254 416 1323 473 ΙΝ
1354 416 1665 476 (ᾺΒΜΙΝΑ
1690 419 1969 479 ARCANA
2008 421 2066 477 S.
2104 420 2461 479 GRECORII.
2508 415 2514 419 ’

3392 426 3499 486 690

1911 549 2074 607 sunt;
2099 541 2191 596 alii
2221 556 2374 605 vero,
2395 538 2666 611 principia
2683 539 2829 605 vitze,
2858 540 3063 612 quibus
3092 539 3499 607 deﬁcientibus,

1917 632 2097 685 anima
2127 646 2329 700 corpus
2360 630 3236 701 delinquitfmortuummaecesse
3262 631 3501 687 hominis

1915 722 2154 777 animam
2212 723 2639 778 aﬂirmaverunt.
2692 742 2731 774 ι.
2765 722 2903 777 Esca
2963 725 3109 791 vero,
3152 737 3498 792 nequaquam

1914 813 2011 867 tibi
2057 832 2075 865 ι
2109 821 2163 869 et
2194 829 2312 884 seq.
2337 844 2409 854 —
2442 814 2500 868 Si
2526 815 2729 884 quibus
2757 813 3141 869 deﬁcientibus
3176 815 3338 867 homo
3382 816 3498 868 ex-

1912 904 2106 973 spirat,
2140 906 2246 960 ista
2280 913 2409 959 sunt
2445 904 2550 974 ipsi
2592 904 2795 968 anima,
2832 904 2968 958 hora
2999 905 3093 959 tibi
3119 903 3496 977 quotidianum

228 1084 314 1127 re:
346 1086 473 1126 nam
493 1075 644 1129 omni
672 1076 895 1133 animali
937 1083 1321 1138 conservatrix
1352 1092 1439 1140 est
1467 1095 1645 1140 Virtus
1677 1085 2033 1154 quotidianus
2071 1086 2274 1142 victus.

229 1178 298 1231 22
334 1177 480 1234 Οἶδα
502 1182 570 1236 δὲ
598 1184 697 1238 καὶ
729 1188 918 1256 λόγον
946 1178 1165 1255 ἀλλον,
1195 1190 1314 1245 κτλ.

294 1285 449 1357 Οἶδα,
491 1295 643 1362 φησὶ,
692 1296 788 1349 καὶ
830 1297 1018 1369 ἕτερον
1050 1299 1227 1371 δόγμα
1255 1306 1505 1367 παλαιὸν,
1551 1302 1648 1356 καὶ
1690 1297 1805 1367 τοῖς

228 1382 390 1437 πάλαι
416 1384 561 1454 μέγα
587 1387 874 1457 φρονοῦσιν
896 1390 990 1442 ἐπὶ
1021 1391 1183 1463 σοφίᾳ
1208 1392 1641 1464 ληρῳδούμενον·
1666 1394 1803 1466 ὅπερ

227 1474 323 1526 οὐκ
345 1472 411 1528 ἂν
433 1476 915 1549 καταδιδαξαίμην,
941 1482 1145 1534 εἰκαῖον
1170 1481 1247 1552 (6)
1271 1484 1364 1536 καὶ
1386 1483 1697 1554 ὑπόψυχρον
1718 1485 1797 1538 ὃν.

226 1564 359 1615 Φασὶ
386 1558 517 1637 γὰρ
560 1569 937 1639 προϋπάρχειν
971 1570 1198 1625 καθόλου
1228 1574 1345 1629 ,τῶν
1373 1575 1677 1647 ἀνθρώπων
1704 1578 1801 1648 τὴν

226 1654 420 1724 ψυχὴν,
447 1658 545 1710 καῖ
564 1658 769 1729 ταύτην
792 1660 975 1732 κοινὴν
1001 1657 1160 1729 εἶναι,
1183 1664 1323 1718 καθὰ
1346 1665 1454 1720 τῶν
1477 1668 1805 1737 σωματικῶν

227 1743 507 1813 στοιχείων
532 1745 764 1800 ἕκαστον
788 1750 955 1802 πᾶσιν
984 1750 1288 1820 ἀνθρώποις
1310 1754 1451 1806 κατά
1471 1755 1570 1824 τὴν
1592 1756 1805 1824 γένεσιν

226 1832 711 1905 ἐπιμεριζομένην,
745 1836 811 1889 δι’
839 1836 960 1891 ὅλου
991 1839 1049 1891 δὲ
1078 1840 1171 1894 τοῦ
1203 1842 1341 1913 ὑπὲρ
1372 1843 1613 1915 κεφαλῆς
1644 1847 1805 1917 ἀέρος

230 1918 590 1994 πλανωμένην
634 1926 731 1980 καὶ
765 1928 863 1997 τῆς
893 1928 1031 1999 πρὸς
1059 1930 1127 1985 τὰ
1168 1930 1396 2003 σώματα
1433 1934 1629 2000 δέσεως
1656 1938 1805 2008 ἐφιε-

225 2010 413 2080 μένην.
456 2014 520 2067 Εἰ
549 2014 606 2068 δὲ
632 2016 791 2070 τοῦτο
818 2017 1021 2089 δοθείη,
1048 2022 1229 2076 πᾶσαν
1260 2020 1400 2079 εἶναι
1429 2016 1609 2099 ψυχὴν
1628 2030 1805 2099 ὁμοιό-

221 2116 435 2169 τροπον,
466 2103 544 2166 ὡς
572 2105 649 2176 μὴ
669 2106 769 2178 τὴν
796 2108 894 2179 μὲν
922 2106 1138 2176 βελτίω,
1162 2112 1261 2183 τὴν
1286 2114 1343 2168 δὲ
1372 2116 1560 2187 χείρω,
1588 2118 1683 2172 καὶ
1702 2119 1803 2189 τὴν

225 2192 321 2260 μὲν
360 2194 1099 2271 εὐθεῖανάνωμολογῆσθαι,
1140 2204 1239 2277 τὴν
1276 2206 1335 2259 δὲ
1371 2206 1671 2279 δύστροπον
1708 2212 1804 2265 καὶ

222 2283 461 2350 mh)“,
478 2286 554 2351 ὡς
569 2289 730 2361 ἀέρος
750 2290 806 2344 δὲ
829 2293 989 2362 φύσιν
1009 2297 1368 2367 εἰσπνευστήν
1383 2314 1442 2351 τε
1458 2286 1553 2352 καὶ
1572 2302 1803 2355 ἐκπνευ-

222 2375 350 2446 στὴν
377 2379 516 2431 πᾶσι
548 2377 759 2453 βροτοῖς
788 2384 1119 2441 καθεστάναι
1147 2389 1247 2459 τὴν
1278 2390 1469 2461 αὐτὴν,
1504 2392 1703 2457 πάντες
1744 2394 1803 2448 δὲ

218 2466 440 2521 ἔσονται
451 2472 607 2537 πᾶσι,
632 2475 728 2526 καὶ
752 2474 833 2528 ἔτι
863 2476 1063 2543 ζῶντες
1091 2482 1149 2533 ὲν
1173 2479 1408 2551 σώματι,
1432 2483 1610 2552 καίγε
1635 2501 1803 2555 μετα-

220 2558 491 2624 πνέοντες,
521 2563 699 2617 εῐτουν
727 2566 1101 2633 ἀποσιοῦντες,
1125 2569 1327 2635 πάντες
1350 2572 1409 2625 ὲν
1431 2574 1566 2626 πᾶσι
1588 2575 1799 2629 κεῖσθαι

220 2646 702 2721 ὑπονοηθήσονται,
731 2653 809 2724 τῷ
842 2654 968 2725 μίαν
996 2656 1202 2711 οἴεσθαι
1230 2658 1337 2712 τῶν
1362 2658 1499 2715 ὅλων
1531 2662 1799 2733 ὑπάρχειν

216 2736 394 2809 ψυχήν
412 2757 427 2769 ·
450 2743 486 2808 ἡ
508 2740 646 2814 αὑτὴ
670 2743 747 2807 δὲ,
773 2745 929 2815 φησὶ,
953 2746 1162 2800 καὶτοῦ
1189 2747 1350 2819 ἀέρος
1376 2750 1615 2821 ὑπάρχει
1642 2752 1799 2823 ῥύσις

217 2827 390 2882 ἄλλοτ’
413 2831 475 2883 ἐν
492 2830 674 2896 ἄλλοις
698 2833 1060 2906 διαχυνομένη
1084 2835 1288 2900 τόποις.
1326 2838 1389 2890 Εί
1415 2838 1471 2892 δὲ
1496 2838 1693 2907 λέγοις,
1723 2840 1799 2901 ὡς

218 2918 311 2987 οὐχ
342 2919 513 2984 οὕτως
546 2924 579 2992 ὴ
611 2922 757 2994 ψυχὴ
788 2927 963 2993 χεῖται
990 2926 1179 2997 ὥσπερ
1209 2930 1237 2979 ὁ
1263 2927 1393 2999 ἀὴρ,
1423 2929 1480 2981 ἐν
1508 2930 1590 2983 ἑνὶ
1612 2930 1667 2982 δὲ
1702 2930 1798 2983 καὶ

216 3007 292 3077 τῷ
322 3010 475 3081 αὐτῷ
503 3010 667 3083 χώρῳ
706 3013 970 3083 διαμένει,
1008 3015 1351 3085 πυνθάνομαί
1400 3033 1460 3069 σε
1504 3017 1708 3084 λοιπὸν,
1745 3018 1799 3071 τί

220 3099 316 3168 μὲν
340 3102 474 3172 παρ’
502 3103 671 3173 ἑαυτῇ
705 3102 943 3173 μένουσα
968 3104 1253 3174 κατέσχεν,
1283 3104 1337 3157 τί
1365 3105 1422 3159 δὲ
1457 3106 1517 3159 τὸ
1550 3109 1662 3169 τοῖς
1692 3124 1798 3179 μη-

216 3188 411 3260 τρῴοις
443 3191 773 3262 σπλάγχνοις
804 3195 1241 3265 ζωογονούμενον
1266 3196 1301 3267 ἢ
1335 3197 1794 3269 κυοφορούμενον.

218 3280 281 3332 Εἰ
314 3281 425 3353 γὰρ
468 3282 627 3348 ἐκτός
664 3300 733 3353 με
773 3280 939 3339 οὖσαν
976 3285 1388 3357 ἀπολελυμένην
1419 3288 1513 3340 τοῦ
1546 3288 1798 3359 σώματος

219 3372 312 3423 καὶ
348 3371 644 3444 ἐλευθέραν
683 3376 874 3446 φήσειε
910 3376 1073 3445 τυχὸν
1098 3377 1331 3451 ⁴ἡψυχὴ,
1360 3380 1397 3448 ἡ
1425 3380 1609 3450 μήτηρ
1646 3381 1798 3451 μερί-

219 3476 353 3514 σασα
390 3461 737 3532 προέσπασεν
771 3465 804 3536 ἢ
841 3467 1248 3537 προεσπάσατο,
1282 3469 1335 3521 τί
1369 3469 1470 3539 μὲν
1500 3470 1626 3541 ἔσχε
1671 3472 1795 3526 καθ’

218 3551 375 3605 ἑαυτὸ
407 3553 592 3624 μένον,
621 3556 674 3607 τί
703 3556 760 3610 δὲ
790 3557 855 3609 τὰ
878 3559 937 3611 ὲν
965 3558 1187 3635 κόλποις
1212 3560 1384 3630 αὐτῆς
1424 3561 1554 3627 ζῶν,
1592 3563 1684 3616 καὶ
1715 3566 1797 3629 είς

216 3642 305 3697 τὸν
336 3644 611 3700 ἐπώδυνον
652 3647 766 3717 βίον
798 3650 894 3704 καὶ
931 3642 1266 3723 πολύμοχθον
1298 3656 1616 3725 ἐρχόμενον.
1649 3658 1712 3712 El
1737 3658 1797 3713 δέ

216 3748 280 3801 γε
305 3735 371 3789 σὺ
398 3735 606 3807 ταύτην
635 3738 735 3793 καὶ
763 3739 1003 3796 πλεόνων
1033 3743 1240 3797 τέκνων
1270 3748 1482 3816 μητέρα
1512 3746 1792 3819 ὑποθείης,

216 3824 517 3896 τετίμηκας
562 3828 757 3899 ἄτιμον
795 3830 983 3903 τιμὴν,
1018 3833 1258 3888 πλεόνων
1286 3834 1475 3905 ψυχῶν
1514 3840 1637 3901 ταῖς
1666 3837 1794 3890 δυσ-

216 3918 452 3986 χερείαις
490 3918 585 3973 τοῦ
625 3919 744 3992 βίου
777 3923 873 3976 καὶ
898 3924 1294 3995 ταλαιπωρίαις
1316 3926 1665 4001 δακνομένων
1698 3931 1795 3986 καὶ

219 4007 591 4079 κολαζομένων
617 4011 798 4067 αἰτίαν
820 4012 1023 4086 ταύτην
1057 4015 1400 4081 ἀποδεικνύς.

214 4136 282 4195 52
319 4141 403 4195 Οὐ
446 4141 713 4198 πινυτῶν
751 4142 855 4200 ὅδε
885 4146 1100 4217 μῦθος,
1140 4148 1642 4294 ὰώσιαῑὲιῖἰγνια
1662 4155 1794 4278 i3!-

1463 4240 1564 4289 ων,
1596 4241 1662 4278 κτ
1700 4266 1717 4279 .

1463 4240 1564 4289 ων,
1596 4240 1717 4279 κτλ.

281 4336 452 4407 Οὗτος
486 4345 605 4415 μὲν,
638 4344 825 4417 φησὶῆ
859 4350 889 4403 ὁ
920 4350 1077 4422 λόγος
1116 4355 1144 4407 ὁ
1191 4354 1322 4424 μίαν
1367 4358 1480 4420 τοῖς
1522 4357 1667 4422 δλοις
1694 4361 1790 4414 ἀν-

214 4430 451 4502 θρώποις
497 4436 973 4509 ὲπιμεριζόμενος,
1005 4441 1083 4505 ὡς
1112 4443 1346 4514 εἴρηται,
1387 4444 1585 4519 ψυχὴν,
1619 4451 1790 4520 ἀφρο-

213 4523 377 4594 σύνης
407 4526 500 4578 καὶ
529 4528 716 4591 ἀνοίας
747 4531 985 4599 μεστόςὴ
1013 4531 1213 4587 ἐτώσια
1245 4533 1301 4587 δὲ
1330 4537 1423 4589 καὶ
1458 4538 1665 4607 μάταια
1695 4542 1789 4595 καὶ

212 4614 546 4687 παιδαριώδη
596 4621 825 4686 παίγνια
872 4620 1071 4691 βίϐλων
1118 4624 1509 4682 ἀνατάττονται
1541 4632 1638 4685 καὶ
1673 4634 1786 4688 ὅσοι

212 4704 382 4758 πολλά
411 4705 640 4777 σώματα
670 4709 810 4763 κατά
830 4713 957 4774 τοὺς
980 4712 1130 4782 βίους
1150 4714 1270 4768 τῶν
1287 4717 1533 4774 παλαιῶν
1553 4722 1785 4792 ἀνδρῶν,

210 4794 431 4861 ἀγαθῶν
461 4814 521 4850 τε
543 4798 639 4851 καὶ
667 4800 875 4865 κακῶν,
903 4803 937 4873 ἢ
968 4804 1034 4856 δι’
1064 4805 1392 4877 ἀντάμειψιν
1425 4809 1626 4881 ἀρετῆς
1660 4814 1691 4883 ἢ
1720 4816 1788 4867 δι’

211 4884 484 4957 ἁμαρτίας
551 4890 741 4961 ποινὴν
815 4892 946 4962 μίαν
1007 4897 1104 4948 καὶ
1170 4896 1269 4968 τὴν
1317 4900 1486 4973 αὐτὴν
1539 4904 1789 4974 ἀμείϐειν

212 4976 468 5044 ὲδὸξασαν
492 4979 697 5051 ψυχήν.
742 4983 1010 5056 Καθάπερ
1039 4986 1353 5061 γάροᾶνδρα
1387 4992 1510 5045 τινά
1552 4994 1790 5065 ἱματίοις

211 5069 669 5139 περιστέλλοντες,
695 5075 790 5126 καὶ
814 5069 971 5138 αὖθις
989 5077 1248 5148 ἀκόσμως
1272 5084 1669 5154 μετενδύοντες,
1696 5089 1790 5142 καὶ

344 5159 505 5214 ἄλλου
546 5163 794 5234 σώματος
831 5166 913 5231 είς
956 5167 1106 5231 ἄλλο,
1143 5169 1243 5221 οὐκ
1274 5172 1563 5244 ἀνθρώπου
1601 5179 1780 5248 μόνον,

210 5246 345 5339 ἀλλά
371 5250 465 5304 καὶ
487 5251 627 5316 ζώου
651 5252 848 5322 ἀλόγου
881 5258 975 5309 καὶ
1002 5257 1171 5323 φυτοῦ
1201 5259 1362 5316 πάλιν
1398 5264 1561 5337 σῶμα
1589 5246 1786 5339 μεταγ-

212 5337 451 5403 γίζοντες
497 5340 596 5413 τὴν
644 5342 855 5415 ψυχὴν,
904 5346 1001 5400 καὶ
1040 5347 1184 5404 οὕτω
1233 5354 1641 5423 κενολογοῢντες
1690 5337 1784 5415 καὶ

215 5429 415 5495 μάταια
443 5431 732 5504 ληροῦντες
758 5437 821 5489 οὐ
858 5438 1132 5494 συνιοῦσιν
1151 5459 1166 5474 ·
1213 5445 1308 5499 καὶ
1333 5439 1524 5521 ὥσπερ
1562 5452 1652 5505 τὸν
1682 5471 1785 5508 πα-

213 5515 357 5571 λαιὸν
394 5521 603 5575 ἐκεῖνον
649 5522 836 5590 Ἰξίονα
880 5527 929 5579 οἱ
978 5526 1138 5597 μῦθοι
1179 5515 1506 5591 πλάττουσιν
1537 5540 1617 5604 είς
1663 5542 1785 5598 θεὸν

214 5609 601 5682 ἡμαρτηκότα,
635 5615 814 5687 τροχῷ
847 5616 1209 5692 ἑνειρόμενον,
1251 5625 1346 5679 καὶ
1386 5627 1594 5694 ἀενὰως
1623 5631 1700 5703 (7)
1727 5634 1785 5688 ἐν

284 5786 359 5859 (6)
399 5788 529 5847 Cod.
541 5826 547 5831 ~
561 5795 802 5853 δίκαιον.

1909 1194 1980 1248 22
2021 1194 2161 1251 Novi
2184 1209 2237 1252 et
2262 1198 2426 1252 aliam
2458 1200 2792 1267 senlmtiam,
2818 1208 2925 1255 etc.

1937 1297 2133 1374 'Novi,
2158 1309 2255 1374 ait,
2307 1318 2361 1365 et
2407 1310 2571 1364 aliam
2604 1311 2933 1389 sententiam
2956 1319 3216 1377 veterem,
3257 1319 3313 1369 et
3357 1314 3490 1367 olim

1906 1399 2351 1468 superbientibus
2386 1401 2441 1455 in
2472 1400 2743 1471 sapientia
2787 1402 3019 1473 usitatas
3069 1403 3321 1473 ineptias.
3347 1419 3487 1472 quas

1903 1498 2051 1544 certe
2091 1505 2204 1544 non
2251 1489 2529 1555 docerem,
2572 1493 2774 1562 quippe
2799 1478 2950 1567 quod
2989 1500 3075 1548 est
3122 1494 3496 1548 iucousidera-
3566 1566 3572 1570 .

1902 1586 2040 1644 tum,
2103 1578 2418 1649 nulliusque
2484 1581 2665 1649 pretii.
2723 1581 2893 1637 Aiunt
2920 1582 3066 1637 enim
3096 1595 3321 1652 prorsus
3351 1599 3494 1653 prie-

1906 1668 2173 1724 exsistere
2204 1670 2441 1724 animam
2472 1670 2777 1739 hominum,
2828 1672 3115 1744 ipsamque
3143 1689 3491 1729 communem

1906 1758 2298 1815 elementorum
2323 1773 2710 1833 corporearum
2754 1764 2986 1834 singulis
3026 1779 3169 1830 esse,
3224 1765 3489 1821 omnibus

1904 1845 2220 1904 hominibus
2240 1850 2303 1905 in
2316 1850 2404 1904 die
2421 1851 2720 1910 nativitatis
2740 1852 2995 1926 divisam,
3016 1841 3205 1925 utpote
3226 1870 3490 1927 bquacper

1906 1951 2032 1992 aera
2059 1937 2263 2008 ubique
2295 1954 2460 2009 supra
2489 1950 2653 2011 caput
2686 1940 2883 1997 did‘usa
2936 1949 2993 1999 et
3035 1934 3337 2014 junctionis
3364 1960 3491 2001 cum

1905 2030 2229 2099 corporibus
2267 2031 2445 2086 avida.
2480 2032 2636 2098 Quod
2664 2034 2713 2089 si
2738 2033 2921 2100 detur,
2959 2048 3177 2090 omnem
3206 2050 3330 2092 esse
3356 2037 3484 2090 ani—

1905 2132 2045 2172 mam
2087 2134 2300 2191 morum
2358 2122 2698 2189 earumdem,
2751 2124 2979 2194 proinde
3017 2140 3125 2181 non
3171 2125 3315 2180 hanc
3375 2140 3491 2181 me-

1904 2208 2117 2276 liorem,
2151 2218 2206 2266 et
2241 2211 2389 2266 illam
2420 2213 2683 2283 pejorem,
2714 2230 2816 2270 nec
2871 2216 3013 2270 banc
3052 2222 3281 2283 rectam,
3334 2215 3486 2270 illam

1904 2312 2031 2353 vere
2054 2313 2325 2356 morosam
2350 2308 2404 2355 ct
2445 2318 2759 2372 perversam
2780 2304 2835 2358 in
2868 2302 3124 2359 confesso
3160 2319 3302 2369 esse,
3339 2304 3486 2359 sicut

1903 2390 2047 2447 aeris
2075 2399 2272 2446 natura
2295 2391 2363 2446 ad
2394 2392 2746 2462 aspirandnm
2788 2381 2853 2451 et
2888 2394 3271 2465 respirandum
3310 2395 3492 2448 omni--

1901 2478 2006 2536 bus
2034 2482 2359 2537 mortalibus
2389 2491 2607 2539 constat
2659 2484 2870 2548 eadem,
2919 2500 3111 2540 omnes
3164 2492 3329 2540 erunt
3368 2499 3491 2539 om-

1900 2570 2053 2625 nium
2095 2581 2150 2626 et
2196 2573 2377 2628 adhuc
2405 2574 2657 2630 viventes
2679 2575 2733 2629 in
2759 2590 2993 2645 corpore
3023 2582 3077 2630 et
3092 2575 3477 2646 exspirantes;

1900 2672 1994 2717 aut
2021 2662 2345 2721 decedentes
2374 2680 2567 2721 omnes
2591 2667 2646 2722 in
2676 2666 2933 2722 omnibus
2958 2666 3146 2736 jacere
3200 2667 3491 2722 existima-

1902 2752 2107 2810 buntur
2130 2770 2197 2811 ex
2212 2757 2483 2812 sententia
2508 2758 2782 2813 credentis
2810 2759 3191 2815 universorum
3225 2759 3491 2814 exsistere

1902 2849 2140 2903 animam
2176 2867 2190 2903 :
2227 2850 2558 2916 eadem,ait,
2621 2858 2676 2905 et
2722 2852 2865 2905 acris
2889 2851 3107 2906 exsistit
3134 2849 3302 2906 ﬂuxio
3340 2864 3490 2906 nunc

1900 2939 1959 2993 in
1982 2940 2091 3004 bis,
2120 2956 2267 2994 nunc
2296 2941 2353 2995 in
2386 2941 2508 2997 istis
2532 2939 2729 2997 diﬂ‘usa
2753 2942 2914 2998 locis.
2940 2943 2998 2996 Si
3021 2950 3203 2997 autem
3234 2943 3477 2997 dixeris:

1898 3028 2018 3085 Non
2046 3029 2373 3085 diffunditur
2406 3031 2589 3085 anima
2618 3031 2763 3086 sicut
2794 3046 2909 3096 aer,
2955 3032 3013 3086 in
3066 3046 3178 3086 uno
3204 3039 3260 3087 et
3293 3032 3486 3087 eodem

1898 3110 2021 3176 loco
2053 3128 2325 3188 remanet,
2386 3128 2440 3177 te
2476 3121 2825 3193 interrogabo
2857 3123 2926 3177 de
2963 3132 3162 3178 caetero
3194 3142 3208 3177 :
3249 3122 3397 3193 Quid
3430 3125 3481 3180 si

1896 3212 2042 3283 apud
2073 3229 2133 3269 se
2160 3214 2336 3285 ipsam
2365 3229 2593 3269 manens
2621 3215 2869 3284 perstat?
2901 3213 3041 3281 Quid
3087 3229 3120 3269 e
3170 3225 3364 3271 contra
3418 3215 3490 3272 de

1897 3315 2167 3375 concepto
2196 3305 2459 3365 maternis
2491 3305 2545 3359 in
2564 3305 2897 3369 visceribus,
2922 3304 3152 3375 quidde
3176 3308 3491 3377 praegnata‘!

1905 3391 1962 3451 Si
2005 3409 2095 3449 me
2129 3394 2365 3450 solutam
2399 3409 2634 3465 corpore
2673 3402 2738 3451 et.
2781 3395 3031 3459 liberam,
3075 3394 3261 3451 dicere
3282 3398 3487 3465 poterit

1900 3483 2104 3547 anima,
2133 3492 2313 3538 mater
2334 3484 2588 3541 dividens
2615 3485 2853 3556 projecit
2877 3493 2972 3539 aut
3002 3485 3273 3556 projicere
3293 3495 3487 3543 coacta

1898 3577 2003 3633 est,
2026 3571 2158 3641 quid
2191 3573 2420 3627 retinuit
2466 3573 2521 3627 in
2555 3588 2616 3629 se
2647 3589 2901 3638 manens,
2929 3574 3061 3643 quid
3098 3589 3227 3630 vero
3258 3575 3402 3645 quod
3428 3576 3485 3630 in

1899 3662 2024 3717 sinu
2053 3660 2174 3730 ejus
2200 3662 2391 3718 vivens
2416 3672 2580 3733 atque
2608 3662 2663 3718 in
2684 3664 3001 3720 doloresam
3029 3663 3194 3719 vitam
3214 3672 3270 3720 et
3288 3678 3487 3719 aerum-

1898 3766 2090 3808 nosam
2122 3754 2438 3809 accedens?
2464 3753 2864 3829 Supponasque
2892 3757 3066 3827 ipsam
3096 3764 3151 3813 et
3181 3770 3489 3812 numerosa:

1898 3852 2130 3897 matrem
2173 3844 2365 3915 prolis,
2432 3860 2533 3917 pro
2578 3846 2788 3902 honore
2836 3846 3193 3918 ignominiam
3246 3846 3483 3915 dedisti,

1901 3934 1993 4006 qui
2022 3937 2317 4005 multarum
2344 3939 2652 3995 animarum
2680 3942 2947 4001 arumnis
2990 3943 3116 3997 vita:
3153 3951 3208 3998 et
3244 3941 3487 3998 miseriis

1898 4041 2288 4099 Oppressarum
2323 4038 2380 4086 et
2410 4039 2683 4087 tactarum
2742 4047 2967 4091 causam
3026 4034 3175 4089 illam
3214 4034 3483 4092 ostendis.

1899 4163 1971 4219 '52
2010 4136 2160 4221 Vana
2211 4164 2470 4220 librorum
2528 4167 2762 4221 ludibria
2819 4184 2882 4222 ac
2941 4168 3213 4223 hominum
3272 4169 3488 4225 minime

2595 4235 2937 4308 [sapientium
2960 4248 3040 4293 est
3083 4240 3281 4307 opinio,
3312 4248 3418 4294 ete.

1969 4374 2098 4440 Iste,
2159 4374 2359 4444 inquit,
2424 4387 2590 4427 unam
2644 4370 2920 4427 universis
2975 4371 3292 4429 hominibus
3330 4372 3489 4426 attri-

1894 4461 2093 4529 bucns,
2160 4469 2221 4517 ut
2257 4463 2465 4518 dictum
2491 4469 2595 4524 est,
2623 4461 2856 4517 divisam
2888 4460 3152 4525 animam,
3188 4476 3372 4517 sermo
3400 4462 3488 4516 in-

1898 4554 2052 4609 sauia
2103 4561 2267 4624 atque
2304 4552 2865 4622 ineptiaredundans.
2897 4552 3064 4607 Vanis
3111 4560 3183 4607 et.
3214 4552 3384 4609 fatuis
3431 4561 3487 4608 et

1898 4643 2203 4713 puerilibus
2257 4644 2575 4713 crepundiis
2602 4642 2776 4698 libros
2837 4652 3285 4714 composuerunt,
3317 4650 3484 4713 quot-

1887 4741 2020 4803 quot
2042 4732 2210 4787 multa
2236 4748 2470 4804 corpora
2503 4749 2601 4805 per
2628 4741 2879 4790 veterum
2908 4734 3053 4792 vitas
3085 4734 3355 4799 virorum,
3384 4734 3484 4791 bo-

1888 4839 2085 4879 norum
2116 4832 2173 4880 et
2211 4825 2503 4888 malorum,
2554 4826 2671 4881 sive
2702 4826 2775 4880 ob
2817 4826 3040 4881 virtutis
3082 4828 3484 4882 remuneratio-

1889 4927 2009 4977 ncs,
2044 4911 2162 4967 sive
2197 4913 2270 4967 ob
2302 4913 2513 4983 peccati
2545 4928 2759 4983 poenas,
2790 4930 2957 4969 unam
2986 4924 3041 4970 et
3056 4914 3323 4971 eamdem
3355 4931 3485 4973 suc-

1889 5002 2101 5057 crssive
2115 5001 2365 5058 habitare
2392 5004 2599 5073 opinati
2623 5011 2751 5060 sunt
2774 5007 3036 5060 animam.
3069 5004 3317 5077 Namque
3334 5007 3479 5063 sicut

1888 5091 1981 5159 qui
2024 5093 2202 5145 virum
2237 5093 2555 5162 quemdam,
2581 5095 2829 5151 vestibus
2865 5098 3150 5166 aperirent
3189 5106 3245 5153 et
3276 5099 3475 5157 iterum

1892 5182 2200 5241 inordinate
2220 5194 2503 5252 exuerent,
2535 5187 2604 5241 ab
2630 5186 2740 5241 alio
2765 5202 2996 5259 corpore
3010 5191 3248 5244 animam
3274 5192 3475 5247 iterum

1891 5274 1947 5327 in
1978 5274 2128 5327 aliud
2152 5274 2602 5332 transiuit-dentes
2629 5292 2854 5348 corpus,
2896 5295 3007 5334 non
3043 5288 3257 5337 tantum
3292 5283 3476 5340 bomi-

1892 5364 1999 5429 nis,
2032 5365 2128 5419 sed
2153 5366 2317 5422 etiam
2348 5353 2602 5425 animalis
2650 5370 3049 5428 irrationabilis
3078 5380 3131 5428 ct
3161 5374 3381 5445 planae,
3420 5386 3478 5433 et

1892 5455 1974 5510 sic
1997 5471 2135 5510 vana
2160 5458 2467 5531 loquentes,
2499 5472 2553 5515 et
2583 5460 2749 5516 stulta
2789 5461 3088 5519 delirantes
3110 5478 3219 5519 non
3273 5466 3475 5523 intelli-

1863 5589 1867 5592 .
1895 5555 2052 5616 gunt.
2091 5546 2156 5599 Et
2185 5550 2331 5603 sicut
2360 5552 2650 5620 antiquum
2674 5550 2875 5607 "istum
2932 5554 3121 5608 Ixiona
3150 5557 3348 5612 fabula:
3377 5561 3456 5615 de-

1893 5638 2128 5709 pingunt
2165 5640 2223 5694 in
2275 5640 2445 5695 Deum
2494 5657 2620 5705 cum
2686 5634 3071 5713 peccavisset,
3157 5649 3223 5701 ad
3294 5658 3472 5708 rotam

1958 5814 2036 5883 (7)
2113 5816 2374 5886 Ἀενὰως.
2427 5818 2549 5876 Non
2598 5823 2779 5879 omnia
2836 5840 2963 5883 vera
3027 5835 3152 5883 sunt
3208 5844 3327 5902 qua:
3400 5830 3468 5886 de
