  <div class='ocr_page' id='page_1' title='image "/cluster/home/n/w/nwhite01/storage/ocr_20150623/38/pst.000005712335/375.png"; bbox 0 0 4010 6298; ppageno 0'>
   <div class='ocr_carea' id='block_1_1' title="bbox 489 378 590 435">
    <p class='ocr_par' dir='ltr' id='par_1_1' title="bbox 489 378 590 435">
     <span class='ocr_line' id='line_1_1' title="bbox 489 378 590 435; baseline 0 -2"><span class='ocrx_word' id='word_1_1' title='bbox 489 378 590 435; x_wconf 74' lang='grc' dir='ltr'><strong>θοι</strong></span> 
     </span>
    </p>
   </div>
   <div class='ocr_carea' id='block_1_2' title="bbox 488 500 2048 574">
    <p class='ocr_par' dir='ltr' id='par_1_2' title="bbox 488 500 2048 574">
     <span class='ocr_line' id='line_1_2' title="bbox 488 500 2048 574; baseline 0.002 -19"><span class='ocrx_word' id='word_1_2' title='bbox 488 501 767 573; x_wconf 80' lang='lat' dir='ltr'><strong>alligatum</strong></span> <span class='ocrx_word' id='word_1_3' title='bbox 809 511 864 559; x_wconf 91' lang='lat' dir='ltr'><strong>et</strong></span> <span class='ocrx_word' id='word_1_4' title='bbox 898 502 1102 574; x_wconf 88' lang='lat' dir='ltr'><strong>iugiter</strong></span> <span class='ocrx_word' id='word_1_5' title='bbox 1158 501 1215 557; x_wconf 91' lang='lat' dir='ltr'><strong>in</strong></span> <span class='ocrx_word' id='word_1_6' title='bbox 1259 500 1469 558; x_wconf 77' lang='lat' dir='ltr'><strong>circulo</strong></span> <span class='ocrx_word' id='word_1_7' title='bbox 1533 500 1780 556; x_wconf 86' lang='lat' dir='ltr'><strong>volutum</strong></span> <span class='ocrx_word' id='word_1_8' title='bbox 1812 503 2048 573; x_wconf 88' lang='lat' dir='ltr'><strong>&#39;puniri;</strong></span> 
     </span>
    </p>
   </div>
   <div class='ocr_carea' id='block_1_3' title="bbox 489 592 2065 663">
    <p class='ocr_par' dir='ltr' id='par_1_3' title="bbox 489 592 2065 663">
     <span class='ocr_line' id='line_1_3' title="bbox 489 592 2065 663; baseline -0.001 -15"><span class='ocrx_word' id='word_1_9' title='bbox 489 594 640 655; x_wconf 79' lang='lat' dir='ltr'><strong>sicut</strong></span> <span class='ocrx_word' id='word_1_10' title='bbox 683 594 848 650; x_wconf 87' lang='lat' dir='ltr'><strong>etiam</strong></span> <span class='ocrx_word' id='word_1_11' title='bbox 906 593 1199 661; x_wconf 74' lang='lat' dir='ltr'><strong>Tantaium</strong></span> <span class='ocrx_word' id='word_1_12' title='bbox 1242 595 1356 649; x_wconf 89' lang='lat' dir='ltr'><strong>alio</strong></span> <span class='ocrx_word' id='word_1_13' title='bbox 1402 592 1570 648; x_wconf 87' lang='lat' dir='ltr'><strong>modo</strong></span> <span class='ocrx_word' id='word_1_14' title='bbox 1627 592 1857 663; x_wconf 87' lang='lat' dir='ltr'><strong>impium</strong></span> <span class='ocrx_word' id='word_1_15' title='bbox 1903 594 2065 649; x_wconf 94' lang='lat' dir='ltr'><strong>aliter</strong></span> 
     </span>
    </p>
   </div>
   <div class='ocr_carea' id='block_1_4' title="bbox 492 682 2065 755">
    <p class='ocr_par' dir='ltr' id='par_1_4' title="bbox 492 682 2065 755">
     <span class='ocr_line' id='line_1_4' title="bbox 492 682 2065 755; baseline 0 -18"><span class='ocrx_word' id='word_1_16' title='bbox 492 684 559 738; x_wconf 79' lang='lat' dir='ltr'><strong>ad</strong></span> <span class='ocrx_word' id='word_1_17' title='bbox 601 685 848 741; x_wconf 83' lang='lat' dir='ltr'><strong>numinis</strong></span> <span class='ocrx_word' id='word_1_18' title='bbox 884 685 1146 755; x_wconf 84' lang='lat' dir='ltr'><strong>placitum</strong></span> <span class='ocrx_word' id='word_1_19' title='bbox 1187 699 1382 755; x_wconf 65' lang='lat' dir='ltr'><strong>pinnas</strong></span> <span class='ocrx_word' id='word_1_20' title='bbox 1419 684 1664 748; x_wconf 83' lang='lat' dir='ltr'><strong>dantem,</strong></span> <span class='ocrx_word' id='word_1_21' title='bbox 1724 682 1807 738; x_wconf 86' lang='lat' dir='ltr'><strong>sic</strong></span> <span class='ocrx_word' id='word_1_22' title='bbox 1850 691 1908 739; x_wconf 91' lang='lat' dir='ltr'><strong>et</strong></span> <span class='ocrx_word' id='word_1_23' title='bbox 1970 683 2065 738; x_wconf 86' lang='lat' dir='ltr'><strong>isti</strong></span> 
     </span>
    </p>
   </div>
   <div class='ocr_carea' id='block_1_5' title="bbox 490 772 2064 835">
    <p class='ocr_par' dir='ltr' id='par_1_5' title="bbox 490 772 2064 835">
     <span class='ocr_line' id='line_1_5' title="bbox 490 772 2064 835; baseline -0.001 -9"><span class='ocrx_word' id='word_1_24' title='bbox 490 774 751 828; x_wconf 76' lang='lat' dir='ltr'><strong>miseram</strong></span> <span class='ocrx_word' id='word_1_25' title='bbox 780 773 1016 828; x_wconf 88' lang='lat' dir='ltr'><strong>animam</strong></span> <span class='ocrx_word' id='word_1_26' title='bbox 1048 788 1195 828; x_wconf 78' lang='lat' dir='ltr'><strong>nunc</strong></span> <span class='ocrx_word' id='word_1_27' title='bbox 1246 773 1318 827; x_wconf 73' lang='lat' dir='ltr'><strong>ab</strong></span> <span class='ocrx_word' id='word_1_28' title='bbox 1368 772 1591 828; x_wconf 78' lang='lat' dir='ltr'><strong>homine</strong></span> <span class='ocrx_word' id='word_1_29' title='bbox 1645 772 1703 826; x_wconf 84' lang='lat' dir='ltr'><strong>in</strong></span> <span class='ocrx_word' id='word_1_30' title='bbox 1752 772 2064 835; x_wconf 85' lang='lat' dir='ltr'><strong>hominem,</strong></span> 
     </span>
    </p>
   </div>
   <div class='ocr_carea' id='block_1_6' title="bbox 494 860 2063 931">
    <p class='ocr_par' dir='ltr' id='par_1_6' title="bbox 494 860 2063 931">
     <span class='ocr_line' id='line_1_6' title="bbox 494 860 2063 931; baseline -0.001 -16"><span class='ocrx_word' id='word_1_31' title='bbox 494 876 640 916; x_wconf 81' lang='lat' dir='ltr'><strong>nunc</strong></span> <span class='ocrx_word' id='word_1_32' title='bbox 670 870 724 916; x_wconf 92' lang='lat' dir='ltr'><strong>et</strong></span> <span class='ocrx_word' id='word_1_33' title='bbox 756 862 814 916; x_wconf 90' lang='lat' dir='ltr'><strong>in</strong></span> <span class='ocrx_word' id='word_1_34' title='bbox 847 862 1039 917; x_wconf 65' lang='lat' dir='ltr'><strong>bellum</strong></span> <span class='ocrx_word' id='word_1_35' title='bbox 1072 870 1169 917; x_wconf 81' lang='lat' dir='ltr'><strong>aut</strong></span> <span class='ocrx_word' id='word_1_36' title='bbox 1206 862 1364 917; x_wconf 85' lang='lat' dir='ltr'><strong>cauis</strong></span> <span class='ocrx_word' id='word_1_37' title='bbox 1384 870 1479 916; x_wconf 87' lang='lat' dir='ltr'><strong>aut</strong></span> <span class='ocrx_word' id='word_1_38' title='bbox 1499 860 1776 931; x_wconf 77' lang='lat' dir='ltr'><strong>serpentis</strong></span> <span class='ocrx_word' id='word_1_39' title='bbox 1802 866 1898 915; x_wconf 90' lang='lat' dir='ltr'><strong>aut</strong></span> <span class='ocrx_word' id='word_1_40' title='bbox 1927 860 2063 924; x_wconf 88' lang='lat' dir='ltr'><strong>avis,</strong></span> 
     </span>
    </p>
   </div>
   <div class='ocr_carea' id='block_1_7' title="bbox 492 950 2065 1023">
    <p class='ocr_par' dir='ltr' id='par_1_7' title="bbox 492 950 2065 1023">
     <span class='ocr_line' id='line_1_7' title="bbox 492 950 2065 1023; baseline -0.001 -17"><span class='ocrx_word' id='word_1_41' title='bbox 492 950 692 1007; x_wconf 80' lang='lat' dir='ltr'><strong>deinde</strong></span> <span class='ocrx_word' id='word_1_42' title='bbox 734 952 792 1007; x_wconf 89' lang='lat' dir='ltr'><strong>in</strong></span> <span class='ocrx_word' id='word_1_43' title='bbox 836 952 1005 1022; x_wconf 78' lang='lat' dir='ltr'><strong>piscis</strong></span> <span class='ocrx_word' id='word_1_44' title='bbox 1041 961 1135 1006; x_wconf 89' lang='lat' dir='ltr'><strong>aut</strong></span> <span class='ocrx_word' id='word_1_45' title='bbox 1174 950 1387 1005; x_wconf 88' lang='lat' dir='ltr'><strong>arboris</strong></span> <span class='ocrx_word' id='word_1_46' title='bbox 1429 966 1632 1023; x_wconf 88' lang='lat' dir='ltr'><strong>corpus</strong></span> <span class='ocrx_word' id='word_1_47' title='bbox 1684 950 2065 1012; x_wconf 83' lang='lat' dir='ltr'><strong>immittentes,</strong></span> 
     </span>
    </p>
   </div>
   <div class='ocr_carea' id='block_1_8' title="bbox 494 1039 2068 1124">
    <p class='ocr_par' dir='ltr' id='par_1_8' title="bbox 494 1039 2068 1124">
     <span class='ocr_line' id='line_1_8' title="bbox 494 1039 2068 1124; baseline -0.003 -27"><span class='ocrx_word' id='word_1_48' title='bbox 494 1042 793 1097; x_wconf 86' lang='lat' dir='ltr'><strong>secundum</strong></span> <span class='ocrx_word' id='word_1_49' title='bbox 821 1042 1065 1112; x_wconf 85' lang='lat' dir='ltr'><strong>ipsorum</strong></span> <span class='ocrx_word' id='word_1_50' title='bbox 1088 1042 1436 1099; x_wconf 84' lang='lat' dir='ltr'><strong>arhitrariam</strong></span> <span class='ocrx_word' id='word_1_51' title='bbox 1459 1049 1513 1099; x_wconf 91' lang='lat' dir='ltr'><strong>et</strong></span> <span class='ocrx_word' id='word_1_52' title='bbox 1534 1046 1667 1111; x_wconf 84' lang='lat' dir='ltr'><strong>iugo</strong></span> <span class='ocrx_word' id='word_1_53' title='bbox 1694 1039 2068 1124; x_wconf 75' lang='lat' dir='ltr'><strong>impatientem</strong></span> 
     </span>
    </p>
   </div>
   <div class='ocr_carea' id='block_1_9' title="bbox 494 1127 2070 1201">
    <p class='ocr_par' dir='ltr' id='par_1_9' title="bbox 494 1127 2070 1201">
     <span class='ocr_line' id='line_1_9' title="bbox 494 1127 2070 1201; baseline 0 -18"><span class='ocrx_word' id='word_1_54' title='bbox 494 1138 731 1185; x_wconf 83' lang='lat' dir='ltr'><strong>mentem</strong></span> <span class='ocrx_word' id='word_1_55' title='bbox 789 1147 1012 1187; x_wconf 85' lang='lat' dir='ltr'><strong>rursum</strong></span> <span class='ocrx_word' id='word_1_56' title='bbox 1065 1132 1120 1187; x_wconf 92' lang='lat' dir='ltr'><strong>in</strong></span> <span class='ocrx_word' id='word_1_57' title='bbox 1174 1132 1453 1187; x_wconf 77' lang='lat' dir='ltr'><strong>hominem</strong></span> <span class='ocrx_word' id='word_1_58' title='bbox 1506 1131 1905 1201; x_wconf 76' lang='lat' dir='ltr'><strong>redintegrant.</strong></span> <span class='ocrx_word' id='word_1_59' title='bbox 1956 1127 2070 1183; x_wconf 82' lang='lat' dir='ltr'><strong>Nec</strong></span> 
     </span>
    </p>
   </div>
   <div class='ocr_carea' id='block_1_10' title="bbox 491 1217 2073 1291">
    <p class='ocr_par' dir='ltr' id='par_1_10' title="bbox 491 1217 2073 1291">
     <span class='ocr_line' id='line_1_10' title="bbox 491 1217 2073 1291; baseline 0 -19"><span class='ocrx_word' id='word_1_60' title='bbox 491 1219 661 1273; x_wconf 89' lang='lat' dir='ltr'><strong>semel</strong></span> <span class='ocrx_word' id='word_1_61' title='bbox 700 1220 946 1277; x_wconf 88' lang='lat' dir='ltr'><strong>eamdem</strong></span> <span class='ocrx_word' id='word_1_62' title='bbox 978 1220 1034 1276; x_wconf 89' lang='lat' dir='ltr'><strong>in</strong></span> <span class='ocrx_word' id='word_1_63' title='bbox 1078 1221 1293 1291; x_wconf 87' lang='lat' dir='ltr'><strong>singula</strong></span> <span class='ocrx_word' id='word_1_64' title='bbox 1327 1220 1597 1276; x_wconf 89' lang='lat' dir='ltr'><strong>dictorum</strong></span> <span class='ocrx_word' id='word_1_65' title='bbox 1632 1218 1951 1273; x_wconf 80' lang='lat' dir='ltr'><strong>animalium</strong></span> <span class='ocrx_word' id='word_1_66' title='bbox 1986 1217 2073 1272; x_wconf 88' lang='lat' dir='ltr'><strong>in-</strong></span> 
     </span>
    </p>
   </div>
   <div class='ocr_carea' id='block_1_11' title="bbox 492 1308 2072 1381">
    <p class='ocr_par' dir='ltr' id='par_1_11' title="bbox 492 1308 2072 1381">
     <span class='ocr_line' id='line_1_11' title="bbox 492 1308 2072 1381; baseline 0.001 -20"><span class='ocrx_word' id='word_1_67' title='bbox 492 1310 700 1364; x_wconf 82' lang='lat' dir='ltr'><strong>ducunt</strong></span> <span class='ocrx_word' id='word_1_68' title='bbox 744 1312 1017 1377; x_wconf 86' lang='lat' dir='ltr'><strong>animam,</strong></span> <span class='ocrx_word' id='word_1_69' title='bbox 1068 1312 1163 1367; x_wconf 87' lang='lat' dir='ltr'><strong>sed</strong></span> <span class='ocrx_word' id='word_1_70' title='bbox 1203 1311 1503 1375; x_wconf 90' lang='lat' dir='ltr'><strong>multoties,</strong></span> <span class='ocrx_word' id='word_1_71' title='bbox 1556 1308 1800 1381; x_wconf 88' lang='lat' dir='ltr'><strong>quandiu</strong></span> <span class='ocrx_word' id='word_1_72' title='bbox 1844 1317 2072 1363; x_wconf 83' lang='lat' dir='ltr'><strong>metem-</strong></span> 
     </span>
    </p>
   </div>
   <div class='ocr_carea' id='block_1_12' title="bbox 492 1399 2073 1471">
    <p class='ocr_par' dir='ltr' id='par_1_12' title="bbox 492 1399 2073 1471">
     <span class='ocr_line' id='line_1_12' title="bbox 492 1399 2073 1471; baseline 0 -18"><span class='ocrx_word' id='word_1_73' title='bbox 492 1399 782 1470; x_wconf 73' lang='lat' dir='ltr'><strong>psycbosis</strong></span> <span class='ocrx_word' id='word_1_74' title='bbox 805 1401 963 1471; x_wconf 83' lang='lat' dir='ltr'><strong>jubet</strong></span> <span class='ocrx_word' id='word_1_75' title='bbox 999 1401 1173 1459; x_wconf 80' lang='lat' dir='ltr'><strong>orbis.</strong></span> <span class='ocrx_word' id='word_1_76' title='bbox 1193 1402 1493 1471; x_wconf 78' lang='lat' dir='ltr'><strong>Quousque</strong></span> <span class='ocrx_word' id='word_1_77' title='bbox 1514 1399 1819 1457; x_wconf 88' lang='lat' dir='ltr'><strong>delirabitis</strong></span> <span class='ocrx_word' id='word_1_78' title='bbox 1843 1408 1900 1455; x_wconf 90' lang='lat' dir='ltr'><strong>et</strong></span> <span class='ocrx_word' id='word_1_79' title='bbox 1930 1413 2073 1454; x_wconf 86' lang='lat' dir='ltr'><strong>vana</strong></span> 
     </span>
    </p>
   </div>
   <div class='ocr_carea' id='block_1_13' title="bbox 493 1488 2075 1562">
    <p class='ocr_par' dir='ltr' id='par_1_13' title="bbox 493 1488 2075 1562">
     <span class='ocr_line' id='line_1_13' title="bbox 493 1488 2075 1562; baseline 0.001 -21"><span class='ocrx_word' id='word_1_80' title='bbox 493 1489 836 1558; x_wconf 81' lang='lat' dir='ltr'><strong>loquemini?</strong></span> <span class='ocrx_word' id='word_1_81' title='bbox 880 1490 1180 1562; x_wconf 84' lang='lat' dir='ltr'><strong>Quousque</strong></span> <span class='ocrx_word' id='word_1_82' title='bbox 1201 1489 1526 1560; x_wconf 87' lang='lat' dir='ltr'><strong>iudicabitis</strong></span> <span class='ocrx_word' id='word_1_83' title='bbox 1554 1498 1608 1546; x_wconf 83' lang='lat' dir='ltr'><strong>et</strong></span> <span class='ocrx_word' id='word_1_84' title='bbox 1636 1488 2075 1545; x_wconf 85' lang='lat' dir='ltr'><strong>condemnabitis</strong></span> 
     </span>
    </p>
   </div>
   <div class='ocr_carea' id='block_1_14' title="bbox 494 1578 2073 1649">
    <p class='ocr_par' dir='ltr' id='par_1_14' title="bbox 494 1578 2073 1649">
     <span class='ocr_line' id='line_1_14' title="bbox 494 1578 2073 1649; baseline 0.003 -19"><span class='ocrx_word' id='word_1_85' title='bbox 494 1578 759 1645; x_wconf 81' lang='lat' dir='ltr'><strong>animam,</strong></span> <span class='ocrx_word' id='word_1_86' title='bbox 806 1579 861 1634; x_wconf 89' lang='lat' dir='ltr'><strong>in</strong></span> <span class='ocrx_word' id='word_1_87' title='bbox 903 1582 1113 1637; x_wconf 89' lang='lat' dir='ltr'><strong>bestias</strong></span> <span class='ocrx_word' id='word_1_88' title='bbox 1150 1589 1205 1637; x_wconf 90' lang='lat' dir='ltr'><strong>et</strong></span> <span class='ocrx_word' id='word_1_89' title='bbox 1252 1581 1481 1637; x_wconf 84' lang='lat' dir='ltr'><strong>arbores</strong></span> <span class='ocrx_word' id='word_1_90' title='bbox 1518 1586 1573 1636; x_wconf 86' lang='lat' dir='ltr'><strong>et</strong></span> <span class='ocrx_word' id='word_1_91' title='bbox 1618 1594 1750 1635; x_wconf 89' lang='lat' dir='ltr'><strong>aves</strong></span> <span class='ocrx_word' id='word_1_92' title='bbox 1790 1586 1845 1635; x_wconf 91' lang='lat' dir='ltr'><strong>et</strong></span> <span class='ocrx_word' id='word_1_93' title='bbox 1892 1578 2073 1649; x_wconf 86' lang='lat' dir='ltr'><strong>pisces</strong></span> 
     </span>
    </p>
   </div>
   <div class='ocr_carea' id='block_1_15' title="bbox 492 1666 2070 1742">
    <p class='ocr_par' dir='ltr' id='par_1_15' title="bbox 492 1666 2070 1742">
     <span class='ocr_line' id='line_1_15' title="bbox 492 1666 2070 1742; baseline 0.003 -22"><span class='ocrx_word' id='word_1_94' title='bbox 492 1666 775 1736; x_wconf 87' lang='lat' dir='ltr'><strong>eiicientes</strong></span> <span class='ocrx_word' id='word_1_95' title='bbox 810 1668 971 1725; x_wconf 78' lang='lat' dir='ltr'><strong>eam?</strong></span> <span class='ocrx_word' id='word_1_96' title='bbox 1015 1670 1126 1742; x_wconf 87' lang='lat' dir='ltr'><strong>Ego</strong></span> <span class='ocrx_word' id='word_1_97' title='bbox 1163 1686 1313 1739; x_wconf 91' lang='lat' dir='ltr'><strong>vero,</strong></span> <span class='ocrx_word' id='word_1_98' title='bbox 1364 1672 1441 1726; x_wconf 88' lang='lat' dir='ltr'><strong>ait</strong></span> <span class='ocrx_word' id='word_1_99' title='bbox 1473 1672 1587 1728; x_wconf 87' lang='lat' dir='ltr'><strong>veri</strong></span> <span class='ocrx_word' id='word_1_100' title='bbox 1616 1673 1829 1726; x_wconf 90' lang='lat' dir='ltr'><strong>amicus</strong></span> <span class='ocrx_word' id='word_1_101' title='bbox 1868 1685 2070 1740; x_wconf 73' lang='lat' dir='ltr'><strong>sermo,</strong></span> 
     </span>
    </p>
   </div>
   <div class='ocr_carea' id='block_1_16' title="bbox 495 1759 2073 1832">
    <p class='ocr_par' dir='ltr' id='par_1_16' title="bbox 495 1759 2073 1832">
     <span class='ocr_line' id='line_1_16' title="bbox 495 1759 2073 1832; baseline 0.003 -22"><span class='ocrx_word' id='word_1_102' title='bbox 495 1772 777 1829; x_wconf 83' lang='lat' dir='ltr'><strong>nunquam</strong></span> <span class='ocrx_word' id='word_1_103' title='bbox 815 1760 926 1815; x_wconf 87' lang='lat' dir='ltr'><strong>vidi</strong></span> <span class='ocrx_word' id='word_1_104' title='bbox 970 1760 1207 1816; x_wconf 87' lang='lat' dir='ltr'><strong>belluam</strong></span> <span class='ocrx_word' id='word_1_105' title='bbox 1254 1760 1554 1831; x_wconf 85' lang='lat' dir='ltr'><strong>sapientem</strong></span> <span class='ocrx_word' id='word_1_106' title='bbox 1598 1760 1763 1817; x_wconf 89' lang='lat' dir='ltr'><strong>verba</strong></span> <span class='ocrx_word' id='word_1_107' title='bbox 1792 1759 2073 1832; x_wconf 77' lang='lat' dir='ltr'><strong>proferen-</strong></span> 
     </span>
    </p>
   </div>
   <div class='ocr_carea' id='block_1_17' title="bbox 495 1849 2070 1921">
    <p class='ocr_par' dir='ltr' id='par_1_17' title="bbox 495 1849 2070 1921">
     <span class='ocr_line' id='line_1_17' title="bbox 495 1849 2070 1921; baseline 0.004 -22"><span class='ocrx_word' id='word_1_108' title='bbox 495 1854 628 1909; x_wconf 91' lang='lat' dir='ltr'><strong>tem,</strong></span> <span class='ocrx_word' id='word_1_109' title='bbox 686 1863 788 1904; x_wconf 82' lang='lat' dir='ltr'><strong>nec</strong></span> <span class='ocrx_word' id='word_1_110' title='bbox 828 1849 1081 1905; x_wconf 82' lang='lat' dir='ltr'><strong>arborem</strong></span> <span class='ocrx_word' id='word_1_111' title='bbox 1137 1850 1452 1919; x_wconf 84' lang='lat' dir='ltr'><strong>loquentem</strong></span> <span class='ocrx_word' id='word_1_112' title='bbox 1514 1850 1735 1918; x_wconf 82' lang='lat' dir='ltr'><strong>audivi;</strong></span> <span class='ocrx_word' id='word_1_113' title='bbox 1793 1851 2070 1921; x_wconf 77' lang='lat' dir='ltr'><strong>garrulam</strong></span> 
     </span>
    </p>
   </div>
   <div class='ocr_carea' id='block_1_18' title="bbox 496 1932 2071 2010">
    <p class='ocr_par' dir='ltr' id='par_1_18' title="bbox 496 1932 2071 2010">
     <span class='ocr_line' id='line_1_18' title="bbox 496 1932 2071 2010; baseline 0.004 -24"><span class='ocrx_word' id='word_1_114' title='bbox 496 1932 773 1989; x_wconf 84' lang='lat' dir='ltr'><strong>cornicem</strong></span> <span class='ocrx_word' id='word_1_115' title='bbox 824 1935 1257 1990; x_wconf 79' lang='lat' dir='ltr'><strong>corniculantem</strong></span> <span class='ocrx_word' id='word_1_116' title='bbox 1281 1936 1395 1991; x_wconf 89' lang='lat' dir='ltr'><strong>vidi</strong></span> <span class='ocrx_word' id='word_1_117' title='bbox 1429 1952 1540 1992; x_wconf 88' lang='lat' dir='ltr'><strong>non</strong></span> <span class='ocrx_word' id='word_1_118' title='bbox 1571 1937 2071 2010; x_wconf 81' lang='lat' dir='ltr'><strong>philosophantem,</strong></span> 
     </span>
    </p>
   </div>
   <div class='ocr_carea' id='block_1_19' title="bbox 497 2024 2074 2097">
    <p class='ocr_par' dir='ltr' id='par_1_19' title="bbox 497 2024 2074 2097">
     <span class='ocr_line' id='line_1_19' title="bbox 497 2024 2074 2097; baseline 0.007 -20"><span class='ocrx_word' id='word_1_119' title='bbox 497 2024 822 2095; x_wconf 81' lang='lat' dir='ltr'><strong>semperque</strong></span> <span class='ocrx_word' id='word_1_120' title='bbox 880 2025 1063 2097; x_wconf 81' lang='lat' dir='ltr'><strong>pisces</strong></span> <span class='ocrx_word' id='word_1_121' title='bbox 1114 2037 1297 2083; x_wconf 86' lang='lat' dir='ltr'><strong>mutos</strong></span> <span class='ocrx_word' id='word_1_122' title='bbox 1348 2035 1761 2086; x_wconf 84' lang='lat' dir='ltr'><strong>transnatantes</strong></span> <span class='ocrx_word' id='word_1_123' title='bbox 1822 2030 2074 2088; x_wconf 77' lang='lat' dir='ltr'><strong>videmus</strong></span> 
     </span>
    </p>
   </div>
   <div class='ocr_carea' id='block_1_20' title="bbox 498 2111 721 2166">
    <p class='ocr_par' dir='ltr' id='par_1_20' title="bbox 498 2111 721 2166">
     <span class='ocr_line' id='line_1_20' title="bbox 498 2111 721 2166; baseline 0.004 -2"><span class='ocrx_word' id='word_1_124' title='bbox 498 2111 721 2166; x_wconf 85' lang='lat' dir='ltr'><strong>undam.</strong></span> 
     </span>
    </p>
   </div>
   <div class='ocr_carea' id='block_1_21' title="bbox 498 2201 1807 2277">
    <p class='ocr_par' dir='ltr' id='par_1_21' title="bbox 498 2201 1807 2277">
     <span class='ocr_line' id='line_1_21' title="bbox 498 2201 1807 2277; baseline 0.005 -22"><span class='ocrx_word' id='word_1_125' title='bbox 498 2201 569 2255; x_wconf 74' lang='grc' dir='ltr'><strong>ιι</strong></span> <span class='ocrx_word' id='word_1_126' title='bbox 601 2201 755 2266; x_wconf 75' lang='lat' dir='ltr'><strong>Quod</strong></span> <span class='ocrx_word' id='word_1_127' title='bbox 791 2204 839 2257; x_wconf 83' lang='lat' dir='ltr'><strong>si</strong></span> <span class='ocrx_word' id='word_1_128' title='bbox 865 2213 1128 2274; x_wconf 84' lang='lat' dir='ltr'><strong>postrema</strong></span> <span class='ocrx_word' id='word_1_129' title='bbox 1165 2216 1243 2261; x_wconf 75' lang='lat' dir='ltr'><strong>est</strong></span> <span class='ocrx_word' id='word_1_130' title='bbox 1269 2208 1461 2262; x_wconf 65' lang='lat' dir='ltr'><strong>animm</strong></span> <span class='ocrx_word' id='word_1_131' title='bbox 1493 2223 1667 2277; x_wconf 71' lang='lat' dir='ltr'><strong>paena,</strong></span> <span class='ocrx_word' id='word_1_132' title='bbox 1698 2216 1807 2264; x_wconf 89' lang='lat' dir='ltr'><strong>etc.</strong></span> 
     </span>
    </p>
   </div>
   <div class='ocr_carea' id='block_1_22' title="bbox 567 2290 2073 2372">
    <p class='ocr_par' dir='ltr' id='par_1_22' title="bbox 567 2290 2073 2372">
     <span class='ocr_line' id='line_1_22' title="bbox 567 2290 2073 2372; baseline 0.007 -29"><span class='ocrx_word' id='word_1_133' title='bbox 567 2290 840 2348; x_wconf 75' lang='lat' dir='ltr'><strong>Absurdis</strong></span> <span class='ocrx_word' id='word_1_134' title='bbox 872 2294 940 2349; x_wconf 91' lang='lat' dir='ltr'><strong>de</strong></span> <span class='ocrx_word' id='word_1_135' title='bbox 978 2296 1157 2350; x_wconf 86' lang='lat' dir='ltr'><strong>anima</strong></span> <span class='ocrx_word' id='word_1_136' title='bbox 1198 2295 1362 2372; x_wconf 87' lang='lat' dir='ltr'><strong>dictis</strong></span> <span class='ocrx_word' id='word_1_137' title='bbox 1394 2296 1440 2352; x_wconf 90' lang='lat' dir='ltr'><strong>si</strong></span> <span class='ocrx_word' id='word_1_138' title='bbox 1474 2295 1713 2351; x_wconf 88' lang='lat' dir='ltr'><strong>addatur</strong></span> <span class='ocrx_word' id='word_1_139' title='bbox 1746 2298 1925 2353; x_wconf 85' lang='lat' dir='ltr'><strong>adhuc</strong></span> <span class='ocrx_word' id='word_1_140' title='bbox 1952 2312 2073 2369; x_wconf 72' lang='lat' dir='ltr'><strong>pae-</strong></span> 
     </span>
    </p>
   </div>
   <div class='ocr_carea' id='block_1_23' title="bbox 498 2380 2075 2454">
    <p class='ocr_par' dir='ltr' id='par_1_23' title="bbox 498 2380 2075 2454">
     <span class='ocr_line' id='line_1_23' title="bbox 498 2380 2075 2454; baseline 0.006 -23"><span class='ocrx_word' id='word_1_141' title='bbox 498 2392 627 2432; x_wconf 82' lang='lat' dir='ltr'><strong>nam</strong></span> <span class='ocrx_word' id='word_1_142' title='bbox 662 2380 732 2434; x_wconf 80' lang='lat' dir='ltr'><strong>ad</strong></span> <span class='ocrx_word' id='word_1_143' title='bbox 767 2390 1073 2437; x_wconf 76' lang='lat' dir='ltr'><strong>extremum</strong></span> <span class='ocrx_word' id='word_1_144' title='bbox 1117 2385 1284 2454; x_wconf 90' lang='lat' dir='ltr'><strong>impie</strong></span> <span class='ocrx_word' id='word_1_145' title='bbox 1330 2385 1577 2444; x_wconf 76' lang='lat' dir='ltr'><strong>viventes</strong></span> <span class='ocrx_word' id='word_1_146' title='bbox 1622 2402 1880 2453; x_wconf 82' lang='lat' dir='ltr'><strong>manere,</strong></span> <span class='ocrx_word' id='word_1_147' title='bbox 1929 2389 2075 2443; x_wconf 87' lang='lat' dir='ltr'><strong>sicut</strong></span> 
     </span>
    </p>
   </div>
   <div class='ocr_carea' id='block_1_24' title="bbox 500 2471 2072 2550">
    <p class='ocr_par' dir='ltr' id='par_1_24' title="bbox 500 2471 2072 2550">
     <span class='ocr_line' id='line_1_24' title="bbox 500 2471 2072 2550; baseline 0.008 -28"><span class='ocrx_word' id='word_1_148' title='bbox 500 2471 594 2525; x_wconf 86' lang='lat' dir='ltr'><strong>isti</strong></span> <span class='ocrx_word' id='word_1_149' title='bbox 626 2471 839 2538; x_wconf 89' lang='lat' dir='ltr'><strong>dicunt,</strong></span> <span class='ocrx_word' id='word_1_150' title='bbox 871 2475 1063 2530; x_wconf 87' lang='lat' dir='ltr'><strong>insana</strong></span> <span class='ocrx_word' id='word_1_151' title='bbox 1106 2475 1301 2532; x_wconf 88' lang='lat' dir='ltr'><strong>horum</strong></span> <span class='ocrx_word' id='word_1_152' title='bbox 1331 2476 1647 2550; x_wconf 87' lang='lat' dir='ltr'><strong>iniustaque</strong></span> <span class='ocrx_word' id='word_1_153' title='bbox 1701 2488 1831 2535; x_wconf 88' lang='lat' dir='ltr'><strong>sunt</strong></span> <span class='ocrx_word' id='word_1_154' title='bbox 1858 2480 2072 2549; x_wconf 85' lang='lat' dir='ltr'><strong>vitupe-</strong></span> 
     </span>
    </p>
   </div>
   <div class='ocr_carea' id='block_1_25' title="bbox 499 2561 2072 2638">
    <p class='ocr_par' dir='ltr' id='par_1_25' title="bbox 499 2561 2072 2638">
     <span class='ocr_line' id='line_1_25' title="bbox 499 2561 2072 2638; baseline 0.006 -25"><span class='ocrx_word' id='word_1_155' title='bbox 499 2561 640 2616; x_wconf 81' lang='lat' dir='ltr'><strong>ratio</strong></span> <span class='ocrx_word' id='word_1_156' title='bbox 673 2572 729 2617; x_wconf 90' lang='lat' dir='ltr'><strong>et</strong></span> <span class='ocrx_word' id='word_1_157' title='bbox 760 2561 1062 2634; x_wconf 83' lang='lat' dir='ltr'><strong>iudicium;</strong></span> <span class='ocrx_word' id='word_1_158' title='bbox 1096 2567 1297 2622; x_wconf 88' lang='lat' dir='ltr'><strong>etenim</strong></span> <span class='ocrx_word' id='word_1_159' title='bbox 1321 2568 1378 2621; x_wconf 87' lang='lat' dir='ltr'><strong>in</strong></span> <span class='ocrx_word' id='word_1_160' title='bbox 1403 2568 1784 2638; x_wconf 89' lang='lat' dir='ltr'><strong>incorpoream</strong></span> <span class='ocrx_word' id='word_1_161' title='bbox 1818 2568 2072 2623; x_wconf 88' lang='lat' dir='ltr'><strong>animad-</strong></span> 
     </span>
    </p>
   </div>
   <div class='ocr_carea' id='block_1_26' title="bbox 500 2652 2076 2728">
    <p class='ocr_par' dir='ltr' id='par_1_26' title="bbox 500 2652 2076 2728">
     <span class='ocr_line' id='line_1_26' title="bbox 500 2652 2076 2728; baseline 0.008 -27"><span class='ocrx_word' id='word_1_162' title='bbox 500 2657 748 2704; x_wconf 86' lang='lat' dir='ltr'><strong>vertatur</strong></span> <span class='ocrx_word' id='word_1_163' title='bbox 776 2652 1040 2719; x_wconf 86' lang='lat' dir='ltr'><strong>animam,</strong></span> <span class='ocrx_word' id='word_1_164' title='bbox 1090 2655 1293 2710; x_wconf 87' lang='lat' dir='ltr'><strong>mirum</strong></span> <span class='ocrx_word' id='word_1_165' title='bbox 1334 2656 1581 2727; x_wconf 80' lang='lat' dir='ltr'><strong>proiecto</strong></span> <span class='ocrx_word' id='word_1_166' title='bbox 1613 2659 1930 2728; x_wconf 87' lang='lat' dir='ltr'><strong>:quomodo</strong></span> <span class='ocrx_word' id='word_1_167' title='bbox 1953 2674 2076 2728; x_wconf 72' lang='lat' dir='ltr'><strong>quze</strong></span> 
     </span>
    </p>
   </div>
   <div class='ocr_carea' id='block_1_27' title="bbox 498 2742 2077 2816">
    <p class='ocr_par' dir='ltr' id='par_1_27' title="bbox 498 2742 2077 2816">
     <span class='ocr_line' id='line_1_27' title="bbox 498 2742 2077 2816; baseline 0.007 -24"><span class='ocrx_word' id='word_1_168' title='bbox 498 2753 626 2793; x_wconf 87' lang='lat' dir='ltr'><strong>cum</strong></span> <span class='ocrx_word' id='word_1_169' title='bbox 660 2754 891 2810; x_wconf 89' lang='lat' dir='ltr'><strong>corpore</strong></span> <span class='ocrx_word' id='word_1_170' title='bbox 915 2742 1079 2813; x_wconf 76' lang='lat' dir='ltr'><strong>impie</strong></span> <span class='ocrx_word' id='word_1_171' title='bbox 1105 2744 1216 2815; x_wconf 90' lang='lat' dir='ltr'><strong>egit</strong></span> <span class='ocrx_word' id='word_1_172' title='bbox 1249 2746 1395 2800; x_wconf 91' lang='lat' dir='ltr'><strong>nuda</strong></span> <span class='ocrx_word' id='word_1_173' title='bbox 1424 2762 1617 2816; x_wconf 64' lang='lat' dir='ltr'><strong>poenas</strong></span> <span class='ocrx_word' id='word_1_174' title='bbox 1650 2748 1801 2803; x_wconf 78' lang='lat' dir='ltr'><strong>luet?</strong></span> <span class='ocrx_word' id='word_1_175' title='bbox 1856 2749 1912 2803; x_wconf 89' lang='lat' dir='ltr'><strong>Si</strong></span> <span class='ocrx_word' id='word_1_176' title='bbox 1949 2765 2077 2803; x_wconf 86' lang='lat' dir='ltr'><strong>vero</strong></span> 
     </span>
    </p>
   </div>
   <div class='ocr_carea' id='block_1_28' title="bbox 500 2834 2079 2907">
    <p class='ocr_par' dir='ltr' id='par_1_28' title="bbox 500 2834 2079 2907">
     <span class='ocr_line' id='line_1_28' title="bbox 500 2834 2079 2907; baseline 0.006 -24"><span class='ocrx_word' id='word_1_177' title='bbox 500 2843 627 2883; x_wconf 87' lang='lat' dir='ltr'><strong>cum</strong></span> <span class='ocrx_word' id='word_1_178' title='bbox 647 2844 836 2895; x_wconf 89' lang='lat' dir='ltr'><strong>carne,</strong></span> <span class='ocrx_word' id='word_1_179' title='bbox 855 2845 977 2887; x_wconf 84' lang='lat' dir='ltr'><strong>cum</strong></span> <span class='ocrx_word' id='word_1_180' title='bbox 1008 2848 1139 2903; x_wconf 88' lang='lat' dir='ltr'><strong>qua,</strong></span> <span class='ocrx_word' id='word_1_181' title='bbox 1168 2834 1427 2899; x_wconf 88' lang='lat' dir='ltr'><strong>hominis,</strong></span> <span class='ocrx_word' id='word_1_182' title='bbox 1450 2836 1664 2901; x_wconf 66' lang='lat' dir='ltr'><strong>bellum,</strong></span> <span class='ocrx_word' id='word_1_183' title='bbox 1688 2838 1936 2907; x_wconf 86' lang='lat' dir='ltr'><strong>pecudis,</strong></span> <span class='ocrx_word' id='word_1_184' title='bbox 1961 2854 2079 2895; x_wconf 82' lang='lat' dir='ltr'><strong>ser—</strong></span> 
     </span>
    </p>
   </div>
   <div class='ocr_carea' id='block_1_29' title="bbox 500 2919 2075 3001">
    <p class='ocr_par' dir='ltr' id='par_1_29' title="bbox 500 2919 2075 3001">
     <span class='ocr_line' id='line_1_29' title="bbox 500 2919 2075 3001; baseline 0.008 -30"><span class='ocrx_word' id='word_1_185' title='bbox 500 2919 680 2987; x_wconf 85' lang='lat' dir='ltr'><strong>pentis</strong></span> <span class='ocrx_word' id='word_1_186' title='bbox 726 2927 822 2974; x_wconf 89' lang='lat' dir='ltr'><strong>aut</strong></span> <span class='ocrx_word' id='word_1_187' title='bbox 867 2922 985 2977; x_wconf 90' lang='lat' dir='ltr'><strong>avis</strong></span> <span class='ocrx_word' id='word_1_188' title='bbox 1026 2930 1121 2978; x_wconf 89' lang='lat' dir='ltr'><strong>aut</strong></span> <span class='ocrx_word' id='word_1_189' title='bbox 1162 2924 1353 2995; x_wconf 84' lang='lat' dir='ltr'><strong>piscis,</strong></span> <span class='ocrx_word' id='word_1_190' title='bbox 1399 2935 1496 2981; x_wconf 89' lang='lat' dir='ltr'><strong>aut</strong></span> <span class='ocrx_word' id='word_1_191' title='bbox 1541 2929 1758 2984; x_wconf 88' lang='lat' dir='ltr'><strong>arboris</strong></span> <span class='ocrx_word' id='word_1_192' title='bbox 1809 2938 1903 2984; x_wconf 89' lang='lat' dir='ltr'><strong>aut</strong></span> <span class='ocrx_word' id='word_1_193' title='bbox 1940 2930 2075 3001; x_wconf 86' lang='lat' dir='ltr'><strong>ligni</strong></span> 
     </span>
    </p>
   </div>
   <div class='ocr_carea' id='block_1_30' title="bbox 500 3008 2079 3082">
    <p class='ocr_par' dir='ltr' id='par_1_30' title="bbox 500 3008 2079 3082">
     <span class='ocr_line' id='line_1_30' title="bbox 500 3008 2079 3082; baseline 0.009 -22"><span class='ocrx_word' id='word_1_194' title='bbox 500 3008 752 3063; x_wconf 86' lang='lat' dir='ltr'><strong>tradetur</strong></span> <span class='ocrx_word' id='word_1_195' title='bbox 784 3011 908 3081; x_wconf 85' lang='lat' dir='ltr'><strong>igne</strong></span> <span class='ocrx_word' id='word_1_196' title='bbox 929 3012 1237 3082; x_wconf 77' lang='lat' dir='ltr'><strong>punienda?</strong></span> <span class='ocrx_word' id='word_1_197' title='bbox 1268 3014 1518 3070; x_wconf 73' lang='lat' dir='ltr'><strong>Insania!</strong></span> <span class='ocrx_word' id='word_1_198' title='bbox 1542 3017 1603 3069; x_wconf 85' lang='lat' dir='ltr'><strong>Et</strong></span> <span class='ocrx_word' id='word_1_199' title='bbox 1625 3018 1770 3072; x_wconf 89' lang='lat' dir='ltr'><strong>aliud</strong></span> <span class='ocrx_word' id='word_1_200' title='bbox 1800 3020 1930 3073; x_wconf 86' lang='lat' dir='ltr'><strong>citat</strong></span> <span class='ocrx_word' id='word_1_201' title='bbox 1963 3035 2079 3073; x_wconf 84' lang='lat' dir='ltr'><strong>ma-</strong></span> 
     </span>
    </p>
   </div>
   <div class='ocr_carea' id='block_1_31' title="bbox 502 3096 2079 3180">
    <p class='ocr_par' dir='ltr' id='par_1_31' title="bbox 502 3096 2079 3180">
     <span class='ocr_line' id='line_1_31' title="bbox 502 3096 2079 3180; baseline 0.01 -31"><span class='ocrx_word' id='word_1_202' title='bbox 502 3096 654 3152; x_wconf 77' lang='lat' dir='ltr'><strong>xime</strong></span> <span class='ocrx_word' id='word_1_203' title='bbox 686 3098 999 3154; x_wconf 87' lang='lat' dir='ltr'><strong>mirandum</strong></span> <span class='ocrx_word' id='word_1_204' title='bbox 1030 3100 1083 3155; x_wconf 90' lang='lat' dir='ltr'><strong>in</strong></span> <span class='ocrx_word' id='word_1_205' title='bbox 1110 3102 1278 3157; x_wconf 87' lang='lat' dir='ltr'><strong>dictis</strong></span> <span class='ocrx_word' id='word_1_206' title='bbox 1317 3122 1331 3157; x_wconf 88' lang='lat'><strong>:</strong></span> <span class='ocrx_word' id='word_1_207' title='bbox 1378 3120 1575 3176; x_wconf 89' lang='lat' dir='ltr'><strong>nempe</strong></span> <span class='ocrx_word' id='word_1_208' title='bbox 1601 3107 1747 3176; x_wconf 91' lang='lat' dir='ltr'><strong>quod</strong></span> <span class='ocrx_word' id='word_1_209' title='bbox 1790 3115 1870 3162; x_wconf 88' lang='lat' dir='ltr'><strong>tot</strong></span> <span class='ocrx_word' id='word_1_210' title='bbox 1915 3110 2079 3180; x_wconf 87' lang='lat' dir='ltr'><strong>ligata</strong></span> 
     </span>
    </p>
   </div>
   <div class='ocr_carea' id='block_1_32' title="bbox 505 3184 2076 3267">
    <p class='ocr_par' dir='ltr' id='par_1_32' title="bbox 505 3184 2076 3267">
     <span class='ocr_line' id='line_1_32' title="bbox 505 3184 2076 3267; baseline 0.01 -29"><span class='ocrx_word' id='word_1_211' title='bbox 505 3184 636 3267; x_wconf 71' lang='lat' dir='ltr'><strong>fatis</strong></span> <span class='ocrx_word' id='word_1_212' title='bbox 665 3186 802 3242; x_wconf 89' lang='lat' dir='ltr'><strong>dicit</strong></span> <span class='ocrx_word' id='word_1_213' title='bbox 829 3188 1012 3245; x_wconf 85' lang='lat' dir='ltr'><strong>anima</strong></span> <span class='ocrx_word' id='word_1_214' title='bbox 1051 3207 1065 3243; x_wconf 87' lang='lat'><strong>:</strong></span> <span class='ocrx_word' id='word_1_215' title='bbox 1097 3191 1167 3247; x_wconf 89' lang='lat' dir='ltr'><strong>ab</strong></span> <span class='ocrx_word' id='word_1_216' title='bbox 1188 3190 1485 3248; x_wconf 80' lang='lat' dir='ltr'><strong>hominum</strong></span> <span class='ocrx_word' id='word_1_217' title='bbox 1518 3198 1844 3267; x_wconf 84' lang='lat' dir='ltr'><strong>corporibus</strong></span> <span class='ocrx_word' id='word_1_218' title='bbox 1875 3200 1932 3254; x_wconf 89' lang='lat' dir='ltr'><strong>in</strong></span> <span class='ocrx_word' id='word_1_219' title='bbox 1969 3202 2076 3254; x_wconf 87' lang='lat' dir='ltr'><strong>alia</strong></span> 
     </span>
    </p>
   </div>
   <div class='ocr_carea' id='block_1_33' title="bbox 500 3264 2075 3338">
    <p class='ocr_par' dir='ltr' id='par_1_33' title="bbox 500 3264 2075 3338">
     <span class='ocr_line' id='line_1_33' title="bbox 500 3264 2075 3338; baseline 0.013 -23"><span class='ocrx_word' id='word_1_220' title='bbox 500 3264 748 3319; x_wconf 84' lang='lat' dir='ltr'><strong>virorum</strong></span> <span class='ocrx_word' id='word_1_221' title='bbox 779 3282 876 3322; x_wconf 87' lang='lat' dir='ltr'><strong>seu</strong></span> <span class='ocrx_word' id='word_1_222' title='bbox 904 3269 1219 3333; x_wconf 87' lang='lat' dir='ltr'><strong>mulierum,</strong></span> <span class='ocrx_word' id='word_1_223' title='bbox 1249 3279 1303 3326; x_wconf 90' lang='lat' dir='ltr'><strong>et</strong></span> <span class='ocrx_word' id='word_1_224' title='bbox 1332 3288 1527 3330; x_wconf 85' lang='lat' dir='ltr'><strong>rursus</strong></span> <span class='ocrx_word' id='word_1_225' title='bbox 1559 3289 1590 3329; x_wconf 90' lang='lat' dir='ltr'><strong>a</strong></span> <span class='ocrx_word' id='word_1_226' title='bbox 1618 3264 1926 3334; x_wconf 73' lang='lat' dir='ltr'><strong>mulierum</strong></span> <span class='ocrx_word' id='word_1_227' title='bbox 1952 3294 2075 3338; x_wconf 89' lang='lat' dir='ltr'><strong>cor-</strong></span> 
     </span>
    </p>
   </div>
   <div class='ocr_carea' id='block_1_34' title="bbox 501 3357 2076 3430">
    <p class='ocr_par' dir='ltr' id='par_1_34' title="bbox 501 3357 2076 3430">
     <span class='ocr_line' id='line_1_34' title="bbox 501 3357 2076 3430; baseline 0.008 -19"><span class='ocrx_word' id='word_1_228' title='bbox 501 3357 729 3426; x_wconf 75' lang='lat' dir='ltr'><strong>poribus</strong></span> <span class='ocrx_word' id='word_1_229' title='bbox 765 3359 821 3413; x_wconf 93' lang='lat' dir='ltr'><strong>in</strong></span> <span class='ocrx_word' id='word_1_230' title='bbox 861 3363 987 3426; x_wconf 85' lang='lat' dir='ltr'><strong>alia,</strong></span> <span class='ocrx_word' id='word_1_231' title='bbox 1014 3369 1069 3418; x_wconf 89' lang='lat' dir='ltr'><strong>et</strong></span> <span class='ocrx_word' id='word_1_232' title='bbox 1106 3361 1236 3418; x_wconf 90' lang='lat' dir='ltr'><strong>inde</strong></span> <span class='ocrx_word' id='word_1_233' title='bbox 1264 3364 1320 3418; x_wconf 88' lang='lat' dir='ltr'><strong>in</strong></span> <span class='ocrx_word' id='word_1_234' title='bbox 1347 3366 1627 3421; x_wconf 88' lang='lat' dir='ltr'><strong>variorum</strong></span> <span class='ocrx_word' id='word_1_235' title='bbox 1672 3370 2076 3430; x_wconf 85' lang='lat' dir='ltr'><strong>animalium.et</strong></span> 
     </span>
    </p>
   </div>
   <div class='ocr_carea' id='block_1_35' title="bbox 506 3449 2073 3525">
    <p class='ocr_par' dir='ltr' id='par_1_35' title="bbox 506 3449 2073 3525">
     <span class='ocr_line' id='line_1_35' title="bbox 506 3449 2073 3525; baseline 0.011 -25"><span class='ocrx_word' id='word_1_236' title='bbox 506 3449 818 3517; x_wconf 83' lang='lat' dir='ltr'><strong>plantarum</strong></span> <span class='ocrx_word' id='word_1_237' title='bbox 844 3466 931 3507; x_wconf 91' lang='lat' dir='ltr'><strong>me</strong></span> <span class='ocrx_word' id='word_1_238' title='bbox 954 3451 1139 3524; x_wconf 88' lang='lat' dir='ltr'><strong>ligasti</strong></span> <span class='ocrx_word' id='word_1_239' title='bbox 1157 3470 1411 3525; x_wconf 86' lang='lat' dir='ltr'><strong>corpora,</strong></span> <span class='ocrx_word' id='word_1_240' title='bbox 1431 3458 1504 3513; x_wconf 89' lang='lat' dir='ltr'><strong>ita</strong></span> <span class='ocrx_word' id='word_1_241' title='bbox 1521 3466 1582 3513; x_wconf 89' lang='lat' dir='ltr'><strong>ut</strong></span> <span class='ocrx_word' id='word_1_242' title='bbox 1598 3460 1769 3514; x_wconf 87' lang='lat' dir='ltr'><strong>multa</strong></span> <span class='ocrx_word' id='word_1_243' title='bbox 1788 3476 1875 3517; x_wconf 91' lang='lat' dir='ltr'><strong>me</strong></span> <span class='ocrx_word' id='word_1_244' title='bbox 1895 3461 2073 3518; x_wconf 81' lang='lat' dir='ltr'><strong>scien-</strong></span> 
     </span>
    </p>
   </div>
   <div class='ocr_carea' id='block_1_36' title="bbox 523 3541 2072 3611">
    <p class='ocr_par' dir='ltr' id='par_1_36' title="bbox 523 3541 2072 3611">
     <span class='ocr_line' id='line_1_36' title="bbox 523 3541 2072 3611; baseline 0.011 -21"><span class='ocrx_word' id='word_1_245' title='bbox 523 3546 630 3592; x_wconf 88' lang='lat' dir='ltr'><strong>tem</strong></span> <span class='ocrx_word' id='word_1_246' title='bbox 657 3548 710 3594; x_wconf 90' lang='lat' dir='ltr'><strong>et</strong></span> <span class='ocrx_word' id='word_1_247' title='bbox 725 3541 777 3594; x_wconf 91' lang='lat' dir='ltr'><strong>in</strong></span> <span class='ocrx_word' id='word_1_248' title='bbox 795 3544 1129 3611; x_wconf 78' lang='lat' dir='ltr'><strong>experientia</strong></span> <span class='ocrx_word' id='word_1_249' title='bbox 1146 3548 1506 3603; x_wconf 87' lang='lat' dir='ltr'><strong>constitutam</strong></span> <span class='ocrx_word' id='word_1_250' title='bbox 1523 3551 1885 3605; x_wconf 88' lang='lat' dir='ltr'><strong>mutationum</strong></span> <span class='ocrx_word' id='word_1_251' title='bbox 1902 3560 1956 3606; x_wconf 90' lang='lat' dir='ltr'><strong>et</strong></span> <span class='ocrx_word' id='word_1_252' title='bbox 1980 3566 2072 3607; x_wconf 86' lang='lat' dir='ltr'><strong>ca-</strong></span> 
     </span>
    </p>
   </div>
   <div class='ocr_carea' id='block_1_37' title="bbox 512 3632 2070 3708">
    <p class='ocr_par' dir='ltr' id='par_1_37' title="bbox 512 3632 2070 3708">
     <span class='ocr_line' id='line_1_37' title="bbox 512 3632 2070 3708; baseline 0.01 -28"><span class='ocrx_word' id='word_1_253' title='bbox 512 3635 764 3682; x_wconf 88' lang='lat' dir='ltr'><strong>tenarum</strong></span> <span class='ocrx_word' id='word_1_254' title='bbox 802 3632 944 3686; x_wconf 88' lang='lat' dir='ltr'><strong>serie</strong></span> <span class='ocrx_word' id='word_1_255' title='bbox 984 3632 1254 3703; x_wconf 83' lang='lat' dir='ltr'><strong>involvas,</strong></span> <span class='ocrx_word' id='word_1_256' title='bbox 1298 3637 1492 3704; x_wconf 84' lang='lat' dir='ltr'><strong>miror,</strong></span> <span class='ocrx_word' id='word_1_257' title='bbox 1536 3639 1734 3708; x_wconf 87' lang='lat' dir='ltr'><strong>inquit,</strong></span> <span class='ocrx_word' id='word_1_258' title='bbox 1780 3642 2070 3697; x_wconf 83' lang='lat' dir='ltr'><strong>vehemen-</strong></span> 
     </span>
    </p>
   </div>
   <div class='ocr_carea' id='block_1_38' title="bbox 505 3714 2081 3789">
    <p class='ocr_par' dir='ltr' id='par_1_38' title="bbox 505 3714 2081 3789">
     <span class='ocr_line' id='line_1_38' title="bbox 505 3714 2081 3789; baseline 0.014 -21"><span class='ocrx_word' id='word_1_259' title='bbox 505 3722 615 3770; x_wconf 90' lang='lat' dir='ltr'><strong>ter.</strong></span> <span class='ocrx_word' id='word_1_260' title='bbox 668 3714 963 3782; x_wconf 84' lang='lat' dir='ltr'><strong>Quomodo</strong></span> <span class='ocrx_word' id='word_1_261' title='bbox 1016 3734 1048 3775; x_wconf 92' lang='lat' dir='ltr'><strong>e</strong></span> <span class='ocrx_word' id='word_1_262' title='bbox 1096 3736 1219 3777; x_wconf 79' lang='lat' dir='ltr'><strong>mea</strong></span> <span class='ocrx_word' id='word_1_263' title='bbox 1263 3724 1469 3779; x_wconf 80' lang='lat' dir='ltr'><strong>excidit</strong></span> <span class='ocrx_word' id='word_1_264' title='bbox 1518 3729 1779 3783; x_wconf 91' lang='lat' dir='ltr'><strong>memoria</strong></span> <span class='ocrx_word' id='word_1_265' title='bbox 1821 3730 1955 3786; x_wconf 88' lang='lat' dir='ltr'><strong>illud</strong></span> <span class='ocrx_word' id='word_1_266' title='bbox 1986 3748 2081 3789; x_wconf 78' lang='lat' dir='ltr'><strong>so~</strong></span> 
     </span>
    </p>
   </div>
   <div class='ocr_carea' id='block_1_39' title="bbox 507 3798 2078 3891">
    <p class='ocr_par' dir='ltr' id='par_1_39' title="bbox 507 3798 2078 3891">
     <span class='ocr_line' id='line_1_39' title="bbox 507 3798 2078 3891; baseline 0.015 -34"><span class='ocrx_word' id='word_1_267' title='bbox 507 3807 642 3872; x_wconf 87' lang='lat' dir='ltr'><strong>tum,</strong></span> <span class='ocrx_word' id='word_1_268' title='bbox 686 3807 905 3864; x_wconf 84' lang='lat' dir='ltr'><strong>scilicet</strong></span> <span class='ocrx_word' id='word_1_269' title='bbox 940 3824 1109 3866; x_wconf 90' lang='lat' dir='ltr'><strong>nosse</strong></span> <span class='ocrx_word' id='word_1_270' title='bbox 1155 3826 1187 3867; x_wconf 92' lang='lat' dir='ltr'><strong>e</strong></span> <span class='ocrx_word' id='word_1_271' title='bbox 1244 3827 1351 3882; x_wconf 87' lang='lat' dir='ltr'><strong>qua</strong></span> <span class='ocrx_word' id='word_1_272' title='bbox 1401 3815 1543 3885; x_wconf 89' lang='lat' dir='ltr'><strong>pelle</strong></span> <span class='ocrx_word' id='word_1_273' title='bbox 1599 3825 1696 3871; x_wconf 88' lang='lat' dir='ltr'><strong>aut</strong></span> <span class='ocrx_word' id='word_1_274' title='bbox 1748 3798 1981 3891; x_wconf 61' lang='lat' dir='ltr'><strong>corpore</strong></span> <span class='ocrx_word' id='word_1_275' title='bbox 2023 3823 2078 3880; x_wconf 91' lang='lat' dir='ltr'><strong>in</strong></span> 
     </span>
    </p>
   </div>
   <div class='ocr_carea' id='block_1_40' title="bbox 506 3898 2078 3981">
    <p class='ocr_par' dir='ltr' id='par_1_40' title="bbox 506 3898 2078 3981">
     <span class='ocr_line' id='line_1_40' title="bbox 506 3898 2078 3981; baseline 0.011 -30"><span class='ocrx_word' id='word_1_276' title='bbox 506 3898 560 3951; x_wconf 85' lang='lat' dir='ltr'><strong>id</strong></span> <span class='ocrx_word' id='word_1_277' title='bbox 592 3898 648 3953; x_wconf 89' lang='lat' dir='ltr'><strong>in</strong></span> <span class='ocrx_word' id='word_1_278' title='bbox 686 3915 796 3968; x_wconf 94' lang='lat' dir='ltr'><strong>quo</strong></span> <span class='ocrx_word' id='word_1_279' title='bbox 832 3916 978 3956; x_wconf 91' lang='lat' dir='ltr'><strong>nunc</strong></span> <span class='ocrx_word' id='word_1_280' title='bbox 1018 3903 1180 3971; x_wconf 89' lang='lat' dir='ltr'><strong>iaceo</strong></span> <span class='ocrx_word' id='word_1_281' title='bbox 1213 3903 1450 3959; x_wconf 85' lang='lat' dir='ltr'><strong>deveni?</strong></span> <span class='ocrx_word' id='word_1_282' title='bbox 1506 3905 1561 3961; x_wconf 91' lang='lat' dir='ltr'><strong>In</strong></span> <span class='ocrx_word' id='word_1_283' title='bbox 1594 3908 1796 3978; x_wconf 88' lang='lat' dir='ltr'><strong>quibus</strong></span> <span class='ocrx_word' id='word_1_284' title='bbox 1841 3913 2078 3981; x_wconf 89' lang='lat' dir='ltr'><strong>primum</strong></span> 
     </span>
    </p>
   </div>
   <div class='ocr_carea' id='block_1_41' title="bbox 508 3994 2077 4074">
    <p class='ocr_par' dir='ltr' id='par_1_41' title="bbox 508 3994 2077 4074">
     <span class='ocr_line' id='line_1_41' title="bbox 508 3994 2077 4074; baseline 0.012 -32"><span class='ocrx_word' id='word_1_285' title='bbox 508 3997 724 4045; x_wconf 86' lang='lat' dir='ltr'><strong>mortua</strong></span> <span class='ocrx_word' id='word_1_286' title='bbox 758 4006 901 4058; x_wconf 90' lang='lat' dir='ltr'><strong>sum,</strong></span> <span class='ocrx_word' id='word_1_287' title='bbox 933 4001 988 4048; x_wconf 91' lang='lat' dir='ltr'><strong>et</strong></span> <span class='ocrx_word' id='word_1_288' title='bbox 1011 4009 1133 4064; x_wconf 66' lang='lat' dir='ltr'><strong>quae</strong></span> <span class='ocrx_word' id='word_1_289' title='bbox 1161 3994 1284 4048; x_wconf 79' lang='lat' dir='ltr'><strong>liam</strong></span> <span class='ocrx_word' id='word_1_290' title='bbox 1324 4005 1449 4066; x_wconf 89' lang='lat' dir='ltr'><strong>post</strong></span> <span class='ocrx_word' id='word_1_291' title='bbox 1480 3997 1596 4053; x_wconf 65' lang='lat' dir='ltr'><strong>haec</strong></span> <span class='ocrx_word' id='word_1_292' title='bbox 1623 4000 1838 4057; x_wconf 90' lang='lat' dir='ltr'><strong>discere</strong></span> <span class='ocrx_word' id='word_1_293' title='bbox 1858 4011 2077 4074; x_wconf 79' lang='lat' dir='ltr'><strong>empto.</strong></span> 
     </span>
    </p>
   </div>
   <div class='ocr_carea' id='block_1_42' title="bbox 508 4076 2081 4153">
    <p class='ocr_par' dir='ltr' id='par_1_42' title="bbox 508 4076 2081 4153">
     <span class='ocr_line' id='line_1_42' title="bbox 508 4076 2081 4153; baseline 0.011 -22"><span class='ocrx_word' id='word_1_294' title='bbox 508 4076 815 4134; x_wconf 12' lang='lat' dir='ltr'><strong>Etenimsut</strong></span> <span class='ocrx_word' id='word_1_295' title='bbox 843 4080 1059 4136; x_wconf 88' lang='lat' dir='ltr'><strong>videtur</strong></span> <span class='ocrx_word' id='word_1_296' title='bbox 1083 4090 1136 4138; x_wconf 90' lang='lat' dir='ltr'><strong>et</strong></span> <span class='ocrx_word' id='word_1_297' title='bbox 1161 4083 1413 4152; x_wconf 82' lang='lat' dir='ltr'><strong>iocosius</strong></span> <span class='ocrx_word' id='word_1_298' title='bbox 1429 4085 1629 4153; x_wconf 88' lang='lat' dir='ltr'><strong>dicam,</strong></span> <span class='ocrx_word' id='word_1_299' title='bbox 1676 4105 1829 4145; x_wconf 90' lang='lat' dir='ltr'><strong>meus</strong></span> <span class='ocrx_word' id='word_1_300' title='bbox 1864 4093 2081 4149; x_wconf 85' lang='lat' dir='ltr'><strong>vinctor</strong></span> 
     </span>
    </p>
   </div>
   <div class='ocr_carea' id='block_1_43' title="bbox 506 4167 2081 4238">
    <p class='ocr_par' dir='ltr' id='par_1_43' title="bbox 506 4167 2081 4238">
     <span class='ocr_line' id='line_1_43' title="bbox 506 4167 2081 4238; baseline 0.013 -19"><span class='ocrx_word' id='word_1_301' title='bbox 506 4174 561 4220; x_wconf 87' lang='lat' dir='ltr'><strong>et</strong></span> <span class='ocrx_word' id='word_1_302' title='bbox 600 4167 897 4224; x_wconf 82' lang='lat' dir='ltr'><strong>fabricator</strong></span> <span class='ocrx_word' id='word_1_303' title='bbox 938 4171 994 4225; x_wconf 90' lang='lat' dir='ltr'><strong>in</strong></span> <span class='ocrx_word' id='word_1_304' title='bbox 1029 4172 1319 4230; x_wconf 87' lang='lat' dir='ltr'><strong>animabus</strong></span> <span class='ocrx_word' id='word_1_305' title='bbox 1365 4175 1516 4232; x_wconf 86' lang='lat' dir='ltr'><strong>dives</strong></span> <span class='ocrx_word' id='word_1_306' title='bbox 1556 4192 1666 4232; x_wconf 91' lang='lat' dir='ltr'><strong>non</strong></span> <span class='ocrx_word' id='word_1_307' title='bbox 1705 4187 1789 4235; x_wconf 90' lang='lat' dir='ltr'><strong>cst</strong></span> <span class='ocrx_word' id='word_1_308' title='bbox 1834 4181 1984 4237; x_wconf 88' lang='lat' dir='ltr'><strong>sicut</strong></span> <span class='ocrx_word' id='word_1_309' title='bbox 2023 4184 2081 4238; x_wconf 93' lang='lat' dir='ltr'><strong>in</strong></span> 
     </span>
    </p>
   </div>
   <div class='ocr_carea' id='block_1_44' title="bbox 509 4255 2075 4336">
    <p class='ocr_par' dir='ltr' id='par_1_44' title="bbox 509 4255 2075 4336">
     <span class='ocr_line' id='line_1_44' title="bbox 509 4255 2075 4336; baseline 0.015 -31"><span class='ocrx_word' id='word_1_310' title='bbox 509 4255 710 4322; x_wconf 79' lang='lat' dir='ltr'><strong>saccis,</strong></span> <span class='ocrx_word' id='word_1_311' title='bbox 756 4257 879 4313; x_wconf 80' lang='lat' dir='ltr'><strong>ideo</strong></span> <span class='ocrx_word' id='word_1_312' title='bbox 918 4268 1140 4330; x_wconf 91' lang='lat' dir='ltr'><strong>propter</strong></span> <span class='ocrx_word' id='word_1_313' title='bbox 1168 4277 1460 4330; x_wconf 84' lang='lat' dir='ltr'><strong>corporum</strong></span> <span class='ocrx_word' id='word_1_314' title='bbox 1502 4267 1789 4336; x_wconf 87' lang='lat' dir='ltr'><strong>penuriam</strong></span> <span class='ocrx_word' id='word_1_315' title='bbox 1824 4269 2075 4328; x_wconf 86' lang='lat' dir='ltr'><strong>diverso-</strong></span> 
     </span>
    </p>
   </div>
   <div class='ocr_carea' id='block_1_45' title="bbox 507 4346 2075 4419">
    <p class='ocr_par' dir='ltr' id='par_1_45' title="bbox 507 4346 2075 4419">
     <span class='ocr_line' id='line_1_45' title="bbox 507 4346 2075 4419; baseline 0.015 -23"><span class='ocrx_word' id='word_1_316' title='bbox 507 4360 630 4397; x_wconf 83' lang='lat' dir='ltr'><strong>rum</strong></span> <span class='ocrx_word' id='word_1_317' title='bbox 663 4346 718 4399; x_wconf 91' lang='lat' dir='ltr'><strong>in</strong></span> <span class='ocrx_word' id='word_1_318' title='bbox 760 4347 961 4417; x_wconf 79' lang='lat' dir='ltr'><strong>ﬁguras</strong></span> <span class='ocrx_word' id='word_1_319' title='bbox 992 4351 1311 4407; x_wconf 90' lang='lat' dir='ltr'><strong>animalium</strong></span> <span class='ocrx_word' id='word_1_320' title='bbox 1344 4354 1718 4413; x_wconf 83' lang='lat' dir='ltr'><strong>transfundor.</strong></span> <span class='ocrx_word' id='word_1_321' title='bbox 1774 4357 2075 4419; x_wconf 83' lang='lat' dir='ltr'><strong>Deliriuml</strong></span> 
     </span>
    </p>
   </div>
   <div class='ocr_carea' id='block_1_46' title="bbox 508 4434 2086 4522">
    <p class='ocr_par' dir='ltr' id='par_1_46' title="bbox 508 4434 2086 4522">
     <span class='ocr_line' id='line_1_46' title="bbox 508 4434 2086 4522; baseline 0.013 -35"><span class='ocrx_word' id='word_1_322' title='bbox 508 4434 660 4489; x_wconf 84' lang='lat' dir='ltr'><strong>Eheu</strong></span> <span class='ocrx_word' id='word_1_323' title='bbox 685 4437 699 4489; x_wconf 89' lang='lat' dir='ltr'><strong>l</strong></span> <span class='ocrx_word' id='word_1_324' title='bbox 734 4437 1021 4494; x_wconf 84' lang='lat' dir='ltr'><strong>Aberratio</strong></span> <span class='ocrx_word' id='word_1_325' title='bbox 1043 4440 1224 4512; x_wconf 86' lang='lat' dir='ltr'><strong>longa,</strong></span> <span class='ocrx_word' id='word_1_326' title='bbox 1259 4444 1535 4514; x_wconf 90' lang='lat' dir='ltr'><strong>propriam</strong></span> <span class='ocrx_word' id='word_1_327' title='bbox 1562 4446 1728 4501; x_wconf 85' lang='lat' dir='ltr'><strong>vitam</strong></span> <span class='ocrx_word' id='word_1_328' title='bbox 1751 4464 1860 4504; x_wconf 92' lang='lat' dir='ltr'><strong>non</strong></span> <span class='ocrx_word' id='word_1_329' title='bbox 1885 4465 2086 4522; x_wconf 84' lang='lat' dir='ltr'><strong>cogno—</strong></span> 
     </span>
    </p>
   </div>
   <div class='ocr_carea' id='block_1_47' title="bbox 507 4526 2133 4610">
    <p class='ocr_par' dir='ltr' id='par_1_47' title="bbox 507 4526 2133 4610">
     <span class='ocr_line' id='line_1_47' title="bbox 507 4526 2133 4610; baseline 0.01 -29"><span class='ocrx_word' id='word_1_330' title='bbox 507 4527 691 4607; x_wconf 74' lang='lat' dir='ltr'><strong>scere!</strong></span> <span class='ocrx_word' id='word_1_331' title='bbox 743 4526 887 4582; x_wconf 87' lang='lat' dir='ltr'><strong>Sane</strong></span> <span class='ocrx_word' id='word_1_332' title='bbox 927 4528 1270 4588; x_wconf 87' lang='lat' dir='ltr'><strong>incredibilis</strong></span> <span class='ocrx_word' id='word_1_333' title='bbox 1314 4534 1432 4589; x_wconf 57' lang='lat' dir='ltr'><strong>hare</strong></span> <span class='ocrx_word' id='word_1_334' title='bbox 1481 4534 1773 4592; x_wconf 84' lang='lat' dir='ltr'><strong>oblivionis</strong></span> <span class='ocrx_word' id='word_1_335' title='bbox 1820 4539 2079 4610; x_wconf 88' lang='lat' dir='ltr'><strong>abyssus,</strong></span> <span class='ocrx_word' id='word_1_336' title='bbox 2132 4582 2133 4585; x_wconf 59' lang='grc' dir='ltr'><strong>η</strong></span> 
     </span>
    </p>
   </div>
   <div class='ocr_carea' id='block_1_48' title="bbox 507 4616 2086 4699">
    <p class='ocr_par' dir='ltr' id='par_1_48' title="bbox 507 4616 2086 4699">
     <span class='ocr_line' id='line_1_48' title="bbox 507 4616 2086 4699; baseline 0.011 -30"><span class='ocrx_word' id='word_1_337' title='bbox 507 4631 633 4671; x_wconf 81' lang='lat' dir='ltr'><strong>cum</strong></span> <span class='ocrx_word' id='word_1_338' title='bbox 663 4616 731 4673; x_wconf 90' lang='lat' dir='ltr'><strong>de</strong></span> <span class='ocrx_word' id='word_1_339' title='bbox 754 4619 931 4690; x_wconf 90' lang='lat' dir='ltr'><strong>prima</strong></span> <span class='ocrx_word' id='word_1_340' title='bbox 970 4619 1026 4674; x_wconf 89' lang='lat' dir='ltr'><strong>in</strong></span> <span class='ocrx_word' id='word_1_341' title='bbox 1070 4622 1277 4680; x_wconf 91' lang='lat' dir='ltr'><strong>mundo</strong></span> <span class='ocrx_word' id='word_1_342' title='bbox 1320 4625 1658 4683; x_wconf 87' lang='lat' dir='ltr'><strong>habitatione</strong></span> <span class='ocrx_word' id='word_1_343' title='bbox 1692 4643 1855 4699; x_wconf 88' lang='lat' dir='ltr'><strong>quam</strong></span> <span class='ocrx_word' id='word_1_344' title='bbox 1892 4630 2086 4687; x_wconf 87' lang='lat' dir='ltr'><strong>habuit</strong></span> 
     </span>
    </p>
   </div>
   <div class='ocr_carea' id='block_1_49' title="bbox 508 4708 2082 4787">
    <p class='ocr_par' dir='ltr' id='par_1_49' title="bbox 508 4708 2082 4787">
     <span class='ocr_line' id='line_1_49' title="bbox 508 4708 2082 4787; baseline 0.01 -25"><span class='ocrx_word' id='word_1_345' title='bbox 508 4708 723 4762; x_wconf 86' lang='lat' dir='ltr'><strong>nullum</strong></span> <span class='ocrx_word' id='word_1_346' title='bbox 752 4710 1031 4765; x_wconf 62' lang='lat' dir='ltr'><strong>memoriae</strong></span> <span class='ocrx_word' id='word_1_347' title='bbox 1071 4712 1359 4784; x_wconf 77' lang='lat' dir='ltr'><strong>vestigium</strong></span> <span class='ocrx_word' id='word_1_348' title='bbox 1400 4716 1740 4787; x_wconf 90' lang='lat' dir='ltr'><strong>relinquatur</strong></span> <span class='ocrx_word' id='word_1_349' title='bbox 1786 4720 1841 4773; x_wconf 91' lang='lat' dir='ltr'><strong>in</strong></span> <span class='ocrx_word' id='word_1_350' title='bbox 1876 4722 2082 4778; x_wconf 88' lang='lat' dir='ltr'><strong>anima.</strong></span> 
     </span>
    </p>
   </div>
   <div class='ocr_carea' id='block_1_50' title="bbox 514 4797 2083 4880">
    <p class='ocr_par' dir='ltr' id='par_1_50' title="bbox 514 4797 2083 4880">
     <span class='ocr_line' id='line_1_50' title="bbox 514 4797 2083 4880; baseline 0.013 -32"><span class='ocrx_word' id='word_1_351' title='bbox 514 4819 532 4848; x_wconf 76' lang='grc' dir='ltr'><strong>ε</strong></span> <span class='ocrx_word' id='word_1_352' title='bbox 565 4797 823 4853; x_wconf 82' lang='lat' dir='ltr'><strong>Nostrum</strong></span> <span class='ocrx_word' id='word_1_353' title='bbox 868 4798 1141 4871; x_wconf 75' lang='lat' dir='ltr'><strong>intelligas</strong></span> <span class='ocrx_word' id='word_1_354' title='bbox 1176 4821 1196 4854; x_wconf 76' lang='grc' dir='ltr'><strong>ι</strong></span> <span class='ocrx_word' id='word_1_355' title='bbox 1232 4812 1286 4859; x_wconf 93' lang='lat' dir='ltr'><strong>et</strong></span> <span class='ocrx_word' id='word_1_356' title='bbox 1320 4819 1436 4874; x_wconf 89' lang='lat' dir='ltr'><strong>seq.</strong></span> <span class='ocrx_word' id='word_1_357' title='bbox 1470 4804 1742 4865; x_wconf 79' lang='lat' dir='ltr'><strong>Relutatis</strong></span> <span class='ocrx_word' id='word_1_358' title='bbox 1781 4814 2083 4880; x_wconf 87' lang='lat' dir='ltr'><strong>pseudosa-</strong></span> 
     </span>
    </p>
   </div>
   <div class='ocr_carea' id='block_1_51' title="bbox 507 4888 2085 4968">
    <p class='ocr_par' dir='ltr' id='par_1_51' title="bbox 507 4888 2085 4968">
     <span class='ocr_line' id='line_1_51' title="bbox 507 4888 2085 4968; baseline 0.013 -27"><span class='ocrx_word' id='word_1_359' title='bbox 507 4888 770 4957; x_wconf 84' lang='lat' dir='ltr'><strong>pientium</strong></span> <span class='ocrx_word' id='word_1_360' title='bbox 806 4888 1050 4960; x_wconf 86' lang='lat' dir='ltr'><strong>ineptiis,</strong></span> <span class='ocrx_word' id='word_1_361' title='bbox 1086 4892 1263 4963; x_wconf 83' lang='lat' dir='ltr'><strong>inquit</strong></span> <span class='ocrx_word' id='word_1_362' title='bbox 1295 4894 1478 4950; x_wconf 88' lang='lat' dir='ltr'><strong>divine</strong></span> <span class='ocrx_word' id='word_1_363' title='bbox 1532 4898 1772 4968; x_wconf 88' lang='lat' dir='ltr'><strong>sapiens,</strong></span> <span class='ocrx_word' id='word_1_364' title='bbox 1809 4903 2085 4961; x_wconf 78' lang='lat' dir='ltr'><strong>excellens</strong></span> 
     </span>
    </p>
   </div>
   <div class='ocr_carea' id='block_1_52' title="bbox 510 4977 2084 5048">
    <p class='ocr_par' dir='ltr' id='par_1_52' title="bbox 510 4977 2084 5048">
     <span class='ocr_line' id='line_1_52' title="bbox 510 4977 2084 5048; baseline 0.009 -17"><span class='ocrx_word' id='word_1_365' title='bbox 510 4978 577 5031; x_wconf 88' lang='lat' dir='ltr'><strong>de</strong></span> <span class='ocrx_word' id='word_1_366' title='bbox 606 4977 787 5030; x_wconf 89' lang='lat' dir='ltr'><strong>anima</strong></span> <span class='ocrx_word' id='word_1_367' title='bbox 817 4978 1140 5048; x_wconf 68' lang='lat' dir='ltr'><strong>aggrediens</strong></span> <span class='ocrx_word' id='word_1_368' title='bbox 1171 4981 1586 5048; x_wconf 86' lang='lat' dir='ltr'><strong>documentum,</strong></span> <span class='ocrx_word' id='word_1_369' title='bbox 1620 4995 1871 5042; x_wconf 89' lang='lat' dir='ltr'><strong>nostrum</strong></span> <span class='ocrx_word' id='word_1_370' title='bbox 1902 4999 1955 5044; x_wconf 92' lang='lat' dir='ltr'><strong>et</strong></span> <span class='ocrx_word' id='word_1_371' title='bbox 1994 5006 2084 5045; x_wconf 85' lang='lat' dir='ltr'><strong>ve-</strong></span> 
     </span>
    </p>
   </div>
   <div class='ocr_carea' id='block_1_53' title="bbox 510 5067 2081 5149">
    <p class='ocr_par' dir='ltr' id='par_1_53' title="bbox 510 5067 2081 5149">
     <span class='ocr_line' id='line_1_53' title="bbox 510 5067 2081 5149; baseline 0.011 -30"><span class='ocrx_word' id='word_1_372' title='bbox 510 5081 633 5120; x_wconf 86' lang='lat' dir='ltr'><strong>rum</strong></span> <span class='ocrx_word' id='word_1_373' title='bbox 677 5067 733 5121; x_wconf 93' lang='lat' dir='ltr'><strong>in</strong></span> <span class='ocrx_word' id='word_1_374' title='bbox 780 5082 941 5124; x_wconf 89' lang='lat' dir='ltr'><strong>aures</strong></span> <span class='ocrx_word' id='word_1_375' title='bbox 1000 5076 1124 5126; x_wconf 91' lang='lat' dir='ltr'><strong>tuas</strong></span> <span class='ocrx_word' id='word_1_376' title='bbox 1177 5072 1404 5143; x_wconf 84' lang='lat' dir='ltr'><strong>excipe,</strong></span> <span class='ocrx_word' id='word_1_377' title='bbox 1449 5082 1502 5128; x_wconf 88' lang='lat' dir='ltr'><strong>et</strong></span> <span class='ocrx_word' id='word_1_378' title='bbox 1557 5090 1787 5144; x_wconf 87' lang='lat' dir='ltr'><strong>parvum</strong></span> <span class='ocrx_word' id='word_1_379' title='bbox 1835 5079 2081 5149; x_wconf 89' lang='lat' dir='ltr'><strong>leporem</strong></span> 
     </span>
    </p>
   </div>
   <div class='ocr_carea' id='block_1_54' title="bbox 509 5156 2082 5232">
    <p class='ocr_par' dir='ltr' id='par_1_54' title="bbox 509 5156 2082 5232">
     <span class='ocr_line' id='line_1_54' title="bbox 509 5156 2082 5232; baseline 0.011 -22"><span class='ocrx_word' id='word_1_380' title='bbox 509 5156 944 5226; x_wconf 89' lang='lat' dir='ltr'><strong>suavitatemque</strong></span> <span class='ocrx_word' id='word_1_381' title='bbox 974 5158 1219 5214; x_wconf 89' lang='lat' dir='ltr'><strong>miscebo</strong></span> <span class='ocrx_word' id='word_1_382' title='bbox 1240 5160 1296 5215; x_wconf 88' lang='lat' dir='ltr'><strong>in</strong></span> <span class='ocrx_word' id='word_1_383' title='bbox 1334 5164 1591 5232; x_wconf 70' lang='lat' dir='ltr'><strong>prmsenti</strong></span> <span class='ocrx_word' id='word_1_384' title='bbox 1626 5168 1888 5223; x_wconf 88' lang='lat' dir='ltr'><strong>carmine.</strong></span> <span class='ocrx_word' id='word_1_385' title='bbox 1926 5169 1991 5224; x_wconf 88' lang='lat' dir='ltr'><strong>Et</strong></span> <span class='ocrx_word' id='word_1_386' title='bbox 2014 5171 2082 5227; x_wconf 85' lang='lat' dir='ltr'><strong>de</strong></span> 
     </span>
    </p>
   </div>
   <div class='ocr_carea' id='block_1_55' title="bbox 508 5330 2082 5406">
    <p class='ocr_par' dir='ltr' id='par_1_55' title="bbox 508 5330 2082 5406">
     <span class='ocr_line' id='line_1_55' title="bbox 508 5330 2082 5406; baseline 0.01 -24"><span class='ocrx_word' id='word_1_387' title='bbox 508 5345 564 5383; x_wconf 71' lang='grc' dir='ltr'>ν.</span> <span class='ocrx_word' id='word_1_388' title='bbox 584 5330 798 5406; x_wconf 51' lang='lat' dir='ltr'><strong>divam,</strong></span> <span class='ocrx_word' id='word_1_389' title='bbox 814 5331 1271 5406; x_wconf 57' lang='grc' dir='ltr'>ᾁένναος,ρείνως</span> <span class='ocrx_word' id='word_1_390' title='bbox 1285 5351 1457 5406; x_wconf 86' lang='lat' dir='ltr'><strong>nuper</strong></span> <span class='ocrx_word' id='word_1_391' title='bbox 1473 5347 1867 5396; x_wconf 77' lang='lat' dir='ltr'><strong>commentatus</strong></span> <span class='ocrx_word' id='word_1_392' title='bbox 1884 5351 1967 5399; x_wconf 83' lang='lat' dir='ltr'><strong>cst</strong></span> <span class='ocrx_word' id='word_1_393' title='bbox 1985 5342 2082 5398; x_wconf 80' lang='lat' dir='ltr'><strong>Fix</strong></span> 
     </span>
    </p>
   </div>
   <div class='ocr_carea' id='block_1_56' title="bbox 510 5400 2082 5478">
    <p class='ocr_par' dir='ltr' id='par_1_56' title="bbox 510 5400 2082 5478">
     <span class='ocr_line' id='line_1_56' title="bbox 510 5400 2082 5478; baseline 0.009 -27"><span class='ocrx_word' id='word_1_394' title='bbox 510 5415 563 5452; x_wconf 72' lang='grc' dir='ltr'>τ.</span> <span class='ocrx_word' id='word_1_395' title='bbox 594 5401 737 5478; x_wconf 37' lang='lat' dir='ltr'><strong>«iam</strong></span> <span class='ocrx_word' id='word_1_396' title='bbox 776 5400 1017 5478; x_wconf 72' lang='lat' dir='ltr'><strong>editione</strong></span> <span class='ocrx_word' id='word_1_397' title='bbox 1064 5401 1239 5478; x_wconf 56' lang='lat' dir='ltr'><strong>faris.</strong></span> <span class='ocrx_word' id='word_1_398' title='bbox 1287 5400 1545 5478; x_wconf 53' lang='lat' dir='ltr'><strong>Thesauri</strong></span> <span class='ocrx_word' id='word_1_399' title='bbox 1576 5408 1786 5478; x_wconf 86' lang='lat' dir='ltr'><strong>Stepb.,</strong></span> <span class='ocrx_word' id='word_1_400' title='bbox 1824 5410 1959 5469; x_wconf 77' lang='lat' dir='ltr'><strong>fasc.</strong></span> <span class='ocrx_word' id='word_1_401' title='bbox 1998 5430 2082 5478; x_wconf 85' lang='lat' dir='ltr'><strong>Ill,</strong></span> 
     </span>
    </p>
   </div>
   <div class='ocr_carea' id='block_1_57' title="bbox 512 5468 2085 5538">
    <p class='ocr_par' dir='ltr' id='par_1_57' title="bbox 512 5468 2085 5538">
     <span class='ocr_line' id='line_1_57' title="bbox 512 5468 2085 5538; baseline 0.01 -19"><span class='ocrx_word' id='word_1_402' title='bbox 512 5484 565 5535; x_wconf 76' lang='grc' dir='ltr'><strong>ν.</strong></span> <span class='ocrx_word' id='word_1_403' title='bbox 598 5468 720 5530; x_wconf 76' lang='grc'>746,</span> <span class='ocrx_word' id='word_1_404' title='bbox 758 5470 850 5538; x_wconf 69' lang='lat' dir='ltr'><strong>sed</strong></span> <span class='ocrx_word' id='word_1_405' title='bbox 903 5471 1015 5525; x_wconf 86' lang='lat' dir='ltr'><strong>sola</strong></span> <span class='ocrx_word' id='word_1_406' title='bbox 1062 5471 1238 5525; x_wconf 79' lang='lat' dir='ltr'><strong>forma</strong></span> <span class='ocrx_word' id='word_1_407' title='bbox 1277 5474 1472 5538; x_wconf 84' lang='grc' dir='ltr'>ἀέναος</span> <span class='ocrx_word' id='word_1_408' title='bbox 1505 5491 1631 5531; x_wconf 87' lang='lat' dir='ltr'><strong>vera</strong></span> <span class='ocrx_word' id='word_1_409' title='bbox 1672 5468 1784 5533; x_wconf 60' lang='lat' dir='ltr'><strong>est.</strong></span> <span class='ocrx_word' id='word_1_410' title='bbox 1835 5478 1901 5535; x_wconf 71' lang='grc' dir='ltr'>ν.</span> <span class='ocrx_word' id='word_1_411' title='bbox 1948 5468 2085 5536; x_wconf 69' lang='lat' dir='ltr'><strong>Hch</strong></span> 
     </span>
    </p>
   </div>
   <div class='ocr_carea' id='block_1_58' title="bbox 516 5536 2083 5664">
    <p class='ocr_par' dir='ltr' id='par_1_58' title="bbox 516 5536 2083 5664">
     <span class='ocr_line' id='line_1_58' title="bbox 516 5536 2083 5664; baseline 0.011 -78"><span class='ocrx_word' id='word_1_412' title='bbox 516 5539 694 5590; x_wconf 82' lang='lat' dir='ltr'><strong>malmi</strong></span> <span class='ocrx_word' id='word_1_413' title='bbox 746 5536 941 5605; x_wconf 82' lang='lat' dir='ltr'><strong>Opusc.</strong></span> <span class='ocrx_word' id='word_1_414' title='bbox 993 5540 1100 5594; x_wconf 91' lang='lat' dir='ltr'><strong>vol.</strong></span> <span class='ocrx_word' id='word_1_415' title='bbox 1137 5538 1229 5604; x_wconf 75' lang='lat' dir='ltr'><strong>Vl,</strong></span> <span class='ocrx_word' id='word_1_416' title='bbox 1352 5536 1465 5598; x_wconf 40' lang='lat'><strong>287—</strong></span> <span class='ocrx_word' id='word_1_417' title='bbox 1490 5546 1661 5612; x_wconf 85' lang='lat' dir='ltr'><strong>prima</strong></span> <span class='ocrx_word' id='word_1_418' title='bbox 1700 5548 1907 5617; x_wconf 85' lang='lat' dir='ltr'><strong>syllaba</strong></span> <span class='ocrx_word' id='word_1_419' title='bbox 1952 5565 2083 5619; x_wconf 75' lang='lat' dir='ltr'><strong>pro~</strong></span> 
     </span>
     <span class='ocr_line' id='line_1_59' title="bbox 516 5604 2083 5664; baseline 0.005 -8"><span class='ocrx_word' id='word_1_420' title='bbox 516 5604 673 5659; x_wconf 79' lang='lat' dir='ltr'><strong>ducta</strong></span> <span class='ocrx_word' id='word_1_421' title='bbox 699 5622 751 5659; x_wconf 90' lang='lat' dir='ltr'><strong>v.</strong></span> <span class='ocrx_word' id='word_1_422' title='bbox 794 5607 1000 5664; x_wconf 83' lang='lat' dir='ltr'><strong>Snitzn.</strong></span> <span class='ocrx_word' id='word_1_423' title='bbox 1057 5610 1125 5664; x_wconf 91' lang='lat' dir='ltr'><strong>dc</strong></span> <span class='ocrx_word' id='word_1_424' title='bbox 1158 5626 1210 5663; x_wconf 92' lang='lat' dir='ltr'><strong>v.</strong></span> <span class='ocrx_word' id='word_1_425' title='bbox 1283 5610 1414 5664; x_wconf 90' lang='lat' dir='ltr'><strong>lom.</strong></span> <span class='ocrx_word' id='word_1_426' title='bbox 1452 5629 1505 5664; x_wconf 78' lang='grc' dir='ltr'><strong>ι).</strong></span> <span class='ocrx_word' id='word_1_427' title='bbox 1551 5614 1638 5664; x_wconf 82' lang='lat'><strong>75.</strong></span> <span class='ocrx_word' id='word_1_428' title='bbox 1666 5625 1718 5664; x_wconf 85' lang='lat' dir='ltr'><strong>et</strong></span> <span class='ocrx_word' id='word_1_429' title='bbox 1761 5618 1832 5664; x_wconf 79' lang='lat' dir='ltr'><strong>ita</strong></span> <span class='ocrx_word' id='word_1_430' title='bbox 1872 5633 2083 5664; x_wconf 78' lang='lat' dir='ltr'><strong>smnnnr</strong></span> 
     </span>
    </p>
   </div>
   <div class='ocr_carea' id='block_1_59' title="bbox 512 5604 2085 5689">
    <p class='ocr_par' dir='ltr' id='par_1_59' title="bbox 512 5604 2085 5689">
     <span class='ocr_line' id='line_1_60' title="bbox 512 5604 2085 5689; baseline 0.01 -33"><span class='ocrx_word' id='word_1_431' title='bbox 512 5604 751 5689; x_wconf 74' lang='lat' dir='ltr'><strong>ductav.</strong></span> <span class='ocrx_word' id='word_1_432' title='bbox 794 5607 1008 5689; x_wconf 39' lang='lat' dir='ltr'><strong>.Spitzn.</strong></span> <span class='ocrx_word' id='word_1_433' title='bbox 1057 5610 1125 5664; x_wconf 91' lang='lat' dir='ltr'><strong>dc</strong></span> <span class='ocrx_word' id='word_1_434' title='bbox 1158 5604 1414 5689; x_wconf 79' lang='lat' dir='ltr'><strong>v.__llorn.</strong></span> <span class='ocrx_word' id='word_1_435' title='bbox 1551 5614 1638 5679; x_wconf 81' lang='lat'><strong>75,</strong></span> <span class='ocrx_word' id='word_1_436' title='bbox 1666 5604 1833 5689; x_wconf 57' lang='lat' dir='ltr'><strong>et&#39;ita</strong></span> <span class='ocrx_word' id='word_1_437' title='bbox 1872 5604 2085 5689; x_wconf 63' lang='lat' dir='ltr'><strong>semper</strong></span> 
     </span>
    </p>
   </div>
   <div class='ocr_carea' id='block_1_60' title="bbox 514 5677 2085 5751">
    <p class='ocr_par' dir='ltr' id='par_1_60' title="bbox 514 5677 2085 5751">
     <span class='ocr_line' id='line_1_61' title="bbox 514 5677 2085 5751; baseline 0.01 -25"><span class='ocrx_word' id='word_1_438' title='bbox 514 5677 774 5729; x_wconf 75' lang='lat' dir='ltr'><strong>sCribitur</strong></span> <span class='ocrx_word' id='word_1_439' title='bbox 802 5677 856 5730; x_wconf 83' lang='lat' dir='ltr'><strong>in</strong></span> <span class='ocrx_word' id='word_1_440' title='bbox 894 5688 1079 5733; x_wconf 82' lang='lat' dir='ltr'><strong>nostro</strong></span> <span class='ocrx_word' id='word_1_441' title='bbox 1120 5680 1310 5736; x_wconf 74' lang='lat' dir='ltr'><strong>codice</strong></span> <span class='ocrx_word' id='word_1_442' title='bbox 1347 5677 1560 5751; x_wconf 65' lang='lat' dir='ltr'><strong>quintius</strong></span> <span class='ocrx_word' id='word_1_443' title='bbox 1604 5677 1760 5739; x_wconf 78' lang='lat' dir='ltr'><strong>redit.</strong></span> <span class='ocrx_word' id='word_1_444' title='bbox 1812 5677 2085 5743; x_wconf 57' lang='lat' dir='ltr'><strong>Locis&#39;ab</strong></span> 
     </span>
    </p>
   </div>
   <div class='ocr_carea' id='block_1_61' title="bbox 1822 382 2384 444">
    <p class='ocr_par' dir='ltr' id='par_1_61' title="bbox 1822 382 2384 444">
     <span class='ocr_line' id='line_1_62' title="bbox 1822 382 2384 444; baseline 0.002 -4"><span class='ocrx_word' id='word_1_445' title='bbox 1822 382 2117 443; x_wconf 71' lang='lat' dir='ltr'><strong>NICETAS</strong></span> <span class='ocrx_word' id='word_1_446' title='bbox 2177 386 2384 444; x_wconf 74' lang='lat' dir='ltr'><strong>DAVID</strong></span> 
     </span>
    </p>
   </div>
   <div class='ocr_carea' id='block_1_62' title="bbox 3632 371 3747 430">
    <p class='ocr_par' dir='ltr' id='par_1_62' title="bbox 3632 371 3747 430">
     <span class='ocr_line' id='line_1_63' title="bbox 3632 371 3747 430; baseline 0.017 -2"><span class='ocrx_word' id='word_1_447' title='bbox 3632 371 3747 430; x_wconf 66' lang='grc'><strong>692</strong></span> 
     </span>
    </p>
   </div>
   <div class='ocr_carea' id='block_1_63' title="bbox 2161 495 3749 577">
    <p class='ocr_par' dir='ltr' id='par_1_63' title="bbox 2161 495 3749 577">
     <span class='ocr_line' id='line_1_64' title="bbox 2161 495 3749 577; baseline -0.006 -18"><span class='ocrx_word' id='word_1_448' title='bbox 2161 506 2346 577; x_wconf 76' lang='grc' dir='ltr'>κύκλῳ</span> <span class='ocrx_word' id='word_1_449' title='bbox 2379 502 2907 576; x_wconf 76' lang='grc' dir='ltr'>περιστροϐούμενον</span> <span class='ocrx_word' id='word_1_450' title='bbox 2936 497 3258 565; x_wconf 76' lang='grc' dir='ltr'>κολάζεσθαι</span> <span class='ocrx_word' id='word_1_451' title='bbox 3278 512 3293 529; x_wconf 85' lang='grc'>⁶</span> <span class='ocrx_word' id='word_1_452' title='bbox 3330 497 3519 569; x_wconf 80' lang='grc' dir='ltr'>ὥσπερ</span> <span class='ocrx_word' id='word_1_453' title='bbox 3549 495 3617 568; x_wconf 72' lang='grc' dir='ltr'>δὴ</span> <span class='ocrx_word' id='word_1_454' title='bbox 3644 496 3749 551; x_wconf 77' lang='grc' dir='ltr'><strong>καὶ</strong></span> 
     </span>
    </p>
   </div>
   <div class='ocr_carea' id='block_1_64' title="bbox 2166 588 3757 665">
    <p class='ocr_par' dir='ltr' id='par_1_64' title="bbox 2166 588 3757 665">
     <span class='ocr_line' id='line_1_65' title="bbox 2166 588 3757 665; baseline -0.006 -14"><span class='ocrx_word' id='word_1_455' title='bbox 2166 599 2257 651; x_wconf 77' lang='grc' dir='ltr'><strong>τδν</strong></span> <span class='ocrx_word' id='word_1_456' title='bbox 2297 596 2571 651; x_wconf 83' lang='grc' dir='ltr'>Τάνταλον</span> <span class='ocrx_word' id='word_1_457' title='bbox 2609 595 2767 650; x_wconf 80' lang='grc' dir='ltr'>ἀλλον</span> <span class='ocrx_word' id='word_1_458' title='bbox 2797 592 3106 665; x_wconf 60' lang='grc' dir='ltr'>ἠσεϐηκότα</span> <span class='ocrx_word' id='word_1_459' title='bbox 3145 590 3349 663; x_wconf 81' lang='grc' dir='ltr'>τρόπον</span> <span class='ocrx_word' id='word_1_460' title='bbox 3369 629 3385 655; x_wconf 92' lang='grc'><strong>,</strong></span> <span class='ocrx_word' id='word_1_461' title='bbox 3427 590 3604 653; x_wconf 78' lang='grc' dir='ltr'>ἄλλως</span> <span class='ocrx_word' id='word_1_462' title='bbox 3643 588 3757 657; x_wconf 76' lang='grc' dir='ltr'>τὴν</span> 
     </span>
    </p>
   </div>
   <div class='ocr_carea' id='block_1_65' title="bbox 2167 674 3749 759">
    <p class='ocr_par' dir='ltr' id='par_1_65' title="bbox 2167 674 3749 759">
     <span class='ocr_line' id='line_1_66' title="bbox 2167 674 3749 759; baseline -0.007 -18"><span class='ocrx_word' id='word_1_463' title='bbox 2167 687 2426 759; x_wconf 81' lang='grc' dir='ltr'>θεήλατον</span> <span class='ocrx_word' id='word_1_464' title='bbox 2454 684 2694 739; x_wconf 83' lang='grc' dir='ltr'>τιννύνσι</span> <span class='ocrx_word' id='word_1_465' title='bbox 2722 683 2878 755; x_wconf 84' lang='grc' dir='ltr'>δίκην</span> <span class='ocrx_word' id='word_1_466' title='bbox 2897 699 2911 715; x_wconf 77' lang='grc' dir='ltr'><strong>ο</strong></span> <span class='ocrx_word' id='word_1_467' title='bbox 2940 682 3086 735; x_wconf 73' lang='grc' dir='ltr'>οὕτω</span> <span class='ocrx_word' id='word_1_468' title='bbox 3113 680 3209 736; x_wconf 69' lang='grc' dir='ltr'>καὶ</span> <span class='ocrx_word' id='word_1_469' title='bbox 3235 674 3380 733; x_wconf 74' lang='grc' dir='ltr'>οὗτοι</span> <span class='ocrx_word' id='word_1_470' title='bbox 3424 680 3524 750; x_wconf 86' lang='grc' dir='ltr'>τὴν</span> <span class='ocrx_word' id='word_1_471' title='bbox 3550 678 3749 732; x_wconf 77' lang='grc' dir='ltr'>ἀθλίαν</span> 
     </span>
    </p>
   </div>
   <div class='ocr_carea' id='block_1_66' title="bbox 2166 766 3749 849">
    <p class='ocr_par' dir='ltr' id='par_1_66' title="bbox 2166 766 3749 849">
     <span class='ocr_line' id='line_1_67' title="bbox 2166 766 3749 849; baseline -0.008 -18"><span class='ocrx_word' id='word_1_472' title='bbox 2166 778 2344 848; x_wconf 78' lang='grc' dir='ltr'>ψυχὴν</span> <span class='ocrx_word' id='word_1_473' title='bbox 2371 776 2433 844; x_wconf 72' lang='grc' dir='ltr'>ἐξ</span> <span class='ocrx_word' id='word_1_474' title='bbox 2464 775 2753 849; x_wconf 79' lang='grc' dir='ltr'>ἀνθρώπου</span> <span class='ocrx_word' id='word_1_475' title='bbox 2784 774 2903 826; x_wconf 76' lang='grc' dir='ltr'>εστι</span> <span class='ocrx_word' id='word_1_476' title='bbox 2934 772 3035 841; x_wconf 81' lang='grc' dir='ltr'>μὲν</span> <span class='ocrx_word' id='word_1_477' title='bbox 3064 773 3152 825; x_wconf 85' lang='grc' dir='ltr'>ὅτε</span> <span class='ocrx_word' id='word_1_478' title='bbox 3178 772 3259 834; x_wconf 81' lang='grc' dir='ltr'><strong>είς</strong></span> <span class='ocrx_word' id='word_1_479' title='bbox 3288 770 3596 840; x_wconf 70' lang='grc' dir='ltr'>ἄνθρωπον,</span> <span class='ocrx_word' id='word_1_480' title='bbox 3627 766 3749 820; x_wconf 78' lang='grc' dir='ltr'>ἔστι</span> 
     </span>
    </p>
   </div>
   <div class='ocr_carea' id='block_1_67' title="bbox 2166 858 3743 937">
    <p class='ocr_par' dir='ltr' id='par_1_67' title="bbox 2166 858 3743 937">
     <span class='ocr_line' id='line_1_68' title="bbox 2166 858 3743 937; baseline -0.008 -14"><span class='ocrx_word' id='word_1_481' title='bbox 2166 870 2211 923; x_wconf 81' lang='grc' dir='ltr'>δ’</span> <span class='ocrx_word' id='word_1_482' title='bbox 2236 870 2325 923; x_wconf 79' lang='grc' dir='ltr'>ὅτε</span> <span class='ocrx_word' id='word_1_483' title='bbox 2354 869 2450 923; x_wconf 67' lang='grc' dir='ltr'><strong>καὶ</strong></span> <span class='ocrx_word' id='word_1_484' title='bbox 2479 867 2559 930; x_wconf 89' lang='grc' dir='ltr'><strong>είς</strong></span> <span class='ocrx_word' id='word_1_485' title='bbox 2600 865 2743 937; x_wconf 83' lang='grc' dir='ltr'>θῆρα</span> <span class='ocrx_word' id='word_1_486' title='bbox 2770 865 2864 920; x_wconf 76' lang='grc' dir='ltr'>καὶ</span> <span class='ocrx_word' id='word_1_487' title='bbox 2893 863 3033 917; x_wconf 81' lang='grc' dir='ltr'>κύνα</span> <span class='ocrx_word' id='word_1_488' title='bbox 3073 863 3167 916; x_wconf 77' lang='grc' dir='ltr'><strong>καὶ</strong></span> <span class='ocrx_word' id='word_1_489' title='bbox 3195 862 3319 931; x_wconf 70' lang='grc' dir='ltr'>ὅφιν</span> <span class='ocrx_word' id='word_1_490' title='bbox 3346 860 3440 913; x_wconf 76' lang='grc' dir='ltr'><strong>καὶ</strong></span> <span class='ocrx_word' id='word_1_491' title='bbox 3466 860 3548 921; x_wconf 81' lang='grc' dir='ltr'><strong>είς</strong></span> <span class='ocrx_word' id='word_1_492' title='bbox 3568 858 3743 927; x_wconf 68' lang='grc' dir='ltr'>ὄρνιν,</span> 
     </span>
    </p>
   </div>
   <div class='ocr_carea' id='block_1_68' title="bbox 2167 946 3747 1028">
    <p class='ocr_par' dir='ltr' id='par_1_68' title="bbox 2167 946 3747 1028">
     <span class='ocr_line' id='line_1_69' title="bbox 2167 946 3747 1028; baseline -0.009 -13"><span class='ocrx_word' id='word_1_493' title='bbox 2167 960 2357 1015; x_wconf 75' lang='grc' dir='ltr'>ἔπειτα</span> <span class='ocrx_word' id='word_1_494' title='bbox 2377 960 2471 1013; x_wconf 75' lang='grc' dir='ltr'><strong>καὶ</strong></span> <span class='ocrx_word' id='word_1_495' title='bbox 2495 958 2645 1028; x_wconf 77' lang='grc' dir='ltr'>ἰχθὺν</span> <span class='ocrx_word' id='word_1_496' title='bbox 2666 957 2760 1011; x_wconf 75' lang='grc' dir='ltr'><strong>καὶ</strong></span> <span class='ocrx_word' id='word_1_497' title='bbox 2785 955 2990 1025; x_wconf 81' lang='grc' dir='ltr'>θάμνον</span> <span class='ocrx_word' id='word_1_498' title='bbox 3016 950 3580 1023; x_wconf 78' lang='grc' dir='ltr'>μετενσωματοῦντες,</span> <span class='ocrx_word' id='word_1_499' title='bbox 3602 946 3747 1002; x_wconf 79' lang='grc' dir='ltr'>κατά</span> 
     </span>
    </p>
   </div>
   <div class='ocr_carea' id='block_1_69' title="bbox 2166 1034 3747 1119">
    <p class='ocr_par' dir='ltr' id='par_1_69' title="bbox 2166 1034 3747 1119">
     <span class='ocr_line' id='line_1_70' title="bbox 2166 1034 3747 1119; baseline -0.012 -11"><span class='ocrx_word' id='word_1_500' title='bbox 2166 1054 2261 1108; x_wconf 74' lang='grc' dir='ltr'>τὸν</span> <span class='ocrx_word' id='word_1_501' title='bbox 2301 1051 2597 1119; x_wconf 77' lang='grc' dir='ltr'><strong>αὐτόνομον</strong></span> <span class='ocrx_word' id='word_1_502' title='bbox 2649 1046 2831 1102; x_wconf 80' lang='grc' dir='ltr'>αὐτῶν</span> <span class='ocrx_word' id='word_1_503' title='bbox 2863 1044 2959 1100; x_wconf 74' lang='grc' dir='ltr'><strong>καὶ</strong></span> <span class='ocrx_word' id='word_1_504' title='bbox 3007 1042 3377 1113; x_wconf 81' lang='grc' dir='ltr'>κακοδαίμονα</span> <span class='ocrx_word' id='word_1_505' title='bbox 3405 1040 3554 1106; x_wconf 72' lang='grc' dir='ltr'>νοῦν,</span> <span class='ocrx_word' id='word_1_506' title='bbox 3588 1034 3747 1101; x_wconf 77' lang='grc' dir='ltr'>αὖθις</span> 
     </span>
    </p>
   </div>
   <div class='ocr_carea' id='block_1_70' title="bbox 2170 1130 3751 1213">
    <p class='ocr_par' dir='ltr' id='par_1_70' title="bbox 2170 1130 3751 1213">
     <span class='ocr_line' id='line_1_71' title="bbox 2170 1130 3751 1213; baseline -0.009 -17"><span class='ocrx_word' id='word_1_507' title='bbox 2170 1144 2249 1206; x_wconf 86' lang='grc' dir='ltr'><strong>είς</strong></span> <span class='ocrx_word' id='word_1_508' title='bbox 2284 1140 2569 1213; x_wconf 76' lang='grc' dir='ltr'>ἄνθρωπον</span> <span class='ocrx_word' id='word_1_509' title='bbox 2610 1138 2910 1209; x_wconf 74' lang='grc' dir='ltr'><strong>μετάγουσι</strong></span> <span class='ocrx_word' id='word_1_510' title='bbox 2937 1152 2950 1167; x_wconf 74' lang='grc'>⁸</span> <span class='ocrx_word' id='word_1_511' title='bbox 2995 1134 3091 1190; x_wconf 79' lang='grc' dir='ltr'><strong>καὶ</strong></span> <span class='ocrx_word' id='word_1_512' title='bbox 3124 1134 3225 1203; x_wconf 75' lang='grc' dir='ltr'><strong>οὐχ</strong></span> <span class='ocrx_word' id='word_1_513' title='bbox 3270 1131 3418 1196; x_wconf 70' lang='grc' dir='ltr'>ἅπαξ</span> <span class='ocrx_word' id='word_1_514' title='bbox 3444 1132 3545 1201; x_wconf 71' lang='grc' dir='ltr'><strong>τὴν</strong></span> <span class='ocrx_word' id='word_1_515' title='bbox 3575 1130 3751 1197; x_wconf 75' lang='grc' dir='ltr'>αὐτὴν</span> 
     </span>
    </p>
   </div>
   <div class='ocr_carea' id='block_1_71' title="bbox 2171 1217 3747 1299">
    <p class='ocr_par' dir='ltr' id='par_1_71' title="bbox 2171 1217 3747 1299">
     <span class='ocr_line' id='line_1_72' title="bbox 2171 1217 3747 1299; baseline -0.01 -14"><span class='ocrx_word' id='word_1_516' title='bbox 2171 1235 2252 1296; x_wconf 84' lang='grc' dir='ltr'><strong>εις</strong></span> <span class='ocrx_word' id='word_1_517' title='bbox 2277 1232 2505 1284; x_wconf 80' lang='grc' dir='ltr'>ῑκαστον</span> <span class='ocrx_word' id='word_1_518' title='bbox 2522 1228 2633 1282; x_wconf 85' lang='grc' dir='ltr'><strong>τῶν</strong></span> <span class='ocrx_word' id='word_1_519' title='bbox 2658 1226 2965 1299; x_wconf 76' lang='grc' dir='ltr'><strong>εἰρημένων</strong></span> <span class='ocrx_word' id='word_1_520' title='bbox 2990 1224 3165 1289; x_wconf 79' lang='grc' dir='ltr'>ζώων,</span> <span class='ocrx_word' id='word_1_521' title='bbox 3187 1219 3328 1278; x_wconf 86' lang='grc' dir='ltr'><strong>ἀλλά</strong></span> <span class='ocrx_word' id='word_1_522' title='bbox 3348 1220 3443 1273; x_wconf 73' lang='grc' dir='ltr'><strong>καὶ</strong></span> <span class='ocrx_word' id='word_1_523' title='bbox 3463 1217 3747 1281; x_wconf 72' lang='grc' dir='ltr'>πολλάκις,</span> 
     </span>
    </p>
   </div>
   <div class='ocr_carea' id='block_1_72' title="bbox 2173 1306 3751 1392">
    <p class='ocr_par' dir='ltr' id='par_1_72' title="bbox 2173 1306 3751 1392">
     <span class='ocr_line' id='line_1_73' title="bbox 2173 1306 3751 1392; baseline -0.011 -17"><span class='ocrx_word' id='word_1_524' title='bbox 2173 1320 2575 1392; x_wconf 78' lang='grc' dir='ltr'>ἐπεισκρίνουσι</span> <span class='ocrx_word' id='word_1_525' title='bbox 2602 1316 2803 1387; x_wconf 80' lang='grc' dir='ltr'>ψυχὴν,</span> <span class='ocrx_word' id='word_1_526' title='bbox 2843 1314 3061 1369; x_wconf 69' lang='grc' dir='ltr'>ἐπειδὰν</span> <span class='ocrx_word' id='word_1_527' title='bbox 3089 1314 3118 1365; x_wconf 89' lang='lat'><strong>6</strong></span> <span class='ocrx_word' id='word_1_528' title='bbox 3145 1314 3245 1383; x_wconf 82' lang='grc' dir='ltr'>τῆς</span> <span class='ocrx_word' id='word_1_529' title='bbox 3274 1306 3751 1380; x_wconf 72' lang='grc' dir='ltr'>μετεμψυχὼσεως</span> 
     </span>
    </p>
   </div>
   <div class='ocr_carea' id='block_1_73' title="bbox 2172 1394 3754 1481">
    <p class='ocr_par' dir='ltr' id='par_1_73' title="bbox 2172 1394 3754 1481">
     <span class='ocr_line' id='line_1_74' title="bbox 2172 1394 3754 1481; baseline -0.011 -17"><span class='ocrx_word' id='word_1_530' title='bbox 2172 1409 2371 1481; x_wconf 78' lang='grc' dir='ltr'>κελεύῃ</span> <span class='ocrx_word' id='word_1_531' title='bbox 2403 1407 2621 1471; x_wconf 82' lang='grc' dir='ltr'>κύκλος.</span> <span class='ocrx_word' id='word_1_532' title='bbox 2653 1400 2835 1476; x_wconf 79' lang='grc' dir='ltr'>Μέχρι</span> <span class='ocrx_word' id='word_1_533' title='bbox 2875 1402 3023 1466; x_wconf 86' lang='grc' dir='ltr'>τίνος</span> <span class='ocrx_word' id='word_1_534' title='bbox 3050 1400 3319 1473; x_wconf 83' lang='grc' dir='ltr'>ληρήσετε</span> <span class='ocrx_word' id='word_1_535' title='bbox 3362 1399 3458 1451; x_wconf 78' lang='grc' dir='ltr'><strong>καὶ</strong></span> <span class='ocrx_word' id='word_1_536' title='bbox 3501 1394 3754 1465; x_wconf 85' lang='grc' dir='ltr'>βαττολο-</span> 
     </span>
    </p>
   </div>
   <div class='ocr_carea' id='block_1_74' title="bbox 2173 1489 3753 1570">
    <p class='ocr_par' dir='ltr' id='par_1_74' title="bbox 2173 1489 3753 1570">
     <span class='ocr_line' id='line_1_75' title="bbox 2173 1489 3753 1570; baseline -0.01 -17"><span class='ocrx_word' id='word_1_537' title='bbox 2173 1501 2409 1570; x_wconf 83' lang='grc' dir='ltr'>γήσετε;</span> <span class='ocrx_word' id='word_1_538' title='bbox 2454 1500 2615 1570; x_wconf 82' lang='grc' dir='ltr'>μέχρι</span> <span class='ocrx_word' id='word_1_539' title='bbox 2644 1495 2788 1559; x_wconf 88' lang='grc' dir='ltr'>τίνος</span> <span class='ocrx_word' id='word_1_540' title='bbox 2819 1494 3211 1548; x_wconf 79' lang='grc' dir='ltr'>καταδικάσετε</span> <span class='ocrx_word' id='word_1_541' title='bbox 3240 1490 3334 1545; x_wconf 75' lang='grc' dir='ltr'><strong>καὶ</strong></span> <span class='ocrx_word' id='word_1_542' title='bbox 3365 1489 3753 1559; x_wconf 79' lang='grc' dir='ltr'>κατακρινείτε</span> 
     </span>
    </p>
   </div>
   <div class='ocr_carea' id='block_1_75' title="bbox 2171 1579 3754 1663">
    <p class='ocr_par' dir='ltr' id='par_1_75' title="bbox 2171 1579 3754 1663">
     <span class='ocr_line' id='line_1_76' title="bbox 2171 1579 3754 1663; baseline -0.011 -16"><span class='ocrx_word' id='word_1_543' title='bbox 2171 1593 2271 1663; x_wconf 76' lang='grc' dir='ltr'>τὴν</span> <span class='ocrx_word' id='word_1_544' title='bbox 2297 1592 2499 1663; x_wconf 75' lang='grc' dir='ltr'>ψυχὴν,</span> <span class='ocrx_word' id='word_1_545' title='bbox 2546 1591 2626 1655; x_wconf 82' lang='grc' dir='ltr'>εἰς</span> <span class='ocrx_word' id='word_1_546' title='bbox 2675 1588 2849 1661; x_wconf 81' lang='grc' dir='ltr'>θῆρας</span> <span class='ocrx_word' id='word_1_547' title='bbox 2894 1586 2989 1640; x_wconf 78' lang='grc' dir='ltr'>καὶ</span> <span class='ocrx_word' id='word_1_548' title='bbox 3036 1584 3279 1655; x_wconf 80' lang='grc' dir='ltr'>θάμνους</span> <span class='ocrx_word' id='word_1_549' title='bbox 3314 1583 3407 1636; x_wconf 76' lang='grc' dir='ltr'><strong>καὶ</strong></span> <span class='ocrx_word' id='word_1_550' title='bbox 3450 1581 3630 1651; x_wconf 74' lang='grc' dir='ltr'>ὄρνεις</span> <span class='ocrx_word' id='word_1_551' title='bbox 3656 1579 3754 1631; x_wconf 70' lang='grc' dir='ltr'><strong>καὶ</strong></span> 
     </span>
    </p>
   </div>
   <div class='ocr_carea' id='block_1_76' title="bbox 2177 1668 3755 1753">
    <p class='ocr_par' dir='ltr' id='par_1_76' title="bbox 2177 1668 3755 1753">
     <span class='ocr_line' id='line_1_77' title="bbox 2177 1668 3755 1753; baseline -0.01 -17"><span class='ocrx_word' id='word_1_552' title='bbox 2177 1682 2328 1753; x_wconf 81' lang='grc' dir='ltr'>ίχθῦς</span> <span class='ocrx_word' id='word_1_553' title='bbox 2358 1680 2759 1751; x_wconf 63' lang='grc' dir='ltr'><strong>μεταφέροντες</strong></span> <span class='ocrx_word' id='word_1_554' title='bbox 2796 1676 3003 1747; x_wconf 57' lang='lat' dir='ltr'><strong>abripi;</strong></span> <span class='ocrx_word' id='word_1_555' title='bbox 3056 1673 3197 1743; x_wconf 82' lang='grc' dir='ltr'><strong>Ἐγὼ</strong></span> <span class='ocrx_word' id='word_1_556' title='bbox 3224 1673 3303 1738; x_wconf 74' lang='grc' dir='ltr'>δὲ,</span> <span class='ocrx_word' id='word_1_557' title='bbox 3335 1671 3499 1743; x_wconf 59' lang='grc' dir='ltr'>φησιν</span> <span class='ocrx_word' id='word_1_558' title='bbox 3527 1672 3557 1723; x_wconf 97' lang='lat'><strong>6</strong></span> <span class='ocrx_word' id='word_1_559' title='bbox 3588 1668 3755 1738; x_wconf 76' lang='grc' dir='ltr'>φιλα-</span> 
     </span>
    </p>
   </div>
   <div class='ocr_carea' id='block_1_77' title="bbox 2172 1759 3754 1844">
    <p class='ocr_par' dir='ltr' id='par_1_77' title="bbox 2172 1759 3754 1844">
     <span class='ocr_line' id='line_1_78' title="bbox 2172 1759 3754 1844; baseline -0.011 -17"><span class='ocrx_word' id='word_1_560' title='bbox 2172 1773 2344 1844; x_wconf 83' lang='grc' dir='ltr'>λήθης</span> <span class='ocrx_word' id='word_1_561' title='bbox 2380 1772 2560 1841; x_wconf 82' lang='grc' dir='ltr'>λὸγος,</span> <span class='ocrx_word' id='word_1_562' title='bbox 2606 1766 2890 1823; x_wconf 77' lang='grc' dir='ltr'>οὐπώποτε</span> <span class='ocrx_word' id='word_1_563' title='bbox 2936 1761 3074 1819; x_wconf 77' lang='grc' dir='ltr'>εἶδον</span> <span class='ocrx_word' id='word_1_564' title='bbox 3112 1762 3278 1834; x_wconf 80' lang='grc' dir='ltr'>θηρὸς</span> <span class='ocrx_word' id='word_1_565' title='bbox 3312 1761 3479 1837; x_wconf 67' lang='grc' dir='ltr'>σοφοῦ</span> <span class='ocrx_word' id='word_1_566' title='bbox 3512 1759 3754 1828; x_wconf 75' lang='grc' dir='ltr'>φθεγγο-</span> 
     </span>
    </p>
   </div>
   <div class='ocr_carea' id='block_1_78' title="bbox 2176 1849 3755 1932">
    <p class='ocr_par' dir='ltr' id='par_1_78' title="bbox 2176 1849 3755 1932">
     <span class='ocr_line' id='line_1_79' title="bbox 2176 1849 3755 1932; baseline -0.011 -16"><span class='ocrx_word' id='word_1_567' title='bbox 2176 1863 2342 1932; x_wconf 89' lang='grc' dir='ltr'>μένου</span> <span class='ocrx_word' id='word_1_568' title='bbox 2364 1861 2543 1930; x_wconf 83' lang='grc' dir='ltr'>λόγον,</span> <span class='ocrx_word' id='word_1_569' title='bbox 2566 1859 2628 1914; x_wconf 81' lang='grc' dir='ltr'>οὐ</span> <span class='ocrx_word' id='word_1_570' title='bbox 2649 1858 2855 1929; x_wconf 79' lang='grc' dir='ltr'>θάμνου</span> <span class='ocrx_word' id='word_1_571' title='bbox 2873 1855 3142 1925; x_wconf 85' lang='grc' dir='ltr'>λαλούσης</span> <span class='ocrx_word' id='word_1_572' title='bbox 3165 1853 3450 1923; x_wconf 77' lang='grc' dir='ltr'>ὲπακήκοα</span> <span class='ocrx_word' id='word_1_573' title='bbox 3467 1868 3481 1881; x_wconf 91' lang='grc'><strong>·</strong></span> <span class='ocrx_word' id='word_1_574' title='bbox 3504 1849 3755 1919; x_wconf 73' lang='grc' dir='ltr'>κορώνην</span> 
     </span>
    </p>
   </div>
   <div class='ocr_carea' id='block_1_79' title="bbox 2173 1937 3750 2023">
    <p class='ocr_par' dir='ltr' id='par_1_79' title="bbox 2173 1937 3750 2023">
     <span class='ocr_line' id='line_1_80' title="bbox 2173 1937 3750 2023; baseline -0.011 -17"><span class='ocrx_word' id='word_1_575' title='bbox 2173 1953 2232 2007; x_wconf 77' lang='grc' dir='ltr'>δὲ</span> <span class='ocrx_word' id='word_1_576' title='bbox 2256 1950 2681 2023; x_wconf 77' lang='grc' dir='ltr'>λακερύζουσαν,</span> <span class='ocrx_word' id='word_1_577' title='bbox 2709 1946 3025 2020; x_wconf 75' lang='grc' dir='ltr'>κρώζουσαν</span> <span class='ocrx_word' id='word_1_578' title='bbox 3053 1941 3209 2008; x_wconf 79' lang='grc' dir='ltr'>εἶδον,</span> <span class='ocrx_word' id='word_1_579' title='bbox 3241 1944 3300 1997; x_wconf 87' lang='grc' dir='ltr'><strong>ού</strong></span> <span class='ocrx_word' id='word_1_580' title='bbox 3332 1937 3750 2011; x_wconf 71' lang='grc' dir='ltr'>φιλοσοφοῦςαν·</span> 
     </span>
    </p>
   </div>
   <div class='ocr_carea' id='block_1_80' title="bbox 2173 2031 3757 2109">
    <p class='ocr_par' dir='ltr' id='par_1_80' title="bbox 2173 2031 3757 2109">
     <span class='ocr_line' id='line_1_81' title="bbox 2173 2031 3757 2109; baseline -0.008 -13"><span class='ocrx_word' id='word_1_581' title='bbox 2173 2042 2261 2096; x_wconf 75' lang='grc' dir='ltr'>ἀεὶ</span> <span class='ocrx_word' id='word_1_582' title='bbox 2286 2042 2342 2094; x_wconf 69' lang='grc' dir='ltr'>δὲ</span> <span class='ocrx_word' id='word_1_583' title='bbox 2366 2040 2604 2103; x_wconf 73' lang='grc' dir='ltr'>καὶτοὺς</span> <span class='ocrx_word' id='word_1_584' title='bbox 2628 2037 2781 2109; x_wconf 76' lang='grc' dir='ltr'>ίχθῦς</span> <span class='ocrx_word' id='word_1_585' title='bbox 2808 2036 3059 2108; x_wconf 82' lang='grc' dir='ltr'>ἀφώνους</span> <span class='ocrx_word' id='word_1_586' title='bbox 3083 2036 3184 2106; x_wconf 81' lang='grc' dir='ltr'>τὴν</span> <span class='ocrx_word' id='word_1_587' title='bbox 3207 2034 3379 2105; x_wconf 74' lang='grc' dir='ltr'>ὑγρὰν</span> <span class='ocrx_word' id='word_1_588' title='bbox 3402 2031 3757 2091; x_wconf 75' lang='grc' dir='ltr'>διαπλέοντας</span> 
     </span>
    </p>
   </div>
   <div class='ocr_carea' id='block_1_81' title="bbox 2170 2133 2410 2205">
    <p class='ocr_par' dir='ltr' id='par_1_81' title="bbox 2170 2133 2410 2205">
     <span class='ocr_line' id='line_1_82' title="bbox 2170 2133 2410 2205; baseline -0.004 -19"><span class='ocrx_word' id='word_1_589' title='bbox 2170 2133 2410 2205; x_wconf 78' lang='grc' dir='ltr'>ὁρῶμεν.</span> 
     </span>
    </p>
   </div>
   <div class='ocr_carea' id='block_1_82' title="bbox 2174 2213 3446 2288">
    <p class='ocr_par' dir='ltr' id='par_1_82' title="bbox 2174 2213 3446 2288">
     <span class='ocr_line' id='line_1_83' title="bbox 2174 2213 3446 2288; baseline -0.006 -12"><span class='ocrx_word' id='word_1_590' title='bbox 2174 2223 2241 2276; x_wconf 68' lang='grc' dir='ltr'>Η</span> <span class='ocrx_word' id='word_1_591' title='bbox 2277 2224 2342 2275; x_wconf 80' lang='lat' dir='ltr'><strong>El</strong></span> <span class='ocrx_word' id='word_1_592' title='bbox 2369 2219 2436 2275; x_wconf 80' lang='grc' dir='ltr'>δὲ</span> <span class='ocrx_word' id='word_1_593' title='bbox 2465 2218 2566 2275; x_wconf 78' lang='grc' dir='ltr'><strong>καὶ</strong></span> <span class='ocrx_word' id='word_1_594' title='bbox 2593 2219 2849 2286; x_wconf 83' lang='grc' dir='ltr'>ὑστατίη</span> <span class='ocrx_word' id='word_1_595' title='bbox 2875 2217 3086 2288; x_wconf 67' lang='grc' dir='ltr'>ψυχῆς</span> <span class='ocrx_word' id='word_1_596' title='bbox 3109 2217 3289 2282; x_wconf 81' lang='grc' dir='ltr'><strong>τίσις,</strong></span> <span class='ocrx_word' id='word_1_597' title='bbox 3323 2213 3446 2269; x_wconf 78' lang='grc' dir='ltr'>κτλ.</span> 
     </span>
    </p>
   </div>
   <div class='ocr_carea' id='block_1_83' title="bbox 2244 2300 3760 2383">
    <p class='ocr_par' dir='ltr' id='par_1_83' title="bbox 2244 2300 3760 2383">
     <span class='ocr_line' id='line_1_84' title="bbox 2244 2300 3760 2383; baseline -0.009 -16"><span class='ocrx_word' id='word_1_598' title='bbox 2244 2314 2307 2368; x_wconf 81' lang='grc' dir='ltr'><strong>Εἰ</strong></span> <span class='ocrx_word' id='word_1_599' title='bbox 2340 2312 2479 2383; x_wconf 80' lang='grc' dir='ltr'>πρὸς</span> <span class='ocrx_word' id='word_1_600' title='bbox 2510 2312 2625 2377; x_wconf 81' lang='grc' dir='ltr'>τοῖς</span> <span class='ocrx_word' id='word_1_601' title='bbox 2657 2309 2969 2382; x_wconf 78' lang='grc' dir='ltr'>εἰρημένοις</span> <span class='ocrx_word' id='word_1_602' title='bbox 3012 2306 3141 2378; x_wconf 71' lang='grc' dir='ltr'>περὶ</span> <span class='ocrx_word' id='word_1_603' title='bbox 3177 2306 3360 2376; x_wconf 72' lang='grc' dir='ltr'>ψυχῆς</span> <span class='ocrx_word' id='word_1_604' title='bbox 3403 2301 3629 2365; x_wconf 73' lang='grc' dir='ltr'>ἀτόποις</span> <span class='ocrx_word' id='word_1_605' title='bbox 3675 2300 3760 2353; x_wconf 67' lang='lat' dir='ltr'><strong>Est</strong></span> 
     </span>
    </p>
   </div>
   <div class='ocr_carea' id='block_1_84' title="bbox 2174 2387 3760 2469">
    <p class='ocr_par' dir='ltr' id='par_1_84' title="bbox 2174 2387 3760 2469">
     <span class='ocr_line' id='line_1_85' title="bbox 2174 2387 3760 2469; baseline -0.011 -12"><span class='ocrx_word' id='word_1_606' title='bbox 2174 2404 2266 2457; x_wconf 79' lang='grc' dir='ltr'><strong>καὶ</strong></span> <span class='ocrx_word' id='word_1_607' title='bbox 2290 2402 2510 2464; x_wconf 74' lang='grc' dir='ltr'>κόλασις</span> <span class='ocrx_word' id='word_1_608' title='bbox 2538 2399 2765 2469; x_wconf 73' lang='grc' dir='ltr'>ὕστερον</span> <span class='ocrx_word' id='word_1_609' title='bbox 2790 2399 2904 2461; x_wconf 84' lang='grc' dir='ltr'>τοῖς</span> <span class='ocrx_word' id='word_1_610' title='bbox 2932 2394 3142 2457; x_wconf 78' lang='grc' dir='ltr'>άσεὸὦς</span> <span class='ocrx_word' id='word_1_611' title='bbox 3173 2393 3511 2465; x_wconf 75' lang='grc' dir='ltr'>βιοτεύτασιν</span> <span class='ocrx_word' id='word_1_612' title='bbox 3538 2387 3760 2443; x_wconf 66' lang='grc' dir='ltr'>ἀπόκει-</span> 
     </span>
    </p>
   </div>
   <div class='ocr_carea' id='block_1_85' title="bbox 2172 2480 3760 2559">
    <p class='ocr_par' dir='ltr' id='par_1_85' title="bbox 2172 2480 3760 2559">
     <span class='ocr_line' id='line_1_86' title="bbox 2172 2480 3760 2559; baseline -0.008 -13"><span class='ocrx_word' id='word_1_613' title='bbox 2172 2511 2284 2559; x_wconf 90' lang='grc' dir='ltr'>ται,</span> <span class='ocrx_word' id='word_1_614' title='bbox 2311 2491 2387 2556; x_wconf 85' lang='grc' dir='ltr'><strong>ὡς</strong></span> <span class='ocrx_word' id='word_1_615' title='bbox 2419 2488 2616 2543; x_wconf 75' lang='grc' dir='ltr'>ἐκεῖνοί</span> <span class='ocrx_word' id='word_1_616' title='bbox 2666 2503 2853 2557; x_wconf 79' lang='grc' dir='ltr'>φασιν,</span> <span class='ocrx_word' id='word_1_617' title='bbox 2891 2486 3120 2557; x_wconf 85' lang='grc' dir='ltr'>μάταιος</span> <span class='ocrx_word' id='word_1_618' title='bbox 3152 2483 3358 2536; x_wconf 85' lang='grc' dir='ltr'>τούτων</span> <span class='ocrx_word' id='word_1_619' title='bbox 3388 2483 3485 2536; x_wconf 79' lang='grc' dir='ltr'><strong>καὶ</strong></span> <span class='ocrx_word' id='word_1_620' title='bbox 3516 2480 3705 2543; x_wconf 74' lang='grc' dir='ltr'>ἄδικος</span> <span class='ocrx_word' id='word_1_621' title='bbox 3729 2481 3760 2533; x_wconf 90' lang='lat'><strong>6</strong></span> 
     </span>
    </p>
   </div>
   <div class='ocr_carea' id='block_1_86' title="bbox 2175 2572 3759 2652">
    <p class='ocr_par' dir='ltr' id='par_1_86' title="bbox 2175 2572 3759 2652">
     <span class='ocr_line' id='line_1_87' title="bbox 2175 2572 3759 2652; baseline -0.009 -16"><span class='ocrx_word' id='word_1_622' title='bbox 2175 2581 2405 2652; x_wconf 78' lang='grc' dir='ltr'>ὲλεγμδς</span> <span class='ocrx_word' id='word_1_623' title='bbox 2444 2581 2539 2634; x_wconf 74' lang='grc' dir='ltr'><strong>καὶ</strong></span> <span class='ocrx_word' id='word_1_624' title='bbox 2567 2579 2602 2649; x_wconf 82' lang='grc' dir='ltr'><strong>ή</strong></span> <span class='ocrx_word' id='word_1_625' title='bbox 2634 2578 2994 2649; x_wconf 79' lang='grc' dir='ltr'>κατάκρισις·</span> <span class='ocrx_word' id='word_1_626' title='bbox 3037 2576 3088 2629; x_wconf 81' lang='grc' dir='ltr'>εἰ</span> <span class='ocrx_word' id='word_1_627' title='bbox 3124 2574 3225 2646; x_wconf 69' lang='grc' dir='ltr'>μὲν</span> <span class='ocrx_word' id='word_1_628' title='bbox 3252 2573 3363 2643; x_wconf 74' lang='grc' dir='ltr'><strong>γὰρ</strong></span> <span class='ocrx_word' id='word_1_629' title='bbox 3402 2572 3476 2634; x_wconf 80' lang='grc' dir='ltr'>ὡς</span> <span class='ocrx_word' id='word_1_630' title='bbox 3507 2572 3759 2640; x_wconf 71' lang='grc' dir='ltr'>ἀσάρχου</span> 
     </span>
    </p>
   </div>
   <div class='ocr_carea' id='block_1_87' title="bbox 2176 2660 3759 2741">
    <p class='ocr_par' dir='ltr' id='par_1_87' title="bbox 2176 2660 3759 2741">
     <span class='ocr_line' id='line_1_88' title="bbox 2176 2660 3759 2741; baseline -0.008 -15"><span class='ocrx_word' id='word_1_631' title='bbox 2176 2672 2512 2741; x_wconf 68' lang='grc' dir='ltr'>καταδράμω</span> <span class='ocrx_word' id='word_1_632' title='bbox 2562 2668 2663 2738; x_wconf 81' lang='grc' dir='ltr'>τῆς</span> <span class='ocrx_word' id='word_1_633' title='bbox 2714 2667 2895 2738; x_wconf 74' lang='grc' dir='ltr'>ψυχῆς</span> <span class='ocrx_word' id='word_1_634' title='bbox 2920 2706 2934 2731; x_wconf 89' lang='grc'><strong>,</strong></span> <span class='ocrx_word' id='word_1_635' title='bbox 2986 2664 3298 2735; x_wconf 76' lang='grc' dir='ltr'>θαυμαστὸν</span> <span class='ocrx_word' id='word_1_636' title='bbox 3341 2663 3407 2716; x_wconf 78' lang='grc' dir='ltr'>ἂν</span> <span class='ocrx_word' id='word_1_637' title='bbox 3441 2662 3526 2732; x_wconf 83' lang='grc' dir='ltr'>εἴη</span> <span class='ocrx_word' id='word_1_638' title='bbox 3556 2660 3719 2714; x_wconf 77' lang='grc' dir='ltr'>τοῦτο</span> <span class='ocrx_word' id='word_1_639' title='bbox 3741 2675 3759 2690; x_wconf 83' lang='lat'><strong><em>°</em></strong></span> 
     </span>
    </p>
   </div>
   <div class='ocr_carea' id='block_1_88' title="bbox 2177 2750 3764 2831">
    <p class='ocr_par' dir='ltr' id='par_1_88' title="bbox 2177 2750 3764 2831">
     <span class='ocr_line' id='line_1_89' title="bbox 2177 2750 3764 2831; baseline -0.008 -18"><span class='ocrx_word' id='word_1_640' title='bbox 2177 2761 2295 2826; x_wconf 85' lang='grc' dir='ltr'><strong>πῶς</strong></span> <span class='ocrx_word' id='word_1_641' title='bbox 2348 2759 2486 2831; x_wconf 85' lang='grc' dir='ltr'><strong>μετά</strong></span> <span class='ocrx_word' id='word_1_642' title='bbox 2539 2756 2788 2827; x_wconf 84' lang='grc' dir='ltr'>σώματος</span> <span class='ocrx_word' id='word_1_643' title='bbox 2833 2755 2974 2827; x_wconf 78' lang='grc' dir='ltr'>αὐτὴ</span> <span class='ocrx_word' id='word_1_644' title='bbox 3007 2755 3349 2826; x_wconf 81' lang='grc' dir='ltr'>ἀσεὸήσασα,</span> <span class='ocrx_word' id='word_1_645' title='bbox 3382 2753 3564 2822; x_wconf 77' lang='grc' dir='ltr'>γυμνὴ</span> <span class='ocrx_word' id='word_1_646' title='bbox 3600 2750 3764 2813; x_wconf 80' lang='grc' dir='ltr'>δίκας</span> 
     </span>
    </p>
   </div>
   <div class='ocr_carea' id='block_1_89' title="bbox 2175 2838 3765 2915">
    <p class='ocr_par' dir='ltr' id='par_1_89' title="bbox 2175 2838 3765 2915">
     <span class='ocr_line' id='line_1_90' title="bbox 2175 2838 3765 2915; baseline -0.009 -11"><span class='ocrx_word' id='word_1_647' title='bbox 2175 2849 2553 2912; x_wconf 79' lang='grc' dir='ltr'>ἀποτίννυσινς</span> <span class='ocrx_word' id='word_1_648' title='bbox 2601 2847 2649 2900; x_wconf 80' lang='grc' dir='ltr'><strong>εί</strong></span> <span class='ocrx_word' id='word_1_649' title='bbox 2692 2844 2752 2898; x_wconf 83' lang='grc' dir='ltr'>δὲ</span> <span class='ocrx_word' id='word_1_650' title='bbox 2792 2844 2931 2915; x_wconf 83' lang='grc' dir='ltr'><strong>μετά</strong></span> <span class='ocrx_word' id='word_1_651' title='bbox 2978 2841 3213 2915; x_wconf 70' lang='grc' dir='ltr'>σαρκὸς,</span> <span class='ocrx_word' id='word_1_652' title='bbox 3262 2842 3364 2911; x_wconf 80' lang='grc' dir='ltr'><strong>τῆς</strong></span> <span class='ocrx_word' id='word_1_653' title='bbox 3407 2840 3608 2903; x_wconf 84' lang='grc' dir='ltr'>ποίας;</span> <span class='ocrx_word' id='word_1_654' title='bbox 3660 2838 3765 2907; x_wconf 73' lang='grc' dir='ltr'>τῆς</span> 
     </span>
    </p>
   </div>
   <div class='ocr_carea' id='block_1_90' title="bbox 2178 2929 3767 3010">
    <p class='ocr_par' dir='ltr' id='par_1_90' title="bbox 2178 2929 3767 3010">
     <span class='ocr_line' id='line_1_91' title="bbox 2178 2929 3767 3010; baseline -0.001 -17"><span class='ocrx_word' id='word_1_655' title='bbox 2178 2938 2563 3010; x_wconf 84' lang='grc' dir='ltr'>ἀνθρωπίνης;</span> <span class='ocrx_word' id='word_1_656' title='bbox 2616 2937 2716 3008; x_wconf 75' lang='grc' dir='ltr'>τῆς</span> <span class='ocrx_word' id='word_1_657' title='bbox 2747 2934 3087 3007; x_wconf 81' lang='grc' dir='ltr'>θηριώδους;</span> <span class='ocrx_word' id='word_1_658' title='bbox 3138 2932 3241 3002; x_wconf 84' lang='grc' dir='ltr'>τῆς</span> <span class='ocrx_word' id='word_1_659' title='bbox 3269 2930 3612 3002; x_wconf 73' lang='grc' dir='ltr'>κτηνώδουςς</span> <span class='ocrx_word' id='word_1_660' title='bbox 3662 2929 3767 2998; x_wconf 78' lang='grc' dir='ltr'><strong>τῆς</strong></span> 
     </span>
    </p>
   </div>
   <div class='ocr_carea' id='block_1_91' title="bbox 2179 3019 3769 3098">
    <p class='ocr_par' dir='ltr' id='par_1_91' title="bbox 2179 3019 3769 3098">
     <span class='ocr_line' id='line_1_92' title="bbox 2179 3019 3769 3098; baseline -0.007 -17"><span class='ocrx_word' id='word_1_661' title='bbox 2179 3028 2441 3098; x_wconf 76' lang='grc' dir='ltr'>ὀφιώδους</span> <span class='ocrx_word' id='word_1_662' title='bbox 2478 3028 2513 3098; x_wconf 76' lang='grc' dir='ltr'>ἢ</span> <span class='ocrx_word' id='word_1_663' title='bbox 2551 3027 2653 3098; x_wconf 84' lang='grc' dir='ltr'>τῆς</span> <span class='ocrx_word' id='word_1_664' title='bbox 2683 3022 2980 3096; x_wconf 82' lang='grc' dir='ltr'>ὀρνεὼδους</span> <span class='ocrx_word' id='word_1_665' title='bbox 3014 3022 3108 3077; x_wconf 81' lang='grc' dir='ltr'><strong>καὶ</strong></span> <span class='ocrx_word' id='word_1_666' title='bbox 3144 3021 3420 3093; x_wconf 78' lang='grc' dir='ltr'>ίχθυῖκῆς;</span> <span class='ocrx_word' id='word_1_667' title='bbox 3459 3021 3492 3090; x_wconf 82' lang='grc' dir='ltr'>ἢ</span> <span class='ocrx_word' id='word_1_668' title='bbox 3528 3021 3628 3090; x_wconf 80' lang='grc' dir='ltr'>τῆς</span> <span class='ocrx_word' id='word_1_669' title='bbox 3667 3019 3769 3071; x_wconf 78' lang='grc' dir='ltr'>θα-</span> 
     </span>
    </p>
   </div>
   <div class='ocr_carea' id='block_1_92' title="bbox 2185 3108 3769 3190">
    <p class='ocr_par' dir='ltr' id='par_1_92' title="bbox 2185 3108 3769 3190">
     <span class='ocr_line' id='line_1_93' title="bbox 2185 3108 3769 3190; baseline -0.008 -18"><span class='ocrx_word' id='word_1_670' title='bbox 2185 3118 2426 3190; x_wconf 83' lang='grc' dir='ltr'>μνώδους</span> <span class='ocrx_word' id='word_1_671' title='bbox 2467 3117 2561 3171; x_wconf 75' lang='grc' dir='ltr'><strong>καὶ</strong></span> <span class='ocrx_word' id='word_1_672' title='bbox 2609 3114 2876 3180; x_wconf 79' lang='grc' dir='ltr'>ξυλώδους</span> <span class='ocrx_word' id='word_1_673' title='bbox 2926 3112 3357 3184; x_wconf 80' lang='grc' dir='ltr'>παραδοθήσεται</span> <span class='ocrx_word' id='word_1_674' title='bbox 3398 3108 3769 3180; x_wconf 76' lang='grc' dir='ltr'>τιμωρεῖσθαι</span> 
     </span>
    </p>
   </div>
   <div class='ocr_carea' id='block_1_93' title="bbox 2181 3201 3770 3280">
    <p class='ocr_par' dir='ltr' id='par_1_93' title="bbox 2181 3201 3770 3280">
     <span class='ocr_line' id='line_1_94' title="bbox 2181 3201 3770 3280; baseline -0.008 -17"><span class='ocrx_word' id='word_1_675' title='bbox 2181 3208 2259 3280; x_wconf 76' lang='grc' dir='ltr'><strong>τῷ</strong></span> <span class='ocrx_word' id='word_1_676' title='bbox 2292 3208 2424 3280; x_wconf 87' lang='grc' dir='ltr'>πυρί</span> <span class='ocrx_word' id='word_1_677' title='bbox 2447 3226 2462 3273; x_wconf 92' lang='grc'>;</span> <span class='ocrx_word' id='word_1_678' title='bbox 2507 3208 2608 3277; x_wconf 78' lang='grc' dir='ltr'>τῆς</span> <span class='ocrx_word' id='word_1_679' title='bbox 2642 3205 3024 3277; x_wconf 76' lang='grc' dir='ltr'><strong>ματαιότητος.</strong></span> <span class='ocrx_word' id='word_1_680' title='bbox 3068 3203 3179 3257; x_wconf 68' lang='grc' dir='ltr'><strong>Καὶ</strong></span> <span class='ocrx_word' id='word_1_681' title='bbox 3206 3203 3335 3257; x_wconf 78' lang='grc' dir='ltr'>ἄλλο</span> <span class='ocrx_word' id='word_1_682' title='bbox 3376 3201 3431 3254; x_wconf 87' lang='grc' dir='ltr'><strong>δέ</strong></span> <span class='ocrx_word' id='word_1_683' title='bbox 3474 3216 3606 3271; x_wconf 82' lang='grc' dir='ltr'>φησι</span> <span class='ocrx_word' id='word_1_684' title='bbox 3659 3201 3770 3269; x_wconf 81' lang='grc' dir='ltr'>μέ-</span> 
     </span>
    </p>
   </div>
   <div class='ocr_carea' id='block_1_94' title="bbox 2182 3289 3771 3369">
    <p class='ocr_par' dir='ltr' id='par_1_94' title="bbox 2182 3289 3771 3369">
     <span class='ocr_line' id='line_1_95' title="bbox 2182 3289 3771 3369; baseline -0.008 -17"><span class='ocrx_word' id='word_1_685' title='bbox 2182 3316 2366 3369; x_wconf 77' lang='grc' dir='ltr'>γιστον</span> <span class='ocrx_word' id='word_1_686' title='bbox 2416 3296 2604 3367; x_wconf 80' lang='grc' dir='ltr'>θαῦμα</span> <span class='ocrx_word' id='word_1_687' title='bbox 2658 3296 2794 3367; x_wconf 84' lang='grc' dir='ltr'>πρὸς</span> <span class='ocrx_word' id='word_1_688' title='bbox 2846 3298 2956 3359; x_wconf 79' lang='grc' dir='ltr'>τοῖς</span> <span class='ocrx_word' id='word_1_689' title='bbox 3002 3293 3331 3366; x_wconf 69' lang='grc' dir='ltr'>εἰρημένοις.</span> <span class='ocrx_word' id='word_1_690' title='bbox 3390 3292 3510 3345; x_wconf 76' lang='grc' dir='ltr'><strong>Ὀτι</strong></span> <span class='ocrx_word' id='word_1_691' title='bbox 3566 3289 3678 3359; x_wconf 76' lang='grc' dir='ltr'><strong>γάρ</strong></span> <span class='ocrx_word' id='word_1_692' title='bbox 3731 3290 3771 3359; x_wconf 66' lang='grc' dir='ltr'><strong>ἡ</strong></span> 
     </span>
    </p>
   </div>
   <div class='ocr_carea' id='block_1_95' title="bbox 2183 3382 3772 3459">
    <p class='ocr_par' dir='ltr' id='par_1_95' title="bbox 2183 3382 3772 3459">
     <span class='ocr_line' id='line_1_96' title="bbox 2183 3382 3772 3459; baseline -0.007 -16"><span class='ocrx_word' id='word_1_693' title='bbox 2183 3390 2472 3452; x_wconf 81' lang='grc' dir='ltr'>πολύδετος</span> <span class='ocrx_word' id='word_1_694' title='bbox 2513 3388 2695 3459; x_wconf 73' lang='grc' dir='ltr'>ψυχὴ,</span> <span class='ocrx_word' id='word_1_695' title='bbox 2734 3387 2906 3456; x_wconf 86' lang='grc' dir='ltr'>λέγει,</span> <span class='ocrx_word' id='word_1_696' title='bbox 2954 3385 3013 3451; x_wconf 79' lang='grc' dir='ltr'>ἐξ</span> <span class='ocrx_word' id='word_1_697' title='bbox 3052 3384 3307 3457; x_wconf 77' lang='grc' dir='ltr'>ἀνδρῴων</span> <span class='ocrx_word' id='word_1_698' title='bbox 3358 3382 3622 3453; x_wconf 83' lang='grc' dir='ltr'>σωμάτων</span> <span class='ocrx_word' id='word_1_699' title='bbox 3682 3382 3772 3444; x_wconf 84' lang='grc' dir='ltr'><strong>είς</strong></span> 
     </span>
    </p>
   </div>
   <div class='ocr_carea' id='block_1_96' title="bbox 2182 3471 3773 3550">
    <p class='ocr_par' dir='ltr' id='par_1_96' title="bbox 2182 3471 3773 3550">
     <span class='ocr_line' id='line_1_97' title="bbox 2182 3471 3773 3550; baseline -0.008 -17"><span class='ocrx_word' id='word_1_700' title='bbox 2182 3478 2397 3550; x_wconf 79' lang='grc' dir='ltr'>ἀνδρῷα</span> <span class='ocrx_word' id='word_1_701' title='bbox 2426 3478 2460 3550; x_wconf 81' lang='grc' dir='ltr'><strong>ἢ</strong></span> <span class='ocrx_word' id='word_1_702' title='bbox 2484 3479 2577 3533; x_wconf 71' lang='grc' dir='ltr'>καὶ</span> <span class='ocrx_word' id='word_1_703' title='bbox 2602 3479 2913 3547; x_wconf 77' lang='grc' dir='ltr'>γυναικεῖα,</span> <span class='ocrx_word' id='word_1_704' title='bbox 2944 3476 3039 3531; x_wconf 75' lang='grc' dir='ltr'><strong>καὶ</strong></span> <span class='ocrx_word' id='word_1_705' title='bbox 3060 3471 3216 3538; x_wconf 77' lang='grc' dir='ltr'>αὖθις</span> <span class='ocrx_word' id='word_1_706' title='bbox 3247 3475 3312 3527; x_wconf 80' lang='grc' dir='ltr'><strong>ὲκ</strong></span> <span class='ocrx_word' id='word_1_707' title='bbox 3337 3472 3663 3541; x_wconf 76' lang='grc' dir='ltr'>γυναικείων</span> <span class='ocrx_word' id='word_1_708' title='bbox 3685 3472 3773 3533; x_wconf 74' lang='grc' dir='ltr'><strong>είς</strong></span> 
     </span>
    </p>
   </div>
   <div class='ocr_carea' id='block_1_97' title="bbox 2184 3560 3773 3645">
    <p class='ocr_par' dir='ltr' id='par_1_97' title="bbox 2184 3560 3773 3645">
     <span class='ocr_line' id='line_1_98' title="bbox 2184 3560 3773 3645; baseline -0.008 -22"><span class='ocrx_word' id='word_1_709' title='bbox 2184 3572 2442 3640; x_wconf 79' lang='grc' dir='ltr'>ἑκάτερα,</span> <span class='ocrx_word' id='word_1_710' title='bbox 2478 3569 2572 3623; x_wconf 73' lang='grc' dir='ltr'><strong>καὶ</strong></span> <span class='ocrx_word' id='word_1_711' title='bbox 2611 3571 2675 3622; x_wconf 80' lang='grc' dir='ltr'><strong>ὲκ</strong></span> <span class='ocrx_word' id='word_1_712' title='bbox 2702 3567 2907 3621; x_wconf 84' lang='grc' dir='ltr'>τούτων</span> <span class='ocrx_word' id='word_1_713' title='bbox 2936 3567 3016 3628; x_wconf 80' lang='grc' dir='ltr'>εις</span> <span class='ocrx_word' id='word_1_714' title='bbox 3045 3565 3319 3636; x_wconf 80' lang='grc' dir='ltr'>διαφόρων</span> <span class='ocrx_word' id='word_1_715' title='bbox 3350 3560 3503 3627; x_wconf 79' lang='grc' dir='ltr'>ζώων</span> <span class='ocrx_word' id='word_1_716' title='bbox 3530 3561 3636 3645; x_wconf 17' lang='grc' dir='ltr'><strong>’καὶ</strong></span> <span class='ocrx_word' id='word_1_717' title='bbox 3667 3577 3773 3629; x_wconf 66' lang='grc' dir='ltr'><strong>φυ-</strong></span> 
     </span>
    </p>
   </div>
   <div class='ocr_carea' id='block_1_98' title="bbox 2184 3652 3773 3731">
    <p class='ocr_par' dir='ltr' id='par_1_98' title="bbox 2184 3652 3773 3731">
     <span class='ocr_line' id='line_1_99' title="bbox 2184 3652 3773 3731; baseline -0.005 -18"><span class='ocrx_word' id='word_1_718' title='bbox 2184 3660 2291 3713; x_wconf 83' lang='grc' dir='ltr'><strong>τῶν</strong></span> <span class='ocrx_word' id='word_1_719' title='bbox 2320 3659 2615 3731; x_wconf 83' lang='grc' dir='ltr'>συνέδησας</span> <span class='ocrx_word' id='word_1_720' title='bbox 2650 3656 2881 3728; x_wconf 80' lang='grc' dir='ltr'>σώματα</span> <span class='ocrx_word' id='word_1_721' title='bbox 2904 3694 2921 3721; x_wconf 88' lang='grc'><strong>,</strong></span> <span class='ocrx_word' id='word_1_722' title='bbox 2969 3654 3110 3708; x_wconf 82' lang='grc' dir='ltr'>ὥστε</span> <span class='ocrx_word' id='word_1_723' title='bbox 3150 3652 3360 3709; x_wconf 78' lang='grc' dir='ltr'>πολλῶν</span> <span class='ocrx_word' id='word_1_724' title='bbox 3404 3670 3472 3724; x_wconf 85' lang='grc' dir='ltr'><strong>με</strong></span> <span class='ocrx_word' id='word_1_725' title='bbox 3510 3652 3773 3722; x_wconf 79' lang='grc' dir='ltr'>γνώστην</span> 
     </span>
    </p>
   </div>
   <div class='ocr_carea' id='block_1_99' title="bbox 2186 3746 3773 3822">
    <p class='ocr_par' dir='ltr' id='par_1_99' title="bbox 2186 3746 3773 3822">
     <span class='ocr_line' id='line_1_100' title="bbox 2186 3746 3773 3822; baseline -0.005 -18"><span class='ocrx_word' id='word_1_726' title='bbox 2186 3751 2528 3822; x_wconf 75' lang='grc' dir='ltr'>πραγμάτων</span> <span class='ocrx_word' id='word_1_727' title='bbox 2561 3750 2656 3803; x_wconf 73' lang='grc' dir='ltr'><strong>καὶ</strong></span> <span class='ocrx_word' id='word_1_728' title='bbox 2700 3748 3037 3819; x_wconf 66' lang='grc' dir='ltr'>ἐπιστήμονα</span> <span class='ocrx_word' id='word_1_729' title='bbox 3066 3746 3405 3816; x_wconf 75' lang='grc' dir='ltr'>καταστῆσαι</span> <span class='ocrx_word' id='word_1_730' title='bbox 3441 3747 3563 3808; x_wconf 74' lang='grc' dir='ltr'>ταῖς</span> <span class='ocrx_word' id='word_1_731' title='bbox 3596 3760 3773 3814; x_wconf 83' lang='grc' dir='ltr'>μετα-</span> 
     </span>
    </p>
   </div>
   <div class='ocr_carea' id='block_1_100' title="bbox 2187 3832 3773 3908">
    <p class='ocr_par' dir='ltr' id='par_1_100' title="bbox 2187 3832 3773 3908">
     <span class='ocr_line' id='line_1_101' title="bbox 2187 3832 3773 3908; baseline -0.006 -17"><span class='ocrx_word' id='word_1_732' title='bbox 2187 3839 2369 3901; x_wconf 76' lang='grc' dir='ltr'>ϐολαῖς</span> <span class='ocrx_word' id='word_1_733' title='bbox 2399 3838 2496 3892; x_wconf 82' lang='grc' dir='ltr'><strong>καὶ</strong></span> <span class='ocrx_word' id='word_1_734' title='bbox 2522 3840 2635 3898; x_wconf 77' lang='grc' dir='ltr'>τοῖς</span> <span class='ocrx_word' id='word_1_735' title='bbox 2661 3837 2899 3908; x_wconf 72' lang='grc' dir='ltr'>δεσμοῖς,</span> <span class='ocrx_word' id='word_1_736' title='bbox 2929 3836 3164 3906; x_wconf 76' lang='grc' dir='ltr'>ἄγαμαι,</span> <span class='ocrx_word' id='word_1_737' title='bbox 3195 3834 3353 3903; x_wconf 74' lang='grc' dir='ltr'>φησὶ,</span> <span class='ocrx_word' id='word_1_738' title='bbox 3389 3832 3615 3903; x_wconf 70' lang='grc' dir='ltr'>σφόδρα,</span> <span class='ocrx_word' id='word_1_739' title='bbox 3643 3832 3773 3895; x_wconf 72' lang='grc' dir='ltr'>πῶς</span> 
     </span>
    </p>
   </div>
   <div class='ocr_carea' id='block_1_101' title="bbox 2184 3924 3771 4001">
    <p class='ocr_par' dir='ltr' id='par_1_101' title="bbox 2184 3924 3771 4001">
     <span class='ocr_line' id='line_1_102' title="bbox 2184 3924 3771 4001; baseline -0.004 -17"><span class='ocrx_word' id='word_1_740' title='bbox 2184 3930 2344 3984; x_wconf 82' lang='grc' dir='ltr'>τοῦτο</span> <span class='ocrx_word' id='word_1_741' title='bbox 2366 3930 2524 4001; x_wconf 82' lang='grc' dir='ltr'>μόνον</span> <span class='ocrx_word' id='word_1_742' title='bbox 2544 3930 2643 3992; x_wconf 85' lang='grc' dir='ltr'><strong>τάς</strong></span> <span class='ocrx_word' id='word_1_743' title='bbox 2666 3928 2809 4000; x_wconf 76' lang='grc' dir='ltr'>εμὰς</span> <span class='ocrx_word' id='word_1_744' title='bbox 2828 3925 3195 3999; x_wconf 79' lang='grc' dir='ltr'>παρεληλύθει</span> <span class='ocrx_word' id='word_1_745' title='bbox 3226 3925 3448 3995; x_wconf 79' lang='grc' dir='ltr'>φρένας,</span> <span class='ocrx_word' id='word_1_746' title='bbox 3480 3926 3540 3978; x_wconf 81' lang='grc' dir='ltr'>τὸ</span> <span class='ocrx_word' id='word_1_747' title='bbox 3560 3924 3771 3979; x_wconf 70' lang='grc' dir='ltr'>εἰδέναι</span> 
     </span>
    </p>
   </div>
   <div class='ocr_carea' id='block_1_102' title="bbox 2187 4012 3774 4087">
    <p class='ocr_par' dir='ltr' id='par_1_102' title="bbox 2187 4012 3774 4087">
     <span class='ocr_line' id='line_1_103' title="bbox 2187 4012 3774 4087; baseline -0.002 -17"><span class='ocrx_word' id='word_1_748' title='bbox 2187 4018 2247 4084; x_wconf 76' lang='grc' dir='ltr'>ἐξ</span> <span class='ocrx_word' id='word_1_749' title='bbox 2278 4018 2469 4080; x_wconf 78' lang='grc' dir='ltr'>ὁποίας</span> <span class='ocrx_word' id='word_1_750' title='bbox 2497 4018 2678 4087; x_wconf 82' lang='grc' dir='ltr'>δορᾶς,</span> <span class='ocrx_word' id='word_1_751' title='bbox 2709 4018 2827 4086; x_wconf 78' lang='grc' dir='ltr'>ήτοι</span> <span class='ocrx_word' id='word_1_752' title='bbox 2860 4016 3132 4084; x_wconf 78' lang='grc' dir='ltr'>σώματος,</span> <span class='ocrx_word' id='word_1_753' title='bbox 3162 4016 3243 4078; x_wconf 85' lang='grc' dir='ltr'><strong>είς</strong></span> <span class='ocrx_word' id='word_1_754' title='bbox 3270 4014 3409 4080; x_wconf 80' lang='grc' dir='ltr'>τόδε,</span> <span class='ocrx_word' id='word_1_755' title='bbox 3434 4014 3463 4066; x_wconf 80' lang='grc' dir='ltr'><strong>ὃ</strong></span> <span class='ocrx_word' id='word_1_756' title='bbox 3490 4012 3584 4066; x_wconf 75' lang='grc' dir='ltr'>νῦν</span> <span class='ocrx_word' id='word_1_757' title='bbox 3613 4015 3774 4084; x_wconf 61' lang='grc' dir='ltr'>περί.</span> 
     </span>
    </p>
   </div>
   <div class='ocr_carea' id='block_1_103' title="bbox 2187 4090 3772 4179">
    <p class='ocr_par' dir='ltr' id='par_1_103' title="bbox 2187 4090 3772 4179">
     <span class='ocr_line' id='line_1_104' title="bbox 2187 4090 3772 4179; baseline -0.003 -20"><span class='ocrx_word' id='word_1_758' title='bbox 2187 4124 2377 4179; x_wconf 83' lang='grc' dir='ltr'>κειμαι</span> <span class='ocrx_word' id='word_1_759' title='bbox 2404 4146 2421 4173; x_wconf 90' lang='grc'><strong>,</strong></span> <span class='ocrx_word' id='word_1_760' title='bbox 2469 4090 2733 4178; x_wconf 68' lang='grc' dir='ltr'>μετῆλθον</span> <span class='ocrx_word' id='word_1_761' title='bbox 2754 4120 2770 4137; x_wconf 88' lang='grc'><strong>·</strong></span> <span class='ocrx_word' id='word_1_762' title='bbox 2823 4108 2881 4160; x_wconf 80' lang='grc' dir='ltr'>ὲν</span> <span class='ocrx_word' id='word_1_763' title='bbox 2915 4107 3104 4169; x_wconf 79' lang='grc' dir='ltr'>πόσοις</span> <span class='ocrx_word' id='word_1_764' title='bbox 3148 4104 3204 4157; x_wconf 73' lang='grc' dir='ltr'>δὲ</span> <span class='ocrx_word' id='word_1_765' title='bbox 3243 4105 3508 4175; x_wconf 80' lang='grc' dir='ltr'>πρότερον</span> <span class='ocrx_word' id='word_1_766' title='bbox 3542 4120 3772 4175; x_wconf 79' lang='grc' dir='ltr'>προετε-</span> 
     </span>
    </p>
   </div>
   <div class='ocr_carea' id='block_1_104' title="bbox 2188 4193 3772 4269">
    <p class='ocr_par' dir='ltr' id='par_1_104' title="bbox 2188 4193 3772 4269">
     <span class='ocr_line' id='line_1_105' title="bbox 2188 4193 3772 4269; baseline -0.003 -18"><span class='ocrx_word' id='word_1_767' title='bbox 2188 4198 2428 4269; x_wconf 86' lang='grc' dir='ltr'>θνήκειν,</span> <span class='ocrx_word' id='word_1_768' title='bbox 2466 4198 2561 4250; x_wconf 72' lang='grc' dir='ltr'><strong>καὶ</strong></span> <span class='ocrx_word' id='word_1_769' title='bbox 2606 4197 2688 4259; x_wconf 83' lang='grc' dir='ltr'><strong>τίς</strong></span> <span class='ocrx_word' id='word_1_770' title='bbox 2735 4194 2801 4250; x_wconf 80' lang='grc' dir='ltr'>ἂν</span> <span class='ocrx_word' id='word_1_771' title='bbox 2844 4196 3103 4266; x_wconf 80' lang='grc' dir='ltr'>γενοίμην</span> <span class='ocrx_word' id='word_1_772' title='bbox 3153 4194 3292 4265; x_wconf 87' lang='grc' dir='ltr'><strong>μετά</strong></span> <span class='ocrx_word' id='word_1_773' title='bbox 3340 4194 3532 4258; x_wconf 77' lang='grc' dir='ltr'>ταῦτα,</span> <span class='ocrx_word' id='word_1_774' title='bbox 3568 4193 3772 4262; x_wconf 80' lang='grc' dir='ltr'>μαθεῖν</span> 
     </span>
    </p>
   </div>
   <div class='ocr_carea' id='block_1_105' title="bbox 2188 4284 3773 4361">
    <p class='ocr_par' dir='ltr' id='par_1_105' title="bbox 2188 4284 3773 4361">
     <span class='ocr_line' id='line_1_106' title="bbox 2188 4284 3773 4361; baseline -0.003 -20"><span class='ocrx_word' id='word_1_775' title='bbox 2188 4288 2405 4357; x_wconf 74' lang='grc' dir='ltr'>ἐδίψων.</span> <span class='ocrx_word' id='word_1_776' title='bbox 2446 4289 2535 4352; x_wconf 80' lang='grc' dir='ltr'>Ὠς</span> <span class='ocrx_word' id='word_1_777' title='bbox 2561 4289 2668 4361; x_wconf 78' lang='grc' dir='ltr'><strong>γὰρ</strong></span> <span class='ocrx_word' id='word_1_778' title='bbox 2695 4288 2893 4353; x_wconf 74' lang='grc' dir='ltr'>ἔοικεν,</span> <span class='ocrx_word' id='word_1_779' title='bbox 2923 4288 2991 4340; x_wconf 80' lang='grc' dir='ltr'><strong>ἵν’</strong></span> <span class='ocrx_word' id='word_1_780' title='bbox 3010 4287 3149 4340; x_wconf 76' lang='grc' dir='ltr'>εἴπω</span> <span class='ocrx_word' id='word_1_781' title='bbox 3176 4287 3270 4340; x_wconf 75' lang='grc' dir='ltr'><strong>καὶ</strong></span> <span class='ocrx_word' id='word_1_782' title='bbox 3298 4284 3541 4354; x_wconf 78' lang='grc' dir='ltr'>γελοίως,</span> <span class='ocrx_word' id='word_1_783' title='bbox 3570 4286 3600 4338; x_wconf 88' lang='lat'><strong>6</strong></span> <span class='ocrx_word' id='word_1_784' title='bbox 3628 4284 3773 4354; x_wconf 73' lang='grc' dir='ltr'>ἐμὸς</span> 
     </span>
    </p>
   </div>
   <div class='ocr_carea' id='block_1_106' title="bbox 2188 4373 3774 4449">
    <p class='ocr_par' dir='ltr' id='par_1_106' title="bbox 2188 4373 3774 4449">
     <span class='ocr_line' id='line_1_107' title="bbox 2188 4373 3774 4449; baseline -0.001 -21"><span class='ocrx_word' id='word_1_785' title='bbox 2188 4374 2348 4448; x_wconf 86' lang='grc' dir='ltr'>δέτης</span> <span class='ocrx_word' id='word_1_786' title='bbox 2370 4378 2466 4431; x_wconf 73' lang='grc' dir='ltr'><strong>καὶ</strong></span> <span class='ocrx_word' id='word_1_787' title='bbox 2493 4378 2755 4449; x_wconf 82' lang='grc' dir='ltr'>πλάστης,</span> <span class='ocrx_word' id='word_1_788' title='bbox 2784 4377 2882 4448; x_wconf 82' lang='grc' dir='ltr'>οὐχ</span> <span class='ocrx_word' id='word_1_789' title='bbox 2911 4376 3102 4449; x_wconf 83' lang='grc' dir='ltr'>ὥσπερ</span> <span class='ocrx_word' id='word_1_790' title='bbox 3136 4378 3248 4440; x_wconf 85' lang='grc' dir='ltr'>τοῖς</span> <span class='ocrx_word' id='word_1_791' title='bbox 3273 4375 3544 4438; x_wconf 83' lang='grc' dir='ltr'>θυλάκοις,</span> <span class='ocrx_word' id='word_1_792' title='bbox 3588 4373 3774 4437; x_wconf 68' lang='grc' dir='ltr'>οὕτως</span> 
     </span>
    </p>
   </div>
   <div class='ocr_carea' id='block_1_107' title="bbox 2190 4456 3772 4537">
    <p class='ocr_par' dir='ltr' id='par_1_107' title="bbox 2190 4456 3772 4537">
     <span class='ocr_line' id='line_1_108' title="bbox 2190 4456 3772 4537; baseline 0 -20"><span class='ocrx_word' id='word_1_793' title='bbox 2190 4466 2441 4522; x_wconf 62' lang='grc' dir='ltr'>ἐπλούτει</span> <span class='ocrx_word' id='word_1_794' title='bbox 2468 4456 2562 4522; x_wconf 74' lang='grc' dir='ltr'><strong>καὶ</strong></span> <span class='ocrx_word' id='word_1_795' title='bbox 2591 4469 2809 4537; x_wconf 68' lang='grc' dir='ltr'>ψυχαῖς,</span> <span class='ocrx_word' id='word_1_796' title='bbox 2834 4468 2901 4520; x_wconf 79' lang='grc' dir='ltr'>δι’</span> <span class='ocrx_word' id='word_1_797' title='bbox 2936 4467 2965 4520; x_wconf 85' lang='grc' dir='ltr'><strong>δ</strong></span> <span class='ocrx_word' id='word_1_798' title='bbox 3003 4467 3110 4520; x_wconf 82' lang='grc' dir='ltr'>τῶν</span> <span class='ocrx_word' id='word_1_799' title='bbox 3142 4465 3413 4537; x_wconf 85' lang='grc' dir='ltr'>σωμάτων</span> <span class='ocrx_word' id='word_1_800' title='bbox 3447 4464 3642 4520; x_wconf 84' lang='grc' dir='ltr'>σπάνει</span> <span class='ocrx_word' id='word_1_801' title='bbox 3685 4466 3772 4529; x_wconf 85' lang='grc' dir='ltr'><strong>εἰς</strong></span> 
     </span>
    </p>
   </div>
   <div class='ocr_carea' id='block_1_108' title="bbox 2190 4556 3770 4629">
    <p class='ocr_par' dir='ltr' id='par_1_108' title="bbox 2190 4556 3770 4629">
     <span class='ocr_line' id='line_1_109' title="bbox 2190 4556 3770 4629; baseline 0 -18"><span class='ocrx_word' id='word_1_802' title='bbox 2190 4558 2494 4612; x_wconf 85' lang='grc' dir='ltr'>ἀλλοκότων</span> <span class='ocrx_word' id='word_1_803' title='bbox 2520 4558 2675 4622; x_wconf 77' lang='grc' dir='ltr'><strong>ζώων</strong></span> <span class='ocrx_word' id='word_1_804' title='bbox 2706 4558 3107 4629; x_wconf 77' lang='grc' dir='ltr'>μεταγγίζομαι</span> <span class='ocrx_word' id='word_1_805' title='bbox 3135 4557 3350 4628; x_wconf 81' lang='grc' dir='ltr'>μορφάς</span> <span class='ocrx_word' id='word_1_806' title='bbox 3368 4574 3383 4587; x_wconf 74' lang='grc' dir='ltr'><strong>ο</strong></span> <span class='ocrx_word' id='word_1_807' title='bbox 3412 4558 3510 4629; x_wconf 82' lang='grc' dir='ltr'>τῆς</span> <span class='ocrx_word' id='word_1_808' title='bbox 3543 4556 3770 4627; x_wconf 77' lang='grc' dir='ltr'>μανίας.</span> 
     </span>
    </p>
   </div>
   <div class='ocr_carea' id='block_1_109' title="bbox 2190 4645 3777 4722">
    <p class='ocr_par' dir='ltr' id='par_1_109' title="bbox 2190 4645 3777 4722">
     <span class='ocr_line' id='line_1_110' title="bbox 2190 4645 3777 4722; baseline 0.002 -21"><span class='ocrx_word' id='word_1_809' title='bbox 2190 4645 2338 4721; x_wconf 74' lang='grc' dir='ltr'><strong>Ἀρα</strong></span> <span class='ocrx_word' id='word_1_810' title='bbox 2375 4648 2532 4703; x_wconf 82' lang='grc' dir='ltr'>τοῦτο</span> <span class='ocrx_word' id='word_1_811' title='bbox 2598 4651 2802 4722; x_wconf 78' lang='grc' dir='ltr'>μικρᾶς</span> <span class='ocrx_word' id='word_1_812' title='bbox 2836 4649 3087 4719; x_wconf 83' lang='grc' dir='ltr'>πλάνης,</span> <span class='ocrx_word' id='word_1_813' title='bbox 3139 4649 3202 4703; x_wconf 81' lang='grc' dir='ltr'>τὸ</span> <span class='ocrx_word' id='word_1_814' title='bbox 3251 4650 3351 4720; x_wconf 78' lang='grc' dir='ltr'>τὴν</span> <span class='ocrx_word' id='word_1_815' title='bbox 3394 4651 3529 4703; x_wconf 85' lang='grc' dir='ltr'>ἰδίαν</span> <span class='ocrx_word' id='word_1_816' title='bbox 3573 4650 3777 4719; x_wconf 83' lang='grc' dir='ltr'>βίωσιν</span> 
     </span>
    </p>
   </div>
   <div class='ocr_carea' id='block_1_110' title="bbox 2189 4739 3778 4815">
    <p class='ocr_par' dir='ltr' id='par_1_110' title="bbox 2189 4739 3778 4815">
     <span class='ocr_line' id='line_1_111' title="bbox 2189 4739 3778 4815; baseline 0.003 -22"><span class='ocrx_word' id='word_1_817' title='bbox 2189 4739 2439 4807; x_wconf 76' lang='grc' dir='ltr'>άγνοεῖνς</span> <span class='ocrx_word' id='word_1_818' title='bbox 2482 4739 2651 4802; x_wconf 79' lang='grc' dir='ltr'>ὖντως</span> <span class='ocrx_word' id='word_1_819' title='bbox 2689 4739 3051 4815; x_wconf 75' lang='grc' dir='ltr'>ὑπερϐολικῆς</span> <span class='ocrx_word' id='word_1_820' title='bbox 3086 4740 3245 4794; x_wconf 78' lang='grc' dir='ltr'>τοῦτο</span> <span class='ocrx_word' id='word_1_821' title='bbox 3285 4740 3452 4811; x_wconf 81' lang='grc' dir='ltr'>λήθης</span> <span class='ocrx_word' id='word_1_822' title='bbox 3486 4740 3664 4809; x_wconf 79' lang='grc' dir='ltr'>βυθὸς,</span> <span class='ocrx_word' id='word_1_823' title='bbox 3710 4744 3778 4797; x_wconf 76' lang='grc' dir='ltr'><strong>τὺ</strong></span> 
     </span>
    </p>
   </div>
   <div class='ocr_carea' id='block_1_111' title="bbox 2190 4832 3777 4909">
    <p class='ocr_par' dir='ltr' id='par_1_111' title="bbox 2190 4832 3777 4909">
     <span class='ocr_line' id='line_1_112' title="bbox 2190 4832 3777 4909; baseline 0.001 -19"><span class='ocrx_word' id='word_1_824' title='bbox 2190 4837 2293 4907; x_wconf 78' lang='grc' dir='ltr'><strong>τῆς</strong></span> <span class='ocrx_word' id='word_1_825' title='bbox 2331 4835 2605 4906; x_wconf 68' lang='grc' dir='ltr'>προτέρας</span> <span class='ocrx_word' id='word_1_826' title='bbox 2633 4838 2694 4891; x_wconf 78' lang='grc' dir='ltr'>ὲν</span> <span class='ocrx_word' id='word_1_827' title='bbox 2721 4837 2911 4908; x_wconf 75' lang='grc' dir='ltr'>κόσμῳ</span> <span class='ocrx_word' id='word_1_828' title='bbox 2942 4837 3234 4899; x_wconf 81' lang='grc' dir='ltr'>πολιτείας,</span> <span class='ocrx_word' id='word_1_829' title='bbox 3261 4832 3330 4909; x_wconf 77' lang='grc' dir='ltr'>ἧς</span> <span class='ocrx_word' id='word_1_830' title='bbox 3360 4837 3777 4904; x_wconf 77' lang='grc' dir='ltr'>ἐπολιτεύσατο,</span> 
     </span>
    </p>
   </div>
   <div class='ocr_carea' id='block_1_112' title="bbox 2177 4926 3777 4999">
    <p class='ocr_par' dir='ltr' id='par_1_112' title="bbox 2177 4926 3777 4999">
     <span class='ocr_line' id='line_1_113' title="bbox 2177 4926 3777 4999; baseline 0.003 -20"><span class='ocrx_word' id='word_1_831' title='bbox 2177 4926 2331 4997; x_wconf 76' lang='grc' dir='ltr'>’μηδὲ</span> <span class='ocrx_word' id='word_1_832' title='bbox 2357 4926 2419 4978; x_wconf 78' lang='grc' dir='ltr'>τὸ</span> <span class='ocrx_word' id='word_1_833' title='bbox 2443 4926 2605 4996; x_wconf 80' lang='grc' dir='ltr'>τυχὸν</span> <span class='ocrx_word' id='word_1_834' title='bbox 2629 4926 2773 4997; x_wconf 72' lang='grc' dir='ltr'>ἴχνος</span> <span class='ocrx_word' id='word_1_835' title='bbox 2796 4928 3018 4998; x_wconf 73' lang='grc' dir='ltr'>μνήμης</span> <span class='ocrx_word' id='word_1_836' title='bbox 3045 4927 3485 4998; x_wconf 79' lang='grc' dir='ltr'>ὲναπολελεῖφθαι</span> <span class='ocrx_word' id='word_1_837' title='bbox 3510 4926 3777 4999; x_wconf 66' lang='grc' dir='ltr'>τῇψυχῇ.</span> 
     </span>
    </p>
   </div>
   <div class='ocr_carea' id='block_1_113' title="bbox 2197 5016 3780 5089">
    <p class='ocr_par' dir='ltr' id='par_1_113' title="bbox 2197 5016 3780 5089">
     <span class='ocr_line' id='line_1_114' title="bbox 2197 5016 3780 5089; baseline 0.002 -20"><span class='ocrx_word' id='word_1_838' title='bbox 2197 5035 2217 5069; x_wconf 70' lang='grc' dir='ltr'>ί</span> <span class='ocrx_word' id='word_1_839' title='bbox 2259 5016 2555 5087; x_wconf 83' lang='grc' dir='ltr'>Ἦμέτερον</span> <span class='ocrx_word' id='word_1_840' title='bbox 2598 5016 2644 5070; x_wconf 84' lang='grc' dir='ltr'>δ’</span> <span class='ocrx_word' id='word_1_841' title='bbox 2672 5018 2831 5081; x_wconf 75' lang='grc' dir='ltr'>ἀῖοις,</span> <span class='ocrx_word' id='word_1_842' title='bbox 2867 5035 2887 5070; x_wconf 71' lang='grc' dir='ltr'><strong>ι</strong></span> <span class='ocrx_word' id='word_1_843' title='bbox 2937 5035 2991 5071; x_wconf 90' lang='grc' dir='ltr'><strong>κ.</strong></span> <span class='ocrx_word' id='word_1_844' title='bbox 3020 5018 3098 5083; x_wconf 81' lang='grc' dir='ltr'><strong>ἐξ.</strong></span> <span class='ocrx_word' id='word_1_845' title='bbox 3146 5018 3555 5089; x_wconf 75' lang='grc' dir='ltr'>Ἀποῤῥαπίσας</span> <span class='ocrx_word' id='word_1_846' title='bbox 3580 5021 3610 5071; x_wconf 94' lang='lat'><strong>6</strong></span> <span class='ocrx_word' id='word_1_847' title='bbox 3650 5018 3780 5074; x_wconf 68' lang='lat'><strong>056&#39;—</strong></span> 
     </span>
    </p>
   </div>
   <div class='ocr_carea' id='block_1_114' title="bbox 2192 5105 3779 5179">
    <p class='ocr_par' dir='ltr' id='par_1_114' title="bbox 2192 5105 3779 5179">
     <span class='ocr_line' id='line_1_115' title="bbox 2192 5105 3779 5179; baseline 0.003 -20"><span class='ocrx_word' id='word_1_848' title='bbox 2192 5122 2353 5175; x_wconf 79' lang='grc' dir='ltr'>σοφος</span> <span class='ocrx_word' id='word_1_849' title='bbox 2394 5105 2494 5169; x_wconf 85' lang='grc' dir='ltr'><strong>τὰς</strong></span> <span class='ocrx_word' id='word_1_850' title='bbox 2544 5105 2653 5161; x_wconf 86' lang='grc' dir='ltr'><strong>τῶν</strong></span> <span class='ocrx_word' id='word_1_851' title='bbox 2695 5106 3040 5176; x_wconf 69' lang='grc' dir='ltr'>ψευδοσόφψν</span> <span class='ocrx_word' id='word_1_852' title='bbox 3083 5107 3410 5177; x_wconf 84' lang='grc' dir='ltr'>φληναφίας·</span> <span class='ocrx_word' id='word_1_853' title='bbox 3469 5108 3779 5179; x_wconf 67' lang='grc' dir='ltr'>Ἐγτεῦθεν,</span> 
     </span>
    </p>
   </div>
   <div class='ocr_carea' id='block_1_115' title="bbox 2189 5196 3787 5271">
    <p class='ocr_par' dir='ltr' id='par_1_115' title="bbox 2189 5196 3787 5271">
     <span class='ocr_line' id='line_1_116' title="bbox 2189 5196 3787 5271; baseline 0.006 -24"><span class='ocrx_word' id='word_1_854' title='bbox 2189 5196 2344 5267; x_wconf 78' lang='grc' dir='ltr'>φησὶ,</span> <span class='ocrx_word' id='word_1_855' title='bbox 2375 5196 2475 5266; x_wconf 77' lang='grc' dir='ltr'>τὴν</span> <span class='ocrx_word' id='word_1_856' title='bbox 2502 5196 2630 5266; x_wconf 72' lang='grc' dir='ltr'>περὶ</span> <span class='ocrx_word' id='word_1_857' title='bbox 2657 5196 2836 5268; x_wconf 78' lang='grc' dir='ltr'>ψυχῆς</span> <span class='ocrx_word' id='word_1_858' title='bbox 2863 5198 3089 5271; x_wconf 85' lang='grc' dir='ltr'>ἀρίστην</span> <span class='ocrx_word' id='word_1_859' title='bbox 3111 5197 3331 5269; x_wconf 74' lang='grc' dir='ltr'>διδαχὴν</span> <span class='ocrx_word' id='word_1_860' title='bbox 3350 5198 3451 5267; x_wconf 81' lang='grc' dir='ltr'>τὴν</span> <span class='ocrx_word' id='word_1_861' title='bbox 3476 5198 3649 5269; x_wconf 84' lang='grc' dir='ltr'>ἀληθῆ</span> <span class='ocrx_word' id='word_1_862' title='bbox 3676 5205 3787 5257; x_wconf 71' lang='grc' dir='ltr'><strong>καὶ</strong></span> 
     </span>
    </p>
   </div>
   <div class='ocr_carea' id='block_1_116' title="bbox 2190 5349 3777 5419">
    <p class='ocr_par' dir='ltr' id='par_1_116' title="bbox 2190 5349 3777 5419">
     <span class='ocr_line' id='line_1_117' title="bbox 2190 5349 3777 5419; baseline 0.002 -15"><span class='ocrx_word' id='word_1_863' title='bbox 2190 5349 2312 5404; x_wconf 87' lang='lat' dir='ltr'><strong>aliis</strong></span> <span class='ocrx_word' id='word_1_864' title='bbox 2333 5349 2570 5405; x_wconf 86' lang='lat' dir='ltr'><strong>laudatis</strong></span> <span class='ocrx_word' id='word_1_865' title='bbox 2596 5350 3072 5419; x_wconf 23' lang='lat' dir='ltr'><strong>adtleWManethon.</strong></span> <span class='ocrx_word' id='word_1_866' title='bbox 3107 5351 3310 5419; x_wconf 78' lang='lat' dir='ltr'><strong>Apolel.</strong></span> <span class='ocrx_word' id='word_1_867' title='bbox 3332 5365 3369 5407; x_wconf 83' lang='grc' dir='ltr'>ι.</span> <span class='ocrx_word' id='word_1_868' title='bbox 3397 5350 3521 5409; x_wconf 74' lang='lat'><strong>207.</strong></span> <span class='ocrx_word' id='word_1_869' title='bbox 3554 5352 3777 5408; x_wconf 75' lang='lat' dir='ltr'><strong>Authol.</strong></span> 
     </span>
    </p>
   </div>
   <div class='ocr_carea' id='block_1_117' title="bbox 2192 5418 3777 5490">
    <p class='ocr_par' dir='ltr' id='par_1_117' title="bbox 2192 5418 3777 5490">
     <span class='ocr_line' id='line_1_118' title="bbox 2192 5418 3777 5490; baseline 0.004 -19"><span class='ocrx_word' id='word_1_870' title='bbox 2192 5418 2373 5471; x_wconf 82' lang='lat' dir='ltr'><strong>Palat.</strong></span> <span class='ocrx_word' id='word_1_871' title='bbox 2398 5436 2435 5482; x_wconf 81' lang='grc' dir='ltr'><strong>ι,</strong></span> <span class='ocrx_word' id='word_1_872' title='bbox 2458 5419 2509 5481; x_wconf 86' lang='grc'>1,</span> <span class='ocrx_word' id='word_1_873' title='bbox 2542 5420 2561 5490; x_wconf 67' lang='lat' dir='ltr'><strong>i</strong></span> <span class='ocrx_word' id='word_1_874' title='bbox 2573 5419 2627 5485; x_wconf 88' lang='lat'><strong>9,</strong></span> <span class='ocrx_word' id='word_1_875' title='bbox 2657 5421 2708 5472; x_wconf 79' lang='lat' dir='ltr'><strong>l.</strong></span> <span class='ocrx_word' id='word_1_876' title='bbox 2738 5418 2931 5490; x_wconf 84' lang='lat' dir='ltr'><strong>Forma</strong></span> <span class='ocrx_word' id='word_1_877' title='bbox 2964 5418 3244 5475; x_wconf 85' lang='lat' dir='ltr'><strong>contracta</strong></span> <span class='ocrx_word' id='word_1_878' title='bbox 3273 5420 3467 5482; x_wconf 85' lang='grc' dir='ltr'>ἀείνως</span> <span class='ocrx_word' id='word_1_879' title='bbox 3498 5438 3777 5490; x_wconf 75' lang='lat' dir='ltr'><strong>nusquam</strong></span> 
     </span>
    </p>
   </div>
   <div class='ocr_carea' id='block_1_118' title="bbox 2191 5487 3778 5558">
    <p class='ocr_par' dir='ltr' id='par_1_118' title="bbox 2191 5487 3778 5558">
     <span class='ocr_line' id='line_1_119' title="bbox 2191 5487 3778 5558; baseline 0.004 -19"><span class='ocrx_word' id='word_1_880' title='bbox 2191 5490 2496 5558; x_wconf 75' lang='lat' dir='ltr'><strong>reperitur;</strong></span> <span class='ocrx_word' id='word_1_881' title='bbox 2535 5488 2764 5558; x_wconf 84' lang='lat' dir='ltr'><strong>formam</strong></span> <span class='ocrx_word' id='word_1_882' title='bbox 2821 5487 3050 5555; x_wconf 86' lang='grc' dir='ltr'>ἀένναος</span> <span class='ocrx_word' id='word_1_883' title='bbox 3080 5491 3241 5558; x_wconf 80' lang='lat' dir='ltr'><strong>etiam</strong></span> <span class='ocrx_word' id='word_1_884' title='bbox 3310 5505 3413 5558; x_wconf 81' lang='lat' dir='ltr'><strong>ego</strong></span> <span class='ocrx_word' id='word_1_885' title='bbox 3445 5498 3575 5558; x_wconf 88' lang='lat' dir='ltr'><strong>puto</strong></span> <span class='ocrx_word' id='word_1_886' title='bbox 3601 5487 3778 5545; x_wconf 78' lang='lat' dir='ltr'><strong>libra—</strong></span> 
     </span>
    </p>
   </div>
   <div class='ocr_carea' id='block_1_119' title="bbox 2192 5556 3783 5627">
    <p class='ocr_par' dir='ltr' id='par_1_119' title="bbox 2192 5556 3783 5627">
     <span class='ocr_line' id='line_1_120' title="bbox 2192 5556 3783 5627; baseline 0.004 -18"><span class='ocrx_word' id='word_1_887' title='bbox 2192 5557 2502 5627; x_wconf 15' lang='lat' dir='ltr'><strong>riisrdehcri</strong></span> <span class='ocrx_word' id='word_1_888' title='bbox 2526 5573 2557 5627; x_wconf 14' lang='lat'><strong>:7</strong></span> <span class='ocrx_word' id='word_1_889' title='bbox 2578 5557 2774 5627; x_wconf 83' lang='lat' dir='ltr'><strong>legitur</strong></span> <span class='ocrx_word' id='word_1_890' title='bbox 2800 5558 2966 5613; x_wconf 90' lang='lat' dir='ltr'><strong>etiam</strong></span> <span class='ocrx_word' id='word_1_891' title='bbox 3000 5558 3138 5627; x_wconf 88' lang='lat' dir='ltr'><strong>apud</strong></span> <span class='ocrx_word' id='word_1_892' title='bbox 3166 5556 3577 5627; x_wconf 75' lang='lat' dir='ltr'><strong>Xemphontetn</strong></span> <span class='ocrx_word' id='word_1_893' title='bbox 3621 5561 3657 5613; x_wconf 92' lang='lat' dir='ltr'><strong>l.</strong></span> <span class='ocrx_word' id='word_1_894' title='bbox 3696 5560 3783 5616; x_wconf 77' lang='lat' dir='ltr'><strong>De</strong></span> 
     </span>
    </p>
   </div>
   <div class='ocr_carea' id='block_1_120' title="bbox 2195 5624 3775 5695">
    <p class='ocr_par' dir='ltr' id='par_1_120' title="bbox 2195 5624 3775 5695">
     <span class='ocr_line' id='line_1_121' title="bbox 2195 5624 3775 5695; baseline 0.007 -19"><span class='ocrx_word' id='word_1_895' title='bbox 2195 5624 2376 5695; x_wconf 62' lang='grc' dir='ltr'><strong>νξυάὶιη</strong></span> <span class='ocrx_word' id='word_1_896' title='bbox 2428 5641 2501 5685; x_wconf 78' lang='grc' dir='ltr'>ιν.</span> <span class='ocrx_word' id='word_1_897' title='bbox 2542 5624 2653 5691; x_wconf 62' lang='grc'><strong>17,⁷</strong></span> <span class='ocrx_word' id='word_1_898' title='bbox 2682 5627 2801 5681; x_wconf 85' lang='lat' dir='ltr'><strong>loco</strong></span> <span class='ocrx_word' id='word_1_899' title='bbox 2846 5641 2877 5680; x_wconf 91' lang='lat' dir='ltr'><strong>a</strong></span> <span class='ocrx_word' id='word_1_900' title='bbox 2915 5624 3246 5684; x_wconf 81' lang='lat' dir='ltr'><strong>Schneidero</strong></span> <span class='ocrx_word' id='word_1_901' title='bbox 3290 5624 3531 5695; x_wconf 75' lang='lat' dir='ltr'><strong>laudato,</strong></span> <span class='ocrx_word' id='word_1_902' title='bbox 3582 5628 3678 5685; x_wconf 84' lang='lat' dir='ltr'><strong>sed</strong></span> <span class='ocrx_word' id='word_1_903' title='bbox 3716 5631 3775 5687; x_wconf 85' lang='lat' dir='ltr'><strong>in</strong></span> 
     </span>
    </p>
   </div>
   <div class='ocr_carea' id='block_1_121' title="bbox 2201 5694 3099 5766">
    <p class='ocr_par' dir='ltr' id='par_1_121' title="bbox 2201 5694 3099 5766">
     <span class='ocr_line' id='line_1_122' title="bbox 2201 5694 3099 5766; baseline 0.002 -19"><span class='ocrx_word' id='word_1_904' title='bbox 2201 5694 2467 5748; x_wconf 70' lang='lat' dir='ltr'><strong>Thesauro</strong></span> <span class='ocrx_word' id='word_1_905' title='bbox 2496 5696 2683 5766; x_wconf 80' lang='lat' dir='ltr'><strong>Steph.</strong></span> <span class='ocrx_word' id='word_1_906' title='bbox 2715 5695 3099 5765; x_wconf 64' lang='lat' dir='ltr'><strong>praetermisso.</strong></span> 
     </span>
    </p>
   </div>
  </div>
