4010 6298
191 360 280 419 σω
1168 368 1239 427 ΙΝ
1271 369 1585 428 CARMINA
1616 372 1901 432 ABCANA
1964 375 2023 431 5.
2096 368 2452 433 GREGORII.

198 473 458 546 ἡμετέραν
486 476 799 545 ἀναλαϐὼν,
833 480 950 543 ταῖς
988 482 1108 544 σαῖς
1134 482 1395 539 ἐναπόθου
1428 485 1640 551 ἀκοαῖς,
1674 503 1769 558 μι-

196 565 326 652 κρὰν
348 565 406 619 δὲ
436 568 637 639 τέρψιν
667 570 762 624 καὶ
800 569 1036 642 ἠδύτητα
1060 574 1126 643 τῇ
1157 572 1406 652 παρούσῃ
1436 577 1775 648 προσαναμί-

3352 369 3456 426 694

1878 487 2062 543 anima
2111 487 2374 561 hymnum
2413 492 2510 542 aut
2559 483 2893 557 theologiam
2936 497 3049 539 non
3095 478 3452 552 iniucundam

1882 577 1950 634 iis
1983 578 2079 649 qui
2100 577 2398 649 prudenter
2427 573 2738 646 intelligere
2770 574 2983 636 volunt,
3018 584 3377 641 exponemus.

186 650 340 724 ξομεί
356 654 468 731 ᾡδῇ
492 675 506 689 ⁸
542 660 641 714 καὶ
668 656 769 731 ﬁl"
801 662 929 734 περὶ
983 660 1163 733 ψυχῆς
1197 650 1523 735 ὑμνολογίαν
1577 666 1611 737 ἢ
1664 667 1946 738 θεολογίαν
2003 670 2107 723 οὐκ
2136 667 2279 739 ἀηδῆ
2307 671 2419 730 τοῖς
2458 665 2695 729 συνετῶς
2726 665 2941 718 ἐπαΐειν
2976 660 3220 717 ἐθέλουσι
3273 676 3452 730 παρα-

182 746 247 818 θη
258 746 477 817 σόμεθα.

184 924 251 981 55
278 920 386 981 Ἦν
413 940 587 992 ποτε,
615 919 695 997 ἦν
718 924 818 981 ὅτε
855 926 1088 999 κόσμον
1132 928 1555 1073 ἐπήξῗτῖπκοῦ
1582 933 1763 1054 λόγος

1338 1018 1375 1053 a
1448 1019 1539 1069 υς,
1573 1019 1639 1055 κτ
1678 1040 1692 1055 .

1338 1018 1539 1069 αιπυς,
1573 1018 1692 1055 κτλ.

256 1128 491 1183 ’Δνωθεν
533 1130 631 1184 τὸν
667 1131 795 1201 περὶ
822 1129 1003 1202 ψυχῆς
1032 1131 1190 1200 λόγον
1223 1132 1320 1186 ἀπ’
1350 1133 1525 1205 ἀρχῆς
1554 1134 1652 1203 τῆς
1676 1132 1769 1186 τοῦ

188 1220 388 1291 κόσμου
427 1221 699 1291 γενέσεως
736 1223 766 1275 ὁ
820 1220 964 1286 θεῖος
984 1208 1388 1294 ἀναλαϐόμενος
1426 1224 1769 1296 ἱεροφάντης.

185 1303 251 1378 ἦν
275 1325 437 1373 ποτε,
483 1304 709 1381 ﬂvere,
742 1312 938 1381 φησὶν,
972 1313 1001 1364 ὁ
1038 1310 1263 1382 ὕψιστος
1294 1313 1388 1367 τοῦ
1434 1312 1651 1386 πρώτου
1678 1313 1769 1367 νοῦ

187 1396 363 1468 λόγος,
390 1400 472 1471 τῷ
498 1401 753 1474 πατρικῷ
789 1401 1090 1474 βουλήματι
1117 1403 1211 1458 τὸν
1257 1403 1378 1458 ὅλον
1424 1403 1637 1457 τουτονὶ
1678 1404 1769 1458 κό-

188 1505 317 1561 σμον
356 1492 669 1565 ὑπέστησεν
695 1496 761 1548 ἐκ
786 1494 861 1566 μὴ
891 1495 1059 1549 όντων
1084 1496 1166 1560 είς
1187 1494 1249 1549 τὺ
1276 1491 1435 1550 εἶναι’
1455 1492 1609 1550 εἴπεν
1636 1495 1765 1567 γὰρ,

188 1585 278 1638 καὶ
302 1586 403 1640 ὅσα
434 1587 531 1642 καὶ
562 1584 651 1642 οἷα
694 1588 1272 1669 ἡθέλησενοπαρήχθη.
1312 1590 1400 1655 Ὠς
1438 1586 1533 1646 οῦν
1554 1591 1769 1646 ἅπαντα

187 1676 417 1748 πρῶτον,
438 1678 693 1751 οὐρανὸς,
720 1679 812 1749 γῆ,
838 1678 1085 1733 θάλασσα
1118 1680 1214 1733 xci.
1238 1680 1307 1734 τὰ
1334 1682 1391 1736 ἐν
1425 1681 1607 1745 αὐτοῖς
1634 1681 1769 1734 ὐπο-

189 1770 381 1823 στάντα
407 1771 491 1833 εἰς
528 1770 627 1824 ἕνα
658 1771 863 1843 κόσμον
889 1772 1262 1843 συνεκέκριτο,
1296 1772 1545 1844 ἐζητεῖτο
1571 1773 1628 1826 δέ
1660 1769 1772 1827 οἷόν

184 1878 264 1924 τις
298 1862 504 1933 κόσμος
544 1861 824 1935 δεύτερος,
871 1864 972 1935 τῆς
1020 1880 1081 1917 τε
1119 1863 1325 1935 μητρὸς
1365 1864 1475 1918 τῶν
1514 1863 1771 1919 ἀπάντων

189 1952 375 2019 σοφίας
422 1953 778 2023 ἐπιστήμων,
823 1954 918 2007 καὶ
963 1953 1071 2007 τῶν
1112 1954 1325 2023 ὁρατῶν
1372 1953 1467 2018 καὶ
1513 1953 1772 2023 ἐπιγείων

189 2041 439 2095 ἁπάντων
474 2042 599 2097 κατ’
633 2043 819 2096 είκὸνα
842 2043 937 2097 τοῦ
965 2042 1186 2098 κτίστου
1217 2042 1767 2115 θεοειδὴςβασιλεύςο

185 2132 251 2185 δι’
276 2132 305 2185 ὃ
326 2132 477 2201 λέγει
504 2172 521 2197 ,
568 2151 586 2186 ι
634 2134 773 2205 Ἤδη
813 2135 913 2205 μὲν
944 2134 1197 2206 καθαροὶ,
1220 2153 1238 2186 ι
1293 2136 1387 2189 καὶ
1416 2134 1486 2188 τὰ
1516 2135 1644 2205 ἑξῆς
1666 2176 1680 2190 .
1706 2136 1771 2189 Ol

188 2224 285 2294 μὲν
308 2224 544 2295 καθαροὶ
572 2226 667 2279 καὶ
700 2225 959 2280 ἀθάνατοι
987 2225 1096 2279 τῶν
1125 2224 1347 2295 ἀγαθῶν
1376 2225 1625 2295 ἀγγέλων
1654 2225 1773 2280 διά-

187 2330 409 2383 κοσμοι,
452 2316 548 2369 τὸν
579 2316 829 2388 οὐράνιον
861 2316 1209 2387 διαλαχόντες
1243 2316 1453 2388 χῶρον,
1512 2316 1604 2388 τὴν
1634 2317 1774 2388 ἐμὴν

184 2404 337 2470 δόξαν
372 2405 666 2470 διαιωνίως
716 2406 1010 2477 μέλποντες
1049 2407 1337 2478 ὑμνοῦσιν·
1392 2409 1463 2478 γῆ
1512 2408 1572 2461 δέ
1621 2408 1718 2462 καὶ
1745 2409 1775 2462 ὁ

185 2496 511 2566 φαινόμενος
558 2498 679 2561 ὅλος
718 2498 901 2551 οὐτοσὶ
934 2499 1138 2567 κόσμος
1187 2500 1301 2561 τοῖς
1345 2498 1561 2566 ἀλόγοις
1606 2498 1773 2562 ζώοις

186 2585 276 2637 καὶ
302 2587 426 2649 ταῖς
448 2587 709 2654 φυσικαῖς
735 2586 924 2656 χάρισι
958 2585 1064 2639 τῶν
1090 2586 1303 2655 ὁρατῶν
1337 2586 1599 2657 ἡδόμενος
1632 2586 1771 2639 καθ-

185 2672 500 2743 ωραῖζεται,
542 2672 602 2739 ἐξ
636 2674 839 2744 ἀμφοῖν
872 2674 930 2727 δέ
958 2676 1073 2726 τοῖν
1107 2676 1307 2741 γενοῖν,
1344 2674 1631 2729 ἀθανάτων
1670 2692 1774 2745 φη-

189 2762 249 2831 μὶ
273 2765 367 2817 καὶ
394 2764 611 2833 θνητῶν
632 2803 648 2828 ,
703 2765 821 2835 ἦτοι
863 2763 1099 2834 λογικῶν
1143 2765 1239 2818 καὶ
1270 2764 1504 2833 ἀλόγων,
1539 2767 1775 2836 νοήμονα

194 2851 418 2923 μέτοχον
459 2855 670 2925 κόσμου
713 2854 807 2908 τοῦ
851 2855 1043 2926 νοητοῦ
1073 2856 1169 2908 καὶ
1201 2855 1463 2926 αίσθητοῦ
1494 2857 1658 2928 ἤρεσέ
1685 2875 1773 2927 μοι

191 2944 500 3013 συμπῆξάιο
533 2944 723 2999 τοῦτον
754 2945 812 2999 δέ
840 2940 978 2999 εἶναι
1000 2945 1287 3016 ἄνθρωπον
1312 2945 1476 3016 μέσον
1504 2946 1773 3017 οὐρανίων

193 3034 453 3103 μεγέθους
494 3035 591 3090 καὶ
631 3036 858 3106 χθονίων
888 3037 1309 3107 ταπεινότητος,
1355 3040 1422 3107 τῇ
1452 3037 1642 3108 ὁράσει
1673 3036 1774 3107 μέν

188 3125 297 3186 τοῖς
320 3126 562 3196 ὁρατοῖς,
584 3124 663 3196 τῷ
690 3124 772 3179 νοῒ
808 3125 866 3179 δὲ
894 3128 1005 3189 τοῖς
1034 3128 1243 3197 νοητοῖς
1267 3125 1648 3191 ἐπιϐάλλοντα,
1680 3125 1775 3178 καὶ

189 3215 306 3276 ταῖς
335 3216 555 3286 νοεραῖς
586 3214 843 3285 θεωρίαις
882 3215 1413 3286 μυσταγωγούμενον
1446 3215 1541 3269 καὶ
1576 3215 1775 3287 τερπόο

196 3317 366 3369 μενον,
388 3303 619 3372 ἀγγελον
653 3304 831 3369 ἀλλον,
862 3305 971 3359 ἀπὸ
987 3306 1092 3377 γῆς
1140 3307 1307 3378 ἤρεσε
1344 3304 1770 3372 κατασκευάσαι,

192 3390 297 3445 τῶν
321 3394 474 3464 ἐμῶν
512 3396 836 3468 ποιημάτων
878 3414 941 3451 τε
988 3397 1083 3451 καὶ
1126 3396 1510 3467 βουλευμάτων
1559 3392 1772 3467 μύστην

196 3481 286 3534 καὶ
314 3483 601 3557 δοξαστήν.

1882 930 1954 990 55
1983 927 2245 984 Mundam
2278 925 2406 983 olim
2468 924 2712 982 condidit
2739 938 2961 981 summa:
2997 924 3187 978 mentis
3230 921 3455 976 sublime

3048 991 3308 1057 herbam,
3339 999 3449 1048 etc.

1942 1139 1987 1194 A
2023 1133 2295 1207 principio
2316 1145 2627 1191 sermonem
2659 1130 2728 1187 de
2754 1129 2963 1196 anima,
3003 1128 3073 1183 ab
3098 1127 3260 1182 initio
3291 1141 3455 1196 gene-

1875 1226 2108 1283 rationis
2137 1223 2330 1279 mundi
2371 1222 2593 1281 divinus
2629 1227 2885 1292 repetens
2921 1232 3207 1274 sacrorum
3254 1217 3457 1272 revela-

1874 1324 1967 1373 tor
1998 1332 2015 1371 :
2045 1314 2175 1372 Erat
2196 1315 2251 1369 in
2274 1314 2567 1385 principio.
2589 1312 2791 1382 inquit,
2811 1316 3080 1367 eratcum
3120 1308 3453 1364 altissimum

1876 1409 2065 1479 prima
2107 1405 2485 1477 intelligentia
2536 1402 2775 1459 Verbum
2821 1400 2901 1455 ad
2932 1406 3221 1471 paternam
3261 1396 3454 1452 volun-

1876 1506 2042 1554 tatem
2087 1498 2408 1553 universum
2460 1494 2610 1549 hunc
2659 1490 2926 1547 mundum
2976 1489 3103 1545 fecit
3163 1488 3234 1544 de
3283 1484 3456 1540 nihilo

1876 1603 2235 1661 prorumpere
2262 1586 2321 1642 in
2345 1584 2764 1652 exsistentiam;
2807 1582 2950 1638 dixit
2988 1580 3216 1645 enim,et
3246 1582 3380 1649 quot
3403 1584 3457 1631 et

1875 1688 2080 1752 quanta
2142 1678 2314 1734 voluit
2377 1682 2774 1748 apparuerunt.
2877 1670 2980 1728 Ubi
3028 1669 3267 1741 primum
3324 1681 3457 1736 ergo

1873 1772 2081 1838 omnia,
2115 1769 2339 1836 cmlum,
2375 1775 2544 1843 terra,
2570 1780 2722 1822 mare
2754 1773 2809 1821 et
2838 1764 2892 1819 in
2922 1762 3010 1818 his
3037 1760 3361 1817 exsistentia
3400 1758 3455 1812 in

1876 1878 2046 1919 unum
2092 1860 2359 1917 mundum
2395 1858 2562 1914 simul
2600 1856 2779 1913 divisa
2821 1861 2975 1918 sunt,
3012 1851 3293 1923 quaerebat
3325 1864 3458 1933 quo-

1874 1952 2167 2009 dammodo
2194 1951 2320 2022 quis
2352 1949 2592 2005 mundus
2622 1948 2761 2003 alter
2787 1934 2843 2001 in
2877 1952 3053 1999 matre
3084 1940 3333 1997 omnium
3368 1954 3456 1995 sa-

1874 2044 2080 2115 pientia
2104 2044 2340 2115 peritus,
2364 2049 2422 2099 et
2454 2039 2757 2096 visibilium
2774 2045 2829 2093 et
2847 2034 3191 2092 terrestrium
3212 2032 3458 2087 omnium

1874 2148 1970 2188 rex
2002 2139 2151 2188 esset
2187 2131 2245 2185 in
2293 2127 2655 2185 similitudine
2690 2125 2785 2183 Dei
2809 2124 3123 2205 .exsistens,
3164 2122 3222 2177 in
3264 2120 3460 2175 simili-

1876 2224 2063 2281 tudine
2090 2222 2393 2279 Creatoris.
2440 2206 2569 2277 !deo
2610 2218 2789 2275 dicit:
2824 2237 2844 2270 ι
2897 2215 3131 2286 Jamjam
3176 2214 3297 2285 puri
3335 2232 3355 2267 ι
3403 2221 3460 2268 et

1876 2328 1993 2383 seq.
2029 2312 2096 2366 Et
2128 2310 2349 2382 quidem
2388 2309 2512 2380 puri
2556 2322 2623 2364 ac
2666 2306 3012 2363 immortales
3040 2304 3315 2361 bonorum
3363 2318 3461 2356 an-

1876 2403 2126 2475 gelorum
2162 2401 2317 2457 chori
2361 2400 2641 2455 caelestem
2683 2395 2868 2453 sortiti
2898 2394 3079 2449 locum
3123 2408 3299 2448 meam
3340 2392 3460 2462 glu—

1878 2494 2014 2548 riam
2034 2501 2351 2547 constanter
2373 2488 2762 2545 concelebrant
2788 2503 2802 2541 :
2826 2492 2974 2540 terra
3000 2499 3128 2539 vero
3148 2490 3204 2537 et
3230 2482 3463 2538 visibilis

1876 2582 2171 2638 universus
2206 2581 2360 2635 lticce
2379 2577 2619 2634 mundus
2655 2590 2873 2631 amoeno
2900 2574 2969 2630 de
3007 2572 3323 2643 spectaculo
3345 2570 3465 2626 ani-

1876 2673 2146 2729 mantium
2198 2667 2655 2726 irrationabilium
2696 2672 2751 2721 et
2790 2671 3145 2721 venustatum
3203 2664 3461 2733 physica-

1878 2779 1999 2818 rum
2040 2762 2243 2834 gaudet
2282 2768 2337 2816 et
2371 2759 2640 2830 superbit.
2681 2756 2760 2812 Ex
2787 2756 3007 2812 duobus
3035 2764 3216 2810 autem
3244 2753 3459 2824 generi-

1876 2855 2002 2919 bus,
2029 2850 2417 2907 immortalium
2461 2850 2673 2906 scilicet
2702 2856 2758 2906 et
2794 2846 3135 2913 mortalium,
3168 2845 3462 2899 irrationa-

1876 2940 2071 2995 bilium
2120 2945 2177 2992 et
2245 2936 2689 2999 rationabilium,
2748 2934 3075 3004 prudentem
3135 2930 3458 3002 participem

1878 3025 2069 3082 mundi
2100 3026 2218 3080 sive
2254 3022 2559 3095 spiritualis
2591 3023 2708 3080 sive
2749 3022 3010 3078 sensibus
3043 3019 3328 3091 corporeis
3365 3018 3462 3073 ob-

1880 3117 2033 3174 noxii
2054 3116 2259 3187 tingere
2286 3115 2416 3169 mihi
2442 3116 2619 3186 placet
2647 3132 2659 3168 :
2686 3112 2904 3169 scilicet
2923 3112 3201 3167 hominem
3225 3110 3465 3165 medium

1880 3207 2344 3279 magniﬁcentiam
2375 3206 2519 3262 inter
2549 3205 2857 3262 ctelestium
2896 3212 2949 3259 et
2986 3202 3333 3260 terrestrium
3372 3201 3467 3256 ah-

1873 3298 2192 3369 jectionem,
2244 3297 2398 3353 vultu
2436 3295 2659 3367 quidem
2704 3294 3038 3358 visibilibus,
3098 3294 3293 3363 spiritu
3342 3306 3470 3347 vero

1879 3388 2259 3461 spiritualibus
2287 3387 2636 3458 adjunctum,
2667 3387 2848 3457 ipsum
2879 3397 3099 3455 quoque
3127 3384 3469 3439 intellectua-

1880 3484 2024 3539 libus
2048 3481 2605 3553 contemplationihus
2629 3480 2907 3536 initiatum
2930 3488 2984 3537 et
3007 3479 3468 3551 complacentem,

195 3575 439 3643 angelum
484 3576 719 3632 alterum
748 3576 844 3649 qui
888 3590 1056 3647 super
1093 3582 1299 3632 terram
1328 3576 1589 3649 gaudium
1626 3569 1926 3632 arbitretur
1957 3572 2071 3628 lleri
2112 3586 2339 3643 operum
2368 3572 2825 3642 voluntatumque
2845 3560 3092 3628 mearum
3109 3568 3456 3627 sacerdotem

196 3676 252 3723 et
279 3666 711 3722 celebratorem.

200 3823 265 3879 70
301 3826 403 3891 Ὧς
433 3822 527 3894 ἄρ’
561 3823 700 3894 ἔφη,
737 3824 859 3879 κτλ.

262 3976 448 4033 Ταῦτα
479 3976 582 4047 μὲν
611 3977 641 4030 ὁ
689 3976 1021 4047 δημιουργὸς
1049 3976 1248 4045 Λόγος,
1282 3977 1343 4030 οὺ
1378 3975 1558 4043 λόγοις
1584 3991 1775 4029 ταπει-

197 4068 300 4130 νοῖς
327 4067 503 4130 οὕτως
549 4066 654 4136 ἔφη
698 4066 791 4119 καὶ
840 4069 1147 4137 μεριστοῖς,
1193 4067 1429 4137 νοήμασι
1467 4066 1524 4120 δὲ
1554 4064 1776 4129 ἐνιαίοις

203 4158 288 4210 καὶ
315 4157 700 4230 θεοπρεπέσιν,
723 4156 858 4229 ὁμοῦ
887 4174 947 4211 τε
982 4156 1135 4211 ταῦθ’
1168 4157 1309 4212 οὓτω
1335 4157 1470 4228 δρᾷν
1501 4156 1774 4227 ἐνενόησε,

200 4251 288 4303 καὶ
321 4251 485 4322 ἔργον
528 4248 776 4321 παρέστη
817 4250 879 4301 τὸ
917 4250 1183 4320 ἐννόημα·
1250 4250 1343 4303 καὶ
1376 4247 1526 4320 παρά
1554 4248 1652 4319 μὲν
1677 4248 1778 4317 τῆς

200 4342 385 4395 νεωστὶ
409 4340 713 4412 γενομένης
754 4340 888 4410 ὕλης
918 4342 1030 4404 τοῖς
1059 4339 1349 4403 ἀθανάτοις
1388 4338 1554 4392 αὐτοῦ
1581 4338 1778 4392 δακτύ-

199 4430 302 4496 λοις
341 4431 537 4505 μερίδα
570 4431 728 4502 χοὸς,
778 4430 855 4493 ὡς
882 4428 1046 4492 αὐτὸς
1078 4424 1242 4495 οἶδεν,
1286 4428 1625 4499 ἀνειληφὼς,
1678 4430 1780 4500 τὴν

201 4516 331 4588 ἐμὴν
356 4516 687 4570 διεπλάσατο
716 4515 949 4586 μορφὴν,
972 4516 1031 4568 ἐν
1054 4515 1192 4587 αὐτῇ
1218 4515 1275 4569 δὲ
1299 4518 1493 4587 μοῖραν
1518 4517 1618 4587 τῆς
1644 4517 1779 4582 ίδίας

200 4607 521 4680 ἀπορρήτως
574 4605 799 4677 ἐνέθηκε
853 4606 1002 4675 ζωῆς
1047 4606 1237 4676 (τοῦτο
1274 4606 1384 4680 γάρ
1433 4608 1528 4675 τδ,
1567 4609 1778 4679 μοιρή-

200 4704 371 4769 σατο)
398 4716 411 4730 ·
461 4698 756 4752 ἐνέπνευσε
783 4698 892 4767 γὰρ
927 4697 1176 4769 πνεῦμα,
1213 4698 1242 4751 ὃ
1270 4699 1333 4771 δὴ
1384 4700 1656 4772 ἀττόρροιά
1690 4702 1774 4765 τίς

202 4787 310 4841 ἐστι
336 4790 432 4860 τῆς
461 4788 757 4859 ἀσωμάτου
785 4789 1039 4859 θεότητος
1071 4789 1163 4842 καὶ
1190 4789 1444 4845 ἀθεάτου.
1470 4792 1574 4844 Ἕκ
1597 4808 1655 4843 τε
1681 4786 1774 4845 οὖν

203 4877 289 4930 τοῦ
309 4878 430 4949 χοὸς
451 4880 555 4949 τῆς
578 4879 778 4948 σαρκὸς
800 4880 923 4949 ἐμοὶ
946 4880 1431 4951 σχηματισθείσης,
1455 4881 1665 4951 καὶτῆς
1680 4880 1776 4952 ψυ-

205 4968 296 5038 χῆς
315 4968 373 5022 δέ
412 4987 507 5040 μοι
533 4968 620 5023 διὰ
643 4970 742 5041 τῆς
770 4970 1211 5043 παντοκράτορος
1244 4972 1558 5043 κτισθείσης
1582 4973 1771 5041 πνοῆς,

202 5058 274 5121 είς
301 5061 608 5132 ἀνθρωπον,
646 5062 800 5130 φησὶ,
834 5060 932 5113 ἒνα
959 5061 1295 5131 συνεπάγην,
1328 5062 1492 5117 εἰκὼν
1515 5062 1610 5116 τοῦ
1641 5062 1775 5118 ἀθα-

204 5149 352 5203 νάτου
378 5150 672 5221 γενόμενος
684 5151 841 5216 Θεοῦ,
858 5152 937 5222 τῷ
964 5151 1294 5223 αὐτεξουσίῳ
1321 5152 1396 5223 νῷ
1413 5149 1506 5207 καί
1525 5154 1738 5226 ἀρχικῷ
1756 5171 1769 5184 ”

202 5238 401 5305 τούτοις
442 5241 556 5312 γὰρ
588 5243 621 5309 ἠ
661 5241 797 5312 πρὸς
828 5242 919 5295 τὸν
967 5242 1219 5313 Πλάστην
1266 5244 1521 5315 ὁμοίωσις
1554 5246 1771 5315 ὁρᾶται,

206 5331 293 5385 καὶ
322 5333 351 5385 ὁ
378 5335 436 5387 ἐν
467 5332 743 5404 ἀνθρώπῳ
764 5332 890 5396 νοῦς
918 5334 1243 5405 ἀμφοτέρων
1274 5336 1373 5404 τῆς
1395 5353 1455 5388 τε
1480 5336 1658 5407 ψυχῆς
1685 5337 1775 5407 βα-

207 5422 394 5478 σιλεύει
420 5425 519 5480 καὶ
550 5424 644 5479 τοῦ
674 5423 947 5497 σώματος,
993 5426 1060 5478 δι’
1091 5426 1121 5478 δ
1164 5425 1259 5480 καὶ
1284 5428 1642 5499 αὐτοκράτωρ
1666 5430 1775 5483 τῶν

208 5514 261 5567 ἐν
283 5517 406 5586 ἡμῖν
428 5516 791 5586 ἀνηγόρευται
816 5516 1002 5571 παθῶν
1020 5533 1033 5547 ⁸
1062 5517 1311 5571 ἐντεῦθεν
1335 5518 1429 5572 καὶ⁸
1452 5519 1587 5589 πρὸς
1610 5520 1776 5590 ἄμφω

210 5607 323 5669 τοὺς
336 5607 481 5676 βίους
502 5608 686 5679 γήϊνον
702 5609 796 5661 καὶ
813 5609 1064 5679 οὐράνιον
1084 5609 1329 5679 φυσικῶς
1348 5610 1665 5681 ἐπιρρέπειν
1685 5628 1774 5680 μοι

212 5692 359 5761 sine,
378 5699 466 5753 τὸν
483 5698 584 5769 μὲν
603 5697 691 5750 διὰ
714 5698 775 5750 τὸ
806 5698 980 5767 σῶμα,
998 5699 1091 5752 τὸν
1111 5700 1166 5753 δὲ
1186 5700 1274 5754 διὰ
1301 5700 1363 5753 τὺ
1379 5699 1594 5770 πνεῦμα
1618 5701 1773 5773 στέρ-

212 5803 333 5859 γων,
364 5793 452 5847 καὶ
473 5782 613 5867 πρὸς
649 5792 887 5866 ἑκάτερα
919 5797 1037 5860 ταῖς
1067 5794 1379 5868 ἐπιθυμίαις
1411 5795 1776 5869 διελκόμενος.

1886 3843 1953 3899 70
1984 3842 2075 3899 Sic
2098 3841 2257 3911 dixit,
2290 3853 2399 3899 etc.

1951 3975 2078 4031 Haec
2098 3975 2238 4031 dixit
2270 3976 2459 4033 mundi
2491 3975 2792 4033 fabricator
2825 3974 3065 4031 Verbum
3096 3988 3208 4027 non
3242 3972 3470 4028 vocibus

1882 4067 2084 4123 vilibus
2124 4074 2180 4121 et
2220 4066 2445 4133 divisis,
2509 4068 2606 4125 sed
2645 4067 2981 4137 cogitatione
3043 4066 3204 4119 unica
3250 4064 3471 4135 Dcoque

1882 4156 2254 4227 digna,simul
2284 4164 2451 4225 atque
2480 4156 2561 4211 sic
2594 4156 2777 4211 facere
2806 4155 3087 4227 cogitavit,
3122 4165 3176 4209 et
3213 4169 3352 4225 opus
3378 4169 3471 4210 co-

1882 4247 2052 4318 gitata
2093 4246 2483 4314 manifestavit,
2505 4255 2561 4302 et
2597 4246 2665 4301 de
2700 4261 2891 4302 recens
2921 4246 3065 4300 facta
3109 4246 3338 4300 materia
3370 4244 3471 4298 im-

1886 4338 2211 4394 mortalibus
2247 4338 2453 4409 digitis,
2498 4346 2713 4408 partem
2741 4347 2925 4402 terrae,
2962 4336 3103 4393 sicut
3135 4337 3254 4407 ipse
3294 4338 3466 4403 novit,

1886 4443 2133 4495 sumens,
2166 4442 2342 4482 meam
2368 4427 2662 4496 plasmavit
2698 4427 2932 4483 formam
2955 4427 3011 4481 in
3034 4441 3208 4497 eaque
3235 4416 3493 4498 proprize'

1885 4521 2010 4575 vitae
2062 4525 2274 4589 partem
2324 4531 2527 4574 arcane
2581 4517 2800 4588 posuit;
2846 4517 2952 4572 hoc
2992 4518 3141 4572 enim
3183 4535 3197 4571 :
3236 4520 3469 4587 partitus

1889 4618 1999 4674 est;
2032 4624 2272 4680 namque
2292 4609 2584 4680 inspiravit
2611 4608 2887 4679 spiritum,
2917 4608 3013 4679 qui
3040 4608 3173 4663 inde
3198 4609 3471 4664 emanatio

1879 4700 2126 4769 quzedam
2156 4709 2240 4756 est
2266 4700 2606 4771 incorporea:
2654 4700 3059 4770 invisibilisque
3107 4698 3352 4755 deitatis.
3392 4698 3469 4755 De

1880 4799 2029 4845 terra
2072 4806 2203 4862 ergo
2250 4806 2419 4847 carne
2459 4806 2580 4847 mea
2627 4790 2803 4845 eﬂicta
2856 4798 2912 4846 et
2970 4791 3154 4845 anima
3194 4790 3327 4845 mihi
3372 4805 3470 4860 per

1880 4882 2315 4951 omnipotentem
2353 4882 2612 4951 spiritum
2634 4880 2953 4945 constituta,
2976 4881 3141 4936 homo
3179 4896 3342 4945 unus,
3384 4879 3470 4933 in-

1880 4972 2019 5043 quit,
2061 4974 2402 5042 compositus
2423 4988 2547 5029 sum
2582 5013 2599 5040 ,
2644 4973 2826 5044 imago
2878 4971 3209 5027 immortalis
3249 4970 3347 5026 Dei
3387 4970 3468 5025 la-

1880 5068 2025 5128 ctus,
2059 5060 2234 5116 libera
2253 5068 2307 5117 et
2352 5060 2716 5118 dominatrice
2761 5061 3142 5132 intelligentia.
3167 5059 3291 5115 Istis
3320 5058 3469 5115 enim

1883 5154 2188 5210 similitudo
2213 5169 2339 5209 cum
2358 5154 2621 5211 Creatore
2637 5153 2979 5224 conspicitur
2996 5151 3144 5223 quod
3170 5155 3227 5206 in
3246 5150 3470 5205 homine

1880 5244 2236 5315 intelligentia
2266 5246 2324 5301 in
2342 5244 2533 5300 ain-bos
2553 5251 2763 5316 regnet,
2785 5258 2980 5314 nempe
3004 5243 3243 5298 animam
3266 5250 3320 5297 et
3341 5256 3467 5297 eor-

1882 5351 1986 5407 pus
2013 5355 2026 5391 :
2050 5336 2236 5406 itaque
2257 5337 2325 5392 de
2355 5337 2533 5406 seipsa
2565 5335 2860 5391 dominans
2896 5336 3197 5390 innostros
3233 5332 3466 5388 affectus

1883 5428 2257 5484 denuntiatur.
2277 5426 2409 5484 Inde
2430 5426 2500 5481 ad
2524 5435 2817 5496 utramque
2835 5425 3004 5479 vitam
3030 5438 3193 5495 quam
3230 5424 3460 5479 sortitus

1883 5534 2029 5585 sum,
2086 5524 2404 5573 terrestrem
2438 5523 2493 5571 et
2526 5517 2806 5572 cmlestem
2842 5531 3051 5585 pronus
3079 5514 3211 5569 mihi
3244 5514 3451 5579 videor,

1883 5624 2030 5664 nunc
2081 5609 2354 5679 corporis,
2396 5622 2543 5662 nunc
2575 5607 2805 5678 spiritus
2840 5608 3005 5664 vitam
3050 5606 3238 5663 fovens
3279 5614 3333 5663 et
3391 5607 3464 5662 ad

1881 5703 2197 5759 alterutram
2226 5702 2500 5773 voluptate
2526 5707 2753 5757 tractus.
