4010 6298
208 380 307 439 σω

205 506 419 573 σθένεος
446 507 544 561 καὶ
570 506 694 559 νέου
711 505 879 575 Ἀδὰμ
904 520 1099 575 γεγενη
1110 488 1294 574 μένου,
1324 507 1352 558 ὁ
1377 506 1603 569 παλαιὸς
1618 506 1791 576 Ἀδὰμ

200 596 299 653 διὰ
326 598 560 661 πίστεως
588 598 711 651 ὅλον
736 596 797 648 τὸ
828 597 1013 665 γήϊνον
1039 595 1299 665 ἀμείψας,
1322 597 1414 647 καὶ
1441 594 1521 665 τῷ
1554 596 1794 666 οὐρανίῳ
1836 618 1839 619 ν

150 712 151 715 η
198 688 327 758 Θεῷ
361 686 809 757 προσκολληθεὶς,
836 684 969 748 Θεὸς
991 684 1140 754 αὐτῷ
1180 685 1489 739 συνοδεύει-εί
1520 686 1658 756 πρὸς
1700 685 1793 738 τὸν

198 778 449 851 οὖρανόν.
488 778 711 847 Ταύτην
757 776 961 847 μεταξὺ
995 775 1088 828 τοῦ
1142 776 1302 843 λόγου
1353 778 1452 847 τὴν
1487 778 1667 831 αἰτίαν
1694 778 1795 847 τῆς

200 867 457 932 πλάσεως
504 868 938 937 ὑπαινιξάμενος
982 867 1212 935 ἐπάγει·
1266 886 1284 917 ι
1318 868 1454 921 Οὔτε
1501 886 1627 938 μιν,
1679 868 1793 921 οὒτ’

200 960 440 1031 ἀνέηκεν
483 958 790 1029 ἐλεύθερον,
817 976 835 1010 ι
875 958 1174 1029 καὶ,ὲξῆς·
1227 958 1255 1011 δ
1311 958 1368 1012 δὲ
1400 958 1588 1028 λέγει,
1638 958 1794 1012 τοῦτό

203 1054 362 1104 ἐστιν
396 1067 411 1082 ·
464 1049 551 1110 Ὧς
578 1048 705 1102 οὔτε
738 1048 1084 1102 παντάπασιν
1116 1047 1404 1119 ἐλεύθερον
1450 1050 1665 1120 ἀφῆκεν
1701 1049 1794 1103 τὸν

199 1140 493 1210 ἄνθρωπον
525 1139 620 1192 καὶ
654 1138 1049 1192 αὑτοδέσποτον
1092 1137 1233 1207 (πῶς
1279 1138 1390 1209 γὰρ
1418 1139 1511 1191 καὶ
1544 1136 1625 1211 ῆν
1644 1138 1793 1203 ἄξιον

198 1226 310 1293 ἔξω
337 1229 436 1296 τῆς
483 1225 925 1296 παντοκράτορος
970 1224 1182 1278 κεῖσθαι
1224 1225 1631 1295 δεσποτείας;),
1666 1226 1792 1280 οὔτε

195 1317 259 1373 δὲ
282 1317 558 1380 παντελῶς
583 1316 772 1371 τοῦτον
796 1313 996 1388 τρόπον
1018 1316 1229 1387 ἀλόγων
1253 1318 1504 1390 ἀνάγκης
1528 1318 1793 1384 ὑπέζευξε

199 1408 391 1479 ζυγοῖς
411 1426 427 1441 ο
460 1409 553 1462 τὸν
584 1409 817 1479 φυσικὸν
841 1408 897 1461 δὲ
924 1408 1089 1479 νόμον
1109 1412 1207 1463 xa‘t
1232 1410 1455 1479 ἀγαθὰς
1471 1411 1689 1474 ’ἐννοίας
1722 1415 1788 1483 τῇ

200 1498 371 1552 αὑτοῦ
421 1499 622 1570 καρδία
663 1499 1117 1569 ὲγγραψάμενος,
1177 1501 1237 1554 ὲν
1284 1502 1399 1564 τοῖς
1445 1501 1791 1571 μεσαιτάτοις

196 1588 296 1641 τοῦ
322 1587 610 1651 ἀειθαλοῦς
654 1588 986 1663 παραδείσου
1021 1590 1431 1660 ἀμφιτάλαντον
1460 1590 1651 1661 τίθησι
1682 1608 1789 1660 χω-

198 1674 374 1744 ρίοις,
403 1674 500 1728 καὶ
528 1677 859 1748 ἀμφιρρεπῆ
916 1676 1016 1748 μὲν
1051 1678 1127 1741 ὡς
1152 1679 1507 1749 αὐτοκίνητον
1534 1679 1629 1732 καὶ
1658 1680 1791 1732 αὐτ-

195 1762 461 1832 εξούσιον,
479 1767 686 1836 γυμνὸν
715 1767 774 1821 δὲ
798 1768 874 1831 ὼς
894 1768 1103 1823 ἁπλοῦν
1128 1770 1223 1822 καὶ
1247 1770 1540 1841 ἀπόνηρον,
1568 1770 1790 1841 διπλόης

195 1872 258 1909 τε
290 1857 471 1928 πάσης
501 1857 787 1930 ἐλεύθερον
818 1860 912 1940 καὶ
952 1861 1297 1931 ὑποκρίσεως
1318 1876 1333 1890 ⁸
1372 1863 1467 1914 καὶ
1505 1863 1612 1933 γὰρ
1641 1860 1791 1932 Epor-

193 1963 262 2016 γε
292 1951 456 2019 κριτῇ
506 1951 539 2019 ή
581 1942 946 2019 θεόφθεγκτος
976 1951 1293 2023 ἀπεφήνατο
1330 1954 1481 2024 φωνή
1502 1968 1517 1983 ·
1550 1954 1579 2006 ὁ
1609 1952 1790 2023 παρὰ·

192 2034 376 2099 δεισος
419 2028 576 2100 οὗτος
627 2037 856 2108 οὐρανία
907 2040 1237 2110 χρηματίζει
1293 2041 1630 2105 κατάστασις
1697 2042 1792 2094 καὶ

192 2120 380 2176 δίαιτα
409 2124 578 2193 ἁγίων
616 2126 774 2190 νοῶν,
803 2121 888 2181 οὗ·
918 2127 982 2198 δὴ
1018 2129 1111 2181 τὸν
1136 2128 1427 2200 ἄνθρωπον
1453 2132 1512 2184 ὲν
1545 2132 1741 2202 ἀρχαῖς
1762 2132 1791 2184 ὁ

194 2214 682 2287 πλάσας,γεωργδν
709 2218 928 2273 ἐννοιῶν
951 2218 1114 2273 θείων
1146 2221 1240 2274 καὶ
1264 2222 1439 2289 λόγων
1460 2220 1791 2293 δραστήριον

196 2303 459 2376 ἐθήκατο.
776 2304 779 2307 λ

202 2414 300 2471 107
339 2417 483 2471 Οἴου
517 2436 627 2487 μιν
650 2418 904 2491 ἀπέεργε
936 2422 1325 2491 τελειοτέροιο
1353 2422 1727 2493 φυτοῖο,κτλ.

275 2505 426 2569 Ἐνδς
458 2507 629 2575 φυτοῦ
667 2510 827 2579 μόνου
871 2512 970 2582 τὴν
1020 2512 1210 2579 γεῦσιν
1257 2512 1534 2567 ἐκώλυσεν
1577 2517 1606 2567 ὁ
1639 2512 1788 2567 Πλα-

194 2593 481 2663 στουργός.
519 2595 582 2647 Εἰ
615 2597 712 2665 μέν
740 2614 792 2649 τι
827 2599 921 2651 καὶ
951 2599 1106 2662 ξύλου
1143 2596 1281 2663 εἶδός
1310 2617 1362 2653 τι
1388 2597 1457 2670 ῆν
1484 2602 1603 2653 ἐκεῖ
1628 2599 1689 2652 τὸ
1712 2584 1791 2672 τῷ

193 2682 607 2754 πρωτοπλάστῳ
630 2685 1103 2757 ἀπηγορευμένον,
1148 2691 1263 2752 τοῖς
1289 2688 1537 2742 εἰποῦσιν
1561 2690 1623 2743 οὐ
1658 2678 1789 2742 διοί-

194 2790 404 2844 σομαιο
471 2773 703 2847 θεωρίας
760 2777 816 2830 δὲ
864 2778 1167 2850 μετάληψιν
1210 2777 1521 2850 κρείττονος
1563 2780 1597 2846 ἢ
1647 2780 1791 2833 κατᾶ

192 2866 300 2936 τὴν
331 2865 443 2930 ἕξιν
487 2866 658 2937 Ἀδὰμ
694 2868 754 2921 τὸ
798 2869 962 2937 φυτὸν
993 2870 1171 2923 ἐκεῖνο
1204 2873 1345 2924 νοεῖν
1374 2872 1465 2924 καὶ
1496 2872 1638 2924 πάνυ
1666 2888 1813 2924 συν--

196 2958 436 3026 θήσομαι
467 2954 898 3031 τῷδιδασκάλῳ.
948 2960 1099 3031 Αῦτη
1132 2960 1261 3031 γάρ,
1296 2963 1453 3033 φησι,
1483 2962 1699 3016 τελείαν
1731 2964 1789 3014 ὲν

194 3047 369 3116 ἑαυτῇ
400 3046 676 3116 διάκρισιν
703 3042 798 3100 τοῦ
844 3047 1052 3119 ἀγαθοῦ
1097 3065 1156 3101 τε
1185 3049 1298 3119 ἔχει
1334 3050 1430 3103 καὶ
1462 3049 1555 3102 τοῦ
1591 3049 1787 3117 κακοῦ,

195 3136 341 3190 κατὰ
364 3136 454 3189 τὸν
496 3137 666 3208 αὐτῆς
711 3137 1240 3209 μεταλαμϐανομένη
1268 3139 1460 3209 καιρόν
1484 3157 1499 3172 ·
1552 3139 1619 3192 δι’
1658 3138 1688 3193 ὃ
1726 3140 1787 3193 οὐ

194 3231 313 3288 τοῖς
340 3228 479 3299 πρὸς
509 3230 643 3282 Θεὸν
671 3229 876 3283 ὁδεύειν
916 3231 1272 3300 ἀρχομένοις,
1302 3232 1420 3303 ῆτοι
1448 3231 1666 3300 νηπίοις
1693 3231 1788 3285 καὶ

194 3316 446 3375 ἀτελέσιν
478 3321 538 3371 ὲν
576 3318 819 3389 Χριστῷ,
841 3320 1144 3392 λυσιτελὴς,
1172 3320 1307 3374 ἀλλὰ
1328 3323 1438 3384 τοῖς
1464 3323 1561 3391 τὴν
1593 3322 1788 3391 νοερὰν

196 3409 597 3478 προκεκοιρὸσιν
632 3408 870 3478 ἡλικίαν,
910 3410 1005 3463 καὶ
1041 3412 1122 3473 είς
1168 3411 1367 3481 μέτρον
1408 3412 1788 3483 πνευματικῆς

194 3500 519 3561 ἀναϐάσεως
546 3498 604 3563 ἐν
633 3498 837 3571 θεωρίᾳ
877 3499 972 3552 καὶ
1005 3497 1204 3570 πράξει
1247 3498 1484 3571 Χριστοῦ
1516 3518 1789 3573 κατηντη-

196 3590 375 3651 κόσιν,
409 3589 661 3642 τοσοῦτον
702 3589 1009 3660 βαρύνουσα
1036 3590 1160 3653 τοὺς
1193 3591 1425 3656 ἀτελεῖς,
1464 3594 1587 3647 ὅσον
1614 3594 1710 3646 καὶ
1754 3594 1788 3663 ή

197 3682 402 3754 στερεά
435 3682 611 3752 τροφὴ
654 3684 787 3763 τοὺς,
838 3682 1105 3751 γάλακτος
1157 3682 1237 3736 ἔτι
1280 3683 1584 3754 δεομένους.
1647 3687 1789 3740 Ἀλλ’

200 3771 389 3840 ἐπειδὴ
416 3770 511 3823 τοῦ
543 3770 803 3842 φθονεροῦ
838 3772 1093 3841 δαίμονος
1126 3772 1449 3836 ἐπιϐουλαῖς
1481 3774 1574 3826 καὶ
1603 3778 1792 3842 γυναι-

197 3863 296 3925 κὸς
325 3861 715 3932 παραινέσεσιν
739 3863 1015 3933 ἡττηθεὶς,
1043 3863 1141 3929 τῆς
1167 3864 1545 3936 ἁπειρημένης
1578 3866 1790 3937 ἐκείνης

197 3951 445 4022 γεύσεως
492 3952 601 4023 πρὸ
639 3952 789 4023 ὥρας
836 3956 931 4007 καὶ
962 3955 1114 4024 παρά
1146 3952 1245 4024 τὴν
1274 3954 1494 4026 ἐντολὴν
1533 3954 1787 4024 μετέσχε,

197 4044 325 4106 τοὺς
355 4042 709 4113 δερματίνους
739 4043 838 4114 μὲν
870 4042 1125 4114 χιτῶνας,
1159 4046 1281 4114 ἦτοι
1305 4045 1405 4113 τὴν
1437 4045 1664 4115 βαρεῖαν
1694 4046 1791 4099 καὶ

199 4118 405 4205 θνητὴν
454 4133 655 4206 σάρκα,
702 4134 823 4187 ἀντὶ
859 4135 954 4188 τοῦ
979 4135 1421 4205 ,διαφανέστατον
1470 4136 1563 4190 καὶ
1601 4136 1793 4189 λεπτο-

200 4227 369 4282 τάτου
405 4224 656 4297 σώματος
679 4227 1011 4297 νεκροφόρος
1045 4222 1375 4298 ἁμφιὰσατο
1396 4226 1654 4297 γεγονώς.
1699 4226 1789 4297 Τῷ

199 4318 395 4389 θνητὸν
416 4317 475 4371 δὲ
502 4317 690 4371 τοῦτον
730 4300 1005 4386 γενέσθαι,
1040 4318 1396 4371 διακέκοπται
1427 4320 1525 4389 μὲν
1551 4319 1583 4388 ἡ
1606 4319 1791 4389 ἁμαρ-

197 4408 293 4462 τία
318 4406 395 4477 τῷ
421 4407 660 4477 θανάτῳ,
681 4408 757 4472 ὠς
778 4408 851 4479 μὴ
871 4408 1198 4473 διαιωνίξειν
1214 4409 1274 4460 τὸ
1306 4409 1496 4475 κακον,
1522 4408 1791 4463 καὶτοῦτο

198 4496 259 4553 δὲ
289 4498 449 4567 ἔργον
478 4499 812 4567 ἁγαθὸτητος
842 4499 975 4553 Θεοῦ
993 4515 1005 4528 ·
1037 4499 1200 4557 αὐτὸς
1229 4500 1288 4553 δὲ

210 4611 308 4667 H7
356 4606 543 4665 Ἦλθε
596 4610 716 4681 μὲν
773 4611 1000 4677 ἄλσεος
1047 4610 1221 4681 ἐκτὸς
1275 4610 1374 4664 ἐπὶ
1412 4612 1623 4681 κράναν
1666 4610 1788 4681 ,τῆς

1199 4678 1420 4752 [γένος
1436 4678 1570 4751 ἦεν.
1597 4679 1715 4734 κτλ.

275 4790 448 4843 Τοῦτο
482 4792 580 4862 τῆς
606 4790 920 4863 παραϐολῆς
942 4792 1004 4845 τὸ
1033 4786 1245 4863 κέρδος,
1279 4792 1376 4847 καὶ
1411 4791 1615 4862 ταύτην
1644 4793 1673 4844 ὁ
1698 4791 1791 4845 ἄν·

204 4881 425 4955 θρωπος
466 4882 718 4935 ἀπώνατο
752 4883 853 4953 τῆς
904 4883 1269 4953 παραϐάσεως
1315 4883 1644 4954 ἀντάμειψιν
1670 4923 1685 4949 ,
1731 4885 1793 4938 τὸ

206 4977 313 5042 ἔξω
333 4976 519 5028 πεσεῖν
533 4974 625 5027 τοῦ
648 4975 1001 5043 παραδείσου,
1019 4976 1115 5029 καὶ
1142 4977 1223 5038 είς
1242 4977 1365 5046 γῆν,
1387 4976 1445 5043 ἐξ
1462 4970 1530 5047 ἧς
1556 4976 1789 5049 ἐλήφθη,

214 5067 537 5137 ατραςρῆναι,
559 5069 652 5121 καλ.
673 5068 817 5139 ζωὴν
845 5067 1118 5121 ἐπώδυνον
1143 5069 1235 5120 καί
1262 5067 1603 5140 πολύμοχθον
1623 5084 1791 5122 κατα-

154 5174 178 5207 9
208 5158 462 5231 κριθῆναι
485 5173 501 5191 ·
529 5158 607 5228 τῷ
637 5158 867 5229 ἑριτίμῳ
892 5159 949 5212 δὲ
980 5160 1082 5229 τῆς
1112 5158 1256 5231 ζωῆς
1282 5158 1423 5228 ξύλῳ
1446 5159 1526 5230 τῷ
1556 5161 1614 5213 ἐν
1638 5159 1791 5231 μέσῳ

204 5249 303 5304 τοῦ
337 5248 666 5320 παραδείσου
694 5248 987 5319 νοουμένῳ,
1039 5251 1067 5302 ὃ
1108 5252 1173 5320 δὴ
1212 5251 1374 5321 τυχὸν
1421 5252 1455 5321 ἠ
1486 5252 1785 5322 ἀκραιφνε·

208 5342 385 5410 στάτη
420 5339 553 5392 Θεοῦ
584 5338 789 5411 θεωρία
816 5340 912 5392 καὶ
965 5340 1241 5412 ἀκροτάτη
1288 5342 1383 5394 τοῦ
1410 5341 1795 5413 ἁκαταλήπτου

206 5431 592 5502 γδώςίςηὲστι,
635 5430 810 5499 τούτῳ
850 5431 914 5500 δὴ
940 5430 1017 5500 τῷ
1052 5431 1201 5503 φυτῷ
1247 5432 1337 5486 ’τὸν
1366 5431 1587 5503 πύρινον
1625 5432 1792 5486 αὐτοῦ

207 5524 396 5594 ζῆλον,
419 5523 478 5576 ὂν
499 5523 597 5577 καὶ
622 5522 881 5591 φλογίνην
913 5524 1183 5592 ῥομφαίαν
1210 5526 1242 5597 ἡ
1279 5524 1399 5577 θεία
1426 5523 1573 5600 λέγει
1600 5522 1789 5595 Γραφὴ

205 5616 304 5671 καὶ
328 5614 644 5685 Χερουϐεὶμ
668 5612 780 5681 (10)
809 5615 1188 5685 κατονομάζει,
1210 5615 1502 5688 ἁγγελικὰς
1532 5614 1789 5685 δυνάμεις

276 5795 392 5865 (f0)
416 5791 760 5861 Χερουϐεῑμ.
805 5787 896 5845 Sic
927 5790 1112 5847 codex.

1137 381 1203 438 ΙΝ
1242 383 1553 441 CARMINA
1596 385 1874 443 ARCANA
1918 386 1975 440 S.
2017 383 2376 447 GREGORII.

1868 538 1869 541 η
1896 506 1950 560 tit
1980 522 2156 561 novus
2189 506 2399 571 Adam;
2450 489 2579 558 hinc
2608 512 2765 560 vetus
2791 504 2961 558 Adam
2992 518 3091 574 per
3126 499 3286 557 tidem
3320 517 3486 560 omne

3383 382 3489 440 638

1899 606 2177 649 terrenum
2222 597 2476 649 immutat
2524 602 2578 652 et
2618 594 2762 649 Deus
2812 595 3184 665 agglutinatus
3227 593 3339 649 Deo
3370 609 3487 648 cm-

1897 688 2040 750 Icsti,
2087 701 2213 740 cum
2259 688 2379 754 ipso
2428 699 2661 754 pergens
2707 686 2811 739 iter
2856 686 3119 740 ascendet
3167 686 3221 739 in
3256 686 3481 740 coelum.

1896 777 2049 832 lianc
2092 778 2149 832 in
2200 776 2486 831 tractando
2525 791 2748 830 causam
2794 776 3175 846 plasmationis
3234 777 3485 832 revolans

1895 867 2110 937 pergit:
2145 883 2164 917 ι
2201 865 2311 920 Nec
2345 882 2472 921 cum
2497 864 2733 920 libenter
2763 866 2891 919 sivit
2924 864 3183 930 liberum,
3215 883 3236 914 ι
3270 874 3325 920 ct
3362 881 3481 934 seq.

1894 956 1950 1010 ld
1976 968 2079 1021 est,
2116 954 2279 1011 sicut
2308 970 2419 1009 non
2453 956 2769 1009 omnimode
2812 955 3044 1010 liberum
3081 955 3338 1023 permisit
3387 957 3484 1009 llO'

1895 1047 2097 1102 minem
2121 1055 2177 1104 et
2199 1050 2283 1105 sui
2314 1050 2482 1127 juris,
2507 1079 2581 1092 —
2605 1052 2883 1122 quomodo
2917 1054 3063 1107 enim
3091 1052 3315 1121 dignum
3340 1052 3481 1106 fuis-

1894 1144 1977 1192 set
2005 1138 2283 1195 hominem
2312 1140 2704 1199 deminationis
2728 1141 3132 1211 Omnipotentis
3160 1148 3482 1210 exemptum

1893 1235 2043 1283 stare
2060 1229 2165 1283 2-—
2183 1246 2287 1286 nec
2317 1231 2540 1288 omnino
2564 1231 2715 1287 illum
2742 1231 2874 1302 jugo
2892 1229 3240 1286 necessitatis
3259 1228 3485 1283 irratio-
3510 1224 3516 1226 ⁷

1894 1317 2156 1372 nabilium
2187 1312 2343 1377 more
2368 1322 2636 1389 revinxit;
2666 1321 2765 1377 sed
2807 1320 2927 1391 lege
2954 1319 3193 1375 naturali
3225 1330 3280 1374 et
3315 1319 3486 1373 rectis

1892 1409 2319 1480 cogitationibus
2356 1411 2414 1466 in
2442 1410 2608 1466 corde
2644 1410 2819 1481 ipsius
2842 1411 3155 1479 inscriptis,
3193 1410 3248 1463 in
3290 1407 3486 1477 mediis

1893 1502 2132 1572 paradisi
2162 1502 2453 1558 viridantis
2505 1503 2573 1557 ad
2618 1511 2854 1570 utraque
2892 1508 3079 1572 aptum
3118 1499 3275 1570 ponit
3305 1499 3487 1567 regio-

1891 1594 2077 1657 nibus,
2108 1592 2176 1647 ad
2206 1602 2437 1662 utraque
2492 1593 2648 1663 quasi
2697 1592 2991 1663 proclivem
3015 1630 3029 1655 ,
3063 1593 3156 1662 qui
3191 1584 3485 1643 affectuum

1890 1691 2039 1740 esset
2068 1698 2318 1755 compos,
2364 1684 2627 1754 suiipsius
2670 1683 2908 1745 arbitrii,
2951 1680 3104 1751 ponit
3146 1687 3203 1735 et
3251 1677 3483 1741 nudum,

1892 1776 1983 1846 qui
2026 1775 2251 1844 simplex
2278 1781 2333 1829 et
2369 1775 2576 1843 absque
2610 1764 2841 1836 malitia,
2872 1772 3012 1826 liber
3040 1778 3190 1826 esset
3233 1770 3303 1822 ab
3334 1767 3485 1822 omni

1893 1862 2224 1932 duplicitate
2256 1869 2312 1916 et
2355 1861 2658 1933 hypocrisi.
2717 1860 2844 1917 Mihi
2890 1860 3035 1925 enim
3082 1858 3269 1927 judici‘
3304 1871 3405 1911 vox
3454 1870 3487 1909 a

1892 1953 2004 2008 Deo
2043 1961 2193 2008 certe
2225 1953 2470 2007 insonuit
2507 1972 2519 2006 :
2556 1947 2857 2008 Pat'atlisus
2891 1952 2994 2006 iste
3038 1950 3263 2004 caeleste
3301 1948 3484 2002 firma-

1892 2051 2137 2099 mentum
2193 2051 2459 2108 vocatur,
2537 2051 2591 2098 et
2635 2051 2957 2097 sanctorum
2998 2040 3291 2108 spirituum
3336 2037 3487 2100 vita,

1890 2135 2050 2204 cuius
2077 2134 2131 2189 in
2167 2134 2441 2206 principio
2474 2133 2756 2189 hominem
2783 2132 3016 2187 Creator
3047 2132 3315 2185 cultorem
3346 2144 3483 2184 con-

1891 2223 2094 2285 stituit,
2152 2222 2520 2295 cogitationes
2555 2235 2953 2293 sermonesque
2990 2220 3211 2275 divinos
3249 2233 3488 2288 operose

1888 2316 2300 2372 observantem.

1892 2424 1995 2479 107
2032 2422 2151 2480 Una
2184 2425 2234 2479 ei
2259 2424 2537 2480 interdixit
2569 2424 2879 2494 perfectiora
2909 2420 3120 2485 arbore,
3161 2427 3270 2474 etc.

1910 2498 1917 2503 ’
1961 2512 2139 2569 Unius
2174 2524 2388 2569 tantum
2426 2518 2642 2569 fruetus
2672 2520 2893 2584 gustum
2929 2511 3104 2566 vetuit
3147 2508 3484 2566 Plasmator.

1890 2601 2047 2667 Quod
2081 2602 2245 2658 fuerit
2274 2602 2481 2674 aliquid
2523 2603 2815 2673 pulchrum
2862 2600 2917 2655 in
2961 2602 3108 2671 ligno
3151 2602 3254 2653 hoc
3292 2606 3488 2668 proto~

1893 2695 2107 2764 parenti
2143 2695 2484 2765 prohibitum
2512 2693 2701 2749 dicant
2722 2693 2837 2758 alii,
2866 2707 2977 2747 non
3009 2697 3204 2746 contra
3236 2690 3486 2756 invchar,

1892 2785 1985 2841 sed
2017 2786 2486 2842 considerationis
2526 2785 2843 2857 allegoriam
2893 2783 3140 2838 melioris
3179 2796 3345 2852 quam
3397 2795 3489 2837 sc-

1891 2876 2134 2931 cundum
2161 2893 2323 2931 usum
2359 2876 2532 2931 Adam
2556 2876 2711 2930 illum
2744 2874 3049 2945 intelligere
3076 2874 3337 2936 fructum,
3366 2888 3491 2942 pro-

1890 2965 2037 3023 fecto
2069 2968 2413 3023 consentiam
2450 2968 2755 3037 magistro:
2790 2965 2923 3031 Quae
2961 2964 3240 3036 allegoria,
3278 2965 3482 3035 inquit,

1891 3056 2197 3126 perfectum
2226 3057 2280 3109 in
2307 3071 2368 3111 se
2401 3055 2519 3125 ipsa
2554 3055 2827 3124 judicium
2859 3053 2928 3109 de
2962 3055 3107 3109 bono
3133 3062 3187 3108 et
3219 3055 3363 3108 malo
3388 3054 3485 3108 ha-

1895 3147 2010 3210 bet,
2044 3157 2267 3217 accepta
2310 3149 2364 3200 in
2397 3146 2573 3216 ipsius
2609 3154 2858 3215 tempore
2893 3151 3228 3214 opportuno.
3276 3143 3489 3199 Idcirco

1890 3235 2154 3290 accedere
2181 3233 2249 3287 ad
2282 3232 2450 3288 Deum
2485 3233 2903 3300 incipientibus,
2937 3233 3244 3287 infantibus
3274 3232 3488 3287 scilicet

1888 3332 1943 3380 et
1972 3322 2309 3394 imperfectis
2338 3322 2391 3376 in
2420 3322 2641 3377 Christo
2672 3337 2779 3376 non
2807 3315 3049 3392 expedit,
3093 3320 3188 3376 scd
3221 3330 3382 3375 aetate
3407 3321 3487 3375 iu-

1892 3414 2153 3485 telligcnti
2197 3414 2474 3485 provectis
2508 3420 2563 3468 et
2599 3412 2666 3468 iis
2702 3413 2797 3482 qui
2840 3412 2908 3467 ad
2957 3412 3211 3467 altiorem
3249 3411 3483 3480 spiritus

1890 3518 2203 3559 mensuram
2228 3506 2281 3558 in
2302 3503 2744 3559 consideratione
2771 3511 2825 3557 et
2851 3503 3109 3573 operibus
3130 3502 3336 3556 Christi
3368 3517 3486 3571 pcr-

1890 3603 2181 3652 vcnerunt.
2228 3595 2355 3650 limo
2404 3610 2531 3653 vero
2586 3603 2798 3647 tantmn
2847 3608 3083 3664 gravans
3127 3592 3484 3663 imperfectos

1893 3696 2160 3758 quantum
2196 3686 2355 3743 solidi
2389 3686 2497 3740 cibi
2534 3700 2632 3741 eos
2663 3686 2758 3755 qui
2806 3686 2947 3741 lacte
2989 3684 3171 3738 adhuc
3214 3682 3483 3751 indigent.

1895 3776 2000 3832 Sed
2035 3788 2323 3847 postquam
2350 3774 2521 3830 invidi
2547 3776 2902 3831 suasionibus
2924 3774 3131 3830 diaboli
3154 3780 3210 3827 ct
3233 3773 3486 3828 mulieris

1892 3868 2308 3924 invitationibus
2343 3867 2543 3930 victus,
2572 3866 2800 3921 vetitum
2837 3865 3076 3920 fructum
3104 3873 3233 3919 ante
3266 3873 3486 3933 tempus

1892 3966 1948 4015 et
1982 3967 2179 4029 praeter
2214 3957 2533 4011 mandatqu
2561 3962 2821 4027 gustavit,
2848 3956 3093 4027 pelliceis
3120 3956 3327 4011 tunicis
3355 3971 3484 4025 gra-

1892 4066 2011 4105 vem
2048 4058 2103 4104 et
2142 4049 2430 4103 mortalem
2473 4064 2697 4103 carnem
2742 4063 2865 4118 quae
2895 4048 3172 4103 successit
3209 4045 3388 4100 nitido
3430 4054 3485 4101 ct

1893 4139 2105 4211 fulgido
2132 4139 2354 4207 corpori
2384 4137 2563 4193 letifer
2586 4138 2826 4205 vestivit,
2855 4139 2973 4209 ipse
3000 4138 3106 4192 sub
3132 4137 3220 4192 his
3241 4136 3310 4191 ad
3336 4151 3486 4191 mor-

1893 4242 2000 4286 tem
2020 4231 2363 4301 designatus.
2389 4229 2683 4301 Frangitur
2704 4242 2885 4286 autem
2913 4237 3197 4301 peccatum
3224 4244 3320 4299 per
3344 4243 3487 4283 mor-

1893 4332 2002 4376 tem
2045 4321 2117 4374 ita
2148 4331 2206 4374 ut
2234 4336 2344 4375 non
2373 4322 2445 4376 sit
2469 4329 2735 4375 atcrnum
2758 4322 2993 4387 malum,
3024 4328 3251 4375 auctore
3276 4320 3485 4389 optimo

1896 4411 2007 4468 Deo
2036 4432 2050 4467 :
2084 4410 2261 4467 Homo
2292 4427 2417 4467 vero
2449 4412 2565 4483 ipse

1898 4615 1999 4670 H7
2041 4612 2257 4685 Ejectus
2302 4630 2330 4669 ε
2356 4615 2613 4684 paradiso
2644 4614 2781 4668 venit
2807 4614 2861 4668 in
2899 4623 3163 4685 lerram_c
3188 4630 3293 4682 qua
3335 4625 3484 4670 ortus

3114 4682 3276 4755 [ει-αι,
3303 4693 3411 4740 ctc.
3480 4740 3487 4746 ,

1968 4796 2071 4853 Hic
2124 4798 2230 4853 fuit
2280 4798 2573 4855 divisionis
2621 4797 2880 4866 fructus,
2950 4798 3087 4853 illud
3142 4800 3489 4875 comparavit

1898 4888 2063 4944 homo
2096 4889 2541 4959 transgressione
2567 4903 2667 4944 sua
2693 4889 2841 4959 quod
2887 4888 3156 4945 exciderit
3200 4889 3269 4944 de
3323 4904 3489 4961 para-

1896 4981 2097 5037 disoin
2132 4988 2337 5035 terram
2367 4996 2399 5035 e
2441 4996 2550 5050 qua
2596 4988 2852 5050 sumptus
2898 4988 2985 5036 est
3023 4996 3373 5047 reversurus,
3418 4982 3489 5036 ad

1896 5074 2065 5127 vitam
2096 5070 2379 5126 doloribus
2417 5070 2795 5141 aerumnisque
2837 5071 3099 5126 refertam
3152 5070 3487 5137 damnatus,

1898 5163 2056 5233 quin,
2104 5163 2255 5217 circa
2302 5154 2763 5233 pretiosissimum
2798 5162 2923 5217 vitae
2966 5163 3170 5233 lignum
3218 5162 3273 5215 in
3306 5161 3491 5216 medio

1897 5254 2159 5325 paradiso
2195 5252 2535 5307 intellectum
2581 5251 2729 5323 quod
2770 5267 2917 5309 esse.
2957 5259 3139 5322 potest
3186 5251 3487 5321 purissima

1899 5346 1992 5400 Dei
2033 5344 2429 5415 contemplatio
2482 5351 2538 5399 et
2585 5344 2841 5400 sublimis
2907 5340 3487 5414 incomprehensibilis

1897 5435 1992 5490 Dei
2025 5435 2294 5506 cognitio,
2334 5435 2485 5491 circa
2515 5436 2622 5489 hoc
2651 5434 2884 5502 lignum,
2932 5434 3153 5505 igneum
3178 5432 3354 5503 ipsius
3392 5446 3485 5487 ze-

1894 5526 2025 5591 lum,
2049 5542 2209 5595 quem
2235 5526 2547 5582 flammeum
2570 5526 2811 5597 gladium
2834 5526 3021 5580 divina
3036 5524 3169 5579 dicit
3191 5524 3476 5593 Scriptura

1896 5625 1949 5673 ct
1977 5617 2269 5674 Cherubim
2300 5624 2477 5685 vocat,
2513 5617 2785 5688 angelicas
2819 5616 3055 5672 virtutes
3090 5614 3216 5670 dico
3265 5622 3319 5669 et
3364 5628 3477 5669 cu:-
