4010 6298
569 351 674 410 639
1900 356 2200 414 NICETAS

570 472 740 530 lestea
763 487 884 543 quae
918 472 1174 544 indignos
1209 469 1458 528 dividant
1490 478 1545 527 et
1588 478 1834 534 arceant,
1871 469 2146 541 disposuit.

569 564 742 628 tiens,
782 580 850 619 ue
876 566 1003 633 quis
1032 578 1414 635 prmproperus
1435 562 1607 618 Adam
1640 570 1696 617 et
1720 563 1937 631 spiritui
1960 570 2143 631 aptam

569 655 763 709 boram
796 654 1155 724 praeveniens,
1183 669 1254 709 ne
1298 654 1424 724 quis
1468 651 1737 723 profanus
1794 658 1888 705 aut
1940 652 2142 717 malus,

567 741 935 810 tto-abjeetis
964 750 1125 796 antea
1163 742 1457 811 saporibus
1500 754 1661 811 paena
1708 740 1888 809 dignis
1931 740 2147 793 arboris

573 831 1031 900 concupiscentia
1080 831 1365 896 carnalis,
1410 832 1535 885 vitae
1586 830 1790 900 lignum
1849 830 2147 899 appropin-

571 935 745 990 quare
770 920 991 975 audeat.
1026 939 1046 973 ι
1079 918 1266 990 Itaque
1315 935 1346 974 a
1388 920 1827 979 vehementibus.
1878 938 1899 970 ι
1934 928 1990 973 et
2028 933 2144 987 seq.

574 1010 730 1066 Unde
766 1010 833 1084 lit
882 1020 943 1065 ut
989 1009 1318 1066 hiemalibus
1351 1009 1872 1079 vehementibusth
1914 1007 2145 1064 furenti-

571 1100 675 1155 bus
715 1099 973 1169 procellis
1020 1100 1076 1153 in
1110 1100 1251 1154 mari
1290 1100 1557 1169 navigans
1583 1098 1745 1155 homo
1791 1107 1846 1154 et
1893 1100 1963 1154 ab
2009 1107 2144 1153 testu

570 1198 837 1259 exsputus
870 1190 926 1244 in
958 1190 1127 1244 altum
1159 1189 1489 1259 volutusque
1518 1200 1666 1245 retro
1710 1188 1979 1245 dedecore
2007 1205 2036 1241 a
2062 1191 2143 1245 via

569 1280 909 1347 deducatur;
952 1279 1149 1336 deinde
1186 1280 1491 1336 lenioribus
1538 1280 1716 1336 ventis
1766 1280 1880 1334 vela
1928 1281 2144 1350 scaphae

570 1372 897 1441 permittens
958 1379 1054 1424 aut
1121 1372 1423 1441 remigibus
1473 1379 1636 1428 utens
1689 1373 2145 1429 convenientibus

568 1461 748 1513 multo
810 1461 998 1515 labore
1048 1460 1285 1529 spatium
1329 1461 1619 1532 denavigat
1665 1477 1848 1517 suum.
1896 1462 1962 1517 Et
2021 1479 2142 1529 nos,

567 1551 764 1618 inquit,
796 1552 985 1607 eodem
1022 1553 1218 1619 modo,
1246 1566 1276 1606 a
1314 1551 1425 1609 Deo
1455 1554 1779 1625 elongamur
1816 1570 1914 1625 per
1957 1556 2146 1610 inobe~

566 1640 835 1695 dientiam
891 1641 996 1696 sub
1062 1644 1356 1711 spirituum
1415 1645 1686 1698 malorum
1741 1646 2038 1715 impetibus
2088 1654 2144 1701 et

568 1740 794 1798 peccato
828 1731 1221 1786 contundimur
1246 1740 1299 1788 et
1337 1740 1547 1799 morte;
1600 1732 1695 1789 sed
1722 1748 1939 1789 rursum
1984 1734 2143 1789 Cbri-

574 1824 689 1875 stus
716 1817 879 1875 Jesus
905 1820 1112 1892 dirigit,
1145 1822 1302 1891 cujus
1324 1822 1482 1879 bouis
1511 1824 1720 1893 angelis
1752 1824 2142 1881 auxiliantibus

566 1915 621 1959 et
652 1906 1041 1975 adjuvantibus
1082 1910 1148 1963 ad
1198 1909 1537 1965 destinatum
1592 1923 2006 1981 persequentes,
2055 1917 2145 1969 vix

567 1994 750 2051 adhuc
775 2004 832 2052 et
865 1997 1143 2067 adjunctis
1189 2014 1299 2054 non
1341 2001 1553 2071 ignavis
1596 2004 1887 2057 conatibus
1940 2006 2148 2059 nostris

567 2101 667 2155 pro
692 2088 913 2156 pietate.
950 2089 1093 2141 viam
1124 2088 1194 2142 ad
1225 2088 1321 2145 Dei
1372 2090 1692 2161 paradisum
1732 2108 1955 2148 sursum
2008 2094 2145 2147 diri-

566 2175 766 2243 gimus.
819 2175 947 2231 llaec
986 2176 1087 2231 fuit
1144 2193 1172 2231 a
1203 2178 1383 2248 primo
1430 2190 1655 2248 parente
1700 2183 2143 2251 superseminata

566 2265 623 2318 in
653 2280 826 2334 genus
854 2266 1155 2321 humanum
1186 2283 1308 2338 qua:
1335 2271 1661 2338 germinavit
1706 2272 1903 2341 culpa;
1935 2287 2043 2325 non
2084 2274 2137 2325 in

566 2355 841 2427 principio
887 2360 1185 2425 exsistens,
1245 2375 1367 2430 qua:
1438 2376 1503 2416 ex
1548 2361 1743 2416 ordine
1798 2364 1853 2415 in
1904 2369 2139 2432 segetem

563 2444 932 2501 abundantem
986 2446 1232 2503 letiferos
1284 2448 1435 2504 dedit
1495 2451 1736 2517 fructus,
1780 2451 1987 2521 quibus
2038 2468 2140 2507 nos

564 2533 724 2600 plene
757 2536 1079 2605 puriﬂcans,
1105 2552 1139 2591 o
1184 2538 1403 2593 Christe
1444 2536 1611 2603 Deus,
1636 2554 1734 2609 per
1777 2548 1925 2593 tuam
1975 2544 2141 2596 benc—

562 2624 883 2692 dictionem,
910 2628 1122 2696 justitia
1160 2636 1252 2682 tua
1284 2637 1336 2684 et
1369 2645 1500 2698 pace
1525 2640 1579 2684 et
1612 2631 1789 2701 gratia
1823 2632 1971 2702 reple
2005 2648 2133 2696 nos,

564 2717 659 2782 qui
690 2719 843 2773 solus
869 2718 1191 2775 benedictus
1233 2735 1293 2775 cs
1339 2727 1393 2777 et
1435 2720 1774 2791 gloriﬁcatus
1816 2722 1871 2777 in
1914 2724 2135 2778 saacula.

563 2808 755 2863 Amen.

561 2985 985 3065 Commentarios
1021 3008 1348 3065 organorum
1383 2992 1588 3065 Magni
1609 2994 1851 3063 Gregorii
1886 2994 2137 3065 Theologt'

631 3060 965 3139 carminum;
999 3059 1063 3113 de
1092 3060 1442 3116 Testamentis
1473 3059 1968 3131 ctJIanifestatimte
1987 3059 2137 3119 Chri-

632 3136 725 3192 sli,
752 3144 922 3181 sermo
953 3138 1189 3183 octavus.

633 3215 860 3272 Peracto
914 3218 1223 3289 dogmalico
1257 3220 1323 3277 de
1363 3222 1545 3275 anima
1594 3238 1849 3278 sermone
1900 3225 2136 3294 septimo

558 3308 891 3364 excellenter
921 3325 951 3363 a
1006 3309 1116 3366 Deo
1165 3312 1363 3367 ductus
1414 3312 1713 3383 Gregorius
1757 3316 1883 3369 inde
1910 3316 1977 3371 ad
2026 3317 2137 3370 duo

561 3406 910 3463 testamenta,
945 3409 1099 3456 vetus
1156 3410 1211 3457 et
1271 3418 1493 3469 novum,
1541 3412 1636 3457 aut
1700 3405 1768 3458 ad
1817 3407 1987 3475 legem
2042 3406 2135 3459 Dei

561 3490 782 3543 transit.
868 3490 1080 3545 Etenim
1147 3493 1202 3547 in
1268 3492 1553 3563 Scriptura
1612 3494 1695 3551 lex
1753 3511 1849 3565 per
1898 3494 2135 3566 Moysetu

560 3580 816 3650 primitus
844 3582 991 3651 data,
1018 3593 1181 3655 atque
1212 3587 1389 3653 gratia
1411 3594 1468 3641 et
1494 3589 1695 3642 veritas
1733 3588 2011 3658 Evangelii
2052 3604 2137 3643 se-

559 3670 743 3723 cundo
774 3687 869 3739 per
915 3669 1103 3727 Iesum
1156 3673 1439 3729 Christum
1498 3674 1662 3740 facta,
1705 3691 1813 3731 una
1874 3677 1962 3733 lex
2009 3686 2140 3731 sunt

560 3758 786 3824 spiritus
822 3760 947 3813 vita:
979 3761 1071 3829 qui
1113 3760 1167 3814 in
1210 3759 1339 3817 Jesu
1400 3760 1626 3819 Christo
1680 3780 1765 3820 me
1814 3766 2066 3822 liberavit
2110 3783 2137 3821 a

560 3848 680 3917 lege
713 3850 922 3918 pet-cati
955 3860 1011 3905 et
1033 3854 1249 3906 mortis.
1281 3852 1398 3908 Duo
1437 3861 1765 3911 testamenta
1813 3857 1965 3912 dicta
2010 3867 2141 3915 sunt

558 3956 625 3997 eo
648 3943 793 4011 quod
830 3943 1047 3999 duobus
1078 3945 1440 4015 temporibus,
1476 3947 1607 4001 olim
1634 3957 1693 4003 et
1721 3965 1891 4017 nunc,
1918 3961 1971 4005 et
1995 3951 2139 4022 apud

560 4039 699 4087 duos
726 4033 919 4099 Israel,
971 4044 1207 4090 veterem
1253 4046 1309 4091 et
1358 4052 1560 4090 novum
1628 4038 1838 4106 prolata
1907 4040 1978 4094 sit
2030 4040 2136 4096 lex.

559 4124 697 4178 Aliis
729 4125 951 4194 quidem
982 4126 1225 4195 potentia
1251 4126 1371 4195 ejus
1408 4128 1464 4181 in
1515 4128 1796 4196 parabolis
1840 4136 1896 4183 et
1952 4129 2140 4199 ﬁguris

563 4214 893 4270 adumbrata
948 4226 1053 4282 est,
1109 4224 1299 4286 utpote
1349 4218 1445 4289 qui
1498 4218 1755 4275 tardioris
1810 4220 2036 4290 spiritus
2086 4229 2142 4276 et

562 4304 897 4373 imperfecti;
934 4322 1076 4359 novo
1115 4321 1244 4361 vero
1299 4308 1500 4377 populo
1547 4310 1756 4364 clarius
1807 4318 1863 4364 et
1920 4311 2031 4365 Deo
2063 4310 2141 4365 di-

560 4396 746 4464 gnius,
778 4396 937 4464 quasi
972 4404 1118 4452 esset
1148 4399 1449 4454 eruditiore
1488 4401 1651 4454 oculo
1714 4409 1768 4456 et
1792 4400 2133 4471 perfectiori,

561 4487 922 4557 evangelizati
948 4497 1079 4543 sunt
1128 4488 1183 4541 in
1214 4488 1437 4544 Christo
1481 4489 1610 4545 Jesu
1665 4491 1819 4561 regni
1868 4494 2134 4547 cmlorum

560 4580 902 4649 splendores.
945 4580 1237 4639 Videamus
1268 4598 1336 4637 ne
1365 4584 1491 4639 vilis
1520 4584 1593 4639 sit
1614 4599 1818 4647 sermo.
1850 4594 1906 4640 et
1945 4586 2131 4640 beroi-

565 4686 763 4725 corum
812 4672 1121 4727 carminum
1174 4683 1338 4742 atque
1380 4675 1663 4744 elegantia
1711 4675 1915 4731 Grmcae
1965 4677 2135 4732 ardua

559 4762 809 4830 plurimis
852 4762 1109 4833 ingeniis,
1152 4778 1252 4833 pro
1283 4779 1444 4834 posse
1482 4774 1693 4832 nostro,
1732 4767 2015 4838 theologia:
2051 4768 2135 4822 di-

562 4852 672 4906 vini
706 4855 1131 4911 sermocinantis
1164 4871 1330 4926 quam
1360 4855 1648 4911 minimum
1700 4857 1938 4928 impares
2010 4859 2137 4914 illu-

562 4949 824 4999 strenuis.

560 5117 586 5172 Ι
634 5117 737 5173 Eia
784 5136 878 5190 age
910 5130 961 5177 et
997 5121 1272 5191 utriusque
1292 5122 1424 5189 legis
1458 5133 1717 5177 rationem
1738 5124 1991 5193 expende,
2023 5135 2130 5182 etc.

635 5279 767 5350 Age,
808 5279 967 5348 quasi
998 5295 1121 5333 eum
1158 5278 1332 5334 altero
1358 5279 1678 5350 colloquens
1706 5281 1889 5345 divus,
1924 5296 2133 5336 sermo-

561 5386 687 5425 nem
714 5369 783 5425 de
804 5369 1011 5440 duplici
1054 5372 1171 5441 lege
1227 5373 1506 5442 perquire,
1554 5373 1737 5442 inquit
1780 5374 1897 5441 ipse
1938 5372 2135 5426 animae

562 5473 680 5515 suae
721 5480 735 5515 :
775 5459 974 5531 duplex
1001 5462 1151 5515 enim
1186 5470 1272 5517 est
1299 5469 1454 5519 vetus
1492 5470 1548 5518 et
1582 5478 1745 5528 nova,
1787 5456 2135 5514 manifestata

635 5597 749 5666 (ll)
790 5600 1068 5670 Ὲγτίσει.
1130 5599 1187 5653 In
1230 5599 1421 5654 codice
1470 5602 1732 5670 scriptum
1773 5609 1857 5670 est
1894 5599 2125 5670 ἐγγίσει,

561 5674 793 5738 puncto
833 5669 1027 5722 litterae
1062 5686 1078 5719 t
1132 5670 1558 5738 superimposito
1583 5669 1606 5738 ,ν
1657 5669 1799 5735 quod
1861 5669 2131 5738 signiﬁcat

567 5735 961 5792 dubitationem
987 5745 1079 5791 aut
1098 5735 1523 5808 corruptioiicm.
1569 5737 1632 5794 V.
1654 5737 1820 5793 Bastii
1840 5735 2128 5793 Conantem.

2271 355 2477 412 DAVID
3717 359 3817 416 τοο

2252 469 2395 539 φημὶ
2423 468 2488 539 δὴ
2521 468 2615 521 καὶ
2649 466 2905 537 οὐρανίας
2925 508 2939 531 ,
2986 468 3112 532 τοὺς
3146 467 3400 533 ἀναξίους
3430 469 3817 536 ἁποκλειούσιις

2250 559 2341 611 καὶ
2370 556 2890 621 ἁποδιαστελλούσας
2917 558 3159 623 διέταξεν
3203 560 3232 611 ὁ
3273 558 3426 621 Θεὸς,
3457 562 3604 623 ὅπως
3631 561 3815 631 μηδεὶς

2248 646 2517 718 προώριος
2544 648 2713 717 Ἀδὰμ
2736 649 2828 701 καὶ⁵
2853 648 2949 719 τὴν
2974 649 3348 719 πνευματικὴν
3378 649 3594 719 ἡλικίαν
3622 653 3811 721 ἄωρος,

2251 734 2435 808 μηδεὶς
2461 737 2684 807 βέϐηλος
2717 738 2811 791 καὶ
2839 738 3028 804 κακὸς,
3054 740 3184 809 πρὶν
3209 740 3243 809 ἢ
3261 740 3356 793 τοῦ
3380 740 3476 809 τῆς
3505 743 3816 811 capuam;

2247 830 2544 900 ἐπιθυμίας
2574 828 2742 898 φυτοῦ
2777 828 2873 900 τὴν
2907 829 3259 900 κολαστήριον
3282 830 3469 898 γεῦσιν
3496 834 3710 900 φυγεῖν,
3742 832 3817 901 τῷ

2247 924 2345 994 τῆς
2379 922 2523 991 ζωῆς
2557 921 2766 990 ἐγγίσει
2793 922 2906 990 (ll)
2945 922 3119 992 φυτῷ.
3164 940 3184 974 t
3242 924 3330 985 ὀς
3353 923 3398 975 δ’
3428 924 3518 976 ὑπ’
3544 924 3762 993 ἁὴταις,
3793 944 3811 976 ι

2248 1028 2302 1064 κ.
2333 1028 2385 1063 τ.
2417 1011 2714 1081 ἐξ.Ὠσπερ
2746 1010 2850 1064 ὑπὸ
2872 1014 3199 1082 χειμερινοῖς
3222 1013 3315 1065 καί
3340 1011 3536 1081 βιαίοις
3575 1013 3818 1083 πνεῦμα-

2250 1119 2334 1155 σιν
2368 1102 2655 1173 ἄνθρωπος
2695 1102 2877 1156 πλέων
2908 1102 3004 1174 τὴν
3033 1103 3327 1166 θάλασσαν,
3374 1104 3466 1157 καὶ⁵
3512 1104 3612 1174 τῆς
3647 1106 3726 1167 εἰς
3758 1103 3820 1156 τὸ

2248 1191 2437 1262 πρόσω
2482 1191 2655 1260 φορᾶς
2684 1191 3056 1262 ἐκκρουσθεὶς,
3090 1191 3182 1245 καὶ
3211 1190 3611 1257 κλυδωνισθεὶς,
3640 1195 3717 1257 είς
3754 1193 3820 1245 τὰ

2247 1282 2421 1335 ὀπίσω
2458 1282 2781 1354 παλίνορσος
2813 1286 2931 1353 μετ’
2958 1284 3219 1355 αἰσχύνης
3250 1284 3596 1353 ἀπεστράφη,
3631 1284 3821 1337 ἔπειτα

2248 1374 2409 1427 πάλιν
2441 1374 2474 1444 ἦ
2515 1374 2843 1446 πραϋτέροις
2879 1374 3155 1445 πνεύμασι
3191 1375 3261 1428 τὰ
3299 1377 3444 1429 ἱστία
3490 1376 3582 1431 τοῦ
3633 1377 3821 1429 πλοίου

2246 1465 2436 1529 διῖεὶς,
2473 1464 2508 1535 ἢ
2533 1464 2747 1535 ἐρέταις
2798 1466 3144 1537 χρησάμενος
3177 1467 3452 1539 δοκίμοις,
3500 1468 3597 1520 σὺν
3643 1466 3823 1536 πολλῷ

2247 1553 2394 1622 πόνῳ
2422 1552 2511 1605 τὸν
2539 1555 2735 1606 οἰκεῖον
2762 1552 3054 1623 ἐξεπέρανε
3084 1554 3279 1607 πλοῦνσ
3302 1554 3509 1618 τοῦτον,
3543 1556 3699 1623 φησὶ,
3725 1556 3824 1608 καὶ

2225 1645 2407 1713 ,ἡμεῖς
2435 1641 2527 1693 τὸν
2548 1640 2748 1712 τρόπον
2775 1642 2867 1694 τοῦ
2888 1641 3024 1695 Θεοῦ
3054 1643 3155 1713 μὲν
3182 1645 3509 1707 ἐκπεσόντες
3535 1645 3627 1697 διὰ
3650 1662 3824 1715 παρα-

2247 1733 2478 1795 δὰσεως,
2495 1732 2818 1802 πνευμάτων
2833 1732 2889 1785 δέ
2908 1732 3158 1803 πονηρῶν
3178 1735 3453 1788 ἐπιθέσεσι
3469 1740 3533 1805 τῇ
3557 1752 3617 1787 τε
3642 1736 3821 1806 ἀμαρο

2247 1825 2340 1894 τίᾳ
2367 1823 2814 1895 κατατριϐόμενον.
2847 1823 2943 1877 καὶ
2964 1823 3043 1893 τῷ
3070 1823 3304 1894 θανάτῳ,
3331 1820 3485 1887 αὖθις
3508 1825 3563 1877 δὲ
3585 1824 3822 1895 Χριστοῦ

2263 1912 2439 1982 Ἰησοῦ
2475 1912 2829 1983 κυϐερνήτου,
2872 1912 2981 1967 τῶν
3010 1911 3227 1981 ἀγαθῶν
3256 1912 3313 1965 δὲ
3353 1911 3545 1965 τούτου
3573 1912 3825 1980 ἀγγέλων

2247 2003 2626 2073 εὐστοχοῦντες
2675 2002 2884 2072 βοηθῶν
2948 2003 3042 2055 καὶ
3106 2002 3416 2070 συνεργῶν,
3480 2002 3633 2072 μόλις
3685 2001 3825 2054 οῦτω

2248 2100 2343 2147 σὺν
2373 2094 2471 2147 οὐκ
2495 2093 2743 2161 ἀγεννέσι
2772 2095 2884 2156 τοῖς
2917 2093 3206 2164 ἡμετέροις
3236 2092 3380 2163 ὑπὲρ
3408 2092 3696 2154 εὐσεϐείας
3728 2093 3818 2143 πός

2246 2200 2358 2246 νοις
2384 2181 2474 2235 τὸν
2503 2182 2639 2252 πρός
2676 2178 2789 2234 ἄνω
2828 2180 2921 2234 τοῦ
2973 2180 3110 2233 Θεοῦ
3145 2181 3473 2251 παράδεισον
3501 2180 3825 2234 κατευθυνὸο

2249 2274 2390 2343 μεθα
2419 2273 2601 2327 πλοῦν.
2637 2274 2871 2344 Τοιαύτη
2905 2274 3002 2343 μὲν
3030 2274 3138 2328 ἀπὸ
3163 2274 3256 2326 τοῦ
3290 2274 3719 2343 πρωτοπλάστου
3746 2272 3823 2341 τῷ

2244 2364 2566 2433 ἀνθρωπίνῳ
2606 2363 2751 2435 γένει
2794 2364 3145 2433 νεόσποροςή
3179 2362 3424 2431 ἁμαρτία
3468 2365 3691 2429 φυεῖσα,
3723 2362 3823 2413 οὐκ

2242 2454 2495 2524 ἀνάρχως
2520 2449 2676 2519 οὐσα,
2697 2452 2784 2505 διὰ
2811 2452 2918 2505 τῶν
2941 2451 3196 2520 καθεξῆς,
3220 2453 3299 2514 εἰς
3328 2451 3530 2521 στάχυν
3558 2451 3825 2521 πολύχουν

2243 2545 2335 2597 τὸν
2365 2544 2711 2615 ὀλεθροτόκον
2742 2543 2912 2611 αὐτῆς
2942 2542 3179 2596 ἀνέδωκε
3212 2542 3442 2613 καρπὸν,
3467 2536 3528 2595 οῦ
3554 2542 3651 2594 καὶ
3681 2542 3825 2609 ἡμᾶς

2244 2636 2588 2690 παντάπασιν
2636 2633 3163 2703 ἀνακαθηράμενος,
3219 2633 3419 2703 Χριστέ
3452 2634 3481 2685 ό
3513 2632 3680 2697 Θεὸς,
3728 2633 3826 2700 τῆς

2244 2727 2340 2796 σῆς
2366 2725 2631 2792 εὐλογίας,
2666 2724 2765 2791 τῆς
2822 2723 2923 2792 σῆς
2961 2722 3302 2793 δικαιοσύνης
3337 2722 3429 2775 καὶ
3470 2724 3698 2793 εἰρήνης
3737 2722 3827 2774 καὶ

2240 2815 2602 2886 χρηστότητος
2646 2814 2951 2884 πλήρωσον,
3004 2814 3086 2865 ὅτι
3125 2813 3287 2883 μόνος
3326 2814 3616 2884 εὐλογητὸς
3662 2809 3830 2867 εἶκαὶ

2238 2903 2622 2973 δεδοξασμένος
2652 2904 2728 2965 εἰς
2760 2901 2884 2965 τοὺς
2912 2901 3132 2965 αἰῶνας.
3186 2902 3377 2972 Ἀμήν.

2252 2994 2575 3064 Ἐξήγησις
2609 2993 2726 3046 τῶν
2758 2992 3110 3064 ἁπορρήτωγ
3162 2992 3265 3046 τοῦ
3292 2992 3561 3060 μεγάλου
3609 2997 3832 3064 Γρητο.

2300 3061 2439 3132 ρίου
2480 3062 2581 3115 τοῦ
2628 3064 2920 3129 Θεο.ίόγου
2971 3061 3165 3114 ἐπῶν·
3204 3063 3335 3129 περὶ
3373 3063 3683 3131 Amat;er
3724 3061 3824 3119 καὶ

2306 3133 2654 3201 ἐπιφανείας
2678 3132 2957 3199 Χριστοῦ,
2983 3133 3161 3199 λόγος
3190 3137 3242 3198 η’
3271 3132 3407 3201 (12).

2309 3222 2639 3284 Συντελὲσας
2667 3222 2792 3285 τοὺς
2826 3221 3189 3291 δογματικοὺς
3232 3222 3363 3292 περὶ
3406 3221 3585 3293 ψυχῆς
3629 3223 3832 3291 λόγους

2240 3316 2304 3380 ζ’,
2332 3317 2361 3367 ὁ
2392 3311 2870 3382 θωρητικώτατος
2906 3312 3201 3382 Γρηγὸριος
3225 3353 3239 3375 ,
3277 3310 3524 3365 ἐντεῦθεν
3560 3314 3688 3383 περὶ
3725 3314 3833 3367 τῶν

2237 3405 2330 3459 δύο
2368 3402 2677 3473 Διαθηκῶν,
2708 3402 2956 3465 Παλαιᾶς
3008 3418 3066 3454 τε
3116 3402 3209 3454 καὶ
3258 3402 3485 3472 Καινῆς,
3533 3404 3652 3474 ἦτοι
3700 3406 3833 3475 περὶ

2238 3495 2403 3565 νόμου
2434 3494 2571 3547 Θεοῦ
2592 3532 2607 3557 ,
2667 3492 3044 3563 διαλαμδάνει.
3076 3492 3145 3546 ’Ὀ
3194 3509 3253 3546 τε
3302 3497 3409 3564 γὰρ
3444 3495 3503 3546 ἐν
3533 3496 3830 3566 γράμματι

2237 3587 2400 3657 νόμος
2430 3586 2519 3640 διὰ
2545 3586 2820 3648 Μωῦσέως
2852 3584 3068 3656 πρῶτον
3118 3584 3419 3654 δεδομένος,
3478 3587 3508 3655 ἦ
3552 3604 3611 3639 τε
3666 3588 3834 3658 χάρις

2240 3674 2334 3727 καὶ
2367 3676 2398 3744 ἠ
2431 3674 2658 3744 ἀλήθεια
2695 3672 2787 3726 τοῦ
2829 3671 3159 3741 Εὐαγγελίου
3192 3672 3255 3725 τὸ
3293 3672 3542 3743 δεύτερον
3589 3674 3680 3727 διὰ
3729 3677 3834 3745 Ἰη-

2242 3765 2334 3819 σοῦ
2381 3763 2615 3835 Χριστοῦ
2663 3764 3022 3834 γεγενημένη,
3057 3756 3139 3825 εἷς
3167 3762 3328 3832 νόμος
3369 3763 3485 3817 ἐστὶ
3527 3764 3619 3817 τοῦ
3654 3766 3836 3819 Π·δεύ-

2243 3873 2407 3925 ματος
2445 3856 2543 3924 τῆς
2575 3854 2742 3925 ζωῆς,
2787 3855 2847 3917 ὃς
2897 3856 2955 3907 ἐν
2988 3853 3206 3925 Χριστῷ
3252 3853 3427 3925 Ἰησοῦ
3492 3854 3833 3925 ἐλευθέροιςσὲ

2242 3961 2311 4013 με
2351 3944 2459 3996 ἀπὸ
2498 3942 2591 3995 τοῦ
2642 3942 2807 4013 νόμου
2845 3942 2944 4012 τῆς
2990 3942 3266 4013 ἁμαρτίας
3305 3944 3397 3996 καὶ
3433 3943 3525 3996 τοῦ
3560 3944 3834 3999 θανάτου·

2239 4033 2331 4086 δύο
2362 4033 2419 4086 δὲ
2450 4032 2713 4102 Διαθῆκαι
2746 4032 2993 4102 εἴρηνται
3030 4031 3109 4099 τῷ
3155 4032 3213 4084 ἐν
3266 4032 3411 4085 δυοῖν
3440 4034 3671 4103 χρόνοις,
3726 4036 3837 4088 πὶ-

2240 4124 2328 4178 λαι
2374 4125 2466 4177 καὶ
2492 4123 2605 4188 νῦν,
2654 4124 2747 4176 καὶ⁸
2789 4124 2935 4177 δυοῖν
2990 4123 3205 4195 Ἰσραὴλ
3243 4124 3321 4194 τῷ
3364 4124 3576 4194 παλαιῷ
3606 4141 3837 4195 νενομο·

2241 4214 2498 4285 θετῆσθαι
2528 4214 2623 4268 καὶ
2652 4213 2727 4284 τῷ
2759 4213 2952 4285 καινῷ,
2984 4214 3079 4266 καὶ
3110 4214 3186 4284 τῷ
3220 4216 3319 4284 μὲν
3350 4216 3447 4287 τὴν
3482 4215 3642 4291 αὐτοῦ
3664 4216 3836 4270 δῦνα-

2246 4324 2337 4377 μιν
2364 4307 2438 4371 ὡς
2466 4309 2523 4359 ἐν
2551 4306 2884 4378 παραϐολαῖς
2913 4308 3007 4360 καὶ
3040 4310 3218 4371 σκιαῖς
3250 4308 3604 4362 ὐποτυπῶσαι
3645 4326 3834 4381 παχυ-

2241 4392 2387 4464 τέριρ
2411 4394 2501 4447 τὸν
2525 4393 2649 4447 νοῦν
2680 4394 2794 4446 ὄντι
2828 4392 2922 4446 καὶ
2947 4394 3143 4461 ἀτελεῖ,
3181 4394 3258 4465 τῷ
3296 4396 3466 4467 καινῷ
3491 4396 3546 4449 δὲ
3588 4396 3705 4466 λαῷ
3739 4401 3837 4468 ἐμ-

2244 4484 2573 4554 φανέστερον
2605 4482 2695 4537 καὶ
2721 4484 3184 4555 θεοπρεπέστερον
3213 4485 3286 4549 ὡς
3308 4486 3703 4557 ὁξυωπεστέρῳ
3741 4489 3839 4541 καὶ

2242 4576 2557 4647 τελειοτέρῳ
2586 4575 2685 4638 τὰς
2711 4575 2813 4645 τῆς
2841 4576 3117 4646 βασιλείας
3155 4578 3263 4631 τῶν
3302 4577 3567 4649 οὐρανίων
3597 4578 3838 4647 εὐαγγεο

2242 4669 2491 4723 λίσασθαι
2523 4668 2582 4721 ἐν
2624 4668 2843 4737 Χριστῷ
2883 4667 3056 4737 Ἰησοῦ
3087 4670 3475 4741 μαρμαρυγὰς.
3506 4671 3741 4739 Ἴδωμεν
3778 4671 3837 4724 δέ

2244 4765 2338 4816 καὶ
2372 4763 2470 4833 τὴν
2503 4760 2835 4835 ίσχνολογίαν
2873 4760 2972 4827 τῆς
3012 4762 3283 4832 φράσεως,
3319 4760 3543 4814 καὶτῶν
3573 4762 3836 4832 ἡρωϊκῶν

2247 4850 2461 4921 μέτρων
2508 4848 2603 4901 καὶ
2649 4847 2845 4911 λέξεων
2886 4847 3213 4918 Ἑλληνικῶν
3264 4848 3326 4901 τὸ
3372 4847 3669 4916 δύσληπτον
3722 4850 3837 4911 τοῖς

2247 4941 2458 5003 πολλοῖς
2506 4939 2579 5001 ὡς
2620 4934 2723 4989 οἷοί
2764 4934 2825 4990 τέ
2868 4938 3035 5006 ἐσμεν
3079 4936 3455 5007 ὁμαλίσαντες,
3483 4940 3549 5008 τῇ
3583 4936 3837 5007 θεολογία

2242 5030 2336 5085 τοῦ
2370 5028 2727 5099 θεοφὰντορος
2756 5027 3260 5111 καταλαμπώμεθα.

2248 5122 2268 5175 l
2306 5120 2469 5189 Δεῦρ¹
2511 5119 2619 5189 ἆγε
2658 5117 2758 5173 καὶ
2794 5117 3032 5172 δισσοῑο
3080 5118 3269 5187 νόμου
3299 5118 3486 5185 λόγον
3514 5115 3855 5259 ἐξερέεὶνεμ

3637 5204 3701 5239 κτ
3746 5229 3761 5241 .

3637 5204 3761 5241 κτΑ.

2313 5281 2447 5347 Ἀγε
2475 5278 2557 5349 δὴ,
2591 5278 2775 5347 φησὶν,
2818 5276 2893 5339 ὡς
2933 5274 3069 5345 πρὸς
3113 5274 3300 5345 ἕτερον
3330 5277 3359 5326 ὁ
3399 5276 3667 5338 θειότατος
3693 5278 3832 5330 ἁπο-

2240 5370 2564 5439 τεινόμενος,
2594 5367 2685 5419 τὸν
2718 5366 2847 5436 περὶ
2876 5366 2966 5418 τοῦ
2998 5366 3185 5418 διπλοῦ
3214 5369 3378 5435 νόμου
3428 5363 3583 5433 λόγον
3613 5364 3835 5435 ἐξερεὺ.

2240 5477 2328 5523 να,
2357 5463 2423 5530 τῇ
2461 5455 2651 5511 ἑαυτοῦ
2686 5456 2992 5525 διαλέγεται
3033 5454 3215 5526 ψυχῇ·
3261 5453 3479 5517 διπλοῦς
3505 5453 3615 5525 γὰρ
3651 5451 3828 5519 οὗτος,

2235 5604 2513 5669 ραιωοςντ,
2540 5613 2593 5666 p.
2615 5594 2952 5669 855_._ltaque
2978 5594 3141 5669 etiam
3184 5594 3348 5669 scribi
3370 5600 3561 5669 potest
3597 5592 3820 5669 ἐγγίσει,

2310 5661 2428 5737 (lii
2470 5661 2674 5737 Arcan.
2716 5661 2963 5737 Vlllfp.
3022 5664 3248 5737 l7§_ed.
3288 5661 3480 5719 Colon.
3531 5661 3645 5735 led.
3679 5661 3824 5721 nov;

2239 5732 2413 5793 carm.
2443 5739 2474 5793 9
2504 5736 2596 5792 lib.
2632 5751 2671 5803 ι,
2710 5745 2842 5792 sect.
2880 5732 2925 5800 ι,
2956 5748 3007 5804 p.
3034 5732 3148 5807 24.]
