4010 6298
113 396 214 447 703

1041 396 1108 451 IN
1146 395 1455 451 CARIIINA
1489 394 1774 450 ARCANA
1813 395 1869 450 S.
1902 394 2255 452 GREGORII.

3287 406 3389 460 706

115 514 174 567 3|
229 513 414 568 Ἀλλὰ
438 511 507 565 τὰ
538 512 658 581 μὲι·
682 512 994 581 μετόπισθ’
1066 514 1083 564 Ι
1120 511 1172 563 δ’
1204 512 1283 591 ᾡς
1314 511 1503 578 νόμον
1535 512 1689 591 εἶχον

1808 509 1871 563 5|
1940 507 2127 563 Verum
2165 511 2277 565 hate
2325 519 2526 577 postea.
2584 511 2736 591 Cum.
2759 514 2927 591 igitur
2988 514 3197 591 llebrwi
3239 519 3390 572 vitem

1210 578 1462 652 [ἄτιμον.
1505 580 1623 632 κτλ.

180 674 265 726 Τὰ
297 674 402 745 μὲν
449 673 733 744 εἰρημένα,
774 672 939 742 φησὶν
967 670 996 724 ὁ
1027 671 1127 741 τῆς
1169 671 1454 739 θεοσοφίας
1485 670 1698 740 λύχνος,

112 766 146 833 ἦ
179 781 240 817 τε
282 766 399 818 τῶν
445 765 614 818 ὲθνῶν
643 764 902 817 ἁπάντων
932 762 1135 826 εῐσοδος
1167 764 1248 826 εἰς
1295 761 1552 832 Χριστὸν,
1580 762 1615 830 ἦ
1640 776 1698 812 τε

110 854 203 907 τοῦ
250 854 698 925 καταλείμματος
740 853 956 923 Ἰσραὴλ
998 852 1086 905 διὰ
1117 851 1281 923 ζήλου
1316 853 1410 904 καὶ
1447 852 1700 921 ἐπιστρο-

111 946 218 1016 φῆς
254 949 400 1019 πρὸς
432 947 563 1000 Θεὸν
588 947 852 1018 σωτηρία,
877 944 1051 999 ταῦτα
1074 945 1171 1015 μὲν
1197 947 1255 997 ὲν
1286 943 1533 1013 ὑστέροις
1562 944 1698 996 ἀπο-

115 1038 524 1107 καλυφθήσεται
554 1039 796 1108 καιροῖς·
826 1036 970 1089 κατά
1011 1035 1193 1105 μέντοι
1220 1034 1314 1088 τὸν
1351 1034 1564 1106 πρῶτον
1596 1036 1695 1105 τῆς

112 1127 434 1195 ἐπιφανείας
478 1126 574 1180 τοῦ
626 1126 882 1196 Σωτῆρος
941 1125 1458 1197 ὲνανθρωπήσαντος
1502 1124 1694 1195 καιρὸν

111 1220 215 1271 τῶν
244 1219 420 1272 ἐθνῶν
452 1219 549 1288 μὲν
570 1221 693 1280 ταῖς
711 1218 973 1288 ἀθέσμοις
1000 1215 1466 1285 είδωλολατρείαις
1489 1215 1694 1285 σφόδρα

113 1309 359 1380 σφοδρῶς
390 1308 820 1379 ἐϐδελυγμένων,
856 1308 967 1362 τῶν
991 1306 1051 1371 ἐξ
1098 1308 1313 1378 Ἰσραὴλ
1348 1308 1405 1361 δὲ
1450 1310 1570 1369 ταῖς
1596 1305 1691 1359 τοῦ

111 1402 273 1470 νόμου
305 1400 581 1463 ποικίλαις
616 1400 995 1469 παραϐάσεσιν
1026 1396 1366 1469 ἀτιμούντων
1407 1397 1497 1450 τὸν
1534 1396 1689 1460 Θεὸν,

112 1494 225 1546 τότε
257 1493 324 1565 δὴ
353 1493 495 1557 τότε,
518 1494 606 1545 ἵνα
632 1494 666 1561 ἡ
707 1490 983 1561 ὑπερϐολὴ
1010 1490 1108 1560 τῆς
1136 1490 1367 1559 ἀπείρου
1390 1487 1691 1559 χρηστότη-

112 1599 197 1646 τος
217 1584 495 1651 ἀναφανῇ,
528 1580 787 1649 τοιαύτης
822 1581 856 1649 ἡ
889 1578 1205 1649 ἀνθρωπίνη
1242 1578 1403 1646 φύσις
1430 1576 1689 1648 διειλήχει

116 1674 268 1744 τιμῆς
286 1689 300 1704 ο
349 1672 569 1742 εύδοκία
606 1670 707 1742 μὲν
728 1670 823 1723 τοῦ
852 1669 1122 1723 ἀθανάτου
1150 1668 1384 1740 Ματρὸς,
1413 1668 1507 1720 τοῦ
1531 1668 1685 1736 ἀγίου

107 1764 173 1817 δὲ·
195 1764 456 1836 συνεργία
488 1756 804 1833 Πνεύματός
832 1762 862 1813 ὁ
888 1771 1182 1833 μονογενὴς
1210 1760 1302 1813 τοῦ
1328 1758 1462 1812 Θεοῦ
1488 1759 1683 1828 Λόγος,

107 1855 226 1907 ὅσον
279 1853 382 1924 τῆς
436 1852 623 1922 θεῖκῆς
672 1852 867 1923 μοίρας
922 1850 1123 1915 κτίζων
1159 1850 1250 1903 τὸν
1296 1850 1583 1916 ἄνθρωπον
1629 1847 1690 1913 ἐξ

107 1945 280 2014 ἀρῂς
314 1945 392 2016 τῷ
422 1942 587 1998 αὑτοῦ
623 1943 838 2013 σώματι
868 1942 1148 2005 κατέθετο,
1183 1943 1339 1996 τοῦτο
1366 1944 1486 2005 ταῖς
1520 1941 1689 2011 ψυχο-

108 2038 325 2108 ᾳθόροις
363 2036 662 2108 ἁμαρτίαις
709 2033 1116 2105 λελυμασμένον
1152 2033 1317 2104 ὁρῶν,
1346 2050 1688 2104 κατάτυραν-

105 2128 295 2182 νοῦντα
355 2129 411 2182 δὲ
460 2129 571 2182 τῶν
621 2125 840 2191 πάντων
885 2126 1092 2197 βροτῶν
1142 2125 1235 2178 τὸν
1280 2126 1550 2197 δράκοντα
1596 2126 1687 2179 τὸν

106 2221 585 2290 ἀποστάτηνίδὼν,
619 2217 1006 2290 καὶ.ὴ).εηκὼς,
1032 2217 1216 2271 οὐκέτι
1248 2218 1429 2280 ἄλλοις
1461 2219 1559 2287 τὴν
1586 2218 1687 2289 ἀρ-

108 2312 340 2381 (ιωστὲαν
389 2312 594 2379 ταύτην
632 2310 820 2379 ἐφίησι
871 2308 1118 2380 βοηθεῖνο
1155 2309 1217 2361 ού
1270 2309 1375 2380 γὰρ
1413 2307 1685 2378 αὔταρκες

106 2405 181 2466 εἰς
216 2402 468 2472 μεγάλων
508 2399 696 2453 παθῶν
732 2399 1028 2470 θεραπείαν
1062 2398 1200 2469 [αμα
1240 2398 1463 2471 μικρόν⁶
1505 2399 1580 2461 ὡς
1620 2399 1686 2451 ἂν

108 2491 155 2541 ὂὲ
195 2488 557 2559 κληρονομίαν
590 2486 725 2540 ἰδίαν
757 2486 935 2555 ἑαυτῷ
969 2486 1030 2551 ἐξ
1070 2486 1375 2557 ἀνθρώπων
1404 2487 1441 2538 ὁς
1476 2489 1540 2539 ἐκ
1573 2488 1685 2540 Πα-

110 2581 227 2648 τρὸς
254 2579 380 2641 Υἱὸς
408 2578 643 2648 ἀμήτωρ
672 2576 1067 2646 ἀναστήσηται,
1104 2576 1200 2629 καὶ
1222 2576 1323 2647 τὴν
1353 2578 1532 2630 εἰκόνα
1554 2579 1682 2631 ἑαυ-

109 2669 194 2721 τοῦ
229 2671 327 2736 τῆς
353 2670 684 2740 τυραννικῆς
713 2663 1165 2736 ἀπολυτρώσῃ-ται
1198 2667 1456 2737 κατοχῆς,
1482 2666 1683 2720 ἐκένω-

109 2775 195 2812 σεν
225 2758 417 2811 ἑαυτὸν
450 2757 579 2819 Υἱὸς
616 2754 902 2827 ἀνθρώπου
943 2755 1068 2825 δίχα
1107 2756 1308 2827 πατρὸς
1347 2756 1685 2825 γεννώμενος

104 2851 234 2917 ἡμῖν
270 2848 656 2922 καινοπρεπῶς
700 2850 796 2919 μὲν
836 2850 930 2902 καὶ
961 2849 1148 2914 ξένως,
1178 2850 1259 2903 ὅτι
1302 2850 1437 2922 ἀτερ
1466 2851 1681 2922 ἀνδρὸς,

106 2944 161 2990 τί)
192 2921 357 3003 ξένιος
383 2940 439 2991 δὲ
467 2940 840 3001 παντάπασιν,
868 2940 951 2993 ὅτι
979 2940 1039 3005 ἐξ
1066 2940 1223 3011 ἐμοῦ,
1245 2934 1399 3004 οὗτος
1427 2941 1516 2995 διὰ
1547 2959 1686 3013 παρ-

107 3028 323 3097 θενικῆς
350 3028 445 3081 καί
469 3025 631 3098 ἀγίας
665 3027 858 3101 βροτού
867 3045 1028 3098 μενος
1058 3030 1288 3099 μητρὸς,
1314 3030 1433 3094 ὅλος
1451 3031 1572 3084 ὅλον
1594 3031 1684 3084 τὸν

106 3119 170 3170 δι’
205 3106 479 3190 ἁμαρτίας
527 3119 767 3173 πεσόντα
811 3119 1181 3189 προσείληφεν
1225 3118 1417 3189 Ἀδὰμ,
1463 3120 1529 3173 ἵν’
1576 3121 1684 3193 ὅλῳ

107 3214 527 3283 περιποιήσηται
558 3212 659 3283 τὴν
689 3212 983 3283 σωτηρίαν.
1017 3210 1125 3264 Τοῦ
1159 3211 1225 3282 δὴ
1266 3211 1428 3283 χάριν
1474 3212 1685 3284 ἀνθρω-

109 3305 285 3365 πίνοις
314 3303 408 3356 ut
459 3303 562 3355 οὐκ
599 3302 962 3372 ἀνθρωπίνοις
1008 3301 1195 3373 νόμοις
1244 3302 1305 3367 ἐξ
1362 3302 1542 3371 ἀγνῶν
1591 3303 1687 3356 καὶ

109 3391 450 3464 παρθενικῶν
478 3392 802 3462 σπλάγχνων
832 3387 903 3462 (ὢ
936 3390 1123 3461 θαῦμα
1161 3392 1390 3445 ἄπιστον
1440 3391 1687 3463 βεϐήλοις

112 3484 427 3553 βροτοῖςι)ὁ
452 3483 723 3554 ἄμϐροτος
758 3481 1053 3553 βροτωθεὶς
1099 3480 1338 3553 προῆλθε
1378 3481 1510 3545 Θεὸς
1548 3468 1689 3553 opto;

108 3574 203 3626 καὶ
232 3573 538 3645 ἄνθρωπος,
562 3570 656 3629 δύο
681 3572 875 3642 φύσεις
906 3572 987 3634 εἰς
1015 3570 1073 3625 ἓν
1100 3572 1391 3642 πρόσωπον
1414 3571 1684 3640 συνάγων,

110 3664 207 3734 τὴν
238 3665 333 3735 μὲν
356 3664 743 3735 κρυπτομένην
774 3663 869 3717 καὶ
902 3663 1152 3729 ἀθέατον,
1180 3662 1279 3733 τὴν
1310 3662 1355 3716 δ’
1379 3664 1687 3733 ἀναφανδὸν

111 3756 412 3827 ἀνθρώποις
437 3756 723 3829 ὁρωμένην
745 3773 759 3786 ’
788 3748 864 3809 ὧν
890 3756 924 3827 ἡ
959 3754 1058 3826 μὲν
1088 3754 1220 3818 Θεὸς
1246 3750 1313 3826 ἦν
1334 3753 1413 3824 τῷ
1435 3754 1688 3824 ἀνάρχως

110 3849 363 3916 γεννῶντι
408 3848 715 3919 ὁμοούσίος,
744 3850 779 3920 ἡ
819 3848 876 3901 δὲ
908 3847 1195 3919 ἄνθρωπος
1238 3846 1482 3907 ἔκτισται
1522 3849 1589 3913 τῇ
1630 3846 1688 3899 ἐν

112 3940 286 4010 χρόνῳ
307 3940 537 4012 τεκούσῃ
566 3939 662 3993 καὶ
688 3940 820 4010 ἡμῖν
853 3938 1121 4011 ὁμοφυής.

114 4122 173 4176 51
218 4120 324 4193 (ει)
357 4118 459 4188 Εἷς
489 4123 633 4189 Θεὸς
657 4121 1091 4192 ἀμφοτέρωθεν,
1116 4120 1244 4175 ἐπεὶ
1267 4122 1689 4263 θεόττίτιθκιῗρα-

1449 4208 1493 4245 σ
1529 4210 1558 4246 ε
1583 4213 1617 4257 ς

1449 4208 1617 4257 (rt/etc

114 4261 184 4317 ΒΞ
220 4259 325 4316 Καὶ
371 4262 594 4331 ,ϐροτός
641 4261 711 4317 ἐκ
765 4261 1043 4329 θεότητος
1079 4260 1237 4324 ἄναξ
1288 4261 1389 4314 καὶ
1428 4259 1689 4331 Χριστὸς

1188 4331 1470 4403 {eadem},
1495 4333 1614 4387 κτλ.

184 4424 276 4489 Εἷς
299 4427 427 4492 Θεὸς
474 4424 925 4498 ὁμολογουμένως
949 4426 1015 4479 ὲκ
1050 4425 1196 4479 δυοῖν
1222 4425 1439 4494 φύσεων
1474 4426 1685 4497 ὑπέστη

114 4521 143 4573 δ
166 4519 391 4591 Χριστός
407 4536 422 4551 ο
443 4521 477 4591 ἡ
506 4518 617 4589 γάρ
639 4518 697 4571 έν
721 4516 870 4589 αὐτῷ
909 4516 1137 4589 βροτεία
1155 4516 1341 4585 φύσις,
1371 4520 1437 4588 τῇ
1469 4516 1688 4589 θεότητι

119 4611 235 4663 καθ’
251 4612 543 4665 ὑπόστασιν
569 4608 953 4679 συνενουμένη,
974 4608 1069 4661 καὶ
1090 4609 1124 4678 ἡ
1150 4607 1343 4679 θεότης
1370 4608 1689 4681 παραδόξως

117 4703 179 4770 τῇ
214 4699 587 4773 ἀνθρωπότητι
616 4697 1045 4769 συγκιρναμένη,
1065 4698 1094 4750 ὀ
1119 4697 1282 4760 αὐτὸς
1318 4696 1571 4768 βασιλεὺς
1596 4698 1689 4751 καὶ

118 4790 247 4854 Θεὸς
271 4794 363 4845 καὶ
411 4790 572 4853 ἀλλος
602 4789 720 4854 νέος
768 4789 938 4859 ’Δδὰμ
977 4787 1069 4841 τὸν
1118 4787 1347 4842 παλαιὸν
1394 4778 1689 4859 ἐξιώμενος

122 4882 443 4946 πιστεύεται,
471 4881 547 4944 ὡς
567 4880 672 4933 ὑπὸ
693 4876 1157 4950 παραπετάσματι
1182 4877 1240 4932 δὲ
1258 4877 1337 4950 τῷ
1362 4879 1689 4950 ἀνθρωπίνῳ

122 4972 455 5045 προϐλήματι
484 4971 815 5037 κεκάλυπτο,
844 4969 1059 5040 πρῶτον
1096 4969 1195 5039 μὲν
1220 4969 1301 5023 ὅτι
1335 4971 1410 5041 μὴ
1441 4970 1690 5042 καθαρὰν

122 5065 274 5118 αὑτοῦ
294 5066 390 5139 τὴν
415 5064 646 5134 θεότητα
671 5065 857 5134 φέρειν
883 5058 995 5115 οἷόν
1016 5078 1099 5129 τε,
1125 5062 1262 5133 μηδὲ
1284 5061 1531 5134 χωρητὸν
1551 5057 1691 5117 εἶναι

124 5155 297 5209 τοῦτον
326 5143 438 5220 τοῖς
467 5150 738 5226 ὲμπαθέοι
767 5142 953 5224 γυμνῇ
974 5152 1341 5224 προσεγγίσαι
1360 5156 1427 5225 τῇ
1453 5152 1689 5226 θεότητι*

126 5246 298 5299 ἔπειτα
334 5248 410 5310 ὡς
434 5246 502 5299 ἂν
527 5245 621 5299 τὸν
644 5244 947 5315 ἀρχέκακον
969 5242 1090 5312 ὅφιν
1116 5242 1528 5314 φρονιμώτατον
1550 5240 1691 5299 εἶναι

126 5334 229 5387 τῶν
258 5338 503 5391 ἁπάντων
532 5335 738 5408 θηρίων
771 5333 979 5405 νοητῶν
1013 5334 1383 5405 κατοιόμενον,
1408 5335 1488 5407 τῷ
1514 5353 1692 5405 φαινο-

133 5424 267 5495 μένῳ
293 5428 570 5492 δελεάσας,
605 5428 670 5497 τῇ
718 5426 897 5496 οἰκείᾳ
940 5424 1153 5496 θεότητι
1190 5424 1264 5489 ὡς
1309 5427 1367 5479 ὲν
1412 5426 1693 5499 ἀγκίστρῳ

134 5518 430 5591 περιπείρῃ,
461 5519 555 5572 καὶ
582 5517 657 5581 ὡς
697 5516 869 5587 ’Δδάμ
899 5515 999 5585 μὲν
1032 5514 1179 5586 αὐτῷ
1209 5515 1690 5586 προσπηδήσαντα,

133 5608 205 5670 ὼς
238 5609 347 5681 Θεῷ
373 5610 430 5664 δὲ
471 5609 919 5680 ἀντιϐολήσαντα,
954 5596 1148 5661 τοῦτον
1182 5608 1554 5679 κατανικήσας
1601 5610 1696 5663 καὶ

140 5698 293 5770 paea;
314 5702 495 5771 ἐκτίλῃ
510 5699 611 5771 τῆς
628 5698 825 5772 ἀρχῆς.
851 5718 871 5751 ι
893 5696 987 5770 Τῷ
1014 5699 1141 5770 πέρι
1164 5699 1385 5768 κάρτος,
1412 5715 1431 5749 ι
1454 5716 1508 5755 κ.
1530 5715 1582 5752 τ.
1612 5698 1695 5765 ἐξ.

2726 582 3055 654 [habuissent
3077 588 3259 656 legem,
3282 601 3387 642 etc.

1875 666 2007 734 Quae
2038 680 2295 725 enarrata
2324 679 2472 738 sunt,
2500 672 2579 727 ait
2603 673 2890 743 sapientia:
2924 673 3019 731 Dei
3058 676 3305 742 lucerna,
3324 679 3394 731 si-

1800 775 1868 814 ve
1910 762 2235 830 populorum
2289 766 2534 819 omnium
2576 766 2843 822 transitus
2869 768 2935 822 ad
2974 767 3277 834 Christum,
3311 770 3390 824 si-

1799 863 1865 904 ve
1900 846 2257 922 reliquiarum
2282 851 2449 910 Israel
2482 840 2715 911 salvatio
2746 872 2843 928 per
2868 858 3045 917 zelum
3081 867 3136 915 et
3170 875 3393 916 conver-

1799 940 2008 1007 sionem
2045 944 2111 997 ad
2146 943 2337 1009 Deum,
2373 945 2579 1001 ultimis
2609 948 2948 1017 temporibus
2979 950 3388 1006 revelabnntur.

1797 1031 2048 1088 Attamen
2080 1034 2274 1105 primis
2315 1036 2778 1094 manifestationis
2823 1039 3097 1095 iucarnati
3138 1041 3390 1096 Salvato-

1795 1122 1876 1189 ris
1905 1126 2268 1196 temporibus,
2302 1142 2427 1181 cum
2459 1128 2587 1182 hinc
2626 1138 2817 1199 gentes
2849 1129 2977 1185 odio
3020 1132 3175 1188 valde
3204 1137 3398 1189 essent

1794 1228 1912 1285 pra:
1951 1216 2141 1271 illicita
2171 1218 2504 1285 idololatria,
2530 1220 2657 1275 inde
2691 1235 2819 1275 vero
2858 1221 3022 1277 Israel
3051 1223 3219 1278 variis
3253 1223 3391 1291 legis

1794 1308 2328 1389 transgressionibus
2366 1309 2536 1364 Deum
2579 1310 2975 1377 inhonoraret,‘
3006 1321 3135 1367 tunc
3186 1321 3244 1366 nt
3272 1313 3419 1367 theo.

1793 1414 1993 1456 saurus
2021 1401 2302 1457 immensa:
2331 1402 2590 1458 bonitatis
2623 1404 3012 1469 illustraretur,
3044 1412 3253 1460 tantum
3287 1406 3390 1459 hu-

1791 1504 1953 1544 mana
2020 1499 2214 1547 natura
2274 1494 2467 1549 sortita
2514 1502 2602 1550 est
2652 1495 2963 1550 honorem:
3013 1496 3169 1565 juxta
3198 1496 3390 1569 aeterni

1788 1577 1968 1635 Patris
2024 1580 2448 1651 beneplacitum,
2508 1593 2841 1651 cooperante
2876 1580 2879 1583 ’
2910 1581 3118 1653 Spiritu
3169 1591 3387 1645 sancto,

1789 1668 2049 1734 Verbum,
2087 1671 2403 1741 unigenitus
2437 1671 2530 1727 Dei
2566 1672 2756 1738 Filius,
2801 1688 2965 1743 quam
3005 1672 3204 1728 divina:
3230 1673 3387 1728 intel-

1787 1761 2023 1833 ligentia:
2052 1762 2345 1817 scintillam
2391 1764 2461 1818 ab
2492 1760 2647 1818 initio
2688 1779 2887 1819 creans
2914 1764 3190 1820 hominem
3226 1766 3282 1820 in
3316 1767 3391 1834 ip-

1789 1854 1907 1906 sius
1935 1867 2166 1922 corpore
2206 1854 2592 1921 constituerat,
2639 1869 2761 1908 eam
2804 1854 3054 1910 letalibus
3101 1850 3387 1911 erroribus

1791 1950 2111 1998 evacuatam
2149 1956 2401 2007 cernens.
2433 1942 2628 1998 videns
2659 1952 2711 1998 et
2744 1944 3032 2013 tyrannice
3072 1944 3391 2014 opprimeno

1792 2044 1901 2090 tem
1937 2050 2129 2089 omnes
2170 2042 2435 2106 quotquot
2483 2035 2674 2101 vivunt
2716 2032 3015 2090 draconem
3046 2032 3381 2106 a'postatam,

1788 2127 2166 2183 misericordia
2210 2134 2393 2182 motus
2418 2126 2554 2184 alios
2588 2143 2698 2181 non
2747 2127 2882 2182 sinit
2913 2129 2970 2182 in
3022 2135 3176 2203 tanta
3228 2130 3387 2182 auxi-

1788 2218 1908 2274 liari
1954 2219 2270 2274 inﬁrmitate
2302 2219 2581 2275 destitutis
2616 2236 2629 2272 :
2663 2234 2772 2272 non
2808 2218 3163 2280 sollicitenim
3188 2220 3255 2291 ad
3280 2234 3393 2273 ma-

1787 2323 2016 2377 gnorum
2046 2309 2314 2362 malorum
2341 2322 2527 2381 curam
2569 2302 2685 2363 leve
2714 2308 3017 2362 remedium
3047 2326 3063 2374 ;
3098 2308 3385 2369 nimirum.

1788 2405 1847 2450 ut
1877 2413 1946 2451 ex
1989 2396 2304 2453 hominibus
2324 2398 2615 2453 suscitaret
2648 2397 2750 2451 sibi
2798 2404 2987 2467 gentss
3015 2396 3196 2455 haeret!
3220 2408 3242 2452 t
3276 2403 3387 2453 tem

1788 2502 1966 2543 suam.
2018 2487 2190 2543 Filius
2232 2487 2414 2542 Patris
2443 2486 2563 2557 sine
2597 2489 2876 2551 matre,’ut
2909 2486 3200 2556 imaginem
3231 2502 3387 2542 suam

1785 2578 2077 2633 redimeret
2101 2594 2131 2633 a
2152 2579 2434 2650 tyrannica
2464 2576 3154 2648 possessione,exinanivit
3187 2583 3390 2633 seruet-

1788 2668 1967 2739 ipsum
2022 2659 2194 2725 Filius
2234 2669 2472 2723 hominis
2495 2669 2615 2723 sine
2648 2678 2805 2739 patre
2839 2676 3004 2723 natus
3057 2669 3236 2729 nobis.
3289 2683 3389 2722 no-

1787 2774 1913 2813 vum
1946 2771 2111 2830 super
2132 2767 2358 2824 terram,
2402 2748 2705 2830 alienigena
2730 2762 2857 2831 quia
2883 2760 3003 2816 sine
3034 2745 3173 2823 viro,
3204 2771 3257 2815 et
3278 2776 3390 2815 non

1786 2851 2117 2922 alienigena,
2145 2852 2271 2923 quia
2314 2860 2508 2906 natura
2539 2852 2674 2907 mihi
2720 2853 2941 2920 similis,
2968 2853 3086 2924 ipse
3133 2868 3228 2923 per
3264 2850 3388 2908 Vir-

1785 2942 1967 3013 ginem
2032 2951 2279 2998 sanctam
2320 2950 2549 2997 matrem
2590 2943 2766 2999 lactus
2810 2945 3082 3009 mortalis,
3116 2953 3264 2998 totus
3307 2952 3391 2997 lo-

1788 3042 1900 3087 tum
1928 3032 2100 3086 Adam
2142 3047 2239 3101 per
2270 3044 2553 3101 peccatum
2587 3031 2802 3101 lapsum
2834 3032 3159 3103 assumpsit,
3203 3034 3276 3086 ita
3331 3040 3390 3087 ut

1791 3124 1942 3179 omni
1972 3122 2177 3177 homini
2215 3122 2446 3177 salutem
2481 3120 2812 3192 acquireret.
2848 3121 3211 3188 Quamobrem
3229 3123 3389 3193 juxta

1792 3216 1940 3289 leges
1974 3215 2197 3269 humani
2238 3215 2475 3284 generis,
2511 3224 2565 3270 et
2595 3215 2834 3269 humano
2862 3214 3049 3285 generi
3100 3215 3328 3280 alienas,
3359 3230 3394 3270 ο

1789 3308 1913 3365 sinu
1945 3318 2100 3362 casto
2138 3316 2192 3361 et
2222 3306 2499 3376 virginali,
2561 3321 2595 3360 ο
2629 3306 2829 3361 mirum
2871 3322 3037 3378 supra
3086 3307 3244 3362 [idem
3290 3323 3391 3377 pro

1789 3396 2032 3468 profanis
2116 3396 2479 3451 mortalibus!
2576 3405 2820 3453 aeternus
2873 3399 3125 3453 mortalis
3209 3399 3389 3457 lactus

1790 3502 2048 3557 egressus
2074 3494 2160 3543 est
2192 3486 2335 3543 Deus
2372 3487 2537 3542 simul
2569 3494 2625 3543 et
2666 3489 2850 3553 homo,
2875 3489 3014 3544 duas
3056 3496 3283 3547 naturas
3332 3493 3390 3546 in

1789 3594 1957 3633 unam
1994 3594 2283 3647 personam
2328 3578 2629 3644 adducens,
2663 3595 2895 3651 quarum
2918 3582 3088 3635 altera
3123 3584 3299 3636 velata
3333 3592 3389 3637 ct

1790 3668 2106 3733 invisibilis,
2138 3669 2309 3722 altera
2338 3658 2515 3740 palam
2550 3678 2883 3725 cerneretur
2938 3670 3007 3724 ab
3050 3670 3387 3734 hominibus.

1788 3759 1879 3814 illa
1917 3759 2061 3813 Deus
2103 3767 2251 3815 esset
2283 3758 2518 3829 genitori
2550 3766 2677 3813 ante
2701 3772 2864 3812 omne
2893 3759 3224 3830 principium
3250 3776 3386 3815 con-

1788 3850 2192 3914 substantialis,
2226 3849 2342 3904 haec
2376 3842 2540 3903 homo
2571 3864 2667 3919 per
2694 3849 3033 3903 creationem
3064 3857 3233 3914 esset,
3264 3865 3387 3905 eam

1791 3949 2042 3995 naturam
2068 3956 2193 3995 cum
2224 3948 2401 3995 tnatre
2444 3954 2566 4009 qua:
2601 3940 2841 3993 divinam
2870 3940 3078 4010 prolem
3111 3943 3295 4013 genuit
3330 3942 3386 3996 in

1790 4042 2033 4102 tempore
2071 4032 2467 4100 nobiscumque
2494 4030 2765 4087 soi-tiens.

1782 4125 1853 4193 51
1896 4122 2042 4179 Unus
2068 4123 2207 4177 Deus
2230 4124 2495 4192 utrinque,
2534 4123 2792 4193 siquidem
2825 4123 3012 4179 deitati
3031 4126 3243 4181 mixtus.

1790 4262 1860 4318 52
1901 4260 1968 4316 Et
1989 4260 2144 4315 Itonia
2174 4274 2265 4326 per
2296 4258 2543 4313 deitatem
2574 4274 2667 4312 rex
2695 4266 2745 4312 et
2766 4255 3013 4317 Christus
3033 4260 3253 4327 exstitit,
3278 4269 3383 4316 etc.

1864 4421 2019 4478 Unus
2048 4420 2214 4485 Deus,
2238 4419 2450 4477 duabus
2474 4425 2735 4474 constans
2790 4418 3003 4474 naturis
3035 4417 3105 4473 ab
3147 4418 3387 4477 homini-

1791 4515 1894 4571 bus
1922 4512 2251 4584 praedicatur
2300 4510 2577 4566 Christus.
2633 4509 2880 4580 Namque
2920 4510 2974 4565 in
3026 4511 3146 4582 ipso
3190 4520 3388 4567 natura

1793 4605 2042 4661 mortalis
2107 4604 2376 4658 divinitati
2440 4601 2739 4659 secundum
2784 4601 3121 4672 hypostasim
3152 4603 3303 4661 unita
3330 4611 3388 4658 et

1794 4682 2055 4751 divinitas
2079 4695 2410 4749 mirabiliter
2422 4692 2745 4748 humanitati
2770 4691 3086 4762 conjuncta,
3106 4708 3235 4750 ecce
3267 4708 3388 4757 rex.

1795 4786 1962 4852 Deus,
1998 4800 2173 4841 novus
2202 4784 2371 4839 Adam
2423 4784 2582 4849 alter,
2619 4782 2849 4837 alterum
2886 4790 3119 4838 veterem
3184 4798 3389 4838 sanans

1795 4880 2059 4935 creditur.
2100 4876 2194 4932 Sic
2229 4877 2333 4931 sub
2358 4875 2629 4934 velamine
2694 4873 2935 4929 hominis
2974 4874 3145 4927 forma
3187 4888 3392 4945 mysta-

1796 4970 1880 5026 rio
1935 4971 2095 5039 plena
2132 4968 2355 5030 latebat,
2387 4969 2564 5036 primo
2593 4964 2835 5034 quidem,
2865 4964 2992 5035 quia
3021 4980 3211 5035 puram
3270 4966 3390 5034 ejus

1796 5061 2136 5119 divinitatem
2196 5058 2339 5113 ferre
2406 5057 2584 5121 nefas,
2632 5070 2809 5131 neque
2851 5070 2976 5109 cum
3014 5054 3391 5112 all‘ectionihus

1796 5154 2007 5210 nostris
2056 5151 2378 5222 simpliciter
2422 5148 2772 5203 manifestata
2804 5146 3065 5204 divinitas
3099 5150 3393 5219 appropin-

1798 5246 1954 5317 quari
1990 5251 2189 5315 potest.
2220 5240 2428 5296 Deinde
2457 5246 2517 5295 ut
2546 5253 2822 5295 summum
2869 5236 2924 5292 in
2947 5238 3153 5293 malitia
3170 5255 3393 5309 serpen-

1800 5346 1931 5403 tem,
1979 5335 2073 5407 qui
2122 5333 2417 5406 putabatur
2443 5320 2836 5388 callidissimus
2860 5333 3102 5387 omnium
3141 5334 3392 5387 animan-

1799 5428 1934 5483 tiqu
1968 5425 2322 5496 intelligentia
2355 5423 2727 5495 prteditorum,
2766 5424 2947 5493 specie
2974 5422 3224 5497 delusum
3259 5440 3391 5493 pro-

1800 5519 1922 5590 prio
1992 5518 2215 5573 numine
2274 5516 2432 5587 quasi
2460 5516 2621 5569 hamo
2655 5515 3019 5587 transﬁgeret.
3060 5522 3114 5567 et
3141 5514 3390 5570 eumdem

1802 5612 2100 5666 irruentem
2138 5608 2195 5664 in
2225 5606 2507 5665 Christum
2544 5615 2805 5676 tanquam
2841 5606 2896 5659 i‘n
2938 5605 3230 5671 Adamum,
3271 5614 3395 5659 tan-

1803 5696 1967 5773 quam
2012 5699 2122 5758 Deo
2164 5710 2345 5758 autem
2376 5714 2503 5759 cum
2561 5698 3037 5758 obsecrationibus
3080 5698 3391 5753 ohviautem

205 5857 313 5927 ω)
340 5857 506 5921 Iidem
534 5877 731 5924 versus
774 5859 1099 5936 repetuntur
1137 5872 1312 5918 carm.
1341 5859 1378 5913 2
1409 5858 1512 5935 [1],
1547 5873 1689 5918 vers.

1795 5860 1862 5932 ιδ,
1897 5860 2017 5917 ist.
