4010 6298
161 380 257 437 709

163 501 253 552 καὶ
302 496 699 566 ἀκῳγωνιαῖκ
742 495 885 558 λίθος
937 495 1189 559 ἐκλεκτὸς
1233 499 1327 550 καὶ
1378 497 1592 568 ἔντιμος
1629 500 1734 570 Ἶη-

164 587 285 649 σοῦς
313 588 343 638 ὁ
370 585 607 656 Χριστὸς
635 588 699 638 ἐν
726 588 791 656 τῇ
826 585 962 638 Σιὼν
992 585 1177 657 ἐτέθη,
1206 588 1290 658 ἐφ’
1330 589 1518 642 ἑαυτὸν
1547 591 1738 643 ἑκατέ-

159 692 282 747 ρους
312 676 393 737 είς
431 677 489 727 ἓν
524 675 756 729 συνδέων
783 676 909 738 τοὺς
951 677 1146 740 λαούς·
1188 677 1376 748 ὥσπερ
1417 680 1475 733 δὲ
1519 681 1738 751 πνεῦμα

156 761 217 835 ἧν
253 765 284 817 ὁ
313 767 478 828 αὐτὸς
508 766 603 819 καὶ
626 766 780 836 σάρξ,
806 765 947 818 οῦτω
979 767 1073 820 καὶ
1092 766 1360 838 κάθαρσιν
1390 771 1502 834 τοῖς
1526 770 1734 841 ἀνθρώ-

158 873 274 918 ποις
316 856 618 926 παρέχεται
659 855 866 926 διττὴν,
893 858 992 926 τήν
1019 873 1080 908 τε
1116 856 1212 910 τοῦ
1250 857 1452 922 ζῶντος
1482 859 1735 929 [Ινεύμα-

159 962 260 1007 τος.
296 939 343 1012 ᾧ
367 947 459 998 καὶ
483 947 543 998 τὸ
572 945 714 1016 ὕδωρ
741 945 836 999 τοῦ
868 945 1242 1019 βαπτίσματος
1281 949 1524 1004 κάτωθεν
1559 950 1731 1020 παρέ·-

157 1052 331 1099 mtas,
354 1034 457 1103 τήν
479 1052 539 1087 τε
567 1035 658 1087 τοῦ
683 1035 914 1106 αἵματος
929 1036 1163 1107 Χριστοῦ
1186 1038 1280 1091 τοῦ
1302 1039 1557 1108 χυθέντος
1587 1041 1729 1112 ὑπὲρ

156 1127 305 1195 ἡμῶν
331 1128 392 1178 ὲν
417 1125 495 1196 τῷ
512 1125 730 1198 σταυρῷ
755 1126 942 1179 ’τοῦτό
970 1128 1087 1181 ἔστι
1113 1129 1173 1186 τὸ
1194 1122 1383 1201 αἷμαή
1412 1130 1512 1199 τῆς
1536 1130 1729 1204 διαθή-

153 1233 250 1286 κης
280 1217 385 1286 τῆς
409 1217 602 1288 καινῆς
624 1218 879 1287 σφραγὶς,
907 1218 935 1272 δ
958 1219 1024 1291 δὴ
1043 1219 1235 1291 ῥύσιόν
1267 1239 1327 1274 τε
1357 1222 1448 1276 καὶ
1477 1222 1728 1295 λυτήριον

1191 381 1256 436 ΙΝ
1292 381 1601 439 CARMINA
1633 383 1917 442 ARCANA
1955 385 2014 443 S.
2043 387 2396 447 GREGORH.

3317 404 3424 462 710

1837 503 1894 556 in
1926 500 2056 557 Sion
2072 507 2282 575 positus
2315 504 2482 571 est,in
2506 505 2690 577 seipse
2718 516 3013 581 utrumque
3047 511 3299 571 adunans
3326 532 3425 588 po-

1846 593 2082 663 pulum;
2145 606 2199 650 et
2237 600 2381 652 sicut
2421 604 2540 652 erat
2594 598 2713 668 ipse
2765 598 3005 670 Spiritus
3049 612 3103 658 et
3153 619 3307 673 caro,
3342 609 3425 664 sic

1843 683 2161 740 hominibus
2177 687 2451 757 duplicem
2471 689 2907 756 purificationem
2942 692 3168 762 praebet,
3194 697 3438 755 alteram.

1841 773 2070 842 spiritus
2119 776 2244 832 vitae
2289 792 2451 848 quem
2491 779 2741 849 sequitur
2781 796 2810 835 a
2875 791 3020 837 terra
3077 785 3426 855 baptismatis

1837 877 2003 932 aqua,
2044 865 2271 921 alteram
2307 869 2592 939 sanguinis
2617 870 2823 926 Christi
2846 889 3012 943 super
3036 891 3138 931 nos
3174 878 3230 931 in
3257 892 3422 935 cruce

1836 953 1994 1010 effusi
2029 956 2165 1015 :bic
2187 961 2438 1028 sanguis,
2473 960 2600 1014 novi
2632 965 2939 1018 testamenti
2983 964 3181 1034 foedus,
3233 969 3424 1038 piacuc

1838 1045 1949 1098 lum
1976 1052 2031 1100 et
2061 1046 2365 1118 redemptio
2392 1049 2742 1120 originalium
2769 1054 3107 1109 macularum
3132 1058 3295 1127 primi
3325 1073 3423 1130 pa-

1837 1135 1940 1190 tris
1995 1136 2100 1192 hoc
2161 1139 2400 1208 pretium
2465 1138 2719 1196 funditur
2772 1142 3179 1213 puriﬁcationis
3247 1151 3420 1206 totius

1836 1225 2047 1280 mundi.

150 1309 255 1362 τῶν
273 1307 371 1362 τοῦ
403 1309 744 1380 προπάτορος
789 1309 938 1363 ἔστιν
975 1311 1288 1382 ἀρχεγὸνων
1316 1314 1528 1380 παθῶν,
1571 1315 1730 1369 τοῦτο
1766 1317 1861 1370 καῖ
1875 1317 2073 1390 λύτρον
2091 1318 2234 1390 ὑπὲρ
2248 1320 2374 1373 ὅλου
2408 1320 2730 1394 καθάρσεως
2760 1304 2984 1394 κέχυται
3007 1325 3101 1380 τοῦ
3123 1327 3349 1400 κόσμου.

150 1436 217 1492 82
250 1438 323 1490 ει
346 1436 468 1505 μὲν
492 1436 571 1506 δὴ
593 1436 680 1507 μὴ
716 1439 967 1506 τρεπτὸς
1005 1439 1116 1508 ἔην
1153 1441 1395 1509 βροτὸς,
1424 1444 1560 1498 ἀλλ’
1584 1444 1727 1499 d66-

1225 1511 1498 1582 υιαστος,
1528 1515 1648 1570 κτλ.

216 1619 281 1672 Et
309 1617 528 1690 ἀληθῶς
549 1619 656 1691 ἀρα
679 1619 743 1673 ού
766 1620 1000 1692 τρεπτδς
1024 1622 1162 1677 ἀλλά
1186 1623 1455 1696 ἄτρεπτος
1476 1627 1570 1680 καὶ
1595 1629 1727 1698 άμεο

148 1708 405 1780 τακλινὴς
435 1709 528 1762 επὶ
563 1708 626 1763 es
655 1711 1038 1782 xstpov‘E-{wys
1068 1713 1483 1786 πέπλασμαι,ὲκ
1508 1718 1724 1789 προσώ-

153 1816 249 1852 που
273 1800 376 1871 τῆς
411 1799 830 1873 ἀνθρωπότητος
886 1804 920 1873 ή
955 1803 1276 1876 θεοῤῥήμων
1305 1807 1524 1875 γλῶσσά
1565 1826 1722 1879 φησι,

154 1889 310 1959 μόνος
333 1890 402 1944 ἂν
429 1890 657 1965 ἐδεόμην
677 1892 780 1962 τῆς
802 1889 1180 1962 σωτηριώδους
1196 1894 1291 1948 τοῦ
1323 1896 1456 1950 Θεοῦ
1480 1901 1720 1970 ἐντολῆςο

153 1981 182 2051 ἢ
206 1983 651 2054 περιφρουροῦσα
665 1982 760 2037 καὶ
777 1976 1023 2048 σώζουσα
1039 1986 1118 2049 εἰς
1139 1987 1280 2057 μέγα
1299 1988 1365 2042 ἀν
1388 2007 1456 2060 με
1485 1993 1724 2065 προῆγεν

149 2071 360 2141 ὕψοῦσα
387 2072 546 2141 δόξης
585 2090 646 2126 τε
691 2073 784 2127 καὶ
821 2075 1020 2146 τιμῆςσ
1058 2076 1153 2130 νῦν
1184 2077 1240 2130 δὲ
1271 2080 1456 2154 ἐπειδὴ
1508 2085 1606 2153 οὐχ
1649 2084 1724 2148 ὡς

148 2158 278 2213 Θεδν
311 2160 667 2230 ἀμετάθετον,
708 2163 825 2216 ἀλλ’
851 2163 928 2228 ὡς
977 2162 1115 2227 ζῶον
1164 2165 1380 2223 ἔκτισεν
1423 2172 1723 2242 εὐμετάϐο-

149 2247 255 2313 λον,
279 2251 570 2324 ἀμφιρεπῆ
598 2269 658 2305 τε
678 2253 860 2307 κλιτόν
880 2272 960 2318 τε,
991 2256 1078 2309 ἐπ’
1095 2256 1298 2328 ἀρετήν
1322 2275 1381 2312 τε
1407 2261 1500 2314 καὶ
1525 2263 1723 2318 κακίαν

148 2342 348 2410 ὁμοίοις
376 2343 563 2414 ῥέπειν
597 2343 690 2397 καὶ
725 2344 1118 2410 ὲπικλίνεσθαι,
1147 2348 1455 2421 ὁποτέρωσε
1497 2351 1720 2419 νεύσειε,

147 2428 460 2500 δυνάμενον,
485 2430 574 2486 διὰ
602 2431 761 2487 τοῦτο
779 2434 874 2488 καὶ
901 2434 1112 2489 πλείοσι
1143 2436 1480 2509 βοηθήμασιν
1502 2440 1580 2505 ὡς
1608 2444 1725 2512 φιλ-

145 2519 349 2587 άγαθος
385 2521 772 2594 ὕποπηρίζει·
805 2525 914 2578 τῶν
963 2525 1325 2599 βοηθημάτων
1353 2530 1408 2583 δὲ
1437 2531 1496 2585 ἓν
1525 2533 1619 2587 καὶ
1660 2535 1723 2588 τὸ

147 2610 436 2666 κάλλιστον
478 2613 512 2683 ή
565 2613 656 2681 διά
702 2613 930 2691 λουτροῦ
986 2617 1081 2670 καὶ
1131 2618 1507 2696 βαπτίσματος
1561 2627 1722 2696 χάρις

145 2697 314 2755 ἐστίν.
334 2701 446 2755 Καὶ
468 2703 572 2774 γάρ
595 2703 655 2756 ὃν
675 2689 878 2774 τρόπον
900 2706 1168 2778 Ἐϐραίων
1188 2689 1378 2773 παῖδές
1398 2689 1719 2785 ποτε

145 2789 342 2859 ἀλόγου
374 2791 453 2861 τῷ
477 2793 669 2863 αἵματι
690 2794 789 2858 τὰς
813 2796 923 2849 τῶν
951 2797 1137 2850 οἰκιῶν
1173 2799 1486 2870 ἀλείφοντες
1518 2805 1576 2856 ὲν
1606 2821 1723 2860 συν⁸

146 2876 389 2950 τάγματί
403 2881 610 2953 Κυρίου
636 2884 818 2952 φλιάς,
847 2885 936 2939 ὅτε
955 2887 1063 2940 πᾶν
1093 2891 1436 2958 πρωτογενὲς
1466 2893 1524 2945 ἐν
1554 2893 1723 2962 Αίγύ-

151 2989 266 3043 πτῳ
291 2972 402 3027 ἀπὺ
432 2973 719 3045 ἀνθρώπου
746 2968 852 3039 ἕως
883 2979 1112 3049 κτήνους
1139 2982 1199 3033 ἑν
1239 2983 1339 3053 μιᾷ
1363 2982 1723 3059 ἐξανῃροῦντο

148 3063 323 3131 νυκτὶ,
342 3065 462 3118 τότε
484 3060 629 3120 οὗτοι
660 3066 738 3138 τῷ
759 3068 973 3139 τυπικῷ
995 3069 1254 3141 χρίσματι
1276 3071 1468 3143 ἐκείνῳ
1487 3072 1585 3146 τὴν
1615 3077 1724 3151 ἀπὸ

147 3156 241 3210 τοῦ
279 3157 600 3230 ὀλοθρευτοῦ
623 3159 803 3232 λύμην
835 3161 1199 3234 διεδίδρασκον
1223 3181 1237 3194 ·
1265 3162 1409 3219 οὕτω
1429 3167 1598 3238 κάμοὶ
1626 3167 1721 3221 τοῦ

147 3245 320 3317 ἀμνοῦ
348 3245 442 3301 τοῦ
470 3247 605 3302 Θεοῦ
633 3248 726 3304 τοῦ
755 3251 857 3322 τὴν
900 3251 1173 3324 ἁμαρτίαν
1205 3253 1454 3325 αἴροντος
1492 3256 1586 3310 τοῦ
1625 3257 1720 3310 κό-

151 3339 286 3404 σμου
320 3336 382 3388 τὸ
404 3335 621 3408 πνεῦμα
645 3338 739 3391 καὶ
763 3341 824 3390 τὸ
843 3331 982 3410 αἷμα
1015 3340 1273 3410 Χριστοῦ,
1305 3344 1542 3414 σφραγὶς
1566 3345 1721 3417 θεὸῤ-

150 3428 308 3495 ρυτος
328 3428 419 3480 καὶ
442 3426 583 3498 ἴαμα
609 3427 952 3494 ἀλεξίκακον,
985 3430 1064 3502 τῷ
1088 3449 1149 3485 τε
1176 3433 1252 3505 νῷ
1283 3435 1379 3488 καὶ
1403 3434 1480 3506 τῷ
1509 3434 1722 3508 σώματι

147 3515 222 3578 ὡς
265 3515 416 3570 οἴκου
463 3516 645 3586 φλιαῖς
685 3519 878 3590 νοητοῦ
921 3521 1217 3593 χριομένῳ,
1251 3525 1577 3596 χρηματίζει
1628 3529 1722 3582 καὶ

149 3608 412 3674 παντοίων
473 3607 841 3682 ἀποτρόπαιον
889 3612 1270 3669 ἀποδείκνυται
1331 3617 1541 3672 κακῶν.
1595 3618 1722 3683 Τοῖς

152 3699 249 3768 μὲν
302 3694 391 3754 οὖν
448 3698 525 3764 ὡς
582 3699 796 3754 ἀτελέσι
853 3701 946 3756 καὶ
1008 3704 1222 3774 νηπίοις
1273 3705 1334 3760 τὸ
1384 3708 1629 3779 τυπικῶς
1685 3708 1720 3782 ἢ

151 3789 392 3853 σκιωδῶς
452 3791 572 3844 ἐκεῖ
627 3793 1074 3864 παρειλημμένον
1115 3795 1326 3867 χρίσμα
1360 3799 1606 3870 ,τοπικήν
1659 3817 1720 3852 τε

152 3879 245 3932 καὶ
295 3879 629 3953 πρόσκαιρον
677 3881 854 3936 είτουν
911 3885 1232 3956 σωματικὴν
1285 3889 1556 3959 σωτηρίαν
1605 3877 1720 3954 rei;

150 3968 456 4040 χριομένοις
487 3969 834 4025 ὑπετείνατο·
889 3974 1139 4029 ινταυθοῐ
1185 3977 1241 4030 δὲ
1288 3979 1322 4049 ή
1369 3980 1460 4035 διά
1493 3981 1720 4054 λουτροῦ

150 4058 564 4129 παλιγγενεσίας
594 4062 856 4135 διδομένη
889 4065 1050 4136 χάρις
1077 4066 1170 4121 τοῦ
1200 4069 1514 4140 Πνεύματος
1541 4072 1636 4127 καὶ
1659 4073 1721 4128 τὸ

148 4148 240 4202 τοῦ
270 4150 566 4219 φωτοδότου
597 4146 736 4223 αἷμα
778 4153 957 4226 Ἰησοῦ
990 4157 1190 4228 ἀρίστη
1230 4157 1436 4226 γίνεται
1484 4163 1722 4233 σφραγὶς

149 4241 241 4293 καὶ
267 4241 537 4312 ἀσφάλεια
568 4243 802 4316 μυστικὴ
834 4245 953 4310 νοδς
979 4249 1075 4302 καὶ
1115 4248 1293 4320 ψυχῆς
1322 4252 1416 4306 καὶ
1443 4249 1717 4323 σώματος,

147 4326 257 4403 οἶόν
285 4350 368 4397 τις
396 4332 655 4405 ἀρραϐὼν
688 4334 836 4407 ζωῆς
867 4337 1088 4392 αἰωνίου
1115 4341 1215 4394 καὶ
1252 4342 1593 4397 ἀκαταλύτου
1623 4345 1720 4415 βα.-

149 4421 387 4489 σιλείας,
429 4425 546 4489 τοῖς
592 4425 766 4492 ἀξίοις
811 4427 1179 4499 λαμϐάνουσιν
1226 4431 1619 4508 βραδευομένηο
1658 4437 1717 4492 ἑν

145 4514 294 4584 αύτῷ
317 4515 427 4586 γάρ
449 4515 529 4587 τῷ
549 4517 645 4571 τοῦ
681 4518 855 4590 ἀμνοῦ
879 4519 971 4574 τοῦ
999 4520 1134 4574 Θεοῦ
1163 4523 1447 4594 χρίσματι,
1485 4525 1580 4579 τοῦ
1612 4527 1706 4598 βά-

148 4599 273 4666 θους
295 4603 395 4675 τῆς
431 4603 608 4675 λύπης
646 4606 744 4660 καὶ
783 4606 886 4677 τῆς
931 4607 1311 4676 ἀπογνώσεως,
1365 4612 1462 4666 καὶ
1503 4613 1566 4684 δὴ
1619 4614 1715 4668 καὶ

145 4691 239 4747 τοῦ
280 4696 376 4766 τῆς
407 4695 682 4773 ἁμαρτίας
713 4696 913 4769 βάρους
960 4699 1102 4753 κατὰ
1135 4701 1330 4772 μικρὸν
1357 4702 1714 4773 ἀνακουφιζό-

151 4798 315 4853 μενοι,
353 4770 566 4839 καὶτὸν
595 4785 798 4858 αὐχένα
823 4789 1194 4854 ἀνατείνοντες
1211 4770 1312 4862 τῆς
1335 4791 1536 4864 ψυχῆς,
1574 4770 1718 4866 πρὸς

146 4876 240 4946 τήν
271 4876 519 4948 οὐράνιον
549 4877 694 4949 ζωὴν
723 4878 826 4944 τὰς
866 4881 1093 4953 πορείας
1131 4884 1574 4956 κατευθυνόμεθα
1617 4886 1712 4941 τοῦ

146 4965 256 5021 νοῦ.
290 4967 398 5021 Καὶ
428 4966 539 5037 γὰρ
565 4967 755 5038 ὥσπερ
796 4970 1097 5042 ὁδοιπόροις,
1132 4972 1436 5044 ἐπιτηδείου
1479 4974 1718 5028 καταλύ-

150 5071 312 5122 ματος
363 5056 748 5128 εὐμοιρηκὼς,
799 5058 895 5111 καὶ
938 5057 1049 5112 τῶν
1109 5060 1293 5116 κόπων
1345 5062 1712 5129 ἀναπνεύσας,

147 5141 308 5214 vsan
339 5141 615 5213 προθυμίᾳ
643 5143 738 5197 καὶ
780 5144 1153 5218 συντονωτέρᾳ
1187 5147 1322 5218 πρὸς
1359 5149 1420 5203 τὸ
1461 5150 1590 5221 ἑξῆς
1618 5152 1719 5222 τῆς

149 5233 364 5300 πορείας
406 5232 761 5297 διανίσταται,
800 5233 944 5287 οὕτω
989 5237 1083 5290 καὶ
1131 5238 1162 5290 ὁ
1201 5238 1302 5308 τῆς
1351 5240 1574 5311 χάριτος
1618 5241 1716 5296 τοῦ

150 5321 298 5388 ἀγίου
347 5321 661 5394 Πνεύματος
690 5325 784 5378 καὶ
827 5326 1058 5396 αἵματος
1101 5327 1160 5382 ἐν
1207 5328 1457 5400 αἰσθήσει
1487 5333 1740 5403 καρδίας

150 5413 240 5464 καὶ
288 5412 464 5474 πίστει
512 5412 705 5484 βεϐαίᾳ⁵
743 5415 1150 5487 κατηξιωμένος
1177 5418 1270 5470 τοῦ
1310 5419 1569 5490 Χριστοῦ,
1602 5422 1714 5475 τῶν

149 5517 203 5555 τε
247 5502 552 5558 λυπούντων
597 5506 870 5571 ἁπάντων,
905 5507 1014 5560 τῶν
1041 5525 1104 5589 ςτε
1133 5506 1472 5580 βαρυνόντων
1503 5512 1712 5582 νοητῶς

152 5592 182 5661 ἦ
207 5595 297 5648 καὶ
321 5596 611 5666 ὁρωμένως
644 5599 703 5651 τὸ
728 5597 891 5669 ἄχθος
915 5601 1011 5653 καὶ
1044 5602 1143 5670 τῆς
1172 5601 1402 5672 ἀκηδίας
1432 5603 1523 5657 τὸν
1550 5605 1714 5674 ὄγκον

153 5682 646 5756 ἀποσκευαζόμενος
668 5689 763 5742 καὶ
791 5690 1204 5761 ἀνανεούμενος,
1233 5694 1506 5758 εὐσταλῶς
1533 5713 1590 5749 τε
1621 5700 1713 5750 καὶ

157 5778 531 5847 πεπονημένοις
580 5779 717 5850 πρὸς
760 5781 861 5846 τὰς
897 5782 1188 5855 ἀγαπητάς
1234 5786 1328 5840 τοῦ
1368 5786 1484 5863 τῶν.
1517 5789 1710 5858 φώτων

1831 1446 1903 1502 82
1952 1447 2217 1519 Equidem
2275 1452 2324 1506 si
2369 1468 2474 1506 non
2516 1466 2685 1508 essem
2749 1453 2922 1527 homo
2949 1458 3282 1527 inconstans,
3328 1465 3422 1518 sed

2905 1525 3273 1598 inmutabilis,
3308 1545 3415 1587 etc.

1903 1627 2185 1699 Siquidem
2212 1647 2342 1689 vere
2363 1621 2646 1693 versatilis
2677 1637 2773 1693 sed
2791 1647 2846 1693 et
2873 1655 2982 1694 non
3008 1643 3283 1698 versatilis
3317 1660 3422 1700 nec

1829 1734 2054 1777 cessans
2098 1724 2167 1777 ad
2207 1725 2396 1794 pejora
2433 1741 2640 1796 pronus
2677 1744 2806 1785 esse
2844 1731 3151 1800 plasmatus
3199 1748 3324 1790 sum
3357 1745 3419 1791 ut

1831 1808 2014 1876 homo,
2039 1810 2221 1880 lingua
2251 1813 2491 1884 theologi
2520 1816 2805 1884 praedicat,
2835 1819 3008 1875 solius
3028 1821 3249 1891 egebam
3277 1839 3436 1894 pm.

1819 1898 1970 1968 .cepti
1999 1899 2067 1953 de
2098 1898 2208 1955 Deo
2243 1903 2511 1957 crucifixo
2547 1923 2563 1958 ι
2591 1907 2740 1974 quod
2774 1907 3175 1982 circumtegens
3206 1924 3260 1968 et
3287 1916 3420 1970 sal-

1825 2001 1960 2042 vans
1989 2003 2076 2042 me
2106 1991 2310 2044 exaltat
2347 1993 2584 2048 etducit
2612 1994 2679 2048 ad
2715 1995 2904 2065 gloriae
2917 2008 2973 2053 et
3006 1999 3233 2059 honoris
3263 2019 3417 2059 sum-

1827 2089 1995 2130 mum.
2038 2075 2146 2133 Sed
2189 2094 2337 2133 nunc
2387 2080 2481 2150 qui
2533 2097 2621 2137 me
2648 2086 2859 2138 crearit
2901 2102 3011 2141 non
3052 2089 3199 2144 sicut
3245 2091 3416 2148 Deum

1824 2164 2241 2234 immutabilem,
2261 2169 2407 2225 bene
2425 2186 2554 2227 vero
2578 2172 2723 2228 sicut
2741 2177 2978 2249 animam
2997 2178 3271 2235 viventem
3294 2199 3416 2238 mu-

1826 2254 2016 2310 tationi
2048 2257 2368 2326 obnoxium,
2416 2268 2708 2340 utramque
2727 2264 2796 2317 ad
2842 2273 3054 2334 partem
3079 2283 3415 2340 propensum

1823 2351 1877 2398 et
1917 2343 2236 2416 inclinatum
2262 2365 2277 2414 ;
2303 2357 2368 2403 et.
2389 2337 2640 2408 similiter
2670 2353 3048 2414 inclinationis
3067 2337 3123 2414 et
3136 2337 3417 2419 trahentis

1824 2436 2121 2507 voluptatis
2151 2441 2219 2494 ad
2263 2441 2524 2497 virtutem
2567 2458 2724 2514 aeque
2756 2459 2822 2501 ac
2853 2447 2922 2502 ad
2959 2451 3225 2506 malitiam
3267 2470 3411 2524 quo-

1822 2539 2037 2595 cunque
2061 2542 2186 2582 sors
2212 2537 2376 2595 esset,
2414 2546 2694 2603 capacem,
2733 2533 2944 2590 idcirco
2971 2537 3229 2595 virtutum
3260 2556 3414 2598 ama-

1823 2619 1909 2667 tor
1927 2615 2180 2684 pluribus
2209 2618 2431 2674 ausiliis
2451 2618 2744 2675 conﬁrmat
2768 2637 2784 2676 :
2811 2638 3048 2693 quorum
3081 2629 3411 2686 auxiliorum

1825 2722 1991 2761 unum
2015 2709 2422 2779 pulchritudine
2458 2722 2678 2782 prastat
2710 2713 2896 2771 Gratia
2927 2733 3022 2788 per
3051 2719 3326 2778 lavacrum
3357 2733 3414 2780 et

1823 2796 2115 2868 baptisma.
2150 2799 2215 2854 Et
2235 2801 2698 2872 quemadmodum
2726 2803 2882 2876 pueri
2901 2808 3254 2868 Hebraeorum
3279 2816 3414 2871 olim

1822 2890 1945 2960 agni
1969 2893 2178 2946 ratione
2211 2893 2452 2961 expertis
2482 2897 2749 2967 sanguine
2785 2898 3076 2954 domorum
3124 2916 3311 2973 postes
3341 2907 3412 2961 li-

1823 2981 2039 3036 nientes
2058 2981 2125 3036 ad
2141 2982 2352 3038 Domini
2367 2986 2698 3054 iussionem,
2717 2991 2938 3059 quando
2961 3006 3123 3050 omne
3140 2997 3413 3069 primoge-

1825 3073 1998 3124 nitum
2034 3073 2090 3126 in
2114 3072 2351 3144 Egypto
2380 3076 2451 3130 ab
2501 3077 2721 3132 homine
2747 3094 2928 3149 usque
2976 3082 3046 3136 ad
3088 3101 3260 3154 pecus
3298 3097 3411 3144 una

1818 3170 1988 3215 nocte
2025 3164 2428 3220 exterminatus
2460 3173 2568 3229 est,
2613 3174 2748 3223 tunc
2782 3169 2888 3240 ipsi
2928 3172 3031 3226 hac
3057 3173 3312 3231 linitione
3339 3178 3407 3234 (i-

1830 3247 2079 3319 gnrativa
2106 3249 2320 3320 plagam
2361 3252 2678 3323 eil'ugerunt
2719 3260 3185 3328 exterminatoris;
3236 3265 3319 3321 sic
3356 3275 3413 3322 et

1821 3339 1956 3392 mihi
1983 3337 2123 3409 Agni
2167 3338 2260 3396 Dei
2294 3343 2387 3412 qui
2445 3346 2603 3424 tollit_
2628 3356 2920 3415 peccaturo
2946 3353 3138 3406 mundi
3168 3355 3406 3424 spiritus

1820 3435 1875 3483 et
1904 3429 2130 3500 sanguis
2167 3429 2396 3498 Christi,
2447 3419 2794 3503 signaculum
2839 3453 2870 3492 ι
2900 3439 3018 3496 Deo
3066 3419 3314 3499 oblatum
3354 3457 3411 3503 et

1822 3521 2124 3576 remedium
2177 3522 2322 3576 mala
2351 3523 2658 3595 corrigens,
2688 3542 2856 3599 super
2895 3532 3311 3605 intelligentiam
3355 3548 3411 3594 et

1821 3626 2021 3682 corpus
2047 3614 2205 3684 quasi
2237 3614 2438 3672 domus
2466 3617 2771 3688 spiritualis
2801 3629 2987 3691 postes
3007 3624 3226 3694 linitur,
3245 3630 3409 3686 valde

1821 3703 2197 3772 proficiens,et
2234 3706 2291 3760 fit
2317 3707 2489 3762 tutela
2515 3716 2710 3764 contra
2737 3713 3051 3770 omnimoda
3073 3719 3213 3772 mala
3248 3737 3263 3775 :
3288 3719 3403 3779 illis

1820 3809 1950 3864 ergo
1993 3797 2540 3866 utpoteimperfectis
2570 3808 2624 3856 et
2640 3802 2948 3872 infantibus
2985 3806 3260 3878 figuratim
3305 3822 3406 3870 aut

1821 3898 1917 3953 per
1957 3885 2210 3939 umbram
2241 3886 2330 3942 hic
2362 3886 2568 3943 tradita
2615 3890 2820 3958 Iinitio,
2855 3893 3144 3966 ﬁguratam
3182 3895 3236 3954 et
3280 3917 3407 3958 rno-

1822 3983 2164 4032 mentanearn
2187 3986 2243 4033 et
2276 3978 2400 4034 ideo
2431 3993 2752 4052 corpoream
2798 3985 3160 4043 salvationem
3231 3991 3406 4051 Iinitis

1822 4065 2115 4122 tribuebat.
2162 4067 2318 4140 Apud
2350 4085 2456 4127 nos
2485 4085 2615 4127 vero
2649 4087 2747 4144 per
2784 4073 3071 4132 lavacrum
3101 4095 3396 4151 regenera-

1821 4153 1986 4210 tionis
2016 4153 2146 4210 data
2176 4155 2420 4232 Spiritus
2442 4161 2623 4232 gratia
2644 4171 2701 4219 et
2733 4163 3128 4224 illuminatoris
3170 4173 3400 4243 sanguis

1819 4240 1948 4298 Jesu
1975 4243 2034 4299 fit
2058 4246 2322 4314 optimum
2349 4249 2693 4320 signaculum
2719 4260 2774 4309 et
2804 4255 2977 4311 tutela
3004 4258 3236 4328 mystica
3280 4240 3396 4332 spi-

1819 4336 1983 4402 ritus,
2048 4336 2244 4393 animte
2295 4347 2351 4395 et
2392 4343 2667 4411 corporis,
2715 4343 2918 4414 pignus
2961 4348 3239 4417 quoddam
3276 4350 3405 4407 vitae

1820 4434 2041 4482 aeternae
2069 4435 2124 4482 et
2142 4429 2297 4500 regni
2334 4432 2483 4501 quod
2517 4433 2669 4488 nulla
2701 4433 3006 4495 afﬂictione
3044 4438 3264 4511 ﬁneque
3307 4440 3404 4497 de-

1820 4515 2048 4584 solatur,
2099 4518 2282 4589 dignis
2317 4519 2639 4579 decernitur
2697 4525 2794 4596 qui
2835 4528 3129 4600 recipiant.
3182 4530 3401 4589 Etenim

1821 4604 1914 4660 ubi
1955 4606 2198 4676 primum
2227 4623 2398 4679 super
2441 4626 2546 4667 nos
2589 4623 2776 4668 manat
2800 4615 2930 4686 ipse
2960 4617 3102 4687 Agni
3148 4619 3243 4676 Dei
3272 4635 3402 4677 san-

1818 4697 1962 4766 guis,
1996 4697 2067 4755 de
2089 4699 2382 4768 profundis
2405 4703 2637 4774 angoris
2667 4712 2720 4760 et
2743 4705 3149 4779 desperationis
3172 4720 3227 4767 et
3263 4728 3402 4783 prae-

1818 4790 2006 4846 sertim
2032 4790 2100 4847 de
2125 4793 2335 4863 peccati
2354 4809 2522 4852 onere
2548 4797 2826 4868 erigentes
2861 4816 2988 4868 nos,
3042 4803 3397 4875 gubernacu-

1819 4877 1932 4935 lum
1967 4884 2314 4940 sustollimus
2343 4886 2542 4943 animae
2584 4896 2753 4964 atque
2796 4890 2865 4945 ad
2908 4893 3189 4950 ctelestem
3228 4896 3401 4954 vitam

1813 4972 2042 5041 spiritus
2077 4989 2302 5044 gressus
2324 4973 2630 5048 dirigimus.
2654 4967 2910 5038 Profecto
2934 4983 3081 5039 sicut
3102 4985 3285 5041 viator
3307 4986 3393 5043 di-

1818 5063 2126 5118 versorium
2145 5072 2342 5123 nactus
2371 5077 2745 5139 opportunum
2767 5085 2797 5125 a
2819 5072 3148 5132 lassitudine
3169 5077 3399 5148 acquie-

1826 5156 1953 5221 scit,
1977 5171 2216 5229 moxque
2251 5173 2398 5215 novo
2417 5160 2861 5218 ardorealacrior
2882 5164 2952 5219 ad
2982 5165 3090 5221 iter
3110 5168 3396 5225 residuum

1828 5254 2109 5317 assurget;
2140 5249 2221 5303 sic
2256 5251 2516 5329 et_gratia
2546 5254 2722 5313 sancti
2754 5253 3006 5324 Spiritus.
3038 5263 3094 5312 et
3127 5260 3397 5329 sanguine

1823 5336 2032 5394 Christi
2063 5320 2436 5411 dignatusqni
2465 5342 2637 5398 corde
2660 5320 2920 5416 intelligit
2964 5357 3020 5402 et
3055 5346 3162 5404 (ide
3197 5320 3394 5404 ﬁrmus

1820 5435 1905 5482 est
1925 5435 2206 5484 recreatus
2233 5437 2286 5484 et
2307 5441 2605 5488 renovatus
2644 5433 2714 5488 ab
2744 5435 3105 5506 oppressione
3149 5437 3398 5508 afﬂigen-

1817 5519 1955 5573 tium
1984 5518 2229 5576 omnium
2260 5528 2317 5577 et
2343 5524 2691 5579 onerantium
2730 5526 2846 5581 sive
2876 5528 3239 5596 spiritualiter
3277 5530 3424 5586 sive'

1817 5608 2134 5674 visibiliter,
2187 5625 2402 5666 necnon
2447 5627 2478 5666 a
2521 5620 2732 5671 tumore
2775 5617 2995 5682 acedite,
3037 5619 3292 5675 alacriter
3337 5628 3408 5689 et

1816 5696 2093 5752 laboriose
2119 5697 2264 5753 sicut
2291 5713 2488 5756 cervus
2515 5700 2790 5760 desiderat
2807 5704 2875 5759 ad
2892 5706 3126 5764 dilectas
3149 5708 3393 5764 mansio-

1816 5804 1916 5847 nes
1947 5787 2327 5860 apudPatrem
2348 5792 2643 5852 luminum.
2695 5796 2764 5856 Et
2813 5809 2881 5852 ne
2915 5796 3040 5867 quis
3068 5809 3388 5875 [murmuret
