4010 6298
104 152 119 159 -”
524 152 585 171 ,ιι

314 190 411 209 Ἴζν

204 250 219 269 '.

98 360 198 422 703

97 478 127 531 ὁ
152 476 529 540 τελισκόμενος
574 474 831 529 κολλᾶται
867 472 1009 543 Θεῷ,
1046 473 1137 526 καὶ
1164 472 1223 525 ἓν
1262 472 1504 542 πνεῦμα,
1534 470 1674 525 κατά

97 567 187 623 τὸν
224 569 567 629 ’Δπόστολον,
597 564 745 634 αὐτῷ
779 565 1021 633 γίνεταις
1055 564 1192 618 Καθ’
1234 564 1358 617 ὅσον
1382 561 1673 633 τοιγαροῦν

100 661 301 733 ὑψηλόν
334 678 392 714 τε
426 662 520 715 καὶ
561 657 749 730 νοερὸν
775 658 868 712 καὶ
893 656 991 728 τῆς
1014 654 1239 727 πρώτης
1276 654 1674 727 μακαριότητος

97 751 356 823 πρόξενον
398 751 461 803 τὸ
496 749 689 820 χρῆμα
736 747 1093 802 πεπίστευται
1138 746 1238 817 τῆς
1286 746 1509 818 ἀρετῆς,
1532 744 1675 798 κατά

94 842 352 897 ωσοῦτον
397 840 489 895 καὶ⁵
526 839 695 893 πολλά
745 838 858 910 εχει
901 838 971 892 τὰ
1014 838 1151 911 πρὸς
1192 837 1291 908 τὴν
1336 836 1674 907 κατόρθωσιν

94 934 298 1007 ταύτης
323 933 525 1002 ἀνάντη
554 933 646 987 καὶ
666 932 922 1003 δυσχερῆ.
954 931 1072 984 ’Ίνα
1098 929 1208 1001 γὰρ
1232 930 1324 989 τὸν
1345 929 1441 983 τοῦ
1468 930 1672 1000 δυσμε-

96 1026 218 1090 νοῦς
246 1025 443 1094 φθόνον
487 1024 644 1096 παρῶ
678 1026 999 1077 ἐπισκοπεῖν
1041 1023 1129 1076 ἀεὶ
1155 1023 1254 1092 τὴν
1296 1022 1553 1093 πρόθεσιν
1577 1020 1672 1075 τοῦ

98 1117 231 1187 πρὸς
263 1114 436 1185 αὐτὴν
452 1114 692 1177 ἀνιόντος
714 1112 1083 1185 πειρωμένου⁹
1109 1113 1247 1184 αὐτὴ
1281 1114 1314 1184 ἡ
1344 1113 1463 1166 κατ’
1488 1112 1674 1182 αἴσθη-

98 1223 181 1259 σιν
211 1204 350 1277 ζωὴ,
376 1206 406 1259 ὃ
445 1222 505 1259 τε
536 1206 815 1276 σύμφυτος
846 1205 946 1275 τῆς
972 1206 1150 1276 ψυχῆς
1171 1205 1341 1277 θυμὸς
1368 1208 1464 1259 καὶ
1492 1207 1527 1276 ή
1554 1206 1675 1258 ἑπι-

96 1296 300 1368 θυμία,
352 1299 403 1351 εἰ
449 1297 525 1368 μὴ
572 1295 929 1368 πνευματικῷ
975 1298 1125 1366 νόμῳ
1175 1295 1533 1350 παιδευθέντα
1579 1297 1675 1350 καὶ

94 1388 381 1460 ταχθέντα,
418 1388 693 1457 καταπιθῆ
728 1390 821 1442 καὶ
843 1388 1032 1459 εὐήνια
1056 1388 1266 1457 γένοιτο
1293 1388 1373 1459 τῷ
1403 1388 1672 1460 λογισμῷ,

93 1479 274 1543 οὔπως
304 1478 372 1533 ἀν
411 1480 441 1532 ὁ
472 1479 665 1551 ἐχθρὸς
690 1478 1093 1551 ἀποστραφείη,
1120 1479 1231 1532 οὐδ’
1266 1478 1563 1550 εἰλικρινὴς
1582 1481 1675 1532 ἀν-

98 1566 298 1637 θρώπῳ
344 1566 719 1638 κατορθωθείη
766 1568 969 1639 ἀρετή·
1010 1567 1076 1621 δι’
1116 1566 1146 1619 δ
1190 1567 1281 1621 καὶ
1323 1570 1353 1621 ὁ
1402 1567 1480 1637 τῷ
1511 1567 1674 1640 ἔρωτι

96 1659 262 1730 αὐτῆς
306 1659 538 1729 κάτοχος
586 1660 889 1729 φιλοσόφως
920 1661 1001 1723 εἰς
1036 1660 1225 1713 ἑαυτὸν
1267 1658 1357 1713 τὸν
1388 1659 1545 1728 λόγον
1576 1678 1675 1730 με·

98 1750 539 1821 τασχηματίζων,
591 1751 702 1820 Τὴν
746 1751 969 1823 ἀρετὴν,
1027 1753 1185 1823 φησὶ,
1238 1751 1387 1805 ποθῶ
1434 1753 1675 1821 μὲν,καὶ

96 1840 189 1895 οὐκ
218 1842 529 1912 ἀρνήσομαι
548 1859 562 1873 ·
605 1840 764 1895 τοῦτο
788 1842 897 1913 γάρ
935 1843 1029 1895 καὶ
1069 1845 1269 1907 πάντες
1298 1847 1346 1897 ot
1383 1844 1477 1897 τοῦ
1508 1845 1674 1907 ὄντως

97 1932 323 2002 ἐρασταὶ
358 1932 527 1986 καλοῦ
547 1950 561 1963 ·
594 1932 732 1986 ἀλλά
760 1932 918 1987 τοῦτό
952 1951 1016 2003 με
1044 1935 1143 1988 οὐκ
1172 1935 1399 2001 ἐδίδαξε,
1436 1939 1521 2001 τίς
1545 1954 1674 1990 ποτε

97 2022 250 2095 αὕτη,
287 2024 387 2077 καὶ
426 2022 548 2077 ὅθεν
598 2023 663 2077 ἄν
712 2042 803 2095 μοι
852 2026 1199 2097 προστεθείη,
1238 2029 1432 2099 κομιδῇ
1475 2029 1673 2100 ταύτης

97 2115 267 2183 ἑχοντι
304 2115 418 2195 τὴν
469 2114 699 2186 ὄρεξινο.
736 2114 819 2181 οἷς
859 2119 953 2171 καὶ
1001 2118 1240 2189 ἀνιῶμαι
1291 2123 1357 2192 τῇ
1395 2122 1676 2191 ἀτελότητι

99 2206 292 2277 ταύτης
346 2206 710 2277 ἀλγυνόμενος
732 2225 744 2238 ·
814 2212 922 2273 πᾶς
975 2209 1086 2281 γὰρ
1149 2211 1313 2275 πόθος
1372 2208 1675 2276 ἀτέλεστος.

100 2294 248 2367 ὀδύνη
279 2296 362 2367 τῷ
398 2300 724 2370 κεκτημένῳ
759 2298 947 2355 τοῦτον
996 2302 1347 2373 χρηματίζει.

377 2388 449 2443 ει
474 2388 595 2459 μὲν
620 2389 698 2458 δὴ
725 2392 1006 2462 καθαρός,
1040 2410 1095 2449 κ.
1123 2410 1172 2449 τ.
1194 2394 1255 2447 ιὲ.

174 2476 239 2531 Ἡ
264 2479 589 2551 μὲνάληθὴς
632 2481 801 2553 ἀρετὴ
845 2485 939 2536 καὶ
996 2484 1074 2555 τῷ
1118 2484 1231 2537 ὄντι
1280 2484 1544 2557 καθαρὰ,
1602 2492 1681 2560 τῷ

105 2570 275 2638 πάσης
314 2570 517 2633 κακίας
559 2572 652 2623 καὶ
691 2573 964 2643 ρυπαρίας
1013 2574 1213 2645 σαρκὸς
1245 2575 1338 2628 καὶ
1370 2577 1681 2648 πνεύματος

100 2661 333 2732 πάμπαν
361 2660 729 2732 ἀπηλλάχθαι,
764 2662 919 2719 ὕδατι
959 2665 1247 2737 προσέοικε
1286 2667 1678 2740 καθαρωτάτῳ,

102 2754 191 2805 καὶ
217 2752 455 2825 ῥερματι
475 2754 684 2825 κρήνης
710 2752 1053 2826 ὲξαλλομένῳ
1078 2754 1281 2827 ζώσης,
1321 2757 1381 2824 ἐξ
1426 2758 1683 2829 οὐδεμιᾶς

102 2844 398 2915 χειμερίων
455 2843 686 2906 ὑδάτων,
730 2844 849 2915 ήτοι
895 2847 1244 2917 χειμάρρων,
1294 2850 1577 2919 ἐπιμιξίας
1622 2852 1684 2903 τὸ

102 2934 188 2987 τοῦ
227 2936 472 3006 νάματος
514 2932 821 3005 θολουμένῳ
848 2936 1228 2993 διειδέστατον.
1269 2938 1439 3010 Εἴπερ
1480 2936 1573 2995 οὖν
1599 2958 1683 3005 τις

102 3023 246 3078 οὕτω
281 3022 522 3095 καθαρός
568 3026 737 3087 ἐστιν.
776 3024 853 3089 ὡς
902 3026 1075 3097 ἀμιγῆ
1121 3028 1302 3097 πάσης
1348 3030 1546 3093 κακίας
1590 3032 1687 3085 καὶ

103 3115 375 3187 ἁμαρτίας
422 3115 682 3186 ἀμίαντον
714 3116 813 3187 τὴν
865 3117 1034 3171 αὑτοῦ
1087 3120 1331 3190 τηρήσας
1368 3119 1548 3192 ψυχὴν
1592 3125 1687 3176 καὶ

102 3208 190 3261 τὸν
248 3208 412 3272 νοῦν.
464 3208 736 3263 ἀθόλωτον
789 3210 846 3263 δὲ
891 3212 990 3283 τὴν
1038 3212 1215 3285 σάρκα
1268 3213 1363 3266 καὶ
1417 3215 1683 3285 ἀρῤυπον,

105 3298 253 3369 ζητῶ
290 3300 378 3363 τίς
420 3300 489 3353 ἂν
532 3294 686 3365 οὗτος
726 3302 848 3372 ab};
904 3304 952 3355 εί
995 3302 1104 3373 γάρ
1138 3304 1311 3373 ἄστρα
1357 3305 1417 3356 οὺ
1474 3306 1689 3376 καθαρά

105 3391 347 3445 ἔναντίον
371 3392 555 3457 αὑτοῦ,
585 3391 728 3445 κατά
747 3393 810 3446 τὸ
836 3392 1037 3463 λόγιον,
1065 3395 1128 3447 ἔα
1150 3395 1209 3448 δὲ
1236 3398 1285 3448 οἱ
1311 3396 1691 3460 κατοικοῦντες

104 3482 286 3546 οἰκίας
316 3483 582 3555 πηλίνας·
617 3486 651 3556 ἢ
696 3484 806 3555 γάρ
852 3488 920 3539 ὲκ
968 3486 1196 3557 καρδίας
1247 3488 1383 3552 ίδίας
1429 3487 1690 3561 βόρϐορον

106 3574 321 3627 ἀτόπων
339 3575 600 3647 ἀναφέρει
626 3575 911 3649 ἅνθρωπος
933 3577 1207 3649 λογισμῶν
1225 3597 1237 3609 ·
1260 3579 1397 3651 αὕτη
1418 3580 1516 3650 μία
1541 3579 1691 3643 αίτία

107 3664 207 3735 τῆς
229 3667 463 3730 κακίας’
499 3667 694 3722 ἔπειτα
716 3668 896 3742 σάρκα
936 3670 1163 3742 βαρεῖαν
1195 3672 1290 3726 καὶ
1326 3671 1523 3742 ίλυὼδη
1555 3673 1691 3744 πρὸς

116 3756 167 3808 ιδ
212 3755 415 3825 γεῶδες
453 3757 745 3830 βρίθουσαν
782 3761 1042 3833 φρόνημα
1087 3762 1548 3833 συνεφελκόμενος
1593 3768 1691 3836 ῥυ-

109 3847 397 3902 παίνεται·
428 3851 566 3923 πρὸς
594 3851 651 3905 δὲ
683 3853 781 3907 καὶ
818 3852 899 3925 τῷ
942 3854 1164 3926 ἄρχοντι
1214 3855 1308 3908 τοῦ
1359 3856 1585 3921 σκότους
1614 3857 1697 3927 τῷ

110 3942 205 4009 τῆς
233 3940 511 4012 ἡμετέρας
540 3942 720 4015 ἐχθρῷ
749 3945 1021 4016 σωτηρίας
1060 3945 1261 4013 ἔξωθεν
1290 3949 1696 4019 παροτρυνόμε-

112 4048 219 4097 νος,
255 4032 356 4085 καὶ
390 4034 529 4102 πρὸς
580 4036 853 4107 ἁμαρτίαν
894 4038 1302 4111 ὑφαπτόμενος.
1348 4038 1466 4102 πῶς
1494 4040 1569 4094 κάν
1612 4040 1697 4093 δυ-

115 4121 312 4193 ναίμην
336 4121 616 4194 ἀκραιφνῆ
653 4125 936 4197 προϊσχειν
966 4127 1063 4197 τὴν
1092 4128 1331 4199 ἀρετήνς

336 4208 572 4282 Ἐπειδὴ
602 4211 718 4272 οὖν
740 4218 923 4284 ῥύσις
948 4219 1064 4286 elui
1091 4220 1371 4289 παγεῐσα.

183 4302 258 4360 Ἦ
274 4304 573 4378 οὑχῶσπερ
588 4307 805 4379 γάλαμε
836 4308 1093 4380 ήμελξας,
1125 4312 1289 4381 φησιν
1330 4314 1360 4364 ὁ
1409 4311 1548 4374 Ὶὼὸ,
1573 4310 1691 4363 ἐτύ-

117 4410 293 4463 pana;
330 4395 389 4448 δέ
426 4412 493 4466 με
532 4396 623 4451 ῐσα
652 4398 836 4469 τυρῷ,
884 4398 975 4453 διά
1010 4399 1125 4471 βίου
1157 4418 1214 4454 τε
1245 4402 1459 4472 ῥέοντος
1492 4402 1583 4455 καὶ
1613 4403 1694 4454 εὑο

118 4483 414 4551 μεταϐόλου
460 4486 799 4559 διεκτρέχως
842 4491 945 4543 οὐκ
988 4486 1051 4561 ἦν
1131 4493 1303 4555 ἐοικὸς
1364 4494 1516 4563 (‘25),
1575 4493 1695 4564 ήτοι

116 4578 421 4648 προσφυὲς,
461 4578 763 4652 ἀρῤευστόν
813 4598 880 4651 με
903 4582 1022 4652 Θεῷ
1070 4582 1183 4654 βίον
1226 4586 1317 4637 καὶ
1346 4586 1695 4638 παντάπασιν

117 4670 499 4744 ἀναμάρτητον
525 4672 695 4742 βιοῦν.

115 4758 175 4811 Et
200 4760 252 4812 δ’
286 4764 405 4816 οὐκ
432 4762 721 4831 ἀργύρεος
752 4762 948 4831 πάντη
983 4767 1145 4832 νόος,
1182 4765 1322 4820 ἀλλ’
1361 4768 1693 4837 ἑπὶμικτος.

80 4930 81 4933 η
184 4853 243 4905 El
271 4853 332 4907 δὲ
371 4853 551 4917 τοῦτο,
582 4857 768 4925 φησὶν,
798 4856 1017 4928 ἀληθὲς,
1046 4858 1137 4912 καὶ
1169 4861 1198 4912 ό
1229 4858 1506 4931 τροπικῶς
1535 4875 1698 4930 προσ⁹

80 4940 83 5019 ἶ
121 4946 407 5016 ιιρημένος
439 4945 599 5016 ῥοῦς,
626 4947 744 5018 ἦτοι
785 4948 933 5018 βίος,
962 4951 1061 5002 οὐκ
1094 4950 1360 5023 ἀργύρεος
1392 4952 1515 5005 οὑδὲ
1545 4951 1692 5004 δόκι-

122 5053 213 5101 no;
251 5026 539 5102 παντελῶς
567 5040 660 5093 καὶ
689 5041 948 5113 καθαρὸς,
988 5042 1238 5113 ἐπιμιξίᾳ
1265 5043 1323 5097 δὲ
1352 5044 1452 5114 τῆς
1494 5044 1692 5106 κακίας

1075 354 1143 409 IN
1177 352 1485 408 CARMINA
1519 350 1797 408 ARCANA
1827 350 1884 407 S.
1913 346 2266 405 GREGORH.

3240 349 3364 415 714

1778 469 1890 523 Deo
1920 482 2159 537 quocum
2193 481 2335 522 unus
2368 466 2599 536 spiritus
2625 450 2782 535 juxta
2828 466 3151 537 Apostolnm
3188 469 3356 524 elliei-

1752 556 1900 611 tur?
1939 555 2219 624 Quantum
2265 568 2397 626 ergo
2444 555 2865 625 supereminens
2886 562 2941 611 et
2964 558 3270 629 spiritualis
3302 571 3358 616 et

1776 648 1966 718 prima:
1985 647 2349 702 beatitudinis
2385 647 2809 718 promissionem
2854 649 3064 705 habens
3112 659 3359 720 quaestus

1774 738 2001 794 virtutis
2034 738 2302 800 creditur,
2351 744 2463 791 tam
2493 739 2666 792 multa
2694 739 2763 798 ad
2801 738 2921 809 ejus
2950 741 3358 797 assecutionem

1776 832 1949 885 ardua
1981 828 2277 885 admodum
2334 840 2391 885 et
2438 830 2677 885 dillicilia
2730 832 2953 901 praebet.
3008 830 3258 903 Namque
3300 842 3363 887 ut

1773 922 2086 977 Adversarii
2140 922 2547 991 praetermittam
2587 921 2846 976 invidiam
2902 923 3235 993 pedetentim
3277 922 3363 977 in-

1775 1011 1928 1081 sequi
1962 1012 2307 1082 propositum
2340 1012 2654 1067 anhelantis
2680 1012 2747 1066 ad
2777 1011 3034 1067 virtutem
3072 1013 3359 1076 conantis,

1773 1105 1892 1175 ipsa
1952 1104 2060 1157 vita
2097 1117 2205 1173 qua
2250 1102 2509 1158 sensibus
2550 1102 2890 1173 indulgetur.
2931 1112 2986 1159 et
3020 1105 3208 1159 innata
3244 1106 3363 1160 ani-

1764 1211 1878 1262 mae
1911 1194 2089 1250 fervor
2120 1206 2175 1253 et
2214 1196 2696 1267 concupiscentia,
2754 1196 2862 1251 nisi
2888 1212 2919 1250 a
2968 1197 3086 1267 lege
3127 1196 3363 1269 spiritus

1775 1288 1991 1342 erudita
2019 1294 2075 1343 et
2119 1288 2336 1351 edocta,
2392 1288 2692 1344 suadibilia
2752 1299 2809 1344 et
2852 1289 3107 1343 docibilia
3164 1290 3361 1343 rationi

1777 1379 1929 1443 ﬁant,
1948 1380 2099 1435 nullo
2118 1381 2283 1435 modo
2313 1378 2501 1436 llostis
2522 1379 2826 1452 fugabitur,
2857 1383 3169 1437 nullatenus
3190 1382 3364 1436 electa

1777 1472 1953 1527 virtus
1974 1471 2252 1527 hominem
2282 1471 2612 1527 moderabit.
2651 1473 2779 1527 ideo
2815 1472 2990 1543 ipsius
3024 1488 3213 1528 amore
3243 1473 3366 1542 phi-

1780 1564 2065 1633 losopbice
2112 1562 2375 1634 ﬂagrans,
2418 1580 2563 1620 novo
2611 1564 2807 1619 ordine
2846 1565 3088 1635 seipsum
3132 1565 3366 1636 alloqui-

1779 1662 1937 1709 tur...
1964 1653 2257 1721 Virtutem,
2308 1656 2509 1725 inqnit,
2553 1655 2717 1725 cupio
2751 1670 2853 1710 nec
2894 1655 3197 1710 aversahor
3231 1675 3245 1709 :
3284 1656 3370 1709 sic

1782 1745 1928 1798 enim
1971 1744 2155 1799 cuncti
2188 1743 2370 1814 reipsa
2417 1744 2545 1799 boni
2594 1754 2901 1807 amatores;
2947 1745 3041 1800 sed
3084 1762 3193 1799 non
3243 1762 3369 1799 eru-

1783 1836 1932 1892 ditus
1975 1851 2096 1891 sum
2142 1852 2265 1906 qua:
2311 1836 2382 1890 sit
2415 1844 2469 1889 et
2504 1834 2650 1889 unde
2684 1836 2818 1889 mihi
2868 1836 3030 1904 hujus
3074 1838 3370 1892 vehemens

1784 1928 2117 1984 desiderium
2150 1928 2373 1982 habenti
2415 1927 2727 1997 adjiciatur.
2774 1926 2871 1983 llis
2918 1927 3079 1982 doleo
3128 1944 3369 1984 moerens

1784 2021 1853 2075 de
1881 2021 2102 2075 virtutis
2128 2021 2542 2091 imperfectione
2569 2038 2583 2083 ;
2614 2021 2815 2075 etenim
2851 2021 3185 2075 desiderium
3209 2036 3373 2078 omne

1785 2129 1895 2183 quo
1928 2128 2037 2167 non
2069 2114 2248 2183 potior
2279 2112 2486 2167 doloris
2516 2112 2788 2165 rationem
2849 2112 3016 2167 habet
3056 2114 3110 2168 in
3151 2114 3369 2169 deside-

1787 2206 1951 2260 ranti.
1985 2224 2003 2257 ι
2031 2205 2086 2260 Si
2112 2216 2291 2260 autem
2324 2221 2518 2274 purus,
2545 2222 2561 2255 ›
2583 2213 2637 2259 et
2662 2220 2778 2275 seq.
2808 2204 2948 2279 Vera
2971 2208 3146 2262 virtus
3166 2216 3221 2261 et
3246 2221 3376 2262 vere

1787 2312 1923 2368 pura
1957 2298 2027 2352 ab
2060 2297 2209 2351 omni
2242 2296 2447 2350 malitia
2478 2307 2531 2351 et
2555 2285 2804 2351 foeditate
2826 2299 3011 2353 carnis
3032 2306 3089 2352 et
3118 2296 3371 2366 spiritus.

1787 2391 2155 2461 aequiparatur
2190 2388 2503 2460 purissimis
2555 2389 2719 2445 undis
2754 2398 2809 2443 et
2856 2390 3183 2445 salientibus
3220 2405 3376 2460 aqua:

1789 2485 1925 2537 viva:
1955 2478 2168 2543 rivulis,
2194 2495 2430 2550 quorum
2458 2480 2605 2535 nulla
2622 2496 2888 2550 aquarum
2912 2468 3171 2535 imbrium
3194 2482 3376 2535 mistin

1791 2590 1860 2627 ne
1916 2571 2261 2642 superficiem
2312 2571 2532 2641 quidem
2586 2571 2781 2627 inlicit.
2848 2573 2932 2627 Sit
2983 2587 3117 2642 ergo
3174 2572 3378 2643 aliquis

1790 2667 1927 2719 adeo
1958 2679 2129 2733 purus
2152 2664 2245 2732 qui
2278 2677 2485 2717 meram
2521 2663 2591 2717 ab
2621 2665 2769 2717 muni
2808 2664 3013 2718 malitia
3055 2674 3110 2719 et
3151 2674 3378 2735 peccato

1791 2756 2093 2813 servaverit
2137 2755 2378 2809 animam
2438 2762 2604 2825 atque
2656 2764 2919 2823 mentem,
2966 2756 3060 2827 qui
3113 2757 3377 2812 mundam

1791 2848 2117 2903 custodierit
2177 2859 2402 2899 carnem
2458 2852 2515 2899 et
2595 2846 3032 2913 immaculatam,
3087 2848 3213 2917 quis
3272 2850 3379 2902 erit

1794 2942 1936 2999 istc?
1980 2940 2204 3011 quando
2250 2948 2401 2994 astra
2445 2953 2555 2995 non
2599 2947 2730 2994 sunt
2781 2939 2986 2994 munda
3016 2956 3045 2993 a
3082 2940 3224 2995 faeie
3257 2940 3376 3005 Dei,

1790 3036 1945 3105 juxta
1971 3033 2217 3087 divinum
2247 3030 2475 3094 librum,
2509 3030 2642 3101 quid
2670 3030 2738 3085 de
2764 3030 3146 3087 habitantibus
3181 3033 3379 3088 domos

1793 3125 2007 3181 luteas?
2050 3121 2178 3178 Sive
2202 3136 2269 3176 ex
2298 3122 2464 3176 corde
2504 3137 2607 3177 suo
2649 3123 3167 3193 intempestivorum
3214 3127 3381 3180 ratio-

1789 3210 2063 3270 ciniornm
2110 3213 2275 3267 homo
2308 3210 2553 3281 proferat
2588 3226 2831 3278 caenum,
2861 3213 2973 3267 hare
3010 3229 3119 3268 una
3157 3214 3380 3271 malitiae

1790 3320 1955 3361 causa
1980 3321 1997 3371 ;
2030 3303 2302 3374 siquidem
2327 3316 2494 3356 carne
2522 3282 2675 3372 gravi
2704 3310 2761 3354 et
2794 3303 2971 3357 lutosa
2988 3304 3056 3357 ad
3078 3310 3369 3362 terrestres

1790 3403 2079 3451 attractata
2107 3393 2467 3463 cogitationes
2492 3390 2767 3461 impulsus
2791 3393 3116 3449 maculatur.
3146 3392 3379 3451 Praeter-

1791 3501 1858 3540 ea
1911 3484 1980 3538 ab
2022 3490 2179 3539 extra
2209 3498 2240 3536 a
2291 3483 2540 3554 principe
2578 3483 2930 3538 tenebrarum
2971 3494 3176 3539 nostrae
3212 3487 3377 3541 saluti

1793 3578 2013 3635 infenso
2038 3576 2357 3631 stimulatus
2405 3585 2459 3629 et
2492 3574 2559 3629 ad
2606 3584 2891 3645 peccatum
2935 3577 3377 3649 incensusque-

1794 3668 1956 3725 modo
1985 3682 2181 3740 puram
2219 3667 2476 3721 virtutem
2502 3668 2745 3737 praebere
2774 3670 3031 3738 possem?
3075 3690 3093 3722 ι
3119 3670 3254 3725 Cum
3275 3674 3379 3726 sim

1792 3759 1915 3813 fons
1932 3758 2301 3827 obrigescens.
2330 3775 2347 3807 ι
2374 3755 2518 3820 Sive,
2538 3756 2730 3812 Nonne
2750 3759 2993 3812 sicutlac
3015 3761 3253 3815 mulsisti
3268 3777 3374 3823 me.

1796 3851 1975 3921 inquit
2002 3848 2126 3914 Job,
2155 3856 2209 3901 et
2241 3850 2387 3904 sicut
2432 3863 2653 3903 caseum
2682 3864 2769 3903 me
2797 3850 3140 3919 coagulasti?
3198 3850 3377 3905 Vitam

1795 3948 2171 3998 transeuntem
2197 3947 2253 3994 et
2281 3940 2567 3995 mutationi
2599 3940 2892 3994 obnoxiam
2923 3955 3110 4005 curro,
3152 3959 3263 3998 non
3285 3945 3383 3999 de-

1794 4035 1953 4091 cebat
1981 4047 2113 4089 sane
2144 4047 2212 4087 ex
2246 4041 2440 4086 natura
2471 4031 2869 4086 immutabilem
2906 4046 2994 4087 me
3032 4033 3175 4088 sicut
3206 4033 3376 4090 Deum

1748 4190 1755 4197 .
1794 4125 1964 4178 vitam
1997 4131 2053 4176 et
2076 4120 2388 4175 onmimode
2415 4119 2828 4189 impeccabilem
2863 4118 3086 4174 dueere.
3127 4140 3145 4171 ι
3177 4122 3233 4174 Si
3266 4138 3376 4177 non

1797 4228 1881 4271 est
1916 4214 2139 4269 omnino
2166 4212 2373 4267 nitidus
2416 4211 2676 4282 spiritus.
2707 4211 2802 4265 sed
2842 4221 2899 4266 et
2944 4210 3315 4280 intermislus;
3356 4236 3375 4266 ι

1801 4305 1858 4359 Si
1893 4305 1943 4358 id
1980 4318 2165 4358 verum
2196 4311 2301 4365 est,
2338 4302 2535 4371 inquit,
2569 4302 2614 4355 si
2643 4300 2931 4371 allegorice
2969 4317 3135 4371 supra
3181 4304 3379 4360 allatus

1801 4399 1990 4459 vivus,
2038 4396 2250 4449 scilicet
2298 4394 2407 4447 vita
2455 4407 2558 4447 nec
2609 4391 2781 4446 nitida
2834 4407 2934 4447 nec
2986 4394 3210 4450 omnino
3258 4411 3377 4467 pro-

1802 4492 1928 4545 bata
1960 4496 2015 4543 et
2051 4503 2209 4558 pura,
2241 4485 2336 4542 sed
2373 4484 2575 4538 uitalitia
2608 4484 2871 4539 miscetur
2914 4494 2969 4541 et
3015 4486 3276 4551 inﬁcitur,
3325 4498 3381 4541 et

1804 4579 2114 4635 inordinate
2161 4576 2423 4639 findatur,
2462 4573 2595 4630 illud
2644 4576 2923 4645 quomodo
2968 4586 3118 4632 esset
3160 4578 3379 4633 virtus?

1798 4668 2043 4741 Agedum
2079 4667 2168 4722 die
2220 4666 2376 4729 mihi,
2425 4666 2606 4735 inquit
2646 4667 2889 4736 sapiens,
2946 4670 3229 4737 iustumne
3295 4680 3382 4726 est

1800 4763 1961 4819 istius
1991 4761 2138 4816 modi
2170 4760 2415 4815 habitum
2444 4774 2637 4814 vocare
2694 4760 2994 4816 virtutem?
3038 4762 3250 4819 Etenim
3297 4767 3380 4821 sic

1801 4872 1902 4926 ego
1937 4854 2136 4925 spiritu
2179 4869 2294 4909 rem
2334 4854 2581 4918 volvens,
2624 4869 2817 4925 puram
2870 4863 2925 4911 et
2968 4856 3379 4913 immaculatam

1801 4949 1970 5004 vitam
2013 4949 2067 5002 in
2096 4947 2319 5002 homine
2339 4945 2524 5002 videre
2548 4947 2642 5017 qui
2689 4962 2927 5018 nequeo,
2950 4948 3099 5003 unde
3117 4950 3379 5005 virtutem

1801 5043 2141 5095 nominarem
2170 5054 2291 5109 qua:
2312 5039 2521 5095 malitia
2557 5040 2820 5097 miscetur
2844 5042 2868 5094 ?

84 5198 89 5205 _
120 5129 436 5203 θολούμενος
499 5131 782 5202 μολύνεται
833 5102 945 5188 καί
974 5102 1231 5204 ἀκόσμως
1290 5102 1737 5205 καταγραίνεται,
1791 5133 1906 5196 πῶς
1955 5133 2020 5186 ἃν
2070 5132 2157 5202 εἴη
2188 5102 2367 5186 ’τοῦτο
2412 5133 2612 5203 ἀρετής
2650 5133 2862 5203 Φράσον
2894 5132 2958 5205 δή
2997 5150 3108 5203 μοι,
3148 5135 3315 5204 φησὶν
3352 5135 3383 5187 ό

121 5228 451 5296 σοφώτατος,
499 5229 548 5281 εἰ
585 5228 732 5292 ἄξιον
766 5229 866 5300 τὴν
901 5229 1045 5283 οὓτω
1074 5230 1423 5303 διακειμένην
1454 5230 1565 5297 ἕξιν
1604 5231 1789 5285 καλεῖν
1824 5230 2058 5299 ἀρετήν·
2088 5228 2183 5280 καὶ
2220 5228 2329 5298 γὰρ
2362 5227 2514 5294 κάγὼ
2548 5221 2649 5280 ὧδε
2681 5230 2840 5281 κάκεῖ
2862 5226 2959 5280 τοῦ
2989 5228 3079 5281 νοῦ
3112 5228 3379 5297 περιελίσ-

86 5314 103 5394 [1
125 5333 243 5380 σων,
277 5319 528 5389 καθαράν
558 5321 620 5372 τέ
653 5338 773 5374 τινα
808 5322 901 5374 καὶ
928 5324 1415 5394 ’ἀκραιφνεστάτην
1457 5324 1641 5393 βίωσίν
1692 5325 1747 5375 ἐν
1788 5320 2056 5391 ἀνθρώπῳ
2100 5320 2175 5390 μὴ
2224 5319 2520 5389 δυνάμενος
2568 5321 2716 5381 ἰδεῖν,
2772 5320 2983 5391 ἀπορῶ,
3035 5319 3153 5382 πῶς
3184 5322 3382 5390 ἀρετήν
3435 5346 3441 5354 -

122 5413 212 5481 τήν
247 5412 539 5482 ἐπίμικτον
572 5414 708 5484 πρὸς
740 5416 935 5469 κακίαν
961 5416 1309 5487 ὀνομάσαιμι.

128 5520 188 5577 16
237 5524 453 5593 Ψυκρὴ
507 5526 622 5593 μὲν
672 5528 877 5594 χιόνος
926 5529 1112 5595 φύσις
1149 5529 1378 5670 {$152263
1426 5528 1694 5610 ἀργυφέη

1174 5615 1235 5652 τε
1388 5638 1403 5663 ,
1430 5616 1484 5652 κ.
1502 5616 1553 5651 τ.
1575 5618 1623 5651 ι..

1174 5615 1235 5652 τε
1267 5615 1403 5663 (το),
1430 5616 1553 5652 κ.τ.
1575 5618 1623 5651 ι..

106 5702 109 5739 ξ
193 5682 347 5750 οἶδα,
378 5690 543 5761 φησιν
588 5693 615 5744 ὁ
664 5691 805 5757 θεῖος
845 5694 954 5747 τῶν
993 5694 1171 5765 ἑργῶν
1222 5694 1359 5749 Θεοῦ
1406 5694 1698 5765 ἐξηγητὴς,

344 5821 479 5877 Cod.
516 5824 706 5889 ἐοικὼς
739 5835 792 5879 et
829 5826 996 5897 μεθῶ.

369 5952 387 5970 ’
405 5940 677 6001 Ριτιιοι..
718 5942 807 6001 ϐα
874 5940 1193 6004 XXXVIII.

1878 5525 1944 5578 l6
1965 5523 2187 5595 Frigida
2219 5528 2427 5594 quidem
2454 5526 2533 5579 est
2561 5530 2693 5581 nivis
2715 5537 2911 5595 natura
2932 5539 2979 5581 et
3002 5527 3382 5589 candidamw.

1880 5688 1999 5753 Sic,
2048 5691 2125 5743 ait
2175 5691 2335 5743 divus
2380 5707 2607 5761 operum
2656 5691 2746 5747 Dei
2790 5693 3082 5761 interpres,
3131 5690 3385 5763 frigidam

1877 5828 1991 5898 (26)
2030 5826 2218 5884 Billius
2252 5830 2492 5904 ἀργυρέη
2530 5848 2611 5884 τε.
2644 5829 2743 5887 Sed
2774 5833 3025 5903 ἀργυφέη
3057 5830 3383 5887 vocabulum

2991 5942 3064 6002 23
