4010 6298
579 377 684 432 716

577 500 716 554 nivis
748 505 997 552 naturam
1019 507 1073 551 et
1107 497 1307 559 albam,
1342 496 1484 566 ignis
1523 510 1650 548 vero
1690 494 2053 549 rubicundam
2095 505 2149 549 et

567 590 879 653 ardentem,
920 603 1153 657 quorum
1183 587 1450 657 opposita:
1492 586 1786 655 qualitates
1806 586 1887 640 sic
1924 585 2150 639 omnino

573 680 741 734 mistu
793 678 1178 747 impossibiles,
1228 686 1287 730 ut
1335 677 1429 746 qui
1470 683 1765 730 conaretur
1809 677 1988 745 ignem
2025 675 2150 729 nive

575 769 919 838 refrigerare,
945 775 1037 820 aut
1063 768 1241 820 nivem
1270 766 1392 835 igne
1423 765 1740 828 calefacere,
1761 765 1873 819 hac
1900 765 2051 834 prius
2065 763 2152 819 de-

575 869 814 914 strueret
844 874 1006 929 quam
1031 859 1296 913 misceret
1327 876 1341 912 :
1375 858 1648 927 quomodo
1665 865 1846 911 autem
1873 859 1926 911 in
1947 860 2148 926 optima

574 950 860 1021 turpitudo
893 950 1197 1018 penetravit
1216 950 1250 1002 ῖ.
1291 949 1572 1019 quomodo
1602 963 1767 1016 super
1802 949 2001 1001 virtute
2030 962 2150 1002 cre-

573 1042 653 1093 vit
685 1037 930 1092 malitia?
956 1035 1231 1109 quomodo
1265 1037 1321 1091 in
1352 1037 1648 1106 imaginem
1678 1037 1861 1105 magni
1905 1035 1996 1091 Dei
2040 1051 2149 1088 ma-

574 1133 662 1188 lus
696 1133 825 1188 boni
863 1133 1105 1187 imitator
1141 1145 1304 1185 error
1335 1131 1644 1184 infunditur
1675 1137 1733 1185 et
1769 1129 2002 1184 dedecus
2043 1129 2147 1182 im-

575 1226 774 1278 miscet
818 1231 982 1293 atque
1024 1221 1373 1276 foeditatem?
1419 1219 1559 1274 Vere
1602 1236 1696 1289 per
1746 1220 1997 1274 virtutem
2047 1233 2149 1287 ego

573 1313 716 1368 Deus
741 1328 866 1368 esse
892 1311 1076 1380 cupio,
1099 1319 1154 1364 et
1177 1324 1304 1378 pars
1322 1316 1414 1361 tua
1437 1315 1490 1363 et
1526 1307 1817 1361 haereditas
1837 1318 1949 1365 tua.
1981 1304 2144 1360 Deus.

573 1402 762 1458 Multis
804 1405 869 1458 de
899 1403 1001 1456 hoc
1041 1399 1448 1455 disserentibus
1499 1414 1684 1468 quaero
1721 1406 1776 1452 et
1826 1397 2024 1450 audio:
2054 1397 2148 1450 Al-

575 1495 766 1564 phaeus
806 1493 896 1546 ille
927 1509 991 1546 ex
1029 1491 1264 1544 Arcadia
1323 1491 1377 1543 in
1433 1487 1677 1542 Siciliam
1718 1496 1899 1541 manat
1945 1487 2146 1540 ﬂumen

573 1603 669 1657 per
702 1600 918 1640 amaros
948 1583 1116 1638 maris
1141 1581 1340 1636 ﬂuctus
1379 1589 1728 1635 transmeans
1754 1580 1939 1634 dulces
1975 1592 2146 1647 aquas

573 1694 724 1740 suas,
757 1676 958 1747 quibus
1003 1674 1057 1728 in
1087 1673 1323 1727 transitu
1372 1672 1453 1727 sal
1495 1673 1662 1724 maris
1693 1685 1802 1724 non
1851 1669 2140 1734 miscetur;

570 1776 627 1822 et
657 1768 760 1822 hoc
789 1765 1094 1820 mirandum
1128 1763 1303 1828 valde,
1335 1762 1533 1832 inquit,
1557 1771 1609 1816 et
1632 1760 2142 1830 stupendum,quod

570 1874 681 1913 non
699 1857 978 1911 alteratam
994 1870 1096 1909 nec
1119 1863 1434 1924 corruptam
1464 1853 1804 1907 dulcedinem
1824 1867 1976 1906 suam
1994 1853 2148 1920 traji-

569 1951 700 2005 ciat.
740 1947 914 2002 Porro
948 1947 1092 2016 quod
1138 1947 1276 2000 salis
1324 1960 1488 2014 sapor
1527 1945 1592 1999 ad
1636 1945 1818 2008 dulcia
1854 1958 2142 2013 aquarum,

569 2041 713 2110 quod
752 2040 863 2094 aeri
891 2038 1085 2092 nebula
1121 2051 1149 2088 a
1175 2044 1322 2090 terra
1354 2051 1414 2090 se
1439 2035 1714 2098 attollens,
1744 2035 1893 2104 quod
1918 2044 2002 2089 est
2021 2049 2147 2088 cor-

569 2134 794 2203 poribus
825 2129 1071 2191 morbus,
1104 2127 1209 2182 hoc
1242 2127 1429 2180 virtuti
1463 2142 1570 2180 nos
1596 2126 1805 2196 peccati
1832 2143 1848 2194 ;
1894 2125 2138 2180 dedecus

568 2237 762 2291 nempe
807 2230 861 2275 et
913 2219 1211 2287 ignominia
1256 2224 1361 2272 est.
1413 2215 1569 2288 Saepe
1603 2232 1799 2272 manus
1847 2217 2140 2271 tendebam

566 2329 788 2368 sursum
818 2311 1092 2381 supplices
1117 2309 1171 2364 in
1208 2311 1457 2365 oratione
1492 2310 1574 2365 vel
1605 2310 1775 2364 animi
1815 2321 1995 2364 motus
2029 2311 2145 2361 ela-

567 2413 653 2458 tos
676 2404 742 2457 ad
778 2404 978 2457 coelum
1008 2410 1062 2456 et
1089 2400 1159 2455 ad
1188 2400 1550 2464 Altissimum,
1578 2411 1632 2455 et
1659 2401 2020 2454 humanarum
2051 2415 2138 2453 re-

564 2512 687 2550 rum
717 2495 978 2565 cogitatio
1002 2491 1672 2565 superveniens‘retraxit
1715 2497 1767 2542 et
1813 2489 1969 2543 humi
2015 2504 2143 2559 pro-

557 2585 714 2653 jecit.
746 2556 919 2636 Aliter
963 2556 1189 2636 rursum
1233 2556 1647 2634 divina'videns
1692 2556 2146 2631 Divinitatis'su-

561 2675 943 2747 perfulgentis,
995 2686 1188 2741 puram
1255 2670 1548 2724 scintillam
1592 2666 2144 2733 mihi,dixit,illumi-

569 2776 791 2822 nantem
823 2766 1024 2819 nubem
1065 2777 1188 2833 qua:
1226 2761 1449 2816 aliunde
1490 2758 1832 2830 supervenit,
1872 2766 1926 2812 et
1970 2757 2147 2828 pessi-

566 2875 670 2913 ma:
699 2858 936 2912 tenebrae
964 2853 1338 2924 splendentem
1374 2853 1551 2907 lucem
1589 2851 1900 2919 reiecerunt
1933 2856 1987 2904 et
2011 2862 2144 2902 con-

565 2949 848 3018 templatio
877 2946 1004 3000 boni
1039 2960 1104 2998 ex
1134 2943 1311 2997 oculis
1333 2941 1566 3012 aufugit,
1585 2941 1665 2995 sic
1689 2955 1758 2995 ex
1789 2938 2022 2994 adverso
2049 2952 2143 2992 ve-

559 3043 802 3096 nientem
859 3038 1042 3093 subito
1073 3035 1301 3088 avolans
1350 3049 1436 3087 me
1478 3031 1712 3086 deﬁcere
1732 3029 1860 3093 fecit
1895 3037 1950 3084 et
1989 3043 2137 3081 com-

562 3133 752 3203 primi.
784 3145 907 3184 nam
945 3130 1050 3182 hoc
1080 3123 1356 3195 significat
1378 3121 1607 3186 ιδάῐξεν,
1628 3121 1942 3190 discerpsit.
1969 3139 1988 3171 ι
2010 3119 2142 3186 Qua:

563 3220 1048 3286 :emnlatio-,squaa
1081 3228 1252 3268 causa
1295 3211 1463 3280 hujus
1504 3211 1782 3265 contrarii
1820 3221 2050 3265 eventus
2086 3218 2141 3264 et

563 3311 840 3365 discessus
869 3305 1032 3362 boni?
1073 3323 1092 3356 ι
1119 3304 1215 3371 νει
1252 3301 1550 3357 desiderari
1587 3315 1802 3369 semper
1827 3299 1957 3352 mihi
1979 3315 2026 3358 ,ι
2086 3306 2142 3352 et

567 3418 684 3471 seq.
718 3402 1068 3468 Interrogans
1101 3410 1220 3465 quae
1252 3407 1418 3448 causa
1451 3393 1730 3446 discessus
1760 3389 1887 3445 boni
1928 3397 1982 3443 et
2012 3388 2142 3444 dim-

567 3495 790 3550 cultatis
815 3488 1140 3560 assequendi
1166 3488 1337 3557 ipsius
1361 3485 1633 3539 notionem
1663 3482 1894 3552 primum
1921 3480 2141 3551 quidem

568 3585 776 3642 induti!
809 3582 955 3653 quod
980 3580 1049 3636 ob
1080 3593 1388 3650 supremam
1418 3576 1704 3630 utilitatem
1723 3574 1969 3630 Divinum
1993 3589 2138 3629 sem.

569 3692 669 3748 per
701 3673 1002 3730 desiderari
1032 3671 1328 3732 desiderat,
1351 3669 1543 3722 sitiens
1585 3665 1733 3720 sitim
1763 3678 2061 3734 provocare
2088 3671 2143 3717 ct

567 3775 752 3839 potum
789 3765 1034 3836 praebens
1084 3763 1168 3816 his
1201 3761 1294 3831 qui
1329 3759 1396 3813 ad
1439 3757 1735 3812 bibendum
1779 3765 2030 3812 currunt.
2075 3753 2142 3808 Et

568 3852 704 3910 illud
731 3851 874 3922 ὲμοί,
923 3849 1208 3911 mihi,loco
1237 3845 1406 3910 illius,
1449 3844 1752 3899 secundum
1786 3858 1960 3898 meam
2007 3858 2139 3898 sen-

569 3947 791 4002 tentiam
842 3943 1078 4013 explicat
1111 3937 1275 3996 :iltec
1326 3946 1431 4004 est,
1483 3937 1680 4008 inquit,
1732 3937 1816 3992 lex
1861 3935 2138 3992 hominis:

569 4035 1027 4109 quemadmodum
1052 4041 1204 4104 pater
1235 4029 1451 4101 semper
1489 4030 1643 4100 diligi
1695 4038 1750 4085 et
1780 4031 2052 4084 amantius
2111 4042 2141 4082 a

567 4129 697 4185 filiis
716 4127 834 4182 suis
862 4126 1067 4196 requiri
1090 4124 1363 4179 desiderat
1391 4130 1447 4176 et
1479 4129 1720 4191 exoptat,
1767 4121 1850 4175 sic
1882 4131 1935 4176 et
1957 4120 2142 4175 excel-

564 4221 770 4276 lentius
814 4219 1092 4274 hominum
1121 4217 1331 4270 amator
1355 4213 1501 4270 Deus
1526 4230 1542 4280 ;
1585 4214 1718 4283 quin
1747 4220 1801 4268 et
1825 4212 1940 4282 jam
1980 4212 2142 4268 nobis

565 4312 743 4382 magis
776 4308 994 4381 expedit
1021 4318 1076 4363 et
1106 4308 1302 4362 melius
1316 4305 1394 4389 fit,
1418 4305 1462 4361 si
1489 4320 1588 4359 nec
1609 4305 1712 4359 sub
1740 4304 1993 4359 manibus
2015 4319 2140 4359 suc-

570 4404 787 4466 cedens,
847 4415 948 4458 nec
1003 4398 1183 4454 facilis
1232 4398 1307 4453 sit
1358 4396 1927 4466 incomprehensibilis
1975 4397 2138 4452 visio.

566 4494 704 4549 Nam
735 4494 814 4548 sic
843 4492 910 4545 ab
939 4491 1174 4545 alumnis
1219 4503 1329 4544 non
1354 4487 1517 4558 digne
1546 4502 1646 4542 nec
1694 4501 1789 4556 per
1827 4487 2029 4541 multas
2083 4487 2140 4541 in

569 4591 788 4644 virtutis
809 4586 1153 4642 assecutione
1192 4582 1540 4653 fatigationes
1570 4582 1736 4637 nimis
1777 4581 2010 4637 faciliter
2057 4582 2146 4636 in-

568 4685 814 4750 structis,
847 4693 1102 4752 tanquam
1126 4681 1194 4734 ab
1222 4679 1457 4746 indignis
1481 4678 1659 4749 gratia
1680 4684 1989 4748 contempta
2015 4693 2148 4732 avo-

569 4783 723 4839 labit.

1935 372 2230 429 NICETAS
2269 371 2470 427 DAVID

3723 374 3827 432 τη

2251 496 2466 564 ψυχράν
2498 512 2554 547 τε
2599 489 2767 547 οὖσαν
2812 495 2911 563 τὴν
2939 495 3037 564 τῆς
3069 493 3243 563 χιόνος
3273 494 3432 563 φύσιν
3473 497 3566 548 καὶ
3609 496 3820 567 λευκὴν,

2253 588 2450 657 ξανθὴν
2483 587 2539 639 δὲ
2566 586 2665 658 τὴν
2689 587 2784 639 τοῦ
2814 587 2983 655 πυρὸς
3020 588 3112 639 καὶ
3145 587 3372 656 θερμὴν,
3419 590 3509 640 καὶ
3540 589 3640 652 τὰς
3674 603 3821 643 εναν-

2251 681 2370 741 τίας
2407 683 2466 732 ὲν
2499 678 2707 740 τούτοις
2741 679 3031 746 ποιότητας
3077 678 3219 731 οὕτω
3263 678 3540 743 παντελῶς
3588 683 3822 750 ἀμιγεῖς,

2251 769 2326 831 ὼς
2358 768 2413 821 εί
2437 785 2520 832 τις
2566 767 2812 838 βιάσαιτο
2863 769 3134 840 ψυχράναι
3181 771 3279 839 μὲν
3327 770 3387 822 τὸ
3431 771 3544 839 πῦρ
3570 776 3636 842 τῇ
3665 774 3821 842 χιόνι,

2252 861 2518 933 θερμάναι
2549 861 2606 914 δὲ
2652 861 2750 931 τὴν
2798 861 2951 931 χιόνα
2982 861 3061 931 τῷ
3103 862 3257 931 πυρὶ.
3292 862 3520 933 λυθῆναι
3563 866 3827 934 πρότερον

2248 952 2464 1022 ταῦταῆ
2495 951 2719 1021 μιγῆναι
2738 969 2754 982 ο
2786 952 2902 1014 πῶς
2929 952 2985 1005 δὲ
3014 951 3092 1022 τῷ
3123 951 3307 1006 κάλλει
3323 954 3383 1005 τὸ
3417 950 3607 1023 αἷσχος
3636 956 3825 1006 ἐπεισ-

2247 1041 2444 1112 ῆλθενς
2493 1041 2610 1105 πῶς
2653 1043 2718 1112 τῇ
2747 1043 2914 1111 ἀρετῇ
2949 1043 2983 1111 ἡ
3017 1041 3182 1094 κακία
3226 1041 3472 1111 ἐπεφύηῖ
3516 1041 3636 1104 πῶς
3669 1043 3726 1095 δὲ
3757 1043 3822 1112 τῇ

2247 1130 2341 1183 τοῦ
2402 1132 2638 1201 μεγάλου
2707 1130 2842 1184 Θεοῦ
2905 1132 3075 1185 εἰκόνι
3131 1133 3165 1201 ἡ
3219 1131 3522 1202 κακόζηλος
3574 1133 3825 1203 ἁμαρτὰς

2249 1222 2683 1276 ὲπεισπίπτουσα
2703 1224 2888 1292 ἀτιμοῖ
2914 1223 3008 1276 καὶ
3039 1224 3403 1293 καταισχύνει,
3432 1225 3591 1295 εἴπερ
3612 1225 3826 1294 ἀληθῶς

2247 1312 2315 1365 δι’
2346 1311 2546 1380 ἀρετῆς
2575 1311 2748 1379 ἔγωγε
2775 1312 2908 1375 αὸς
2937 1313 3030 1366 καὶ
3061 1313 3150 1377 σὸς
3171 1313 3378 1383 κλῆρος
3411 1313 3644 1383 εὔχομαι
3685 1312 3822 1368 εἶναι

2247 1403 2342 1455 καὶ
2380 1402 2744 1473 κληρονομία;
2798 1403 3143 1473 Πυνθάνομαι
3189 1404 3399 1457 πολλῶν
3443 1405 3824 1476 ἐξηγουμένων

2246 1491 2480 1553 ἁκούων,
2509 1492 2584 1553 ὡς
2611 1491 2719 1561 ἄρα
2757 1492 3000 1560 Ἀλφειὸς
3039 1494 3243 1556 ἐκεῖνος
3267 1495 3296 1546 ό
3324 1493 3384 1558 ἐξ
3421 1494 3710 1564 Ἀρκαδίας
3731 1495 3824 1546 ἐπὶ

2245 1580 2346 1650 τὴν
2373 1579 2622 1633 Σικελίαν
2651 1581 2789 1649 ῥέων
2818 1580 3060 1650 ποταμὸς
3091 1582 3182 1633 ἐπὶ
3218 1580 3353 1634 πολὺ
3378 1581 3476 1652 τῆς
3503 1584 3708 1652 πικρᾶς
3730 1581 3826 1634 θα-

2246 1669 2450 1739 λάσσης
2502 1670 2560 1722 τὸ
2602 1669 2774 1737 γλυκὺ
2819 1669 2998 1740 ῥεῦμα
3040 1667 3134 1721 τοῦ
3181 1671 3422 1739 νάματος
3467 1671 3825 1739 ἀνεπίμικτον

2247 1764 2345 1832 τῆς
2387 1762 2676 1826 θαλαττίας
2705 1762 2885 1833 ἅλμης
2913 1762 3248 1816 διεκϐάλλει·
3280 1764 3375 1816 καὶ
3415 1763 3574 1815 τοῦτο
3616 1748 3822 1834 θαῦμα,

2247 1855 2400 1925 φησὶ,
2431 1854 2574 1923 μέγα
2607 1855 2700 1906 καὶ
2733 1851 3014 1922 ἔκπληξις,
3043 1854 3201 1924 εἴπερ
3228 1852 3506 1923 ἀλώσητον
3530 1851 3697 1906 αὐτοῦ
3726 1853 3826 1922 τὴν

2245 1946 2554 2017 γλυκύτητα
2582 1945 2676 1999 καὶ
2704 1945 3025 2016 ἀνύϐριστον
3052 1945 3316 2015 διεκπερᾷ
3336 1962 3350 1975 ·
3379 1945 3457 2008 ὡς
3481 1945 3588 2016 γὰρ
3616 1946 3650 2014 ἡ
3677 1945 3822 2016 ἅλμη

2245 2037 2393 2107 λὼὄη
2439 2039 2556 2090 ἐστὶ
2608 2038 2706 2108 τῆς
2755 2037 2850 2090 τοῦ
2899 2036 3087 2100 ὕδατος
3135 2036 3492 2107 γλυκύτητος,
3535 2035 3680 2089 οὕτω
3730 2034 3825 2088 τοῦ

2244 2129 2404 2193 ἀέρος
2453 2128 2552 2198 μὲν
2592 2129 2627 2198 ἡ
2673 2125 2916 2188 κάτωθεν
2949 2126 3056 2179 ἀπὸ
3093 2126 3198 2196 γῆς
3231 2127 3457 2180 ἀνιοῦσα
3495 2126 3684 2196 ἀχλὺς,
3716 2126 3826 2178 τῶν

2247 2217 2514 2287 σωμάτων
2565 2216 2622 2269 δὲ
2657 2217 2690 2287 ἡ
2732 2217 2905 2280 νόσος,
2954 2215 3054 2285 τῆς
3094 2215 3295 2287 ἀρετῆς
3333 2215 3391 2269 δὲ
3418 2215 3587 2285 αὐτῆς
3637 2218 3673 2284 ή
3726 2216 3826 2284 τῆς

2246 2306 2558 2379 ἀμαρτάδος
2603 2308 2699 2375 νὺξ
2754 2309 2946 2379 ἀτιμία
2998 2309 3093 2362 καὶ
3150 2307 3310 2379 ὕϐρις
3363 2309 3532 2361 ἐστίν.
3585 2307 3826 2361 Πολλάκι

2242 2399 2440 2468 ταρσὸν
2479 2401 2640 2472 άειρα
2684 2400 2819 2470 πρὸς
2867 2399 3060 2471 αἰθέρα
3093 2400 3126 2471 ἢ
3155 2400 3253 2470 τῆς
3296 2399 3476 2470 χειρὸς
3500 2399 3827 2463 ὲκττετάζων

2242 2490 2387 2561 ἑντῇ
2420 2493 2696 2563 προσευχῇ
2743 2492 2776 2561 ἢ
2822 2492 2890 2546 τὰ
2931 2491 3026 2544 τοῦ
3055 2491 3148 2544 νοῦ
3181 2491 3456 2560 κινήματα
3491 2490 3630 2560 πρὸς
3659 2491 3827 2560 ούρα-

2243 2579 2331 2632 νὸν
2377 2580 2613 2648 ὑψοῦντα
2659 2581 2754 2634 καὶ
2797 2581 2889 2636 τὸν
2919 2581 3214 2651 Ὕψιστον,
3258 2582 3480 2653 φροντὶς
3525 2597 3827 2652 παρεμπε-

2245 2671 2411 2725 σοῦσα
2437 2671 2546 2726 τῶν
2582 2672 2960 2744 ἀνθρωπίνων,
2991 2672 3347 2728 καθείλκυσεν
3391 2673 3487 2727 καὶ
3524 2671 3826 2726 κατέϐαλεν

2242 2761 2434 2833 χαμαί.
2488 2764 2710 2816 Ι’Δλλοτε
2755 2763 2918 2817 πάλιν
2964 2766 2994 2817 ό
3038 2762 3470 2828 θεοπτικώτατος
3514 2764 3617 2835 τῆς
3651 2765 3826 2836 ὑπερ-

2243 2854 2412 2924 φαοῦς
2457 2854 2709 2926 θεότητος
2752 2855 2995 2926 καθαράν
3053 2873 3165 2928 μοι,
3213 2855 3356 2926 ἔφηί
3395 2858 3828 2928 καταυγασάσης

2241 2945 2580 3015 λαμπηδόνα,
2614 2946 2775 3016 νέφος
2810 2946 3183 3018 ἔπεισφρῆσάν
3215 2944 3378 3001 ποθεν
3423 2948 3519 3001 καὶ
3563 2948 3830 3013 κάκιστος

2246 3034 2406 3103 ζόφος
2433 3033 2648 3104 διέκοψε
2681 3035 2781 3106 τὴν
2825 3035 3089 3106 ἐλλαμψιν
3114 3050 3128 3065 ⁸
3167 3037 3262 3090 καὶ
3289 3038 3322 3107 ἡ
3361 3035 3461 3106 μὲν
3491 3035 3587 3089 τοῦ
3614 3036 3830 3105 ἀγαθοῦ

2245 3128 2444 3198 θεωρία
2481 3127 2542 3196 ἐξ
2581 3128 2874 3198 ὀφθαλμῶν
2916 3127 3180 3198 ἀπῆλθεν,
3211 3122 3312 3183 ὧδε
3363 3129 3473 3201 (‘27)
3528 3131 3832 3199 προσιόντα

2242 3217 2424 3289 διέδρα
2453 3219 2608 3286 ἄφνω
2635 3218 2928 3274 ἀποπτᾶσα
2957 3219 3255 3274 ἀπέκναισέ
3285 3236 3375 3290 με,
3397 3219 3691 3290 κατέθλιψέ
3723 3237 3830 3290 με·

2241 3308 2400 3363 τοῦτο
2427 3310 2534 3382 γάρ
2562 3309 2644 3373 τὸ,
2680 3309 2904 3376 έδάῖξεν.

2955 3399 3057 3467 Τις
3085 3403 3118 3455 δ
3149 3402 3416 3470 φθόνοςς

2315 3470 2412 3533 Τίς
2430 3471 2464 3540 ἠ
2499 3469 2647 3523 αίτία
2677 3469 2777 3548 τῆς
2803 3469 2896 3522 τοῦ
2923 3471 3090 3524 καλοῦ
3123 3469 3377 3536 ἀτευείας
3407 3472 3500 3525 καὶ
3522 3469 3837 3543 ἀπολισθή-

2247 3556 2386 3604 πως
2407 3582 2421 3606 ’
2737 3612 2808 3665 Ἡ
2835 3609 3153 3666 ποθέεσθαι

2313 3680 2456 3735 Λιὲν
2485 3681 2638 3749 ἐμοι,
2669 3698 2726 3738 κ.
2758 3698 2810 3735 τ.
2846 3679 2925 3746 ἐξ.

2314 3772 2624 3843 Πυθόμενος
2668 3771 2752 3836 τίς
2791 3773 2826 3844 ἡ
2863 3771 3010 3826 αἰτία
3035 3771 3136 3842 τῆς
3165 3771 3259 3825 τοῦ
3291 3770 3499 3840 ἀγαθοῦ
3538 3770 3843 3841 ἀτωφυγῆς
3952 3770 3953 3804 1

2243 3865 2338 3917 καὶ
2375 3864 2469 3917 τοῦ
2511 3864 2814 3934 δύσληπτον
2847 3864 2945 3935 τὴν
2989 3862 3158 3918 αὐτοῦ
3206 3863 3538 3918 καθεστάναι
3569 3861 3841 3936 θεωρίαν,
3952 3875 3953 3880 ‘

2243 3956 2458 4027 πρῶτον
2495 3957 2593 4029 μὲν
2624 3958 2902 4027 ιπήγαγεν
2932 3955 3008 4019 ὼς
3052 3953 3320 4027 ὑπερϐολῇ
3370 3953 3750 4025 χρηστότητος
3780 3953 3846 4006 τὸ

2243 4045 2421 4110 Θεῖον,
2448 4047 2536 4100 ἀεὶ
2581 4045 2861 4099 ποθεῖσθαι
2906 4045 3082 4111 ποθεῖ,
3133 4043 3302 4112 διψῶν
3337 4043 3398 4096 τὸ
3433 4043 3700 4112 διψᾶσθαι
3739 4045 3846 4097 καὶ

2245 4136 2465 4202 ποτίζον
2522 4139 2649 4203 τοὺς
2701 4141 2843 4192 πιεῖν
2892 4136 3326 4209 προστρέχοντας
3350 4153 3364 4166 ·
3420 4137 3483 4189 τὸ
3528 4135 3621 4197 δὲ,
3674 4137 3844 4206 ἐμοὶ,

2245 4227 2366 4280 ἀντὶ
2391 4225 2507 4290 τοῦ,
2540 4227 2682 4281 κατά
2703 4227 2801 4296 τὴν
2822 4227 2960 4298 ἐμὴν
2981 4225 3183 4299 κρίσιν,
3219 4223 3388 4297 δηλοῖ⁶
3402 4222 3666 4287 Τοῦτοδὶ.
3680 4228 3852 4296 φησὶ,

2247 4317 2343 4371 καὶ
2387 4308 2674 4388 ἀνθρώπου
2702 4317 2863 4388 νόμος
2889 4316 3037 4370 ἐστίν
3057 4333 3070 4347 ·
3105 4315 3181 4379 ὡς
3217 4316 3326 4385 γὰρ
3360 4312 3546 4384 πατὴρ
3576 4315 3666 4367 ἀεὶ
3692 4315 3851 4380 ἀγα-

2250 4408 2454 4463 πᾶσθαι
2484 4409 2579 4462 καὶ
2610 4407 2887 4480 ζητεῖσθαι
2916 4408 3054 4480 πρὸς
3079 4405 3189 4461 τῶν
3212 4404 3376 4459 αὐτοῦ
3401 4405 3646 4473 ἐκγόνων
3679 4405 3854 4460 ποθεῖ

2251 4500 2348 4554 καὶ⁵
2393 4501 2636 4566 ἀπαιτεῖ,
2663 4497 2806 4553 οὕτω
2852 4500 2946 4552 καὶ
2983 4500 3011 4552 ό
3051 4498 3415 4570 διαφερόντως
3449 4495 3852 4565 φιλάνθρωπος

2254 4592 2385 4656 Θεός
2404 4609 2418 4623 ο
2469 4593 2601 4646 αὐτὸ
2646 4592 2704 4646 δὲ
2749 4590 2907 4645 τοῦτο
2958 4590 3051 4644 καὶ
3083 4591 3214 4660 ἡμῖν
3263 4586 3712 4657 λυσιτελέστερον
3749 4588 3854 4641 καὶ

2255 4686 2500 4755 κρεῖττον
2541 4678 2700 4747 εῖναι,
2731 4684 2805 4754 μὴ
2838 4682 3144 4754 προχείρως
3175 4680 3307 4751 μηδὲ
3339 4681 3512 4751 ῥᾷστα
3553 4677 3858 4732 καταθεω-

2260 4777 2370 4846 ρεῖν
2390 4774 2482 4829 τὸν
2508 4774 2886 4846 ἀκατάληπτον
2904 4791 2919 4805 ·
2952 4772 3095 4828 οὕτω
3125 4772 3235 4844 γάρ
3263 4770 3370 4825 τῶν
3402 4770 3478 4841 μὴ
3496 4769 3665 4836 ἀξίως
3703 4769 3860 4841 μηδὲ

566 4875 656 4930 διά
712 4872 921 4929 πολλῶν
973 4871 1081 4925 τῶν
1132 4870 1270 4941 ὑπὲρ
1326 4870 1526 4941 ἀρετῆς
1582 4870 1761 4923 πόνων
1809 4857 2461 4941 προπεπαιδευ[ο]μένῶν,
2509 4872 2637 4942 ῥᾷον
2682 4871 2761 4934 ὡς
2804 4869 3038 4933 ἀναξίων
3078 4869 3112 4938 ἡ
3157 4867 3318 4939 χάρις
3357 4862 3862 4936 καταφρονηθεῖσα

565 4969 959 5039 ἀποστήσεται.

569 5080 639 5133 33
728 5076 843 5131 Hoc
895 5092 1116 5147 namque
1141 5073 1329 5147 stabile
1351 5083 1451 5147 est,
1483 5076 1536 5127 in
1565 5091 1666 5144 quo
1698 5090 1840 5129 mens
1869 5074 2093 5128 multum

1143 5144 1425 5205 laboravit,
1454 5153 1561 5198 etc.

640 5253 799 5310 Dicto
824 5252 970 5325 quod
1017 5254 1137 5308 viro
1176 5253 1371 5309 melius
1424 5253 1516 5314 sit,
1569 5252 1615 5306 si
1644 5253 1815 5307 multo
1859 5250 2042 5305 labore
2075 5250 2143 5304 ad

561 5347 699 5402 boni
729 5344 1435 5408 considerationem,multo
1457 5343 1648 5397 labore
1681 5343 1747 5396 ad
1767 5341 2146 5398 conservatio-

572 5455 693 5495 nem
747 5431 1019 5504 deveniat,
1060 5451 1283 5491 causam
1339 5436 1522 5492 statim
1575 5435 1847 5505 exposuit,
1898 5434 2138 5490 dicens:

573 5696 658 5742 est
713 5681 1095 5751 Homericum;
1138 5697 1280 5751 saepe
1325 5679 1652 5751 autem_ha_3c
1701 5675 2140 5751 verba‘confnn-

574 5763 798 5816 uuntur,
833 5769 884 5806 v.
914 5743 1131 5814 Jacobs,
1165 5743 1230 5803 ad
1259 5748 1468 5803 Anthol.
1505 5746 1690 5801 Palat.
1721 5749 1774 5811 5,
1806 5747 1948 5816 609,;
1981 5743 2138 5816 Wer-

573 5822 724 5879 περὶ.
763 5822 831 5879 ad
863 5820 1162 5891 Tryphiod.
1192 5819 1278 5884 75,
1314 5817 1408 5891 qui
1453 5818 1620 5873 alium
1669 5817 1848 5874 locum
1881 5815 2133 5886 Gregorii

2249 5075 2326 5130 53
2366 5072 2546 5127 Τοῦτο
2573 5069 2684 5142 τὰρ
2712 5068 2973 5139 ἔμπεδόν
3003 5068 3194 5132 ἐστιν,
3223 5066 3256 5120 ὃ
3279 5064 3427 5133 νοῦς
3457 5065 3625 5135 κάμε,
3646 5083 3713 5120 κ.
3732 5085 3789 5122 τ.
3808 5070 3860 5122 λ.

2323 5248 2507 5303 Εἰπὼν
2540 5249 2621 5302 ὅτι
2656 5247 2866 5318 βέλτιόν
2904 5249 3050 5300 ἐστιν
3078 5245 3232 5316 ἀνδρὶ
3259 5243 3415 5312 κόπῳ
3449 5241 3550 5312 μὲν
3570 5242 3676 5311 τὴν
3705 5243 3863 5298 θω-

2255 5341 2375 5412 ρίαν
2407 5330 2591 5392 λαϐεῖν
2637 5337 2730 5390 τοῦ
2767 5335 2995 5406 ἀγαθοῦ,
3036 5336 3189 5406 κόπῳ
3224 5334 3282 5387 δὲ
3314 5331 3566 5402 φυλάξαι,
3601 5333 3716 5404 τὴν
3767 5339 3865 5391 ai-

2250 5433 2370 5486 τίαν
2402 5433 2676 5503 ἐπήγαγεν
2699 5429 2882 5494 εὐθὺς,
2902 5427 3060 5483 τοῦτο
3089 5428 3285 5497 λέγων,
3303 5429 3578 5505 Ἔμπεδόν
3591 5430 3748 5497 ἔστι,
3768 5428 3865 5502 βό-

2254 5668 2579 5724 Nazianzeni
2620 5666 2948 5728 emendavit.
3005 5673 3060 5722 et
3101 5662 3399 5723 Wellauer.
3453 5661 3524 5718 ad
3571 5660 3864 5733 Apollon.

2245 5739 2424 5794 Rhod.
2459 5753 2540 5803 nl,
2575 5737 2712 5803 835;
2747 5751 2821 5805 Iv,
2851 5737 2976 5792 474.

2316 5811 2426 5883 (27)
2460 5808 2598 5865 Cod.
2642 5806 2771 5865 ὡδί.
2831 5895 2836 5898 _
