4010 6298
128 430 218 486 717

126 553 261 604 ϐαιον
297 547 389 605 καὶ
426 547 627 620 ἀραρὸς
670 545 764 599 καὶ
804 546 1029 616 μόνιμον
1076 544 1137 598 τὸ
1188 538 1335 613 μετά’
1365 543 1525 595 πόνου
1572 542 1661 594 καὶ

121 641 276 695 κόπου
309 637 646 708 προσκτηθὲν
675 634 867 705 τῷ,νῷ
914 636 1008 688 καὶ
1052 632 1341 703 φυλαχθὲν.
1370 631 1559 701 ὥσπερ
1601 629 1663 681 τὸ

122 730 404 800 προχείρως
434 726 635 797 ληφθὲν
661 725 1131 797 εὐκαταφρόνητον
1157 724 1301 778 ἅπαν
1328 725 1423 776 καὶ
1462 722 1660 774 εὐαπά-

120 820 297 890 ϐλητον
322 817 660 873 καθίσταται.
1614 828 1616 831 ·

583 912 850 966 Πολλὰκι
875 911 927 963 δ’
959 906 1105 966 αὖτε

225 982 491 1047 Ἐσθλοῦ,
525 1002 577 1037 κ.
607 999 657 1035 τ.
694 980 769 1046 ἐξ.

178 1078 428 1148 (28)Φασὶ
442 1079 530 1131 τὸν
548 1078 753 1137 λέοντα,
769 1078 827 1129 ὲν
841 1075 960 1146 ὥρᾳ
984 1074 1258 1143 βαδίζοντα
1273 1074 1553 1145 χειμῶνος,
1573 1075 1664 1126 καὶ

118 1168 209 1229 τὰς
243 1166 348 1220 τῶν
390 1169 666 1239 θηρευτῶν
714 1167 985 1230 ἐπιθέσεις
1016 1167 1372 1237 διαφεύγοντα
1399 1209 1412 1231 ,
1440 1170 1522 1240 τῷ
1568 1168 1661 1220 ού-

119 1259 244 1330 ραίῳ
276 1259 344 1312 τά
386 1260 504 1329 ῐχνη
538 1257 645 1311 τῶν
675 1259 888 1311 οἰκείων
938 1257 1111 1312 ποδῶν
1164 1258 1549 1312 ὲπικαλύπτειν
1594 1261 1659 1328 τῇ

120 1349 242 1418 χιόνι
272 1366 285 1379 ’
313 1348 527 1402 τοιοῦτό
552 1366 607 1401 τι
636 1348 912 1402 κάνταῦθα
950 1348 1041 1401 τὸν
1083 1347 1326 1401 διάϐολον
1356 1348 1489 1419 δρᾷν
1518 1350 1547 1400 ό
1580 1347 1661 1400 δι-

115 1438 363 1503 δάσκαλός
382 1457 569 1510 φησιν,
594 1441 677 1492 ὅτι
708 1440 968 1502 πολλάκις
998 1439 1203 1507 ἀγαθοῦ
1230 1441 1323 1493 καὶ
1348 1438 1519 1494 κακοῦ
1547 1440 1666 1493 διά-

116 1545 283 1598 κρισιν
335 1530 393 1581 ὲν
445 1528 652 1600 διανοίᾳ
703 1528 892 1600 ἀνδρὸς
941 1527 1196 1592 εὐσεϐοῦς
1242 1530 1609 1597 ὐπφανείσαν
1636 1531 1667 1582 ό

128 1615 338 1688 Ἐχθρὸς
370 1617 723 1690 πανουργίαις
752 1619 872 1688 ἴχνη
905 1617 1108 1687 βάλλων
1133 1618 1219 1670 ἐπ’
1258 1619 1462 1687 ίχνεσιν
1487 1618 1667 1689 ﬂucti-

117 1721 265 1775 ρωσε,
312 1707 408 1760 καὶ
452 1706 760 1777 λογισμοῖςο
782 1707 1055 1778 σαρκίνοις
1086 1707 1226 1785 τοὺς⁸
1261 1710 1666 1779 πνευματικοὺς

117 1798 407 1869 κακουργίᾳ
434 1797 1012 1869 παρακαλυπτόμενος,
1052 1798 1142 1851 τὸν
1172 1797 1266 1851 τοῦ
1301 1798 1506 1868 ἀγαθοῦ
1530 1799 1663 1852 θεω-

113 1886 198 1954 ρδν
233 1887 520 1957 ἀποπλανᾷ
551 1904 565 1917 ·
585 1887 679 1940 καὶ⁵
708 1889 740 1957 ή
772 1887 870 1958 μὲν
896 1886 1036 1961 σὰρξ⁸
1062 1888 1183 1958 ἐμοὶ
1214 1888 1354 1943 κατὰ
1373 1889 1472 1958 τὴν
1496 1890 1667 1960 αὐτῆς

110 1975 261 2043 φύσιν
285 1978 358 2030 τὰ
373 1978 471 2048 τῆς
492 1994 559 2029 σα
567 1976 696 2048 ρκδς
718 1976 989 2047 ἐπιθυμεῖ,
1013 1978 1046 2048 ὴ
1072 1977 1257 2048 ἐντολὴ
1281 1978 1339 2031 δὲ
1367 1994 1663 2049 πνευματι-

107 2067 174 2138 κὴ
210 2064 341 2122 οὖσα
367 2068 437 2122 τά
474 2067 569 2121 τοῦ
605 2068 909 2139 πνεύματος
946 2068 1307 2137 ὑπαγορεύει,
1329 2070 1422 2123 καὶ
1461 2070 1523 2122 τὸ
1567 2070 1662 2123 τοῦ

108 2156 233 2210 θεοῦ
261 2157 473 2227 θέλημα
522 2155 949 2228 παρακελεύεται
989 2172 1003 2187 ·
1029 2157 1154 2211 ἀλλο
1180 2157 1225 2209 δ’
1244 2158 1287 2209 νὸ
1314 2156 1506 2225 φθόνος
1536 2158 1668 2212 ὐπο-

106 2248 304 2303 τίθεται
324 2249 420 2304 τοῦ
445 2236 711 2320 Πονηροῦ,
727 2249 852 2302 ἀλλο
876 2248 1019 2302 δ’ἔτι
1045 2247 1179 2318 πρὸς
1206 2251 1319 2311 τοῖς
1358 2249 1668 2319 εἰρημένοις

103 2339 242 2408 τρισὶ
272 2340 463 2409 νόμοις
494 2342 525 2393 ό
549 2338 682 2392 αἰὼν
710 2340 804 2394 καὶ
824 2342 859 2409 ἡ
889 2336 1154 2409 πρόληψις
1181 2337 1275 2391 τοῦ
1321 2338 1665 2410 ἀνθρωπίνου

105 2428 393 2484 ὑποϐάλλει
430 2423 712 2499 λογισμοῦ.
752 2448 772 2481 ι
811 2430 989 2501 Ἔρδω
1029 2429 1073 2481 δ’
1117 2432 1147 2485 ὃ
1186 2429 1430 2497 στυγέω·
1478 2449 1496 2480 ι
1527 2429 1669 2484 καθά

104 2538 260 2590 φησιν
287 2522 320 2575 ό
358 2521 676 2585 ’Δπόστολος
692 2538 705 2550 ·
726 2523 807 2574 Οὐ
834 2521 941 2589 γὰρ
961 2520 993 2573 ὃ
1010 2522 1162 2575 θέλω
1180 2521 1369 2574 τοῦτο
1394 2520 1665 2588 πράσσω,

99 2612 231 2667 ἀλλ’
265 2612 299 2666 ὃ
327 2612 490 2682 μισῶ
525 2612 699 2666 τοῦτο
736 2609 1034 2677 πολλάκις
1065 2612 1164 2665 καὶ
1189 2611 1336 2665 ποιῶ
1366 2629 1379 2642 ·
1403 2614 1495 2665 καὶ
1525 2613 1554 2665 δ
1594 2613 1669 2675 ὼς

100 2703 356 2775 ἀθέμιτον
403 2704 437 2775 ἢ
485 2702 667 2757 ἄδικον
720 2701 1013 2770 ἀποστυγῶ
1040 2741 1055 2765 ,
1095 2704 1162 2773 τῇ
1215 2702 1491 2773 φιληδονίᾳ
1526 2704 1559 2773 ἢ
1590 2703 1668 2772 τῷ

103 2792 277 2865 φθόνῳ
308 2792 406 2846 τοῦ
436 2791 679 2864 Πονηροῦ
707 2793 1112 2863 κατεργάζομαι
1147 2792 1540 2863 κλεπτόμενος,
1577 2796 1670 2847 καὶ

99 2886 423 2956 ὲνηδύνομαι
451 2886 563 2947 τοῖς
587 2886 776 2946 κακοῖς
803 2884 896 2936 καὶ
916 2883 1059 2951 γελῶ
1084 2883 1175 2937 τὸν
1201 2883 1333 2953 ὲμδν
1362 2884 1527 2954 μόρον
1556 2887 1673 2947 τοῖς

101 2976 287 3047 μέλεσι
327 2979 441 3037 τοῖς
480 2975 635 3045 ἐμοῖς
664 2974 1008 3045 ἐνιδρυμένον
1027 3013 1042 3037 ,
1073 2973 1216 3042 γελῶ
1247 2974 1456 3042 γέλωτα
1496 2975 1670 3044 κακῆς

100 3067 535 3139 πεπληρωμένον
575 3066 747 3136 χαρᾶς
775 3066 869 3118 καὶ
907 3061 1019 3118 οἷον
1051 3068 1083 3135 ἡ
1117 3065 1385 3137 παροιμία
1403 3066 1551 3133 λέγει
1578 3067 1669 3119 τὸν

100 3161 387 3232 σαρδάνιον
420 3175 436 3191 '
470 3158 586 3212 ἔστι
615 3157 722 3231 γὰρ
765 3158 860 3210 καὶ
892 3156 1119 3218 θάνατος
1149 3156 1279 3227 ἡδὺς
1325 3157 1359 3227 ἡ
1405 3157 1668 3228 ἁμαρτία.

100 3257 160 3309 οι
176 3255 310 3324 γοῦν
334 3257 437 3326 τῆς
464 3252 657 3321 στενῆς
684 3249 803 3305 ὁδοῦ
825 3251 919 3304 καὶ
942 3250 1076 3321 πρὸς
1112 3248 1283 3319 βραχὺ
1305 3248 1669 3318 τεθλιμμένης

99 3346 441 3407 ἐκκλίνοντες
480 3343 540 3395 τὸ
579 3341 758 3414 ἀηδὲς,
799 3341 899 3410 τὴν
936 3340 1196 3393 πλατεῖαν
1228 3339 1285 3390 δὲ
1313 3338 1405 3391 καὶ
1434 3338 1671 3409 εὐρύχω-

101 3453 193 3508 ρον
243 3434 590 3505 ἀνθελόμενοι
636 3430 735 3501 τῆς
763 3429 975 3501 ἡδονῆς,
1004 3431 1102 3499 τῆς
1146 3427 1315 3490 om;
1348 3427 1447 3498 μὲν
1496 3427 1641 3498 ζωῆς

99 3525 487 3595 ὠλισθηκότες,
523 3523 658 3594 πρὸς
685 3522 784 3593 τὴν
810 3519 1083 3574 ἀπώλειαν
1111 3518 1171 3571 δὲ
1204 3517 1410 3572 ἑαυτῶν
1441 3519 1673 3588 αὐτομο-

99 3618 342 3681 λοῦντες,
386 3614 726 3686 κακόχαρτον
747 3612 956 3681 γέλωτα
982 3610 1201 3679 γελῶσι,
1233 3610 1326 3663 καὶ
1360 3608 1439 3680 τῷ
1464 3611 1672 3663 ἑαυτῶν

98 3708 318 3778 θανάτῳ
360 3705 746 3778 ὲφηδυνόμινοι
776 3701 1207 3773 ἀναισθητοῦσιν.
1246 3721 1265 3752 ι
1296 3699 1411 3753 Νῦν
1460 3700 1672 3770 χθαμα-

95 3799 241 3864 λδς,ι
260 3817 319 3854 κ.
348 3816 401 3852 τ.
432 3797 512 3865 ἐξ.
540 3796 638 3851 Διά
668 3795 873 3849 τούτων
892 3794 949 3848 δὲ
972 3794 1299 3864 σαφέστερον
1321 3793 1429 3846 τῶν
1449 3793 1674 3862 ὐποκρι-

94 3890 206 3943 τῶν
230 3889 298 3943 τὸ
327 3887 583 3943 ἀϐέϐαιον
607 3885 975 3956 ἐπιμέμφεται
1012 3885 1104 3938 καὶ
1138 3880 1674 3947 ἀκατάστατον,Νῦν,

95 3975 296 4047 λέγων,
322 3973 599 4046 χθαμαλός
643 3990 726 4037 τις
765 3970 1129 4043 ὑποκρίνομαι
1158 3974 1251 4026 καὶ
1287 3972 1559 4038 ταπεινὸς,
1584 3970 1679 4024 νῦν

1106 420 1171 477 IN
1194 418 1501 476 canum
1531 414 1812 472 assam
1855 416 1911 471 s.
1952 398 2296 473 casco‘nu.

3222 407 3327 466 ’ἵίῦ

1748 540 1987 599 Firmum
2003 547 2109 602 est,
2130 538 2325 594 stabile
2353 540 2509 592 decet
2537 542 2591 590 et
2619 543 2886 606 perstans.
2917 531 3058 603 quod
3098 546 3222 586 cum
3250 532 3327 584 la-

1759 628 1889 683 bore
1918 636 1973 682 et
1995 627 2309 699 fatigatione
2330 624 2571 695 possedit
2597 623 2826 694 spiritus
2861 632 2916 678 et
2940 620 3157 681 tutavit,
3196 618 3325 672 dum

1758 730 1919 771 omne
1968 698 2115 786 quod
2182 708 2416 769 faciliter
2465 712 2857 781 consequimur
2918 698 3327 776 contemptibile

1758 807 2056 862 a‘stimatur
2097 815 2152 861 et
2172 803 2595 876 dedignandum.
2643 819 2661 853 ι
2694 800 2846 871 δεερε
2880 800 3078 853 iterum
3111 796 3263 859 boni,
3301 814 3320 845 ι
3394 842 3403 847 -

1760 907 1813 951 ει
1837 914 1950 968 seq.
1974 896 2210 951 Narrant
2238 896 2446 952 leonem
2480 894 2658 949 hieme
2697 892 3064 946 ambulantem
3088 898 3143 944 ct
3167 903 3328 943 vena-

1760 999 1938 1043 torum
1962 989 2336 1059 aggressiones
2381 986 2677 1057 fugientem
2712 984 2886 1038 cauda
2920 982 3119 1052 pedum
3154 980 3327 1034 vcsti-

1761 1080 1848 1149 gia
1876 1093 2098 1135 suorum
2127 1079 2249 1132 nive
2283 1078 2667 1146 supervestire,
2709 1074 2891 1129 simile
2917 1071 3118 1142 aliquid
3158 1081 3213 1126 et
3252 1071 3328 1125 ibi

1763 1184 1923 1239 agere
1949 1168 2223 1225 diabolum
2247 1166 2381 1223 dicit
2412 1166 2712 1237 magister;
2770 1178 2913 1233 saepe
2940 1164 3067 1217 boni
3107 1172 3163 1217 et
3199 1164 3330 1217 mali

1762 1259 2235 1315 distinctionemin
2260 1258 2334 1328 pii
2363 1257 2465 1311 viri
2496 1266 2675 1309 mente
2706 1254 2910 1308 claram
2950 1251 3210 1307 Inimicus
3232 1252 3333 1306 fal-

1752 1338 1918 1404 laciis
1940 1349 2164 1418 vestigia
2197 1348 2441 1417 vestigiis
2464 1346 2721 1415 operiens
2740 1342 3051 1398 obscuravit
3081 1349 3136 1396 et
3165 1342 3340 1395 ratio-

1763 1440 1923 1496 ciniis
1943 1438 2255 1493 carnalibus
2273 1437 2577 1508 spiritualia
2595 1434 2867 1489 malitiose
2887 1432 3226 1503 conperiens,
3241 1445 3335 1485 co-

1763 1530 2056 1599 gnitionem
2084 1528 2212 1583 boni
2235 1527 2563 1594 conturbat;
2600 1526 2888 1596 etquidem
2912 1539 3039 1578 caro
3062 1525 3117 1580 in
3141 1538 3229 1577 me
3254 1538 3337 1577 se-

1764 1618 2006 1673 cundum
2038 1619 2212 1690 ipsius
2244 1626 2496 1673 naturam
2527 1632 2649 1687 qua:
2691 1622 2822 1673 sunt
2848 1614 3033 1670 carnis
3067 1616 3333 1684 concupi-

1766 1711 1900 1775 scit;
1930 1717 2256 1780 praaceptum
2287 1715 2466 1763 autem
2497 1708 2695 1780 quippe
2723 1705 2869 1776 quod
2899 1705 3183 1775 spirituale
3213 1718 3343 1775 quae

1766 1800 2065 1869 spiritualia
2089 1809 2216 1855 sunt
2232 1801 2407 1868 jubet,
2430 1811 2484 1855 et
2511 1800 2576 1853 ad
2596 1800 2930 1853 voluntatem
2952 1797 3045 1853 Dei
3076 1798 3335 1868 impellit;

1766 1891 1910 1945 aliud
1930 1891 2130 1945 invidia
2165 1892 2355 1945 suadet
2390 1891 2518 1943 mali
2567 1897 2623 1944 ct
2658 1889 2801 1942 ultra
2828 1896 2941 1943 tres
2971 1888 3147 1944 dictas
3192 1890 3338 1959 leges

1765 1982 2064 2045 aeternitas,
2107 1989 2163 2035 et
2192 1981 2569 2051 praeiudicium
2620 1980 2846 2034 humani
2902 1979 3174 2033 ratiocinii
3203 1996 3337 2049 sup-

1766 2072 1938 2141 ponit.
1987 2089 2004 2121 t
2033 2070 2189 2137 Quod
2224 2072 2338 2134 odi,
2379 2070 2547 2135 facio,
2576 2090 2593 2121 ι
2632 2079 2796 2139 prout
2842 2070 2974 2124 dicit
3001 2069 3334 2140 Apostolus;

1784 2162 2243 2236 «Nonenimqttod
2259 2162 2548 2228 volo,i||ud
2584 2160 2741 2223 facio,
2773 2160 2865 2215 sed
2890 2162 3035 2231 quod
3066 2162 3177 2227 odi,
3203 2161 3337 2216 illud

1768 2268 1911 2322 saepe
1943 2251 2204 2315 facionet
2237 2252 2662 2322 quodtanquam
2699 2251 2966 2321 injustum
2999 2261 3054 2307 et
3089 2253 3337 2323 iniquum

1768 2340 2032 2403 detestor,
2062 2340 2341 2409 voluptate
2386 2347 2480 2395 aut
2520 2338 2724 2394 invidia
2761 2338 2889 2394 Mali
2912 2340 3175 2411 deceptus
3197 2342 3340 2397 facio

1768 2439 1823 2485 et
1858 2431 1913 2485 in
1946 2430 2102 2486 malis
2133 2430 2395 2495 delector,
2426 2438 2482 2484 et
2510 2428 2662 2483 rideo
2690 2430 2759 2484 de
2796 2439 2971 2485 morte
3010 2445 3128 2486 mea
3165 2448 3338 2497 mem-

1769 2523 1882 2578 bris
1916 2523 2054 2578 meis
2082 2522 2272 2583 insita,
2310 2518 2466 2575 rideo
2512 2520 2686 2575 risum
2735 2522 2987 2590 pessimae
3024 2522 3339 2577 redundan-

1771 2623 1877 2669 tem
1902 2614 2124 2679 laetitiae,
2160 2613 2378 2683 qualem
2407 2613 2759 2683 proverbium
2797 2612 2931 2667 dicit
2974 2613 3337 2681 sardonium;

1771 2720 1895 2760 nam
1924 2711 2210 2777 peccatum
2245 2718 2395 2759 mors
2427 2710 2511 2758 est
2538 2703 2788 2772 quaedam
2815 2703 3079 2773 jucunda.
3106 2703 3171 2759 lli
3209 2721 3341 2775 ergo

1770 2795 1864 2864 qui
1898 2796 1967 2850 ab
1994 2803 2237 2866 angustae
2284 2795 2388 2850 viae
2416 2802 2471 2850 et
2521 2795 2923 2865 aliquantisper
2973 2804 3140 2852 arcta:
3194 2798 3339 2867 inju-

1770 2885 1950 2945 cunda
1976 2901 2037 2942 se
2070 2887 2379 2952 retrahunt,
2412 2888 2717 2956 spatiosam
2758 2889 3055 2958 voluptatis
3089 2898 3143 2944 et
3172 2888 3341 2944 latam

1772 2979 1913 3031 viam
1942 2987 2361 3047 anteponentes,
2416 2978 2597 3048 reipsa
2626 2994 2656 3032 a
2691 2979 2802 3033 vita
2833 2979 3095 3035 cadentes
3130 2979 3200 3036 de
3244 2997 3342 3036 sua

1776 3073 2019 3139 ipsorum
2048 3069 2290 3138 pernicie
2317 3068 2619 3138 transfugae
2661 3068 2897 3124 infelicis
2936 3071 3119 3142 gaudii
3168 3072 3341 3127 risum

1774 3156 1956 3212 rident
1983 3163 2039 3210 et
2064 3156 2121 3209 in
2147 3156 2365 3225 propria
2398 3166 2573 3210 morte
2617 3170 2718 3212 sua
2750 3158 3003 3213 laetantur
3044 3174 3208 3216 sensu
3252 3175 3345 3215 ea.

1775 3256 1980 3304 rentes.
2016 3266 2035 3299 ι
2067 3245 2205 3301 Tum
2242 3247 2391 3301 humi
2435 3246 2706 3316 abjectus,
2748 3269 2767 3301 ι
2794 3258 2847 3304 ει
2872 3265 2988 3320 seq.
3014 3249 3112 3305 His
3164 3254 3346 3309 verbis

1779 3339 2038 3403 lucidius,
2069 3339 2225 3409 quasi
2258 3338 2630 3407 commdorum
2690 3340 2943 3397 instabile
2981 3351 3038 3398 et
3064 3344 3348 3401 inordina-

1780 3440 1891 3484 tum
1919 3429 2127 3501 arguit;
2151 3429 2311 3489 Tum,
2341 3429 2437 3491 ait,
2480 3428 2631 3483 humi
2670 3430 2917 3500 abjectus
2946 3442 3001 3488 et
3025 3434 3175 3500 vilis,
3230 3444 3346 3491 tum

1777 3522 1976 3575 iterum
2007 3529 2225 3575 erectus
2259 3528 2312 3573 et
2351 3520 2557 3584 celsus,
2596 3522 2757 3578 hodie
2784 3525 3150 3595 arrogantiam
3174 3538 3229 3583 et
3257 3544 3350 3584 aro

1778 3617 2033 3681 rogantes
2062 3621 2421 3665 contemnens
2441 3621 2496 3666 et
2523 3610 2853 3681 deprimens,
2880 3630 3004 3671 cras
3032 3616 3148 3685 ipse
3186 3633 3344 3673 arro-

1777 3707 1979 3770 gauset
2012 3700 2411 3763 venditator,et
2439 3701 2581 3756 alius
2616 3702 2738 3757 aliis
2785 3704 2840 3757 in
2884 3707 3221 3774 temporibus
3250 3725 3347 3781 ap-

1780 3800 1999 3855 parens,
2032 3784 2356 3856 polyporum
2388 3794 2639 3839 naturam
2670 3785 2876 3849 imitor,
2913 3788 3008 3857 qui
3035 3788 3101 3843 ad
3135 3799 3344 3860 petram

1780 3877 1871 3931 cui
1910 3875 2190 3931 adhaerent
2226 3877 2464 3931 colorem
2506 3877 2987 3937 accommodantes
3028 3883 3349 3951 perquiren-

1785 3977 1893 4023 tetu
1924 3966 2229 4037 decipiunt.

91 4068 150 4123 δὲ
199 4068 369 4124 πάλιν
404 4067 679 4139 μετέωρος
713 4067 806 4122 καὶ
832 4066 1063 4137 ὑψηλὸς,
1098 4066 1336 4138 σήμερον
1367 4066 1467 4137 τὴν
1516 4064 1672 4136 ὕϐριν
1710 4063 1804 4117 καὶ
1838 4064 1964 4126 τοὺς
1985 4061 2243 4133 ὑϐριστὰς
2279 4060 2491 4134 ἀτιμῶν
2521 4062 2614 4115 καὶ
2645 4063 2935 4136 διασύρων,
2975 4064 3161 4139 αῦριον
3187 4068 3352 4133 αὐτὸς

94 4160 364 4232 ὑϐριστὴς
389 4159 735 4230 δεικνύμενος
766 4159 858 4213 καὶ
881 4154 1114 4221 ἀλαζὼν,
1145 4159 1240 4211 καὶ
1275 4157 1432 4220 ἄλλος
1459 4159 1516 4211 ὲν
1547 4156 1723 4219 ἀλλοις
1761 4154 2034 4227 ὁρώμενος
2070 4156 2281 4225 καιροῖς
2310 4152 2452 4208 κατὰ
2478 4155 2577 4226 τὴν
2605 4155 2716 4209 τῶν
2742 4157 3053 4212 πολυπόδων
3090 4160 3347 4232 ίδιότητα,

91 4254 140 4304 οἱ
167 4253 315 4325 πρὸς
341 4252 444 4324 τὴν
474 4253 883 4323 παρακειμένην
914 4250 1097 4314 αὐτοῖς
1134 4250 1340 4322 πέτραν
1369 4249 1467 4322 τὴν
1497 4246 1685 4321 χροιὰν
1716 4246 2137 4319 μεταϐάλλοντες
2153 4246 2215 4300 τὸ
2240 4244 2471 4317 θηρεῦον
2496 4245 2894 4317 διαφεύγουσιν.

90 4378 161 4434 45
194 4378 444 4448 Δόκρυα
491 4377 671 4447 θερμὰ
720 4377 904 4447 χέων*
954 4377 993 4445 ἠ
1050 4376 1112 4448 δῖ
1147 4373 1219 4431 οὐ
1265 4376 1640 4448 ᾳυνέρευο-εν

1058 4444 1363 4518 ίάμαρτάς,
1390 4464 1442 4498 κ.
1470 4463 1519 4497 τ.
1550 4445 1597 4499 λ.

158 4579 293 4632 Ἔτι
333 4577 431 4630 καὶ
468 4575 556 4631 διὰ
597 4574 704 4629 τῶν
740 4574 1114 4647 προκειμένων
1170 4575 1373 4628 τούτων
1434 4572 1583 4627 ἐπῶν
1614 4574 1676 4627 τὸ

89 4670 438 4741 παλίμϐολον
464 4668 557 4721 καὶ
605 4668 886 4739 ἀνίδρυτον
912 4665 1175 4735 διελέγχει
1199 4665 1306 4718 τῶν
1341 4664 1673 4735 ὑποκριτῶν.

90 4764 203 4818 Καὶ
248 4763 367 4832 γάρ
411 4760 683 4830 ποτικμὲν
730 4758 961 4827 δάκρυον
1011 4755 1162 4828 ἐχεον
1201 4755 1263 4821 ἑξ
1293 4755 1605 4825 ὀφθαλμῶν,
1639 4757 1673 4825 ἡ

87 4852 427 4925 ἀμαρτάςδὲ
450 4840 601 4921 αὐτῷ
613 4852 673 4906 οὑ
697 4849 1134 4922 συνεξέῤῥευσεν,
1152 4848 1339 4911 ἄλλαις
1367 4848 1425 4902 δὲ
1459 4847 1677 4918 ἀμπλα-

85 4950 241 5013 κίαις
266 4943 511 5015 συνεχῶς
539 4942 954 5013 ὲνεργουμέναις
974 4940 1106 4995 ἀλλα
1138 4939 1349 5011 δάκρυα
1367 4938 1514 4993 ἔνδον
1548 4954 1676 4991 συν-

86 5039 309 5110 αγείρω
346 5052 362 5071 '
389 5035 488 5105 τῆς
524 5033 631 5104 γὰρ
659 5033 923 5103 συνήθους
976 5029 1297 5102 προλήψεως
1335 5029 1445 5082 τῶν
1490 5029 1675 5083 κακῶν

82 5132 185 5183 οὐκ
216 5127 617 5196 ἀφιστάμενος,
642 5124 762 5193 εικῆ
790 5124 858 5177 τά
902 5121 1169 5192 φάρμακα
1203 5120 1302 5187 τῆς
1333 5121 1527 5181 ἰάσεως
1552 5119 1676 5171 ὲκὲ-

82 5238 239 5275 νωσα
272 5234 292 5251 ⁸
321 5218 516 5273 πάλιν·
548 5217 627 5287 Τῇ
660 5215 825 5286 σαρκὶ
869 5215 966 5283 μὲν
997 5211 1350 5283 παρθενεύειν
1388 5229 1477 5280 μοι
1512 5210 1672 5272 δοκῶ,

84 5310 377 5381 γυναικῶν
411 5307 691 5369 συνουσίας
727 5304 1080 5375 ἀπεχόμενος,
1103 5303 1163 5354 οῦ
1198 5301 1343 5371 μάλα
1380 5301 1457 5365 δὲ,
1488 5302 1671 5371 φησὶν,

84 5402 229 5468 οἴδα,
266 5404 323 5455 εἰ
351 5401 446 5454 καὶ
471 5401 607 5470 αὐτῇ
638 5401 705 5469 τῇ
740 5396 977 5467 διανοίᾳ·
1012 5395 1174 5448 πάλιν
1193 5411 1206 5424 ·
1237 5392 1407 5456 Αἰδὼς
1439 5391 1673 5461 ὑποδρα-

87 5496 277 5568 μοῦσα
309 5492 549 5555 εὐλαϐῶς
577 5492 722 5543 ἔστιν
748 5491 835 5543 ὅτε
882 5487 1037 5559 μύειν
1067 5486 1318 5540 ἀνέπεισε
1341 5484 1438 5554 τὴν
1462 5484 1671 5553 ὅρασιν,

86 5588 213 5650 νοῦς
246 5587 313 5639 δὲ
352 5584 628 5638 ἀνανεύων
669 5581 806 5651 μετὰ
847 5580 1038 5651 μικρὸν
1078 5577 1363 5632 ἀνένευσεν
1403 5574 1631 5635 ἀναιδῶς
1656 5591 1668 5604 ο

83 5681 185 5736 καὶ
218 5678 367 5748 πρὸς
395 5677 493 5746 τὴν
515 5675 623 5727 τῶν
659 5672 950 5743 ἀλλοτρίων
987 5670 1083 5741 μὲν
1112 5666 1436 5739 ἁμαρτάδων
1468 5665 1671 5735 ἀκρόα-

155 5816 286 5885 (ἥι
326 5816 369 5867 Δ
391 5830 500 5885 quo
531 5814 795 5883 scriptore
830 5811 939 5866 hate
965 5809 1162 5863 tradita
1193 5808 1302 5863 sint
1337 5805 1540 5861 nescio.

1778 4374 1848 4447 ιϐ
1873 4372 2077 4428 Calida:
2124 4374 2299 4441 ﬂuunt
2344 4388 2409 4426 ea:
2455 4375 2622 4428 oculis
2672 4377 2953 4443 lacrymaz,
2993 4393 3107 4518 lnon
3168 4395 3355 4447 pecca-

3018 4458 3148 4511 tum.
3173 4460 3277 4504 etc.

3018 4458 3148 4511 tum.
3173 4460 3277 4504 etc.

1848 4568 1926 4622 Ad
1965 4569 2069 4623 hoc
2106 4576 2161 4624 et
2202 4584 2299 4639 per
2333 4584 2497 4640 supra
2528 4571 2704 4641 posita
2743 4571 2988 4625 carmina
3028 4572 3131 4627 ista
3177 4575 3352 4631 insta-

1778 4660 1887 4714 bile
1914 4669 1969 4715 et
2008 4660 2334 4715 inconstans
2361 4660 2543 4730 arguit
2588 4660 2868 4716 hominum
2899 4663 3164 4719 commdis
3195 4666 3355 4721 simi-

1778 4750 1911 4804 lium
1944 4762 1958 4799 :
1992 4764 2118 4804 nam
2159 4749 2456 4821 aliquando
2481 4751 2751 4822 lacrymas
2790 4750 3083 4809 fundebant
3126 4771 3191 4810 ex
3222 4772 3356 4811 ocu-

1779 4842 1874 4908 lis,
1924 4857 2027 4897 nec
2074 4858 2183 4897 una
2234 4857 2360 4897 cum
2408 4842 2529 4899 istis
2577 4854 2860 4914 peccatum
2908 4843 3279 4913 auferebatur,
3321 4865 3354 4904 e

1777 4940 1970 4987 contra
1995 4932 2120 4987 aliis
2146 4932 2411 4987 continuo
2438 4935 2753 4989 commissis
2794 4935 2971 5005 culpis
3000 4936 3229 4993 aliarum
3274 4940 3355 4993 la-

1776 5036 2088 5092 crymarum
2133 5020 2281 5076 intus
2307 5036 2502 5077 causas
2531 5037 2838 5079 coacervo:
2881 5026 2975 5096 qui
3007 5026 3169 5098 solita
3214 5042 3355 5099 prae-

1775 5114 2087 5183 sumptione
2128 5115 2396 5167 malorum
2445 5128 2552 5168 non
2612 5114 3060 5188 abstinens,quze
3108 5121 3352 5175 remedia

1774 5204 2044 5259 sanationi
2082 5219 2206 5259 esse
2236 5203 2528 5269 debebant,
2558 5206 2766 5261 nullius
2814 5222 2939 5262 esse
2967 5206 3071 5263 feci
3097 5209 3346 5265 effectus.

1774 5293 2219 5354 lterumztiarne.
2247 5293 2481 5362 virginis
2532 5293 2705 5350 instar
2729 5295 2916 5350 vivere
2957 5296 3091 5350 mihi
3136 5298 3343 5359 videor.

1773 5387 2059 5440 continens
2112 5386 2367 5441 mulieres
2418 5403 2525 5441 non
2570 5401 2864 5456 cognosco,
2910 5388 3002 5456 qui
3050 5404 3159 5443 non
3214 5390 3336 5443 ideo

1774 5477 1947 5547 magis
1971 5476 2115 5542 novi,
2148 5476 2347 5545 inquit,
2381 5477 2425 5531 si
2457 5486 2511 5532 et
2538 5478 2655 5547 ipso
2680 5477 2845 5533 corde
2869 5479 2951 5534 sic
2980 5479 3200 5549 gloriari
3237 5496 3324 5535 me

1771 5569 1878 5623 rito
1903 5568 2131 5638 possim.
2164 5567 2360 5623 lterum
2388 5586 2402 5622 :
2432 5567 2694 5624 Modestis
2724 5570 2812 5640 pie
2840 5584 3133 5627 accurrens
3155 5572 3334 5628 locum

1775 5661 1935 5716 habet
1974 5660 2276 5730 suadetque
2322 5661 2511 5715 oculos
2550 5662 2785 5730 dejicere
2824 5673 2877 5716 et
2932 5670 3053 5733 post
3093 5663 3352 5734 pusillum
