4010 6298
587 352 712 413 ⁸119

606 472 825 526 animus
848 486 1015 540 supra
1040 472 1268 541 erigitur
1296 478 1350 525 et
1386 471 1730 541 impudenter
1761 468 1815 525 in
1844 473 2013 524 altum
2039 472 2179 539 aspi-

606 564 705 616 cit.
761 563 825 617 Et
872 563 1104 617 aliorum
1150 562 1445 616 auditurus
1493 562 1683 630 culpas
1722 562 1912 617 solerti
1955 561 2179 624 auditu,

608 655 898 709 emissitiis
947 654 1125 707 oculis
1166 668 1292 706 cum
1318 654 1444 714 sim,
1468 652 1537 704 ad
1577 668 1821 707 mearum
1868 652 2185 707 considera-

610 748 812 799 ti0nem
841 744 1127 799 immemor
1154 761 1274 799 sum
1303 754 1358 798 et
1378 747 1733 799 tenebrosus.
1773 743 1839 796 Et
1880 744 2060 797 adhuc
2092 745 2185 798 ite-

610 848 733 888 rum
774 854 789 889 :
829 835 1080 890 Caelestis
1123 838 1176 888 in
1227 837 1575 891 sermonibus
1611 847 1665 890 et
1722 835 2020 907 grandibus
2064 852 2184 891 ver—

610 929 716 990 bis,
750 939 928 983 meme
955 938 1009 983 et
1034 930 1461 999 cogitationibus
1500 940 1656 999 repto
1682 938 1955 983 terrenus.
1995 949 2012 980 ι
2050 927 2181 982 Sum

608 1018 831 1075 sedatus
849 1028 904 1074 et
922 1035 1181 1084 serenus;
1209 1039 1228 1072 ι
1258 1036 1489 1075 serenus
1509 1036 1610 1090 ego
1631 1023 1852 1089 quando
1871 1019 2184 1073 moderatus

609 1118 663 1162 et
685 1112 870 1165 snavis
905 1110 1221 1165 hominibus
1250 1125 1507 1179 appareo,
1542 1110 1705 1163 ﬂante
1737 1120 1915 1164 autem
1957 1110 2043 1162 vel
2088 1124 2183 1177 pa-

608 1214 730 1252 rum
763 1215 930 1269 parva
970 1200 1037 1254 de
1074 1216 1244 1257 causa
1293 1203 1396 1263 ira.
1429 1202 1573 1257 sicut
1622 1217 1771 1255 mare
1814 1201 2071 1254 ﬂuctibus
2102 1203 2185 1253 in-

610 1290 855 1351 ﬂatus,et
892 1291 1213 1359 amigentem
1245 1299 1459 1347 tumore
1496 1303 1590 1346 aut
1618 1294 1781 1345 etiam
1817 1293 2071 1345 manibus
2101 1291 2185 1344 al-

611 1391 768 1437 terna
796 1382 917 1437 vice
956 1383 1193 1453 affligere
1229 1393 1381 1455 opto,
1419 1399 1520 1437 nec
1548 1384 1701 1453 prius
1732 1384 1966 1437 sedabor
2005 1399 2034 1436 a
2069 1398 2186 1437 mo-

611 1475 762 1529 tibus
793 1474 926 1543 quin
967 1475 1048 1528 ira
1081 1474 1269 1529 sedata
1300 1476 1371 1530 sit
1410 1484 1464 1529 et
1504 1477 1824 1539 cessaverit,
1859 1476 2078 1545 quando
2108 1484 2186 1529 tu-

611 1580 763 1619 more
792 1581 911 1632 qua:
942 1564 1209 1618 :estuabat
1241 1575 1644 1630 consummato,
1680 1566 1813 1619 nihil
1848 1566 2046 1619 mirum
2074 1567 2181 1619 erit
2228 1586 2231 1587 ν

607 1656 655 1709 si
684 1658 1063 1725 exstinguatur
1091 1655 1465 1709 inflammatio.

609 1748 677 1799 56
711 1746 859 1816 Slf’pc
886 1749 1045 1799 etiam
1071 1757 1207 1799 recte
1225 1756 1521 1816 currentem
1543 1762 1661 1798 cum
1685 1762 1773 1814 spe
1806 1748 2003 1814 optima

606 1817 673 1869 57
707 1816 773 1869 Et
800 1815 913 1883 iam
940 1817 1086 1868 ultra
1117 1815 1347 1868 mediam
1382 1817 1753 1886 vulgaremque
1781 1818 2025 1898 virtutem
2058 1831 2181 1884 per-

604 1956 673 2009 58
693 1954 881 2010 Subito
910 1957 1232 2025 pracipitem
1250 1956 1318 2007 ad
1342 1955 1449 2006 ima
1470 1954 1658 2021 dejecit
1675 1885 2178 2022 ρειιίίέέιίίὲῒνῗίὲἕξῖ

676 2112 851 2182 Saepe,
906 2112 1084 2181 inquit
1130 2112 1349 2166 divinus
1381 2111 1674 2183 interpres,
1731 2126 1856 2165 cum
1906 2110 2049 2165 bona
2084 2126 2182 2181 spe

597 2214 752 2258 recta
778 2212 1092 2256 currentem
1118 2209 1171 2255 et
1198 2201 1263 2253 ad
1303 2200 1469 2254 Deum
1504 2200 1643 2254 bene
1672 2201 2017 2254 accedentem
2042 2208 2097 2253 et
2125 2200 2178 2251 in

598 2292 781 2348 media
837 2282 1041 2343 virtute
1089 2282 1427 2351 tendentem,
1470 2289 1582 2357 jam
1632 2290 1945 2358 proximum
1999 2288 2179 2357 perfe-

594 2383 772 2437 ctioni
834 2382 1015 2434 virum
1054 2380 1238 2433 subito
1276 2378 1657 2433 subintroiens
1697 2378 1902 2430 malitia
1934 2387 2179 2431 retroce-

600 2475 928 2543 tlentemque
955 2479 1207 2526 evertens
1238 2470 1304 2523 ad
1346 2469 1565 2525 infimos
1602 2469 1820 2524 virtutis
1858 2471 2059 2539 gradus
2090 2483 2177 2521 re-

598 2564 731 2634 fecit
768 2572 820 2616 et
866 2562 932 2615 ad
967 2562 1305 2613 noviciorum
1362 2567 1599 2625 statum;
1656 2574 1891 2627 namque
1938 2559 2078 2612 sicut
2122 2557 2176 2609 bi

598 2658 699 2726 qui
733 2662 921 2707 contra
959 2667 1140 2705 arenae
1180 2653 1353 2705 maris
1386 2664 1610 2704 acervos
1654 2652 1978 2710 ascendunt,
2016 2649 2177 2703 simul

607 2764 673 2803 ac
712 2748 1005 2802 mobilibus
1056 2746 1237 2800 arenis
1285 2752 1340 2798 et
1390 2755 1537 2798 retro
1592 2741 1929 2812 fugientibus
1987 2742 2176 2811 pedem

603 2840 918 2903 admovent,
950 2838 1181 2906 vestigio
1223 2838 1436 2890 incerto
1477 2834 1735 2898 titubant,
1777 2841 1942 2902 atque
1991 2834 2036 2888 si
2079 2848 2170 2887 re-

599 2940 757 3002 ptare
770 2916 824 2986 et
844 2944 1103 3000 superare
1118 2928 1298 2983 conati
1322 2928 1452 2991 sint,
1469 2925 1602 2980 nihil
1623 2926 1882 2995 amplius,
1906 2926 2010 2980 nisi
2026 2926 2175 2994 quod

598 3026 656 3081 in
678 3040 876 3079 vanum
906 3023 1123 3077 labores
1142 3029 1197 3075 et
1217 3020 1566 3090 iatigationes
1598 3026 1958 3085 consumunt,
1990 3017 2175 3088 profe-

601 3127 795 3172 cerunt
828 3133 843 3171 :
876 3114 983 3177 ita,
1016 3113 1217 3183 inquit,
1248 3121 1304 3166 et
1342 3126 1445 3166 nos
1489 3108 1557 3166 ad
1596 3110 1801 3164 letlmm
1842 3124 2178 3179 persequens

597 3204 878 3266 Inimicus,
901 3203 991 3257 ubi
1027 3203 1261 3272 primum
1297 3208 1486 3255 contra
1518 3200 1771 3255 sabulum
1796 3200 2177 3254 inconstantiae

597 3294 995 3363 cogitationum
1032 3292 1267 3345 infertur
1295 3304 1449 3343 mens
1481 3298 1671 3343 nostra
1704 3297 1758 3342 et
1778 3290 1844 3343 ad
1870 3288 1996 3343 boni
2024 3304 2178 3344 asse-

601 3386 878 3439 cutiouem
929 3381 1250 3438 desiderans
1289 3381 1507 3435 advolat
1537 3389 1592 3435 et
1630 3381 1917 3450 accingere
1959 3396 2019 3436 se
2058 3389 2178 3435 ten-

596 3486 681 3531 tat
708 3478 763 3530 in
796 3475 1017 3529 virtutis
1042 3474 1148 3539 via,
1184 3473 1389 3526 nullam
1421 3486 1543 3525 esse
1580 3470 2040 3540 progressionem,
2078 3486 2173 3524 va-

599 3586 728 3624 mun
768 3584 891 3624 esse
937 3566 1188 3623 ardorem
1237 3564 1501 3621 ostendit.
1552 3563 1709 3619 Unde
1754 3564 1977 3632 inquit:
2036 3561 2175 3617 Hinc

600 3661 857 3722 ascendo,
896 3660 1116 3729 pietatis
1153 3658 1381 3729 gradum
1427 3672 1597 3710 unum
1650 3655 1881 3711 feliciter
1910 3670 2175 3709 consecu-

599 3761 712 3807 tum
745 3731 915 3805 fuisse
948 3750 1251 3811 confidens,
1288 3746 1414 3803 inde
1442 3762 1572 3802 vero
1597 3748 1795 3803 iterum
1823 3747 2175 3802 retrocedens

597 3843 773 3913 magis
802 3857 967 3913 quam
1005 3841 1183 3912 pridie
1212 3856 1241 3894 a
1270 3839 1607 3911 perfectione
1645 3840 1853 3906 cecidi;
1889 3855 2058 3909 quare
2082 3855 2175 3929 re-

598 3935 808 4004 liquum
844 3945 929 3987 cst
958 3940 1017 3987 ut
1038 3946 1249 4003 gemam
1284 3930 1667 4001 desperatione
1700 3938 1755 3984 et
1800 3930 2060 3984 mcestitia
2094 3938 2176 3983 ta-

595 4039 723 4082 ctus
754 4039 807 4080 et
842 4024 1094 4089 aiﬁictus,
1129 4037 1323 4093 meque
1350 4022 1622 4076 miserans
1650 4020 1921 4075 infelicem
1952 4029 2006 4075 et
2030 4022 2176 4073 cala-

600 4121 775 4175 mitati
801 4117 1251 4174 succumbentem
1287 4115 1487 4179 dicam,
1506 4115 1599 4183 qui
1624 4126 1839 4183 semper
1866 4114 1923 4167 in
1954 4113 2175 4170 virtutis

599 4215 704 4269 viis
729 4226 954 4267 currere
973 4207 1210 4273 conﬁdo,
1248 4222 1347 4260 nec
1388 4221 1625 4285 unquam
1669 4206 1735 4261 ad
1764 4207 1937 4276 ipsius
1970 4216 2169 4261 metam

600 4304 879 4375 pervenio,
929 4315 1143 4369 semper
1206 4310 1350 4353 metu
1404 4300 1810 4368 circumseptus
1853 4314 2052 4370 magno
2104 4314 2173 4353 ne

600 4398 805 4451 bonum
836 4409 947 4446 non
975 4394 1273 4461 attingam;
1317 4407 1411 4461 per
1440 4401 1669 4447 conatus
1693 4401 1748 4447 et
1780 4393 1971 4463 longos
2017 4393 2173 4446 labo-

599 4505 687 4544 res
716 4488 806 4541 vix
853 4486 1094 4555 quidem,
1138 4486 1231 4539 sed
1265 4483 1478 4539 tandem
1509 4484 1842 4538 destinatum
1876 4493 2169 4540 assecutu-

599 4594 722 4635 rum
752 4594 837 4633 me
873 4577 1080 4647 putavi,
1124 4576 1215 4645 qui
1254 4575 1509 4630 facillime
1546 4590 1787 4645 praeceps
1821 4576 1876 4630 in
1911 4577 2171 4630 malitiam

599 4668 799 4725 cecidi.
831 4667 1034 4723 lterum
1070 4681 1213 4735 sepe
1239 4666 1596 4737 prolongatur
1633 4667 1767 4720 mihi
1798 4666 1908 4721 vita
1950 4667 2172 4721 virtutis

603 4762 854 4826 amatrix,
884 4760 1081 4829 inquit,
1108 4759 1437 4812 solutionem
1479 4773 1510 4811 a
1538 4759 1650 4813 vita
1698 4759 1825 4813 nolo
1857 4759 2174 4813 conversio-

600 4855 691 4909 nis
742 4868 855 4921 spe,
902 4851 1242 4905 sanationem
1284 4850 1512 4920 cupiens
1554 4846 1791 4920 peccati,
1836 4859 1891 4904 et
1926 4850 2167 4919 permul-

604 4958 687 5000 tos
742 4945 915 5014 longae
958 4938 1083 4997 vitae
1130 4940 1273 5003 dies.
1322 4958 1431 4997 non
1479 4942 1663 4999 minus
1723 4943 1928 4996 malitia
1974 4958 2172 5013 supcr-

602 5034 855 5100 abundo,
891 5035 1090 5089 nedum
1136 5034 1554 5089 conversionem
1594 5034 2050 5104 sanationemque
2086 5035 2171 5088 in-

600 5126 820 5182 veniam
875 5138 905 5177 a
957 5123 1122 5176 malo.
1176 5120 1327 5176 Talis
1386 5132 1469 5177 est
1517 5122 1795 5176 hominum
1854 5125 2029 5179 virtus
2081 5123 2172 5179 cui

605 5216 903 5271 secundum
952 5215 1234 5284 proprium
1282 5229 1502 5269 sensum
1555 5224 1609 5269 ct
1643 5215 1885 5269 studium
1921 5232 1981 5271 se
2007 5232 2170 5270 exer-

608 5319 730 5377 cent
767 5318 821 5364 et
876 5326 983 5363 non
1035 5310 1089 5362 in
1146 5309 1423 5375 adjutorir.
1452 5306 1499 5361 J.
1547 5307 1775 5364 Christi.
1840 5329 1857 5361 ι
1902 5309 2024 5365 Ideo
2074 5327 2172 5381 ge-

606 5402 724 5454 neri
757 5407 965 5462 nostro,
1004 5416 1025 5450 ι
1080 5408 1132 5451 et
1183 5412 1297 5464 seq.
1344 5397 1505 5456 Cum.
1545 5399 1745 5466 inquit,
1778 5398 1857 5453 sic
1901 5400 2171 5454 instabilis

605 5500 663 5545 et
697 5488 1049 5542 fundamento
1087 5500 1302 5547 carens,
1345 5487 1426 5541 sic
1460 5486 1694 5543 infectus
1732 5498 1785 5542 et
1816 5489 2167 5559 imperfectus

679 5666 790 5735 (29)
830 5666 948 5738 Bill.
980 5682 1043 5738 ex
1088 5665 1207 5719 cod.
1246 5665 1425 5720 Sirleti
1469 5665 1621 5720 affert
1649 5667 2075 5738 ὲπιδεδασμένον
2114 5678 2169 5722 et

604 5733 732 5810 cum
773 5736 931 5788 verba
967 5733 1152 5810 Graeca
1182 5748 1445 5810 porrupta
1484 5752 1605 5793 esse
1650 5733 1946 5803 existimet,
1981 5741 2168 5810 legen-

606 5806 737 5863 dum
763 5813 949 5863 censet
969 5806 1420 5882 ἀποσαεδάσαιμι.

1981 350 2273 406 NICETAS
2316 351 2525 406 DAVID

3742 347 3832 409 πυ

2286 488 2369 525 σιν
2405 470 2646 541 ὀξυεραὴς
2680 469 2898 539 γίνομαι
2950 470 3048 523 καὶ
3099 464 3392 539 δξυήκόος,
3424 465 3562 536 πρὸς
3602 470 3703 536 τὴν
3734 466 3834 520 iti-

2286 562 2476 630 σκεψιν
2510 561 2566 613 δὲ
2599 558 2709 613 τῶν
2766 559 2909 611 ίδίων
2962 558 3209 628 ἀφεγγὴς
3253 546 3349 609 κίιὶ
3376 555 3730 625 ἐπιλήσμων
3758 559 3831 608 καὶ

2282 648 2351 706 αὖ
2406 651 2568 706 πάλιν
2605 668 2622 681 ·
2653 650 2916 721 οὐράνιος
2956 649 3059 719 μὲν
3094 652 3171 723 μὲν
3226 648 3405 716 λόγοις
3456 647 3554 699 καὶ
3593 646 3831 717 μεγαλορ-

2286 745 2657 817 ρημοσύναις,
2708 743 2767 794 ὲν
2819 742 2979 812 φρεσὶ
3026 742 3084 793 δὲ
3141 741 3233 793 καὶ
3289 740 3527 809 νοήμασι
3573 738 3833 807 χαμερπὴῖ

2284 839 2379 892 καὶ
2429 839 2751 909 ἐπιχθόνιος.
2790 856 2808 888 ι
2843 836 2973 905 Εἰμὶ
3025 834 3325 904 γαληνιόων
3357 849 3417 885 τε
3465 833 3561 885 καί
3602 830 3781 893 εὔδιος.
3814 849 3828 879 ι

2283 931 2545 1000 Γαλήνιος
2593 930 2740 982 ἔστιν
2786 929 2876 980 ὅτε
2927 928 3020 981 καὶ
3081 926 3329 995 ἐπιεικὴς
3386 924 3481 978 καὶ
3529 922 3707 993 πραῢς
3745 926 3832 985 τοίς

2284 1019 2588 1093 ἀνθρώποις
2633 1018 3013 1090 καθορώμενος
3057 1034 3072 1049 ⁸
3118 1020 3166 1071 εί
3213 1017 3270 1070 δέ
3324 1033 3456 1071 ποτε
3506 1015 3720 1084 πνεῦμα
3762 1014 3834 1083 ὀρ-

2284 1110 2387 1179 γῆς
2438 1111 2533 1163 καὶ
2599 1109 2796 1179 μικρὸν
2843 1112 2908 1162 ἐκ
2971 1113 3170 1179 μικρὰς
3233 1108 3412 1171 αίτίας
3475 1104 3835 1165 ἀντιπνεύσει,

2285 1176 2481 1272 οἷάπερ
2515 1176 2758 1253 θάλασσα
2796 1176 3005 1270 κύμασι
3029 1176 3387 1271 φύσιούμενος
3420 1199 3513 1251 καὶ
3548 1197 3731 1267 ὕϐρεσι
3761 1196 3837 1248 τὸν
3938 1176 3944 1272 1

2286 1290 2563 1345 λυποῦντα
2594 1292 2629 1362 ἢ
2674 1292 2767 1344 καὶ
2822 1293 3009 1362 χερσὶν
3045 1290 3352 1357 ἀντιλυπεῖν
3408 1289 3760 1361 ὀρεγόμενος,
3785 1288 3833 1339 οὐ

2286 1384 2417 1453 πρὶν
2462 1383 2826 1455 κατεστόρεσα
2874 1384 2935 1436 τὸ
2976 1382 3205 1453 φύσημα
3251 1382 3381 1453 πρὶν
3411 1382 3445 1452 ἢ
3480 1382 3731 1451 νηνεμίαν
3759 1379 3836 1432 καὶ

2287 1473 2629 1525 κατάπαυσιν
2648 1473 2926 1541 γεγονέναι
2956 1472 3050 1526 τοῦ
3080 1472 3278 1542 θυμοῦ,
3318 1472 3479 1542 ἡνίκα
3509 1473 3573 1542 δὴ
3604 1472 3701 1542 τὴν
3728 1473 3837 1523 ἀτα-

2288 1565 2406 1631 ξίαν
2434 1565 2879 1634 ἐπιδεδειγμένον
2910 1565 3019 1637 (29)
3047 1564 3141 1617 τοῦ
3185 1562 3520 1634 θυμοειδοῦς,
3549 1563 3696 1616 οὐδὲν
3723 1562 3837 1615 θανο

2293 1647 2493 1716 μαστὸν
2520 1648 2620 1716 τὴν
2643 1646 2806 1699 αὐτοῦ
2836 1648 3027 1715 ἔξαψιν
3054 1646 3365 1714 σὸεσθῆναι.

2288 1739 2356 1793 56
2390 1738 2659 1793 Πολλάκι
2700 1739 2753 1791 δ’
2777 1739 3174 1808 εὐδρομέοντα
3218 1738 3340 1792 σὺν
3370 1737 3714 1808 ἐλπωρῇσιν
3734 1736 3840 1802 ἀρί-

2285 1877 2352 1947 57
2394 1878 2545 1947 Ἤδη
2579 1879 2678 1931 καί
2719 1876 2992 1947 μεσότης
3031 1877 3251 1945 ἀρετῆς
3278 1805 3782 1945 ὐπερεκτείιῗόττῗέῗιζ

2284 1946 2351 2001 58
2402 1946 3124 2017 Ἐξαπίνηςπαλίνορσον
3160 1948 3279 2001 ὑπὸ
3302 1946 3708 2027 προμόδεσσιν
3942 1946 3943 2017 l

3409 2016 3557 2088 [κεν.
3590 2035 3642 2069 κ.
3667 2033 3714 2069 τ.
3738 2016 3782 2067 λ.

2353 2108 2641 2173 Πολλάκις,
2667 2108 2831 2177 φησὶν
2862 2110 2890 2161 ὁ
2918 2107 3074 2177 θεόλη
3086 2124 3240 2171 πτος,
3267 2110 3362 2161 σὺν
3403 2107 3632 2176 ἀγαθαῖς
3651 2107 3840 2158 ἐλπίσιν

2280 2196 2447 2267 ἄνδρα
2494 2196 2953 2268 εὐθυδωμοῦντα.
2988 2200 3084 2249 καὶ
3138 2198 3274 2268 πρὸς
3304 2198 3438 2250 Θεὸν
3492 2196 3841 2266 εύοδούμενον.

2282 2287 2376 2340 καὶ
2412 2288 2471 2338 ὲν
2506 2288 2761 2357 μεσότητι
2786 2288 2886 2356 τῆς
2927 2286 3129 2357 ἀρετῆς
3164 2288 3557 2356 ἐκτεινόμενον,
3587 2286 3680 2338 καὶ
3708 2284 3843 2352 ἐγγί-

2281 2376 2442 2441 ζοντα
2471 2377 2609 2447 πρὸς
2640 2379 2702 2430 τὸ
2752 2378 2982 2441 τέλειον,
3014 2378 3347 2443 ἐξαπιναίως
3393 2377 3842 2446 παρεισφθαρεῖσα

2279 2470 2447 2522 κακία
2471 2508 2485 2531 ,
2519 2471 2612 2521 καὶ
2658 2469 3060 2539 όπισθόρμητον
3120 2470 3282 2525 αὑτὸν
3332 2469 3720 2541 ἀνατρέψασα,
3754 2466 3845 2519 ὑπὸ

2278 2563 2403 2624 τοὺς
2428 2562 2702 2632 πρόποδας
2724 2563 2823 2630 τῆς
2848 2561 3053 2631 ἀρετῆς
3090 2561 3190 2623 ,καὶ
3219 2562 3319 2617 τὴν
3346 2560 3453 2611 τῶν
3495 2546 3844 2629 εἰσαγομένων

2280 2654 2609 2705 κατάστασιν
2632 2652 2886 2722 ἐθήκατο.
2912 2652 3022 2703 Καὶ
3044 2653 3152 2723 γὰρ
3177 2653 3369 2723 ὥσπερ
3395 2654 3444 2704 oi.
3466 2652 3608 2704 κατά
3634 2652 3843 2721 diu.ch

2280 2744 2573 2806 θαλασσίας
2624 2744 2791 2796 τόπον
2846 2743 3047 2813 ἀνάντη
3108 2743 3567 2813 προσϐαίνοντες,
3614 2743 3728 2813 ἅμα
3778 2742 3847 2809 τῷ

2280 2834 2653 2906 προσπελάσαι
2694 2833 2781 2904 τῷ
2827 2834 2971 2896 ποδὶ,
3025 2833 3382 2903 διαρρεούσης
3434 2834 3607 2904 αὐτῆς
3640 2835 3735 2887 καὶ
3781 2835 3849 2893 εἰς

2276 2926 2516 2979 τούπίσω
2557 2926 2884 2995 φερομένης,
2923 2923 3214 2978 ἀπαιτοῦσι
3247 2926 3345 2995 μὲν
3382 2923 3593 2987 τούτοις
3613 2926 3682 2978 τὰ
3716 2924 3845 2995 ἴχνη.

2278 3016 2674 3087 ἀναρριχᾶσθαι
2704 3017 2816 3087 (30)
2838 3016 2894 3069 δὲ
2929 3017 3019 3070 καὶ
3058 3015 3374 3087 προϐαίνειν
3415 3015 3745 3088 πειρώμενοι
3774 3018 3850 3068 οὐ·

2277 3109 2365 3160 δὲν
2387 3110 2547 3161 πλέον
2571 3109 2664 3162 τοῦ
2696 3110 2898 3172 κόπους
2924 3111 3137 3172 ἑαυτοῖς
3163 3110 3423 3181 παρέχειν
3452 3110 3692 3174 εἰκαίους
3708 3108 3848 3162 ἀπώ-

2208 3215 2467 3253 λλναντοο
2498 3200 2667 3263 οὕτω,
2699 3201 2863 3271 φησι,
2901 3202 2996 3254 καὶ¹
3026 3203 3055 3254 ό
3084 3200 3326 3271 ὀλέθριος
3360 3200 3523 3272 ἡμῶν
3560 3201 3849 3269 Δυσμιενὴς.

2276 3292 2351 3355 ὼς
2378 3292 2520 3343 κατά
2560 3291 2790 3362 ψάμμου
2823 3294 2927 3365 τῆς
2974 3293 3083 3346 τῶν
3126 3292 3406 3363 λογισμῶν
3459 3295 3731 3355 ἀστασίας
3762 3294 3851 3355 ﬁt;

2278 3383 2433 3453 ήμῶν
2459 3383 2696 3446 διανοίας
2728 3384 3056 3454 φερομένης,
3094 3386 3187 3439 καὶ
3228 3388 3293 3456 τῇ
3331 3383 3599 3459 ἐπιθυμίᾳ
3628 3385 3726 3440 τοῦ
3765 3404 3855 3439 κα-

2277 3475 2371 3529 λοῦ
2402 3476 2802 3547 πτερουμένης,
2858 3477 2952 3529 καὶ
2982 3476 3186 3530 ἀνιέναι
3213 3480 3563 3550 πειρωμένης
3593 3479 3686 3531 τὸν
3708 3473 3855 3546 οἷμον

2274 3567 2378 3637 τῆς
2398 3568 2623 3639 ἀρετῆς,
2651 3569 2961 3641 ἀπρὸκοπον
2994 3569 3341 3623 ἀποδείκνυσι
3368 3571 3469 3641 τὴν
3509 3570 3822 3642 προθυμίαν
3840 3586 3852 3599 ο

2274 3660 2342 3713 δι’
2390 3660 2442 3723 δ,
2485 3661 2639 3731 φησὶ,
2690 3661 2765 3731 πη
2801 3660 2901 3730 μὲν
2965 3660 3290 3732 ἀνέρχομαι,
3349 3660 3516 3733 μέρος
3577 3661 3855 3724 εὐσεϐείας

2275 3753 2522 3824 οἰόμενος
2568 3752 2891 3824 κατορθοῦν,
2941 3753 3018 3825 πὴ
3064 3754 3121 3807 δὲ
3169 3753 3405 3825 ἔμπαλιν
3454 3755 3854 3825 ὀπισθόρμητος

2275 3845 2659 3908 ἀπολισθαίνω,
2699 3844 2896 3916 μᾶλλον
2942 3845 2975 3917 ἢ
3012 3844 3202 3916 πρώην
3250 3844 3345 3897 τοῦ
3391 3845 3598 3898 τελείου
3653 3846 3857 3899 ἀποπε-

2276 3936 2539 4001 πτωκὼς·
2578 3936 2643 3990 δι’
2668 3936 2695 3990 δ
2722 3938 2815 3990 καὶ
2837 3936 3089 4007 ἀσχάλλω
3126 3924 3315 3991 λοιπὸν
3350 3937 3446 3990 καὶ
3473 3936 3747 4008 ἀδημονίᾳ
3770 3937 3857 3989 καὶ

2276 4027 2585 4098 ἀπογνώσει
2617 4027 3015 4099 ψηλαφώμενος
3049 4029 3144 4083 καὶ
3168 4028 3627 4101 κατοδυνώμενος,
3664 4030 3859 4083 δυσθάα

2275 4139 2433 4176 νατον
2454 4124 2689 4193 ἐμαυτὸν
2721 4122 2814 4175 καὶ
2845 4121 3029 4176 ἄθλιον
3056 4120 3432 4191 οἰκτιζόμενος
3469 4120 3759 4183 ἀποκαλῶ,
3785 4122 3858 4182 ὡς

2279 4218 2367 4269 ἀεὶ⁸
2392 4216 2492 4283 μὲν
2540 4215 2745 4270 ὁδεύειν
2772 4215 2947 4270 δοκῶν
2985 4215 3076 4269 τὸν
3093 4214 3293 4287 δρόμον
3322 4214 3423 4284 τῆς
3461 4216 3689 4285 ἀρετῆς,
3714 4217 3858 4270 οὐδέ-

2279 4326 2368 4363 πω
2408 4309 2467 4362 δὲ
2508 4308 2569 4362 τὺ
2597 4310 2751 4371 τέλος
2793 4309 2963 4379 αὐτῆς
2995 4307 3308 4378 πεφθακὼς,
3334 4311 3422 4362 ἀεὶ
3464 4309 3613 4381 φόδῳ
3636 4309 3859 4380 μεγαλῳ

2278 4401 2376 4472 τῆς
2410 4399 2504 4453 τοῦ
2555 4397 2763 4468 ἀγαθοῦ
2807 4398 3060 4464 ἀτευξίας
3115 4400 3657 4470 περιστοιχιζόμενος
3688 4416 3701 4427 ·
3742 4400 3858 4470 βίαν

2283 4492 2381 4560 μὲν
2404 4492 2498 4544 καὶ
2530 4491 2711 4554 πόνοις
2741 4492 2971 4562 μακροῖς
2994 4490 3146 4561 μόλις
3173 4508 3228 4543 τι
3249 4490 3550 4562 κατορθοῦν
3578 4492 3853 4563 νενόμικα.

2278 4586 2451 4653 ῥᾷστα
2478 4583 2533 4636 δὲ
2556 4583 2631 4646 ὡς
2668 4582 3051 4654 καταπρανοῦς
3078 4583 3217 4653 πρὸς
3243 4584 3449 4637 κακίαν
3474 4582 3855 4649 ἀπωλίσθηαα·

2278 4675 2439 4727 πάλιν
2473 4672 2788 4743 μηκύνεταί.
2826 4690 2914 4743 μοι
2959 4672 3279 4735 πολλάκις,δ
3306 4672 3605 4744 ηφιλάρετός
3672 4674 3860 4743 φησιν,
3942 4672 3943 4744 ἦ

2276 4765 2387 4833 ἐγὼ
2411 4764 2466 4817 δὲ
2494 4765 2592 4835 τὴν
2620 4765 2772 4841 λύσιν
2800 4765 2897 4835 τῆς
2919 4764 3063 4835 ζωῆς
3084 4766 3144 4818 οὐ
3166 4765 3306 4818 θέλω
3336 4764 3511 4817 ἑλπίδι
3542 4765 3857 4834 μετανοίας,
3942 4764 3943 4829 1

2275 4859 2339 4910 τὸ
2368 4858 2466 4927 τῆς
2495 4859 2765 4930 ἁμαρτίας
2798 4858 2931 4927 ἴαμα
2953 4856 3155 4919 ποθῶν,
3173 4859 3296 4921 ταῖς
3312 4856 3607 4920 πολλαῖςδὲ
3624 4858 3731 4927 τῆς
3756 4875 3858 4927 μα-

2278 4943 2627 5018 κροὸιότητος
2651 4951 2882 5019 ἡμέραις
2902 4948 3000 5018 τὴν
3030 4948 3226 5002 κακίαν
3261 4948 3412 5001 οὐδὲν
3432 4943 3595 5019 ἦττον
3627 4949 3858 5002 πλεονὰ-
3942 4943 3943 5009 ξ

2278 5039 2407 5103 ζων,
2450 5041 2574 5093 οὒτε
2610 5041 2897 5109 μετάνοιαν
2922 5080 2937 5103 ,
2972 5037 3084 5091 οὔτ’
3122 5035 3216 5108 οὖν
3271 5039 3571 5111 θεραπείαν
3621 5042 3861 5112 εὑρίσκω
3942 5035 3943 5095 l

2275 5130 2370 5183 τοῦ
2410 5130 2581 5184 κακοῦ
2623 5148 2636 5161 ·
2685 5132 2777 5183 καὶ
2833 5134 2866 5201 ὴ
2900 5132 2998 5201 μὲν
3030 5131 3147 5183 τῶν
3188 5130 3491 5203 ἀνθρώπων
3536 5129 3768 5203 ἀρετὴῆ
3803 5150 3859 5200 γε

2277 5221 2416 5274 κατά
2449 5221 2545 5291 τὴν
2582 5220 2718 5274 ἰδίαν
2756 5221 2934 5273 αὐτῶν
2968 5220 3235 5291 ὑπόληψιν
3264 5221 3357 5275 καὶ
3396 5221 3631 5290 σπουδὴν
3670 5224 3859 5290 ἐπιτη-
3942 5256 3943 5303 ἦ

2278 5312 2561 5383 δευομένη,
2591 5313 2683 5366 καὶ
2712 5314 2814 5365 οὐκ
2848 5315 2903 5365 ἐν
2930 5313 3157 5382 δυνάμει
3197 5312 3643 5384 Ἰησοῦ,τοιαύτη.

2542 5404 2829 5458 Τοηῦνεκεγ
2864 5404 3115 5473 ἡμετέρῃ
3164 5405 3362 5474 γενεῇ,
3390 5423 3448 5460 κ.
3473 5422 3519 5459 τ.
3556 5406 3603 5459 ὲ.
3942 5446 3943 5465 η

2362 5495 2599 5568 Ἐπειδὴ,
2654 5501 2849 5569 φησιν,
2882 5496 3055 5559 οὕτως
3104 5496 3359 5560 ἀϐέϐαιος
3409 5498 3504 5551 καὶ
3549 5496 3861 5567 ἀνίδρυτος,
3942 5478 3943 5521 Ῑ

2348 5670 2465 5743 (50)
2513 5671 3094 5743 Ἀναρῤιχᾶσθαι.5ἱο
3114 5671 3287 5728 codex
3312 5670 3634 5740 Bekker.;v.
3657 5673 3861 5730 Amd.
3942 5694 3943 5717 ξ

2278 5756 2390 5805 nx,
2410 5742 2495 5796 27.
