4010 6298
58 130 156 269 π

171 417 268 475 791

155 533 333 594 οὕτως
359 533 618 602 ἀνήνυτος
656 532 752 584 καὶ
777 527 1059 591 ἀτέλεστος
1087 529 1116 580 ό
1144 526 1283 598 ὑπὲρ
1318 525 1517 598 ἀρετῆς
1553 525 1734 590 πόνος,

156 628 251 680 καὶ
279 626 444 686 κόπος
470 605 604 676 θεοῦ
633 621 916 691 δυνάμεως
940 620 1059 691 δίχα
1085 621 1196 682 τοῖς
1217 618 1524 689 ἀνθρώποις
1550 620 1738 686 ἐπιτη-

151 717 465 786 δευόμενος.
481 716 668 768 τούτου
683 730 746 780 γε
761 713 824 783 δὴ
841 712 998 782 χάριν
1019 714 1084 782 τῇ
1107 710 1230 764 καθ’
1246 712 1391 780 ἡμᾶς
1410 705 1736 777 ταλαιπώρῳ

152 811 324 878 γενεᾷ
353 808 524 879 ταύτῃ
563 805 722 858 τοῦτο
768 805 826 858 τὸ
857 804 1034 876 δόγμα
1073 800 1601 874 προδιωμολογήσθω
1645 801 1737 852 καὶ

153 900 582 974 προῢποκείσθω
608 897 687 968 τῷ
709 897 803 967 νῷ.

152 992 223 1049 68
265 993 473 1062 Πρώτη
497 991 614 1060 μὲν
646 990 885 1060 Τριόδος
921 987 1149 1056 καθαρὴ
1179 989 1384 1056 φύσις,
1417 1005 1470 1041 κ.
1494 986 1609 1040 τ.λ.

223 1086 401 1138 Τοῦτο
449 1083 622 1152 δόγμα
673 1083 772 1150 τῆς
823 1081 1282 1151 θεολογικωτάτης
1325 1079 1404 1150 τῷ
1447 1080 1558 1132 ὄντι
1587 1076 1735 1142 ἀξιον

152 1175 376 1247 φρενὸς,
412 1171 632 1242 πρώτην
657 1171 905 1242 καθαρὰν
934 1171 1095 1240 φύσιν
1145 1171 1238 1224 καὶ
1266 1170 1466 1240 ἀρετῆς
1512 1167 1734 1238 ἀπάσης

153 1259 402 1329 πηγαίαν
427 1259 602 1330 ἀρχὴν
634 1259 854 1321 εἰδέναι,
883 1259 984 1330 τὴν
1009 1259 1436 1329 τρισυπόστατον
1464 1255 1729 1324 θεότηταο

151 1346 323 1410 εὐθὺς
355 1346 411 1399 δὲ
449 1349 564 1416 μετ’
588 1347 756 1417 αὐτὴν
806 1347 902 1417 τὴν
956 1346 1251 1418 ἀγγελικὴν
1291 1347 1383 1400 καὶ
1428 1346 1684 1418 οὐρανίαν
1714 1362 1729 1377 ο

149 1435 315 1506 τρίτη
347 1436 402 1488 δὲ
437 1436 542 1505 ἀρα
570 1437 730 1504 φύσις
777 1436 1000 1506 μέτοχος
1025 1435 1117 1489 τοῦ
1151 1435 1318 1489 καλοῦ
1353 1435 1448 1488 καί
1470 1435 1570 1504 τῆς
1600 1435 1732 1504 (ipso

151 1528 255 1597 τῆς
287 1529 319 1580 ὁ
360 1526 663 1598 ἄνθρωπος,
706 1527 765 1590 ὃς
801 1528 1200 1598 ἀμφιτάλαντος
1239 1527 1335 1580 καὶ
1377 1525 1732 1596 ἀμφιρῤεπὴς

153 1617 382 1688 ἐκτίσθη
422 1619 542 1671 κατ’
596 1619 802 1689 ἀρχάςο
839 1620 1040 1688 μεταξὺ
1098 1618 1197 1687 τῆς
1249 1635 1314 1671 τε
1361 1617 1480 1670 κατ’
1530 1616 1732 1688 ἀρετὴν

153 1709 305 1778 ζωῆς
338 1710 429 1761 καὶ
461 1709 557 1762 τοῦ
593 1709 733 1762 κατὰ
761 1712 858 1779 τὴν
892 1709 1166 1779 ἁμαρτίαν
1199 1709 1428 1763 θανάτου
1463 1706 1730 1778 ἑστηκὼς,

153 1800 253 1852 καὶ
304 1800 718 1871 μεγαλοπρεπὲς
759 1801 857 1870 μὲν
903 1801 1053 1864 τέλος
1087 1801 1226 1870 ἔχων
1253 1800 1349 1854 τοῦ
1389 1803 1510 1854 κατ’
1530 1801 1732 1870 ἀρετὴν

151 1889 305 1958 βίου,
346 1890 408 1942 τὸ
452 1890 567 1942 υἱὸν
612 1892 863 1959 γενέσθαι
899 1891 1034 1944 Θεοῦ
1073 1891 1296 1963 δηλαδὴ,
1336 1891 1631 1962 ὲπίμοχθον
1673 1891 1731 1944 δὲ

147 1984 249 2036 καὶ
288 1982 546 2035 ἐπίπονον
597 1982 792 2053 κομιδῇ
826 1983 967 2052 (31),
996 1983 1156 2053 εῐπερ
1184 1983 1288 2036 κᾶν
1309 1983 1402 2035 ἐπὶ
1430 1983 1604 2053 βραχὺ
1635 1982 1733 2046 τὰς

155 2076 252 2143 τῆς
298 2075 498 2138 κακίας
538 2075 710 2137 πύλας
758 2075 1134 2146 παρανοίξειεν
1164 2090 1178 2105 ⁸
1213 2075 1370 2130 τοῦτο
1419 2077 1528 2146 γάρ
1575 2071 1738 2128 ἆθλον

146 2166 252 2234 τῆς
269 2166 412 2236 ὲμῆς
444 2165 682 2230 διανοίας
715 2167 982 2238 ἑναρέτως
1016 2166 1238 2237 βιούσης
1266 2170 1294 2220 ὁ
1317 2167 1580 2237 "mmo;
1597 2183 1738 2237 παρ-

146 2256 362 2326 έχεται.

395 2347 604 2414 Κεῖνος
638 2347 691 2401 δ’
733 2347 905 2401 ἐστὶν
940 2349 1206 2418 ἄριστος,
1249 2367 1304 2403 κ.
1335 2366 1386 2402 τ.
1422 2348 1510 2414 ἐξ.

221 2428 395 2497 Οὗτος
425 2433 832 2506 ἄριστος,οὗτος
861 2440 1100 2510 ἐργάτης
1129 2439 1330 2501 τέλειος
1351 2439 1652 2509 ἀρετῆς,ὃς
1681 2441 1738 2493 ἐν

150 2525 313 2595 μέσῳ
350 2529 543 2593 γενεᾶς
592 2528 812 2591 σκολιᾶς
861 2531 952 2582 καὶ
985 2531 1161 2599 κακῆς
1214 2531 1412 2599 μέτριά
1452 2547 1571 2583 τινα
1616 2531 1736 2603 ἴχνη

147 2617 360 2680 κακίας
384 2621 676 2686 ἐπιφαίνει,
701 2619 888 2690 θερμῷ
921 2621 978 2672 δὲ
1008 2621 1099 2672 τοῦ
1140 2620 1394 2689 Ὑψίστου
1414 2620 1576 2692 ἔρωτι
1605 2623 1740 2692 πρὸς

145 2708 386 2779 οὐρανὸν
412 2708 708 2772 ἀνανεύων,
729 2710 1135 2779 συντεταμένως
1160 2712 1367 2782 τρέχει,
1399 2711 1540 2764 κατά
1567 2715 1738 2764 νώτου

143 2801 209 2854 δὲ
247 2800 361 2871 τὴν,
379 2801 574 2854 κακίαν
620 2801 827 2855 διώκων
866 2801 1089 2866 ἐξωθεῖ,
1123 2803 1311 2874 ὥσπερ
1352 2821 1435 2867 τις
1475 2805 1740 2874 ποτάμιος

147 2891 288 2964 ῥοῦς
325 2891 483 2945 ἀλλον
506 2893 628 2944 τινά
670 2892 798 2962 ῥοῦν
828 2895 1032 2964 τραχύν
1065 2911 1124 2946 τε
1178 2896 1272 2948 καὶ
1303 2896 1493 2964 ἄγριον
1523 2897 1617 2948 καὶ
1647 2897 1739 2948 θο-

145 2982 316 3052 λερὸν
357 2981 935 3052 ἀποδιοπομπούμενος
964 2984 1058 3035 καὶ
1102 2984 1544 3054 ἀποτρεπόμενος
1567 3002 1581 3014 ·
1611 2986 1661 3036 εί
1683 2985 1740 3039 δέ

148 3090 290 3128 ποτε
320 3073 412 3126 καὶ
442 3071 846 3144 παραμίγνυται
866 3090 913 3128 τι
942 3074 1160 3139 κακίας,
1188 3074 1376 3145 ὥσπερ
1408 3076 1487 3147 τῷ
1517 3075 1741 3147 καθαρῷ

153 3165 397 3234 ῥεύματι
445 3163 540 3216 τοῦ
583 3162 771 3226 ὓδατος
809 3164 872 3215 ὲκ
910 3163 1006 3216 τοῦ
1046 3165 1265 3235 θολεροῦ
1291 3167 1351 3218 τὸ
1389 3167 1483 3219 τοῦ
1516 3167 1740 3231 διειδοῦς

151 3255 552 3326 ύπερῦάλλοντι
587 3256 848 3325 νάματος,
880 3255 938 3308 τὸ
972 3255 1189 3318 ἰλυῶδες
1220 3257 1606 3321 ἀποκλύζεται,
1643 3257 1737 3309 καὶ

150 3349 258 3401 οὑκ
293 3348 543 3417 ἐπίδηλον
593 3349 691 3417 τὴν
739 3347 836 3416 τῆς
885 3348 1064 3417 ψυχῆς
1098 3348 1380 3416 ὑποφαίνει
1417 3349 1688 3418 ῥυπαρίαν
1719 3365 1732 3378 ·

152 3437 299 3508 αῦτη
366 3437 464 3506 μὲν
521 3436 616 3489 τοῦ
673 3436 925 3489 συνθέτου
974 3431 1262 3508 ἀνθρώπου
1314 3439 1482 3508 ἀρετὴ
1525 3439 1707 3492 τελεία

150 3525 660 3595 νενοήσθωοτούτου
675 3525 730 3580 δὲ
750 3529 808 3579 τὸ
839 3528 1002 3580 πλέον
1044 3530 1101 3581 ἐν
1135 3531 1245 3590 τοῖς
1286 3529 1556 3599 οὐρανίοις
1598 3530 1739 3593 νόοις

153 3617 531 3669 πιστευέσθω·
560 3621 608 3669 εί
636 3618 691 3671 δέ
723 3635 804 3679 τις
841 3618 1076 3670 ἐνταῦθα
1110 3623 1228 3688 μετ’
1254 3618 1557 3688 ἀνθρώπων
1590 3619 1737 3689 βιοὺς

152 3711 291 3762 Θεὸν
348 3711 472 3762 [δεῖν
513 3711 858 3782 κατηξιώθη.
889 3712 966 3774 ὡς
1007 3712 1250 3782 Μωῦσῆς
1282 3714 1374 3765 καὶ
1415 3714 1659 3778 Ἡσαΐας,
1699 3713 1734 3783 ἢ

156 3805 341 3876 σάρκα
372 3804 596 3875 βαρεῖαν
638 3804 949 3872 κουφισθεὶς
983 3805 1062 3868 είς
1109 3806 1337 3876 οὐρανὸν
1366 3805 1736 3876 ἀναδεδραμη-

1185 409 1248 463 ΙΝ
1273 408 1582 464 CARNINA
1622 403 1903 462 ARCANA
1939 401 1998 456 S.
2037 396 2388 455 GREGORII.

1843 543 2000 597 labor
2040 541 2108 595 ad
2144 535 2535 608 acquirendam
2578 533 2836 587 virtutem
2877 531 3084 598 absque
3127 523 3220 580 Dei
3261 522 3419 592 adju-

1843 632 1987 687 torio
2015 630 2084 684 ab
2121 627 2439 683 hominibus
2468 632 2812 686 exerceatur,
2847 620 2970 675 ideo
2996 625 3188 672 nostro
3230 615 3417 686 generi

1843 725 1911 778 ad
1942 724 1993 777 id
2025 737 2203 793 usque
2241 721 2446 776 misero
2475 717 2607 772 illud
2641 715 2836 786 dogma
2864 715 2921 767 in
2947 713 3128 766 animo
3155 709 3420 777 deligatur

1838 823 1896 871 et
1937 826 2062 870 ante
2091 814 2199 868 alia
2235 813 2602 883 imprimatur.

1838 993 1909 1049 68
1939 993 2128 1046 Prima
2159 991 2369 1061 quidem
2405 986 2688 1044 Trinitatis
2723 1001 2857 1054 pura
2896 992 3116 1043 natura,
3149 988 3258 1034 etc.

1909 1082 2110 1150 Beipsa
2157 1080 2448 1148 theologici
2507 1076 2709 1147 ingenii
2763 1074 2987 1142 dignum
3043 1069 3174 1124 illud
3221 1068 3417 1137 dogma

1835 1186 2021 1236 nosse,
2050 1185 2244 1240 nempe
2273 1169 2504 1239 primam
2532 1179 2721 1234 puram
2746 1172 2999 1217 naturam
3029 1169 3082 1214 et
3107 1159 3290 1214 omnis
3309 1158 3418 1212 vir-

1837 1263 1971 1318 tutis
2019 1262 2349 1332 principium
2394 1266 2451 1313 et
2499 1258 2701 1312 fontem
2750 1270 2875 1310 esse
2918 1253 3121 1307 trinum
3168 1250 3419 1320 personis

1836 1354 2030 1420 Deum;
2047 1369 2207 1424 quem
2228 1351 2538 1407 immediate
2550 1349 2798 1419 sequitur
2812 1345 3057 1416 angelica
3077 1352 3130 1397 et
3152 1341 3419 1406 cmlestis;

1837 1446 2000 1500 tertia
2021 1454 2224 1500 natura
2247 1443 2379 1498 boni
2402 1453 2457 1496 et
2477 1439 2699 1494 virtutis
2722 1438 2999 1508 particeps
3039 1436 3202 1489 homo
3229 1434 3322 1502 qui
3352 1432 3426 1486 ab

1835 1536 1994 1590 initio
2024 1536 2092 1590 ad
2123 1535 2234 1590 duo
2264 1547 2569 1604 suspensus
2597 1537 2652 1583 et
2673 1545 2881 1600 pronus
2912 1534 3131 1582 creatus
3159 1533 3280 1581 est:
3313 1538 3433 1578 me-

1836 1625 1962 1680 dius
1993 1626 2137 1680 inter
2153 1624 2374 1678 virtutis
2394 1625 2559 1676 vitam
2576 1629 2631 1676 et
2663 1619 2871 1689 peccati
2893 1626 3151 1680 mortem,
3183 1625 3240 1671 et
3258 1612 3428 1670 subli-

1836 1731 1977 1768 mem
2011 1714 2306 1774 terminum
2341 1713 2553 1767 habens
2578 1709 2704 1764 vitae
2730 1709 2934 1762 virtute
2963 1705 3216 1776 insignis,
3250 1704 3422 1758 lilium

1838 1803 1932 1879 Dei
1976 1805 2196 1858 realiter
2237 1803 2381 1867 ﬁeri,
2429 1815 2802 1857 aerumnosum
2849 1813 2980 1853 vero
3023 1806 3078 1852 et
3129 1797 3420 1850 molestum

1836 1894 1994 1950 valde
2020 1895 2065 1950 si
2097 1895 2180 1949 vel
2206 1895 2494 1948 minimum
2535 1892 2758 1945 malitia:
2788 1898 2977 1960 portas
3019 1887 3247 1957 aperiat.
3285 1885 3422 1940 Illud

1837 1989 1981 2042 enim
2008 1987 2281 2052 bravium,
2304 1986 2659 2057 intelligentia
2691 2000 2817 2039 cum
2848 1983 3048 2036 virtute
3078 1981 3294 2034 vivente
3333 1994 3422 2032 me

1837 2079 1909 2133 ab
1938 2079 2223 2134 Altissimo
2263 2086 2469 2132 manet.
2529 2095 2545 2128 I
2577 2075 2684 2130 Istc
2726 2083 2812 2129 est
2860 2074 3122 2143 Optimus.
3160 2091 3178 2123 ο
3213 2079 3267 2126 et
3303 2085 3422 2140 seq.

1837 2170 2089 2241 Optimus
2139 2173 2248 2232 ille,
2298 2172 2390 2227 ille
2417 2171 2638 2225 virtutis
2663 2168 2938 2239 perfectus
2989 2167 3188 2228 cultor,
3241 2164 3336 2232 qui
3368 2165 3426 2216 in

1838 2269 2038 2316 natura
2069 2275 2329 2331 perversa
2353 2269 2408 2315 et
2438 2261 2580 2314 mala
2623 2260 2768 2315 levia
2800 2259 3050 2329 quaedam
3093 2257 3312 2309 malitiae
3334 2270 3430 2309 ve.

1839 2351 1998 2420 stigia
2028 2349 2299 2418 praebens,
2332 2348 2545 2403 fervido
2589 2347 2859 2403 Altissimi
2905 2361 3094 2400 amore
3121 2344 3189 2398 ad
3221 2344 3426 2398 caelum

1838 2441 2034 2503 tendit,
2065 2439 2438 2494 indesinenter
2463 2437 2631 2501 volat,
2659 2445 2783 2507 post
2807 2446 3020 2506 tergum
3050 2443 3230 2489 autem
3263 2434 3425 2487 mali-

1838 2531 1973 2584 tiam
2012 2529 2193 2597 rejicit
2227 2538 2282 2582 et
2333 2527 2519 2597 fugat;
2546 2527 3010 2597 quemadmodum
3045 2540 3276 2579 currens
3321 2523 3425 2577 llu-

1840 2637 1964 2676 men
2015 2621 2182 2674 alium
2235 2627 2538 2674 torrentem
2599 2619 2879 2689 fragosum
2917 2625 2973 2672 et
3025 2618 3432 2670 tumultuosum-

1839 2712 2096 2782 propellit
2129 2721 2183 2766 et
2213 2711 2393 2779 rejicit
2419 2729 2433 2775 ;
2463 2719 2518 2766 et
2549 2712 2595 2765 si
2635 2711 2766 2780 quid
2790 2710 2920 2763 mali
2941 2705 3425 2768 intermisceretur.

1839 2803 1988 2870 velut
2016 2819 2139 2857 cum
2168 2818 2366 2872 purum
2403 2802 2605 2857 ﬂumen
2643 2818 2739 2872 per
2761 2800 2966 2855 turbidi
2991 2800 3221 2853 alterius
3250 2814 3427 2867 aquas

1839 2895 2042 2962 trajicit
2071 2894 2324 2963 liuipidas
2362 2897 2446 2947 sui
2474 2894 2648 2963 ipsius
2679 2894 2876 2954 undas,
2917 2901 3048 2946 tunc
3077 2891 3220 2959 quod
3254 2891 3426 2943 linio—

1839 3001 1960 3040 sum
1991 2991 2110 3039 erat
2139 2992 2503 3052 expurgatur,
2530 2992 2584 3038 et
2632 2985 2834 3037 revelat
2879 2984 3033 3053 prius
3061 2983 3277 3052 ignotas
3306 2982 3428 3034 ani-

1845 3089 1949 3128 mae
1996 3075 2210 3129 sordes.
2249 3073 2502 3128 Hominis
2561 3073 2855 3142 compositi
2911 3073 3026 3126 haec
3075 3073 3248 3126 virtus
3296 3087 3426 3141 per-

1843 3167 1988 3218 lecta
2014 3165 2381 3235 intelligatur;
2419 3165 2534 3233 ipse
2565 3172 2748 3218 autem
2780 3165 2953 3233 magis
3002 3165 3057 3217 in
3101 3165 3422 3219 caelestibus

1843 3258 2133 3327 spiritibus
2155 3257 2408 3311 conﬁdat.
2438 3256 2494 3310 Si
2529 3259 2653 3325 quis
2691 3268 2872 3309 autem
2909 3255 2998 3310 hic
3029 3269 3156 3309 cum
3182 3255 3424 3309 homini-

1843 3352 1949 3406 bus
1989 3352 2181 3405 vivens
2236 3351 2402 3406 Deum
2450 3351 2637 3404 videre
2696 3351 2959 3420 dignatus
3007 3350 3213 3417 luerit,
3273 3352 3424 3407 velut

1846 3441 2061 3514 Moyses
2095 3453 2150 3496 et
2175 3440 2343 3497 Isaias
2366 3483 2382 3508 ,
2414 3444 2529 3497 sive
2559 3443 2610 3494 in
2645 3457 2811 3496 carne
2849 3444 2999 3511 gravi
3034 3443 3206 3498 levior
3245 3444 3425 3501 lactus

1846 3536 1901 3590 in
1934 3535 2134 3589 cmlum
2187 3535 2253 3587 ad
2302 3533 2470 3586 Deum
2503 3535 2680 3588 instar
2709 3533 2897 3587 Enoch
2937 3544 2991 3588 et
3022 3533 3148 3588 Elia:
3173 3539 3428 3592 avolave-

1846 3629 1938 3693 rit,
1980 3627 2150 3697 gloria
2187 3633 2243 3678 et
2277 3627 2453 3680 honor
2486 3624 2595 3680 Deo
2626 3626 2766 3691 soli,
2801 3626 3052 3683 homines
3089 3638 3269 3682 autem
3307 3647 3427 3684 mo-

1849 3719 2027 3774 destia
2058 3719 2112 3771 in
2138 3718 2340 3771 virtute
2359 3725 2414 3771 et
2443 3717 2680 3771 elatione
2714 3718 2952 3772 maxime
2983 3720 3205 3789 expedit
3237 3735 3426 3790 super-

1847 3809 2063 3872 vestiri,
2091 3808 2253 3878 idque
2293 3807 2536 3861 salutare
2563 3817 2804 3861 constat.

155 3916 246 3952 κει
274 3899 407 3968 πρὸς
448 3897 610 3960 Θεὸν,
637 3896 711 3961 ὡς
754 3895 923 3968 Ἑνώχ
951 3913 1011 3948 τε
1038 3897 1197 3958 αὐτὸς
1227 3897 1319 3948 καὶ
1351 3897 1535 3960 Ἠλίας
1566 3898 1699 3968 (32),
1733 3899 1888 3952 τοῦτο
1920 3895 2049 3958 δόξα
2072 3891 2209 3946 Θεοῦ
2239 3893 2333 3945 καὶ
2354 3893 2487 3962 τιμὴ
2513 3890 2743 3961 δηλαδή·
2767 3890 2966 3962 μέτρον
2995 3890 3051 3944 δὲ
3073 3892 3185 3953 τοῖς
3218 3886 3427 3960 ἀνθρώ-

156 4007 286 4052 ποις
317 3992 415 4060 τῆς
451 3988 647 4059 ἀρετῆς
681 3990 773 4042 καὶ
815 3990 914 4058 τῆς
949 3989 1208 4058 ύψώσεως
1238 3990 1677 4043 λυσιτελέστατον
1712 3987 2099 4060 ἐπιϐεϐλῆσθαι
2125 3988 2220 4040 καὶ
2247 3985 2609 4056 σωτηριῶδες.

155 4103 230 4159 85
245 4106 309 4156 Et
327 4101 377 4152 δ’
389 4101 426 4154 ἆ
437 4117 492 4168 γε
506 4115 590 4153 τοι
605 4099 702 4152 καὶ
717 4100 930 4152 τοῦτον
940 4099 1054 4167 ἐγὼ
1067 4101 1253 4168 λόγον
1272 4100 1341 4151 ἐν
1360 4100 1534 4168 φρεσὶ
1553 4099 1739 4166 θήσω,

155 4175 230 4231 86
250 4171 381 4237 Πῶς
419 4187 525 4222 κεν
555 4169 662 4237 τῆς
688 4171 956 4239 μεγάλης
982 4169 1202 4237 ἀρετῆς
1236 4170 1343 4311 ἐπὶ
1368 4171 1589 4222 τέλσον
1615 4172 1743 4250 ζκη-

1345 4257 1433 4304 αι,
1467 4257 1517 4293 κ.
1543 4257 1594 4292 1.
1623 4251 1669 4293 Α.

1345 4257 1433 4304 αι,
1467 4257 1517 4293 κ.
1543 4257 1594 4292 1.
1623 4257 1669 4293 Α.

228 4350 357 4406 Εἶεν
385 4351 447 4422 δὴ
491 4345 584 4404 οὖν
620 4350 714 4403 καὶ
771 4349 958 4402 τοῦτον
1013 4349 1124 4416 ἐγὼ
1164 4349 1255 4401 τὸν
1294 4350 1447 4416 λόγον
1483 4353 1603 4412 ταῖς
1627 4352 1746 4412 σαῖς

155 4442 546 4514 παραθήσομαι
580 4442 792 4510 φρεσὶν,
831 4443 863 4512 ἡ
900 4440 1147 4508 θεολόγος
1178 4440 1424 4503 σαλπίζει
1454 4443 1625 4510 φωνή.
1650 4441 1746 4502 Τίς

155 4536 218 4590 δὲ
243 4539 274 4588 ό
302 4532 486 4600 λόγοςς
512 4532 635 4593 Πῶς
663 4531 730 4585 ἂν
763 4535 842 4594 εἰς
872 4531 1183 4602 τελειότητα
1207 4533 1307 4602 τῆς
1347 4533 1587 4602 μεγάλης
1616 4532 1744 4601 ἀφί-

157 4647 281 4684 κοιο
339 4628 559 4696 ἀρετῆς,
597 4628 717 4698 ἥτις
760 4628 893 4697 μόνη
929 4627 1142 4698 καθαρά
1176 4627 1335 4679 θυσία
1363 4627 1441 4694 τῷ
1474 4627 1616 4696 μόνῳ
1649 4627 1748 4694 τὴν

157 4720 328 4788 φύσιν
383 4719 616 4785 ὑπάρχει
666 4714 913 4786 καθαρῷ.
959 4717 1074 4768 Οὐκ
1105 4711 1257 4784 οἶμαι
1307 4715 1384 4780 δὲ,
1425 4716 1579 4783 φησι,
1606 4717 1749 4768 κατά

154 4813 256 4863 τὸν
286 4811 530 4877 παρόντα
555 4807 667 4876 βίον
686 4806 778 4860 τοῦ
801 4808 1102 4878 ἀκροτάτου
1116 4807 1552 4876 καταδράξασθαι
1563 4808 1749 4868 τέλους

158 4903 335 4972 αὐτῆς
355 4917 368 4929 ⁸
402 4899 570 4961 πολὺς
593 4899 700 4968 γὰρ
721 4901 750 4952 ὁ
768 4897 994 4961 καπνὸς,
1028 4899 1194 4960 πολὺς
1226 4900 1254 4949 ὁ
1281 4898 1440 4965 ζόφος
1472 4899 1500 4948 ὁ
1519 4897 1626 4948 ἀπὸ
1651 4896 1748 4964 τῆς

158 4993 256 5048 τοῦ
285 4990 535 5062 σώματος
575 4989 772 5059 ἀχλύος
821 4992 932 5050 τοῖς
965 4988 1206 5058 ὄμμασιν
1240 4987 1630 5056 ὲπικεχυμένος
1653 4985 1750 5036 τοῦ

159 5084 258 5138 νοῦ
283 5102 296 5113 ⁸
327 5074 606 5153 ἀγαπητὸν
644 5080 702 5134 δέ
734 5097 822 5148 μοι
853 5080 980 5147 ἄρα,
1013 5081 1061 5130 εἰ
1091 5081 1182 5131 καὶ
1212 5081 1349 5149 μετά
1371 5081 1468 5151 τὴν
1491 5080 1642 5132 λύσιν
1656 5080 1748 5134 τοῦ

160 5173 622 5246 ἐπιπροσθοῦντος
664 5173 856 5240 νέφους
887 5172 1329 5240 ἀποσμηξαμένῳ
1371 5175 1439 5226 τὰ
1468 5174 1750 5246 δακρυώδη

162 5269 311 5324 κωιά
332 5269 511 5319 πάντα
546 5266 693 5326 ἐντὸς
719 5264 811 5317 τοῦ
843 5263 978 5316 Θεοῦ
1013 5265 1107 5316 καὶ
1131 5267 1227 5333 τῆς
1267 5266 1587 5336 εἰλικρινοῦς
1618 5270 1749 5338 dpe-

161 5360 268 5428 τῆς
285 5353 718 5428 καταληφθῆναι.
739 5355 898 5407 Ἀλλὰ
915 5355 1046 5425 τίςή
1069 5355 1214 5407 αἰτία
1238 5358 1336 5426 τῆς
1361 5357 1750 5429 κατορθώσεως

163 5451 374 5520 αὑτῆςς
411 5446 530 5500 οῦτε
556 5449 662 5516 γὰρ
695 5447 856 5517 μόνου
904 5445 998 5498 τοῦ
1046 5446 1179 5499 Θεοῦ
1218 5448 1375 5501 τοῦτο
1397 5449 1568 5520 δῶρον
1584 5451 1762 5520 ὑπάρ-

164 5559 276 5615 χει.
326 5541 426 5610 τὴν
483 5538 672 5591 ἑαυτοῦ
723 5537 1077 5607 σεμνύνοντος
1127 5539 1310 5590 εἰκόνα
1338 5556 1350 5567 ·
1383 5543 1515 5593 πᾶσι
1545 5547 1652 5612 γάρ
1684 5545 1750 5597 ἂν

166 5631 316 5686 κατὰ.
349 5629 509 5698 φύσιν
539 5627 842 5698 ἀνθρώποις
873 5628 1099 5698 προσῆν,
1125 5627 1198 5690 ὡς
1221 5629 1280 5681 τὺ
1319 5631 1530 5698 λογικὸν
1571 5637 1663 5687 καὶ
1691 5636 1751 5689 τὸ

167 5719 387 5792 Θν-ητόν,
417 5720 508 5772 καὶ
552 5720 715 5771 λύοιτ’
750 5718 814 5771 ἂν
851 5716 1024 5778 οὕτως
1068 5717 1127 5769 τὸ
1159 5718 1443 5783 αὐτοθελὲς
1487 5725 1576 5775 καὶ
1629 5725 1750 5779 αὐτ.

243 5834 356 5904 (51)
397 5833 528 5888 Cod.
569 5831 788 5903 κομιδή,
819 5838 872 5884 et
914 5829 994 5884 sic
1025 5829 1164 5882 inira
1202 5845 1430 5897 semper.

1845 4102 1914 4155 85
1935 4102 1972 4152 Α
1986 4116 2044 4168 ge
2060 4115 2176 4151 vero
2192 4106 2240 4150 et
2259 4097 2397 4168 hunc
2414 4113 2507 4163 ego
2539 4111 2829 4168 sermonem
2849 4106 2952 4168 tua.
2968 4091 3131 4145 menti
3144 4108 3421 4168 apponam.

1846 4172 1914 4226 86
1937 4165 2211 4236 Quomodo
2229 4166 2298 4219 ad
2322 4181 2540 4219 summa:
2566 4166 2774 4218 virtutis
2797 4165 3000 4216 culmen
3017 4165 3285 4233 pervenias
3302 4177 3442 4228 ,etc.

1917 4349 2159 4420 Agedum
2193 4357 2248 4402 et
2280 4348 2425 4401 hunc
2454 4361 2758 4402 sermonem
2782 4345 3054 4399 mentibus
3089 4343 3197 4398 tuis
3228 4358 3428 4412 propo-

1851 4454 2000 4502 nam,
2040 4438 2298 4492 buccinat
2328 4435 2635 4504 theologica
2671 4449 2773 4487 vox
2801 4451 2814 4485 :
2853 4436 2979 4502 quis
3013 4433 3235 4486 sermo?
3282 4434 3429 4497 Quo-

1851 4530 2014 4584 modo
2061 4529 2129 4582 ad
2170 4526 2560 4597 perfectionem
2599 4539 2808 4593 magnae
2858 4524 3142 4593 pervenies
3189 4523 3425 4584 virtutis.

1850 4636 1970 4690 qua:
2002 4621 2116 4676 sola
2155 4619 2358 4673 oblatio
2396 4618 2622 4679 munda,
2673 4617 2775 4672 soli
2805 4631 2944 4687 puro
2975 4633 3040 4669 ex
3089 4626 3283 4669 natura
3329 4630 3435 4669 sua

1850 4723 1982 4769 stat.
2047 4711 2167 4766 Non
2214 4711 2488 4772 arbitror,
2537 4710 2751 4779 inquit,
2807 4724 2893 4762 me
2945 4707 3432 4778 comprehendisse

1851 4806 2026 4877 ipsius
2072 4820 2382 4869 summum,
2430 4802 2678 4874 quandiu
2726 4803 2782 4856 in
2825 4804 3078 4870 prazsenti
3120 4818 3240 4866 sunt
3276 4806 3424 4866 vita;

1851 4915 1976 4954 nam
2013 4898 2218 4952 multus
2250 4896 2452 4959 fumus,
2486 4897 2723 4951 tenebrae
2744 4897 2951 4960 multae,
2977 4910 3100 4965 quae
3124 4911 3154 4948 e
3179 4895 3434 4964 corporis

1851 4991 2069 5046 nebulis
2101 4990 2471 5044 extenduntur
2509 4988 2702 5042 oculos
2754 4988 2955 5040 mentis
3002 4985 3432 5052 circumsepien-

1849 5092 1967 5150 tes;
2004 5085 2208 5138 bonum
2241 5083 2287 5137 si
2336 5090 2623 5151 postquam
2655 5080 2938 5134 evanuerit
2987 5079 3185 5132 nebula
3231 5077 3427 5139 oﬂ‘usa.

1852 5176 2104 5245 lugendis
2144 5190 2174 5227 a
2206 5176 2364 5229 malis
2395 5174 2652 5227 omnibus
2695 5172 2950 5240 expedito
2981 5172 3112 5224 mihi
3146 5171 3432 5237 contingat

1852 5268 1906 5320 in
1935 5267 2103 5321 Deum
2135 5275 2183 5321 ct
2216 5267 2269 5320 in
2307 5267 2595 5335 probatam
2628 5265 2890 5318 virtutem
2925 5263 3132 5316 induci.
3170 5260 3273 5315 Sed
3310 5276 3435 5330 quae

1852 5359 1919 5413 ad
1947 5360 2204 5413 virtutem
2240 5356 2561 5411 directionis
2589 5355 2794 5417 causa?
2822 5370 2930 5408 non
2966 5356 3110 5407 enim
3141 5355 3311 5408 solius
3336 5353 3430 5407 Dei

1851 5453 2055 5505 donum
2089 5458 2173 5504 est
2201 5449 2375 5518 ipsius
2414 5448 2705 5518 imaginem
2737 5447 3136 5517 glorilicantis:
3175 5445 3433 5500 omnibus

1854 5542 2154 5594 secundum
2193 5548 2444 5592 naturam
2487 5540 2800 5593 hominibus
2839 5539 3044 5602 aderat,
3077 5538 3224 5592 sicut
3253 5545 3308 5593 et
3344 5553 3432 5591 ra-

1854 5634 2020 5686 tionis
2062 5631 2292 5685 facultas
2333 5639 2389 5684 et
2443 5634 2604 5685 morti
2641 5630 3000 5694 obnOxietas;
3054 5628 3434 5683 destrueretur

1855 5721 1957 5775 hoc
1979 5720 2144 5772 verlm
2165 5719 2530 5772 voluntarium
2558 5715 2610 5774 c't
2645 5718 2874 5775 liberum
2901 5717 3224 5776 arbitrium:
3254 5731 3434 5787 neque

1927 5833 2039 5904 (σοι)
2068 5835 2203 5888 Cod.
2257 5831 2461 5887 Ἡλίου.

3307 379 3510 443 72⁸2,
