4010 6298
141 358 226 421 il!

138 476 164 529 6
186 474 538 538 τιλισκόμενος
584 470 841 527 κολλᾶται
878 469 1019 540 Θεῷ,
1056 471 1149 523 καὶ
1176 470 1234 523 ἐν
1273 469 1514 539 πνεῦμα,
1545 467 1685 522 κατά

137 565 216 620 τὸν
250 566 578 627 ’Δτυόστολον,
607 561 756 632 αὐτῷ
789 563 1031 630 γίνεταις
1065 562 1203 615 Καθ’
1244 562 1369 615 ὅσον
1393 559 1684 631 τοιγαροῦν

138 658 316 731 ὑψηλόν
346 675 402 712 τε
436 659 530 712 καὶ
571 654 759 727 νοερὸν
785 654 879 708 καὶ
903 654 1002 725 τῆς
1025 652 1249 724 πρώτης
1286 652 1684 723 μακαριότητος

134 749 366 820 πρόξενον
409 748 471 801 τὸ
507 746 701 818 χρῆμα
747 745 1105 799 πεπίστευται
1149 744 1249 815 τῆς
1296 741 1685 815 ἀρετῆς,κατά

131 840 361 894 τοσοῦτον
408 839 499 892 καὶ
536 836 705 891 πολλά
755 835 869 908 ἔχει
912 835 982 889 τὰ
1025 835 1162 907 πρὸς
1203 834 1302 905 τὴν
1346 833 1684 905 κατόρθωσιν

130 932 311 1004 ταύτης
334 931 536 1000 ἀνάντη
564 931 657 984 καὶ
677 930 933 1000 δυσχερῆ.
965 928 1083 981 Ἵνα
1108 927 1219 997 γὰρ
1243 927 1335 985 τὸν
1356 926 1451 980 τοῦ
1479 927 1682 997 δυσμε-

131 1023 239 1087 νοῦς
265 1022 453 1092 φθόνον
498 1021 655 1094 παρῶ
690 1023 1008 1075 ἐπισκοπεῖν
1052 1020 1140 1073 ἀεὶ
1166 1020 1264 1090 τὴν
1307 1019 1563 1091 πρόθεσιν
1588 1018 1682 1072 τοῦ

132 1114 250 1183 πρὸς
278 1112 448 1182 αὐτὴν
464 1111 702 1174 ἀνιόντος
724 1110 1093 1183 πειρωμένου,
1120 1110 1258 1182 αὐτὴ
1292 1111 1325 1181 η
1354 1110 1473 1163 κατ’
1498 1109 1684 1180 αίσθηο

132 1218 205 1255 σιν
231 1201 359 1275 ζωὴ,
386 1204 417 1257 δ
456 1220 517 1257 τε
547 1204 825 1273 σύμφυτος
855 1202 957 1273 τῆς
983 1203 1161 1273 ψυχῆς
1182 1202 1352 1274 θυμὸς
1378 1204 1474 1256 καὶ
1502 1204 1537 1274 ἡ
1563 1203 1685 1255 ἐπι-

128 1292 311 1364 θυμία,
361 1296 412 1348 εἰ
460 1295 535 1366 μὴ
582 1293 939 1365 πνευματικῷ
985 1295 1136 1364 νόμῳ
1186 1293 1543 1347 παιδευθέντα
1589 1294 1685 1347 καὶ

125 1385 390 1456 ταχθέντα,
429 1385 703 1455 καταπιθῆ
738 1387 831 1439 καὶ
854 1386 1042 1456 εὐηνια
1066 1385 1276 1455 γένοιτο
1303 1384 1383 1456 τῷ
1414 1385 1682 1457 λογισμῷ,

124 1475 287 1539 οὔπως
315 1476 381 1531 ἂν
422 1478 452 1530 6
483 1476 675 1549 ἐχθρὸς
700 1475 1104 1548 ἀποστραφείη,
1130 1476 1241 1529 οὐδ’
1276 1475 1573 1547 εἰλικρινὴς
1592 1478 1684 1529 ἀν⁴

127 1562 308 1633 θρώπῳ
352 1564 729 1636 κατορθωθείη
777 1565 980 1636 ἀρετή·
1021 1564 1087 1618 δι’
1127 1563 1156 1617 6
1200 1565 1291 1618 καὶ
1333 1568 1363 1617 ὁ
1412 1564 1490 1634 τῷ
1521 1565 1685 1637 ἔρωτι

124 1655 276 1726 αὐτῆς
316 1657 548 1727 κάτοχος
597 1657 900 1727 φιλοσόφως
931 1658 1012 1720 εἰς
1047 1657 1236 1710 ἐαυτὸν
1278 1655 1368 1710 τὸν
1398 1657 1556 1725 λόγον
1587 1675 1685 1728 με·

125 1748 549 1818 τασχηματίζων,
601 1748 713 1817 Τὴν
757 1748 979 1820 ἀρετὴν,
1038 1750 1195 1820 φησι,
1248 1749 1397 1803 ποθῶ
1445 1750 1685 1819 μὲν,καὶ

122 1835 209 1890 οὐκ
234 1839 539 1911 ἀρνήσομαι
558 1856 573 1870 ο
615 1838 775 1893 τοῦτο
799 1839 908 1910 γάρ
946 1840 1040 1892 καὶ
1080 1842 1280 1905 πάντες
1308 1844 1356 1894 οἱ
1393 1841 1487 1895 τοῦ
1518 1842 1684 1904 ὅντως

122 1928 330 1997 ἐρασταὶ
368 1929 537 1983 καλοῦ
557 1947 572 1960 ·
604 1930 743 1984 ἀλλὰ
770 1930 929 1984 τοῦτό
962 1949 1027 2001 με
1055 1933 1154 1985 οὐκ
1182 1932 1409 1998 ἐδίδαξε,
1446 1936 1531 1998 τίς
1556 1952 1684 1987 ποτε

119 2017 264 2092 αὕτη,
298 2022 399 2074 καὶ
437 2020 558 2075 ὅθεν
609 2020 674 2075 ἀν
723 2039 815 2091 μοι
862 2023 1209 2096 προστεθείη,
1248 2026 1442 2097 κομιδῇ
1486 2026 1685 2097 ταύτης

119 2110 279 2179 ἔχοντι
314 2111 430 2192 ,τὴν
480 2112 709 2184 ὄρεξινο.
746 2111 829 2178 οἷς
870 2116 965 2168 καὶ
1012 2115 1250 2187 ἀνιῶμαι
1302 2120 1367 2189 τῇ
1406 2118 1686 2187 ἀτελότητι

120 2201 303 2273 ταύτης
360 2203 721 2275 ἀλγυνόμενος
744 2222 755 2235 ·
825 2209 933 2270 πᾶς
986 2206 1096 2279 γὰρ
1160 2208 1322 2272 πόθος
1383 2208 1685 2273 ἀτέλεστος,

120 2290 261 2364 ὀδύνη
291 2292 374 2365 τῷ
411 2297 735 2367 κεκτημένῳ
771 2296 958 2352 τοῦτον
1006 2300 1357 2370 χρηματίζει.

388 2386 459 2441 Et
485 2386 605 2456 μὲν
631 2387 709 2456 δὴ
735 2390 1017 2459 καθαρός,
1050 2407 1106 2446 κ.
1134 2408 1183 2445 τ.
1204 2392 1266 2444 ιέ.

189 2473 251 2528 Ἡ
278 2477 599 2548 μὲνάληθὴς
642 2478 811 2550 ἀρετὴ
856 2482 950 2534 καὶ
1006 2482 1085 2551 τῷ
1129 2481 1242 2534 ὄντι
1291 2481 1555 2555 καθαρὰ,
1613 2490 1692 2557 τῷ

124 2565 289 2636 πάσης
326 2568 529 2630 κακίας
571 2570 663 2621 καὶ
702 2570 975 2641 ῥυπαρίας
1024 2572 1224 2642 σαρκὸς
1256 2572 1349 2625 καὶ
1381 2574 1692 2645 πνεύματος

117 2657 346 2729 πάμπαν
373 2658 740 2729 ἀπηλλάχθαι,
775 2659 931 2716 ὕδατι
970 2662 1258 2734 προσέοικε
1297 2664 1689 2737 καθαρωτάτῳ,

119 2752 205 2802 καὶ
232 2749 465 2821 ρεᾦματι
486 2751 695 2822 κρήνης
720 2750 1064 2823 ἐξαλλομένῳ
1089 2752 1291 2824 ζώσης,
1332 2754 1392 2820 ἐξ
1437 2755 1694 2826 οὐδεμιᾶς

117 2841 409 2911 χειμερίων
466 2841 697 2904 ὑδάτων,
741 2842 859 2912 ἦτοι
906 2844 1254 2915 χειμάρρων,
1305 2847 1588 2917 ἐπιμιξίας
1633 2849 1695 2900 τὸ

118 2930 202 2984 τοῦ
241 2933 483 3003 νάματος
524 2930 832 3002 θολουμένῳ
859 2934 1239 2990 διειδέστατον.
1279 2936 1450 3007 Εἴπερ
1491 2933 1583 2992 οὖν
1610 2955 1695 3001 τις

115 3020 260 3075 οὕτω
294 3020 533 3093 καθαρός
579 3023 748 3084 ἐστιν,
787 3022 864 3086 ὠς
913 3024 1086 3094 ἀμιγῆ
1132 3025 1312 3094 πάσης
1358 3027 1557 3090 κακίας
1601 3029 1697 3081 καὶ

116 3112 386 3184 ἁμαρτίας
433 3112 693 3183 ἀμίαντον
726 3113 824 3184 τὴν
876 3114 1046 3168 αὑτοῦ
1098 3118 1341 3187 τηρήσας
1378 3116 1558 3189 ψυχὴν
1604 3122 1698 3173 καὶ

114 3204 203 3259 τὸν
261 3206 422 3270 νοῦν,
474 3205 747 3260 ἀθόλωτον
800 3207 857 3260 δὲ
902 3209 1001 3280 τὴν
1049 3209 1225 3282 σάρκα
1279 3211 1374 3263 καὶ
1428 3212 1694 3282 apsum,

118 3294 266 3365 ζητῶ
304 3296 388 3360 τίς
431 3297 499 3351 ἂν
542 3292 697 3362 οὗτος
737 3300 860 3369 atq;
915 3302 963 3352 εί
1006 3300 1114 3370 γὰρ
1149 3302 1321 3370 ἄστρα
1366 3302 1427 3353 οὐ
1484 3302 1700 3373 καθαρά

116 3387 357 3442 ἐναντίον
382 3389 566 3454 αὐτοῦ,
596 3388 739 3443 κατά
759 3390 821 3443 τὸ
848 3390 1048 3460 λόγιον,
1076 3392 1139 3444 ἔα
1161 3392 1219 3446 δὲ
1247 3395 1296 3445 οἱ
1322 3393 1701 3457 κατοικοῦντες

115 3479 299 3543 οἰκίας
330 3480 662 3553 πηλίνας⁶ἢ
707 3482 817 3552 γάρ
864 3485 931 3537 ἐκ
980 3484 1207 3555 καρδίας
1258 3485 1393 3549 ίδίας
1440 3484 1701 3557 βόρϐορον

116 3570 333 3625 ἀτόπων
351 3573 611 3644 ἀναφέρει
637 3572 922 3646 ἄνθρωπος
944 3574 1218 3646 λογισμῶν
1236 3593 1248 3606 ·
1271 3576 1408 3647 αῦτη
1429 3577 1527 3647 μία
1552 3576 1701 3641 αίτία

116 3660 219 3731 τῆς
242 3664 474 3728 κακίαςο
510 3664 705 3719 ἔπειτα
728 3666 907 3739 σάρκα
947 3668 1174 3739 βαρεῖαν
1206 3670 1301 3723 καὶ
1338 3668 1534 3739 ἰλυώδη
1566 3670 1701 3741 πρὸς

125 3753 178 3808 τὸ
224 3752 426 3823 γεῶδες
464 3754 757 3827 βρίθουσαν
794 3758 1053 3831 φρόνημα
1098 3760 1559 3831 συνεφελκόμενος
1604 3765 1702 3833 ρυ-

115 3844 408 3899 παίνεται·
440 3848 577 3920 πρὸς
605 3848 663 3902 δὲ
693 3850 792 3905 καὶ
830 3850 910 3922 τῷ
954 3851 1175 3923 ἄρχοντι
1225 3853 1319 3905 τοῦ
1370 3853 1595 3919 σκότους
1625 3854 1708 3925 τῷ

116 3938 218 4007 τῆς
246 3938 523 4010 ἡμετέρας
551 3939 731 4012 ἐχθρῷ
760 3943 1033 4013 σωτηρίας
1072 3942 1272 4010 ἔξωθεν
1301 3946 1707 4017 παροτρυνόμε-

116 4045 232 4093 νος,
269 4029 368 4083 καὶ
402 4031 541 4100 πρὸς
591 4033 864 4104 ἁμαρτίαν
906 4036 1313 4107 ὑφαπτόμενος,
1359 4035 1477 4099 πῶς
1514 4037 1580 4091 ἀν
1623 4037 1708 4090 δυ-

119 4118 326 4189 ναίμην
348 4119 628 4191 ἀκραιφνῆ
665 4122 947 4194 προῖσχειν
976 4124 1074 4194 τὴν
1102 4125 1342 4196 ἀρετήνς

349 4206 583 4280 Eximi;
614 4208 729 4269 οὖν
751 4215 934 4282 ῥύσις
959 4216 1076 4283 εἰμὶ
1102 4216 1381 4285 πατεῖσα.

191 4300 272 4357 Ἦ
289 4301 585 4375 οὐχῶσπερ
600 4304 817 4376 γάλαμε
847 4305 1105 4377 quem;
1137 4310 1300 4378 φησὶν
1342 4312 1371 4361 6
1420 4308 1559 4371 Ὶὼὸ,
1584 4308 1703 4360 ἐτό-

118 4407 308 4461 ρωσας
343 4392 401 4445 δέ
438 4410 504 4463 με
544 4394 635 4448 ίσα
665 4395 847 4467 τυρῷ,
895 4396 986 4451 διά
1020 4396 1136 4468 βίου
1168 4415 1225 4451 τε
1257 4399 1469 4469 ῥέοντος
1504 4400 1594 4452 καὶ
1625 4400 1705 4451 εὑ-

118 4480 425 4550 μεταῦόλου
472 4483 811 4557 διεκτρέχως
853 4488 956 4540 οὐκ
1000 4483 1062 4557 ἦν
1142 4490 1314 4551 ἐοικὸς
1376 4491 1527 4560 (‘25),
1586 4491 1706 4561 ἦτοι

114 4575 432 4646 προσφυὲς,
473 4576 773 4649 άρρευστόν
824 4596 891 4648 με
914 4578 1033 4649 Θεῷ
1081 4579 1194 4650 βίον
1237 4583 1329 4634 καὶ
1357 4582 1706 4635 παντάπασιν

114 4668 510 4740 ἀναμάρτητον
536 4669 707 4739 βιοῦν.

110 4758 178 4810 Et
207 4758 265 4811 δ’
301 4760 415 4813 οὐκ
444 4759 732 4829 ἀργύρεος
763 4760 959 4828 πάντη
994 4765 1156 4829 νόος,
1194 4763 1332 4817 ἀλλ’
1372 4764 1705 4833 ἐπίμικτος.

188 4851 256 4905 Et
288 4850 346 4904 δὲ
384 4850 562 4914 τοῦτο,
593 4854 779 4923 φησὶν,
810 4854 1027 4925 ἀληθὲς,
1057 4855 1149 4909 καὶ
1180 4858 1209 4909 6
1240 4855 1517 4927 τροπικῶς
1546 4872 1709 4927 προσ-

116 4943 417 5015 ειρημένος
451 4942 609 5014 ῥοῦς,
638 4945 755 5016 ἦτοι
796 4945 945 5016 βίος,
973 4947 1073 4999 οὐκ
1105 4948 1371 5020 ἀργύρεος
1404 4948 1526 5002 οὐδὲ
1556 4948 1704 5001 δόκι-

118 5052 221 5103 μος
265 5024 550 5099 παντελῶς
578 5038 672 5090 καὶ⁸
701 5038 960 5111 καθαρὸς,
1000 5040 1249 5111 ἐπιμιξίᾳ
1276 5040 1334 5095 δὲ
1364 5041 1464 5111 τῆς
1505 5041 1703 5103 κακίας

1087 352 1154 406 ΙΝ
1188 350 1493 405 CARMINA
1530 347 1807 406 ARCANA
1837 347 1895 405 S.
1923 344 2277 403 GREGORII.

3250 345 3374 413 Ἧι

1788 466 1901 520 Deo
1930 479 2169 535 quocum
2202 478 2345 519 unus
2378 463 2609 534 spiritus
2635 463 2793 532 juxta
2838 463 3161 534 Apostolnm
3198 466 3365 521 eliitei-

1781 553 1911 608 tur?
1950 552 2229 621 Quantum
2275 566 2407 623 ergo
2454 552 2875 622 supereminens
2896 560 2951 609 et
2974 556 3280 627 spiritualis
3311 568 3368 613 et

1786 645 1976 715 prima:
1995 644 2359 700 beatitudinis
2395 644 2819 715 promissionem
2863 646 3074 702 habens
3122 656 3369 717 quaestus

1784 735 2011 791 virtutis
2044 734 2312 798 creditur,
2360 741 2473 788 tam
2504 736 2676 789 multa
2705 736 2773 795 ad
2811 735 2932 806 ejus
2960 738 3367 794 assecutionem

1787 829 1960 882 ardua
1991 825 2288 882 admodum
2345 837 2401 882 et
2448 827 2687 881 diflicilia
2740 829 2963 898 praebet.
3018 827 3268 900 Namque
3309 839 3373 884 ut

1783 920 2097 974 Adversarii
2150 919 2558 989 praetermittam
2597 918 2863 973 invidiam
2912 920 3245 990 pedetentim
3287 920 3373 974 in-

1785 1008 1939 1078 sequi
1972 1009 2317 1080 prepositum
2350 1009 2664 1064 anhelantis
2690 1008 2757 1063 ad
2787 1008 3044 1064 virtutem
3082 1010 3368 1073 conantis,

1784 1102 1902 1173 ipsa
1962 1101 2071 1153 vita
2108 1114 2215 1171 qua
2260 1099 2519 1156 sensibus
2560 1099 2901 1170 indulgetur.
2942 1110 2996 1156 et
3031 1102 3217 1156 innata
3254 1104 3372 1157 ani-

1774 1208 1889 1259 ,ποτε
1921 1191 2099 1248 fervor
2130 1203 2185 1250 et
2224 1193 2706 1264 concupiscentia,
2764 1193 2872 1248 nisi
2898 1208 2928 1247 a
2979 1194 3097 1264 lege
3137 1194 3373 1266 spiritus

1785 1286 2001 1339 erudita
2028 1291 2085 1340 et
2129 1285 2347 1349 edocta,
2402 1285 2701 1341 suadibilia
2763 1296 2819 1341 et
2862 1286 3117 1340 docibilia
3174 1286 3372 1340 rationi

1788 1376 1940 1440 ﬁant,
1959 1377 2109 1432 nullo
2129 1378 2293 1432 modo
2323 1376 2511 1434 Hostis
2533 1376 2836 1450 fugabitur,
2867 1379 3179 1433 nullatenus
3200 1378 3375 1433 electa

1787 1469 1963 1524 virtus
1985 1468 2262 1524 hominem
2292 1468 2622 1524 moderabit.
2660 1470 2789 1524 Ideo
2826 1469 3001 1540 ipsius
3034 1484 3223 1525 amore
3252 1470 3376 1538 phi—

1790 1561 2075 1630 losophice
2122 1558 2385 1631 flagrans,
2428 1577 2573 1617 novo
2621 1561 2817 1617 ordine
2855 1562 3098 1632 seipsum
3142 1562 3376 1632 alloqui-

1789 1659 1948 1706 tur...
1975 1650 2267 1718 \’irtutem,
2319 1653 2520 1722 inquit,
2552 1652 2726 1723 cupio
2761 1668 2863 1706 nec
2904 1652 3207 1706 aversahor
3241 1671 3255 1706 :
3294 1652 3379 1707 sic

1792 1743 1939 1795 enim
1982 1742 2165 1795 cuncti
2198 1740 2381 1811 reipsa
2428 1742 2555 1795 boni
2604 1751 2912 1804 amatores;
2957 1742 3051 1797 sed
3094 1759 3204 1797 non
3253 1759 3379 1795 eru-

1793 1834 1943 1889 ditus
1986 1848 2107 1888 sum
2153 1849 2276 1903 qua:
2322 1833 2392 1887 sit
2425 1840 2479 1886 et
2514 1831 2660 1886 unde
2694 1832 2829 1886 mihi
2878 1833 3041 1901 hujus
3084 1834 3381 1888 vehemens

1794 1925 2127 1980 desiderium
2161 1924 2383 1979 habenti
2425 1924 2737 1993 adjiciatur.
2785 1923 2881 1979 llis
2928 1924 3089 1979 doleo
3138 1940 3380 1981 maerens

1795 2018 1864 2072 de
1892 2018 2112 2072 virtutis
2138 2018 2552 2087 imperfectione
2579 2035 2594 2081 ;
2624 2017 2825 2072 etenim
2861 2018 3195 2072 desiderium
3219 2033 3383 2075 omne

1796 2126 1906 2180 quo
1938 2125 2047 2163 non
2080 2110 2259 2180 potior
2289 2109 2496 2163 doloris
2526 2109 2798 2162 rationem
2860 2109 3026 2164 habet
3066 2111 3120 2164 in
3161 2110 3379 2165 deside-

1796 2203 1962 2257 ranti.
1995 2222 2013 2253 ι
2041 2202 2097 2257 Si
2122 2214 2301 2257 autem
2335 2217 2528 2271 purus,
2555 2219 2571 2252 ι
2593 2209 2647 2255 et
2672 2216 2787 2271 seq.
2818 2200 2958 2275 Vera
2980 2204 3156 2259 virtus
3177 2213 3231 2257 et
3256 2217 3386 2259 vere

1798 2310 1934 2365 pura
1967 2295 2037 2349 ab
2070 2294 2220 2348 omni
2251 2293 2457 2347 malitia
2488 2303 2541 2347 et
2565 2282 2814 2347 fmditate
2836 2296 3021 2349 carnis
3041 2303 3099 2349 et
3128 2293 3381 2363 spiritus.

1797 2388 2166 2457 aequiparatur
2201 2385 2513 2457 purissimis
2566 2386 2729 2441 undis
2764 2394 2820 2439 et
2866 2387 3193 2441 salientibus
3230 2402 3386 2457 aqua:

1800 2483 1935 2533 viva:
1965 2476 2179 2540 rivulis,
2204 2492 2441 2547 quorum
2468 2477 2616 2532 nulla
2632 2492 2898 2546 aquarum
2922 2466 3181 2531 imbrium
3204 2478 3387 2532 mistiu

1802 2586 1871 2625 nc
1926 2568 2271 2639 superﬁciem
2322 2568 2543 2638 quidem
2596 2568 2792 2623 inlicit.
2858 2569 2942 2623 Sit
2993 2584 3128 2638 ergo
3185 2569 3388 2639 aliquis

1802 2663 1938 2715 adeo
1967 2675 2139 2730 purus
2163 2661 2255 2729 qui
2289 2674 2496 2713 meram
2532 2659 2602 2715 ab
2631 2661 2780 2714 omni
2818 2660 3023 2715 malitia
3065 2671 3120 2716 et
3160 2671 3388 2731 peccato

1801 2753 2103 2809 servaverit
2147 2752 2389 2805 animam
2448 2759 2614 2822 atque
2666 2760 2929 2820 mentem,
2976 2753 3070 2823 qui
3124 2754 3386 2808 mundam

1802 2844 2127 2900 CllSlOdiet'il
2188 2855 2413 2896 carnem
2469 2849 2525 2896 et
2606 2842 3042 2909 immaculatam,
3097 2845 3223 2914 quis
3283 2846 3389 2899 crit

1804 2939 1947 2995 istc?
1991 2937 2214 3008 quando
2261 2945 2411 2991 astra
2455 2950 2567 2992 non
2609 2944 2741 2991 sunt
2791 2936 2996 2990 munda
3026 2953 3056 2990 a
3092 2936 3234 2991 facie
3267 2936 3386 3002 Dei,

1800 3032 1955 3102 juxta
1982 3028 2228 3083 divinum
2257 3027 2485 3091 librum,
2520 3026 2652 3098 quid
2681 3026 2749 3082 de
2774 3026 3156 3083 habitantibus
3191 3029 3389 3085 dumos

1804 3122 2017 3178 luteas?
2060 3118 2189 3175 Sive
2212 3133 2279 3172 ex
2309 3118 2475 3173 corde
2515 3133 2618 3174 suo
2660 3120 3177 3189 intempestivorum
3224 3123 3391 3177 ratio-

1800 3207 2073 3267 ciniornm
2122 3210 2286 3264 homo
2318 3206 2563 3278 proferat
2599 3222 2842 3274 omnum,
2871 3209 2984 3264 haec
3020 3225 3129 3263 una
3167 3211 3390 3267 malitiae

1801 3317 1966 3358 causa
1992 3318 2007 3367 ;
2041 3300 2313 3371 siquidem
2338 3312 2505 3353 carne
2532 3280 2685 3369 gravi
2715 3306 2771 3350 et
2804 3300 2981 3353 lutosa
2998 3300 3066 3353 ad
3089 3307 3379 3358 terrestres

1800 3399 2090 3449 attractata
2118 3390 2478 3460 cogitationes
2502 3387 2778 3457 impulsus
2802 3390 3127 3445 maculatur.
3156 3388 3390 3447 Praeter-

1802 3498 1868 3537 ea
1922 3481 1991 3535 ab
2033 3488 2190 3535 extra
2220 3495 2251 3532 a
2302 3479 2551 3551 principe
2589 3479 2941 3534 tenebrarum
2982 3490 3186 3535 nostra:
3222 3484 3387 3537 saluti

1805 3574 2024 3633 infenso
2049 3572 2369 3628 stimulatus
2416 3582 2470 3626 et
2503 3570 2570 3625 ad
2617 3580 2902 3641 peccatum
2946 3573 3387 3645 incensusque-

1804 3665 1967 3725 modo
1996 3679 2191 3737 puram
2230 3663 2487 3718 virtutem
2512 3664 2755 3734 praebere
2785 3666 3041 3734 possem?
3085 3686 3103 3718 ι
3130 3667 3265 3721 Cum
3285 3670 3389 3722 sim

1803 3755 1926 3810 fons
1943 3755 2312 3823 obrigescens.
2340 3771 2359 3803 ι
2384 3752 2529 3817 Sive,
2550 3752 2741 3808 Nonne
2762 3755 3003 3809 sicutlac
3025 3757 3263 3811 mulsisti
3278 3772 3385 3817 me.

1807 3848 1987 3918 inquit
2013 3846 2137 3910 Job,
2166 3853 2220 3898 et
2252 3846 2397 3900 sicut
2443 3859 2664 3900 caseum
2693 3860 2779 3900 me
2808 3846 3151 3915 coagulasti?
3209 3846 3387 3901 Vitam

1805 3945 2183 3996 transeuntem
2208 3944 2263 3991 et
2292 3936 2577 3991 mutationi
2610 3936 2903 3991 obnoxiam
2934 3952 3121 4003 curro,
3162 3956 3274 3995 non
3294 3941 3393 3995 dc-

1805 4032 1964 4087 cebat
1993 4044 2125 4086 sane
2155 4044 2223 4083 ex
2256 4038 2451 4083 natura
2482 4028 2880 4083 immutabilem
2917 4043 3005 4083 me
3042 4030 3185 4085 sicut
3216 4029 3387 4087 Deum

1759 4186 1766 4195 .
1805 4122 1975 4175 vitam
2008 4127 2064 4173 et
2088 4117 2399 4173 onmimode
2426 4115 2839 4186 impeccabilem
2874 4115 3097 4171 ducere.
3138 4136 3155 4168 ι
3188 4118 3243 4170 Si
3276 4134 3387 4173 non

1808 4225 1892 4268 est
1927 4212 2150 4266 omnino
2177 4209 2384 4263 nitidus
2427 4208 2687 4279 spiritus.
2718 4207 2813 4261 sed
2853 4217 2909 4262 et
2954 4207 3324 4276 intermistus;
3367 4231 3386 4262 ι

1812 4302 1869 4357 Si
1903 4302 1954 4355 id
1991 4315 2176 4354 verum
2207 4308 2312 4361 est,
2349 4298 2546 4367 inquit,
2580 4298 2625 4351 si
2654 4296 2943 4367 allegorice
2980 4314 3147 4368 supra
3192 4301 3390 4356 allatus

1812 4396 2001 4456 vivus,
2050 4392 2261 4446 scilicet
2309 4391 2419 4443 vita
2466 4404 2568 4443 nec
2620 4388 2791 4442 nitida
2846 4404 2945 4444 nec
2998 4391 3221 4447 omnino
3268 4406 3387 4463 pro-

1813 4488 1939 4541 bata
1971 4494 2026 4540 et
2063 4500 2219 4555 pura,
2252 4482 2348 4539 sed
2384 4481 2586 4535 malitia
2619 4480 2882 4536 miscetur
2924 4490 2980 4538 et
3026 4482 3287 4548 inﬁcitur,
3336 4494 3391 4537 et

1815 4576 2125 4633 inordinate
2172 4573 2433 4637 findatur,
2472 4570 2606 4626 illud
2654 4572 2934 4641 quomodo
2979 4582 3129 4629 esset
3171 4575 3346 4629 virtus
3368 4579 3389 4627 ’ξ

1810 4666 2055 4737 Agedum
2090 4664 2179 4719 dic
2232 4662 2387 4726 mihi,
2436 4662 2617 4731 inquit
2657 4662 2900 4732 sapiens,
2956 4666 3240 4733 iustumne
3306 4676 3393 4723 est

1812 4760 1973 4816 istius
2002 4758 2149 4812 modi
2180 4757 2426 4811 habitum
2455 4770 2648 4811 vocare
2705 4757 3005 4813 virtutem?
3048 4759 3262 4815 Etenim
3307 4764 3390 4818 sic

1813 4869 1913 4923 ego
1948 4851 2148 4922 spiritu
2191 4865 2305 4906 rem
2345 4850 2592 4914 volvens,
2635 4865 2828 4921 puram
2880 4859 2936 4907 et
2978 4852 3390 4909 immaculatam

1813 4946 1982 5000 vitam
2024 4946 2079 4999 in
2107 4944 2329 4999 homine
2350 4941 2535 4999 videre
2560 4944 2653 5014 qui
2700 4958 2937 5014 nequeo,
2960 4944 3110 4999 unde
3127 4946 3390 5001 virtutem

1812 5039 2152 5092 nominarem
2181 5051 2303 5105 quze
2324 5035 2533 5091 malitia
2568 5036 2878 5092 miscetur?

112 5128 447 5199 θολούμενος
510 5129 794 5200 μολύνεται
845 5132 940 5185 καὶ
985 5131 1243 5201 ἀκόσμως
1302 5132 1748 5203 καταχραίνεται,
1802 5130 1919 5193 πῶς
1967 5130 2032 5183 ἀν
2082 5128 2169 5198 εἴη
2219 5127 2378 5182 τοῦτο
2423 5130 2625 5199 ἀρετὴς
2661 5129 2873 5200 Φράσον
2905 5128 2969 5201 δή
3008 5146 3119 5198 μοι,
3160 5130 3325 5200 φησὶν
3363 5130 3394 5183 6

113 5226 462 5296 σοφώτατος,
510 5226 561 5278 εἰ
596 5226 743 5290 ἄξιον
778 5226 877 5297 τὴν
912 5226 1056 5280 οὕτω
1085 5227 1434 5299 διακειμένην
1465 5228 1577 5294 ἕξιν
1616 5227 1801 5281 καλεῖν
1836 5227 2037 5296 ἀρετήν
2057 5242 2069 5254 ·
2100 5224 2194 5277 καὶ
2232 5225 2341 5295 γάρ
2372 5224 2525 5290 κάγὼ
2560 5218 2661 5277 ὧδε
2692 5226 2852 5277 κάκεῖ
2873 5222 2970 5275 τοῦ
2999 5223 3090 5277 νοῦ
3122 5224 3390 5293 περιελίσ-

113 5334 255 5378 σων,
293 5317 540 5387 καθαράν
569 5318 631 5370 τέ
665 5335 785 5372 τινα
819 5320 912 5371 καὶ
939 5321 1426 5391 ’ἀκραιφνεστάτην
1468 5322 1653 5390 βίωσιν
1704 5322 1759 5372 ἐν
1799 5316 2068 5388 ἀνθρώπῳ
2112 5318 2187 5387 μὴ
2236 5315 2532 5385 δυνάμενος
2580 5318 2727 5377 ἰδεῖν,
2784 5316 2994 5387 ἀπορῶ,
3046 5316 3165 5379 πῶς
3195 5318 3393 5386 ἀρετ-ην
3446 5342 3451 5349 -

111 5414 217 5482 τὴν
261 5408 550 5479 ἐπίμικτον
584 5411 719 5483 πρὸς
751 5413 946 5467 κακίαν
973 5414 1321 5485 ὀνομάσαιμι.

115 5521 188 5578 16
249 5522 465 5591 Ψυχρὴ
519 5524 634 5591 μὲν
684 5526 888 5591 χιόνος
938 5526 1123 5592 φύσις
1160 5526 1389 5668 ξπῆἒῗς
1438 5525 1706 5607 ἀργυφέη

1186 5612 1246 5649 τε
1400 5636 1415 5660 ,
1441 5613 1565 5649 κ.τ.
1587 5616 1635 5648 ι..

1186 5612 1246 5649 τε
1278 5612 1415 5660 (ευ),
1441 5613 1565 5649 κ.τ.
1587 5616 1635 5648 ι..

194 5680 360 5748 οἶδα,
392 5689 556 5758 φησιν
599 5690 627 5741 6
676 5689 817 5753 θεῖος
856 5691 965 5744 τῶν
1005 5690 1183 5762 ἐργῶν
1233 5691 1371 5746 Θεοῦ
1418 5691 1709 5762 ἐξηγητὴς,

196 5815 317 5889 (25)
358 5818 493 5873 Cod.
529 5821 718 5886 ἐοικὼς
751 5832 803 5876 et
841 5823 1008 5894 μεθῶ.

383 5948 401 5967 ν
420 5936 690 5997 Ριτιιοι..
730 5939 819 5998 Gs
887 5937 1205 6001 XXXVIII.

1890 5522 1956 5575 16
1977 5520 2198 5591 Frigida
2231 5524 2440 5590 quidem
2466 5522 2547 5575 μετ’
2572 5527 2704 5577 nivis
2726 5534 2921 5589 natura
2942 5534 2990 5578 et
3013 5524 3392 5586 candida,etC.

1890 5685 2010 5750 Sic,
2060 5688 2136 5740 ait
2186 5688 2347 5740 divus
2393 5703 2619 5757 operum
2667 5687 2758 5743 Dei
2801 5690 3095 5757 interpres,
3142 5686 3396 5759 frigidam

1889 5825 2003 5895 (26)
2042 5824 2230 5881 Billius
2264 5827 2504 5901 ἀργυρέη
2542 5845 2623 5881 τε.
2655 5826 2755 5884 Sed
2787 5829 3037 5899 ἀργυφέη
3070 5827 3394 5883 vocabulum

3004 5938 3077 6000 ‘23
