4010 6298
588 413 693 469 716

586 535 725 591 nivis
757 541 1006 589 naturam
1028 544 1082 588 et
1116 534 1316 596 albam,
1352 533 1493 603 ignis
1531 547 1658 586 vero
1698 531 2062 587 rubicundam
2103 543 2157 587 et

576 626 887 690 ardentem,
929 639 1162 694 quorum
1193 624 1459 693 Opposita
1501 623 1794 692 qualitates
1814 624 1896 677 sic
1932 623 2158 676 omnino

582 716 749 770 mistu
802 714 1186 783 impossibiles,
1237 723 1296 766 ut
1343 714 1438 782 qui
1479 721 1773 768 conaretur
1818 714 1996 783 ignem
2033 713 2158 767 nive

583 805 928 875 refrigerare,
954 811 1046 857 aut
1071 804 1250 857 nivem
1278 803 1401 872 igne
1431 802 1749 865 calefacere,
1769 802 1882 856 haec
1909 802 2059 871 prius
2074 801 2160 857 de-

583 905 822 950 strueret
853 911 1015 967 quam
1038 896 1304 950 misceret
1335 913 1350 949 :
1383 895 1656 965 quomodo
1674 903 1854 949 autem
1881 896 1934 949 in
1956 898 2155 964 optima

582 986 868 1057 turpitudo
900 987 1205 1055 penetravit
1225 987 1258 1038 l.
1299 986 1580 1056 quomodo
1610 1001 1775 1053 super
1811 986 2009 1040 virtute
2038 999 2158 1039 cre-

581 1078 661 1130 vit
692 1074 938 1130 malitia?
964 1072 1240 1146 quomodo
1273 1074 1329 1128 in
1360 1074 1656 1145 imaginem
1686 1073 1870 1142 magni
1912 1073 2004 1128 Dei
2047 1089 2157 1126 ms-

583 1169 670 1225 lus
703 1170 833 1224 boni
871 1170 1112 1224 imitator
1149 1182 1312 1223 error
1343 1167 1651 1222 infunditur
1683 1174 1740 1222 et
1777 1166 2010 1222 dedecus
2050 1167 2154 1220 im-

582 1262 782 1315 miscet
827 1267 990 1330 atque
1032 1258 1380 1313 fmditatem?
1427 1256 1566 1312 Vere
1609 1274 1704 1326 per
1753 1257 2005 1311 virtutem
2055 1271 2156 1325 ego

580 1349 724 1404 Deus
749 1364 873 1405 esse
900 1347 1084 1417 cupio,
1107 1357 1161 1400 et
1185 1361 1312 1416 pars
1329 1353 1422 1399 tua
1445 1353 1498 1400 et
1533 1345 1825 1399 haereditas
1844 1356 1956 1403 tua.
1989 1342 2152 1398 Deus.

580 1438 770 1495 Multis
812 1442 876 1495 de
907 1439 1009 1493 hoc
1049 1437 1455 1493 disserentibus
1506 1452 1691 1506 quaero
1729 1444 1783 1490 et
1834 1435 2032 1489 audio:
2061 1436 2155 1488 Al-

583 1532 774 1600 phaus
813 1530 904 1583 ille
935 1545 999 1583 ex
1037 1527 1272 1581 Arcadia
1331 1529 1385 1581 in
1441 1525 1685 1580 Siciliam
1725 1534 1906 1579 manat
1953 1524 2152 1579 ﬂumen

581 1638 676 1693 per
710 1636 926 1676 amaros
955 1619 1124 1675 maris
1148 1619 1348 1674 ﬂuctus
1387 1627 1735 1673 transmeans
1761 1618 1946 1672 dulces
1982 1631 2152 1685 aquas

580 1730 732 1776 suas,
763 1713 965 1783 quibus
1011 1711 1065 1765 in
1095 1710 1330 1764 transitu
1379 1709 1460 1764 sal
1503 1709 1669 1762 maris
1700 1722 1809 1761 non
1857 1707 2147 1772 miscetur;

577 1811 634 1858 et
665 1804 767 1858 hoc
796 1802 1103 1856 mirandum
1136 1801 1310 1866 valde,
1342 1799 1540 1869 inquit,
1563 1809 1616 1853 et
1638 1798 2149 1868 stupendum,quod

576 1910 688 1949 non
706 1893 985 1948 alteratam
1002 1907 1103 1946 nec
1126 1900 1440 1960 corruptam
1471 1890 1811 1944 dulcedinem
1831 1905 1983 1943 suam
2001 1890 2154 1958 traji-

576 1987 706 2042 ciat.
747 1983 921 2038 Porro
955 1983 1100 2052 quod
1145 1983 1283 2037 salis
1331 1997 1495 2051 sapor
1533 1983 1598 2036 ad
1642 1982 1824 2045 dulcia
1860 1996 2148 2051 aquarum,

568 2077 719 2146 quod
759 2076 870 2131 aeri
898 2074 1092 2128 nebula
1128 2087 1156 2125 a
1181 2081 1328 2126 terra
1361 2087 1420 2127 se
1446 2072 1720 2136 attollens,
1751 2072 1900 2141 quod
1925 2082 2008 2126 est
2027 2087 2153 2126 cor-

575 2169 801 2239 poribus
832 2166 1079 2228 morbus,
1110 2164 1216 2219 hoc
1248 2164 1436 2217 virtuti
1469 2179 1577 2218 nox
1602 2165 1811 2234 peccati
1838 2181 1854 2232 ;
1900 2162 2144 2218 dedecus

574 2273 768 2327 nempe
814 2266 868 2311 et
920 2255 1218 2324 ignominia
1263 2261 1367 2308 est.
1419 2252 1575 2324 Saepe
1608 2270 1804 2309 manus
1854 2255 2145 2309 tendebam

573 2364 795 2404 sursum
825 2348 1098 2419 supplices
1123 2346 1177 2400 in
1214 2348 1464 2402 oratione
1499 2347 1582 2402 vel
1612 2347 1781 2402 animi
1821 2358 2000 2402 motus
2034 2348 2150 2399 cla.

573 2449 659 2494 tos
682 2440 749 2494 ad
785 2440 984 2494 celum
1015 2446 1068 2492 et
1096 2437 1165 2492 ad
1194 2437 1556 2502 Altissimum,
1584 2449 1638 2493 et
1665 2438 2026 2491 humanarum
2057 2452 2144 2491 re-

570 2547 693 2586 rum
723 2531 984 2600 cogitatio
1008 2528 1678 2614 superveniensoretraxit
1720 2535 1773 2580 et
1819 2526 1975 2581 humi
2020 2542 2149 2596 pro-

563 2621 721 2689 jecit.
753 2621 926 2672 Aliter
969 2632 1194 2672 rursum
1239 2617 1426 2670 divina
1459 2614 1653 2670 videns
1698 2614 2014 2668 Divinitatis
2057 2630 2152 2668 su-

567 2711 949 2783 perfulgentis,
1001 2723 1194 2777 puram
1261 2707 1554 2761 scintillam
1598 2704 2150 2770 mihi,dixit,illumi-

576 2813 797 2858 nantem
830 2801 1030 2855 nubem
1071 2813 1194 2869 qua:
1232 2797 1455 2853 aliunde
1496 2795 1838 2867 supervenit,
1878 2803 1932 2849 et
1975 2794 2152 2865 pessi-

572 2911 676 2949 me
705 2893 941 2948 tenebrae
970 2889 1344 2960 splendentem
1380 2889 1557 2943 lucem
1595 2887 1904 2956 reiecerunt
1938 2893 1992 2941 et
2017 2900 2150 2940 con-

571 2985 853 3053 templatio
881 2983 1010 3036 boni
1045 2996 1110 3035 ex
1140 2979 1317 3034 oculis
1338 2978 1572 3049 aufugit,
1590 2977 1670 3032 sic
1694 2991 1764 3031 ex
1794 2975 2027 3031 adverso
2053 2989 2148 3029 ve-

564 3079 808 3132 nientem
865 3075 1048 3130 subito
1079 3071 1306 3125 avolans
1354 3053 1442 3124 me
1483 3068 1718 3122 deficere
1737 3065 1865 3130 fecit
1900 3074 1956 3121 et
1994 3080 2141 3119 com-

567 3169 757 3240 primi.
789 3181 912 3220 nam
949 3166 1054 3218 hoc
1084 3159 1361 3232 signiﬁcat
1384 3157 1612 3223 ιδάϊξεν,
1633 3158 1948 3227 discerpsit.
1973 3177 1993 3209 ‹
2014 3157 2147 3224 Quae

568 3256 1053 3322 mmulatio-,»qua2
1086 3265 1256 3305 causa
1301 3242 1468 3317 huius
1509 3247 1786 3302 contrarii
1825 3258 2055 3303 eventus
2090 3256 2146 3302 et

567 3347 845 3401 discessus
874 3341 1037 3398 boni?
1079 3359 1097 3392 ι
1122 3340 1220 3408 νει
1257 3337 1555 3394 desiderari
1592 3351 1807 3406 semper
1831 3335 1962 3390 mihi
1984 3353 2030 3395 ,ι
2091 3343 2146 3390 et

572 3454 689 3507 seq.
723 3437 1072 3504 Interrogans
1105 3446 1225 3502 quae
1257 3444 1422 3485 causa
1455 3430 1734 3484 discessus
1764 3427 1892 3482 boni
1933 3434 1986 3480 et
2017 3425 2146 3481 dim-

570 3531 794 3586 cultatis
819 3524 1144 3596 assequendi
1171 3524 1342 3593 ipsius
1365 3522 1638 3576 notionem
1667 3519 1900 3589 primum
1926 3517 2145 3588 quidem

572 3621 780 3677 inducit
813 3618 959 3689 quod
985 3617 1053 3672 ob
1085 3629 1393 3686 supremam
1423 3613 1708 3666 utilitatem
1728 3611 1974 3666 Divinum
1998 3625 2142 3666 sem-

574 3727 673 3783 per
706 3709 1007 3765 desiderari
1037 3707 1332 3768 desiderat,
1356 3705 1547 3759 sitiens
1589 3701 1737 3756 sitim
1767 3715 2066 3770 provocare
2092 3708 2147 3754 et

571 3811 757 3875 potum
793 3801 1039 3871 praebens
1087 3799 1172 3852 his
1204 3799 1298 3868 qui
1333 3795 1400 3850 ad
1443 3794 1739 3848 bibendum
1784 3802 2035 3849 currunt.
2080 3791 2146 3846 Et

572 3887 708 3946 illud
735 3886 879 3958 ἐμοί,
927 3885 1212 3947 mihi,loco
1241 3882 1410 3947 illius,
1453 3880 1756 3936 secundum
1791 3895 1965 3936 meam
2012 3895 2143 3935 sen-

573 3981 795 4037 tentiam
846 3978 1082 4049 explicat
1115 3973 1279 4032 :Haec
1330 3983 1434 4040 est,
1487 3974 1683 4044 inquit,
1736 3974 1820 4029 lex
1865 3973 2141 4028 hominis:

573 4071 1032 4144 quemadmodum
1056 4077 1208 4140 pater
1239 4066 1455 4137 semper
1492 4067 1646 4136 diligi
1699 4074 1754 4122 et
1784 4068 2057 4121 amantius
2114 4079 2145 4119 a

569 4165 701 4219 ﬁliis
720 4162 838 4218 suis
866 4162 1070 4232 requiri
1093 4160 1366 4224 desiderat
1395 4166 1450 4213 et
1482 4166 1724 4228 exoptat,
1771 4158 1854 4212 sic
1886 4168 1939 4213 et
1960 4157 2145 4212 excel-

567 4257 775 4311 lentius
819 4255 1095 4310 hominum
1124 4254 1334 4306 an’iatur
1358 4249 1505 4307 Deus
1529 4267 1544 4317 ;
1589 4251 1722 4320 quin
1751 4257 1805 4306 et
1829 4249 1943 4319 jam
1984 4249 2146 4305 nobis

568 4347 747 4417 magis
780 4344 998 4416 expedit
1024 4354 1078 4398 et
1109 4343 1304 4398 melius
1319 4342 1398 4424 fit,
1421 4342 1466 4397 si
1492 4357 1592 4396 nec
1613 4341 1716 4396 sub
1744 4342 1996 4397 manibus
2018 4357 2144 4396 suc-

573 4438 791 4502 cedens,
851 4451 952 4493 nec
1006 4433 1186 4490 facilis
1236 4435 1310 4489 sit
1361 4433 1930 4503 incomprehensibilis
1978 4434 2141 4489 visio.

570 4529 707 4584 Nam
739 4529 817 4583 sic
846 4527 914 4581 ab
943 4526 1177 4580 alumnis
1222 4539 1332 4579 non
1358 4525 1520 4595 digne
1549 4539 1649 4578 nec
1697 4538 1792 4593 per
1831 4523 2032 4577 multas
2087 4523 2144 4577 in

573 4626 792 4679 virtutis
812 4622 1156 4678 assecutione
1195 4618 1544 4690 fatigationes
1573 4619 1739 4674 nimis
1780 4618 2013 4674 faciliter
2059 4619 2148 4673 in-

570 4721 818 4784 structis,
851 4727 1105 4788 tanquam
1129 4716 1197 4770 ab
1225 4714 1460 4782 indignis
1484 4714 1662 4785 gratia
1683 4720 1991 4785 contempta
2018 4729 2151 4769 avo-

573 4817 726 4873 labit.

1944 410 2238 468 NICETAS
2277 410 2478 466 DAVID

3725 414 3827 474 πο

2259 534 2474 603 ψυχράν
2506 550 2563 586 τε
2609 528 2775 586 οὖσαν
2820 533 2919 603 τὴν
2947 534 3045 605 τῆς
3077 533 3252 603 χιόνος
3281 533 3439 603 φύσιν
3479 537 3573 588 καὶ
3615 537 3820 607 λευκήν,

2261 626 2458 697 ξανθὴν
2491 626 2548 678 δὲ
2574 625 2673 696 τὴν
2697 625 2792 678 τοῦ
2821 627 2991 695 πυρὸς
3028 627 3120 678 καὶ
3153 626 3380 696 θερμὴν,
3427 631 3516 680 καὶ
3547 628 3646 693 τάς
3678 643 3818 683 εναν-

2259 719 2379 780 τίας
2416 721 2473 771 ὲν
2507 716 2715 779 τούτοις
2749 718 3039 786 ποιότητας
3085 718 3227 771 οὕτω
3271 718 3546 783 παντελῶς
3594 723 3818 790 ἀμιγεῖς,

2259 807 2334 869 ὡς
2367 806 2423 859 εἷ·
2445 824 2527 870 τις
2574 806 2820 876 βιάσαιτο
2871 807 3143 879 ψυχράναι
3189 811 3287 878 μὲν
3336 810 3395 862 τὸ
3438 811 3550 879 πῦρ
3576 816 3642 882 τῇ
3670 814 3817 882 χιόνι,

2260 899 2526 971 θερμάναι
2557 899 2613 952 δὲ
2659 899 2759 969 τὴν
2806 900 2958 970 χιόνα
2990 900 3068 970 τῷ
3111 902 3264 970 πυρὶ,
3301 901 3527 972 λυθῆναι
3568 907 3824 974 πρότερον

2256 989 2472 1061 ταῦταῆ
2503 990 2726 1059 μιγῆναι
2746 1008 2761 1022 ο
2794 991 2910 1053 πῶς
2936 991 2991 1043 δὲ
3021 989 3100 1061 τῷ
3131 991 3391 1045 κάλλειτὸ
3425 990 3612 1063 αἷσχος
3643 996 3822 1046 ἐπεισ-

2255 1078 2451 1149 ῆλθεν;
2501 1079 2618 1143 πῶς
2661 1082 2726 1151 τῇ
2755 1081 2922 1150 ἀρετῇ
2957 1081 2990 1150 ή
3024 1081 3190 1133 κακία
3234 1079 3478 1150 tueatur};
3522 1081 3642 1143 πῶς
3675 1082 3728 1135 δὲ
3755 1083 3820 1152 τῇ

2255 1169 2349 1221 τοῦ
2410 1171 2645 1238 μεγάλου
2715 1169 2849 1222 Θεοῦ
2913 1171 3083 1223 εικόνι
3140 1172 3173 1240 ή
3227 1170 3528 1241 κακόζηλος
3580 1172 3822 1242 ἁμαρτὰς

2256 1261 2690 1314 ὲπεισπίπτουσα
2711 1263 2895 1331 ἀτιμοῖ
2921 1262 3015 1314 καὶ
3046 1263 3412 1332 καταισχύνει,
3439 1264 3598 1336 εἴπερ
3618 1264 3823 1334 ἀληθῶς

2253 1350 2323 1403 δι’
2353 1349 2554 1419 ἀρετῆς
2582 1349 2756 1418 ἔγωγε
2783 1349 2916 1414 Θεὸς
2944 1352 3037 1404 καὶ
3068 1351 3158 1416 σὸς
3185 1353 3386 1423 κλῆρος
3418 1352 3650 1423 εὗχομαι
3690 1351 3820 1408 εἶναι

2255 1441 2349 1494 καὶ
2387 1440 2750 1512 κληρονομία;
2805 1441 3150 1513 Πυνθάνομαι
3197 1444 3406 1496 πολλῶν
3449 1444 3821 1515 ἐξηγουμένων

2253 1529 2487 1592 ἀκούων,
2516 1530 2591 1592 ὼς
2619 1529 2726 1601 ἀρα
2764 1531 3006 1599 ’Δλφειὸς
3046 1533 3251 1595 ἐκεῖνος
3275 1534 3304 1585 ό
3331 1531 3391 1597 ἐξ
3427 1533 3714 1603 Ἀρκαδίας
3734 1535 3822 1586 ἐπὶ

2251 1619 2353 1688 τὴν
2379 1617 2629 1672 Σικελίαν
2659 1619 2796 1688 ῥέων
2825 1619 3066 1688 ποταμὸς
3099 1621 3190 1672 ἐπὶ
3225 1619 3359 1674 πολὺ
3385 1621 3482 1691 τῆς
3509 1623 3712 1692 πικρᾶς
3732 1620 3824 1674 θα-

2253 1707 2458 1777 λάσσης
2509 1709 2568 1760 τὸ
2609 1707 2780 1776 γλυκὺ
2826 1707 3004 1778 ῥεῦμα
3047 1706 3142 1760 τοῦ
3189 1709 3428 1778 νάματος
3473 1711 3822 1778 ἀνεπίμικτον

2253 1802 2352 1870 τῆς
2393 1800 2683 1865 θαλαττίας
2713 1800 2892 1871 ἅλμης
2919 1801 3256 1855 διεκϐάλλει·
3288 1803 3381 1855 καὶ⁵
3423 1802 3580 1854 τοῦτο
3622 1787 3820 1872 θαῦμα,

2254 1893 2406 1964 φησὶ,
2438 1892 2581 1962 μέγα
2614 1893 2707 1944 καὶ
2739 1890 3021 1960 ἔκπληξις,
3049 1892 3208 1963 εἷπερ
3235 1891 3511 1962 ἀλὼὁητον
3535 1891 3702 1946 αὐτοῦ
3729 1891 3824 1962 τὴν

2251 1984 2561 2055 γλυκύτητα
2588 1974 2682 2037 καὶ
2710 1983 3032 2054 ἀνύσριστον
3059 1983 3323 2054 διεκπερᾷ
3343 2000 3356 2015 ⁸
3386 1985 3462 2048 ὡς
3486 1984 3595 2055 γὰρ
3621 1986 3655 2054 ἡ
3682 1985 3821 2055 ἅλμη

2251 2075 2399 2145 λώϐη
2445 2077 2562 2128 ἐστὶ
2615 2076 2712 2146 τῆς
2762 2075 2856 2128 τοῦ
2905 2074 3094 2139 ὕδατος
3141 2075 3497 2146 γλυκύτητος,
3541 2074 3684 2128 οὕτω
3733 2073 3826 2128 τοῦ

2249 2167 2410 2232 ἀέρος
2460 2166 2558 2236 μὲν
2599 2167 2633 2237 ή
2679 2163 2922 2227 κάτωθεν
2955 2165 3064 2218 ἀπὸ
3100 2165 3205 2235 γῆς
3238 2166 3462 2219 ἀνιοῦσα
3500 2165 3687 2235 ἀχλὺς,
3720 2165 3826 2218 τῶν

2253 2255 2520 2326 σωμάτων
2571 2255 2628 2308 δὲ
2663 2256 2696 2326 ή
2737 2255 2911 2318 νόσος,
2960 2253 3061 2324 τῆς
3100 2254 3301 2326 ἀρετῆς
3340 2254 3396 2308 δὲ
3424 2254 3593 2325 αὐτῆς
3643 2257 3677 2323 ή
3731 2255 3827 2324 τῆς

2252 2345 2564 2417 ἀμαρτάδος
2609 2346 2705 2413 νὺξ
2759 2348 2951 2417 ἀτιμία
3003 2347 3100 2400 καὶ
3157 2346 3316 2418 ὕϐρις
3369 2347 3537 2400 ἐστίν.
3591 2346 3827 2401 nonam

2248 2438 2444 2507 ταρσὸν
2485 2439 2645 2511 ἀειρα
2690 2439 2825 2510 πρὸς
2872 2438 3066 2510 αἰθέρα
3099 2438 3133 2509 ἢ
3161 2439 3260 2509 τῆς
3302 2439 3481 2510 χειρὸς
3505 2438 3828 2503 ὲκπετάζων

2248 2527 2306 2579 ὲν
2325 2530 2392 2599 τῇ
2425 2532 2702 2600 προσευχῇ
2748 2531 2782 2600 ἢ
2827 2531 2894 2584 τά
2936 2530 3032 2583 τοῦ
3061 2530 3153 2584 νοῦ
3187 2531 3461 2599 κινήματα
3497 2529 3634 2600 πρὸς
3663 2531 3828 2600 οὐρα-

2248 2617 2337 2670 νὸν
2383 2617 2618 2686 ὑψοῦντα
2665 2619 2759 2673 καὶ⁵
2802 2619 2894 2674 τὸν
2925 2620 3219 2690 Ὕψιστον,
3265 2620 3485 2691 φροντὶς
3530 2635 3828 2690 παρεμπε-

2250 2709 2416 2763 σοῦσα
2442 2709 2551 2764 τῶν
2587 2710 2965 2782 ἀνθρωπίνων,
2997 2711 3353 2765 καθείλκυσεν
3397 2712 3491 2766 καὶ
3529 2710 3826 2766 κατέϐαλεν

2247 2799 2439 2871 χαμαί.
2493 2802 2716 2855 ’Δλλοτε
2761 2802 2922 2855 πάλιν
2969 2804 2999 2856 ό
3044 2801 3475 2866 θεοπτικὼτατος
3519 2803 3622 2874 τῆς
3656 2805 3827 2875 ὑπερ-

2247 2892 2416 2962 φαοῦς
2462 2891 2714 2964 θεότητος
2757 2894 3000 2964 καθαράν
3058 2912 3170 2966 μοι,
3219 2895 3361 2966 ἔφη,
3401 2897 3829 2968 καταυγασάσης

2245 2982 2586 3054 λαμπηδόνα,
2620 2984 2780 3054 νέφος
2815 2985 3188 3058 ὲπεισφρῆσάν
3220 2983 3383 3040 ποθεν
3428 2987 3525 3040 καὶ
3568 2987 3831 3053 κάκιστος

2251 3071 2410 3142 ζόφος
2438 3072 2653 3142 διέκοψε
2686 3073 2786 3145 τὴν
2830 3073 3094 3145 ιλλαμψιν
3118 3089 3133 3104 ⁸
3172 3075 3266 3128 καὶ
3294 3077 3328 3146 ή
3365 3074 3466 3145 μὲν
3497 3075 3593 3128 τοῦ
3619 3075 3830 3145 ἀγαθοῦ

2249 3165 2450 3236 θεωρία
2486 3165 2546 3234 ἐξ
2585 3166 2878 3237 ὀφθαλμῶν
2920 3166 3186 3238 ἀπῆλθεν,
3216 3161 3318 3221 ὧδε
3367 3168 3477 3240 (27)
3532 3169 3834 3238 προσιόντα

2247 3255 2429 3327 διέδρα
2458 3257 2613 3324 ἄφνω
2641 3257 2934 3312 ἀποπτᾶσα
2962 3257 3260 3313 ἀπέκναισέ
3289 3275 3379 3329 με,
3402 3244 3697 3329 merome
3726 3276 3830 3330 με·

2245 3347 2405 3400 τοῦτο
2431 3348 2539 3420 γάρ
2566 3347 2648 3411 τὸ,
2684 3347 2910 3415 ὲδάἶξεν.

2960 3438 3123 3510 Τίςίδ
3155 3440 3420 3510 φθόνοςς

2319 3509 2468 3578 Τίςή
2503 3507 2651 3562 alsia
2681 3507 2781 3587 τῆς
2807 3507 2901 3561 τοῦ
2929 3509 3094 3564 καλοῦ
3129 3507 3382 3576 asscita;
3412 3511 3506 3564 καὶ
3527 3509 3838 3582 ἀπολισθή-

2251 3595 2390 3642 πως
2411 3621 2426 3644 ν
2741 3651 2810 3704 ‘H
2839 3648 3157 3705 ποθέεσθαι

2317 3718 2460 3773 Aur
2490 3719 2642 3788 ἐμοί,
2674 3736 2730 3776 κ.
2763 3736 2814 3774 τ.
2850 3718 2929 3784 ἐξ.

2317 3810 2628 3881 Πυθόμενος
2672 3811 2756 3875 τίς
2795 3812 2830 3882 ή
2867 3810 3014 3864 αἰτία
3039 3810 3139 3881 τῆς
3168 3809 3263 3864 τοῦ
3295 3809 3502 3879 ἀγαθοῦ
3541 3808 3844 3880 ἀτωφυγῆς

2247 3902 2342 3955 καὶ
2379 3901 2473 3955 τοῦ
2515 3902 2817 3972 δύσληπτον
2850 3901 2948 3973 τὴν
2993 3901 3162 3956 αὐτοῦ
3210 3901 3542 3957 καθεστάναι
3571 3900 3842 3973 θεωρίαν,

2247 3993 2462 4065 πρῶτον
2498 3996 2598 4066 μὲν
2627 3995 2907 4065 ἐπήγαγεν
2936 3993 3012 4058 ὡς
3056 3992 3323 4066 ὑπερϐολῇ
3373 3993 3751 4064 χρηστότητος
3779 3993 3847 4045 τὸ

2247 4083 2424 4148 Θεῐον,
2451 4085 2540 4138 ἀεὶ
2584 4082 2865 4137 ποθεῖσθαι
2910 4083 3086 4149 ποθεῖ,
3137 4081 3305 4152 διψῶν
3339 4081 3400 4135 τὺ
3436 4081 3703 4151 διψᾶσθαι
3741 4084 3846 4136 καὶ

2249 4174 2468 4240 ποτίζον
2525 4177 2652 4240 τοὺς
2705 4179 2846 4230 πιεῖν
2895 4175 3366 4247 προστρέχοντας·
3423 4175 3485 4228 τὸ
3529 4174 3620 4236 δὲ,
3674 4176 3844 4245 ἐμοὶ,

2248 4265 2370 4319 ἀντὶ
2394 4263 2510 4328 τοῦ,
2543 4265 2685 4318 κατά
2706 4265 2803 4334 τὴν
2825 4266 2963 4336 ἐμὴν
2985 4264 3186 4337 κρίσιν,
3223 4263 3392 4335 δηλοῖ·
3407 4261 3576 4316 Τοῦτο
3586 4263 3664 4325 δὲ,
3681 4266 3852 4335 φησὶ,

2250 4355 2346 4408 καὶ
2390 4353 2677 4426 ἀνθρώπου
2706 4355 2865 4426 νόμος
2892 4353 3040 4408 ἐστίν
3060 4371 3074 4385 ο
3108 4353 3184 4417 ὡς
3221 4354 3329 4423 γὰρ
3363 4351 3546 4424 πατὴρ
3576 4353 3665 4405 ἀεὶ
3695 4354 3851 4419 ἀγα-

2253 4445 2456 4501 πᾶσθαι
2486 4446 2581 4500 καὶ
2613 4445 2890 4518 ζητεῖσθαι
2920 4445 3057 4518 πρὸς
3082 4443 3192 4499 τῶν
3216 4443 3380 4497 αὐτοῦ
3406 4444 3643 4511 ἐκγόνων
3681 4442 3852 4497 ποθεῖ

2253 4538 2350 4591 καὶ
2396 4538 2638 4604 ἀπαιτεῖ,
2665 4534 2808 4591 οὕτω
2855 4538 2948 4590 καὶ⁸
2985 4538 3014 4590 ό
3054 4535 3418 4608 διαφερόντως
3452 4532 3849 4602 φιλάνθρωπος

2257 4630 2420 4693 Θεόςο
2471 4631 2603 4684 αὐτὸ
2649 4630 2706 4684 δὲ
2751 4628 2910 4683 τοῦτο
2960 4629 3053 4682 καὶ
3085 4629 3216 4699 ήμῖν
3267 4624 3711 4694 λυσιτελέστερον
3747 4624 3851 4676 καὶ

2257 4724 2502 4793 κρεῖττον
2543 4715 2702 4785 εἶναι,
2733 4721 2808 4792 μὴ
2840 4720 3146 4792 προχείρως
3177 4718 3309 4789 μηδὲ
3342 4720 3514 4790 ῥᾷστα
3552 4714 3852 4770 καταθεω-

2263 4814 2372 4884 ρεῖν
2392 4811 2483 4866 τδν
2509 4812 2888 4884 ἀκατάληπτον
2906 4828 2922 4842 ο
2954 4809 3098 4865 οὕτω
3127 4809 3237 4882 γάρ
3265 4809 3374 4864 τῶν
3406 4808 3480 4879 μὴ
3499 4807 3665 4873 ἀξίως
3700 4805 3855 4878 μηδὲ

569 4910 660 4964 διά
715 4907 923 4964 πολλῶν
975 4906 1083 4960 τῶν
1134 4905 1273 4976 ὐπὶρ
1328 4906 1528 4978 ἀρετῆς
1585 4905 1763 4959 πόνων
1812 4894 2463 4978 προπεπαιδευ[ο]μένῶν,
2510 4909 2638 4980 ῥᾷον
2684 4908 2762 4971 ὡς
2806 4907 3041 4971 ἀναξίων
3079 4907 3113 4976 ή
3159 4905 3320 4976 χάρις
3359 4899 3857 4972 καταφρονηθεϊσα

568 5005 961 5074 ἀποστήσεται.

571 5115 641 5169 55
729 5112 846 5166 Hoc
897 5127 1119 5182 namque
1143 5109 1332 5182 stabile
1354 5119 1453 5173 est,
1485 5111 1538 5162 in
1568 5127 1668 5181 quo
1700 5126 1843 5165 mens
1871 5111 2096 5164 "nullum

1146 5180 1427 5241 laboravit,
1455 5189 1563 5234 etc.

642 5289 800 5346 Dicto
825 5288 972 5360 quod
1019 5289 1139 5344 viro
1178 5288 1372 5344 melius
1427 5289 1519 5351 sit,
1572 5289 1616 5343 si
1646 5289 1817 5343 multo
1861 5287 2044 5342 labore
2076 5287 2144 5340 ad

563 5383 701 5438 boni
730 5381 1436 5444 considerationem,multo
1459 5379 1650 5434 labore
1683 5379 1750 5433 ad
1769 5378 2147 5434 conservatio-

574 5489 694 5530 nem
749 5467 1021 5539 deveniat,
1061 5487 1285 5527 causam
1339 5473 1524 5528 statim
1576 5472 1849 5541 exposuit,
1900 5471 2138 5526 dicens:

575 5730 660 5777 est
715 5717 1096 5786 Homericum;
1139 5732 1281 5786 saepe
1326 5714 1654 5786 autentth
1701 5710 2140 5786 νότῳ-σοιέμο-

576 5798 800 5852 nuntur,
834 5805 884 5841 v.
915 5779 1131 5850 Jacobs,
1165 5779 1232 5840 ad
1259 5783 1469 5840 Ant/uol.
1507 5782 1691 5838 Palat.
1723 5784 1775 5846 ὅ,
1807 5783 1917 5852 6οθ
1935 5800 1949 5843 ;
1983 5779 2138 5852 Wer-

573 5857 725 5914 niclt.
763 5858 831 5914 ad
863 5855 1162 5928 Tryphiod.
1193 5855 1278 5923 75,
1314 5853 1408 5927 qui
1453 5854 1621 5909 alium
1671 5854 1849 5911 locum
1882 5851 2134 5923 Gregorii

2251 5112 2328 5166 55
2368 5109 2547 5164 Τοῦτο
2574 5106 2684 5178 γὰρ
2713 5105 2974 5176 ἔμπεδόν
3004 5105 3196 5169 ἐστιν,
3225 5103 3257 5158 δ
3280 5102 3429 5171 νοῦς
3459 5102 3622 5172 κάμε,
3643 5119 3705 5156 κ.
3723 5119 3781 5156 τ.
3799 5103 3852 5156 λ.

2322 5285 2508 5339 Είπὼν
2540 5286 2622 5338 ὅτι
2657 5283 2867 5355 βέλτιόν
2906 5287 3052 5338 ἐστιν
3080 5283 3233 5354 ἀνδρὶ⁴
3261 5281 3416 5350 κόπῳ
3450 5280 3548 5350 μὲν
3569 5279 3670 5350 τήν
3695 5277 3854 5333 θεω-

2257 5377 2376 5448 ρίαν
2408 5367 2592 5429 λαϐεῐν
2638 5375 2731 5428 τοῦ
2769 5373 2996 5443 ἀγαθοῦ,
3037 5374 3190 5444 κόπῳ
3226 5371 3283 5425 δὲ
3315 5369 3565 5440 φυλάξαι,
3600 5371 3704 5440 τὴν
3757 5373 3856 5423 αἱ-

2251 5468 2371 5522 τίαν
2403 5469 2678 5540 ἐπήγαγεν
2700 5467 2883 5532 εὐθὺς,
2903 5465 3061 5520 τοῦτο
3090 5466 3286 5535 λέγων,
3304 5466 3576 5543 Ἔμπεδόν
3589 5468 3736 5531 ἐστι,
3755 5461 3856 5534 βέ-

2255 5706 2581 5761 Nazianzeni
2621 5703 2948 5766 emendavit,
3005 5711 3060 5759 et
3102 5701 3401 5760 Wellauer.
3454 5699 3524 5757 ad
3572 5699 3854 5771 Apollon.

2245 5776 2425 5831 Rhod.
2460 5791 2542 5840 HI,
2577 5775 2713 5840 835;
2748 5788 2821 5843 tv,
2851 5774 2977 5830 474.

2317 5848 2428 5920 (27)
2461 5845 2598 5902 Cod.
2643 5844 2771 5902 ost.
