4010 6298
135 428 219 482 m
1113 418 1178 474 lN
1202 416 1508 473 CAMIlNA
1539 413 1820 470 sanans
1862 415 1918 468 ε.
1959 396 2303 470 οηεοοίιιι.

3230 405 3334 464 718

133 551 262 602 ϐαιον
300 545 392 600 καὶ
430 544 634 617 ἀραρὸς
678 544 772 596 καὶ
813 544 1036 614 μόνιμον
1083 542 1143 595 τὸ
1195 543 1330 611 μετά
1373 542 1532 594 πόνου
1579 540 1667 592 καὶ

1779 539 1994 596 "irmum
2010 546 2116 600 est,
2137 537 2332 591 stabile
2359 538 2515 589 decet
2544 541 2598 588 et
2626 541 2892 604 perstans.
2924 530 3065 600 quod
3106 545 3229 584 cum
3257 531 3334 582 la-

129 641 278 692 κόπου
313 635 654 706 προσκτήθὲν
684 633 874 703 τῷ,νῷ
922 634 1015 685 καὶ⁵
1060 631 1348 700 φυλαχθὲν,
1378 629 1565 698 ὥσπερ
1607 629 1670 679 τὸ

130 728 409 798 προχείρως
439 724 642 794 ληφθὲν
669 723 1138 794 εὐκαταφρόνητον
1165 722 1308 775 ἆπαν
1337 724 1429 774 καὶ
1469 720 1666 772 εὑαπό-

128 819 300 888 ϐλητον
329 816 666 869 καθίσταται.

592 910 856 964 Πολλάκι
883 909 934 960 δ’
967 904 1111 963 αὖτε

230 981 498 1044 Ἐσθλοῦ,
531 999 584 1035 κ.
615 997 664 1033 τ.
701 978 776 1043 ἐξ.

186 1077 434 1146 (28)Φασὶ
449 1077 537 1128 τὸν
555 1076 760 1134 λέοντα,
776 1077 834 1126 ὲν
849 1072 968 1144 ὥρα
991 1072 1266 1140 βαδίζοντα
1281 1073 1560 1142 χειμῶνος,
1580 1073 1671 1123 καὶ

127 1167 214 1227 τὰς
248 1164 356 1218 τῶν
399 1166 672 1235 θηρευτῶν
722 1165 992 1227 ἐπιθέσεις
1024 1166 1379 1234 διαφεύγοντα
1406 1207 1418 1228 ,
1447 1168 1529 1238 τῷ
1575 1167 1668 1217 οὑ-

131 1257 249 1327 ραίῳ
281 1257 350 1309 τὰ
395 1257 511 1327 ἴχνη
545 1255 652 1308 τῶν
683 1257 894 1308 οἰκείων
945 1255 1117 1309 ποδῶν
1172 1256 1556 1309 ὲπικαλύπτειν
1602 1259 1666 1326 τῇ

129 1347 248 1415 χιόνι
276 1364 290 1377 ⁸
321 1345 534 1399 τοιοῦτό
561 1364 613 1398 τι
643 1346 919 1399 κάνταῦθα
957 1346 1047 1398 τὸν
1090 1345 1332 1399 διάϐολον
1363 1347 1496 1416 δρᾷν
1525 1348 1553 1398 ό
1588 1345 1668 1397 δι-

126 1436 370 1500 δάσκαλός
391 1454 575 1507 φησιν,
601 1439 683 1490 ὄτι
715 1438 975 1500 πολλάκις
1006 1438 1210 1505 ἀγαθοῦ
1238 1439 1330 1491 καὶ
1355 1437 1526 1491 κακοῦ
1554 1437 1672 1490 διά-

126 1543 288 1596 κρισιν
343 1527 400 1577 ὲν
453 1526 658 1597 διανοίᾳ
710 1526 899 1597 ἀνδρὸς
950 1525 1202 1589 εὐσεϐοῦς
1250 1528 1616 1595 ὑπφανείσαν
1644 1529 1673 1579 6

138 1613 344 1685 Ἐχθρὸς
379 1615 729 1687 πανουργίαις
759 1617 879 1685 ἴχνη
912 1615 1114 1684 βάλλων
1140 1617 1226 1668 ἐπ’
1267 1617 1468 1684 ἴχνεσιν
1495 1616 1672 1686 ἠμαύ-

128 1719 272 1772 ρωσε,
321 1705 416 1756 καὶ
460 1703 767 1775 λογισμοῖς*
789 1705 1061 1776 σαρκίνοις
1094 1705 1232 1782 τοὺς⁸
1269 1708 1673 1776 πνευματικῶς

128 1795 413 1866 κακουργίᾳ
441 1795 1018 1866 παρακαλυπτόμενος,
1059 1797 1148 1848 τὸν
1179 1795 1274 1848 τοῦ
1309 1797 1513 1864 ἀγαθοῦ
1537 1797 1670 1850 θεωο

125 1883 206 1951 ρὸν
241 1885 526 1955 ἀποπλανᾷ
559 1901 572 1914 ο
592 1885 685 1937 καὶ
715 1887 747 1954 ἡ
779 1885 878 1955 μὲν
903 1884 1042 1957 σὰρξ,
1070 1886 1190 1955 ἐμοὶ
1221 1886 1361 1939 κατὰ
1381 1887 1478 1955 τὴν
1503 1889 1672 1957 αὑτῆς

122 1972 268 2040 φύσιν
291 1975 363 2026 τά
381 1975 477 2045 τῆς
500 1973 702 2044 σαρκὸς
725 1974 996 2044 ἐπιθυμεῖ,
1020 1976 1053 2044 ὴ
1080 1975 1264 2045 ἐντολή
1289 1976 1345 2028 δὲ
1374 1993 1670 2046 πνευματι-

119 2065 184 2135 κὴ
219 2062 348 2120 οὖσα
375 2066 443 2119 τὰ
483 2065 575 2119 τοῦ
613 2065 916 2134 πνεύματος
955 2066 1314 2135 ὑπαγορεύει,
1336 2068 1428 2119 καὶ
1469 2068 1529 2119 τὸ
1575 2069 1669 2121 τοῦ

119 2153 241 2207 θεοῦ
270 2155 480 2225 θέλημα
529 2153 956 2225 παρακελεύεται
997 2171 1010 2184 ’
1036 2154 1161 2208 ἄλλο
1187 2154 1232 2206 δ’
1266 2156 1294 2206 6
1322 2154 1512 2222 φθόνος
1543 2156 1674 2209 ὑπο-

119 2246 310 2300 τίθεται
332 2247 427 2302 τοῦ
452 2233 717 2317 Πονηροῦ,
734 2247 858 2300 ἄλλο
884 2246 928 2298 δ’
945 2245 1026 2297 ἔτι
1052 2245 1186 2315 πρὸς
1214 2249 1326 2308 τοῖς
1365 2247 1674 2316 εἰρημένοις

116 2337 250 2405 τρισὶ
282 2338 469 2406 νόμοις
501 2340 530 2390 6
555 2336 689 2390 αἰὼν
719 2338 811 2391 καὶ
833 2340 865 2406 ἡ
897 2335 1160 2405 πρόληψις
1189 2335 1282 2388 τοῦ
1328 2336 1672 2407 ἀνθρωπίνου

119 2425 400 2481 ὑποϐάλλει
438 2420 718 2497 λογισμοῦ.
760 2446 778 2478 ι
818 2428 996 2498 Ἐρδω
1036 2427 1080 2478 δ’
1125 2429 1153 2482 ὅ
1194 2427 1436 2495 στυγέω·
1485 2447 1503 2478 ι
1534 2427 1675 2481 καθά

117 2536 268 2588 φησιν
296 2520 327 2573 6
365 2519 682 2581 ’Λπόστολος
699 2536 711 2548 ο
733 2521 814 2571 Οὐ
841 2518 948 2585 γὰρ
968 2518 999 2570 ὃ
1018 2519 1169 2572 θέλω
1200 2518 1374 2571 τοῦτο
1401 2518 1672 2586 πράσσω,

113 2609 240 2664 ἀλλ’
276 2609 307 2663 6
335 2610 496 2679 μιστῶ
532 2609 705 2663 τοῦτο
745 2607 1041 2675 πολλάκις
1072 2610 1170 2662 καὶ
1196 2609 1343 2663 ποιῶ
1373 2627 1386 2639 ³
1410 2611 1501 2662 καὶ
1533 2611 1561 2662 ὃ
1601 2611 1676 2672 ὼς

114 2701 362 2772 ἀθέμιτον
411 2701 444 2772 ἢ
491 2700 673 2754 ἄδικον
727 2699 1020 2766 ἀποστυγῶ
1047 2739 1062 2762 ,
1101 2703 1168 2770 τῇ
1223 2700 1497 2770 φιληδονίᾳ
1533 2701 1566 2770 ἢ
1597 2701 1675 2770 τῷ

117 2790 285 2863 φθόνῳ
317 2790 413 2843 τοῦ
442 2789 686 2860 Πονηροῦ
715 2791 1118 2860 κατεργάζομαι
1154 2790 1546 2860 κλεπτόμενος,
1585 2793 1677 2844 καὶ

114 2883 429 2953 ὲνηδύῦομαι
457 2884 568 2944 τοῖς
593 2883 783 2943 κακοῖς
811 2882 902 2933 καὶ
923 2881 1065 2948 γελῶ
1092 2881 1182 2933 τὸν
1208 2881 1340 2951 ἐμὸν
1370 2882 1534 2951 μόρον
1564 2885 1678 2944 τοῖς

116 2974 294 3043 μέλεσι
336 2977 448 3035 τοῖς
486 2973 640 3042 ἐμοῖς
671 2972 1014 3042 ἐνιδρυμένον
1034 3011 1049 3034 ,
1081 2971 1222 3039 γελῶ
1253 2972 1463 3039 γέλωτα
1504 2973 1676 3041 κακῆς

115 3064 541 3136 πεπληρωμένον
581 3065 753 3134 χαρᾶς
782 3063 876 3115 καὶ
914 3059 1025 3115 οἷον
1058 3065 1090 3132 ἡ
1124 3063 1391 3134 παροιμία
1411 3063 1557 3130 λέγει
1585 3065 1676 3115 τὸν

115 3159 395 3228 σαρδάνιον
428 3173 442 3188 ·
477 3156 590 3209 ἐστι
622 3156 728 3228 γὰρ
772 3155 866 3207 καὶ
899 3154 1125 3216 θάνατος
1156 3154 1286 3224 ἡδὺς
1333 3156 1366 3224 ἡ
1412 3155 1674 3226 ἁμαρτία.

115 3255 172 3305 0i
189 3252 317 3321 γοῦν
343 3255 443 3323 τῆς
471 3250 663 3318 στενῆς
691 3247 809 3302 ὁδοῦ
832 3249 925 3301 καὶ
949 3248 1082 3318 πρὸς
1119 3246 1289 3316 βραχὺ
1313 3246 1675 3316 τεθλιμμένης

116 3343 448 3404 ἔκκλίνοντες
487 3341 546 3392 τὸ
585 3339 764 3411 ἀηδὲς,
807 3339 905 3407 τὴν
943 3337 1202 3390 πλατεῖαν
1235 3337 1292 3388 δὲ
1320 3336 1412 3388 καὶ
1441 3335 1678 3406 εὐρύχω-

117 3449 204 3504 ρον
253 3432 596 3502 ἀνθελόμενοι
643 3428 741 3498 τῆς
770 3427 981 3498 ἡδονῆς,
1011 3429 1108 3496 τῆς
1153 3425 1321 3487 1ὅντως
1355 3425 1454 3495 μὲν
1503 3424 1647 3496 ζωῆς

115 3522 494 3592 ὠλισθηκότες,
531 3521 664 3592 πρὸς
692 3520 790 3589 τὴν
817 3517 1089 3572 ἀπώλειαν
1119 3516 1177 3568 δὲ
1211 3515 1416 3569 ἑαυτῶν
1448 3516 1679 3585 αὐτομο-

116 3614 350 3676 λοῦντες,
395 3612 732 3683 κακόχαρτον
754 3609 962 3678 γέλωτα
989 3608 1207 3676 γελῶσι,
1241 3608 1332 3660 καὶ
1368 3607 1446 3678 τῷ
1471 3609 1678 3660 ἑαυτῶν

114 3704 324 3775 θανάτῳ
369 3703 753 3775 ὲφηδυνόμενοι
783 3699 1214 3770 άναισθητοῦσιν.
1254 3719 1272 3748 ι
1303 3697 1417 3750 Νῦν
1467 3698 1678 3768 χθαμα-

113 3795 250 3860 λὸς,ι
271 3815 326 3851 κ.
358 3813 409 3849 τ.
441 3794 519 3860 ἐξ.
547 3793 645 3847 Διά
675 3793 879 3846 τούτων
899 3792 955 3845 δὲ
979 3792 1306 3861 σαφέστερον
1328 3790 1436 3844 τῶν
1455 3792 1680 3858 ὑποκρι-

112 3886 216 3938 τῶν
241 3887 305 3939 τὺ
335 3885 588 3939 ἀϐέϐαιον
614 3883 981 3953 ἐπιμέμφεται
1019 3883 1110 3935 καὶ
1145 3878 1681 3944 ἀκατάστατον,Νῦν,

1767 627 1895 681 bore
1926 635 1979 680 et
2001 625 2315 697 fatigatione
2337 622 2578 693 possedit
2604 621 2832 692 spiritus
2868 630 2922 676 et
2948 617 3164 678 tutavit,
3203 617 3332 670 dum

1766 729 1926 768 omne
1976 716 2120 784 quod
2189 707 2422 767 faciliter
2473 711 2863 779 consequimur
2926 703 3333 774 contemptibile

1766 806 2063 859 a‘stimatur
2105 813 2158 858 et
2180 801 2601 874 dedignandum.
2650 818 2668 851 ι
2701 798 2852 867 Saepe
2887 799 3084 851 iterum
3119 795 3270 857 boni,
3308 812 3326 844 ι

1768 905 1821 948 et
1845 912 1958 965 seq.
1982 894 2217 948 Narrant
2245 895 2453 949 leonem
2486 893 2664 947 hieme
2705 891 3070 944 ambulantem
3095 897 3149 941 et
3175 901 3334 940 vena-

1767 997 1944 1040 torum
1969 987 2342 1057 aggressiones
2389 984 2683 1054 fugientem
2719 982 2893 1036 cauda
2927 980 3125 1049 pedum
3161 979 3333 1033 vesti-

1768 1078 1854 1146 gia
1884 1091 2105 1132 suorum
2135 1078 2256 1130 nive
2290 1076 2674 1143 supervestire,
2717 1072 2897 1127 simile
2924 1070 3125 1139 aliquid
3165 1079 3218 1124 et
3259 1069 3334 1122 ibi

1770 1182 1929 1236 agere
1956 1166 2229 1222 diabolum
2254 1165 2388 1220 dicit
2419 1164 2718 1234 magister;
2777 1177 2919 1230 saepe
2948 1162 3074 1215 boni
3114 1170 3169 1215 et
3207 1163 3335 1215 mali

1769 1257 2241 1312 distinctioncmin
2267 1257 2341 1325 pii
2371 1256 2472 1308 viri
2503 1265 2682 1307 mente
2713 1253 2917 1306 claram
2957 1250 3217 1305 Inimicus
3239 1250 3339 1304 fal-

1759 1336 1924 1401 ‘laciis
1947 1347 2170 1416 vestigia
2204 1345 2447 1414 vestigiis
2471 1344 2727 1412 operiens
2747 1341 3057 1396 obscuravit
3087 1348 3142 1394 et
3173 1341 3346 1392 ratio-

1771 1437 1929 1493 ciniis
1951 1437 2262 1490 carnalibus
2280 1435 2583 1506 spiritualia
2602 1433 2873 1487 malitiose
2894 1431 3233 1500 cooperiens,
3248 1443 3340 1483 co-

1770 1528 2062 1596 gnitionem
2091 1526 2218 1580 boni
2242 1525 2569 1591 conturbat;
2607 1524 2895 1594 etquidem
2919 1537 3046 1576 caro
3069 1523 3123 1577 in
3148 1536 3235 1575 me
3261 1536 3343 1575 se-

1771 1617 2012 1671 cundum
2045 1617 2218 1687 ipsius
2252 1623 2502 1670 naturam
2534 1631 2655 1684 quae
2698 1621 2828 1670 sunt
2855 1613 3040 1668 carnis
3075 1614 3340 1682 concupi-

1774 1709 1906 1773 scit;
1938 1716 2263 1777 praeceptum
2293 1713 2473 1761 autem
2503 1706 2702 1779 quippe
2730 1704 2876 1774 quod
2906 1703 3189 1773 spirituale
3220 1717 3342 1772 qua:

1773 1798 2072 1866 spiritualia
2097 1799 2414 1865 snntjubct,
2437 1809 2490 1852 et
2518 1798 2583 1851 ad
2604 1798 2936 1850 voluntatem
2959 1795 3052 1851 Dei
3082 1795 3341 1865 impellit;

1773 1889 2136 1942 aliudinvidia
2172 1890 2362 1942 suadet
2397 1889 2524 1940 mali
2573 1896 2629 1941 et
2665 1888 2807 1940 ultra
2834 1895 2947 1941 tres
2979 1887 3153 1941 dictas
3200 1888 3344 1957 leges

1772 1981 2071 2042 aeternitas,
2115 1987 2170 2032 et
2200 1979 2575 2049 przejudicium
2627 1977 2851 2031 humani
2910 1978 3180 2031 ratiocinii
3212 1995 3344 2046 sup-

1774 2070 1945 2138 ponit.
1994 2087 2011 2118 ι
2041 2069 2196 2135 Quod
2231 2071 2344 2131 odi,
2386 2067 2554 2133 facio,
2583 2087 2600 2118 ι
2638 2077 2802 2136 prout
2849 2068 2980 2122 dicit
3007 2068 3340 2138 Apostolus;

1791 2160 1936 2216 «Non
1951 2163 2249 2233 euimquod
2266 2159 2554 2225 volo,illud
2590 2158 2747 2220 facio,
2780 2159 2871 2212 sed
2897 2160 3041 2228 quod
3073 2161 3182 2224 odi,
3210 2159 3343 2214 illud

1775 2265 1918 2319 saepe
1950 2249 2210 2313 faci0,tet
2245 2250 2668 2319 quodtanquam
2705 2248 2972 2318 iniustum
3006 2259 3060 2305 et
3095 2251 3343 2320 iniquum

1775 2338 2039 2400 detestor,
2069 2339 2347 2406 voluptate
2393 2345 2487 2392 aut
2527 2337 2730 2391 invidia
2768 2336 2896 2391 Mali
2919 2339 3182 2408 deceptus
3204 2340 3346 2394 facio

1775 2437 1829 2483 et
1865 2429 1919 2482 in
1953 2429 2108 2484 malis
2140 2428 2400 2492 delector,
2433 2435 2488 2481 et
2517 2427 2668 2480 rideo
2697 2428 2765 2481 de
2803 2437 2977 2482 morte
3017 2444 3134 2483 mea
3172 2446 3344 2484 mem-

1777 2521 1889 2575 bris
1924 2521 2060 2575 meis
2090 2520 2278 2581 insita,
2318 2517 2472 2573 rideo
2519 2518 2692 2572 risum
2741 2519 2992 2588 pessimae
3032 2520 3346 2575 redundan-

1779 2621 1883 2666 tem
1910 2612 2130 2675 laetitiaa,
2167 2611 2384 2679 qualem
2415 2611 2765 2680 proverbium
2804 2611 2936 2664 dicit
2980 2612 3299 2667 sardonium
3327 2631 3343 2678 ;

1779 2717 1901 2756 nam
1931 2710 2216 2774 peccatum
2252 2716 2401 2756 mors
2434 2707 2517 2755 est
2545 2701 2794 2768 quaedam
2822 2701 3086 2770 jucunda.
3113 2701 3176 2756 lli
3216 2720 3346 2773 ergo

1777 2793 1870 2861 qui
1905 2794 1974 2848 ab
2002 2800 2244 2863 angustae
2291 2793 2394 2847 vite
2424 2800 2477 2847 et
2528 2793 2930 2863 aliquantisper
2979 2803 3146 2849 arcta:
3201 2796 3345 2864 inju-

1777 2883 1956 2940 cundo
1983 2899 2044 2940 se
2077 2884 2385 2950 retrahunt,
2420 2885 2723 2954 spatiosam
2766 2887 3061 2955 voluptatis
3095 2897 3149 2941 et
3178 2887 3346 2941 latam

1779 2977 1920 3028 viam
1949 2985 2366 3044 anteponentes,
2424 2976 2603 3045 reipsa
2633 2992 2662 3029 a
2697 2977 2807 3030 vita
2840 2978 3102 3032 cadentes
3137 2978 3206 3034 de
3250 2995 3348 3034 sua

1783 3070 2026 3136 ipsorum
2055 3067 2296 3136 pernicie
2324 3065 2625 3135 transfugae
2668 3066 2903 3122 infelicis
2943 3070 3125 3140 gaudii
3175 3071 3347 3125 rismn

1781 3155 1962 3209 rident
1991 3161 2045 3208 et
2074 3154 2127 3206 in
2154 3153 2371 3222 propria
2404 3163 2580 3208 morte
2624 3169 2724 3208 sua
2757 3155 3009 3210 laetantur
3051 3173 3214 3213 sensu
3259 3173 3351 3213 ca-

1783 3254 1986 3301 rentes.
2023 3263 2042 3296 ι
2074 3243 2211 3298 Tum
2249 3245 2397 3298 humi
2442 3245 2712 3313 abiectus,
2755 3266 2772 3298 ι
2801 3256 2853 3300 et
2879 3262 2994 3317 seq.
3021 3247 3118 3302 His
3171 3252 3351 3306 verbis

1786 3337 2045 3400 lucidius,
2075 3337 2231 3406 quasi
2265 3336 2642 3414 comoedorum
2697 3339 2949 3394 instabile
2988 3349 3044 3395 et
3071 3342 3354 3398 inordina-

1787 3437 1898 3481 tum
1926 3427 2133 3497 arguit;
2158 3427 2317 3486 Tum,
2347 3427 2443 3488 ait,
2487 3426 2638 3480 humi
2677 3428 2923 3496 abjectus
2953 3439 3007 3485 et
3032 3432 3180 3497 vilis,
3237 3441 3352 3488 tum

1784 3520 1982 3573 iterum
2014 3527 2232 3572 erectus
2265 3526 2318 3570 et
2358 3518 2563 3582 celsus,
2603 3520 2763 3575 hodie
2791 3524 3156 3592 arrogantiam
3182 3536 3235 3580 et
3264 3541 3356 3581 ar—

1785 3615 2039 3678 rogantes
2070 3619 2426 3663 contemnens
2449 3619 2502 3663 et
2530 3609 2859 3679 deprimens,
2886 3627 3010 3667 cras
3039 3613 3154 3682 ipse
3193 3630 3350 3670 arro-

1784 3714 1917 3768 gans
1932 3705 1986 3752 et
2020 3697 2418 3761 venditator,et
2446 3699 2588 3753 alius
2623 3700 2744 3754 aliis
2792 3701 2846 3754 in
2890 3705 3226 3771 temporibus
3257 3722 3353 3778 ap-

1788 3797 2006 3852 parens,
2039 3783 2361 3852 polyporuin
2396 3791 2644 3836 naturam
2677 3783 2882 3846 imitor,
2920 3787 3014 3854 qui
3041 3787 3108 3840 ad
3142 3797 3350 3857 petram

1787 3875 1877 3928 cui
1917 3873 2196 3928 adhaerent
2233 3875 2470 3927 colorem
2513 3875 2994 3934 accommodantes
3034 3881 3355 3949 perquiren-

114 3971 303 4042 λέγων,
329 3971 605 4043 χθαμαλός
650 3988 733 4033 τις
773 3969 1135 4041 ὑποκρίνομαι
1164 3971 1257 4023 καὶ
1295 3969 1565 4035 ταπεινὸς,
1590 3969 1674 4022 νῦι

1792 3976 1900 4022 tem
1931 3964 2236 4034 decipiunt.

110 4065 164 4118 δὲ
213 4065 378 4120 πάλιν
413 4064 684 4136 μετέωρος
721 4065 813 4118 καὶ
839 4063 1068 4134 ὑψηλὸς,
1105 4065 1342 4135 σήμερον
1374 4064 1473 4133 τὴν
1523 4063 1678 4133 ὓϐριν
1716 4061 1810 4114 καὶ
1845 4061 1971 4124 τοὺς
1992 4058 2249 4130 ὑϐριστὰς
2286 4059 2496 4131 ἀτιμῶν
2528 4059 2620 4112 καὶ
2652 4060 2942 4132 διασύρων,
2983 4063 3167 4136 αὑριον
3194 4066 3358 4131 αὑτὸς

112 4157 371 4228 ὑϐριστὴς
397 4156 741 4227 δεικνύμενος
773 4157 864 4210 καὶ
888 4153 1120 4218 ἀλαζὼν,
1152 4157 1246 4208 καὶ
1282 4155 1438 4217 ἄλλος
1466 4157 1522 4207 ὲν
1554 4154 1730 4216 ἄλλοις
1768 4151 2040 4224 ὁρώμενος
2077 4154 2288 4222 καιροῖς
2317 4150 2458 4205 κατὰ
2485 4153 2584 4222 τήν
2612 4153 2722 4207 τῶν
2749 4155 3060 4209 πολυπόδων
3097 4158 3353 4229 ἰδιότητα.

110 4249 155 4300 οἰ
181 4250 320 4321 πρὸς
350 4250 452 4320 τὴν
482 4251 889 4320 παρακειμένην
920 4248 1103 4310 αὐτοῖς
1142 4247 1346 4319 πέτραν
1376 4247 1473 4318 τὴν
1505 4244 1691 4318 χροιὰν
1723 4244 2144 4315 μεταϐάλλοντες
2160 4244 2221 4297 τὸ
2247 4241 2477 4314 θηρεῦον
2504 4243 2900 4313 διαφεύγουσιν.

109 4375 176 4430 45
208 4375 450 4445 Δὰκρυα
499 4375 678 4445 θερμὰ
727 4375 910 4444 χέων*
961 4375 999 4440 ἡ
1056 4375 1117 4445 δῆ
1154 4371 1226 4428 οὐ
1271 4374 1646 4445 σςυνέρευσεν

1065 4443 1080 4463 ι’

1066 4442 1370 4516 ἱὰμαρτάς,
1396 4461 1449 4495 κ.
1477 4460 1526 4494 τ.
1557 4444 1603 4495 λ.

174 4575 299 4628 Ἔτι
340 4575 437 4627 καὶ
476 4573 563 4627 διὰ
604 4573 710 4626 τῶν
748 4572 1120 4644 προκειμένων
1177 4573 1380 4624 τούτων
1440 4570 1589 4624 ἐπῶν
1621 4572 1682 4623 τὸ

109 4667 445 4738 παλίμϐολον
471 4666 563 4718 καὶ⁸
612 4665 892 4735 ἀνίδρυτον
919 4663 1181 4732 διελέγχει
1206 4663 1313 4715 τῶν
1348 4662 1678 4732 ὑποκριτῶν.

109 4760 214 4813 Καὶ
258 4761 374 4829 γάρ
419 4774 566 4824 ποτε
593 4757 690 4826 μὲν
737 4755 967 4825 δάκρυον
1018 4753 1169 4824 ἔχεον
1209 4753 1270 4818 ἐξ
1300 4753 1612 4822 ὀφθαλμῶν,
1646 4755 1679 4822 ή

107 4851 361 4922 ἁμαρτὰς
376 4849 432 4902 δὲ
459 4848 607 4917 αὑτῷ
620 4849 680 4902 οὐ
704 4846 1140 4919 ωνεξέρῤευσεν,
1159 4845 1346 4908 ἄλλαις
1374 4845 1431 4898 δὲ
1466 4844 1683 4915 ἀμπλα-

107 4945 250 5009 κίαις
274 4941 517 5012 συνεχῶς
546 4940 960 5010 ὲνεργουμέναις
981 4939 1112 4992 ἀλλα
1144 4937 1355 5008 δάκρυα
1374 4936 1520 4989 ἔνδον
1555 4953 1682 4988 συν-

107 5036 312 5105 αγείρω
354 5050 370 5066 ο
396 5032 494 5101 τῆς
531 5030 638 5101 γάρ
666 5031 928 5099 συνήθους
983 5027 1303 5099 προλήψεως
1342 5027 1450 5079 τῶν
1497 5027 1682 5080 κακῶν

104 5127 198 5178 οὐκ
227 5124 624 5193 ἀφιστάμενος,
649 5122 769 5191 εικῆ
797 5122 863 5173 τὰ
908 5120 1175 5189 φάρμακα
1210 5119 1308 5185 τῆς
1340 5118 1534 5179 ἰάσεως
1559 5116 1682 5168 ἐκέ-

103 5234 248 5270 νωσα
279 5231 296 5248 ⁸
327 5216 523 5268 πάλιν·
556 5215 634 5283 Τῇ
668 5212 831 5283 σαρκὶ
876 5213 972 5280 μὲν
1004 5209 1356 5280 παρθενεύειν
1395 5226 1483 5276 μοι
1519 5207 1678 5268 δοκῶ,

105 5307 384 5374 γυναικῶν
418 5305 697 5365 συνουσίας
735 5301 1086 5372 ἀπεχόμενος,
1110 5300 1169 5351 οὑ
1205 5299 1349 5368 μάλα
1387 5299 1463 5362 δὲ,
1495 5299 1678 5367 φησὶν,

107 5397 238 5464 οἶδα,
273 5401 327 5452 εἰ
357 5399 453 5450 καὶ
479 5398 614 5467 αὑτῇ
645 5399 712 5465 τῇ
748 5393 983 5464 amas;-
1020 5392 1180 5444 πάλιν
1200 5408 1212 5420 ·
1243 5389 1413 5452 Αἰδὼς
1447 5388 1679 5458 ὑποδρα-

110 5492 282 5561 μοῦσα
313 5489 557 5551 εὐλαϐῶς
585 5489 728 5540 ἔστιν
755 5489 841 5539 ὅτε
889 5485 1043 5556 μύειν
1074 5483 1324 5537 ἀνέπεισε
1348 5481 1444 5550 τὴν
1469 5482 1677 5550 ὅρασιν,

109 5585 222 5646 νοῦς
253 5585 315 5636 δὲ
359 5582 635 5635 ἀνανεύων
676 5579 812 5648 μετὰ
854 5577 1044 5648 μικρὸν
1085 5575 1369 5629 ἀνένευσεν
1410 5571 1638 5632 ἀναιδῶς
1662 5588 1674 5600 ο

105 5678 198 5730 καὶ.
229 5676 375 5746 πρὸς
404 5674 500 5743 τὴν
524 5672 629 5724 τῶν
666 5669 956 5740 ἀλλοτρίων
993 5668 1090 5738 μὲν
1119 5664 1442 5736 ἁμαρτάδων
1475 5662 1678 5732 ἀκρόα-

171 5814 286 5882 (ﬁt
330 5814 375 5864 Δ
402 5826 507 5880 quo
539 5812 800 5880 scriptore
837 5808 945 5862 IL'PC
972 5806 1168 5860 tradita
1200 5805 1308 5859 sint
1345 5803 1546 5857 nescio.

1785 4372 1853 4426 45
1880 4369 2083 4425 Calida:
2132 4371 2304 4438 ﬂuunt
2351 4385 2415 4423 ea:
2463 4373 2628 4425 oculis
2678 4376 2960 4441 lacrymw,
3003 4391 3114 4444 quon
3175 4393 3361 4444 pecca-

3000 4442 3154 4514 [rum.
3177 4442 3283 4501 etc.

1855 4566 1933 4619 Ad
1973 4567 2075 4620 hoc
2114 4573 2168 4620 et
2209 4581 2306 4636 per
2341 4582 2503 4637 supra
2535 4569 2711 4637 posita
2750 4568 2994 4622 carmina
3035 4570 3138 4625 ista
3184 4573 3358 4628 insta-

1785 4657 1893 4711 bile
1921 4667 1975 4712 et
2015 4658 2340 4712 inconstans
2368 4658 2550 4727 arguit
2595 4657 2874 4713 hominum
2906 4661 3170 4716 comedis
3201 4663 3361 4718 simi—

1786 4747 1917 4801 lium
1951 4760 1964 4796 :
2000 4761 2124 4801 nam
2166 4747 2462 4816 aliquando
2488 4749 2757 4819 lacrymas
2797 4748 3089 4806 fundebam
3133 4768 3198 4807 ex
3229 4769 3362 4808 ocu-

1786 4839 1880 4905 lis,
1931 4855 2033 4894 nec
2082 4855 2189 4893 una
2241 4855 2367 4894 cum
2416 4841 2536 4896 istis
2584 4852 2866 4910 peccatqu
2915 4841 3286 4910 auferebatur,
3328 4863 3360 4900 ο

1784 4937 1976 4984 contra
2003 4929 2127 4984 aliis
2153 4929 2418 4984 continuo
2445 4933 2760 4987 commissis
2802 4933 2977 5002 culpis
3007 4934 3236 4990 aliarum
3281 4938 3360 4990 Ia-

1783 5033 2094 5089 crymarum
2141 5018 2287 5073 intus
2313 5033 2508 5075 causas
2538 5035 2843 5076 coacervo:
2888 5024 2981 5092 qui
3013 5024 3174 5093 solita
3221 5040 3362 5096 prae-

1782 5111 2093 5179 sumptione
2136 5113 2404 5164 malorum
2453 5126 2558 5165 non
2619 5113 3066 5185 abstinens,quaa
3115 5119 3358 5172 remedia

1781 5201 2050 5255 sanationi
2089 5217 2212 5256 esse
2243 5201 2536 5266 debebant,
2566 5204 2773 5258 nullius
2821 5219 2945 5259 esse
2974 5203 3076 5260 feci
3104 5206 3352 5262 eﬂectus.

1781 5290 2225 5350 lterumziiarne.
2254 5291 2487 5358 virginis
2539 5291 2712 5346 instar
2737 5293 2922 5346 vivere
2964 5293 3098 5346 mihi
3142 5296 3350 5355 videor.

1780 5384 2065 5436 continens
2119 5383 2374 5438 mulieres
2425 5400 2532 5437 non
2578 5398 2870 5453 cognosco,
2917 5385 3008 5453 qui
3057 5401 3166 5440 non
3221 5387 3342 5441 ideo

1781 5474 1952 5544 magis
1978 5473 2121 5539 novi,
2156 5473 2354 5541 inquit,
2389 5475 2431 5528 si
2464 5483 2517 5529 et
2545 5476 2662 5544 ipso
2688 5475 2850 5530 corde
2876 5476 2957 5530 sic
2987 5477 3206 5546 gloriari
3244 5493 3330 5532 me

1778 5566 1885 5619 rito
1910 5566 2138 5634 possim.
2170 5565 2366 5620 lterum
2396 5583 2409 5618 :
2439 5565 2700 5621 Modestia
2732 5567 2818 5636 pie
2847 5581 3139 5624 accurrens
3162 5569 3341 5625 locum

1781 5659 1941 5713 habet
1982 5658 2282 5727 suadetque
2330 5659 2517 5712 oculos
2557 5659 2791 5728 dejicere
2831 5670 2883 5713 et
2939 5668 3059 5729 post
3101 5661 3358 5730 pusillum
