4010 6298
552 399 678 460 ηις

572 518 791 573 animus
814 533 981 587 supra
1006 518 1235 587 erigitur
1262 526 1315 572 et
1352 518 1695 588 impudenter
1727 515 1781 571 in
1810 519 1978 571 altum
2005 517 2144 586 aspi-

572 612 672 663 cit.
728 610 790 664 Et
837 610 1070 664 aliorum
1116 608 1411 663 auditurus
1459 610 1649 677 culpas
1687 608 1877 663 solerti
1920 607 2144 671 auditu,

574 701 864 756 emissitiis
913 701 1091 755 oculis
1133 714 1258 753 cum
1285 700 1411 760 sim,
1435 699 1503 751 ad
1543 714 1787 753 mearum
1834 698 2151 753 considera-

576 794 778 845 tionem
807 791 1093 845 immemor
1120 807 1240 845 sum
1270 801 1324 843 ει
1342 793 1698 846 tenebrosus.
1739 789 1804 842 Et
1845 790 2025 843 adhuc
2058 791 2151 844 ite-

575 895 699 935 rum
741 900 755 936 :
795 881 1045 937 Caelestis
1089 885 1143 935 in
1193 882 1540 937 sermonibus
1578 878 1631 936 et
1688 881 1986 952 grandibus
2030 898 2150 936 ver—

576 975 682 1036 bis,
716 985 894 1029 mente
922 984 975 1029 et
1000 977 1427 1045 cogitationibus
1465 985 1621 1045 repto
1648 984 1920 1029 terrenus.
1960 995 1978 1026 ι
2015 973 2147 1028 Sum

574 1064 797 1121 sedatus
815 1074 870 1120 et
888 1081 1147 1130 serenus;
1175 1084 1194 1118 ι
1223 1081 1455 1121 serenus
1475 1081 1576 1135 ego
1597 1068 1818 1136 quando
1836 1065 2150 1119 moderatus

574 1164 628 1208 et
651 1157 836 1211 snavis
872 1157 1187 1211 hominibus
1216 1171 1474 1225 appareo,
1508 1156 1671 1209 ﬂante
1703 1166 1882 1209 autem
1923 1156 2009 1208 vel
2054 1169 2149 1222 pa-

575 1260 697 1298 rum
729 1261 897 1315 parva
936 1247 1003 1301 de
1040 1262 1210 1303 causa
1258 1249 1362 1309 ira,
1395 1248 1539 1303 sicut
1587 1263 1737 1301 mare
1780 1246 2037 1300 ﬂuctibus
2067 1249 2150 1299 in-

572 1335 822 1397 rﬂatus,et
859 1337 1180 1405 afﬂigentem
1211 1345 1425 1393 tumore
1462 1349 1555 1393 aut
1584 1340 1746 1392 etiam
1783 1338 2037 1391 manilius
2067 1336 2150 1389 al-

577 1437 735 1483 terna
763 1428 884 1483 vice
922 1429 1159 1499 afﬂigere
1196 1439 1347 1500 opu»,
1384 1446 1486 1483 nec
1514 1430 1666 1498 prius
1698 1429 1932 1483 sedabor
1971 1445 2001 1482 a
2036 1444 2152 1483 Ino-

576 1521 728 1575 tibus
759 1521 892 1589 quin
933 1521 1015 1574 ira
1047 1520 1236 1575 sedata
1266 1522 1337 1576 sit
1376 1530 1429 1575 et
1470 1522 1789 1585 cessaverit,
1825 1522 2044 1590 quando
2074 1530 2152 1575 tu-

576 1626 729 1665 more
758 1626 877 1678 quae
908 1610 1175 1664 aestuabat
1208 1620 1609 1676 consummato,
1645 1612 1780 1664 nihil
1814 1611 2013 1664 mirum
2040 1612 2147 1665 erit
2195 1628 2197 1632 ‘

572 1702 621 1755 si
651 1704 1029 1771 exstinguatur
1058 1701 1431 1755 inﬂammatio.

575 1794 643 1845 56
677 1792 825 1862 Su'pe
853 1795 1012 1845 etiam
1038 1802 1174 1845 recte
1191 1801 1486 1862 currentem
1510 1808 1626 1843 cum
1652 1808 1739 1860 spe
1772 1793 1969 1861 optima

573 1863 640 1916 57
674 1862 739 1915 Et
766 1861 879 1930 iam
906 1862 1052 1914 ultra
1083 1861 1313 1914 mediam
1348 1863 1719 1931 vulgaremque
1748 1864 1991 1944 vir'tutem
2024 1877 2147 1930 per-

570 2002 639 2055 58
660 2000 848 2056 Subita
877 2002 1199 2070 praecipitem
1217 2001 1284 2052 ad
1309 2001 1416 2051 ima
1437 1999 1624 2067 dejecit
1641 1931 2143 2069 μεεείίέιῖιέἓξιῗύὲἕέῖ

642 2157 817 2228 Saepe.
872 2158 1051 2227 inquit
1097 2157 1316 2212 divinus
1348 2156 1641 2229 interpres,
1698 2172 1823 2210 cum
1872 2155 2015 2210 bona
2049 2170 2147 2226 spe

563 2260 719 2304 recta
744 2256 1059 2301 currentem
1085 2254 1138 2301 et
1166 2246 1229 2299 ad
1269 2246 1435 2300 Deum
1469 2245 1609 2299 bene
1638 2246 1983 2299 accedentem
2008 2254 2062 2298 et
2090 2245 2145 2297 in

564 2338 747 2393 media
803 2328 1008 2389 virtute
1056 2328 1393 2396 tendentem,
1436 2335 1548 2403 jam
1598 2335 1911 2403 proximum
1964 2334 2145 2402 perfe-

560 2428 737 2484 ctioni
800 2427 981 2480 virum
1021 2426 1204 2479 subito
1243 2424 1623 2479 subintroiens
1663 2423 1869 2475 malitia
1899 2432 2144 2476 retroce—

567 2521 894 2589 dentemque
921 2525 1174 2572 evertens
1204 2516 1270 2569 ad
1314 2515 1530 2571 infimos
1568 2515 1786 2569 virtutis
1825 2516 2025 2584 gradus
2055 2528 2143 2567 re-

564 2611 697 2681 jecit
734 2618 786 2663 et
832 2609 898 2661 ad
932 2608 1272 2660 noviciorum
1328 2613 1564 2670 statum;
1622 2619 1858 2672 namque
1904 2604 2044 2657 sicut
2089 2602 2143 2655 hi

562 2704 666 2772 equi
699 2708 888 2753 Contra
925 2713 1108 2752 arente
1147 2699 1318 2752 maris
1352 2710 1576 2750 acervos
1621 2696 1943 2755 ascendunt,
1982 2694 2144 2747 simul

573 2811 638 2849 ac
679 2794 972 2848 mobilibus
1023 2792 1204 2845 arenis
1251 2798 1306 2843 et
1356 2800 1503 2844 retro
1558 2786 1894 2857 fugientibus
1952 2786 2142 2856 pedem

569 2886 884 2949 admovent,
917 2884 1147 2951 vestigio
1190 2882 1402 2935 incerto
1443 2880 1701 2943 titubant,
1742 2886 1907 2947 atque
1957 2878 2002 2933 si
2044 2892 2135 2931 re-

566 2987 723 3049 ptare
736 2962 790 3032 et
810 2990 1070 3046 superare
1084 2974 1264 3028 conati
1288 2974 1418 3036 sint,
1434 2970 1568 3025 nihil
1588 2971 1847 3040 amplius,
1872 2970 1975 3025 nisi
1992 2970 2140 3039 quod

563 3072 623 3127 in
644 3085 843 3125 vanum
874 3069 1089 3123 labores
1109 3075 1163 3121 et
1183 3064 1531 3134 fatigationes
1564 3071 1923 3130 consumunt,
1956 3062 2141 3133 profe-

567 3173 762 3218 cerunt
794 3179 809 3217 :
842 3161 950 3223 ita,
983 3158 1183 3228 inquit,
1214 3166 1270 3211 et
1308 3171 1410 3211 nos
1455 3153 1523 3211 ad
1561 3155 1767 3209 letlium
1808 3170 2144 3224 persequens

563 3250 844 3312 Inimicus,
867 3248 957 3303 ubi
994 3248 1227 3318 primunt
1263 3253 1452 3300 contra
1483 3245 1737 3301 sabulum
1762 3245 2143 3300 inconstantiae

466 3360 469 3363 ·
564 3340 961 3409 cogitationum
998 3337 1233 3391 infertur
1261 3350 1414 3389 mens
1447 3343 1637 3390 nostra
1670 3342 1723 3388 et
1744 3335 1810 3388 ad
1836 3334 1962 3389 boni
1991 3349 2143 3390 asse—

567 3431 844 3485 cutionem
896 3426 1216 3483 desiderans
1255 3427 1473 3481 advolat
1503 3435 1557 3480 et
1596 3426 1882 3496 accingere
1925 3442 1985 3481 se
2025 3434 2143 3480 ten-

563 3531 647 3577 tat
674 3523 729 3575 in
763 3519 983 3575 virtutis
1007 3519 1115 3585 via,
1150 3518 1355 3572 nullam
1387 3531 1509 3571 esse
1545 3515 2006 3585 progressionem,
2044 3530 2139 3568 va-

566 3631 695 3669 ntun
735 3629 857 3669 esse
903 3611 1154 3668 ardorem
1204 3609 1467 3666 ostendit.
1518 3608 1675 3664 Unde
1720 3608 1943 3677 inquit:
2002 3606 2141 3661 Hinc

566 3706 824 3781 ascendo,
862 3706 1082 3775 pietatis
1120 3702 1347 3773 gradum
1392 3717 1563 3755 unum
1616 3700 1847 3756 feliciter
1875 3714 2142 3755 consecu-

566 3807 678 3852 tum
710 3798 881 3851 fuisse
914 3796 1217 3856 conlidens,
1254 3792 1380 3848 inde
1409 3807 1538 3847 vero
1563 3792 1761 3847 iterum
1789 3792 2141 3847 retrocedens

564 3888 739 3958 magis
768 3902 934 3958 quam
971 3886 1149 3957 pridie
1179 3902 1207 3939 a
1237 3884 1573 3956 perfectione
1611 3884 1819 3951 cecidi;
1855 3900 2023 3954 quare
2048 3900 2141 3974 re-

565 3980 775 4049 liquum
811 3990 895 4031 est
925 3986 982 4032 ut
1004 3990 1215 4048 gemam
1250 3974 1633 4045 desperatione
1667 3983 1721 4029 et
1767 3975 2025 4029 maestitia
2059 3983 2142 4028 ta-

562 4084 690 4127 ctus
722 4084 774 4125 et
809 4070 1060 4133 afﬂictus,
1095 4083 1289 4138 meque
1316 4066 1589 4120 miserans
1616 4064 1888 4119 infelicem
1918 4074 1971 4121 et
1996 4067 2142 4119 cala-

567 4165 742 4219 mitati
768 4161 1217 4219 succumbentem
1252 4160 1453 4224 dicam,
1472 4159 1566 4229 qui
1591 4171 1806 4228 semper
1832 4159 1889 4213 in
1920 4158 2140 4216 virtutis

565 4259 671 4313 viis
696 4270 921 4311 currere
940 4252 1177 4318 confido,
1214 4266 1314 4305 nec
1353 4265 1593 4329 unquam
1636 4252 1703 4305 ad
1733 4253 1903 4322 ipsius
1936 4261 2135 4307 metam

566 4349 845 4421 pervenio,
896 4360 1109 4413 semper
1172 4354 1315 4397 metu
1369 4345 1777 4413 circumseptus
1821 4358 2019 4415 magno
2070 4359 2139 4398 ne

566 4442 771 4496 bonum
803 4453 913 4492 non
942 4439 1239 4506 attingam;
1282 4452 1376 4506 per
1406 4446 1637 4492 conatus
1661 4446 1715 4493 et
1748 4438 1937 4507 longos
1984 4438 2138 4491 labo-

566 4551 654 4588 res
684 4534 773 4586 vix
820 4530 1061 4601 quidem,
1104 4530 1196 4584 sed
1230 4528 1445 4584 tandem
1476 4529 1810 4584 destinatum
1843 4537 2135 4585 assecutu-

565 4640 689 4680 rum
719 4638 803 4678 me
841 4622 1046 4692 putavi,
1089 4621 1181 4691 qui
1219 4621 1476 4676 facillime
1514 4636 1755 4691 prteceps
1788 4622 1843 4675 in
1878 4622 2137 4675 malitiam

566 4713 765 4769 cecidi.
797 4711 1000 4766 lterum
1036 4726 1179 4780 saepe
1204 4711 1564 4783 prolongatur
1600 4712 1733 4765 mihi
1765 4711 1874 4765 vita
1916 4712 2138 4766 virtutis

569 4806 821 4869 amatrix,
850 4803 1047 4873 inquit,
1074 4804 1405 4857 solutionem
1446 4819 1477 4857 a
1505 4804 1617 4858 vita
1664 4804 1791 4858 nolo
1823 4802 2140 4858 conversio-

566 4899 657 4953 nis
708 4912 822 4965 spe,
868 4895 1208 4951 sanationem
1250 4895 1481 4965 cupiens
1526 4891 1758 4965 peccati,
1802 4904 1857 4950 et
1892 4896 2133 4965 permul-

570 5003 653 5045 tos
708 4989 883 5059 longa:
926 4982 1051 5043 vita:
1096 4985 1240 5050 dies.
1288 5004 1399 5043 non
1447 4987 1630 5043 minus
1690 4988 1894 5042 malitia
1939 5003 2138 5058 supcr-

568 5079 821 5144 abundo,
857 5079 1057 5134 nedum
1103 5079 1521 5133 conversionem
1560 5080 2015 5149 sanationemque
2052 5080 2137 5133 in-

567 5170 787 5226 veniam
842 5182 872 5221 a
924 5168 1089 5221 malo.
1143 5165 1293 5221 Talis
1352 5176 1435 5221 est
1483 5167 1763 5221 hominum
1821 5169 1996 5223 virtus
2048 5168 2138 5224 cui

570 5260 871 5316 secundum
920 5261 1201 5329 proprium
1249 5274 1470 5313 sensum
1521 5268 1577 5313 et
1610 5259 1851 5314 studium
1888 5276 1947 5316 se
1973 5277 2135 5316 exer-

574 5364 697 5421 cent
735 5363 788 5410 et
844 5370 951 5407 non
1002 5355 1056 5407 in
1111 5354 1389 5421 adiutorio
1419 5351 1466 5407 J.
1514 5352 1742 5409 Christi.
1806 5375 1824 5407 ι
1869 5355 1991 5411 Ideo
2040 5372 2138 5426 ge-

572 5447 689 5499 neri
724 5452 933 5505 nostro,
972 5461 993 5495 ι
1047 5452 1098 5496 et
1150 5458 1265 5511 seq.
1312 5442 1473 5502 Cum,
1512 5444 1712 5513 inquit,
1745 5444 1824 5498 sic
1867 5445 2136 5500 instabilis

571 5545 629 5590 et
662 5532 1016 5587 fundamento
1054 5547 1269 5595 carens,
1312 5533 1392 5586 sic
1426 5530 1661 5589 infectus
1700 5544 1752 5588 et
1784 5534 2134 5605 imperfectus

645 5712 756 5782 (29)
797 5711 916 5782 Bill.
947 5727 1011 5782 ex
1056 5711 1176 5765 cod.
1213 5712 1392 5766 Sirleti
1437 5711 1589 5766 aﬂ'ert
1618 5713 2041 5782 ὲπιδεδασμένου
2080 5723 2135 5766 et

570 5780 699 5854 cum
739 5781 898 5834 verba
935 5780 1119 5854 Graeca
1151 5793 1412 5854 ron-rupta
1452 5798 1573 5838 esse
1619 5780 1917 5847 existimet,
1947 5785 2134 5854 legen-

573 5852 703 5909 dum
729 5858 917 5909 censet
937 5852 1388 5927 ἅποσιιεδάσαιμι.

1946 397 2238 453 NICETAS
2281 397 2490 453 DAVID

3712 392 3822 455 πο

2251 535 2334 571 σιν
2370 515 2611 587 ὀξυφαὴς
2646 515 2864 586 γίνομαι
2917 516 3014 568 καὶ
3065 510 3359 585 όξυὴκόος,
3390 511 3527 582 πρὸς
3568 515 3669 582 τὴν
3702 511 3825 567 hri-

2252 609 2443 677 σκεψιν
2475 608 2532 659 δὲ
2565 605 2675 659 τῶν
2733 604 2876 658 ίδίων
2929 604 3176 675 ἀφεγγὴς
3220 592 3315 655 καὶ
3343 601 3697 671 ἐπιλήσμων
3727 603 3822 654 καὶ

2248 694 2315 753 αὖ
2372 698 2533 753 πάλιν
2571 715 2587 728 ⁸
2618 698 2883 767 Οὑρόινιος
2923 695 3024 766 μὲν
3058 698 3138 769 Ϋὲν
3192 694 3371 762 λόγοις
3423 692 3519 745 καὶ
3559 692 3821 763 μεταλορ-

2252 791 2624 862 ῥημοσύναις,
2674 790 2733 841 ἐν
2785 789 2945 858 φρεσὶ
2992 787 3050 839 δὲ
3108 787 3199 839 καὶ
3254 786 3493 855 νοήμασι
3538 783 3824 853 χαμερπὴς

2249 885 2345 938 καὶ
2394 884 2717 955 ἐπιχθόνιος.
2756 902 2774 934 ι
2809 882 2940 952 Είμί
2991 880 3292 951 γαληνιόων
3323 896 3383 931 τε
3431 879 3525 931 καὶ
3567 875 3757 939 εὔδιος.
3796 895 3817 926 ι

2249 976 2510 1046 Γαλήνιος
2560 976 2706 1028 ἔστιν
2752 976 2841 1027 ὅτε
2893 974 2986 1027 καὶ
3046 972 3295 1041 ἐπιεικὴς
3352 970 3447 1025 καὶ
3494 968 3673 1039 πραῢς
3715 971 3822 1032 τοῖς

2249 1065 2555 1140 ἀνθρώποις
2600 1064 2979 1136 καθορώμενος
3022 1080 3037 1095 ⁸
3084 1066 3131 1118 εί
3179 1063 3237 1116 δέ
3291 1079 3421 1117 ποτε
3472 1061 3686 1130 πνεῦμα
3736 1061 3826 1131 ὀρ-

2250 1155 2354 1225 γῆς
2404 1157 2498 1208 καὶ
2566 1154 2762 1225 μικρὸν
2809 1158 2874 1208 ὲκ
2936 1159 3137 1225 μικρὰς
3200 1153 3378 1217 αἰτίας
3441 1150 3825 1212 ἀντιπνεύσει,

2251 1241 2447 1318 οἷάπερ
2481 1246 2724 1299 θάλασσα
2762 1244 2970 1316 κύμασι
2994 1244 3353 1317 φυσιούμενος
3386 1245 3479 1297 καὶ
3513 1242 3701 1313 ὕϐρεσι
3735 1242 3828 1295 τὸν

2252 1337 2530 1391 λυποῦντα
2561 1337 2596 1407 ἦ
2640 1338 2733 1389 καὶ
2789 1338 2975 1408 χερσὶν
3010 1336 3318 1405 ἀντιλυπεῖν
3375 1335 3696 1407 ὀρεγόμενος
3719 1376 3734 1397 ,
3762 1334 3823 1386 ού

2252 1430 2383 1499 πρὶν
2428 1428 2793 1501 κατεστόρεσα
2839 1430 2901 1483 τὸ
2942 1428 3170 1499 φύσημα
3218 1429 3347 1499 πρὶν
3378 1428 3411 1497 ἢ
3446 1427 3701 1497 νηνεμίαν
3734 1426 3828 1478 καὶ

2253 1518 2595 1571 κατάπαυσιν
2614 1518 2892 1587 γεγονέναι
2921 1517 3016 1571 τοῦ
3046 1518 3244 1589 θυμοῦ,
3284 1518 3444 1588 ἡνίκα
3474 1518 3538 1587 δὴ
3569 1517 3668 1587 τὴν
3697 1519 3827 1570 ἀτα-

2253 1610 2371 1677 ξίαν
2399 1610 2844 1680 ἐπιδεδειγμένον
2876 1611 2985 1682 (‘39)
3014 1610 3107 1675 τοῦ
3152 1608 3485 1680 θυμοειδοῦς,
3514 1608 3663 1662 οὐδὲν
3693 1608 3826 1661 θαυ-

2258 1692 2460 1762 μαστὸν
2487 1694 2587 1762 τὴν
2610 1692 2773 1745 αὑτοῦ
2803 1694 2993 1761 ἔξαψιν
3020 1692 3331 1760 σϐεσθῆναι.

2254 1784 2321 1839 56
2357 1782 2627 1839 [10.1.1de
2667 1784 2719 1837 δ’
2744 1785 3141 1854 εὐδρομέοντα
3185 1784 3307 1838 σὺν
3336 1782 3681 1854 ἐλπωρῇσιν
3705 1784 3832 1849 ἀρί-

2251 1923 2318 1976 57
2360 1923 2511 1989 Ἤδη
2545 1924 2645 1976 καί
2686 1921 2959 1992 μεσάτης
2997 1922 3218 1990 ἀρετῆς
3244 1869 3761 1990 ὑπερεκτεὲεέιέὲιξ

2250 1992 2317 2046 58
2368 1992 2686 2060 Ἑξαπίνης
2712 1991 3090 2061 παλίνορσον
3126 1993 3246 2047 ὑπὸ
3268 1992 3677 2132 προῐπόὸεσσιν
3697 1991 3834 2111 51011-

3397 2077 3523 2123 κεν,
3556 2079 3608 2114 κ,
3634 2078 3683 2113 τ.
3745 2099 3759 2112 .

2319 2152 2607 2217 Πολλάκις,
2633 2153 2797 2223 φησὶν
2828 2154 2856 2205 ό
2885 2152 3041 2222 θεόλη
3052 2169 3206 2215 πτος,
3233 2154 3328 2205 σὺν
3369 2151 3599 2221 ἀγαθαῖς
3619 2152 3832 2203 ἐλπίσιν

2246 2240 2414 2313 ἄνδρα
2460 2241 2919 2312 εὐθυδρομώντα,
2954 2244 3050 2295 καὶ
3103 2242 3240 2312 πρὸς
3271 2242 3403 2295 Θεὸν
3456 2240 3834 2310 εὑοδούμενον,

2247 2331 2342 2385 καὶ
2378 2333 2438 2383 ὲν
2473 2332 2727 2403 μεσότητι
2752 2333 2853 2402 τῆς
2892 2331 3095 2402 ἀρετῆς
3130 2332 3523 2400 ἐκτεινόμενον,
3554 2332 3647 2383 καὶ
3675 2330 3833 2397 ἐγγί-

2247 2422 2408 2487 ζοντα
2438 2422 2575 2493 πρὸς
2606 2423 2669 2475 τὸ
2719 2423 2947 2487 τέλειον,
2979 2423 3313 2488 ἐξαπιναίως
3358 2420 3835 2492 παρεισφθαρεῖσα

2245 2516 2452 2578 κακία,
2485 2517 2578 2567 καὶ
2625 2514 3026 2584 ὀπισθόρμητον
3086 2515 3248 2571 αὑτὸν
3298 2513 3687 2595 ἀνατρέψασα)
3724 2513 3838 2566 ὑπὸ

2245 2608 2370 2669 τοὺς
2394 2607 2668 2677 πρόποδας
2690 2608 2789 2675 τῆς
2815 2606 3018 2676 ἀρετῆς
3057 2606 3155 2668 ,καὶ
3185 2606 3285 2663 τὴν
3312 2605 3420 2657 τῶν
3461 2598 3837 2675 εἰσαγόμένων

2246 2699 2574 2751 κατάστασιν
2598 2697 2852 2768 ἐθήκατο.
2879 2698 2988 2749 Καὶ
3010 2697 3119 2768 γὰρ
3144 2696 3335 2768 ὥσπερ
3361 2699 3410 2749 οἱ
3431 2696 3573 2750 κατὰ
3601 2697 3835 2767 ψάμμου

2246 2788 2539 2851 θαλασσίας
2590 2790 2757 2841 τόπον
2812 2788 3013 2858 ἀνάντη
3074 2788 3532 2858 προσϐαίνοντες,
3579 2789 3694 2858 ἅμα
3749 2789 3838 2857 τῷ

2246 2879 2619 2949 προσπελάσαι
2660 2879 2748 2949 τῷ
2793 2879 2937 2942 ποδὶ,
2990 2878 3350 2950 διαρρεούσης
3401 2880 3571 2949 αὐτῆς
3606 2880 3699 2933 καὶ
3752 2882 3843 2941 εἰς

2242 2971 2484 3022 τούπίσω
2524 2971 2851 3041 φερομένης,
2888 2969 3181 3024 ἀσταί-δοῦσι
3214 2972 3312 3042 μὲν
3350 2968 3558 3032 τούτοις
3578 2971 3646 3023 τὰ
3681 2970 3837 3042 ἴχνη,

2244 3060 2641 3131 ἀναῤῥιχᾶσθαι
2671 3061 2783 3131 (50)
2805 3061 2861 3115 δὲ
2894 3063 2986 3116 καὶ
3025 3062 3340 3133 προϐαίνειν
3382 3061 3710 3134 πειρώμενοι
3742 3064 3843 3116 0t}-

2243 3154 2331 3206 δὲν
2354 3154 2514 3206 πλέον
2538 3154 2631 3207 τοῦ
2663 3155 2865 3218 κόπους
2891 3157 3105 3218 ἑαυτοῖς
3130 3157 3389 3227 παρέχειν
3419 3156 3654 3219 εἰκαίους
3669 3155 3839 3208 ἀπώο

2176 3278 2203 3289 ί
2226 3260 2434 3298 ιναντο·
2465 3244 2634 3308 οὕτω,
2666 3246 2830 3315 φησὶ,
2868 3248 2964 3299 καὶ¹
2994 3249 3022 3300 ὁ
3052 3247 3292 3318 ὀλέθριος
3327 3246 3488 3317 ἡμῶν
3526 3248 3840 3317 Δυσμενὴς.

2242 3337 2318 3400 ὡς
2344 3336 2486 3389 κατὰ
2527 3336 2758 3407 ψάμμου
2790 3338 2895 3409 τῆς
2941 3338 3051 3391 τῶν
3095 3338 3372 3409 λογισμῶν
3424 3340 3693 3401 ἁστασὶας
3728 3340 3840 3409 τῆς

2244 3427 2398 3498 ἡμῶν
2425 3428 2663 3491 διανοίας
2696 3429 3025 3499 φερομένης,
3062 3431 3155 3484 καὶ
3195 3433 3259 3501 τῇ
3297 3429 3562 3504 ἐπιθυμίᾳ
3592 3430 3686 3484 τοῦ
3729 3450 3845 3485 κα-

2244 3520 2337 3573 λοῦ
2368 3520 2771 3591 πτερουμένης,
2826 3522 2920 3574 καὶ
2951 3521 3153 3575 ἀνιέναι
3180 3525 3528 3594 πειρωμένης
3556 3523 3645 3576 τὸν
3667 3518 3845 3592 οἷμον

2240 3612 2344 3685 τῆς
2363 3611 2590 3683 ἀρετῆς,
2618 3614 2929 3685 ἀπρόκοπον
2962 3614 3307 3667 ἀποδείκνυσι
3334 3616 3434 3686 τὴν
3474 3614 3792 3687 προθυμίαν
3820 3634 3840 3647 ·

2241 3704 2308 3757 δι’
2356 3704 2408 3768 δ,
2451 3705 2607 3775 φησὶ,
2657 3705 2733 3775 πὴ
2769 3705 2869 3775 μὲν
2933 3706 3256 3776 ἀνέρχομαι,
3314 3705 3481 3777 μέρος
3542 3706 3847 3772 εὐσεϐείας

2241 3798 2488 3868 οἰόμενος
2534 3797 2859 3869 κατορθοῦν,
2909 3798 2986 3869 τιὴ
3032 3798 3089 3851 δὲ
3136 3797 3371 3869 ἔμπαλιν
3420 3800 3843 3871 ὀπισθόρμητοις

2241 3889 2627 3953 ἀπολισθαίνω,
2666 3888 2864 3961 μᾶλλον
2911 3890 2944 3960 ἢ
2980 3888 3169 3960 πρώην
3217 3888 3312 3942 τοῦ
3356 3890 3563 3943 τελείου
3617 3891 3847 3944 ἀποπε-

2243 3981 2505 4046 πτωκὼς·
2544 3980 2610 4034 δι’
2634 3981 2661 4034 δ
2688 3982 2781 4035 καὶ
2804 3980 3056 4051 ἀσχάλλω
3093 3969 3281 4035 λοιπὸν
3317 3981 3412 4035 καὶ
3439 3980 3709 4052 ἀδημονίᾳ
3735 3984 3845 4036 καὶ

2242 4073 2551 4144 ἀπογνώσει
2583 4071 2984 4143 ψηλαφώμενος
3017 4073 3111 4127 καὶ
3134 4072 3594 4145 κατοδυνώμενος,
3625 4073 3848 4127 δυσθὰ-

2241 4184 2399 4222 νατον
2420 4168 2655 4237 ἐμαυτὸν
2687 4166 2780 4220 καὶ
2812 4165 2996 4220 ἄθλιον
3024 4164 3399 4235 οἰκτιζόμενος
3434 4162 3720 4227 ἀποκαλῶ,
3750 4165 3846 4229 ὠς

2244 4262 2332 4315 ἀεὶ
2358 4262 2458 4328 μὲν
2506 4260 2711 4316 ὁδεύειν
2739 4260 2914 4315 δοκῶν
2953 4260 3044 4314 τὸν
3060 4259 3260 4332 δρόμον
3290 4259 3390 4329 τῆς
3426 4261 3648 4331 ἀρετῆς,
3672 4260 3846 4314 οὐδέ-

2245 4370 2333 4408 πω
2374 4355 2433 4407 δὲ
2474 4352 2535 4407 τὸ
2563 4354 2717 4417 τέλος
2760 4354 2931 4425 αὐτῆς
2962 4353 3275 4423 πεφθακὼς,
3302 4355 3388 4407 ἀεὶ
3429 4353 3579 4424 φόϐῳ
3602 4353 3849 4424 μεγάλῳ

2243 4446 2341 4515 τῆς
2375 4444 2470 4497 τοῦ
2521 4442 2729 4513 ἀγαθοῦ
2774 4443 3028 4509 ἀτευξίας
3083 4445 3619 4515 περιστοιχιζόμενος
3646 4459 3658 4471 ·
3703 4443 3845 4514 βίαν

2249 4536 2346 4605 μὲν
2369 4536 2463 4589 καὶ
2496 4536 2677 4599 πόνοις
2708 4537 2939 4607 μακροῖς
2961 4536 3114 4606 μόλις
3140 4553 3194 4589 τι
3216 4534 3514 4607 κατορθοῦν
3543 4535 3839 4607 νενόμικα.

2244 4630 2417 4698 ῥᾷστα
2444 4628 2500 4681 δὲ
2522 4628 2596 4691 ὡς
2634 4627 3019 4699 καταπρανοῦς
3046 4628 3183 4698 πρὸς
3210 4629 3415 4681 κακίαν
3439 4626 3841 4695 ἀπωλίσθησω

2244 4719 2405 4772 πάλιν
2439 4717 2755 4789 μηκύνεταί.
2794 4734 2881 4789 μοι
2927 4716 3572 4788 πλλάκιςῴρφιλάρετός
3633 4718 3850 4788 φησὶν,

2243 4809 2354 4879 ἐγὼ
2378 4810 2433 4862 δὲ
2460 4811 2557 4881 τὴν
2586 4811 2738 4886 λύσιν
2767 4810 2864 4881 τῆς
2886 4809 3030 4879 ζωῆς
3051 4810 3111 4863 οὐ
3133 4810 3271 4863 θέλω
3302 4809 3476 4861 ἐλπίδι
3507 4810 3846 4879 μετανοίας,

2242 4904 2305 4956 τὸ
2336 4903 2433 4972 τῆς
2462 4904 2731 4975 ἁμαρτίας
2764 4903 2898 4972 ἴαμα
2921 4900 3121 4963 ποθῶν,
3140 4903 3261 4965 ταῖς
3277 4900 3572 4965 πολλαῖςδὲ
3590 4902 3694 4969 τῆς
3722 4920 3847 4972 μα-

2244 4994 2591 5063 κροϐιότητος
2616 4995 2850 5065 ἡμέραις
2869 4993 2967 5063 τὴν
2996 4993 3191 5046 κακίαν
3226 4992 3378 5045 οὐδὲν
3398 4988 3557 5064 ἦττον
3590 4992 3848 5047 πλεονά-

2245 5085 2374 5148 ζων,
2416 5086 2539 5137 οὔτε
2575 5086 2863 5155 μετάνοιαν
2889 5125 2903 5146 ,
2938 5082 3051 5136 οὔτ’
3088 5079 3181 5153 οὖν
3235 5084 3534 5156 θεραπείαν
3585 5086 3853 5155 εὑρίσκω

2242 5175 2337 5228 τοῦ
2376 5176 2547 5229 κακοῦ
2589 5194 2602 5207 '
2651 5177 2743 5229 καὶ
2799 5180 2831 5247 ὴ
2866 5178 2964 5247 μὲν
2996 5176 3113 5228 τῶν
3153 5175 3457 5248 ἀνθρώπων
3501 5175 3672 5246 ἀρετὴ
3698 5173 3737 5244 ἦ
3774 5195 3851 5245 γε

2243 5266 2383 5319 κατὰ
2416 5264 2511 5336 τὴν
2549 5266 2684 5319 ἰδίαν
2722 5266 2901 5319 αὐτῶν
2934 5266 3200 5335 ὑπόληψιν
3230 5266 3322 5319 καὶ
3361 5265 3595 5335 σπουδὴν
3633 5267 3851 5337 ἐπιτη-

2245 5358 2528 5428 δευομένη,
2558 5358 2649 5411 καὶ
2679 5360 2779 5410 οὐκ
2813 5361 2870 5410 ὲν
2896 5357 3122 5425 δυνάμει
3162 5356 3610 5427 Ἰησοῦ,τοιαύτη.

2508 5450 2795 5502 Τοῦνεκεν
2829 5448 3080 5518 ἡμετέρῃ
3130 5449 3327 5519 γενεῇ,
3356 5467 3414 5504 κ.
3438 5467 3486 5503 τ.
3522 5451 3567 5503 ἑ.

2329 5540 2565 5613 Ἐπειδὴ,
2619 5545 2815 5613 φησιν,
2848 5541 3020 5604 οὕτως
3069 5540 3325 5605 ἀϐέϐαιος
3374 5542 3469 5595 καὶ
3514 5541 3853 5609 ἀνίδρυτος,

2316 5714 2443 5840 (52)]
2480 5716 3060 5788 Ἀναρῤιχᾱσθαι.5ίε
3079 5715 3251 5771 codex
3276 5713 3605 5782 Bekker.;v.
3626 5718 3859 5775 Amd.

2316 5803 2357 5840 ι.
2449 5826 2462 5840 .

2244 5802 2462 5850 ιιι,Ζι.
