4010 6298
183 423 276 481 791

171 540 342 600 οὕτως
368 538 632 608 ἀνήνυτος
669 538 765 590 καὶ⁵
791 534 1073 596 ἀτέλεστος
1102 535 1130 586 ό
1157 532 1296 604 ὑπὲρ
1331 531 1530 604 ἀρετῆς
1567 532 1748 596 πόνος,

173 635 264 686 καὶ
291 631 455 692 κόπος
481 611 618 682 Θεοῦ
647 627 928 697 δυνάμεως
953 626 1074 696 δίχα
1099 628 1210 688 τοῖς
1231 624 1537 696 ἀνθρώποις
1564 626 1751 692 ἐπιτη-

169 723 476 793 δευόμενος,
493 722 681 774 τούτου
696 736 760 786 γε
775 719 837 789 δὴ
854 718 1013 788 χάριν
1033 720 1097 788 τῇ
1121 717 1243 770 καθ’
1260 718 1404 786 ἡμᾶς
1423 712 1750 783 ταλαιπώρῳ

170 817 336 884 γενεᾷ
364 814 537 885 ταύτῃ
577 811 735 864 τοῦτο
781 811 840 864 τὸ
870 809 1047 881 δόγμα
1086 807 1614 880 προδιωμολογήσθω
1658 806 1750 858 καὶ⁵

171 905 595 980 προῦποκείσθω
621 902 700 974 τῷ
722 903 816 973 νῷ.

170 999 240 1056 68
279 999 485 1068 Πρώτη
511 997 627 1066 μὲν
659 996 898 1065 Τριόδος
933 993 1163 1063 καθαρὴ
1193 995 1398 1063 φύσις,
1429 1011 1483 1047 κ.
1507 993 1623 1046 τ.λ.

240 1091 413 1144 Τοῦτο
461 1088 635 1157 δόγμα
687 1088 786 1157 τῆς
836 1087 1295 1156 θεολογικωτάτης
1339 1085 1417 1155 τῷ
1460 1085 1572 1139 δντι
1601 1082 1748 1148 ἀξιον

172 1181 388 1253 φρενὸς,
425 1177 645 1248 πρώτην
670 1176 918 1248 καθαρὰν
947 1177 1108 1246 φύσιν
1159 1177 1252 1229 καὶ
1279 1176 1479 1246 ἀρετῆς
1525 1173 1747 1244 ἀπάσης

171 1265 414 1335 πηγαίαν
439 1265 614 1336 ἀρχὴν
647 1265 867 1327 εἰδέναι,
896 1265 998 1335 τὴν
1022 1264 1449 1335 τρισυπόστατον
1477 1261 1742 1330 θεότηταο

171 1352 335 1415 εὐθὺς
368 1352 424 1404 δὲ
461 1354 577 1422 μετ’
601 1353 769 1423 αὐτὴν
819 1353 916 1423 τὴν
969 1353 1265 1425 ἀγγελικὴν
1303 1353 1396 1406 καὶ
1441 1352 1697 1424 οὐρανίαν
1727 1368 1742 1383 ο

168 1441 329 1512 τρίτη
359 1441 414 1494 δὲ
449 1442 554 1511 ἀρα
582 1443 744 1511 φύσις
789 1442 1014 1513 μέτοχος
1038 1441 1130 1495 τοῦ
1164 1441 1331 1495 καλοῦ
1366 1441 1462 1494 καὶ
1483 1441 1583 1510 τῆς
1613 1441 1745 1510 ἀρε·

168 1534 270 1602 τῆς
302 1535 333 1586 ό
373 1532 676 1604 ἄνθρωπος,
719 1533 778 1596 ὃς
813 1535 1214 1604 ἀμφιτάλαντος
1253 1533 1347 1586 καὶ
1389 1531 1745 1602 ἀμφιρῤεπὴς

169 1623 395 1694 ικτίσθη
434 1624 554 1676 κατ’
609 1624 814 1694 άρχάς’
851 1626 1053 1694 μεταξὺ
1111 1624 1210 1692 τῆς
1261 1641 1326 1676 τε
1374 1623 1493 1677 κατ’
1543 1622 1745 1695 ἀρετὴν

170 1715 320 1783 ζωῆς
351 1716 442 1767 καὶ
473 1714 568 1767 τοῦ
606 1715 746 1768 κατά
774 1717 871 1785 τὴν
905 1714 1178 1785 ἁμαρτίαν
1213 1715 1440 1768 Θανάτου
1475 1712 1742 1784 ἑστηκὼς,

171 1806 270 1858 καὶ
318 1805 730 1877 μεγαλοπρεπὲς
772 1807 869 1876 μὲν
915 1807 1066 1870 τέλος
1099 1807 1240 1876 ἔχων
1266 1806 1361 1860 τοῦ
1402 1808 1523 1860 κατ’
1543 1807 1745 1876 ἀρετὴν

169 1895 320 1965 βίου,
359 1896 420 1947 τὸ
464 1896 580 1948 υἱὸν
625 1897 876 1965 γενέσθαι
913 1897 1047 1950 Θεοῦ
1087 1897 1308 1969 δηλαδὴ,
1349 1897 1644 1967 ὲπίμοχθον
1686 1897 1744 1950 δὲ

165 1990 266 2041 καὶ
303 1988 558 2041 ἐπίπονον
610 1988 805 2059 κομιδῇ
839 1989 980 2058 (51),
1009 1989 1168 2059 εἰπερ
1196 1989 1300 2042 κᾶν
1322 1989 1415 2042 ἐπὶ
1443 1989 1616 2059 βραχὺ
1648 1988 1746 2052 τάς

173 2081 269 2150 τῆς
314 2081 510 2144 κακίας
551 2081 723 2143 πύλας
771 2081 1147 2152 παρανοίξειεν
1177 2097 1190 2111 ⁸
1225 2081 1382 2146 τοῦτο
1431 2083 1540 2152 γὰρ
1587 2077 1751 2134 ἆθλον

163 2172 269 2241 τῆς
285 2173 424 2241 ὲμῆς
457 2171 694 2236 διανοίας
727 2173 995 2244 εναρέτως
1029 2172 1250 2243 βιούσης
1279 2175 1308 2226 ό
1329 2173 1592 2242 ’Υψιστος
1610 2190 1750 2243 παρ-

163 2261 350 2331 έχεται
360 2301 374 2314 .

407 2353 616 2419 Κεῖνος
651 2353 704 2406 δ’
745 2353 918 2407 ἐστίν
952 2354 1218 2423 ἄριστος,
1262 2373 1317 2409 κ.
1348 2372 1398 2408 τ.
1435 2354 1522 2420 ἐξ.

240 2434 408 2503 Οὗτος
438 2439 845 2513 άριστος,οῦτος
874 2447 1112 2516 ἐργάτης
1141 2445 1342 2508 τέλειος
1364 2445 1662 2516 ἀρετῆς,ὃς
1693 2448 1751 2498 ὲν

167 2531 326 2601 μέσῳ
362 2535 554 2600 γενεᾶς
605 2535 824 2597 σκολιᾶς
873 2537 965 2588 καὶ
998 2538 1174 2605 κακῆς
1227 2537 1424 2606 μέτριά
1464 2553 1584 2588 τινα
1629 2537 1750 2608 ἴχνη

164 2623 372 2686 κακίας
396 2626 689 2692 ἐπιφαίνει,
714 2624 900 2696 θερμῷ
934 2627 990 2678 δὲ
1021 2627 1112 2679 τοῦ
1152 2627 1406 2696 Ὑψίστου
1427 2627 1589 2698 ἔρωτι
1618 2629 1752 2698 πρὸς

161 2714 398 2784 οὐρανὸν
425 2713 720 2778 ἀνανεύων,
742 2717 1148 2786 συντεταμένως
1174 2718 1379 2789 τρέχει,
1412 2717 1553 2770 κατά
1580 2721 1750 2770 νώτου

159 2807 227 2861 δὶ
259 2807 372 2877 τὴν,
391 2807 586 2860 κακίαν
633 2807 840 2861 διώκων
879 2807 1102 2873 ἐξωθεῖ,
1135 2809 1324 2880 ὥσπερ
1365 2827 1447 2873 τις
1488 2811 1752 2880 ποτάμιος

163 2897 300 2971 ῥοῦς
337 2897 495 2952 ἀλλον
519 2899 640 2950 τινά
682 2898 811 2968 ῥοῦν
841 2901 1044 2970 τραχύν
1077 2917 1136 2953 τε
1190 2902 1284 2954 καὶ
1316 2902 1505 2971 ἄγριον
1536 2903 1630 2954 καὶ
1659 2903 1751 2955 θο-

161 2988 328 3058 λερὸν
369 2987 947 3058 άποδιοπομπούμενος
977 2991 1070 3041 καὶ¹
1114 2990 1557 3060 ἀποτρεπόμενος
1579 3008 1593 3021 ⁸
1625 2992 1673 3043 εί
1695 2990 1752 3045 δέ

163 3095 302 3134 ποτε
332 3079 425 3132 καὶ
454 3077 858 3150 παραμίγνυται
879 3097 925 3134 τι
955 3080 1172 3145 κακίας,
1200 3081 1388 3152 ὥσπερ
1421 3082 1499 3152 τῷ
1530 3082 1754 3154 καθαρῷ

168 3171 410 3239 ῥεύματι
456 3169 552 3222 τοῦ
595 3168 784 3232 ὓδατος
822 3170 884 3221 ὲκ
922 3170 1018 3222 τοῦ
1058 3170 1277 3242 θολεροῦ
1303 3173 1363 3224 τὸ
1402 3173 1496 3225 τοῦ
1529 3173 1752 3237 διειδοῦς

165 3261 564 3333 ὑπερϐάλλοντι
599 3263 861 3332 νάματος,
893 3261 951 3314 τὸ
984 3261 1202 3325 ἰλυῶδες
1232 3263 1618 3328 ἀποκλύζεται,
1655 3264 1750 3316 καὶ

163 3355 269 3408 οὑκ
305 3354 555 3424 ἐπίδηλον
605 3355 704 3423 τὴν
752 3353 849 3422 τῆς
898 3354 1076 3423 ψυχῆς
1111 3354 1392 3422 ὑποφαίνει
1429 3355 1700 3425 ῥυπαρίαν
1731 3371 1745 3384 ο

165 3443 311 3514 αῦτη
378 3442 476 3512 μὲν
534 3442 628 3495 τοῦ
685 3442 938 3495 συνθέτου
986 3436 1274 3514 ανθρώπου
1327 3445 1494 3514 ἀρετὴ
1537 3445 1720 3498 τελεία

163 3531 672 3601 νενοήσθωοτούτου
688 3532 742 3587 δὲ
763 3535 820 3585 τὸ
852 3535 1014 3587 πλέον
1056 3536 1112 3588 ὲν
1147 3537 1257 3596 τοῖς
1299 3535 1568 3605 οὐρανίοις
1611 3536 1752 3600 νόοις

166 3623 543 3675 πιστευέσθω·
571 3627 620 3676 εί
648 3624 703 3677 δέ
735 3641 816 3686 τις
854 3624 1088 3677 ἐνταῦθα
1122 3628 1240 3695 μετ’
1267 3624 1569 3694 ἀνθρώπων
1603 3625 1749 3695 βιοὺς

165 3717 303 3769 Θεὸν
359 3716 485 3768 ίδείν
525 3716 871 3788 κατηξιώθη.
902 3717 979 3780 ὠς
1019 3718 1262 3788 Μωῡσῆς
1295 3721 1387 3771 καὶ
1427 3721 1672 3784 Ἡσαΐας,
1712 3719 1747 3790 ἢ

168 3811 353 3881 σάρκα
383 3811 608 3881 βαρεῖαν
649 3810 962 3877 κουφισθεὶς
995 3811 1074 3874 είς
1121 3812 1349 3882 οὐρανὸν
1379 3811 1749 3882 ἀναδεδραμή-

1199 415 1263 470 IN
1287 414 1594 470 CARMINA
1635 409 1916 468 ARCANA
1953 407 2012 463 S.
2050 402 2402 462 GREGORII.

1857 549 2014 604 labor
2053 547 2122 600 ad
2158 541 2549 615 acquirendam
2591 539 2849 594 virtutem
2891 537 3098 604 absque
3140 530 3234 586 Dei
3275 529 3432 598 adju-

1857 639 2001 693 torio
2027 636 2097 691 ab
2135 634 2453 690 hominibus
2481 638 2826 693 exerceatur,
2859 626 2984 682 ideo
3010 633 3202 679 nostro
3243 622 3430 692 generi

1856 731 1924 784 ad
1954 730 2006 784 id
2038 744 2217 800 usque
2255 727 2460 782 misero
2488 723 2620 778 illud
2654 723 2848 794 dogma
2877 721 2934 774 in
2961 720 3141 772 animo
3168 715 3433 784 deligatur

1852 830 1908 876 et
1951 832 2076 876 ante
2105 820 2213 874 alia
2248 820 2615 889 imprimatur.

1852 999 1922 1055 68
1952 999 2141 1052 Prima
2172 998 2382 1067 quidem
2419 993 2702 1050 Trinitatis
2737 1008 2870 1060 pura
2910 998 3129 1050 natura,
3163 995 3271 1041 etc.

1923 1088 2123 1156 Reipsa
2171 1086 2461 1155 theologici
2520 1082 2723 1153 ingenii
2777 1081 3000 1149 dignum
3056 1076 3188 1130 illud
3234 1075 3430 1144 dogma

1849 1192 2034 1242 nosse,
2063 1191 2257 1246 nempe
2286 1176 2517 1245 primam
2545 1186 2734 1241 puram
2759 1178 3012 1224 naturam
3042 1175 3096 1220 et
3121 1166 3302 1220 omnis
3321 1165 3432 1218 vir-

1850 1268 1984 1323 tutis
2031 1268 2362 1338 principium
2409 1273 2464 1319 et
2512 1264 2714 1318 fontem
2763 1277 2888 1316 esse
2931 1259 3134 1314 trinum
3181 1256 3433 1327 personis

1849 1359 2043 1426 Deum;
2060 1375 2220 1430 quem
2241 1358 2550 1414 immediate
2563 1352 3070 1425 sequiturangelica
3091 1358 3142 1404 et
3165 1347 3432 1413 caelestis;

1851 1452 2012 1506 tertia
2035 1460 2236 1506 natura
2260 1449 2393 1504 boni
2415 1459 2470 1502 et
2491 1446 2711 1501 virtutis
2735 1444 3012 1514 particeps
3052 1443 3215 1495 homo
3241 1441 3334 1510 qui
3365 1439 3440 1492 ab

1848 1542 2007 1596 initio
2037 1542 2105 1596 ad
2136 1541 2247 1596 duo
2277 1553 2582 1610 suspensus
2611 1544 2666 1589 et
2687 1551 2894 1607 pronus
2925 1540 3144 1589 creatus
3171 1539 3293 1588 est:
3326 1545 3446 1585 me-

1849 1631 1974 1686 dius
2006 1631 2151 1686 inter
2166 1630 2387 1685 virtutis
2407 1631 2572 1682 vitam
2589 1635 2644 1682 et
2675 1625 2884 1696 peccati
2906 1632 3165 1686 mortem,
3197 1630 3252 1677 et
3271 1619 3440 1676 subli-

1849 1737 1990 1774 mem
2025 1720 2319 1780 terminum
2355 1719 2565 1773 habens
2590 1716 2718 1770 vita:
2743 1715 2947 1768 virtute
2976 1711 3230 1782 insignis,
3263 1710 3435 1764 filium

1851 1809 1944 1885 Dei
1988 1811 2208 1865 realiter
2250 1809 2394 1873 ﬁeri,
2442 1821 2815 1863 aerumnosum
2863 1820 2993 1859 vero
3037 1812 3091 1857 et
3141 1804 3434 1857 molestum

1848 1901 2008 1956 valde
2032 1901 2078 1956 si
2110 1901 2192 1956 vel
2219 1901 2506 1954 minimum
2547 1898 2772 1951 malitia:
2800 1905 2990 1967 portas
3031 1894 3259 1964 aperiat.
3298 1891 3435 1946 Illud

1849 1995 1994 2049 enim
2021 1993 2293 2058 bravium,
2317 1992 2672 2063 intelligentia
2703 2006 2830 2044 eum
2860 1989 3061 2041 virtute
3091 1988 3306 2041 vivente
3347 2000 3434 2038 me

1851 2085 1922 2140 ab
1950 2085 2236 2141 Altissimo
2276 2092 2482 2138 manet.
2542 2101 2557 2134 ι
2590 2081 2698 2136 Iste
2739 2089 2824 2135 est
2873 2081 3135 2149 Optimus.
3173 2098 3191 2130 ι
3225 2085 3280 2132 et
3316 2091 3434 2146 seq.

1850 2176 2102 2246 Optimus
2151 2179 2260 2238 ille,
2311 2178 2402 2232 ille
2431 2177 2651 2231 virtutis
2676 2175 2951 2245 perfectus
3001 2174 3201 2234 cultor,
3254 2171 3438 2239 quiin

1851 2276 2050 2322 natura
2081 2281 2342 2338 perversa
2365 2275 2422 2321 et
2451 2267 2592 2319 mala
2635 2267 2781 2321 levia
2812 2265 3063 2334 quaedam
3106 2263 3324 2316 malitiae
3347 2276 3442 2315 ve-

1853 2357 2012 2426 stigia
2041 2355 2312 2424 prazbens,
2344 2354 2558 2409 fervido
2602 2353 2872 2409 Altissimi
2918 2367 3107 2407 amore
3133 2351 3202 2405 ad
3233 2350 3446 2404 caelum.

1851 2447 2047 2514 tendit,
2077 2445 2451 2500 indesinenter
2476 2443 2644 2507 volat,
2671 2451 2796 2513 post
2819 2453 3032 2512 tergum
3062 2449 3242 2495 autem
3275 2440 3437 2494 mali-

1851 2536 1986 2590 tiam
2025 2535 2206 2604 rejicit
2240 2543 2296 2588 et
2345 2533 2532 2603 fugat;
2559 2533 3022 2604 quemadmodum
3057 2547 3288 2586 currens
3334 2529 3437 2584 flu-

1852 2643 1976 2682 men
2027 2627 2195 2680 alium
2248 2633 2551 2680 torrentem
2612 2625 2892 2695 fragosum
2931 2631 2986 2678 et
3037 2624 3444 2676 tumultuosum-

1851 2719 2109 2788 propellit
2141 2727 2196 2773 et
2225 2718 2405 2786 rejicit
2431 2736 2446 2782 ;
2476 2724 2531 2772 et
2561 2718 2608 2772 si
2648 2717 2779 2787 quid
2803 2716 2932 2770 mali
2955 2711 3437 2775 intermisceretur,

1851 2809 2001 2875 velut
2029 2825 2152 2863 eum
2181 2824 2378 2878 purum
2415 2808 2618 2863 flumen
2655 2823 2751 2878 per
2774 2807 2979 2862 turbidi
3003 2807 3234 2860 alterius
3263 2821 3439 2874 aquas

1852 2901 2054 2968 trajicit
2083 2900 2336 2969 limpidas
2375 2903 2458 2954 sui
2487 2901 2661 2970 ipsius
2692 2901 2889 2961 undas,
2930 2908 3060 2952 tunc
3089 2897 3233 2965 quod
3266 2897 3438 2949 limo-

1852 3008 1972 3046 sum
2003 2997 2123 3045 erat
2152 2998 2515 3059 expurgatur,
2543 2999 2596 3044 et
2645 2991 2846 3044 revelat
2892 2991 3045 3059 prius
3073 2989 3290 3058 ignotas
3319 2989 3441 3041 ani-

1858 3095 1962 3134 ma:
2009 3081 2223 3136 sordes.
2262 3079 2515 3134 Hominis
2573 3080 2868 3148 compositi
2924 3079 3039 3133 haec
3087 3079 3261 3132 virtus
3309 3094 3440 3147 per-

1855 3174 2000 3224 fecta
2027 3171 2394 3241 intelligatur;
2430 3172 2547 3240 ipse
2578 3179 2760 3224 autem
2792 3171 2966 3239 magis
3015 3171 3069 3224 in
3114 3171 3435 3225 ccelestibus

1857 3264 2145 3334 spiritibus
2167 3263 2421 3317 conﬁdat.
2451 3263 2506 3316 Si
2541 3265 2666 3332 quis
2703 3275 2885 3316 autem
2921 3262 3010 3316 hic
3041 3276 3168 3315 cum
3195 3261 3436 3316 homini-

1856 3359 1961 3412 bus
2002 3358 2193 3412 vivens
2249 3357 2415 3412 Deum
2462 3357 2650 3410 videre
2708 3357 2972 3426 dignatus
3019 3356 3226 3423 fuerit,
3286 3358 3436 3414 velut

1859 3447 2074 3520 Moyses
2107 3459 2162 3503 et
2187 3447 2356 3503 Isaias
2379 3490 2394 3514 ,
2427 3450 2542 3502 sive
2571 3449 2622 3500 in
2657 3463 2824 3502 carne
2861 3450 3011 3518 gravi
3047 3449 3219 3504 levior
3257 3451 3443 3507 factus

1859 3542 1914 3595 in
1947 3542 2147 3596 caelum
2199 3541 2265 3594 ad
2314 3539 2482 3593 Deum
2516 3541 2692 3594 instar
2723 3539 2909 3593 Enoch
2949 3550 3003 3594 et
3034 3539 3160 3594 Elia:
3185 3545 3440 3598 avolavec

1859 3635 1950 3699 rit,
1993 3633 2162 3703 gloria
2199 3639 2255 3685 et
2289 3633 2466 3687 honor
2498 3631 2607 3686 Deo
2638 3632 2778 3696 soli,
2812 3632 3063 3688 homines
3102 3644 3281 3688 autem
3319 3653 3440 3692 mo-

1862 3726 2039 3781 destia
2071 3726 2124 3777 in
2150 3725 2352 3777 virtute
2372 3732 2427 3777 et
2456 3723 2692 3777 elatione
2726 3725 2964 3779 maxime
2995 3727 3217 3795 expedit
3250 3741 3438 3796 super-

1859 3816 2075 3878 vestiri,
2103 3814 2266 3884 idque
2305 3813 2549 3868 salutare
2575 3823 2816 3868 constat.

167 3922 256 3957 κει
285 3904 420 3973 πρὸς
459 3903 622 3966 Θεὸν,
649 3902 724 3966 ώς
765 3901 934 3974 Ἑνώχ
963 3919 1023 3954 τε
1050 3902 1209 3964 αὐτὸς
1238 3903 1332 3955 καὶ
1363 3903 1548 3966 Ἠλίας
1579 3904 1711 3975 (32),
1746 3904 1901 3958 τοῦτο
1933 3901 2061 3965 δόξα
2085 3897 2222 3952 Θεοῦ
2251 3898 2346 3951 καὶ
2366 3899 2499 3968 τιμὴ
2525 3897 2721 3968 δηλαδή
2743 3915 2756 3927 ⁸
2780 3896 2979 3968 μέτρον
3007 3896 3064 3950 δὲ
3085 3898 3198 3960 τοῖς
3231 3893 3440 3966 ἀνθρώ-

167 4013 298 4058 ποις
329 3997 427 4065 τῆς
463 3994 659 4065 ἀρετῆς
693 3996 785 4048 καὶ
828 3996 927 4064 τῆς
962 3995 1220 4064 ὑψώσεως
1251 3995 1689 4050 λυσιτελέστατον
1725 3994 2111 4066 ἐπιϐεϐλῆσθαι
2137 3995 2232 4046 καὶ
2259 3991 2621 4063 σωτηριῶδες.

166 4110 241 4165 85
256 4111 322 4163 BI
340 4107 389 4158 δ’
401 4107 438 4159 ἆ
449 4123 504 4174 γε
518 4122 601 4158 τοι
617 4105 715 4158 καὶ
729 4105 942 4158 τοῦτον
952 4105 1066 4173 ἐγὼ
1079 4107 1264 4174 λόγον
1284 4106 1354 4157 ἐν
1371 4106 1546 4174 φρεσὶ
1565 4105 1752 4172 θήσω,

165 4180 242 4237 86
261 4177 393 4243 Πῶς
432 4193 538 4228 κεν
566 4174 675 4243 τῆς
701 4176 968 4244 μεγάλης
995 4175 1215 4243 ἀρετῆς
1248 4176 1355 4317 ἐπὶ
1381 4178 1601 4228 τέλσον
1627 4178 1756 4296 711m-

1357 4264 1446 4310 αι,
1479 4263 1530 4300 κ.
1556 4263 1606 4298 τ.
1669 4287 1681 4299 .

1357 4264 1446 4310 αι,
1479 4263 1530 4300 κ.
1556 4263 1606 4298 τ.
1635 4263 1681 4299 Α.

238 4356 369 4412 Εἶεν
397 4357 459 4428 δὴ
503 4352 596 4410 οὖν
633 4354 726 4409 καὶ
783 4355 970 4407 τοῦτον
1025 4355 1136 4421 ἐγὼ
1177 4355 1267 4407 τὸν
1307 4356 1459 4423 λόγον
1496 4359 1615 4419 ταῖς
1640 4357 1758 4418 σαῖς

164 4448 558 4520 παραθήσομαι
592 4448 804 4516 φρεσὶν,
842 4450 874 4517 ἡ
912 4446 1159 4514 θεολόγος
1191 4447 1436 4508 σαλπίζει
1467 4450 1638 4517 φωνή.
1662 4448 1759 4509 Τίς

162 4542 226 4596 δὲ
252 4545 285 4594 ό
314 4538 498 4607 λόγοςς
526 4538 647 4599 Πῶς
675 4537 742 4591 ἂν
776 4540 853 4600 εἰς
884 4537 1195 4608 τελειότητα
1220 4540 1319 4608 τῆς
1359 4539 1599 4608 μεγάλης
1628 4539 1756 4607 ἀφί-

166 4653 291 4690 κοιο
352 4634 571 4702 ἀρετῆς,
609 4634 730 4704 ἥτις
773 4634 906 4703 μόνη
941 4633 1154 4703 καθαρά
1188 4633 1347 4685 θυσία
1376 4632 1453 4700 τῷ
1486 4634 1628 4702 μόνῳ
1661 4633 1759 4700 τὴν

164 4726 341 4794 φύσιν
395 4725 628 4791 ὑπάρχει
678 4721 926 4792 καθαρῷ.
972 4723 1086 4774 Ούκ
1117 4717 1270 4790 οἶμαι
1318 4721 1396 4785 δὲ,
1437 4722 1592 4790 φησι,
1619 4722 1761 4774 κατά

161 4819 264 4870 τὺν
297 4817 542 4883 παρόντα
568 4813 678 4882 βίον
699 4811 791 4866 τοῦ
813 4815 1114 4884 ἀκροτάτου
1129 4812 1564 4882 καταδράξασθαι
1574 4814 1761 4875 τέλους

164 4909 348 4978 αὐτῆς
368 4924 380 4934 ·
415 4905 581 4967 πολὺς
605 4904 713 4974 γὰρ
733 4907 762 4957 ό
780 4904 1006 4967 καπνὸς,
1040 4905 1206 4966 πολὺς
1239 4906 1266 4956 ὁ
1293 4905 1452 4970 ζόφος
1484 4905 1512 4954 ὁ
1531 4903 1638 4955 ἀπὸ
1663 4902 1762 4970 τῆς

164 5000 264 5054 τοῦ
296 4996 547 5068 σώματος
587 4995 784 5065 ἀχλύος
833 4998 944 5057 τοῖς
977 4994 1218 5064 ὄμμασιν
1252 4993 1642 5063 ἐπικεχυμένος
1666 4991 1761 5043 τοῦ

166 5091 265 5145 νοῦ
294 5107 306 5119 °
341 5079 618 5158 ἀγαπητὸν
656 5087 713 5139 δέ
746 5103 834 5155 μοι
865 5086 992 5153 ἄρα,
1024 5087 1072 5137 εί
1103 5087 1194 5137 καὶ
1225 5087 1362 5155 μετά
1383 5088 1480 5157 τὴν
1503 5086 1654 5138 λύσιν
1667 5087 1761 5141 τοῦ

167 5179 634 5252 ἑπιπροσθοῦντος
676 5179 867 5246 νέφους
899 5177 1341 5247 ἁποσμηξαμένῳ
1383 5181 1451 5232 τά
1480 5181 1762 5252 δακρυώδη

169 5275 323 5329 κακά
346 5273 523 5324 πάντα
557 5273 705 5332 ἐντὸς
730 5269 823 5323 τοῦ
854 5269 990 5322 Θεοῦ
1025 5271 1118 5322 καὶ
1143 5273 1239 5339 τῆς
1279 5272 1599 5342 εἰλικρινοῦς
1630 5277 1760 5344 ἀρε-

170 5367 277 5434 τῆς
297 5361 730 5434 καταληφθῆναι.
751 5361 910 5413 Ἀλλὰ
927 5362 1009 5420 τίς
1027 5362 1058 5431 ἡ
1081 5361 1227 5413 αἰτία
1251 5364 1348 5432 τῆς
1373 5363 1762 5434 κατορθώσεως

171 5456 385 5525 αὐτῆς
423 5453 542 5506 οὔτε
569 5454 674 5522 γάρ
707 5453 868 5524 μόνου
915 5451 1009 5504 τοῦ
1057 5452 1190 5505 Θεοῦ
1230 5454 1387 5507 τοῦτο
1410 5455 1580 5526 δῶρον
1597 5457 1775 5527 ὑπάρ-

172 5565 287 5622 χει,
341 5547 438 5615 τὴν
494 5545 685 5598 ἑαυτοῦ
735 5544 1089 5613 σεμνύνοντος
1139 5545 1322 5596 εἰκόνα
1350 5562 1362 5573 ·
1395 5549 1527 5599 πᾶσι
1557 5553 1665 5618 γάρ
1696 5551 1762 5602 ἂν

174 5636 331 5692 κατὰ.
361 5635 522 5704 φύσιν
552 5633 854 5704 ἀνθρώποις
887 5634 1110 5705 προσῆν,
1137 5634 1210 5696 ώς
1233 5635 1292 5686 τὸ
1331 5637 1542 5704 λογικὸν
1583 5643 1675 5693 καὶ
1703 5642 1763 5695 τὸ

176 5725 399 5797 θνητὸν,
428 5726 520 5778 καὶ
564 5726 727 5777 λύοιτ’
762 5723 826 5777 ἂν
863 5723 1035 5784 οὕτως
1079 5724 1139 5775 τὸ
1171 5724 1455 5790 αύτοθελὲς
1499 5731 1588 5782 καὶ
1641 5732 1762 5784 αὐτο

254 5839 370 5909 (31)
409 5839 540 5894 (Sed.
581 5837 800 5909 κομιδή,
831 5843 884 5890 ct
926 5835 1006 5890 sic
1037 5835 1176 5888 infra
1214 5852 1443 5903 semper.

1857 4108 1927 4161 85
1947 4108 1984 4158 Α
1999 4122 2057 4175 ge
2072 4121 2188 4175 vero
2205 4113 2252 4156 et
2271 4104 2408 4175 hunc
2426 4119 2519 4169 ego
2552 4118 2842 4175 sermonem
2861 4113 2964 4175 tua,
2981 4097 3144 4152 merui
3156 4114 3433 4175 apponam.

1858 4178 1926 4232 86
1950 4171 2224 4242 Quomodo
2242 4173 2310 4225 ad
2334 4188 2553 4225 summa:
2577 4172 2786 4224 virtutis
2810 4171 3012 4222 culmen
3029 4172 3298 4240 pervenias
3314 4184 3454 4234 ,etc,

1931 4355 2171 4426 Agedum
2205 4364 2260 4408 et
2293 4354 2437 4407 hunc
2466 4368 2770 4408 sermonem
2794 4351 3066 4405 mentibus
3102 4349 3209 4404 tuis
3240 4365 3441 4420 ριόροι

1863 4460 2012 4508 nam,
2053 4444 2310 4498 buccinat
2341 4441 2647 4510 theologica
2684 4455 2826 4493 vox:
2866 4443 2990 4508 quis
3025 4439 3247 4492 sermo?
3294 4441 3442 4504 Quo-

1863 4536 2026 4590 modo
2073 4535 2140 4589 ad
2183 4532 2572 4603 perfectionem
2611 4545 2821 4599 magnae
2871 4531 3154 4600 pervenies
3201 4530 3437 4591 virtutis.

1862 4642 1982 4696 quae
2015 4627 2129 4682 sola
2167 4626 2370 4679 oblatio
2409 4624 2634 4686 munda,
2685 4623 2787 4678 soli
2818 4637 2956 4693 puro
2987 4639 3051 4675 ex
3101 4632 3294 4675 natura
3341 4637 3446 4676 sua

1862 4729 1994 4775 stat.
2059 4717 2179 4772 Non
2227 4717 2501 4779 arbitror,
2549 4716 2763 4785 inquit,
2819 4731 2905 4769 me
2957 4714 3443 4783 comprehendisse

1863 4812 2038 4883 ipsius
2084 4827 2394 4876 summum,
2442 4808 2690 4880 quandiu
2739 4809 2794 4863 in
2837 4809 3090 4877 przesenti
3131 4824 3251 4872 sum
3288 4813 3435 4872 vita;

1863 4922 1989 4960 nam
2025 4904 2230 4958 multus
2262 4903 2464 4966 fumus,
2498 4902 2735 4957 tenebrae
2756 4904 2962 4965 multae,
2989 4916 3112 4971 qua:
3136 4917 3166 4954 e
3191 4901 3446 4970 corporis

1863 4997 2081 5052 nebulis
2113 4996 2483 5050 extenduntur
2522 4994 2715 5048 oculos
2766 4995 2967 5047 mentis
3014 4992 3443 5059 circumsepien-

1862 5098 1979 5156 tes;
2017 5091 2221 5144 bonum
2254 5090 2299 5143 si
2348 5097 2636 5157 postquam
2666 5086 2951 5140 evanuerit
2999 5085 3196 5138 nebula
3243 5083 3440 5146 oﬂ‘usa.

1865 5183 2116 5251 lugendis
2156 5196 2186 5233 a
2219 5181 2376 5235 malis
2406 5180 2664 5234 omnibus
2708 5179 2961 5247 expedito
2993 5177 3124 5229 mihi
3158 5177 3444 5244 contingat

1864 5274 1918 5326 in
1947 5273 2115 5327 Deum
2147 5282 2195 5327 et
2229 5274 2281 5326 in
2319 5274 2606 5341 probatam
2639 5271 2902 5324 virtutem
2937 5268 3144 5322 induci.
3181 5266 3285 5322 Sed
3321 5283 3447 5337 qua

1864 5365 1932 5419 ad
1959 5367 2216 5418 virtutem
2253 5363 2574 5418 directionis
2601 5361 2806 5422 causa?
2835 5377 2942 5415 non
2978 5361 3122 5413 enim
3152 5361 3323 5414 solius
3348 5359 3442 5414 Dei

1864 5458 2067 5511 donum
2101 5464 2186 5511 est
2213 5455 2388 5524 ipsius
2426 5455 2717 5524 imaginem
2749 5453 3147 5524 glorilieantis:
3187 5452 3445 5508 omnibus

1866 5547 2166 5601 Secundum
2204 5554 2457 5599 naturam
2499 5546 2812 5600 hominibus
2850 5545 3056 5608 aderat,
3089 5545 3236 5599 sicut
3265 5552 3320 5599 et
3356 5561 3444 5598 ra-

1866 5640 2032 5692 tionis
2074 5638 2304 5691 facultas
2345 5645 2401 5690 et
2455 5639 2616 5691 morti
2653 5637 3012 5701 obnoxietas;
3066 5635 3446 5690 destrueretur

1867 5727 1970 5781 hoc
1990 5726 2156 5780 verlm
2178 5726 2542 5779 voluntarium
2570 5720 2622 5780 c't
2657 5724 2886 5781 liberum
2914 5723 3236 5782 arbitrium:
3266 5738 3446 5794 neque

1940 5840 2052 5910 (52')
2081 5841 2192 5895 Cod
2204 5879 2215 5892 .
2269 5838 2473 5894 Ἠλίου.

3321 385 3523 450 722,
