4010 6298
570 340 682 397 7‘23

570 465 735 516 etiam
764 461 1022 517 desiderii
1064 466 1236 521 nostri
1278 466 1452 521 solius
1490 484 1630 539 opus
1672 480 1762 525 aut
1809 471 2141 527 electionis:

570 551 665 607 sed
687 554 971 609 atnborum
1000 557 1162 610 simul
1184 560 1527 628 agnoscenda
1557 563 1856 618 necessitas
1875 572 1931 616 ct
1962 562 2150 617 volun-

575 646 706 700 tatis
743 654 945 701 nostra:
977 659 1034 701 et
1063 648 1539 718 omnipotentioris
1576 652 1671 706 Dei
1698 669 1913 711 manus.
1944 652 2149 721 Quem-

569 736 864 793 admodum
915 740 1061 794 enim
1106 742 1409 797 secundum
1471 752 1725 800 naturam
1792 763 1946 802 suam
1997 748 2148 802 visus

572 830 850 898 proposita
875 844 986 885 non
1008 830 1157 886 videt
1174 833 1382 903 absque
1409 834 1525 890 sole
1548 836 1915 904 illuminante,
1946 840 2149 910 quippe

568 920 661 989 qui
693 921 869 974 visum
898 921 1168 976 illuminat
1204 931 1256 978 et
1289 924 1502 994 primus
1534 926 1606 982 ab
1633 927 1729 982 illo
1761 916 2034 985 cemitur}
2066 932 2150 985 sic

571 1024 725 1076 mens
751 1011 1093 1066 rationabilis
1121 1018 1177 1066 et
1202 1027 1300 1082 per
1322 1014 1562 1083 seipsam
1611 1032 1799 1085 agens,
1827 1016 1896 1071 ad
1933 1018 2148 1073 virtutis

568 1100 896 1155 exercitium
962 1100 1311 1159 confortante
1364 1104 1473 1159 Deo
1530 1122 1704 1181 supra
1769 1123 1831 1163 se
1892 1108 2144 1178 erigitur.

573 1208 593 1240 ι
634 1188 750 1244 Duo
779 1192 1000 1260 quidem
1033 1209 1062 1246 ιι
1092 1210 1289 1264 magno
1317 1196 1450 1262 Deo,
1482 1216 1500 1249 ι
1536 1208 1590 1253 et
1629 1215 1748 1269 seq.
1785 1199 1916 1254 Duae
1942 1208 2145 1271 partes,

571 1283 747 1350 prima
775 1293 830 1338 et
856 1284 1095 1340 secunda
1126 1302 1157 1340 a
1190 1286 1299 1343 Deo
1328 1291 1381 1345 in
1418 1292 1671 1347 virtutem
1704 1291 1970 1349 ducentes
1998 1308 2149 1349 entao

568 1382 721 1440 nant,
755 1391 921 1429 unam
951 1393 1081 1432 vero
1109 1395 1140 1432 a
1173 1380 1331 1437 nobis
1362 1382 1415 1436 in
1449 1383 1619 1453 ipsam
1655 1384 1918 1441 inducere
1950 1385 2149 1442 intelli-

565 1467 799 1536 gendum
826 1477 930 1524 est.

565 1650 636 1712 98
668 1650 764 1707 Ille
786 1670 872 1709 me
901 1671 1143 1713 capacem
1177 1658 1329 1726 εθὶεἰι
1358 1659 1483 1711 boni
1507 1668 1555 1712 et
1586 1660 1719 1713 vires
1748 1660 2070 1728 suppeditat.

635 1823 903 1894 Capacem
958 1827 1174 1882 virtutis
1205 1836 1261 1881 ct
1308 1828 1432 1881 boni
1485 1826 1614 1882 fecit
1660 1828 1804 1884 Deus
1863 1828 2141 1886 hominem

561 1914 653 1968 cui
712 1915 839 1969 boni
887 1916 1095 1971 semina
1147 1916 1498 1987 impertivit:
1561 1918 1735 1988 prima
1792 1921 2144 1991 secundaque

566 2023 693 2075 pars
722 2009 791 2060 ah
832 2009 964 2064 illo:
1014 2009 1314 2077 potentiam
1345 2018 1398 2063 et
1433 2011 1578 2064 vires
1606 2010 1673 2064 ad
1720 2012 2057 2081 operandam
2088 2022 2143 2067 et

566 2113 739 2167 usque
758 2099 824 2152 ad
860 2101 1021 2155 hncm
1050 2100 1513 2169 perseverantiam
1537 2101 1743 2155 donat:
1773 2112 2023 2158 nostrum
2053 2119 2142 2158 att-

563 2200 671 2245 tem
705 2190 933 2245 viriliter
954 2190 1403 2264 bonumeligere.
1434 2192 1620 2263 Itaque
1647 2204 1909 2262 tauquam
1940 2195 2143 2251 athleta

560 2281 808 2351 qutdattr.
838 2296 935 2337 nec
960 2284 1250 2351 expeditus
1275 2284 1518 2353 quidem,
1546 2285 1708 2341 nimis
1736 2286 2143 2342 retardantibtts

560 2375 811 2443 corporis
839 2376 1217 2445 compedibus,
1248 2391 1350 2446 ego
1377 2392 1472 2448 per
1521 2378 1756 2432 medium
1805 2378 2042 2434 stadium
2074 2378 2141 2433 ad

562 2474 763 2519 metant
789 2478 975 2527 curro,
1009 2482 1108 2521 nec
1138 2470 1360 2537 prmmio
1391 2484 1489 2523 nec
1513 2484 1713 2523 cornua
1738 2483 1955 2531 carens.
1975 2485 2143 2525 ment-

563 2557 657 2610 bra
683 2558 933 2627 corporis
966 2561 1255 2616 conatibus
1293 2561 1571 2631 lactisque
1599 2576 1905 2621 consumo;
1944 2563 2144 2633 illaque

561 2663 664 2704 nec
697 2650 896 2704 virium
933 2667 1174 2706 mearum
1209 2667 1308 2707 uec
1338 2655 1573 2725 energies
1609 2669 1742 2708 mea:
1772 2668 1950 2723 Opus,
1980 2654 2140 2708 Chri-

559 2752 680 2795 stus
729 2741 862 2795 mihi
914 2741 1115 2797 halitus
1155 2754 1209 2798 et
1255 2744 1389 2803 vita.
1425 2745 1683 2799 Christus
1718 2744 1981 2800 fortitudo
2019 2762 2136 2802 mea

557 2844 613 2889 et
656 2835 831 2907 gloria
874 2848 925 2891 et
962 2837 1165 2892 divitim
1214 2850 1271 2895 et
1321 2840 1456 2893 mira
1494 2841 1795 2895 beatitudo.
1848 2860 1867 2891 ι
1910 2841 2012 2906 Qui
2055 2857 2141 2895 me

559 2929 999 2984 considerantetu
1024 2940 1077 2985 et
1114 2930 1250 2986 bene
1284 2942 1618 2988 currentem.
1663 2952 1681 2985 ι
1719 2933 1771 2987 id
1794 2944 1914 2989 cst:
1955 2936 2139 2988 consi-

561 3020 901 3075 derationem
955 3033 1008 3075 ct
1059 3023 1515 3077 exercitationem
1563 3025 1826 3094 exponit;
1872 3033 2142 3094 quotquot

559 3126 699 3184 ergo
717 3113 970 3182 spiritum
1005 3124 1059 3168 et
1080 3114 1467 3170 fortitudinem
1500 3118 1807 3171 sortiuntur
1831 3132 1986 3173 suam
2018 3132 2141 3173 esse

558 3205 861 3270 Christum.
899 3209 950 3262 hi
986 3208 1055 3262 ad
1082 3208 1300 3265 virtutis
1328 3226 1469 3280 opus
1496 3212 1841 3283 diriguntur;
1871 3221 2140 3282 quotquot

558 3312 690 3352 vero
738 3301 857 3354 sine
892 3300 988 3353 illo
1017 3314 1046 3352 a
1077 3300 1276 3371 scirsis
1309 3316 1471 3371 agere
1513 3314 1807 3362 conantur.
1851 3304 2004 3357 stulti
2049 3304 2137 3358 isti

562 3389 810 3445 homines
844 3400 897 3445 et
943 3407 1135 3447 otiutes
1173 3402 1304 3447 sunt
1347 3395 1647 3463 crepundia
1688 3395 1889 3449 debilia
1935 3407 1987 3449 et
2012 3410 2137 3449 cor-

559 3489 743 3549 rupta,
786 3480 1172 3537 incredulitate
1217 3492 1272 3537 et
1320 3484 1565 3552 peccatis
1614 3486 1817 3538 mortui
1865 3483 2138 3549 foetcutes,

561 3574 877 3642 frustraque
927 3574 1111 3629 vivere
1149 3590 1210 3629 se
1242 3577 1602 3631 arstimantes.
1650 3578 1705 3630 Si
1754 3576 1915 3637 forte.
1965 3578 2142 3647 inquit

559 3660 939 3731 1'hc050phus.
967 3678 1119 3716 avem
1156 3664 1367 3732 abSque
1396 3679 1521 3719 aere
1548 3665 1843 3729 volantem,
1890 3676 1996 3742 aut_
2020 3667 2141 3721 sine

559 3766 700 3815 aqua
725 3760 1001 3807 natantem
1030 3764 1083 3807 et
1116 3742 1450 3807 volutantem
1482 3769 1542 3809 se
1570 3754 1773 3809 videris
1796 3754 2137 3825 delphinum,

556 3855 613 3900 et
650 3845 921 3899 hominem
967 3846 1179 3901 videbis
1216 3846 1335 3900 sine
1366 3846 1593 3902 Christo
1630 3848 1683 3901 itt
1726 3848 1814 3900 via
1843 3849 2061 3902 virtutis
2086 3862 2140 3904 et

558 3938 625 3994 ad
664 3935 945 3991 Christqu
990 3936 1127 3992 bene
1158 3946 1468 3991 currentem
1516 3947 1570 3992 et
1603 3946 1798 3992 metam
1837 3953 2139 4009 assequen-

558 4038 690 4084 tetn.
735 4046 756 4081 ι
794 4030 983 4098 Itaque
1015 4045 1081 4084 ue
1107 4042 1291 4084 coram
1319 4044 1403 4083 me
1437 4028 1666 4083 multum
1711 4029 1986 4100 glorieris,
2030 4049 2048 4080 ι
2084 4038 2137 4085 et

556 4130 683 4190 scq.‘
712 4121 869 4181 Cum.
905 4121 1103 4191 inquit,
1131 4121 1251 4177 sine
1268 4117 1401 4175 Jesu
1427 4120 1630 4176 Christi
1658 4121 1900 4190 potentia
1926 4130 1980 4176 et
2009 4136 2140 4191 ope-

556 4215 772 4268 ratione
800 4214 935 4267 nihil
965 4213 1144 4282 possis
1177 4212 1389 4277 facere,
1425 4229 1492 4268 ne
1527 4213 1741 4284 loquela
1776 4212 2010 4282 superba
2032 4213 2138 4267 eri-

557 4308 728 4378 garis.
763 4321 940 4375 neque
976 4307 1174 4362 elatius
1205 4306 1260 4360 in
1292 4306 1722 4375 cogitationibus
1749 4306 1861 4360 tuis
1897 4314 1951 4361 te
1978 4320 2139 4376 geras

557 4404 715 4469 quasi
754 4399 1218 4471 prudentissimus
1257 4407 1313 4454 et
1343 4398 1785 4469 sapientissimus
1825 4399 1926 4462 sis,
1958 4414 2138 4468 neque

556 4492 765 4547 virtute
805 4490 1119 4546 inferiorem
1164 4490 1355 4544 videns
1401 4488 1611 4543 tumide
1640 4496 1693 4543 te
1738 4488 2134 4560 magnipendas

559 4584 717 4654 quasi
759 4591 987 4637 cunctos
1034 4596 1261 4651 superes
1313 4580 1534 4661 propior
1576 4580 1798 4636 virtutis
1827 4580 2132 4647 accedens;

557 4695 683 4737 nam
722 4693 950 4734 summa:
988 4691 1245 4748 suprema
1285 4676 1543 4739 virtutis,
1595 4674 1728 4729 illud
1776 4677 1921 4730 enim
1963 4674 2133 4745 signi-

559 4773 687 4827 ﬁcat
718 4770 928 4841 τέρμα,
962 4776 1135 4834 meta,
1161 4784 1268 4822 non
1302 4778 1388 4823 est
1426 4766 1520 4838 qui
1558 4780 1822 4837 prospere
1857 4765 2132 4834 attingens

558 4868 677 4926 ﬂat,
713 4879 820 4916 non
844 4868 930 4917 est
959 4861 1051 4930 qui
1082 4858 1473 4931 perfectionem
1501 4866 1849 4927 assequatur,
1892 4857 1986 4927 qui
2021 4872 2132 4911 non

559 4949 862 5006 secundum
910 4947 1192 5003 Christum
1238 4947 1431 5013 agonis
1475 4948 1636 5001 ﬁnem
1684 4954 1739 5002 et
1781 4948 1925 4999 viam
1975 4962 2131 5001 suam

560 5042 759 5113 pusttil.
810 5039 1003 5094 Adhuc
1031 5055 1163 5110 ergo
1204 5040 1256 5093 in
1280 5055 1451 5107 carne
1494 5039 1704 5103 vivens,
1757 5039 1899 5092 intra
1935 5048 2131 5092 metam

558 5150 788 5189 manens
838 5149 1013 5202 neque
1063 5132 1304 5187 stadium
1349 5147 1666 5192 emensum.
1723 5146 1898 5201 neque
1950 5132 2134 5201 reipsa

557 5231 724 5281 vitam
768 5233 1075 5283 assecutum
1112 5240 1236 5281 esse
1266 5233 1319 5278 te
1362 5224 1615 5294 superbis
1640 5224 1821 5278 verbis
1852 5223 2131 5293 gloriaris.

561 5401 662 5457 115
691 5398 868 5470 Neque
900 5401 1120 5454 nimium
1150 5401 1356 5460 timeas,
1380 5416 1471 5451 nec
1498 5400 1719 5451 nimium
1744 5398 2003 5466 conﬁdas,
2023 5406 2131 5451 etc.

635 5554 799 5609 Deum
833 5554 1099 5609 viventem
1142 5554 1335 5608 timere
1367 5563 1421 5609 et
1454 5552 1693 5609 revereri
1735 5553 1963 5607 multum
1997 5554 2137 5607 valet

633 5686 742 5755 (35)
776 5686 829 5740 In
871 5688 1324 5748 schnliisBillius.
1366 5690 1649 5747 codicibus
1668 5690 1782 5745 suis
1816 5705 2124 5758 repugnan-

563 5755 728 5817 tEI-‘ms,
756 5772 850 5830 pro
882 5758 1134 5830 τρομέειν
1162 5774 1441 5830 reponere
1479 5761 1643 5813 voluit
1690 5755 1973 5830 φρονέειν.-
2001 5762 2128 5823 quia

563 5840 756 5881 vorsus
774 5828 844 5880 ita
862 5827 1129 5882 scribatur
1152 5830 1398 5885 carunliii
1426 5828 1593 5887 luunt;
1617 5827 1890 5900 581,'vers.
1909 5828 1971 5884 (il
1994 5830 2126 5901 Λίην

1916 347 2217 406 NICETAS
2257 344 2465 401 DAVID

3738 336 3851 392 ’124

2250 467 2518 534 εξούσιον·
2539 463 2651 518 οὔτ’
2682 456 2776 516 οὖν
2798 461 2961 533 ἔργον
2974 462 3072 533 τῆς
3088 459 3365 532 ἡμετέρας
3385 460 3637 530 μενοινῆς
3656 458 3845 529 μόνης,

2250 560 2367 629 ἤτοι
2396 556 2774 629 προαιρέσεως
2796 570 2811 582 ⁸
2845 556 3049 624 ἀμφοῖν
3084 554 3141 607 δὲ
3169 551 3615 623 ὁμολογουμένως
3644 548 3845 623 χρεὼν,

2250 651 2347 719 τῆς
2371 666 2431 702 τε
2462 647 2781 717 προθέσεως
2810 646 2910 715 τῆς
2955 644 3097 715 ἐμῆς
3133 645 3229 697 καὶ
3274 643 3670 715 κραταιοτέρας
3708 638 3845 694 Θεοῦ

2249 721 2452 809 δεξιᾶς.
2491 741 2706 810 Ὠσπερ
2737 737 2847 810 γὰρ
2877 740 2910 807 ἠ
2937 738 3128 807 ὅρασις
3146 736 3330 800 οὕπως
3357 736 3423 789 ἀν
3441 734 3583 788 κατά
3608 732 3708 804 τὴν
3731 731 3846 795 tibi

2248 834 2418 904 αὐτῆς
2445 831 2704 905 καθορῴη
2729 830 2798 883 τὰ
2821 828 2995 901 ὁρατά
3014 828 3109 882 τοῦ
3138 828 3465 897 φωτίζοντος
3494 825 3648 896 ἡλίου
3677 824 3847 894 χωρὶς

2251 926 2433 1003 (αὐτὸς
2475 925 2585 995 γὰρ
2636 920 2867 992 φωτίζει
2894 919 2993 990 τὴν
3014 919 3139 988 ὄψιν
3183 919 3278 971 καὶ
3314 917 3530 987 πρῶτος
3550 914 3642 968 ὑπ,
3672 913 3847 983 αὐτῆς

2247 1002 2487 1087 ὁρᾶται),
2528 1013 2700 1076 οὕτως
2754 1014 2789 1083 ἡ
2833 1010 3027 1081 λογικὴ
3054 1006 3204 1079 ψυχὴ
3240 1008 3336 1061 καὶ
3363 1005 3713 1074 αὐτοκίνητος
3736 1002 3851 1056 ἀπὸ

2246 1106 2382 1160 Θεοῦ
2419 1107 2762 1179 ῥωννυμένη,
2800 1103 2939 1175 πρὸς
2969 1102 3075 1173 τὴν
3098 1100 3197 1172 τῆς
3221 1100 3427 1173 ἀρετῆς
3457 1097 3656 1169 πρᾶξιν
3677 1096 3845 1149 διανί-

2249 1215 2441 1251 σταται
2477 1196 2537 1261 ἐξ
2576 1197 2799 1262 ἑαυτῆς.

2247 1288 2408 1343 Amat
2433 1287 2552 1357 μὲν
2569 1286 2853 1358 μεγάλοιο
2878 1284 3048 1349 Θεοῦ,
3077 1301 3133 1337 κ.
3157 1300 3209 1336 τ.
3235 1281 3315 1345 ἐξ.

2318 1378 2423 1432 Δύο
2472 1378 2571 1449 μὲν
2600 1376 2817 1448 μοίρας,
2852 1374 3082 1446 πρώτην
3105 1374 3201 1426 καὶ
3231 1370 3483 1441 ὑστέραν,
3522 1369 3599 1432 ὡς
3618 1368 3728 1421 ἀπὸ
3750 1366 3849 1422 τοῦ

2247 1469 2383 1523 Θεοῦ
2414 1470 2551 1540 πρὸς
2578 1467 2917 1539 κατόρθωσιν
2959 1466 3059 1536 τῆς
3090 1462 3314 1533 ἀρετῆς,
3351 1461 3480 1532 μίαν
3504 1460 3562 1513 δὲ
3596 1458 3853 1529 εἰσφέρε-

2249 1560 2374 1615 σθαι
2403 1559 2621 1629 νοητέον
2655 1558 2786 1631 παρ’
2815 1556 2992 1629 ἡμῶν.

2250 1660 2320 1715 98
2357 1656 2569 1726 Κεῒνος
2607 1658 2823 1713 δεκτόν
2856 1657 3037 1724 ἔθηκε
3076 1653 3270 1710 καλοῦ
3308 1648 3859 1794 καὶῐ

2327 1829 2387 1882 ὐ
2409 1830 2509 1899 μὲν
2538 1828 2670 1893 Θεὸς
2690 1827 2938 1882 δεκτικὸν
2959 1824 3162 1897 ἀρετῆς
3191 1824 3286 1877 καὶ
3316 1821 3410 1876 τοῦ
3438 1820 3603 1885 καλοῦ
3624 1820 3720 1873 τδν
3750 1819 3855 1873 ἇν-

2245 1921 2461 1990 θρωπον
2490 1922 2743 1991 ποιήσας,
2778 1918 2850 1971 τὰ
2877 1918 3165 1988 σπέρματα
3194 1915 3437 1985 παρέσχε
3469 1911 3565 1966 τοῦ
3588 1908 3803 1980 ἀγαθοῦ
3828 1928 3845 1940 ο

2242 2011 2381 2083 αῦτη
2425 2011 2617 2083 πρώτη
2640 2026 2657 2040 ’
2707 2009 2935 2081 δευτέρα
2972 2008 3029 2061 δὲ
3071 2010 3236 2078 μοίρα
3263 2008 3393 2076 παρ’
3422 2003 3610 2068 αὐτοῦ,
3646 2005 3859 2074 κράτος

2244 2109 2338 2157 καὶ
2362 2105 2515 2175 ἰσχὺν
2546 2103 2684 2174 πρὸς
2703 2103 2805 2172 τὴν
2838 2100 3101 2173 ἐργασίαν
3128 2099 3223 2151 καὶ
3263 2097 3392 2168 ἄχρι
3424 2095 3613 2158 τέλους
3638 2097 3859 2166 ὑπομο-

2243 2197 2339 2268 νὴν
2361 2197 2612 2268 δωρεῖται
2632 2212 2645 2227 ’
2682 2194 2949 2264 ἡμέτερον
2975 2192 3038 2245 δὲ
3050 2188 3348 2269 προθύμως
3377 2184 3650 2257 αἱρεῖσθαι
3673 2189 3863 2254 τάγα-

2245 2290 2354 2343 θόν.
2392 2289 2501 2341 Καὶ
2530 2288 2708 2341 τοίνυν
2742 2285 2853 2354 ἐγὼ
2878 2285 2973 2338 τοῦ
3021 2283 3236 2337 σταδίου
3272 2281 3435 2352 μέσον
3458 2275 3547 2333 οἷά
3577 2297 3661 2341 τις
3701 2280 3863 2345 ἀγω-

2245 2378 2449 2449 νιστὴς,
2477 2378 2572 2431 καὶ
2603 2378 2714 2431 οὐδ’
2747 2376 2990 2449 ἐλαφρὸς
3023 2378 3185 2446 ἄγαν,
3226 2377 3347 2438 ταῖς
3380 2374 3474 2427 τοῦ
3512 2374 3768 2444 σώματος
3799 2374 3861 2426 δὲ

2245 2471 2434 2533 πέδαις
2482 2470 2871 2541 βαρυνόμενος,
2924 2469 3021 2523 καὶ
3079 2468 3285 2539 τρέχων
3326 2468 3471 2521 κατὰ
3511 2466 3716 2520 σκοπὸν
3751 2466 3862 2519 οὐκ

2244 2561 2705 2633 ἁγέραστος,οὑδὲ
2735 2562 3015 2628 στεφάνων
3032 2560 3186 2630 ἄτερ,
3215 2559 3285 2613 τὰ
3316 2559 3453 2630 μέλη
3475 2559 3569 2612 τοῦ
3594 2557 3858 2630 σώματος

2243 2654 2352 2715 τοῖς
2382 2652 2617 2721 ἀλματιν
2665 2650 2905 2722 ὲκτρίϐω
2937 2652 3033 2704 καὶ
3061 2654 3180 2715 ταῖς
3213 2652 3479 2719 ἀγωνίαις
3500 2667 3518 2682 ο
3550 2652 3648 2704 καὶ
3675 2651 3861 2705 ταῦτα

2240 2742 2303 2794 οὗ
2333 2741 2431 2812 τῆς
2454 2743 2594 2813 ἐμῆς
2638 2742 2818 2812 ἰσχύος
2860 2742 2894 2813 ἢ
2938 2744 3202 2806 συνέσεως
3231 2743 3468 2813 περάναι
3490 2760 3503 2774 ·
3530 2743 3771 2815 Χριστὸς
3798 2743 3861 2797 δέ

2244 2851 2336 2901 μοι
2370 2832 2613 2903 ἀναπνοὴ
2646 2834 2741 2887 καὶ
2764 2832 2910 2906 ζωὴ,
2958 2833 3193 2905 Χριστός
3236 2851 3329 2904 μοι
3356 2834 3587 2906 δύναμίς
3609 2837 3730 2888 ἐστι
3755 2837 3861 2890 καὶ

2241 2922 2369 2987 δέξαι
2404 2925 2498 2977 καὶ
2526 2902 2774 2989 πλοῦτοί
2789 2902 2888 2977 καί
2915 2902 3257 2995 μαπαριότης
3280 2902 3593 2994 θαυμαστή.
3616 2926 3754 2987 ι’(ὶς
3786 2942 3858 2996 με

2247 3018 2339 3070 καὶ
2361 3015 2615 3084 ὠπήεντα
2639 3014 2735 3068 καὶ
2757 3013 3171 3085 εὖδρομέοντα,ι
3199 3013 3344 3066 τοῦτ’
3364 3012 3480 3066 ἔστι
3508 3012 3859 3083 θεωρητικὸν

2246 3094 2595 3161 ἀποδείκνυσι
2636 3106 2728 3159 καὶ
2766 3106 3092 3177 πρακτικόν.
3125 3106 3281 3159 Ὅσοι
3316 3106 3413 3176 μὲν
3442 3102 3535 3158 οὖν
3568 3106 3860 3174 ἀναπνοὴν

2246 3201 2342 3252 καὶ
2390 3197 2707 3251 εὖσθένειαν
2743 3195 3061 3267 εὐμοιροῦσι
3095 3197 3185 3251 τὸν
3226 3197 3488 3270 Χριστὸν,
3521 3192 3669 3251 οὗτοι
3708 3203 3857 3269 προς

2244 3288 2304 3341 τὸ
2359 3290 2518 3359 ἔργον
2563 3286 2953 3360 κατορθοῦνται
2992 3289 3092 3359 τῆς
3146 3288 3383 3359 ἀρετῆς·
3426 3290 3540 3341 ὅσοι
3566 3288 3610 3341 δ’
3635 3290 3861 3342 ἐκείνου

2242 3377 2410 3449 χωρὶς
2439 3375 2499 3441 ἐξ
2522 3377 2731 3430 ἑαυτῶν
2756 3376 3122 3448 ἐπιχειροῦσι,
3150 3378 3369 3447 μάταιοι
3396 3373 3540 3432 οὗτοι
3565 3377 3859 3451 ἄνθρωποι

2240 3467 2335 3520 καὶ
2362 3466 2585 3532 παίγνια
2610 3466 2812 3529 πάντες
2839 3467 2977 3519 εἰσὶν
2997 3467 3238 3538 ἐπίκηρα
3266 3468 3361 3521 καὶ
3383 3466 3624 3537 φθαρτὰ,
3652 3468 3854 3538 νεκροὶ

2243 3556 2342 3627 μὲν
2360 3559 2426 3626 τῇ
2458 3556 2687 3626 ἀπιστίᾳ.
2735 3556 2832 3609 καὶ
2866 3559 2985 3620 ταῖς
3018 3557 3320 3628 ἁμαρτίαις
3359 3557 3636 3621 ὀδωδότες,
3662 3557 3857 3628 μάτην

2237 3650 2294 3702 δὲ
2324 3648 2423 3720 ζῇν
2468 3647 2964 3719 ὑπολαμϐάνοντες.
3000 3649 3069 3702 Εἰ
3095 3667 3225 3703 ποτε
3264 3650 3394 3721 ἄρα,
3414 3650 3581 3719 φησὶν
3609 3653 3638 3703 ὁ
3660 3650 3859 3703 θεύσο-

2240 3756 2358 3808 φος,
2377 3738 2523 3810 ὄρνιν
2548 3738 2706 3809 ἀέρικ
2743 3738 3050 3792 ἀπάνευθεν
3098 3740 3420 3809 πετόμενον,
3454 3738 3488 3809 ἢ
3524 3740 3695 3809 χωρὶς
3719 3739 3858 3794 ὓδα-

2238 3849 2329 3894 τος
2356 3830 2640 3901 ἁλίδρομον
2660 3831 2898 3900 ἕρποντα
2922 3830 3272 3902 τεθεώρηκας
3285 3832 3527 3902 δελφῖνα,
3562 3833 3659 3884 καὶ
3674 3833 3853 3904 ἄνδρα

2238 3924 2503 3993 δψειᾶνευ
2542 3923 2780 3994 Χριστοῦ
2809 3923 2944 3995 πρὸς
2979 3925 3183 3995 ἀρετὴν
3222 3923 3591 3996 εὐδρομοῦντα
3626 3926 3726 3979 καὶ
3754 3926 3854 3979 τὸν

2238 4015 2492 4085 Χριστόν.
2988 4048 2994 4054 -

2244 4108 2327 4175 Τῷ
2348 4108 2432 4179 μή
2449 4125 2551 4177 μοι
2567 4108 2711 4175 λίην
2729 4106 3064 4177 μεγαλίζεο,
3088 4125 3145 4160 κ.
3172 4125 3225 4161 τ.
3261 4108 3342 4172 ἐξ.

2322 4198 2561 4271 Ἐπειδὴ,
2614 4199 2771 4269 φησι,
2823 4200 2996 4269 χωρὶς
3032 4199 3209 4270 Ἰησοῦ
3266 4200 3503 4271 Χριστοῦ
3550 4200 3650 4270 τῆς
3680 4201 3848 4255 δυνά-

2241 4308 2387 4364 μεως
2407 4294 2500 4345 καὶ
2515 4290 2805 4363 συνεργίας
2833 4290 2894 4343 οὐ
2911 4289 3136 4345 δύνασαι
3154 4294 3325 4345 ποιεῖν
3338 4292 3510 4357 οὐδὲν,
3554 4293 3629 4364 μὴ
3663 4310 3846 4363 μεγα-

2238 4384 2583 4459 λορρημόνει,
2618 4382 2742 4454 μηδ’
2780 4381 2873 4435 ἐπὶ
2915 4384 3036 4445 ταῖς
3068 4384 3188 4447 σαῖς
3216 4383 3576 4454 ὑψηλοφρονει
3618 4385 3843 4455 φρεσὶν,

2238 4474 2314 4538 ὡς
2347 4457 2755 4546 φρονιμώτατος
2806 4466 2923 4529 και
2953 4475 3231 4543 πάνσοφος
3273 4474 3371 4538 ὢν,
3409 4475 3547 4547 μηδὲ
3574 4476 3707 4549 πρὸς
3746 4476 3845 4529 τὸν

2241 4567 2361 4619 κατ’
2385 4567 2585 4638 ἀρετὴν
2635 4566 3023 4637 ἐλαττούμενον
3053 4566 3216 4637 ὀρῶν,
3257 4569 3337 4631 είς
3358 4566 3500 4637 «ὕψος
3528 4568 3716 4639 ἀρθῇς,
3761 4568 3845 4632 ὡς

2240 4658 2456 4713 πάντων
2501 4658 2787 4731 ὑπερέχων
2814 4658 2909 4711 καὶ
2950 4657 3044 4711 τοῦ
3073 4657 3278 4715 τελείου
3319 4660 3471 4729 ἥκων
3511 4659 3695 4728 ἐγγύς.
3728 4657 3845 4712 Καὶ

2238 4748 2349 4820 γὰρ
2388 4750 2481 4802 τοῦ
2520 4750 2822 4820 ἀκροτάτου
2881 4749 3070 4815 τέλους
3127 4749 3227 4818 τῆς
3271 4750 3475 4821 ἀρετῆς
3508 4750 3686 4820 (τοῦτο
3720 4751 3843 4821 γὰρ

2242 4842 2495 4912 σημαίνει
2521 4840 2584 4894 τὸ
2610 4842 2809 4913 τέρμα.)
2842 4842 2943 4895 οὐκ
2974 4841 3120 4895 ἔστιν
3156 4842 3390 4912 ἐπιτυχῆ
3425 4843 3695 4911 γενέσθαι.
3730 4842 3845 4897 οὑκ

2237 4933 2384 4986 ἔστιν
2409 4933 2668 5003 ἐπιϐῆναι
2713 4933 2812 5004 τῆς
2837 4933 3172 5004 τελειότητος
3205 4933 3294 4986 τὸν
3322 4932 3398 5004 μὴ
3423 4934 3487 4987 τὸ
3503 4932 3597 4987 τοῦ
3618 4930 3844 5001 ἀγῶνος

2237 5027 2386 5091 τέλος
2443 5028 2538 5081 καὶ
2581 5030 2679 5099 τῆς
2702 5026 2847 5081 κατὰ
2889 5027 3125 5100 Χριστὸν
3173 5025 3503 5097 τεθεαμένον
3534 5024 3672 5078 ὀδοῦ.
3704 5026 3839 5083 Ἔτι

2238 5114 2332 5171 οὖν
2357 5121 2413 5172 ὲν
2437 5119 2597 5191 σαρκὶ
2618 5117 2876 5183 διαϐιοὺς,
2899 5119 3047 5183 ἐντὸς
3085 5117 3267 5189 μένειν
3293 5118 3389 5172 τοῦ
3419 5119 3707 5188 τέρματος.
3736 5121 3839 5173 καὶ

2246 5215 2409 5281 μήπω
2432 5211 2522 5264 τὸν
2545 5211 2743 5281 δρόμον
2763 5210 3125 5271 τετελεκέναι,
3158 5210 3292 5281 μηδὲ
3313 5211 3411 5280 τῆς
3438 5210 3605 5271 ὅντως
3632 5209 3834 5263 ἐπιλα-

2243 5304 2431 5357 ϐέσθαι
2466 5302 2859 5375 μεγαλοφρόνει
2878 5305 3042 5376 ζωῆς.

2243 5397 2342 5449 H3
2370 5396 2524 5463 Λίην
2576 5393 2688 5460 μὲν
2708 5395 2974 5466 τρομέειν
2998 5397 3133 5466 (55).
3186 5394 3330 5466 λίην
3367 5393 3432 5447 δέ
3464 5412 3525 5448 τε
3564 5391 3649 5460 μὴ
3667 5392 3829 5466 ,βλε-

3220 5464 3229 5535 |
3239 5466 3527 5533 ιιεαίνειν,
3551 5480 3601 5515 κ.
3620 5478 3668 5515 τ.
3694 5462 3751 5517 λ.

2306 5555 2379 5608 Τὸ
2408 5555 2507 5626 μὲν
2541 5557 2767 5627 τρέμειν
2806 5556 2938 5611 Θεὸν
2991 5555 3169 5621 ζῶντα
3219 5557 3314 5611 καὶ
3356 5555 3650 5626 φοϐεῖσθαι,
3693 5554 3829 5612 λίαν

2239 5688 2336 5757 μὲν
2355 5690 2631 5773 φρονέειν,
2659 5689 2778 5763 λίην
2798 5689 2852 5743 δέ
2882 5704 2939 5742 τε
2971 5687 3046 5760 μὴ
3077 5686 3441 5759 βλεμεαίνειν.
3483 5715 3526 5727 -
3549 5682 3677 5741 Cod.
3704 5682 3825 5758 βλο-

2240 5776 2486 5831 μεαινην.
