4010 6298
196 355 300 414 725

197 472 562 548 συμϐάλλεται
589 472 666 545 τῷ
704 473 1087 546 ἀγωνιζομένῳ
1105 492 1119 506 ’
1139 474 1398 547 οὔτωγάρ
1422 477 1622 540 παντὸς
1633 477 1774 546 φαύ-

192 556 288 620 λου
344 564 666 635 πράγματος
711 559 1000 633 ἀφέξεταιο
1047 567 1166 621 λίαν
1197 568 1253 621 δὲ
1309 568 1648 640 βλεμεαίνειν
1683 570 1777 622 καὶ

192 663 334 728 πρὸς
379 657 478 728 τὴν
528 656 623 710 τοῦ
651 657 784 710 Θεοῦ
817 657 1046 729 θεωρίαν
1079 660 1390 724 ἁνευλαδῶς
1426 661 1775 732 ἐξεστηκὲναι

189 749 290 802 οὐκ
321 749 577 817 ἀσφαλές.
614 749 723 802 Καὶ
764 748 870 820 γάρ
905 749 1063 802 τοῦτο
1105 751 1364 820 ύψοῦντος
1408 753 1598 805 ἑαυτόν
1629 755 1776 806 ἐστιν

189 843 267 906 ὡς
302 842 592 910 ὴγγικότος
618 842 737 911 Θεῷ
759 857 773 872 ·
802 842 862 908 ἐξ
911 838 971 897 οὗ
1023 844 1117 898 καὶ
1162 845 1240 906 εἰς
1271 845 1511 916 αἱρέσεις
1541 845 1774 909 ἀτόπους

190 932 294 984 οὐκ
327 932 496 1000 ὀλίγοι
525 931 924 1003 ἐξετράπησαν,
958 934 1040 987 ὅτι
1085 934 1502 1006 ὑψηλοφροσύνη
1550 936 1775 1006 πτώμα-

190 1039 284 1086 τος
318 1022 498 1076 αἰτία·
534 1023 722 1095 ὥσπερ
753 1029 848 1078 καὶ
898 1026 1052 1089 ἐλπὶς
1099 1028 1235 1097 μετά
1275 1030 1775 1101 ταπεινοφροσύνης

187 1113 386 1183 ἀνυψοῖ
408 1130 422 1144 ·
456 1115 543 1167 ἀεὶ
571 1115 629 1167 δέ
649 1118 769 1179 ταῖς
799 1116 1066 1186 μεγάλαις
1096 1118 1497 1190 ὑπερηφανίαις
1524 1121 1776 1175 ἀντιτάσ-

194 1221 343 1258 σεται
376 1206 471 1258 καὶ
495 1205 770 1276 ὀργίζεται
794 1211 821 1260 ὁ
853 1207 1076 1280 Κύριος.

333 1297 574 1365 Μάρπτε
605 1298 669 1351 τό
688 1299 822 1366 μὲν,
849 1316 904 1354 κ.
936 1317 987 1353 τ.
1027 1301 1107 1366 ἐξ.

267 1387 336 1438 Ὃ
362 1387 418 1438 δὲ
440 1388 527 1441 διά
555 1389 759 1442 τούτων
783 1389 951 1459 δηλοῖ,
974 1390 1120 1444 τοῦτ’
1142 1388 1293 1453 εἶναι,
1307 1393 1593 1465 πείθομαι·
1613 1395 1774 1449 Ἀλλο

191 1475 293 1543 μέν
319 1475 427 1528 τῶν
448 1477 606 1531 θείων
627 1481 980 1550 χαρισμάτων
1011 1483 1104 1536 τοῦ
1123 1485 1260 1537 Πνεύ
1270 1503 1436 1555 ματος
1457 1488 1643 1558 κράτει
1661 1489 1770 1559 (54)

187 1568 348 1636 χερσὶ
401 1572 616 1639 νοηταῖς
657 1572 1175 1643 περιδρασσόμενος,
1207 1576 1333 1630 ἄλλο
1362 1577 1427 1630 δὲ-
1459 1579 1771 1650 προσδοκῶν

185 1659 253 1726 τῇ
287 1656 464 1711 ἐλπίδι
521 1661 786 1731 ταμιεύου
807 1680 821 1692 ·
870 1662 952 1732 τῷ
979 1665 1254 1736 ἀνεφίκτῳ
1285 1667 1341 1720 δέ
1387 1669 1480 1720 καὶ
1504 1669 1644 1739 ὑπὲρ
1672 1670 1770 1740 τὴν

187 1744 288 1815 σὴν
312 1747 468 1811 ἀξίαν
502 1748 771 1820 ὑποχώρει
802 1750 1226 1822 εὐλαϐούμενοςο
1246 1754 1404 1808 τοῦτο
1431 1757 1540 1828 γάρ
1558 1757 1770 1828 σώφρο-

185 1853 275 1900 νος
324 1836 421 1890 νοῦ
472 1840 565 1892 καὶ
607 1844 941 1912 φρονήσεως,
988 1844 1088 1914 τῆς
1133 1846 1268 1909 ίδίας
1303 1846 1541 1917 βιώσεως
1593 1848 1770 1914 ἐξεπί-

187 1925 419 1978 στασθαι
470 1929 540 1980 τά
601 1929 798 2001 μέτρα.
848 1933 958 1985 Καὶ
1005 1933 1113 2005 γὰρ
1167 1935 1279 1986 ίσον
1326 1934 1496 1989 κακόν
1536 1938 1770 1992 ἐστικαὶ

182 2017 392 2086 ὁμοίως
452 2020 790 2077 ἐπικίνδυνον
846 2023 1168 2089 ἀπελπίζειν
1197 2041 1257 2078 τε
1288 2025 1355 2079 τά
1400 2026 1580 2095 ἀγαθά
1608 2029 1768 2094 (ἀπό-

183 2124 391 2174 γνωσις
426 2110 590 2164 τοῦτο
612 2112 766 2184 γάρ),
800 2114 894 2167 καὶ
923 2115 1144 2187 θαρρεἴν
1168 2119 1465 2188 περισσῶς,
1505 2120 1581 2183 ὡς
1609 2120 1770 2172 εὐπε-

183 2199 276 2260 τὲς
305 2199 528 2270 ἄριστον
591 2199 732 2257 εἶναι
780 2206 876 2258 καὶ
931 2206 1138 2260 τέλειον
1171 2208 1361 2280 (θρασὺ
1393 2211 1522 2281 γάρ)
1549 2228 1562 2240 ⁸
1595 2213 1772 2281 ἀμφο-

182 2289 361 2360 τέρως
410 2292 468 2344 δὲ
534 2293 627 2346 τοῦ
684 2295 851 2349 καλοῦ
889 2296 1291 2369 διαμαρτάνων,
1338 2301 1432 2354 τοῦ
1471 2301 1642 2355 κακοῦ
1672 2304 1769 2373 τὴν

185 2381 395 2454 ῦδρυσιν
430 2383 759 2452 βεδαιώσαις
786 2389 1037 2459 σεαυτῷ.,

330 2473 460 2527 Alei
478 2490 578 2528 σοι
600 2475 665 2529 τὸ
693 2475 1020 2546 βέλειὶνον,
1057 2498 1111 2534 κ.
1134 2498 1182 2533 τ.
1219 2480 1297 2545 ἐξ.

264 2565 329 2617 '0
389 2565 617 2635 δόκιμος
663 2569 886 2639 τοξότης
919 2572 1060 2624 κατά
1110 2573 1309 2626 σκοπὸν
1352 2574 1440 2626 ἀεὶ
1473 2573 1683 2643 βάλλειν
1709 2576 1770 2628 τὸ

182 2653 343 2722 βέλος
367 2657 726 2723 ἀγωνίζεται·
765 2659 1027 2724 ὡσαύτως
1056 2664 1146 2715 καὶ
1177 2663 1253 2733 τῷ
1283 2665 1556 2735 ἀγωνιστῇ
1594 2685 1768 2738 προσ--

180 2744 314 2812 ήκει
369 2746 642 2820 εὐστόχως
671 2749 785 2814 ,ἀεὶ
828 2753 921 2803 τὸν
960 2751 1155 2821 εὐσεϐῆ
1188 2752 1445 2822 λογισμὸν
1472 2758 1538 2825 τῇ
1573 2755 1768 2826 πράξει

182 2836 540 2889 κατευθύνειν
588 2840 687 2907 τῆς
726 2841 950 2910 ἀρετῆς,
999 2841 1074 2904 ὡς
1117 2842 1244 2913 μήθ’
1274 2834 1635 2913 ύπερόάῖλειν
1666 2846 1768 2916 τῆς

184 2929 567 3012 οωτηριὼδους
624 2932 845 3001 ἐντολῆς
878 2933 1172 3001 (κενόδοξον
1207 2935 1360 3005 γὰρ),
1404 2937 1528 3006 μήτ’
1561 2934 1654 2990 οὖν
1679 2944 1766 2995 ἐλ-

182 3016 360 3082 λιπῶς
385 3021 712 3091 ἐργάζεσθαι
753 3025 965 3077 δοκεῖνιο
998 3025 1240 3096 ῥᾴθυμον
1289 3026 1418 3096 γάρ.
1460 3027 1764 3099 ’Υπερϐολὴ

180 3110 298 3180 γάρ
322 3115 416 3165 καὶ
450 3113 685 3183 ἔλλειψις
712 3116 915 3169 ἐπίπαν
937 3117 1207 3181 ἀπευκτὰ,
1233 3118 1367 3189 πρὸς
1388 3119 1766 3192 ἀσυμμετρίαν

1206 357 1273 413 1Ν
1312 358 1615 416 CARMINA
1665 360 1947 417 ABCANA
1987 360 2046 416 S.
2079 358 2432 416 GREGORII.

3343 355 3450 414 728

1881 491 1979 547 pro
2010 476 2310 537 militante;
2348 473 2430 528 sic
2463 472 2608 526 enim
2655 472 2723 526 ab
2759 470 2906 524 omni
2941 483 3104 537 opere
3137 469 3359 539 indigno
3393 488 3455 526 se

1879 568 2194 624 abstinebit.
2224 565 2454 621 Mullum
2479 563 2666 622 extolli
2694 563 2822 618 etin
2847 561 2940 616 Dei
2970 561 3220 614 notitiam
3245 562 3454 630 absque

1877 661 2181 715 reverentia
2215 666 2504 729 penetrare
2529 697 2543 720 ,
2592 671 2700 709 non
2748 663 2956 717 totum;
2997 662 3083 708 est
3124 654 3268 707 enim
3318 653 3453 706 illud

1877 751 2248 823 superbientis
2275 751 2330 804 in
2367 749 2678 804 acccdendo
2713 747 2776 801 ad
2813 746 3020 811 Deum;
3069 745 3194 799 inde
3242 747 3295 798 in
3341 744 3456 799 ha-

1877 859 2026 900 reses
2060 844 2284 898 insanas
2327 856 2435 896 non
2468 841 2625 911 pauci
2651 847 2997 902 erraverunt,
3027 838 3157 908 quia
3198 838 3455 906 superbia

1877 952 2039 991 casus
2069 950 2260 999 causa,
2296 935 2440 990 sicut
2472 942 2526 988 et
2562 948 2688 1001 spes
2717 947 2840 985 cum
2879 931 3188 985 humilitate
3213 931 3453 984 exaltat:

1878 1043 2094 1098 semper
2138 1035 2192 1082 et
2232 1027 2428 1080 audaci
2461 1024 2730 1094 superbiae
2773 1024 3072 1094 Opponitur
3101 1031 3154 1075 et
3194 1025 3459 1076 Irascitur

1877 1121 2162 1175 Dominus.
2203 1139 2221 1171 ι
2259 1118 2375 1173 Hoc
2408 1133 2562 1188 cape,
2592 1135 2610 1168 ι
2651 1126 2704 1172 et
2728 1133 2844 1184 seq.
2886 1114 3040 1181 Quod
3075 1116 3160 1169 his
3193 1113 3454 1176 ostendit,

1876 1214 1957 1267 sic
1995 1213 2189 1281 opinor
2226 1207 2413 1264 :Aliud
2447 1208 2758 1262 divinorum
2785 1205 3029 1277 Spiritus
3059 1205 3460 1259 charismatum

1875 1320 2012 1374 cape
2051 1303 2303 1357 manibus
2339 1299 2805 1356 intellectualibus
2830 1298 3125 1369 arripiens,
3166 1296 3309 1349 aliud
3358 1311 3456 1348 ex-

1876 1403 2131 1465 spectans
2175 1395 2229 1447 in
2278 1407 2429 1462 spem
2465 1391 2562 1445 tibi
2596 1405 2791 1460 ponas,
2821 1388 3002 1459 quoad
3050 1385 3455 1444 inaccessibilia

1875 1499 1928 1542 et
1961 1486 2212 1541 meritum
2245 1496 2395 1538 tuum
2430 1483 2766 1553 superantia,
2802 1483 2887 1550 pie
2908 1481 3153 1535 sentiens
3179 1480 3293 1533 haec
3321 1479 3459 1532 mis-

1877 1595 1935 1635 sa
1968 1577 2085 1643 fac;
2141 1575 2408 1646 sapientis
2441 1576 2586 1630 enim
2636 1581 2722 1628 est
2783 1573 2984 1626 mentis
3037 1579 3093 1625 et
3153 1567 3459 1640 prudentia:

1880 1669 2184 1740 appretiate
2215 1681 2378 1722 nosse
2409 1665 2644 1735 propriae
2671 1665 2795 1717 vita:
2825 1662 3153 1717 mediocrem
3183 1660 3458 1729 pondera-

1874 1764 2104 1818 tionem.
2131 1760 2343 1814 Etenim
2366 1759 2545 1812 simile
2569 1757 2773 1809 malum
2798 1764 2850 1810 et
2873 1753 3175 1823 periculum
3200 1767 3298 1822 par
3316 1752 3459 1805 inest

1871 1855 1923 1908 in
1946 1851 2290 1923 desperando
2310 1851 2377 1905 de
2405 1850 2586 1910 bonis,
2623 1849 2825 1917 quippe
2859 1844 3006 1914 quod
3032 1859 3232 1913 exspes
3271 1850 3378 1902 est,
3405 1851 3459 1894 et

1869 1945 1924 1998 in
1958 1944 2222 1998 audacter
2247 1939 2591 2003 confidendo,
2622 1937 2778 2007 quasi
2817 1937 2979 1990 facile
3011 1943 3158 1990 esset
3189 1934 3457 2002 optimum

1872 2038 1989 2092 ﬁeri
2016 2045 2068 2091 et
2097 2033 2426 2105 perfectum,
2463 2030 2611 2100 quod
2651 2029 3002 2084 temerarium
3042 2033 3158 2081 est:
3195 2026 3458 2093 utrinque
3541 2037 3544 2040 '

1872 2130 2030 2196 longe
2061 2141 2090 2178 a
2130 2126 2274 2178 beno
2312 2131 2586 2176 errantem
2635 2121 2689 2173 in
2732 2126 2786 2173 te
2819 2117 3184 2171 invalesceret
3225 2115 3451 2172 malum.

1877 2239 1894 2270 σ
1930 2217 2157 2287 Semper
2184 2215 2280 2268 tibi
2314 2213 2534 2283 sagitta,
2571 2231 2587 2260 ›
2617 2219 2669 2264 et
2700 2226 2815 2280 seq.
2847 2208 3119 2262 Probatus
3137 2206 3457 2274 sagittarius

1872 2308 1926 2360 in
1959 2305 2173 2373 signum
2194 2316 2409 2369 semper
2442 2299 2698 2366 sagittam
2721 2299 2973 2351 emittere
3000 2302 3236 2349 conatur
3262 2311 3274 2346 :
3303 2293 3460 2346 simi—

1873 2394 2000 2450 liter
2032 2402 2086 2447 et
2109 2392 2164 2446 in
2193 2387 2577 2460 spiritualibus
2612 2386 2902 2442 militantis
2925 2384 3095 2439 refert
3123 2396 3399 2449 nunquam
3427 2397 3459 2432 a

1877 2484 2160 2554 proposito
2191 2481 2556 2534 declinantem
2589 2492 2805 2546 semper
2837 2478 2957 2545 pias
2988 2472 3350 2542 cogitationes
3390 2469 3458 2522 ad

1873 2575 2097 2628 virtutis
2126 2573 2338 2643 praxim
2365 2570 2650 2634 reducere,
2685 2569 2759 2622 ita
2797 2576 2856 2622 ut
2887 2574 3158 2637 praecepta
3190 2562 3456 2618 salutaria

1872 2683 1984 2720 non
2025 2666 2263 2720 elatione
2298 2661 2556 2722 excedas,
2597 2673 2793 2714 vanam
2854 2658 3002 2712 enim
3063 2655 3292 2724 gloriam
3330 2651 3459 2706 atie-

1870 2765 2074 2820 ctares,
2103 2767 2280 2821 neque
2304 2750 2556 2805 acediose
2588 2747 2803 2816 operari
2829 2748 3053 2817 probes,
3078 2747 3292 2814 pigrum
3311 2742 3453 2795 enim

1870 2831 2018 2900 esset
2054 2860 2066 2895 :
2113 2841 2504 2911 exsuperantia
2546 2848 2601 2894 et
2648 2839 2835 2892 acedia
2880 2838 3105 2892 omnino
3145 2836 3367 2888 vitanda
3403 2834 3458 2886 in

1877 2931 2350 2987 immoderantiam
2380 2931 2601 2991 abeunt,
2627 2928 2897 2996 siquidem
2925 2929 3007 2981 vel
3042 2941 3207 2995 supra
3238 2925 3458 2992 signum

1876 3025 2070 3095 sagitta
2112 3024 2195 3075 vel
2235 3021 2379 3074 infra
2408 3021 2590 3086 cadat,
2627 3021 2832 3089 pariter
2865 3026 3012 3072 errat
3055 3018 3380 3087 sagittarius
3429 3031 3461 3070 ιι

1874 3118 2056 3171 debito
2092 3115 2242 3167 loco:
2270 3114 2341 3165 ita
2367 3123 2450 3168 est
2476 3111 2544 3178 de
2575 3110 3045 3173 consideratione,
3072 3111 3142 3162 ita
3177 3110 3243 3163 de
3275 3108 3451 3178 praxi.

180 3205 573 3258 διεκπίπτοντα
596 3223 608 3235 ·
657 3207 844 3278 ὥσπερ
897 3210 988 3261 καὶ
1035 3209 1098 3262 τὸ
1143 3209 1315 3280 βέλος,
1364 3211 1516 3281 ἧτὸν
1558 3213 1758 3266 σκοπὸν
1789 3210 2104 3278 ὑπερτεῖνον
2131 3206 2241 3272 (55)
2268 3206 2362 3259 τοῦ
2411 3204 2742 3268 τοξεύοντας,
2780 3202 2817 3272 ἢ
2851 3202 3001 3265 ἐντὸς
3040 3201 3204 3253 αὐτοῦ
3239 3201 3458 3266 πίπτον,

182 3296 388 3365 ὁμοίως
421 3296 514 3349 τοῦ
533 3296 740 3360 δέοντος
765 3297 1153 3368 διαμαρτάνει·
1182 3298 1323 3353 οὕτω
1344 3301 1485 3354 κατά
1506 3302 1759 3373 θεωρίαν,
1787 3301 1927 3354 οὕτω
1960 3298 2101 3351 κατά
2130 3296 2350 3368 πρᾶξιν.

187 3386 294 3442 126
321 3387 436 3441 Ἦν
450 3390 1077 3461 μεγαλοφρονέῃςβϐ),
1094 3392 1512 3532 μέμῖἕῖὲὸθεν
1536 3394 1600 3458 ἐς
1623 3393 1769 3475 ,βίον

1365 3479 1449 3527 ες,
1486 3481 1539 3516 κ.
1574 3480 1621 3516 τ.
1647 3479 1694 3516 Α.

1365 3479 1449 3527 ες,
1486 3481 1539 3516 κ.
1574 3480 1621 3516 τ.
1647 3479 1694 3516 Α.

271 3552 490 3623 Ἐπειδὴ
515 3551 656 3620 μέγα
677 3569 731 3603 τι
758 3551 940 3621 κτῆμα
970 3551 1064 3604 καὶ
1105 3552 1282 3621 τίμιον
1312 3555 1341 3606 ό
1368 3553 1655 3623 ἅνθρωπος
1683 3553 1770 3607 διὰ

183 3646 289 3717 τὴν
312 3646 497 3698 είκόνα
516 3645 611 3697 καὶ
637 3644 734 3713 τὴν
756 3643 976 3714 ἀρετὴν,
1026 3642 1251 3712 μάταιον
1281 3644 1338 3696 δὲ
1384 3647 1476 3697 καὶ
1500 3632 1652 3697 οὐδὲν
1681 3645 1769 3697 διὰ

183 3739 249 3789 τὸ
279 3737 444 3806 σῶμα
501 3735 594 3787 καὶ
627 3734 725 3804 τὴν
753 3734 948 3788 κακίαν
995 3738 1370 3806 μαρτυρεῖται,
1403 3737 1518 3802 ἐάν,
1551 3740 1715 3808 φησὶν
1742 3740 1770 3790 ὁ

186 3828 400 3889 κλεινὸς
433 3826 588 3897 ἡμῶν
613 3825 747 3894 μετά
781 3826 869 3878 τὸν
897 3827 1129 3896 Χριστὸν
1164 3824 1499 3898 καθηγητὴς,
1531 3831 1630 3899 τῆς
1650 3831 1771 3900 γητ-

185 3935 289 3988 νης
322 3919 536 3986 φύσεως
596 3916 984 3986 ἐπιλαθόμενος
1026 3919 1120 3970 καὶ
1155 3920 1406 3989 ῥευστῆς,
1435 3921 1772 3992 μεγαλοφρο-

185 4013 361 4080 νήσῃς
398 4010 486 4061 διά
543 4009 640 4078 τὴν
689 4008 891 4072 εἰκόνα,
929 4010 1038 4076 ἐγώ
1069 4028 1128 4062 σε
1167 4011 1267 4080 τῆς
1314 4013 1417 4081 γῆς
1445 4013 1766 4084 ὑπομνήσω,

183 4103 312 4155 ὅθεν
342 4098 614 4168 παρῆλθες
645 4102 699 4162 ἐς
731 4100 822 4152 τὸν
851 4100 983 4170 βίον,
1017 4102 1110 4153 καὶ
1132 4101 1182 4153 τί
1218 4102 1317 4171 μὲν
1358 4103 1461 4172 πρὸ
1493 4103 1585 4156 τοῦ
1615 4105 1768 4173 γενέ-

184 4190 338 4253 σθαι,
367 4192 450 4243 ὅτι
480 4188 651 4250 οὐδὲν,
691 4189 743 4240 τί
794 4187 850 4240 δὲ
906 4182 1050 4258 ἦσθα
1083 4190 1195 4251 τοῖς
1229 4189 1501 4259 μητρῲοις
1550 4191 1769 4261 χωρίοις

183 4283 270 4335 ἔτι
312 4281 750 4351 ἐγγεννώμενοςτ
789 4278 945 4345 ῥύσις
993 4278 1102 4350 γὰρ
1136 4281 1256 4332 κατ’
1283 4280 1461 4348 ὀλίγον
1488 4282 1567 4342 είς
1592 4281 1770 4352 σάρκα

184 4375 534 4445 πηγνυμένη.
578 4375 906 4444 Ὑπομνήσω
938 4375 1031 4427 καὶ
1068 4374 1119 4427 τί
1152 4374 1248 4445 ἔσῃ
1292 4376 1430 4444 μετὰ
1451 4375 1647 4430 ταῦτα·
1678 4378 1768 4430 κό-

186 4482 271 4527 νις
300 4464 411 4534 γὰρ
434 4464 645 4526 πάντως
673 4464 766 4516 καὶ
792 4461 1073 4532 σκώληκος
1097 4462 1332 4531 δαπάνη,
1360 4462 1466 4514 τῶν
1490 4463 1767 4516 ταλαιπω-

185 4558 436 4627 ροτάτων
473 4557 529 4609 ἐν
557 4559 768 4624 νεκροῖς
801 4554 961 4607 πλέον
987 4553 1124 4624 ἔχων
1159 4554 1327 4607 οὐδέν.
1358 4554 1482 4606 Ἐὰν
1504 4555 1579 4618 δὲ,
1610 4557 1764 4626 φησὶ,

181 4652 247 4703 τὸ
277 4649 414 4718 ὕψος
461 4647 616 4714 ἀφεὶς
669 4646 984 4718 περιαθρεῖν
1029 4647 1184 4717 (ὅπερ
1224 4648 1343 4716 οὐχὶ
1374 4647 1483 4707 σὸν,
1507 4647 1640 4700 ἀλλά
1668 4647 1760 4700 τοῦ

185 4742 442 4797 ΙΙλάστου
483 4740 598 4792 ἐστὶ
630 4738 724 4790 τοῦ
775 4737 925 4807 σοῦ),
961 4738 1036 4801 ὼς
1080 4739 1263 4808 γήϊνος
1310 4736 1567 4804 πεφυκὼς
1610 4737 1761 4801 ἐξευ-

181 4833 422 4896 τελίζεις
444 4829 636 4882 σαυτὸν
669 4831 762 4882 καὶ
816 4831 1114 4891 ταπεινοῖς,
1149 4828 1259 4896 ἐγώ
1300 4845 1359 4881 σε
1413 4829 1628 4900 ποίημα
1673 4831 1768 4883 ἀνο

183 4923 476 4995 αγορεύσω
529 4921 693 4975 Θεοῖν
752 4920 960 4974 ἐκεῖθεν
1009 4921 1246 4991 ὲπάγης,
1271 4922 1518 4993 οὐράνιος
1573 4923 1662 4976 διὰ
1706 4923 1766 4976 τὸ

185 5015 432 5084 πνεῦμα,
480 5013 689 5082 χθόνιος
730 5011 786 5063 δὲ
818 5011 904 5063 διὰ
943 5011 1040 5081 τὴν
1069 5012 1276 5082 σάρκα’
1319 5011 1438 5076 θεὸς
1477 5014 1576 5066 ούκ
1609 5013 1764 5066 ἀκτι-

185 5124 338 5169 στος,
371 5104 507 5158 ἀλλὰ
536 5103 752 5165 κτιστός
772 5119 784 5133 ο
822 5101 985 5171 ἔργον
1019 5101 1346 5172 ἀείμνηστον
1385 5103 1478 5154 καὶ
1508 5102 1764 5171 ἀνεπίλη-

188 5214 338 5256 στον,
370 5197 481 5257 τοῖς
513 5192 606 5246 τοῦ
632 5191 866 5263 Χριστοῦ
904 5191 1130 5244 πάθεσιν
1157 5191 1642 5262 ἀφθαρτιζόμενον,
1671 5195 1766 5246 καὶ

185 5289 268 5348 είς
299 5283 454 5349 δόξαν
484 5283 698 5335 αἰώνιον
725 5277 1004 5332 καταντῶν
1035 5279 1128 5330 καὶ
1153 5277 1316 5348 ζωήν.

340 5372 596 5426 Τοῠνεκα
620 5371 703 5440 μὴ
730 5370 1028 5438 σάρκεσσι
1053 5369 1362 5439 χαρίζεο,κ.
1392 5387 1443 5423 τ.
1472 5369 1548 5437 ἐξ.

260 5464 516 5527 Τοιοῦτον
538 5481 764 5534 γεγεννη
775 5462 1213 5533 μένον,οὑράνιον
1243 5461 1359 5532 ἅμα
1382 5462 1474 5514 καὶ
1503 5461 1760 5529 ἐπίγειον,

184 5562 248 5614 ού
285 5557 546 5628 βούλομαί
580 5573 660 5620 σε,
696 5549 740 5608 ὦ
780 5554 1055 5624 ἄνθρωπε,
1097 5555 1276 5606 πάντα
1327 5553 1643 5624 χαρίζεσθαι
1696 5556 1761 5623 τῇ

190 5652 398 5726 σαρκί·
427 5649 487 5702 τὸ
520 5649 700 5702 πλεῖον
737 5648 792 5700 δὲ
844 5647 1026 5718 νέμειν
1062 5646 1136 5710 ὡς
1186 5645 1451 5716 κρείττονι
1484 5644 1560 5716 τῷ
1610 5646 1767 5697 mag-

267 5763 378 5827 (Ἠ)
401 5758 532 5814 Cod.
553 5761 786 5827 κραταῖ.

240 5829 382 5902 ’(35)
411 5829 542 5886 Cod.
574 5830 922 5902 ύπερτείνων.

1875 3391 1978 3444 ιεθ
2007 3389 2068 3444 Si
2117 3388 2459 3458 superbieris,
2528 3387 2583 3439 in
2613 3434 2615 3437 .
2641 3385 2952 3458 meritoriam
2988 3399 3181 3458 revora‘
3219 3384 3357 3436 unde
3399 3384 3452 3437 in

2793 3452 2979 3525 [vitam
3009 3454 3210 3507 veneris
3230 3493 3243 3514 ,
3277 3464 3385 3507 etc.

1940 3551 2075 3606 Cum
2119 3564 2313 3618 magna
2347 3538 2434 3602 ‘sit
2461 3545 2735 3619 possessio
2773 3553 2829 3599 et
2852 3545 3034 3613 magni
3082 3544 3242 3613 pretii
3291 3545 3457 3599 homo

1870 3642 2050 3715 quoad
2073 3643 2361 3712 imaginem
2392 3640 2484 3694 Dei
2514 3646 2563 3694 et
2589 3639 2871 3701 virtutem,
2897 3638 3077 3706 quoad
3102 3652 3304 3704 corpus
3327 3653 3458 3691 vero

1871 3747 1925 3789 et
1964 3733 2229 3787 malitiam
2284 3732 2540 3785 insanum
2589 3729 2837 3796 nihilque
2883 3743 3005 3782 esse
3043 3728 3340 3796 probetur.
3387 3728 3458 3782 ob

1872 3823 2164 3893 imaginem
2210 3820 2305 3874 Dei
2342 3821 2385 3874 si
2425 3819 2738 3889 superbias,
2783 3818 2961 3886 inquit
2993 3818 3228 3870 illustris
3267 3825 3457 3871 noster

1872 3915 1927 3969 in
1969 3913 2195 3968 Christo
2235 3912 2628 3973 concionator,
2679 3919 2911 3964 terrenae
2974 3920 3189 3963 natura:
3245 3909 3445 3963 imme—

1870 4020 2077 4060 morem
2094 4012 2147 4058 et
2167 4003 2387 4057 caducae
2409 4011 2460 4057 te
2483 4001 2762 4055 recordari
2780 4000 3002 4066 faciam;
3034 4009 3236 4054 terram
3259 4000 3327 4054 de
3347 4018 3455 4070 q-ua

1870 4096 2096 4151 veniens
2128 4097 2180 4149 in
2213 4095 2380 4148 vitam
2416 4104 2667 4162 sumptus
2699 4108 2779 4154 es,
2812 4099 2865 4145 et
2901 4092 3031 4160 quid
3067 4099 3194 4146 ante
3222 4107 3454 4162 genera-

1870 4188 2074 4240 tionem
2122 4185 2304 4248 fuisti,
2358 4184 2461 4237 nisi
2506 4183 2772 4246 nihilum,
2821 4181 2954 4251 quid
3002 4182 3168 4237 etiam
3222 4199 3347 4237 eras
3395 4184 3451 4235 in

1871 4285 2044 4332 matre
2082 4285 2402 4345 conceptus,
2441 4276 2546 4328 vile
2573 4273 2847 4343 quoddam
2884 4272 2937 4325 in
2978 4287 3203 4326 carnem
3243 4288 3451 4342 coagu-

1870 4368 2060 4420 latum.
2113 4364 2406 4419 Recordari
2455 4362 2654 4416 faciam
2702 4371 2756 4417 et
2808 4361 2939 4431 quid
2992 4363 3102 4416 eris
3143 4371 3268 4432 post
3313 4363 3451 4424 haec,

1871 4460 2048 4529 pulvis
2077 4465 2130 4512 et
2159 4458 2423 4511 vermium
2453 4470 2600 4520 esca,
2626 4455 2764 4507 nihil
2791 4453 3027 4522 amplius
3056 4454 3266 4508 habens
3287 4471 3452 4524 quam

1871 4561 2210 4605 mortuorum
2239 4550 2550 4604 miserrimi.
2583 4547 2640 4602 Si
2677 4548 3075 4617 praestantiam,
3096 4548 3292 4616 inquit,
3319 4564 3453 4602 con-

1869 4643 2112 4697 siderare
2156 4641 2438 4702 desinens,
2488 4654 2608 4708 quae
2653 4646 2744 4691 tua
2793 4653 2901 4692 non
2938 4647 3044 4703 est,
3093 4640 3188 4692 sed
3224 4639 3450 4693 Creato-

1873 4732 1948 4786 ris
1969 4731 2048 4783 tui
2078 4745 2165 4785 res
2184 4738 2288 4793 est,
2316 4737 2370 4783 te
2399 4736 2677 4783 terrenum
2707 4734 3015 4782 exstantem
3040 4735 3365 4782 contemnas
3398 4737 3454 4781 et

1870 4823 2181 4893 despicias,
2233 4837 2334 4891 ego
2382 4829 2434 4874 te
2489 4819 2583 4874 Dei
2628 4834 2767 4889 opus
2811 4819 3153 4888 praadicabo:
3213 4819 3283 4872 ab
3329 4818 3450 4888 ipso

1867 4919 2156 4981 oriundus,
2190 4918 2430 4971 caelestis
2457 4933 2516 4970 es
2546 4915 2741 4986 spiritu
2762 4955 2777 4979 ,
2815 4929 2984 4968 carne
3018 4929 3145 4967 vero
3175 4923 3447 4976 terrenus,

1869 5011 2004 5064 deus
2077 5025 2184 5062 non
2252 5010 2539 5062 increatus
2582 5008 2676 5063 sed
2737 5015 2992 5068 creatus,
3042 5021 3184 5075 Opus
3233 5022 3450 5074 semper

1873 5102 2265 5166 memorabile,
2313 5102 2573 5169 nulloque
2625 5099 2786 5153 modo
2827 5099 3282 5160 oblitterandum,
3322 5113 3448 5166 pas-

1874 5196 2087 5246 sionum
2125 5191 2331 5246 Christi
2375 5192 2550 5260 gratia
2599 5207 2628 5242 a
2666 5189 3020 5258 corruptione
3065 5189 3354 5242 liberatum
3395 5201 3448 5242 et

1873 5284 1936 5336 ad
1985 5284 2213 5353 gloriam
2263 5291 2521 5336 aeternam
2566 5280 2826 5334 incedens
2858 5291 2911 5334 et
2955 5285 3142 5333 vitam.
3200 5299 3218 5330 ι
3260 5278 3447 5348 Itaque

1873 5392 1939 5429 ne
1972 5376 2124 5429 carni
2173 5374 2476 5443 indulgeas,
2516 5389 2536 5420 ›
2578 5383 2628 5426 et
2663 5389 2777 5442 seq.
2816 5371 3000 5425 Talem
3024 5379 3298 5432 creatum.
3335 5387 3447 5426 ece-

1870 5471 2059 5525 lestem
2117 5466 2277 5522 simul
2336 5474 2390 5520 et
2447 5475 2759 5524 terrenum,
2807 5479 2899 5532 per
2956 5465 3139 5517 omnia
3192 5464 3358 5526 nolo,
3411 5481 3445 5517 o

1873 5564 2054 5627 homo,
2088 5560 2368 5629 indulgeas
2393 5559 2542 5613 carni
2578 5576 2591 5611 :
2631 5557 2892 5625 majorem
2920 5573 3048 5611 vero
3080 5563 3287 5626 partem
3305 5572 3444 5626 con-

1872 5655 2032 5712 cedas
2082 5652 2296 5722 spiritui
2347 5659 2532 5719 utpote
2582 5649 2812 5713 meliori,
2863 5663 2962 5702 nec
3007 5649 3283 5718 superﬂua
3332 5649 3444 5702 vita

1946 5771 2055 5839 (56)
2091 5768 2223 5824 Cod.
2265 5766 2734 5838 ;J.c‘;ot‘l.r/;9w:'av.;.
2780 5796 2846 5803 —-
2883 5765 3002 5819 Bill.
3040 5767 3299 5836 μνήσωσ’.
