4010 6298
554 339 666 397 723

554 465 719 517 etiam
747 461 1006 518 desiderii
1047 467 1220 521 nostri
1261 467 1436 523 solius
1474 485 1613 540 opus
1655 482 1746 526 aut
1792 471 2125 528 electionis:

553 552 649 607 sed
670 555 954 610 amborum
983 558 1146 611 simul
1168 561 1511 629 agnoscenda
1540 564 1840 619 necessitas
1860 573 1914 618 et
1944 563 2133 619 volun-

559 646 689 701 tatis
726 654 929 702 nostrae
960 660 1017 702 et
1046 649 1523 719 omnipotentioris
1559 653 1655 708 Dei
1681 670 1897 712 manus.
1927 653 2131 722 Quem-

553 736 847 793 admodum
898 741 1044 795 enim
1090 743 1393 798 secundum
1455 753 1709 802 naturam
1774 764 1929 804 suam
1979 749 2130 804 visus

555 830 833 898 proposita
859 846 969 885 non
992 832 1140 887 videt
1158 833 1366 904 absque
1392 835 1508 891 sole
1532 837 1897 905 illuminante,
1929 841 2131 912 quippe

552 920 644 989 qui
676 922 853 975 visum
882 923 1151 977 illuminat
1187 931 1240 979 et
1272 925 1485 995 primus
1518 927 1589 983 ab
1615 929 1711 983 illo
1743 916 2017 985 cernitur}
2049 933 2133 985 sic

554 1024 708 1076 tuens
734 1011 1076 1067 rationabilis
1105 1020 1159 1067 et
1186 1029 1283 1083 per
1305 1015 1545 1084 seipsam
1593 1032 1782 1086 agens,
1810 1017 1879 1071 ad
1915 1019 2131 1074 virtutis

551 1100 879 1155 exercitium
946 1101 1294 1160 confortante
1346 1104 1455 1160 Deo
1512 1122 1687 1181 supra
1752 1124 1814 1164 se
1875 1109 2126 1178 erigitur.

556 1208 577 1241 ι
616 1189 733 1245 Duo
762 1192 983 1260 quidem
1016 1210 1046 1247 a
1075 1211 1272 1265 magno
1300 1197 1431 1263 Deo,
1465 1217 1482 1249 ι
1518 1208 1572 1254 et
1612 1216 1731 1269 seq.
1768 1199 1899 1254 Duae
1924 1208 2128 1271 partes,

555 1284 730 1351 prima
759 1292 813 1338 et
838 1285 1078 1340 secunda
1110 1302 1140 1341 a
1172 1286 1282 1343 Deo
1310 1291 1363 1345 in
1400 1292 1653 1347 virtutem
1687 1289 1953 1349 ducentes
1980 1309 2131 1350 ema-

551 1382 704 1440 nant,
738 1391 904 1430 unam
935 1393 1065 1432 vero
1092 1396 1122 1432 a
1156 1380 1313 1436 nobis
1345 1383 1397 1436 in
1431 1383 1601 1452 ipsum
1638 1384 1901 1441 inducere
1932 1385 2132 1441 intelli-

548 1467 782 1535 gendum
809 1477 913 1524 est.

548 1650 618 1711 98
651 1650 747 1706 Ille
769 1670 855 1709 me
884 1670 1126 1713 canerem
1160 1658 1311 1725 eﬂicit
1340 1658 1464 1711 boui
1489 1668 1538 1712 et
1568 1659 1702 1713 vires
1731 1660 2052 1728 suppeditat.

617 1823 885 1893 Capaccm
940 1826 1157 1882 virtutis
1188 1835 1243 1882 ct
1290 1828 1415 1882 boui
1467 1826 1596 1883 iecit
1641 1828 1786 1884 Deus
1845 1829 2124 1886 hominem

544 1913 635 1967 cui
694 1914 821 1969 honi
870 1916 1078 1971 semina
1130 1916 1480 1988 impertivit:
1542 1919 1716 1989 prima
1774 1922 2127 1992 secundaque

548 2022 674 2074 pars
705 2009 773 2059 ah
814 2009 947 2065 illo:
997 2009 1297 2078 potentiam
1327 2019 1382 2064 et
1415 2011 1560 2066 vires
1588 2012 1654 2065 ad
1703 2013 2039 2082 operandam
2070 2023 2125 2069 et

548 2113 721 2168 usque
741 2099 807 2152 ad
843 2100 1003 2155 hncm
1032 2101 1495 2170 perseverantiam
1520 2102 1724 2156 donat:
1755 2113 2005 2159 nostrum
2034 2120 2125 2159 au-

545 2200 654 2245 tem
687 2191 914 2245 viriliter
936 2191 1386 2264 honumcligere.
1417 2193 1602 2263 Itaque
1629 2204 1891 2263 tauquam
1922 2196 2125 2252 athleta

541 2281 790 2350 quidam,
821 2296 918 2336 nec
943 2284 1232 2351 expeditus
1258 2283 1501 2353 quidem,
1528 2285 1690 2341 nimis
1718 2287 2125 2343 retardantilyus

542 2374 793 2443 corporis
821 2376 1199 2444 conqietlihus,
1231 2391 1332 2447 ego
1359 2393 1454 2448 per
1504 2378 1739 2432 medium
1787 2379 2024 2433 stadium
2056 2378 2122 2433 ad

543 2473 745 2519 metam
771 2479 958 2526 curro.
991 2482 1090 2520 nec
1121 2470 1343 2537 prmtnio
1374 2484 1471 2523 nec
1495 2484 1695 2523 corona
1720 2484 1936 2532 carens.
1956 2486 2124 2525 inem-

544 2557 639 2609 bra
664 2558 915 2627 corporis
949 2561 1237 2615 conatihns
1274 2561 1552 2631 luctisque
1582 2576 1886 2621 consumo:
1925 2564 2125 2633 illaque

542 2662 645 2704 nec
678 2650 878 2704 viriqu
915 2667 1157 2705 mearum
1191 2668 1290 2707 nec
1320 2655 1556 2724 cnergim
1592 2669 1724 2708 mea:
1754 2668 1933 2723 Opus,
1961 2654 2121 2708 Chri-

540 2751 661 2794 stus
711 2740 843 2795 tnihi
896 2741 1097 2797 halitus
1137 2753 1191 2798 et
1237 2744 1371 2803 vita.
1407 2745 1665 2800 Christus
1700 2744 1963 2801 fortitudo
2002 2762 2117 2803 mea

538 2844 595 2889 et
638 2835 813 2906 gloria
855 2847 907 2891 et
943 2837 1147 2892 divitiae
1196 2850 1252 2895 et
1302 2840 1437 2893 mira
1476 2840 1776 2895 beatitudo.
1831 2859 1849 2892 ι
1892 2841 1993 2906 Qui
2036 2857 2122 2895 me

540 2927 981 2984 considerantcm
1006 2940 1058 2985 ct
1096 2930 1231 2987 bene
1266 2941 1599 2988 currentem.
1645 2952 1663 2985 ι
1701 2933 1753 2987 id
1777 2944 1897 2989 csl:
1937 2936 2120 2988 consi-

542 3020 883 3075 derationem
936 3033 989 3075 et
1032 3016 1496 3077 exercitationem
1545 3025 1807 3094 exponit;
1853 3033 2123 3095 quotquot.

540 3126 681 3183 ergo
699 3112 951 3181 spiritum
987 3125 1041 3168 et
1062 3114 1449 3170 fortitudinem
1482 3117 1789 3170 sortiuntur
1812 3132 1967 3173 Suam
2000 3132 2122 3172 esse

539 3206 842 3270 (lin-istum,
880 3209 932 3261 hi
968 3208 1037 3277 ad
1064 3208 1282 3265 virtutis
1310 3227 1450 3281 opus
1478 3212 1822 3282 diriguntur;
1853 3221 2121 3282 quotquot

538 3312 671 3352 vero
718 3300 839 3354 sine
874 3301 969 3353 illo
999 3314 1029 3352 a
1058 3300 1257 3370 seirsis
1290 3316 1452 3371 agere
1494 3314 1789 3362 conantur,
1832 3303 1985 3356 stulti
2030 3303 2119 3357 isti

543 3389 791 3446 homines
825 3400 878 3445 et
925 3407 1117 3447 ﬂllllles
1154 3403 1285 3447 sunt
1328 3395 1629 3463 crepundia
1670 3395 1870 3449 dehilia
1916 3406 1968 3449 et
1993 3410 2118 3449 eor-

540 3489 725 3548 rupta,
767 3480 1154 3537 incredulitate
1198 3492 1253 3537 et
1301 3484 1546 3552 peccatis
1596 3487 1798 3538 mortui
1846 3483 2119 3549 fmtentes,

542 3572 858 3642 frustraque
908 3574 1092 3629 vivere
1130 3589 1190 3629 se
1224 3577 1583 3632 arstitnantes.
1631 3578 1687 3631 Si
1736 3576 1896 3638 forte,
1945 3578 2123 3648 inquit

540 3660 921 3731 'l'hcosolihus.
948 3678 1101 3716 avem
1137 3664 1347 3732 ahSqne
1377 3679 1503 3719 aere
1529 3665 1824 3729 volantem,
1870 3676 1977 3742 aut.
2001 3667 2122 3721 sine

540 3765 680 3814 aqua
704 3760 983 3806 natantem
1011 3764 1064 3807 et
1097 3741 1431 3807 volutantem
1462 3769 1523 3809 se
1551 3754 1753 3809 videris
1776 3754 2117 3825 delphinum,

537 3855 594 3901 ct
630 3845 903 3899 hominem
948 3846 1159 3900 videbis
1196 3846 1316 3900 sine
1347 3846 1574 3902 Christo
1611 3848 1663 3900 in
1708 3848 1795 3900 via
1824 3849 2042 3902 virtutis
2067 3862 2121 3904 et

539 3937 606 3994 ad
644 3935 925 3991 Christum
971 3937 1108 3992 bene
1139 3945 1449 3991 currentem
1496 3947 1551 3991 et
1584 3947 1779 3992 metam
1819 3953 2120 4008 assequen-

539 4038 671 4084 tcttt.
716 4046 738 4081 ι
776 4029 963 4099 Itaque
995 4046 1061 4085 ne
1087 4043 1272 4084 coram
1299 4044 1385 4083 Ine
1418 4028 1646 4083 multum
1692 4029 1967 4100 glorieris,
2011 4049 2029 4080 ι
2064 4037 2117 4085 et

537 4130 663 4190 seq.‘
693 4121 850 4182 Cum.
886 4121 1083 4191 inquit,
1112 4121 1231 4177 sine
1248 4117 1381 4176 Jesu
1407 4120 1610 4176 Christi
1638 4121 1880 4191 potentia
1906 4130 1961 4175 et
1989 4136 2120 4191 ope-

537 4215 752 4268 ratione
781 4213 915 4267 nihil
945 4213 1124 4283 possis
1158 4212 1368 4277 facere,
1406 4229 1472 4269 ne
1507 4213 1721 4284 loquela
1756 4213 1990 4282 superba
2012 4213 2118 4267 eri-

538 4308 709 4379 garis.
744 4321 920 4375 neque
957 4307 1154 4361 elatius
1185 4306 1241 4360 in
1272 4306 1701 4376 cogitationibus
1730 4307 1840 4360 tuis
1877 4314 1931 4361 te
1958 4320 2121 4376 geras

537 4404 697 4470 quasi
735 4399 1199 4471 prmlentissimus
1237 4407 1293 4454 et
1323 4398 1765 4469 sapientissimus
1805 4399 1905 4462 sis,
1936 4414 2118 4469 neque

537 4492 745 4546 virtute
785 4490 1098 4546 inferiorem
1145 4490 1335 4545 videns
1382 4488 1590 4544 tumide
1620 4497 1673 4543 te
1717 4488 2114 4560 magnipendas

540 4584 697 4654 quasi
738 4591 967 4638 cunctos
1014 4596 1241 4651 superes
1293 4579 1514 4661 propior
1556 4580 1778 4636 virtutis
1806 4580 2111 4647 accedens;

538 4695 663 4737 nam
702 4693 930 4734 summa:
967 4691 1224 4748 suprema
1265 4676 1523 4739 virtutis,
1575 4674 1708 4729 illud
1755 4676 1900 4729 enim
1943 4674 2113 4745 signi-

539 4772 666 4827 ﬁcat
698 4769 908 4841 τέρμα.
942 4776 1115 4833 meta,
1141 4784 1248 4822 non
1282 4777 1368 4823 est
1406 4766 1500 4838 qui
1538 4780 1801 4836 prospere
1837 4765 2112 4834 attingens

539 4867 657 4925 llat,
693 4879 799 4917 non
823 4868 909 4917 esl
939 4862 1031 4931 qui
1062 4858 1452 4930 perfectionem
1480 4867 1828 4927 assequatur,
1871 4857 1965 4927 qui
2000 4872 2111 4911 non

539 4949 841 5007 secundum
889 4946 1172 5002 Christum
1217 4947 1410 5013 agonis
1455 4947 1615 5001 linem
1664 4954 1718 5002 et
1761 4947 1904 5000 viam
1954 4962 2110 5001 suam

541 5042 738 5112 posuit.
790 5040 983 5095 Adhuc
1011 5054 1143 5109 ergo
1184 5040 1236 5092 in
1260 5055 1430 5107 carne
1474 5038 1683 5102 vivens,
1737 5039 1878 5092 intra
1914 5049 2111 5092 metam

538 5150 768 5188 manens
817 5148 993 5202 neque
1041 5132 1284 5186 stadium
1328 5147 1645 5193 emensum,
1702 5147 1877 5201 neque
1931 5132 2112 5201 reipsa

537 5230 704 5281 vitam
747 5233 1055 5281 assecutum
1092 5240 1215 5281 esse
1246 5232 1299 5278 te
1341 5224 1594 5294 superbis
1619 5224 1801 5278 verbis
1831 5224 2110 5293 gloriaris.

542 5400 641 5456 115
669 5396 849 5469 Neque
880 5401 1101 5453 nimium
1129 5401 1335 5459 timeas,
1359 5406 1450 5451 nec
1478 5400 1699 5452 nimium
1723 5398 1982 5467 conﬁdas,
2002 5406 2109 5453 etv.

614 5553 778 5609 Deum
813 5553 1079 5609 viventem
1122 5553 1314 5608 timere
1347 5563 1401 5609 et
1434 5552 1672 5608 revereri
1714 5554 1942 5607 multum
1975 5555 2116 5608 valet

613 5687 721 5755 (35)
756 5686 809 5740 In
851 5688 1303 5759 scholiisBillios.
1346 5689 1629 5746 codicibus
1647 5690 1761 5745 suis
1795 5706 2104 5759 repugnan-

543 5755 707 5817 tibus,
735 5772 829 5831 pro
861 5758 1113 5831 speratam
1141 5775 1420 5831 I‘Oputim't‘._
1458 5760 1621 5814 Voluit
1670 5755 1954 5831 φρονέει-(ξ
1980 5763 2107 5825 quia

542 5840 735 5882 versus
752 5829 824 5880 ita
840 5828 1107 5883 scribatur
1131 5830 1376 5885 curuum
1405 5828 1572 5888 lmine
1596 5828 1868 5901 581,'vers.
1888 5830 1950 5885 01
1974 5831 2106 5903 Λίηυ

1899 349 2199 407 NICETAS
2240 345 2448 403 DAVlD

3722 340 3840 395 724

2233 468 2502 536 εξούσιονο
2522 465 2634 520 οὒτ’
2665 458 2758 518 οῦν
2780 463 3054 536 ἔργον-τῆς
3072 462 3348 534 ἡμετέρας
3368 463 3620 533 μενοινῆς
3640 461 3833 533 μόνης,
3856 522 3861 531 η
3950 442 3951 499 ἰ

2233 561 2350 631 ἦτοι
2380 558 2756 630 προαιρέσεως
2780 572 2794 585 ⁶
2828 558 3032 627 ἀμφοῖν
3067 556 3124 609 δὲ
3152 553 3598 626 ὁμολογουμένως
3626 550 3833 627 χρεὼν,
3950 602 3951 605 η

2233 652 2330 723 τῆς
2353 667 2414 703 τε
2445 648 2763 723 προθέσεως
2793 648 2893 718 τῆς
2938 647 3080 718 ἐμῆς
3116 647 3212 700 καὶ
3259 644 3655 718 κραταιοτέρας
3692 641 3835 698 Θεοὸ

2232 722 2434 810 δεξιᾶς.
2474 722 2689 812 Ὠσπερ
2721 739 2829 812 γὰρ
2860 741 2892 809 ή
2920 740 3111 809 ὅρασις
3130 738 3313 802 οῦπως
3340 738 3405 791 ἂν
3424 735 3565 791 κατὰ
3592 735 3693 807 τὴν
3715 733 3834 799 ἕξιν

2232 836 2401 905 αὐτῆς
2428 833 2687 906 καθορῴη
2712 832 2781 886 τὰ
2804 830 2979 903 ὁρατὰ
2997 830 3092 884 τοῦ
3121 829 3448 898 φωτίζοντος
3477 827 3631 898 ἡλίου
3661 826 3833 896 χωρὶς

2233 927 2415 1005 (αὐτὸς
2458 926 2568 996 γὰρ
2619 922 2850 994 φωτίζει
2877 921 2976 993 την
2997 921 3121 991 ὅφιν
3165 921 3260 974 καὶ
3297 918 3513 990 πρῶτος
3533 917 3625 972 ὑπ’
3657 916 3833 985 αὐτῆς

2229 1018 2470 1088 ὁρᾶται),
2510 1014 2684 1077 οὕτως
2738 1015 2772 1084 ἡ
2816 1012 3009 1082 λογικὴ
3036 1009 3186 1082 ψυχὴ
3223 1010 3318 1063 καὶ
3346 1008 3697 1077 αὐτοκίνητος
3721 1005 3836 1059 ἀπὸ

2228 1106 2364 1161 Θεοῦ
2402 1108 2745 1180 ῥωννυμένη,
2782 1105 2921 1177 πρὸς
2952 1103 3057 1174 τὴν
3080 1102 3179 1173 τῆς
3204 1101 3409 1175 ἀρετῆς
3440 1099 3638 1172 πρᾶξιν
3662 1099 3830 1152 διανίο

2232 1215 2424 1253 σταται
2459 1196 2520 1263 ἐξ
2558 1198 2782 1263 ἑαυτῆς.

2229 1289 2391 1344 Δοιαί
2415 1287 2534 1359 μὲν
2552 1286 2836 1359 μετάξοιο
2860 1285 3030 1350 Θεοῦ,
3059 1302 3115 1338 κ.
3139 1302 3191 1337 τ.
3217 1283 3297 1347 ἐξ.

2301 1378 2405 1432 Δύο
2454 1378 2554 1450 μὲν
2582 1377 2799 1449 μοίρας,
2834 1374 3065 1447 πρώτην
3088 1375 3183 1427 xal.
3212 1372 3466 1443 ὑστέραν,
3505 1370 3583 1435 ὡς
3603 1370 3712 1424 ἀπὸ
3733 1369 3833 1424 τοῦ

2229 1469 2365 1523 Θεοῦ
2396 1470 2533 1541 πρὸς
2561 1466 2899 1540 κατόρθωσιν
2942 1468 3041 1537 τῆς
3071 1463 3296 1535 ἀρετῆς,
3333 1462 3463 1534 μίαν
3488 1462 3544 1515 δὲ
3580 1461 3834 1531 εἰσφέρε-

2232 1560 2356 1615 σθαι
2386 1560 2603 1630 νοητέον
2637 1559 2769 1632 παρ’
2797 1557 2974 1630 ἡμῶν.

2233 1661 2302 1716 98
2339 1657 2552 1727 Κεῖνος
2589 1658 2805 1714 δεκτόν
2838 1658 3019 1725 ἔθηκε
3058 1654 3252 1711 καλοῦ
3290 1653 3655 1796 καὶῐὲρέοξ
3687 1650 3839 1774 ὀξά-

2309 1830 2368 1883 '0
2391 1830 2492 1901 μὲν
2520 1829 2652 1894 θεὸς
2672 1827 2919 1883 δεκτικὸν
2941 1826 3143 1897 ἀρετῆς
3173 1825 3268 1879 καὶ
3299 1823 3392 1878 τοῦ
3420 1823 3586 1891 καλοῦ
3608 1822 3703 1876 τὸν
3733 1822 3833 1876 ἄν-

2227 1921 2442 1992 θρωπον
2472 1923 2725 1994 ποιήσας,
2760 1919 2831 1973 τὰ
2858 1919 3147 1989 σπέρματα
3177 1916 3419 1995 παρέσχε
3452 1913 3548 1967 τοῦ
3571 1911 3783 1983 ἀγαθοῦ
3808 1930 3823 1944 ’

2224 2012 2362 2084 αῦτη
2407 2012 2599 2084 πρώτη
2624 2028 2639 2041 '
2689 2010 2917 2082 δευτέρα
2953 2010 3010 2062 δὲ
3052 2012 3218 2079 μοῖρα
3246 2010 3375 2079 παρ’
3404 2006 3594 2071 αὑτοῦ,
3630 2007 3835 2077 κράτος

2227 2110 2320 2159 καὶ
2343 2106 2497 2176 ἰσχὺν
2528 2104 2666 2176 πρὸς
2685 2104 2786 2174 τὴν
2820 2101 3083 2174 ἐργασίαν
3110 2101 3205 2153 καὶ
3245 2099 3373 2170 ἄχρι
3406 2097 3596 2161 τέλους
3622 2099 3832 2168 ὑπομο-

2225 2198 2321 2269 νὴν
2342 2197 2593 2269 δωρεῖται
2613 2214 2627 2227 ⁸
2663 2196 2931 2266 ἡμέτερον
2957 2190 3329 2271 δὲ’προθύμως
3359 2187 3632 2260 αἱρεῖσθαι
3654 2190 3835 2257 τάγα-

2227 2290 2337 2344 θόν.
2374 2289 2483 2342 Καὶ
2511 2288 2689 2341 τοίνυν
2724 2286 2834 2355 ἐγὼ
2860 2286 2954 2339 τοῦ
3002 2284 3219 2339 σταδίου
3255 2282 3417 2354 μέσον
3440 2277 3528 2334 οἶά
3558 2298 3643 2344 τις
3683 2282 3836 2347 ἀγω-

2227 2378 2430 2450 νιστὴς,
2459 2379 2553 2432 καὶ
2585 2379 2695 2431 οὐδ’
2728 2377 2971 2450 ἐλαφρὸς
3005 2380 3167 2447 ἄγαν,
3208 2378 3328 2440 ταῖς
3362 2376 3455 2447 τοῦ
3492 2375 3746 2445 σώματος
3774 2375 3833 2428 δὲ

2227 2472 2415 2534 πέδαις
2463 2470 2853 2541 βαρυνόμενος,
2906 2470 3001 2524 καὶ
3060 2469 3267 2541 τρέχων
3308 2469 3452 2522 κατὰ
3492 2467 3699 2522 σκοπὸν
3730 2468 3837 2521 οὐκ

2226 2562 2687 2634 ἀγέραστοςωῦδὲ
2717 2562 2996 2629 στεφάνων
3013 2561 3167 2631 ἄτερ,
3197 2560 3267 2613 τὰ
3298 2561 3434 2631 μέλη
3456 2560 3550 2613 τοῦ
3576 2559 3833 2631 σώματος

2225 2655 2333 2715 τοῖς
2362 2652 2599 2722 ἅλμασιν
2646 2651 2887 2724 ὲκτρίϐω
2918 2652 3014 2705 καὶ
3042 2656 3162 2717 ταῖς
3194 2654 3460 2721 ἀγωνίαις
3481 2668 3498 2685 °
3531 2654 3628 2706 καὶ
3654 2653 3837 2707 ταῦτα

2222 2743 2284 2794 οὖ
2314 2741 2411 2812 τῆς
2435 2743 2575 2813 ἐμῆς
2619 2743 2800 2813 ἰσχύος
2841 2743 2875 2814 ἢ
2919 2744 3184 2808 συνέσεως
3213 2745 3450 2815 περὰναι
3471 2762 3484 2776 ·
3511 2746 3747 2817 Χριστὸς
3773 2744 3837 2798 δέ

2225 2851 2317 2901 μοι
2350 2833 2594 2905 ἀναπνοὴ
2628 2835 2723 2888 καὶ
2745 2834 2891 2908 ζωὴ,
2940 2835 3175 2906 Χριστός
3219 2852 3310 2906 μοι
3338 2836 3568 2908 δύναμίς
3591 2839 3711 2890 ἐστι
3734 2838 3837 2893 καὶ

2222 2923 2351 2987 δόξα
2385 2926 2479 2977 καὶ
2507 2902 2755 2989 πλοῦτοί
2770 2902 2869 2978 καὶ.
2897 2902 3238 2996 μαδιαριὸτης
3262 2902 3574 2997 θαυμαστή.
3597 2928 3731 2988 ι’(ὶς
3762 2944 3833 2997 με

2228 3019 2320 3070 καὶ
2342 3016 2597 3084 ὠπήεντα
2620 3016 2716 3068 καὶ
2738 3014 3121 3086 εὖδρομέοντα,
3136 3034 3154 3067 ι
3180 3016 3324 3069 τοῦτ’
3345 3014 3461 3068 ἐστι
3488 3014 3834 3084 θεωρητικὸν

2227 3096 2576 3161 ἀποδείκνυσι
2617 3107 2709 3159 καὶ
2747 3106 3072 3177 πρακτικόν.
3106 3108 3262 3161 Ὅσοι
3296 3108 3393 3178 μὲν
3421 3103 3515 3160 οὖν
3547 3108 3836 3177 ἀναπνοὴν

2228 3201 2323 3252 καὶ
2371 3198 2688 3252 εὖσθένειαν
2724 3197 3041 3269 εὐμοιροῦσι
3075 3199 3167 3252 τὸν
3207 3199 3467 3272 Χριστὸν,
3501 3193 3647 3253 οῦτοι
3689 3203 3835 3271 πρὸς

2225 3288 2286 3341 τὸ
2341 3290 2499 3359 ἔργον
2544 3287 2933 3361 κατορθοῦνται
2974 3290 3073 3360 τῆς
3128 3289 3364 3361 ἀρετῆς·
3406 3291 3519 3342 ὅσοι
3545 3289 3589 3342 δ’
3614 3291 3837 3345 ἐκείνου

2223 3376 2391 3449 χωρὶς
2421 3375 2481 3442 ἐξ
2504 3377 2711 3431 ἑαυτῶν
2737 3378 3101 3450 ἐπιχειροῦσι,
3132 3380 3349 3449 μάταιοι
3376 3374 3519 3433 οὗτοι
3544 3379 3836 3452 ἄνθρωποι

2221 3467 2315 3520 καὶ
2343 3466 2565 3532 παίγνια
2591 3466 2793 3530 πάντες
2819 3469 2959 3520 εἰσὶν
2978 3469 3219 3539 ἐπίκηρα
3246 3468 3341 3521 καὶ
3363 3467 3603 3539 φθαρτὰ,
3630 3470 3835 3540 νεκροὶΔ

2224 3557 2407 3627 μὲντῇ
2440 3556 2668 3627 ἀπιστία
2716 3556 2813 3609 καὶ
2846 3560 2966 3621 ταῖς
2998 3559 3300 3630 ἁμαρτίαις
3339 3558 3616 3623 ὀδωδότες,
3640 3559 3835 3630 μάτην

2219 3650 2275 3703 δὲ
2304 3649 2405 3720 ζῇν
2449 3648 2945 3719 ὑπολαμϐάνοντες.
2982 3651 3050 3703 Et
3075 3668 3205 3704 ποτε
3243 3651 3374 3722 ἄρα,
3393 3651 3562 3721 φησὶν
3589 3654 3617 3704 ὁ
3639 3650 3839 3706 θεόσυ-

2221 3738 2505 3810 φος,ὃρνιν
2529 3738 2687 3810 ἀέρος
2724 3739 3030 3793 ἀπάνευθεν
3078 3741 3399 3810 πετόμενον,
3434 3739 3468 3810 ἢ
3504 3740 3673 3810 χωρὶς
3699 3740 3838 3796 ὓδα-

2218 3850 2310 3894 τος
2337 3831 2622 3902 ἁ).ίδρομον
2642 3832 2878 3901 ’ἐρποντα
2903 3830 3252 3904 τεθεώρηκας
3264 3832 3507 3903 δελφῖνα,
3540 3834 3635 3885 καὶ
3648 3834 3835 3907 ἄνδρα

2219 3923 2485 3993 ὅψειᾶνευ
2523 3923 2761 3995 Χριστοῦ
2790 3923 2924 3995 πρὸς
2960 3925 3162 3996 ἀρετὴν
3202 3924 3571 3997 εὐδρομοῦντα
3605 3927 3703 3980 καὶ
3733 3928 3836 3982 τὸν

2218 4015 2474 4086 Χριστόν.
2968 4049 2974 4055 -

2225 4109 2308 4175 Τῷ
2328 4108 2414 4178 μή
2430 4126 2533 4177 μοι
2549 4109 2692 4175 λίην
2710 4107 3043 4177 μεγαλίζεο,
3069 4126 3124 4160 κ.
3152 4125 3205 4162 τ.
3241 4108 3321 4173 ἐξ.

2302 4199 2542 4271 Ἐπειδὴ,
2595 4200 2752 4269 φησὶ,
2803 4201 2976 4270 χωρὶς
3012 4200 3188 4271 Ἰησοῦ
3247 4201 3484 4271 Χριστοῦ
3529 4202 3627 4273 τῆς
3654 4202 3831 4259 δυνά-

2222 4309 2368 4364 μεως
2388 4294 2481 4346 καὶ
2496 4291 2786 4363 συνεργίας
2813 4291 2874 4344 οῦ
2892 4290 3116 4346 δύνασαι
3134 4296 3304 4347 ποιεῖν
3317 4293 3492 4359 οὐδὲν,
3534 4296 3607 4366 μὴ
3639 4312 3829 4365 μεγα-

2218 4385 2563 4459 λορῤημόνει,
2599 4382 2722 4454 μηδ’
2760 4382 2853 4435 ἐπὶ
2896 4385 3015 4446 ταῖς
3048 4384 3167 4448 σαῖς
3195 4384 3555 4456 ὑψηλοφρόνει
3597 4387 3829 4456 φρεσὶν,

2218 4474 2294 4538 ὡς
2327 4457 2735 4547 φρονιμώτατος
2786 4467 2903 4530 και
2933 4475 3211 4545 πάνσοφος
3252 4475 3351 4539 ὢν,
3389 4476 3527 4548 μηδὲ
3554 4477 3689 4549 πρὸς
3730 4478 3829 4532 τὸν

2221 4567 2341 4619 κατ’
2365 4566 2564 4638 ἀρετὴν
2615 4567 3001 4637 ἐλαττούμενον
3034 4567 3196 4638 ὀρῶν,
3236 4570 3315 4632 είς
3338 4567 3480 4639 -ῦψος
3509 4569 3701 4640 ἀρθῇς,
3745 4570 3830 4635 ὡς

2220 4658 2437 4713 πάντων
2482 4658 2767 4730 ὑπερέχων
2794 4659 2889 4712 καὶ
2930 4658 3025 4711 τοῦ
3052 4658 3257 4717 τελείου
3298 4660 3450 4730 ἥκων
3491 4660 3675 4728 ἐγγύς.
3713 4659 3829 4715 Καὶ

2218 4748 2329 4821 γὰρ
2368 4749 2461 4802 τοῦ
2500 4750 2801 4820 ἀκροτάτου
2862 4750 3049 4815 τέλους
3107 4750 3206 4819 τῆς
3250 4751 3455 4822 ἀρετῆς
3487 4751 3665 4821 (τοῦτο
3704 4752 3827 4823 γὰρ

2221 4841 2475 4913 σημαίνει
2501 4840 2564 4895 τὸ
2589 4841 2788 4913 τέρμα)
2821 4843 2923 4895 οὐκ
2954 4842 3100 4896 ἐστιν
3137 4844 3369 4914 ἐπιτυχῆ
3404 4843 3676 4913 γενέσθαι.
3714 4844 3828 4899 οὐκ

2216 4933 2364 4986 ἐστιν
2388 4933 2648 5004 ἐπιϐῆναι
2693 4934 2793 5005 τῆς
2816 4933 3152 5005 τελειότητος
3185 4934 3274 4989 τὸν
3302 4934 3377 5006 μὴ
3402 4936 3466 4988 τὸ
3482 4934 3576 4988 τοῦ
3598 4933 3827 5002 ἀγῶνος

2216 5027 2366 5091 τέλος
2422 5029 2517 5081 καὶ
2561 5031 2659 5099 τῆς
2682 5026 2826 5081 κατὰ
2868 5028 3105 5101 Χριστὸν
3153 5027 3481 5099 τεθεαμένον
3513 5025 3652 5080 ὀδοῦ.
3686 5028 3821 5083 Ἔτι

2217 5114 2311 5173 οῦν
2336 5121 2393 5173 ὲν
2416 5120 2577 5191 σαρκὶ
2598 5118 2856 5184 διαϐιοὺς,
2878 5120 3027 5183 ἐντὸς
3065 5120 3246 5191 μένειν
3273 5119 3368 5174 τοῦ
3398 5120 3687 5191 τέρματος.
3717 5122 3823 5175 καὶ

2225 5216 2389 5283 μήπω
2411 5212 2502 5265 τὸν
2525 5211 2723 5283 δρόμον
2742 5212 3105 5274 τετελεκέναι,
3139 5213 3270 5284 μηδὲ
3292 5213 3389 5283 τῆς
3417 5212 3587 5274 ὅντως
3614 5210 3817 5266 ἐπιλα-

2221 5304 2410 5360 ϐέσθαι
2446 5304 2838 5381 μεγαλοφρόνει
2858 5306 3022 5378 ζωῆς.

2222 5398 2322 5452 115
2350 5398 2504 5466 Λίην
2556 5396 2667 5462 μὲν
2687 5396 2953 5467 τρομέειν
2978 5399 3113 5469 (55),
3166 5397 3309 5469 λίην
3345 5396 3411 5450 δέ
3442 5414 3503 5450 τε
3546 5395 3634 5464 μὴ
3654 5395 3811 5469 ,βλε-

3200 5468 3507 5538 Ιμεαίνειν,
3533 5483 3586 5520 κ.
3606 5483 3655 5520 τ.
3676 5466 3731 5519 λ.

2284 5558 2358 5611 Τὸ
2388 5558 2486 5628 μὲν
2520 5559 2746 5630 τρέμειν
2785 5558 2918 5613 Θεὸν
2970 5558 3149 5624 ζῶντα
3198 5559 3293 5613 καὶ
3334 5558 3637 5629 φοϐεῖσθαι,
3676 5557 3811 5613 λίαν

2219 5691 2610 5775 μὲνφρονέειν,
2638 5690 2757 5764 λίην
2777 5690 2831 5745 δέ
2861 5707 2919 5745 τε
2950 5689 3024 5763 μὴ
3057 5688 3418 5762 βλεμεαίνειν.
3461 5718 3505 5729 -
3530 5686 3661 5745 Cod.
3684 5685 3807 5759 βλο-

2219 5778 2465 5832 μεαινην.
