4010 6298
252 344 366 404 78

256 463 624 538 συμδάλλεται
651 462 729 537 τῷ
766 465 1150 539 ἀγωνιζομένῳ
1168 484 1182 498 ·
1201 467 1461 540 οὓτωγάρ
1484 471 1684 534 παντὸς
1695 470 1837 541 φαύ-

251 546 355 611 λου
407 555 729 626 πράγματος
772 550 1063 626 ἀφέξεταν
1109 558 1229 614 λίαν
1258 560 1316 614 δὲ
1370 560 1711 633 βλεμεαίνειν
1745 564 1840 617 καὶ

252 652 397 718 πρὸς
443 647 541 718 τὴν
589 646 685 701 τοῦ
713 647 846 701 Θεοῦ
878 648 1109 721 θεωρίαν
1142 652 1453 717 ἀνευλαδῶς
1487 654 1837 725 ἐξεσηκὲναι

250 738 357 792 οὐκ
384 739 639 808 ἀσφαλές.
675 740 784 793 Καὶ
826 740 932 812 γάρ
967 741 1125 795 τοῦτο
1167 742 1427 812 ύψοῦντος
1469 746 1660 799 ἑαυτόν
1690 748 1837 801 ἐστιν

250 832 335 897 ὡς
367 833 654 900 ὴγγικότος
679 832 799 903 Θεῷ
821 849 834 864 ·
863 833 925 899 ἐξ
972 830 1033 889 οὗ
1084 836 1179 890 καὶ
1223 838 1303 900 είς
1332 837 1573 909 αἱρέσεις
1602 839 1837 904 ἀτόπους

250 921 359 975 οὐκ
390 921 557 990 ὀλίγοι
586 921 985 994 ἐξετράπησαν,
1018 925 1101 979 ὅτι
1146 926 1563 1000 ὑψηλοφροσύνη
1611 930 1837 1001 πτώμα-

250 1028 351 1077 τος
381 1012 560 1067 αἰτία·
595 1014 782 1086 ὥσπερ
814 1021 909 1070 καὶ
959 1017 1115 1082 ἐλπὶς
1159 1021 1297 1089 μετά
1336 1023 1837 1095 ταπεινοφροσύνης

247 1102 449 1175 Mi
469 1120 483 1135 ’
517 1106 603 1158 ἀεὶ
632 1105 689 1158 δὲ
709 1110 830 1170 ταῖς
859 1108 1126 1178 μεγάλαις
1156 1110 1558 1183 ὑπερηφανίαις
1584 1114 1837 1169 ἀντιτάσ-

253 1211 404 1248 σεται
436 1196 532 1249 καὶ
555 1196 832 1267 ὀργίζεται
854 1202 882 1253 ὁ
913 1198 1136 1272 Κύριος.

394 1287 635 1356 Μάρπτε
665 1289 731 1342 τὸ
747 1290 883 1357 μὲν,
909 1308 965 1347 κ.
995 1309 1047 1346 τ.
1087 1292 1169 1359 ἐξ.

333 1377 397 1429 Ὃ
422 1376 478 1429 δὲ
499 1378 588 1433 διά
614 1378 820 1433 τούτων
842 1381 1012 1451 δηλοϊ,
1034 1382 1181 1436 τοῦτ’
1201 1380 1353 1447 εἶναι,
1367 1385 1652 1459 πείθομαι·
1672 1389 1835 1444 Ἀλλο

252 1464 358 1534 μὲν
381 1464 487 1519 τῶν
508 1467 666 1522 θείων
686 1473 1041 1542 χαρισμάτων
1070 1475 1164 1529 τοῦ
1183 1477 1321 1530 Πνεύ
1329 1496 1497 1548 ματος
1516 1481 1703 1552 κράτει
1720 1482 1830 1553 (54)

245 1558 411 1626 χερσὶ
460 1563 677 1630 νοηταῖς
716 1563 1235 1636 περιδρασσόμενος,
1266 1568 1393 1623 ἄλλο
1421 1570 1488 1623 δὲ-
1518 1572 1831 1643 προσδοκῶν

244 1648 319 1717 τῇ
350 1646 523 1701 ἑλπίδι
579 1650 846 1722 ταμιεύου
866 1671 881 1684 ·
928 1653 1011 1725 τῷ
1037 1656 1314 1728 ἀνεφίκτῳ
1344 1660 1400 1713 δὲ
1446 1662 1540 1714 καὶ
1563 1663 1704 1734 ὑπὲρ
1731 1664 1830 1734 τὴν

246 1734 351 1805 σὴν
373 1737 527 1801 ἀξίαν
559 1738 831 1811 ὑποχώρει
861 1742 1254 1815 εὐλαϐούμενος
1271 1764 1286 1778 σ
1305 1747 1463 1802 τοῢτο
1490 1750 1599 1822 γὰρ
1617 1750 1829 1822 σώφρο-

243 1843 340 1890 νος
385 1826 480 1880 νοῦ
530 1830 624 1883 καὶ
666 1834 1000 1905 φρονήσεως,
1047 1835 1147 1906 τῆς
1192 1838 1328 1902 ίδίας
1361 1839 1600 1909 βιώσεως
1651 1842 1830 1909 ἐξεπί-

245 1915 478 1969 στασθαι
528 1919 598 1971 τά
659 1920 857 1993 μέτρα.
906 1924 1017 1977 Kal
1063 1925 1173 1998 γὰρ
1225 1928 1338 1980 ἴσον
1385 1928 1555 1982 κακόν
1594 1931 1829 1986 ἐστικαὶ

239 2008 451 2076 ὁμοίως
510 2010 849 2069 ἐπικίνδυνον
904 2015 1227 2081 ἀπελπίζειν
1255 2034 1315 2072 τε
1346 2018 1413 2072 τά
1458 2020 1639 2089 ἀγαθά
1667 2022 1827 2089 (ἀπό-

240 2113 449 2164 γνωσις
484 2100 649 2156 τοῦτο
669 2103 825 2175 γὰρ),
858 2106 954 2159 καὶ
981 2107 1203 2179 θαρρεῖν
1225 2112 1524 2181 περισσῶς,
1562 2113 1639 2177 ὼς
1666 2114 1829 2167 εὐπε-

240 2188 339 2250 tt;
365 2190 586 2261 ἄριστον
648 2190 790 2249 εἶναι
838 2197 935 2250 καὶ
988 2198 1196 2253 τέλειον
1228 2201 1420 2273 (θρασὺ
1451 2203 1581 2275 γάρ)
1608 2221 1620 2234 ·
1652 2207 1831 2275 ἀμφο-

239 2278 420 2349 τέρως
466 2282 525 2336 δὲ
590 2284 685 2338 τοῦ
742 2286 909 2341 καλοῦ
946 2287 1349 2362 διαμαρτάνων,
1395 2294 1490 2348 τοῦ
1529 2295 1700 2349 κακοῦ
1729 2298 1827 2367 τὴν

242 2370 453 2444 ἵδρυσιν
487 2373 817 2443 βεδαιώσαις
842 2381 1094 2452 σεαυτῷ.,

386 2464 517 2518 Ais!
534 2480 635 2519 σοι
657 2466 723 2521 τὸ
750 2466 1077 2538 βέλεῂνον,
1114 2489 1169 2527 κ.
1192 2491 1240 2526 τ.
1275 2472 1355 2539 ἐξ.

326 2554 386 2608 'O
444 2555 675 2627 δόκιμος
719 2559 943 2631 τοξότης
976 2564 1118 2617 κατά
1166 2566 1366 2618 σκοπὸν
1408 2567 1497 2619 ἀεὶ
1530 2566 1741 2637 βάλλειν
1765 2570 1828 2623 τὸ

241 2642 399 2712 βέλος
422 2647 747 2714 ἀγωνίζεται
769 2666 784 2682 ο
823 2650 1085 2717 ὡσαύτως
1112 2656 1203 2708 καὶ
1234 2655 1311 2727 τῷ
1340 2658 1614 2730 ἀγωνιστῇ
1651 2678 1825 2732 προσ-ο

239 2733 371 2803 ήκει
424 2736 699 2812 εὐστόχως
726 2800 731 2805 ,
754 2740 842 2793 ἀεὶ
884 2745 977 2795 τὸν
1016 2743 1212 2814 εὐσεϐῆ
1245 2744 1502 2816 λογισμὸν
1529 2752 1595 2819 τῇ
1630 2748 1825 2821 πράξει

240 2826 597 2881 κατευθύνειν
644 2830 744 2899 τῆς
782 2832 1006 2903 ἀρετῆς,
1055 2834 1131 2897 ὡς
1172 2834 1300 2906 μήθ’
1330 2828 1692 2907 ὐπερόάλλειν
1722 2840 1825 2910 τῆς

242 2918 623 3003 σωτηριώδους
681 2923 902 2994 ἐντολῆς
934 2925 1229 2993 (κενόδοξον
1264 2927 1417 2998 γὰρ),
1460 2931 1585 3000 μήτ’
1617 2928 1711 2984 οὖν
1735 2938 1822 2990 ὲλ-

240 3006 414 3073 λιπιῖις
440 3011 769 3082 ἐργάζεσθαι
809 3016 1021 3069 δοκεῖν·
1053 3017 1297 3089 ῥᾴθυμον
1344 3020 1474 3089 γάρ.
1517 3021 1821 3094 ’Υπερὸολὴ

238 3099 355 3171 γὰρ
377 3105 472 3156 καὶ¹
504 3103 742 3175 ἔλλειψις
768 3107 971 3161 ἐπίπαν
993 3108 1263 3174 ἀπευκτὰ,
1288 3111 1424 3182 πρὸς
1443 3112 1823 3186 ἀσυμμετρίαν

1269 350 1336 406 ΙΝ
1374 350 1678 409 CARMINA
1726 354 2010 411 ARCANA
2049 354 2109 411 5.
2142 353 2495 411 GREGORII.

3406 353 3514 412 720

1943 485 2042 543 pro
2072 471 2373 533 militante;
2410 468 2493 524 sic
2525 467 2671 523 enim
2718 469 2787 522 ab
2821 467 2970 522 omni
3004 480 3167 535 opere
3199 466 3423 537 indigno
3455 486 3518 525 se

1940 563 2257 619 abstinebit.
2286 560 2517 617 Mullum
2540 560 2731 618 extolli
2757 568 2810 615 et
2832 560 2885 613 in
2910 558 3002 613 Dei
3032 558 3284 612 notitiam
3308 560 3517 629 absque

1938 656 2244 710 reverentia
2277 661 2606 725 penetrare,
2654 667 2763 706 non
2811 659 3033 714 totum;
3059 660 3146 706 est
3187 652 3330 705 enim
3380 651 3516 705 illud

1939 746 2310 817 superbientis
2336 746 2393 799 in
2428 744 2741 799 accedendo
2775 744 2839 798 ad
2876 743 3082 808 Deum;
3131 742 3257 797 inde
3303 744 3357 796 in
3402 742 3519 797 hat-

1938 854 2088 894 reses
2121 839 2346 893 insanas
2388 852 2497 891 non
2530 837 2688 907 pauci
2712 842 3059 900 erraverunt,
3089 836 3219 906 quia
3260 835 3517 904 superbia

1937 946 2101 1003 casus
2130 945 2321 995 causa,
2357 930 2501 986 sicut
2533 938 2587 985 et
2624 945 2750 998 spes
2779 944 2902 983 cum
2941 928 3250 983 humilitate
3275 929 3515 983 exaltat:

1939 1038 2156 1093 semper
2198 1030 2253 1079 et
2292 1023 2490 1077 audaci
2522 1020 2792 1091 superbiae
2835 1021 3134 1092 Opponitur
3163 1028 3216 1074 et
3256 1023 3521 1074 Irascitur

1937 1115 2223 1170 Dominus.
2264 1133 2282 1166 ι
2320 1113 2436 1169 Hoc
2468 1129 2624 1183 cape,
2653 1132 2671 1165 ι
2712 1122 2766 1169 et
2789 1129 2905 1181 seq.
2947 1111 3102 1179 Quod
3136 1114 3222 1167 his
3254 1111 3516 1175 ostendit,

1936 1207 2018 1262 sic
2055 1208 2251 1276 opinor
2285 1202 2475 1260 :Aliud
2508 1204 2820 1259 divinorum
2846 1201 3090 1274 Spiritus
3120 1203 3521 1258 charismatum

1934 1314 2073 1369 cape
2111 1298 2364 1353 manibus
2400 1296 2866 1352 intellectualibus
2890 1296 3186 1367 arripiens,
3226 1293 3371 1347 aliud
3418 1308 3518 1346 ex-

1935 1397 2191 1460 spectans
2234 1389 2289 1443 in
2338 1402 2490 1459 spem
2525 1387 2623 1441 tibi
2656 1402 2852 1457 ponas,
2881 1385 3063 1456 quoad
3110 1383 3517 1443 inaccessibilia

1934 1493 1989 1536 et
2020 1481 2272 1536 meritum
2305 1491 2456 1534 tuum
2490 1480 2827 1550 superantia,
2861 1479 2947 1547 pie
2968 1477 3213 1533 sentiens
3238 1477 3353 1531 haec
3380 1475 3520 1531 mis-

1936 1589 1995 1629 sa
2027 1571 2146 1638 fac;
2200 1571 2469 1642 sapientis
2501 1572 2647 1626 enim
2697 1577 2783 1625 est
2844 1569 3044 1624 mentis
3097 1577 3154 1623 et
3213 1565 3521 1638 prudentiae

1939 1663 2244 1735 appretiate
2275 1676 2439 1718 nosse
2468 1661 2704 1731 propriae
2731 1661 2855 1715 vitae
2884 1659 3213 1714 mediocrem
3242 1657 3518 1728 pondera-

1933 1758 2164 1812 tionem.
2189 1754 2403 1810 Etenim
2425 1755 2604 1809 simile
2628 1754 2833 1806 malum
2857 1760 2910 1807 et
2933 1751 3235 1821 periculum
3259 1764 3358 1820 par
3374 1749 3519 1803 inest

1930 1849 1982 1903 in
2005 1846 2349 1918 desperando
2369 1846 2437 1901 de
2464 1846 2647 1907 bonis,
2682 1846 2884 1914 quippe
2918 1841 3065 1911 quod
3091 1856 3293 1911 exspes
3330 1848 3438 1901 est,
3464 1848 3519 1893 et

1927 1940 1983 1993 in
2017 1938 2282 1993 audacter
2305 1934 2651 2000 conﬁdendo,
2680 1933 2838 2004 quasi
2875 1933 3038 1988 facile
3070 1940 3218 1988 esset
3248 1932 3517 2001 optimum

1930 2032 2048 2087 fieri
2074 2039 2129 2086 et
2156 2028 2486 2101 perlectum,
2521 2025 2666 2097 quod
2710 2025 3061 2080 temerarium
3101 2030 3217 2079 est:
3254 2023 3517 2092 utrinQue
3600 2036 3605 2039 ·

1930 2124 2089 2192 longe
2119 2135 2148 2173 a
2188 2121 2333 2174 b'ono
2371 2126 2646 2173 errantem
2694 2117 2748 2170 in
2791 2122 2845 2170 te
2877 2114 3244 2169 invalesceret
3283 2113 3510 2169 malum.

1934 2233 1953 2265 ι
1988 2212 2215 2282 Semper
2241 2210 2339 2265 tibi
2372 2209 2593 2279 sagitta,
2629 2227 2646 2257 ›
2674 2216 2728 2261 et
2757 2223 2874 2277 seq.
2904 2204 3177 2260 Probatus
3195 2203 3516 2273 sagittarius

1929 2302 1985 2355 in
2016 2300 2231 2369 signum
2252 2312 2468 2366 semper
2500 2294 2757 2363 sagittam
2779 2295 3031 2349 emittere
3058 2299 3295 2347 conatur
3320 2309 3333 2345 :
3361 2290 3518 2344 simi-

1930 2388 2059 2445 liter
2089 2396 2144 2443 et
2166 2387 2221 2441 iu
2251 2382 2635 2456 spiritualibus
2670 2383 2960 2439 militantis
2982 2381 3153 2437 refert
3180 2394 3457 2447 nunquam
3485 2394 3518 2431 a

1934 2479 2218 2550 praposito
2248 2476 2615 2530 declinantem
2647 2488 2863 2543 semper
2894 2474 3015 2543 pias
3045 2469 3409 2539 cogitationes
3447 2468 3517 2520 ad

1930 2570 2155 2624 virtutis
2182 2568 2396 2639 praxim
2422 2566 2709 2630 reducere,
2741 2566 2817 2619 ita
2854 2573 2913 2619 ut
2944 2572 3217 2634 praecepta
3248 2560 3515 2617 salutaria

1929 2676 2041 2715 non
2082 2661 2320 2714 elatione
2355 2656 2615 2719 excedas,
2654 2669 2850 2710 vanam
2910 2654 3060 2709 enim
3119 2652 3350 2722 gloriam
3387 2648 3516 2705 aﬂ'e-

1927 2759 2131 2815 ctares,
2160 2762 2338 2817 neque
2360 2746 2613 2801 acediose
2644 2743 2860 2813 operari
2886 2744 3111 2814 probes,
3135 2744 3350 2812 pigrum
3368 2740 3511 2793 enim

1927 2823 2076 2895 esset
2110 2855 2123 2891 :
2170 2836 2562 2907 exsuperantia
2603 2844 2657 2890 et
2704 2835 2891 2890 acedia
2936 2835 3162 2889 omnino
3202 2833 3424 2887 vitanda
3459 2832 3515 2885 in

1933 2926 2408 2982 iminoderautiam
2436 2926 2657 2989 abeunt,
2683 2925 2954 2993 siquidem
2981 2926 3064 2979 vel
3098 2939 3264 2993 supra
3294 2923 3515 2991 signum

1932 3019 2126 3090 sagitta
2168 3019 2252 3071 vel
2290 3017 2436 3071 infra
2464 3017 2647 3081 cadat,
2683 3017 2889 3085 pariter
2920 3023 3070 3070 errat
3111 3015 3437 3084 sagittarius
3485 3029 3518 3068 a

1930 3112 2113 3166 debito
2148 3110 2299 3163 loco:
2326 3109 2398 3161 ita
2422 3118 2507 3164 est
2532 3106 2600 3174 de
2630 3107 3102 3171 consideratione,
3127 3107 3198 3160 ita
3233 3106 3299 3161 de
3331 3106 3507 3176 praxi.

238 3194 629 3250 διεκπίπτοντα
651 3214 664 3227 ·
713 3198 900 3270 ὥσπερ
953 3201 1045 3254 καὶ
1090 3201 1154 3254 τὸ
1198 3202 1371 3272 βέλος,
1419 3205 1572 3275 ἢτὺν
1613 3206 1815 3261 σκοπὸν
1844 3205 2160 3274 ὑπερτεῖνον
2186 3201 2297 3267 (55)
2324 3200 2418 3254 τοῦ
2466 3200 2799 3266 τοξεύοντος,
2906 3198 3057 3263 ἐντὸς
3096 3198 3260 3251 αὐτοῦ
3294 3198 3514 3265 πίπτον,

240 3287 445 3355 ὁμοίως
474 3286 569 3340 τοῦ
588 3287 796 3352 δέοντος
821 3288 1176 3361 διαμαρτάνει
1195 3308 1209 3322 ·
1237 3290 1379 3347 οὕτω
1399 3295 1541 3348 κατά
1561 3295 1815 3367 θεωρίαν,
1842 3295 1983 3349 οὓτω
2015 3293 2157 3346 κατὰ
2185 3291 2405 3364 πρᾶξιν.

244 3375 351 3431 ηδ
377 3377 491 3431 Ἦν
504 3381 1133 3454 μεταλοφρονέῃςβϐ),
1149 3384 1567 3526 μέμῖἦοῖὲὸθεν
1591 3387 1656 3453 ἐς
1677 3387 1825 3469 ,βίον

1420 3472 1504 3521 ες,
1541 3475 1595 3510 κ.
1628 3474 1677 3511 τ.
1702 3472 1749 3511 Α.

1420 3472 1504 3521 ες,
1541 3475 1595 3510 κ.
1628 3474 1677 3511 τ.
1702 3472 1749 3511 Α.

329 3543 544 3614 Ἐπειδὴ
569 3541 710 3613 μέγα
732 3561 786 3595 τι
812 3543 996 3613 κτῆμα
1026 3543 1119 3596 καὶ
1159 3545 1337 3614 τίμιον
1367 3549 1397 3600 ὁ
1422 3547 1711 3618 ἄνθρωπος
1737 3547 1825 3602 διὰ

238 3634 346 3707 τὴν
367 3636 551 3689 είκόνα
570 3636 666 3689 καὶ
691 3635 790 3705 τὴν
810 3635 1030 3706 ἀρετὴν,
1080 3634 1306 3705 μάταιον
1336 3637 1393 3691 δὲ
1438 3640 1531 3691 καὶ
1554 3624 1707 3691 οὐδὲν
1736 3639 1824 3693 διὰ

239 3728 309 3780 τὸ
336 3726 498 3797 σῶμα
554 3726 649 3779 καὶ
680 3725 780 3797 τὴν
806 3726 1002 3780 κακίαν
1049 3730 1425 3799 μαρτυρεῖται,
1457 3730 1573 3796 ὲάν,
1604 3734 1769 3802 φησὶν
1796 3734 1825 3785 ὁ

242 3817 455 3881 κλεινὸς
485 3817 644 3888 ἡμῶν
667 3817 802 3885 μετὰ
835 3817 924 3870 τὸν
951 3819 1183 3889 Χριστὸν
1218 3816 1553 3892 καθηγητὴς,
1584 3823 1684 3894 τῆς
1704 3825 1825 3894 γητ-

242 3925 345 3978 νης
377 3909 590 3976 φύσεως
650 3907 1038 3979 ἐπιλαθόμενος
1080 3911 1175 3963 καὶ
1208 3913 1460 3983 ῥευστῆς,
1488 3914 1826 3987 μεγαλοφρο-

241 4001 416 4071 νήσῃς
451 4000 540 4052 διὰ
597 4000 694 4070 τὴν
742 4000 945 4064 εἰκόνα,
982 4001 1092 4069 ὲγὼ
1122 4020 1182 4056 σε
1221 4003 1322 4073 τῆς
1367 4005 1470 4074 γῆς
1499 4006 1820 4078 ὑπομνήσω,

240 4092 368 4145 ὅθεν
397 4088 669 4160 παρῆλθες
699 4093 753 4155 ἐς
784 4092 876 4145 τὸν
903 4091 1037 4162 βίον,
1070 4094 1164 4146 καὶ
1186 4093 1237 4147 τί
1271 4095 1371 4164 μὲν
1411 4096 1515 4165 πρὸ
1546 4097 1639 4150 τοῦ
1669 4099 1822 4167 γενέ-

241 4179 394 4245 σθαι,
422 4182 503 4234 ὅτι
532 4179 705 4242 οὐδὲν,
744 4179 797 4232 τί
847 4178 904 4233 δὲ
958 4174 1104 4251 ἦσθα
1135 4182 1250 4244 τοῖς
1282 4182 1555 4253 μητρῲοις
1603 4185 1823 4255 χωρίοις

240 4272 328 4325 ἔτι
368 4271 803 4342 ὲγγεννὼμενος’
842 4270 998 4337 ῥύσις
1046 4270 1156 4343 γὰρ
1188 4274 1309 4325 κατ’
1336 4273 1514 4342 ὀλίγον
1540 4276 1620 4337 είς
1645 4276 1823 4347 σάρκα

241 4367 587 4435 πηγνυμένη.
631 4366 959 4435 Ὕπομνήσω
991 4367 1085 4420 καὶ
1120 4366 1172 4419 τί
1205 4366 1301 4439 ἔσῃ
1345 4369 1483 4438 μετά
1503 4368 1700 4425 ταῦτα·
1729 4372 1821 4425 κόο

241 4471 328 4516 νις
354 4454 463 4525 γὰρ
484 4455 698 4518 πάντως
725 4455 819 4508 καὶ
844 4454 1126 4525 σκώληκος
1150 4455 1385 4525 δαπάνη,
1412 4455 1519 4508 τῶν
1542 4457 1821 4510 ταλαιπω-

242 4547 489 4617 ροτάτων
525 4548 583 4601 ὲν
610 4549 821 4617 νεκροῖς
854 4546 1013 4599 πλέον
1039 4546 1177 4617 ἔχων
1211 4546 1380 4600 οὐδέν.
1410 4547 1534 4600 Ἐὰν
1556 4548 1632 4613 δὲ,
1662 4551 1817 4621 φησὶ,

238 4640 307 4693 τὸ
334 4639 467 4707 ὕψος
512 4638 669 4706 ἀφεὶς
720 4638 1037 4710 περιαθρεῖν
1081 4640 1237 4710 (ὅπερ
1276 4640 1395 4710 οὐχὶ
1426 4640 1535 4701 σὸν,
1559 4640 1693 4694 ἀλλὰ
1720 4642 1813 4695 τοῦ

242 4731 494 4786 Ιιλάστου
535 4730 651 4783 εστὶ
681 4729 776 4783 τοῦ
826 4728 977 4799 σοῦ),
1013 4730 1089 4794 ὡς
1132 4731 1316 4801 γήϊνος
1362 4730 1619 4799 πεφυκὼς
1662 4731 1813 4796 ἐξευ-

239 4823 473 4886 τελίζεις
495 4820 689 4873 σαυτὸν
721 4822 814 4873 καὶ
867 4823 1166 4883 ταπεινοῖς,
1200 4821 1311 4889 ἐγώ
1352 4838 1411 4874 σε
1465 4822 1680 4893 ποίημα
1724 4824 1821 4877 άν-

240 4913 529 4985 αγορεύσω
581 4912 745 4966 Θεοῦ’
803 4913 1011 4967 ἐκεῖθεν
1061 4913 1297 4984 ὲπάγης,
1322 4915 1571 4986 οὐράνιος
1624 4915 1714 4970 διὰ
1757 4916 1818 4970 τὺ

242 5004 483 5074 πνεῦμα,
530 5004 741 5074 χθόνιος
782 5002 837 5056 δὲ
869 5001 956 5055 διὰ
995 5002 1091 5073 τὴν
1120 5004 1327 5075 σάρκα·
1369 5003 1490 5070 θεὸς
1528 5008 1629 5059 οὐκ
1660 5006 1816 5061 ἄκτι-

243 5113 393 5159 στος,
423 5094 559 5148 ἀλλὰ
587 5094 835 5157 κτιστός’
873 5093 1036 5163 ἔργον
1070 5093 1398 5165 ἀείμνηστον
1435 5095 1529 5148 καὶ
1559 5096 1816 5166 ἀνεπίλη-

244 5203 391 5246 στον,
421 5188 532 5248 τοῖς
564 5183 656 5237 τοῦ
682 5183 918 5255 Χριστοῦ
955 5182 1181 5237 πάθεσιν
1207 5184 1693 5257 ἀφθαρτιξόμενον,
1722 5188 1817 5241 καὶ

240 5277 325 5337 είς
350 5273 504 5339 δόξαν
533 5274 749 5327 αἰώνιον
775 5269 1055 5325 καταντῶν
1085 5272 1178 5324 καὶ
1204 5270 1367 5342 ζωήν.

392 5363 647 5419 Τούνεκα
670 5362 754 5432 μὴ
780 5361 1079 5431 σάρκεσσι
1103 5362 1413 5432 χαρίζεο,κ.
1442 5380 1494 5417 τ.
1523 5363 1599 5431 ἐξ.

315 5454 567 5519 Τοιοῦτον
589 5471 815 5526 γεγεννη
825 5454 1264 5525 μένον,οὐρὰνιον
1293 5454 1409 5525 ἅμα
1431 5455 1525 5508 καὶ
1552 5455 1811 5524 ἐπίγειον,

236 5550 303 5605 οὐ
336 5547 597 5619 βούλομαί
630 5564 709 5612 σε,
745 5540 791 5600 ὦ
829 5545 1106 5617 ἄνθρωπε,
1146 5546 1326 5601 πάντα
1376 5547 1693 5617 χαρίζεσθαι
1746 5550 1811 5618 τῇ

242 5643 411 5716 σαρκί
434 5658 448 5672 ’
476 5639 538 5693 τὸ
569 5640 751 5693 πλεῖον
786 5639 843 5692 δὲ
893 5638 1077 5710 νέμειν
1112 5639 1187 5703 ὡς
1236 5639 1501 5710 κρείττονι
1533 5638 1610 5709 τῷ
1659 5641 1817 5692 πνεύ-

336 5751 428 5811 5-H
449 5749 581 5805 Cod.
603 5751 836 5820 Δκραταΐ.

288 5834 289 5837 “
311 5819 432 5893 (55)
459 5819 591 5877 Cod.
622 5819 972 5894 ὑπερτείνων.

1930 3385 2033 3439 126
2062 3382 2123 3439 Si
2172 3383 2515 3455 superbien's,
2583 3383 2639 3435 in
2670 3381 3008 3455 .memqriam
3043 3396 3237 3455 revoca
3274 3382 3413 3434 unde
3453 3382 3509 3436 in

2848 3448 3034 3522 [vitam
3064 3452 3266 3504 veneris
3285 3490 3299 3513 ,
3332 3462 3440 3505 etc.

1994 3546 2130 3602 Cum
2173 3559 2368 3615 magna
2402 3534 2490 3599 sit
2514 3541 2791 3615 possessio
2828 3550 2884 3597 et
2907 3541 3089 3611 magni
3136 3542 3297 3611 pretii
3346 3542 3513 3598 homo

1924 3636 2105 3711 quoad
2128 3638 2416 3707 imaginem
2446 3635 2539 3691 Dei
2568 3642 2618 3690 et
2643 3635 2926 3699 virtutem,
2951 3635 3133 3703 quoad
3156 3650 3360 3703 corpus
3382 3650 3513 3689 vero

1924 3741 1980 3785 et
2018 3729 2284 3783 malitiam
2338 3727 2595 3781 insanum
2643 3726 2892 3794 nihilque
2937 3740 3061 3779 esse
3097 3726 3395 3794 probetur,
3441 3726 3514 3781 ob

1926 3818 2218 3889 imaginem
2263 3815 2360 3870 Dei
2396 3816 2439 3870 si
2479 3815 2793 3886 superhias,
2837 3815 3016 3884 inquit
3047 3815 3283 3869 illustris
3321 3823 3512 3870 noster

1925 3910 1982 3965 in
2022 3908 2249 3963 Christo
2289 3908 2682 3971 conciouator,
2729 3916 2966 3961 terrena:
3028 3917 3243 3961 natura:
3298 3906 3501 3962 imme-

1923 4015 2131 4055 morem
2148 4007 2201 4054 et
2221 3998 2441 4053 caducae
2462 4007 2514 4053 te
2536 3997 2816 4053 recordari
2834 3996 3056 4064 faciam;
3088 4006 3291 4052 terram
3313 3998 3381 4053 de
3400 4015 3509 4069 qua

1924 4091 2150 4147 veniens
2181 4092 2234 4145 in
2266 4090 2434 4144 vitam
2469 4100 2721 4159 sumptus
2753 4105 2832 4151 es,
2866 4096 2919 4143 et
2954 4089 3085 4158 quid
3121 4097 3248 4145 ante
3276 4106 3508 4161 genera-

1924 4183 2128 4236 tionem
2174 4179 2357 4245 fuisti,
2411 4180 2515 4234 nisi
2558 4180 2826 4243 nihilum,
2875 4178 3008 4248 quid
3055 4179 3222 4235 etiam
3275 4197 3401 4236 eras
3448 4182 3506 4235 iu

1924 4280 2099 4327 matre
2134 4281 2455 4341 conceptus,
2494 4272 2599 4325 vile
2626 4269 2901 4339 quoddam
2937 4269 2991 4322 in
3030 4283 3257 4324 carnem
3296 4286 3505 4341 coagu-

1922 4362 2114 4415 latum.
2166 4359 2459 4415 Recordari
2507 4357 2707 4413 faciam
2754 4367 2809 4414 et
2860 4358 2992 4427 quid
3044 4359 3155 4414 eris
3196 4369 3321 4430 post
3366 4361 3504 4423 haec.

1923 4454 2101 4525 pulvis
2129 4460 2184 4507 et
2211 4453 2475 4507 vermium
2505 4466 2653 4516 esca,
2679 4450 2817 4504 nihil
2844 4450 3081 4519 amplius
3110 4452 3319 4507 habens
3339 4469 3505 4523 quam

1923 4556 2263 4600 mortuorum
2292 4545 2603 4600 miserrimi.
2636 4543 2692 4599 Si
2729 4545 3345 4615 praestantiam,inquit,
3371 4562 3507 4600 cou-

1921 4637 2165 4693 siderare
2208 4635 2490 4698 desinens,
2540 4650 2661 4704 qua:
2705 4641 2797 4688 tua
2845 4649 2955 4689 non
2990 4644 3097 4701 est,
3145 4638 3241 4691 sed
3276 4637 3503 4691 Creato-

1924 4727 2000 4781 ris
2021 4726 2100 4779 tui
2130 4741 2217 4781 res
2235 4734 2341 4789 est,
2368 4733 2422 4779 te
2450 4731 2729 4779 terrenum
2758 4731 3067 4779 exstantem
3092 4732 3418 4781 contemnas
3450 4736 3506 4780 et

1922 4817 2234 4888 despicias,
2284 4832 2386 4887 ego
2434 4825 2487 4871 te
2540 4814 2635 4870 Dei
2679 4831 2819 4886 opus
2863 4815 3205 4886 praedicabo:
3265 4816 3335 4869 ab
3381 4816 3502 4886 ipso

1918 4913 2208 4977 oriundus,
2241 4913 2482 4968 caelestis
2509 4928 2568 4967 es
2598 4912 2793 4983 spiritu
2814 4951 2829 4976 ,
2866 4926 3036 4966 carne
3068 4926 3196 4965 vero
3226 4921 3499 4975 terrenus,

1920 5006 2055 5059 deus
2128 5020 2235 5058 non
2303 5006 2591 5058 increatus
2633 5004 2728 5059 sed
2788 5012 3044 5066 creatus,
3093 5018 3236 5073 opus
3284 5019 3501 5072 semper

1924 5096 2316 5163 memorabile,
2364 5097 2624 5166 nulloque
2675 5095 2838 5149 modo
2878 5095 3333 5157 oblitteramlum,
3373 5110 3500 5164 pas.

1924 5189 2139 5241 sionum
2176 5186 2382 5242 Christi
2425 5187 2601 5256 gratia
2651 5202 2679 5238 a
2716 5185 3072 5254 corruptione
3116 5185 3405 5240 liberatum
3446 5198 3500 5240 et

1923 5278 1988 5331 ad
2035 5278 2265 5348 gloriam
2314 5287 2572 5332 aeternam
2617 5275 2876 5331 incedens
2908 5287 2963 5331 et
3005 5281 3193 5330 vitam.
3251 5295 3269 5328 ι
3309 5274 3498 5346 Itaque

1923 5386 1991 5424 ne
2023 5371 2174 5425 carni
2224 5370 2527 5439 indulgeas,
2566 5385 2587 5417 ι
2628 5379 2679 5423 et
2713 5385 2828 5438 seq.
2866 5367 3051 5422 Talem
3074 5377 3348 5429 creatum,
3385 5385 3499 5425 εω-

1921 5465 2109 5519 lestem
2166 5461 2329 5517 simul
2387 5470 2441 5516 et
2497 5470 2810 5522 terrenum,
2856 5475 2950 5529 per
3006 5461 3189 5514 omnia
3242 5461 3408 5525 nolo,
3461 5480 3495 5515 ο

1922 5558 2104 5623 homo,
2138 5555 2419 5625 indulgeas
2443 5555 2593 5609 carni
2628 5572 2641 5608 :
2681 5553 2943 5622 majorem
2970 5569 3099 5608 vero
3129 5558 3337 5623 partem
3364 5569 3494 5607 cou-

1922 5650 2083 5707 cedas
2131 5647 2347 5717 spiritui
2397 5655 2583 5715 utpote
2631 5646 2863 5709 meliori,
2912 5660 3013 5699 nec
3057 5646 3334 5716 superﬂua
3382 5647 3495 5701 vita

1996 5766 2105 5835 (36)
2140 5763 2274 5820 Cod.
2315 5762 2784 5835 ει.ε”,ἀλοφρονὲεις.
2829 5792 2895 5800 ——-
2933 5761 3053 5816 Bill.
3089 5765 3349 5834 μνήσωσ⁹.
