4010 6298
535 403 641 462 727

534 517 753 588 diligas.
789 529 958 570 vanos
987 515 1039 569 in
1067 522 1211 570 terra
1242 514 1531 568 thesauros
1553 511 1968 575 thesaurizans;
2001 510 2113 565 imo

536 610 798 678 templum
835 606 1063 677 spiritus
1095 605 1544 661 meditationibus
1590 604 1823 659 mundes
1868 604 2114 657 cunctis-

537 714 641 769 que
688 699 985 753 virtutibus
1014 697 1306 751 meliorare
1335 696 1579 751 studeas.

649 877 747 933 l'56
777 876 1049 944 Templum
1081 890 1219 945 enim
1248 874 1426 943 magni
1450 872 1547 927 Dei
1574 881 1661 926 est
1682 873 1870 934 homo,
1907 880 2014 926 etc.

612 971 809 1025 Picens
830 968 978 1039 quod
1009 969 1273 1037 templum
1309 982 1513 1020 ornare
1538 972 1789 1035 oporteat
1819 974 1875 1019 et
1903 980 2118 1033 semper

538 1063 855 1124 melinrare,
881 1060 1011 1131 quid
1043 1059 1304 1129 templum
1336 1058 1429 1112 Dei
1460 1066 1567 1122 est,
1598 1057 1744 1128 quod
1782 1056 1911 1111 fecit
1937 1054 2118 1109 Domi-

542 1155 687 1213 nus?
712 1153 838 1208 Cito
864 1151 1073 1223 profert
1100 1151 1380 1215 hominem
1408 1150 1673 1221 essetqui
1703 1163 1733 1201 a
1762 1156 1911 1201 terra
1948 1153 2120 1199 terre-

540 1249 740 1317 nisque
770 1244 1199 1314 cegitationibus
1226 1244 1501 1311 incipiens
1529 1241 1594 1295 ad
1629 1239 1798 1294 Deum
1832 1247 1885 1293 et
1918 1239 2119 1293 coelum

541 1339 776 1404 moveri,
820 1352 914 1407 per
944 1337 1200 1408 spiritum
1243 1350 1464 1391 sursum
1505 1333 1810 1389 extollitur.
1847 1330 1961 1385 Hoc
1994 1346 2119 1401 ego,

543 1431 621 1484 ait
679 1427 735 1483 S.
780 1428 1111 1498 Theologus,
1155 1428 1305 1481 omni
1358 1441 1526 1497 opere
1567 1433 1623 1481 et
1661 1437 1917 1479 sermone
1954 1421 2120 1485 bono,

543 1521 707 1601 suavi,
729 1520 898 1575 odore
920 1518 1170 1590 fragrans
1203 1527 1262 1572 ut
1298 1532 1505 1580 serves.
1540 1525 1595 1571 et
1618 1514 1728 1572 Deo
1752 1521 1967 1587 gratum
1997 1528 2125 1585 pro-

544 1612 843 1681 batumque
885 1610 1166 1666 custodias
1189 1610 1244 1663 in
1265 1617 1551 1675 aeternum,
1581 1606 1827 1674 suadeo;
1856 1615 1909 1660 te
1938 1605 2126 1658 hortor

544 1704 614 1759 ad
642 1720 859 1775 semper
886 1704 940 1758 in
965 1713 1145 1759 mente
1166 1702 1477 1757 habendum
1498 1700 1777 1755 Christum
1810 1706 2121 1767 regentem:

546 1796 626 1851 sis
656 1810 875 1867 semper
897 1809 1009 1849 non
1043 1794 1228 1864 specie
1254 1792 1347 1847 sed
1379 1806 1439 1846 re
1466 1798 1521 1845 et
1549 1790 1774 1844 veritate
1795 1803 1990 1858 purus,
2026 1800 2130 1842 nec

547 1888 744 1942 oculus
780 1887 848 1940 ab
884 1888 1132 1941 externis
1153 1884 1413 1954 judicans
1451 1891 1504 1936 te
1532 1882 1698 1935 talem
1736 1878 2051 1945 arbitretur;
2078 1886 2134 1933 et

554 1992 692 2032 eave
732 1991 803 2031 ne
844 1976 992 2030 sicut
1030 1976 1201 2028 minio
1245 1973 1634 2041 coloribusque
1668 1971 1931 2025 distincta
1977 1968 2134 2023 navis

550 2076 648 2122 aut
675 2068 802 2123 aliis
829 2066 1217 2123 venustatibus
1250 2064 1561 2135 insignibus
1601 2062 1877 2127 decorata,
1901 2075 2023 2131 qua:
2054 2059 2135 2114 sic

550 2159 820 2212 tumentia
849 2158 1023 2211 maria
1049 2164 1381 2221 transmeat;
1414 2169 1506 2218 ne,
1538 2154 1783 2223 inquam,
1815 2159 1870 2206 et
1898 2161 1957 2207 tu
1982 2152 2136 2206 colo-

548 2252 708 2305 ribus
746 2250 969 2303 virtutis
1009 2250 1082 2302 ita
1119 2248 1349 2317 teipsum
1396 2245 1651 2300 inliciens
1717 2253 1773 2300 et
1832 2244 2133 2298 videntium

551 2343 916 2397 admiratione
964 2342 1268 2395 honoratus
1311 2347 1368 2393 et
1414 2338 1711 2398 laudatus,
1757 2336 1812 2388 in
1854 2334 2135 2405 hypocrisi

550 2435 719 2489 vitam
745 2448 1077 2488 consumens
1102 2417 1315 2486 lateas;
1349 2430 1547 2483 bonam
1570 2427 1921 2496 validamque
1951 2425 2133 2477 navim

554 2526 793 2590 fabrica,
836 2539 997 2594 quam
1040 2522 1397 2577 fortissimam
1450 2519 1855 2589 pollentemque
1896 2514 2134 2585 Spiritus

558 2617 778 2687 legibus
811 2624 973 2684 atque
1011 2612 1213 2669 Christi
1247 2608 1375 2665 Jesu
1413 2608 1572 2679 navis
1605 2606 1953 2662 fabricatoris
1998 2619 2136 2674 prte-

554 2710 730 2780 eeptis
782 2715 836 2762 et
882 2704 1236 2776 dogmatibus
1283 2701 1607 2771 compingas
1653 2698 1813 2768 quasi
1867 2697 2059 2762 clavis,
2081 2704 2135 2751 et

559 2800 750 2870 rapide
779 2810 943 2867 atque
983 2797 1154 2851 multo
1184 2802 1385 2850 conatu
1413 2799 1747 2846 tentatorum
1767 2788 2008 2843 evadens
2035 2786 2135 2841 lin-

557 2902 683 2947 etus
723 2891 791 2945 ad
834 2902 1059 2944 serenos
1094 2895 1296 2957 portus
1330 2894 1386 2939 et
1425 2883 1597 2953 patris
1638 2881 1946 2936 tutissimas
1976 2893 2131 2934 man-

556 2985 743 3039 siones
765 2981 1038 3053 appellere
1068 2978 1270 3049 possis.

633 3165 739 3219 1-55
777 3161 1009 3228 Quilibet
1039 3159 1216 3213 tendat
1249 3158 1533 3228 proﬁcere,
1567 3162 1673 3210 etc.

630 3256 819 3326 Quoad
849 3255 1218 3325 praestantiam
1256 3258 1348 3303 aut
1384 3249 1621 3318 primum
1656 3245 1921 3317 gradum,
1949 3243 2134 3299 nullus

563 3370 590 3406 a
629 3366 715 3405 me
752 3347 946 3403 edctur
988 3358 1206 3408 sermo,
1260 3342 1336 3394 ait
1378 3339 1705 3394 humilitatis
1750 3336 1809 3391 S.
1852 3351 2132 3391 commen-

565 3450 746 3504 tator,
774 3439 953 3509 quivis
990 3446 1116 3489 ante
1159 3449 1247 3488 me
1282 3438 1621 3502 praecurrat,
1654 3444 1683 3482 a
1712 3428 1931 3498 Deoque
1963 3428 2135 3497 pluris

564 3533 868 3589 aestimetur
892 3529 1036 3583 sicut
1066 3526 1168 3595 ipsi
1202 3524 1601 3592 beneplacitum
1630 3517 1920 3582 videbitur,
1953 3533 2133 3572 meum

565 3640 675 3678 non
701 3630 787 3679 est
820 3621 1027 3691 primos
1062 3616 1267 3686 gradus
1312 3613 1571 3683 diligere;
1609 3618 1822 3664 tantum
1857 3609 1967 3665 Deo
2007 3610 2131 3664 sub-

563 3718 693 3787 jecti
720 3722 895 3770 estote
917 3726 1110 3764 omnes
1138 3708 1192 3761 in
1219 3705 1449 3768 mundo,
1469 3704 1514 3759 si
1535 3704 1627 3774 qui
1659 3702 1956 3770 sapientes,
1980 3702 2024 3755 si
2044 3700 2136 3770 qni

570 3816 843 3879 potentes.
870 3804 915 3859 si
949 3804 1041 3873 qui
1067 3800 1264 3857 divites
1293 3807 1347 3853 et
1372 3811 1673 3868 pauperes:
1702 3793 1846 3863 quod
1882 3793 2140 3848 omnibus

569 3903 839 3970 reliquum
862 3907 964 3959 est,
998 3910 1027 3948 a
1061 3902 1206 3947 terra
1228 3899 1283 3946 et
1310 3906 1340 3944 a
1363 3887 1623 3943 cordibus
1654 3885 1935 3940 hominum
1958 3899 2143 3938 ascen—

569 3994 762 4047 dentes
802 3986 1186 4057 cogitationes,
1229 3983 1459 4036 sincerae
1493 3988 1547 4033 et
1579 3980 1817 4032 immota:
1850 3984 2017 4046 petrae
2051 3984 2145 4027 aut

572 4087 925 4137 ﬁrmamento
969 4075 1255 4137 veritatis,
1307 4071 1531 4126 Christo
1584 4069 1942 4123 adhaereant:
2005 4083 2142 4137 pra:-

571 4175 762 4233 sertim
796 4171 927 4226 illud
960 4169 1089 4223 mihi
1117 4167 1256 4221 dixit
1285 4162 1667 4221 aestimandum
1699 4160 1856 4216 valde
1890 4177 1903 4212 :
1930 4175 2144 4231 nempe,

570 4267 781 4325 sedenti
819 4266 875 4319 in
918 4273 1079 4317 trono
1117 4261 1357 4330 glorioso
1392 4266 1446 4313 et
1490 4272 1520 4311 a
1565 4266 1710 4311 terra
1747 4255 1815 4309 ad
1854 4256 2053 4309 coelum
2092 4254 2147 4308 in

572 4358 863 4415 sacrillciis
904 4354 1133 4425 populos
1179 4358 1368 4407 sancte
1419 4349 1688 4420 erigenti,
1735 4356 2004 4417 quantum
2053 4345 2148 4399 tali

573 4453 774 4506 durum
818 4456 872 4504 et
913 4445 1156 4517 periculo
1198 4444 1417 4515 plenum
1460 4450 1549 4497 est
1595 4441 1903 4495 tenebrosis
1944 4439 2152 4507 cogita-

576 4541 824 4596 tionibus
853 4546 947 4592 aut
970 4536 1231 4607 operibus
1249 4534 1527 4588 Christum
1558 4532 1912 4594 inhonorare,
1939 4537 2149 4584 tantum

574 4636 749 4691 decus
809 4642 1070 4701 tantaque
1116 4628 1245 4682 milii
1292 4627 1398 4681 erit
1436 4624 1632 4697 gloria,
1684 4621 2154 4692 irreprehcnsibili

578 4729 645 4782 ad
679 4728 847 4780 Deum
878 4723 1178 4779 accedenti.
1218 4741 1237 4772 ε
1272 4719 1406 4773 Nam
1432 4732 1717 4773 mensuras
1738 4714 1856 4777 Dei,
1902 4734 1919 4767 ι
1951 4722 2008 4769 et
2037 4728 2152 4783 seq.

578 4818 734 4883 Quod
770 4816 938 4878 dicit,
970 4816 1080 4868 tale
1117 4813 1248 4865 mihi
1285 4810 1503 4863 videtur
1533 4826 1549 4861 :
1590 4806 1851 4860 nimirum
1883 4804 2027 4875 quod
2067 4818 2155 4858 se—

579 4910 823 4964 cundum
870 4920 1184 4961 mensuram
1242 4903 1559 4956 donationis
1614 4899 1821 4955 Christi
1868 4912 2031 4967 quam
2088 4897 2157 4949 ab

578 5000 740 5057 initio
768 4997 1123 5052 credentibus
1172 4992 1476 5055 distribuit,
1517 4999 1571 5044 et
1620 4992 1755 5059 ipsis
1802 4989 1910 5042 vita
1960 4987 2158 5042 διώξας

582 5104 801 5163 quetur.
852 5089 915 5143 Et
948 5091 1067 5143 vice
1100 5103 1299 5142 versa:
1344 5084 1646 5139 secundum
1685 5082 1806 5136 vitae
1844 5088 2158 5136 mensuram

584 5188 829 5253 ipsorum
861 5186 913 5232 et
947 5179 1196 5231 laborum
1222 5178 1504 5230 mercedes
1526 5190 1554 5227 a
1589 5173 1695 5227 Deo
1740 5180 2053 5240 occurrent;
2080 5170 2161 5225 sie

585 5272 802 5341 sapiens
822 5277 877 5325 et
900 5270 1056 5339 juxta
1088 5269 1225 5322 hanc
1255 5268 1425 5336 legem
1458 5281 1709 5321 securam
1731 5275 1784 5319 et
1804 5265 1940 5318 bene
1974 5264 2163 5331 dispo-

587 5362 750 5418 sitam
786 5360 838 5415 in
876 5361 1172 5414 virtutibus
1200 5358 1409 5413 ducens
1441 5359 1606 5409 vitam
1638 5356 1693 5408 in
1726 5369 1957 5423 corpore
1987 5353 2160 5421 degis;

587 5471 695 5510 non
724 5456 900 5509 solum
926 5455 1028 5507 hoc
1058 5455 1150 5507 tibi
1191 5453 1416 5512 bonum,
1447 5450 1542 5505 sed
1574 5458 1628 5502 et
1672 5448 1951 5516 deinceps.
1986 5455 2167 5500 trans-

590 5554 711 5599 acta
744 5548 1029 5602 tenebrosa
1078 5545 1187 5597 vita
1232 5554 1327 5596 tua
1354 5553 1407 5596 et
1433 5542 1648 5596 mortali
1681 5558 1800 5608 qua!
1854 5540 2017 5594 hodie
2047 5538 2166 5593 ﬂuit

591 5647 826 5699 transitu
856 5640 1057 5699 soluto.
1088 5653 1211 5691 cum
1236 5636 1443 5706 optimo
1462 5643 1745 5705 apparatu.
1774 5634 2165 5688 comitantibus

663 5792 775 5860 (37)
807 5790 965 5850 Cod.,
996 5787 1301 5860 ἡρμοτμέν.
1341 5786 1432 5840 καὶ
1469 5782 1944 5854 συμπεπηγμὲνον.

669 5857 783 5929 (38)
815 5860 946 5915 Cod.
960 5899 971 5921 ,
1010 5876 1111 5927 πρε
1125 5857 1455 5910 zodiacum.

1870 398 2167 455 NICETAS
2242 396 2447 451 DAVID

3688 369 3811 435 728

2218 526 2370 579 ματι,
2404 507 2497 560 καὶ
2525 504 2600 576 μὴ
2625 504 2691 557 τὸ.
2717 502 2953 574 περισσά
2975 498 3071 554 τοῦ
3108 498 3223 569 βίον
3254 495 3446 565 φιλεῖν,
3468 493 3565 547 καὶ
3591 495 3803 561 θησαυο

2216 576 2386 668 ρίζειν
2434 596 2694 667 ματαίους
2747 594 2839 645 ἐπὶ
2896 593 2999 663 γῆς
3053 587 3379 658 θησαυροὺς,
3437 584 3531 637 τὸν
3576 582 3697 636 ναὸν
3739 576 3811 632 δὲ

2215 692 2337 750 ταῖς
2376 684 2966 755 ἀσκήσεσιγκσθαίρειν
3008 682 3100 735 καὶ
3138 680 3340 741 πάσαις
3381 673 3627 745 βελτιοῦν
3669 673 3801 741 ἁρε-

2217 782 2353 848 ταῖς.

2219 893 2321 949 156
2338 894 2499 961 Νηὸς
2526 893 2634 963 γὰρ
2645 890 2932 961 μεγάλοιο
2968 883 3116 941 Θεοῦ
3132 884 3375 954 βροτός,
3396 900 3451 935 κ.
3480 899 3530 934 τ.
3552 880 3603 934 λ.

2291 982 2476 1038 Εἰπὼν
2516 984 2598 1037 ὅτι
2641 982 2748 1053 χρὴ
2792 980 3018 1049 κοσμεῖν
3069 976 3160 1029 τὸν
3192 975 3317 1027 ναὸν
3349 975 3443 1026 καὶ
3474 972 3564 1026 ἀεὶ
3605 969 3804 1040 βελτίω

2220 1080 2414 1145 ποιεῖν,
2443 1076 2525 1140 τίς
2556 1073 2690 1129 ὀτοῦ
2721 1071 2859 1125 Θεοῦ
2886 1068 3013 1132 ναὸς
3039 1060 3195 1129 οὗτός
3220 1068 3388 1131 ἐστιν,
3416 1063 3477 1117 ὃν
3494 1062 3804 1131 πεποίηκεν

2218 1172 2246 1223 ὁ
2287 1169 2510 1240 Κύριος.
2540 1167 2705 1230 εὐθὺς
2730 1164 2926 1233 ἐπάγει
2963 1160 3054 1215 τὸν
3092 1158 3376 1229 ἄνθρωπον
3414 1151 3569 1217 εἷναι,
3606 1154 3667 1217 ὅς
3688 1151 3805 1207 ἀπὸ

2218 1262 2323 1330 γῆς
2354 1259 2449 1311 καὶ
2502 1255 2598 1310 τοῦ
2650 1256 2840 1326 γηῖνου
2868 1252 3212 1323 φρονήματος
3238 1248 3337 1318 τῆς
3387 1246 3522 1315 πρὸς
3542 1244 3676 1297 θεδν
3704 1240 3809 1330 κξὶ

2219 1326 2311 1402 τὸν
2334 1344 2561 1419 οὐρανὸν
2586 1343 2890 1415 ἀρξάμενος
2928 1340 3215 1411 κινήσεως.
3248 1334 3337 1388 διὰ
3370 1330 3679 1400 πνεύματος
3714 1326 3806 1379 αῖ-

2225 1454 2378 1508 ρεται
2406 1418 2594 1506 γῦψοῦ.
2623 1433 2826 1489 Τοῦτον
2883 1430 3013 1499 ἐγὼ,
3064 1429 3227 1499 φησὶν
3263 1427 3294 1479 ὁ
3341 1425 3485 1494 ἱερὸς
3526 1418 3804 1487 Θεολόγος,

2225 1530 2390 1582 πᾶσιν
2412 1527 2598 1599 ἔργοις
2646 1525 2741 1579 καὶ
2779 1522 2958 1590 λόγοις
3003 1519 3228 1588 ἀγαθοῖς
3255 1515 3430 1583 εὐώδη
3467 1513 3672 1584 τηρεῖν,
3706 1509 3811 1562 καὶ

2223 1620 2343 1691 Θεῴ
2386 1620 2679 1690 εὐάρεστον
2747 1616 2841 1669 καὶ
2914 1614 3137 1684 δόκιμον
3212 1608 3530 1678 φυλάσσειν,
3584 1604 3666 1665 είς
3717 1601 3813 1691 ἀεὶ

2226 1690 2504 1783 παραινῶ·
2535 1708 2622 1762 ἀεί
2660 1724 2721 1760 τε
2774 1704 2913 1759 κατὰ
2936 1702 3062 1756 νοῦν
3093 1701 3284 1770 ἔχοντα
3316 1696 3407 1750 τὸν
3455 1692 3690 1765 Χριστὸν
3720 1690 3812 1783 ὲν-

2232 1778 2537 1873 ιδρυμένον,
2567 1797 2765 1852 meet
2789 1794 2950 1864 ἁγνὸν
2974 1793 3122 1855 ὅντα,
3150 1790 3211 1842 οὐ
3240 1785 3521 1841 δοκοῦντα.
3552 1778 3815 1873 ἀληθινόν

2231 1870 2390 1965 ἰε’τῷ
2408 1893 2542 1952 ὅντι.
2573 1890 2686 1944 ἀλλ’
2708 1890 2807 1943 οὐκ
2826 1887 3001 1957 οἰήσει
3022 1884 3151 1954 ψιλῇ
3189 1876 3542 1950 νομιζόμενον
3565 1870 3813 1965 τοιοῦτον

2233 1964 2393 2049 εἶναι,
2457 1983 2569 2052 ἐγὼ
2621 1980 3097 2053 παρακελεύομαι·
3146 1975 3241 2028 καὶ
3287 1972 3362 2044 μὴ
3397 1969 3587 2039 ὥσπερ
3624 1964 3813 2019 πλοῖον

2198 2094 2201 2095 ⁷
2236 2077 2408 2149 μίλτῳ
2427 2076 2520 2129 καὶ
2543 2073 2795 2146 χρώμασι
2817 2065 3284 2139 διανθιζὸμενον,ἧ
3304 2079 3415 2115 τισι
3431 2060 3609 2121 ἄλλοις
3631 2070 3817 2149 παρα-

2234 2145 2429 2239 σήμοις
2455 2145 2708 2219 κάλλεσιν
2735 2162 3067 2232 ἀστράπτον,
3094 2161 3208 2220 τοῖς
3235 2157 3336 2226 τῆς
3376 2151 3653 2221 θαλᾲσσης
3702 2145 3815 2201 vd)-

2232 2238 2345 2322 τοις
2370 2256 2615 2310 ὲπιπλεῖ’
2643 2254 2719 2325 μὴ
2764 2255 2859 2307 καὶ
2883 2254 2946 2306 σὺ
2993 2248 3277 2321 χρώμασιν
3313 2244 3459 2299 οὕτω
3476 2242 3577 2311 τῆς
3607 2238 3817 2310 ἀρετῆς

2236 2349 2527 2403 ποικίλλων
2544 2347 2755 2409 ἑαυτὸν,
2773 2346 2868 2398 καὶ
2885 2342 2989 2396 ὑπὸ
3001 2340 3109 2394 τῶν
3131 2337 3381 2411 ὁρώντων
3397 2329 3817 2404 θαυμαζόμενος

2236 2438 2327 2491 καὶ
2358 2434 2768 2505 ἐπαινούμενος,
2804 2434 2861 2484 ὲν
2898 2428 3185 2500 ὑποκρίσει
3230 2418 3500 2494 Δδιαλάθῃς
3559 2417 3818 2489 ἐκπερῶν

2231 2529 2327 2581 τὸν
2368 2526 2482 2596 βίον
2508 2541 2522 2555 ⁸
2572 2521 2741 2594 μιμοῦ
2778 2521 2834 2574 δὲ
2882 2518 3016 2574 ναῦν
3046 2515 3260 2587 ἀγαθὴν
3283 2514 3377 2568 καὶ
3401 2510 3649 2582 ἰσχυρὰν.
3676 2523 3817 2580 κρα-

2233 2617 2437 2679 τίστοις
2465 2614 2561 2667 καὶ
2587 2610 2961 2683 στερροτάτοις
2992 2607 3088 2661 τοῦ
3125 2604 3442 2676 Πνεύματος
3474 2601 3662 2670 νόμοις
3707 2596 3809 2650 καὶ

2236 2705 2472 2778 Χριστοῦ
2506 2702 2679 2775 Ἰησοῦ
2704 2703 2778 2767 ὡς
2810 2700 3093 2773 ναυπηγοῦ
3126 2696 3460 2767 δικαιώμασι
3490 2694 3587 2746 καὶ
3619 2689 3825 2760 δόγμαο

2236 2818 2320 2855 σιν
2335 2795 2423 2854 οἷα
2439 2800 2670 2869 γόμφοις
2691 2796 3046 2869 ἡρμοσμένην
3065 2792 3175 2859 (57)
3198 2792 3292 2845 καὶ
3315 2785 3817 2859 συμπεπηγμένην,

2234 2892 2401 2956 ὀξέως
2433 2909 2492 2945 τε
2520 2892 2614 2944 καὶ
2640 2889 2871 2950 εὐτόνως
2893 2886 2962 2939 τὰ
2999 2885 3107 2937 τῶν
3132 2880 3500 2951 πειραζόντων
3519 2872 3824 2930 διεκδύνων

2236 2981 2475 3050 κύματα,
2503 2979 2639 3049 πρὸς
2658 2978 2783 3037 τοὺς
2805 2974 3093 3047 γαληνίους
3120 2973 3319 3043 ὅρμους
3347 2970 3441 3023 καὶ
3467 2965 3826 3036 ἁκυμάντους

2239 3073 2331 3125 τοῦ
2364 3071 2576 3142 Πατρδς
2602 3069 2937 3129 καταπαύοις
2975 3066 3162 3137 μονάς.

2346 3165 2448 3219 ηδ
2472 3162 2598 3228 Πᾶς
2615 3162 2732 3231 μὲν
2760 3160 2839 3213 ἴοι
2863 3159 3240 3228 προπάροιθε,
3267 3172 3321 3207 κ.
3352 3169 3406 3206 τ.
3434 3152 3479 3205 λ.

2309 3257 2443 3327 Περὶ
2496 3255 2879 3324 προτιμήσεως
2926 3251 2958 3321 ἢ
3006 3251 3135 3319 περὶ
3189 3246 3587 3317 πρωτοκλισίας
3646 3242 3829 3303 οὐδείς

2245 3364 2332 3419 μοι
2364 3346 2585 3414 λόγοςῴ
2609 3344 2707 3414 τῆς
2749 3339 3263 3411 ταπεινοφροσύνης
3295 3338 3580 3407 ὑποφήτης
3621 3333 3776 3401 λέγει
3806 3350 3820 3361 ·

2242 3439 2349 3499 πᾶς
2380 3433 2684 3507 ἔμπροσθέν
2735 3449 2836 3502 μου
2882 3430 3229 3501 προτρεχέτω
3262 3428 3355 3481 καὶ
3400 3422 3828 3496 προτετιμήσθω

2243 3528 2319 3597 τῷ
2362 3525 2503 3595 Θεῷ,
2549 3524 2623 3587 ὡς
2672 3523 2739 3577 ἂν
2772 3521 3085 3591 παρασταίη
3128 3519 3379 3589 ἀρεστόν.
3423 3516 3499 3568 Οὑ
3533 3513 3640 3583 γὰρ
3672 3511 3826 3580 φιλο-

2244 3618 2544 3691 πρωτεύειν
2576 3616 2763 3687 ἔμοιγε
2799 3631 2816 3646 ·
2851 3613 3010 3683 μόνον
3039 3612 3092 3664 δὲ
3128 3609 3222 3664 τοῦ
3255 3608 3391 3662 Θεοῦ
3443 3608 3681 3666 ἆπαντες
3734 3605 3825 3669 εξ-

2246 3710 2476 3781 ἐχοισθε,
2502 3710 2699 3770 πάντες
2731 3708 2843 3759 ὅσοι
2860 3705 2998 3757 κατὰ
3015 3704 3217 3774 κόσμον
3250 3703 3422 3772 σοφοὶ,
3445 3702 3558 3753 ὅσοι
3585 3697 3825 3759 δυνατοὶ,

2246 3807 2360 3858 ὅσοι
2392 3802 2635 3857 πλούσιοι
2668 3801 2763 3853 καὶ
2793 3798 2998 3871 πτωχοί
3020 3815 3031 3828 ·
3060 3798 3131 3849 τὰ
3160 3795 3378 3848 πάντων
3412 3791 3752 3863 πρυμνήσια,
3775 3788 3828 3841 οι

2249 3893 2357 3948 ἀπὸ
2387 3892 2489 3963 γῆς
2520 3892 2612 3945 καὶ
2641 3890 2739 3960 τῆς
2776 3889 2955 3942 αὐτῶν
2996 3886 3223 3956 καρδίας
3268 3882 3645 3941 ἀναϐαίνοντες
3678 3879 3831 3944 λογι-

2251 3985 2379 4057 σμοὶ
2400 4025 2413 4042 .
2444 3983 2536 4037 τοῦ
2566 3982 2833 4051 sesamo
2859 3980 2952 4033 καὶ
2978 3978 3278 4031 ἀσαλεύτου
3306 3975 3544 4045 ἕρματος
3575 3973 3607 4041 ἢ
3638 3969 3831 4040 στηρί-

2250 4094 2458 4149 γματος
2491 4076 2586 4145 τῆς
2618 4072 2874 4145 ἀληθείας
2899 4070 3223 4142 ὲξήφθωσαν
3236 4064 3492 4136 Χριστοῦ·
3512 4063 3748 4134 μάλιστα
3771 4061 3828 4114 δὲ

2252 4167 2471 4218 πάντων
2501 4162 2624 4232 ἐμοὶ
2655 4161 2812 4215 τοῦτο
2844 4160 2948 4232 ἔφη
2989 4158 3440 4228 πρεπωδέστατον
3472 4154 3586 4225 (38)
3627 4155 3826 4217 ποιεῖν,

2251 4257 2327 4321 ὡς
2354 4255 2623 4327 ὑψιθρόνῳ
2643 4253 2963 4323 τυγχάνοντι
2999 4252 3095 4305 καὶ
3147 4253 3203 4304 ἐν
3235 4249 3447 4311 θυσίαις
3494 4246 3639 4300 λαῶν
3666 4244 3832 4317 ἱερῶν

2254 4344 2540 4417 ἡγουμένῳ
2572 4344 2707 4414 πρὸς
2730 4344 2821 4395 τὸν
2853 4342 3079 4414 οὐρανὸν
3106 4341 3215 4394 ἀπὸ
3249 4339 3348 4410 τῆς
3371 4338 3496 4410 γῆς·
3516 4331 3561 4405 ᾧ
3590 4336 3833 4405 τοσούτῳ

2258 4438 2394 4507 βαρὺ
2408 4436 2500 4489 καὶ
2516 4434 2829 4496 κινδυνῶδες
2846 4430 3255 4502 ὲσκοτισμὲναις
3276 4427 3547 4497 ἐννοίαιςῆ
3568 4426 3833 4495 πράξεσιν

2258 4528 2544 4598 ἀτιμάζειν
2572 4526 2665 4579 τὸν
2709 4526 2942 4597 Χριστὸν
2963 4566 2977 4589 ,
3008 4526 3116 4595 ὅσῳ
3147 4541 3235 4594 μοι
3265 4522 3420 4585 κλέος
3444 4518 3646 4587 ἀγαθὸν
3681 4518 3835 4571 ἔσται

2259 4622 2355 4676 καὶ
2382 4620 2528 4686 δόξα,
2563 4619 2781 4673 ἐπειδὰν
2809 4619 3123 4688 ἀμωμήτως
3154 4615 3357 4682 ὲγγίσω
3384 4610 3460 4680 τῷ
3480 4609 3618 4680 Θεῷ.

2368 4712 2480 4767 Καὶ
2508 4712 2617 4781 τὰρ
2638 4710 2715 4779 δὴ
2740 4710 3009 4780 μέτροισι
3044 4710 3215 4766 Θεοῦ,
3243 4722 3296 4757 κ.
3322 4720 3373 4757 τ.
3402 4701 3478 4766 ἑξ.

2340 4809 2406 4859 Ὃ
2433 4805 2490 4858 δὲ
2516 4804 2696 4872 λέγει,
2733 4800 2974 4854 τοιοῦτον
3009 4793 3152 4851 εἷναί
3185 4813 3273 4866 μοι
3303 4795 3469 4851 δοκεῖ.
3503 4794 3584 4846 ὅτι
3610 4790 3751 4845 κατὰ
3772 4792 3836 4845 τὸ

2266 4900 2459 4970 μέτρον
2484 4880 2592 4968 τῆς.
2605 4896 2809 4965 δωρεᾶς
2832 4893 2925 4945 τοῦ
2949 4888 3181 4962 Χριστοῦ
3204 4888 3303 4957 τῆς
3330 4890 3386 4940 ἐν
3414 4888 3556 4956 ἀρχῇ
3602 4885 3713 4954 (59)
3750 4884 3838 4935 δε-

2264 4990 2582 5063 δωρημένης
2601 4990 2712 5050 τοῖς
2742 4983 3056 5038 πιστεύουσι
3090 4980 3185 5034 καὶ
3210 4981 3237 5032 ὁ
3267 4977 3380 5047 βίος
3401 4977 3584 5038 αὐτοῖς
3613 4972 3841 5027 ἀκολουδ

2267 5084 2351 5137 θεῖ
2372 5100 2385 5112 ⁵
2407 5080 2501 5135 καὶ
2519 5078 2583 5133 αὖ
2609 5079 2768 5132 πάλιν
2788 5092 2799 5105 ·
2818 5075 2974 5129 Κατὰ
2995 5074 3068 5147 τα
3095 5075 3272 5143 μέτρα
3294 5068 3387 5123 τοῦ
3420 5068 3534 5138 βίου
3560 5064 3841 5131 ἀναλόγως

2266 5176 2449 5236 αὐτοῖς
2480 5173 2571 5226 καὶ
2591 5170 2659 5223 τὰ
2681 5170 2819 5239 γέρα
2840 5169 2948 5220 τῶν
2976 5166 3154 5219 πόνων
3184 5150 3486 5231 ἀπαντήσει
3516 5156 3653 5225 πρὸς
3678 5154 3840 5207 Θεοῦ.

2268 5266 2424 5319 Οὒτω
2437 5264 2491 5317 δὲ
2513 5261 2723 5333 φρονῶν
2756 5259 2847 5312 καὶ
2884 5257 3024 5311 κατὰ
3050 5255 3195 5308 τόνδε
3210 5254 3301 5306 τὸν
3328 5251 3498 5305 τύπον
3532 5248 3589 5299 ὲν
3622 5248 3845 5317 ἀρεταῖς

2267 5355 2577 5428 διαϐιώσας,
2620 5351 2831 5418 ἀσσαλῆ
2882 5349 2973 5402 καὶ
3020 5348 3309 5417 εὐάρεστον
3354 5341 3697 5410 ὅιαπερανεῖς
3744 5336 3844 5407 τὴν

2266 5452 2323 5501 ἐν
2354 5446 2561 5515 σώματι
2593 5443 2735 5512 ζωήν
2761 5460 2774 5472 ’
2810 5441 2869 5493 οὺ
2910 5440 3066 5510 μόνον
3099 5438 3185 5500 δὲ,
3224 5434 3357 5489 ἀλλὰ
3387 5432 3479 5486 καὶ
3508 5431 3804 5502 μετέπειτα
3824 5466 3839 5488 ,

2264 5539 2359 5592 τοῦ
2393 5534 2650 5595 σκιώδους
2682 5536 2797 5603 βίου
2832 5550 2926 5585 σου
2962 5530 3117 5584 τοῦδε
3145 5527 3239 5580 καὶ
3272 5522 3512 5595 φθαρτοῦ
3558 5524 3615 5573 ἐν
3661 5518 3847 5589 ἡμέρᾳ

2265 5630 2444 5698 ἐξόδου
2484 5627 2780 5697 λυομένου,
2820 5625 2914 5677 σὺν
2950 5624 3147 5694 ἀρίστῃ
3173 5621 3360 5689 τοι).πῇ
3392 5616 3486 5668 καὶ
3518 5610 3713 5683 ὁδηγια
3744 5611 3816 5675 ἀγ
3836 5639 3847 5648 -

2345 5784 2455 5850 (39)
2494 5782 2601 5837 Cod
2615 5821 2623 5830 .
2636 5821 2649 5843 ,
2669 5781 2887 5852 ἐντιρχῂ.
