4010 6298
569 379 669 432 181

565 494 751 566 gentia
786 504 1041 550 accurate
1075 497 1356 552 meditanti
1400 514 1521 554 mea
1555 510 1638 556 est
1677 479 1777 557 nec
1818 503 1873 556 in
1901 504 2135 558 somniis

568 584 736 646 meis,
771 585 840 637 de
883 585 966 639 bis
998 601 1112 653 qua
1167 602 1327 642 nosse
1369 591 1571 659 cupio:
1608 606 1731 646 nam
1770 591 1936 647 Deum
1970 608 2135 648 nosse

566 675 725 739 cupio
749 684 799 727 et
830 689 936 728 non
959 683 1042 729 est
1067 678 1158 746 qui
1183 677 1351 732 Deum
1380 684 1824 750 comprehendat.
1851 684 2002 739 Dixi:
2037 685 2138 738 Sa-

567 765 724 833 piens
746 765 974 828 eftlciar,
1015 778 1071 821 et
1121 771 1386 839 sapientia
1439 774 1654 845 longius
1690 777 1919 835 recessit
1969 793 1997 830 a
2048 792 2135 831 me

566 859 739 908 multo
784 859 954 926 magis
984 874 1148 927 quam
1182 870 1322 925 erat,
1362 872 1416 918 et
1454 881 1646 920 omnes
1681 868 1772 922 isti
1806 869 2134 938 contempti-

563 946 700 1000 biles
729 956 783 1001 et
815 965 1030 1018 semper
1045 959 1288 1007 errantes
1307 955 1489 1018 corde.
1514 958 1714 1026 quibus
1743 975 1945 1015 crassa:
1975 961 2132 1015 istius

560 1039 746 1092 carnis
791 1042 1076 1096 tenebrosa
1122 1045 1295 1098 ofﬁcit
1338 1047 1533 1101 nebula
1579 1049 1932 1118 interiacens.
1978 1069 1997 1102 ι
2040 1049 2132 1105 Ille

561 1142 691 1186 vero
716 1145 800 1183 me
826 1138 933 1192 est,
959 1149 976 1180 ι
1001 1142 1055 1186 et
1081 1149 1196 1202 seq.
1222 1137 1355 1204 Ego,
1384 1138 1580 1207 inquit,
1609 1139 1810 1208 optime
1837 1140 1958 1193 novi
1983 1140 2130 1208 quod

557 1232 662 1268 nee
710 1220 918 1273 entium
955 1238 1056 1276 nec
1091 1229 1436 1281 nascentium
1488 1232 1766 1284 notionem
1815 1239 2125 1284 accuratam

557 1318 614 1358 ut
647 1317 862 1376 oportet
896 1312 1068 1366 habeo
1096 1331 1109 1366 :
1135 1321 1189 1367 et
1220 1314 1334 1370 hch
1367 1333 1485 1371 mea
1520 1320 1957 1388 s:ipientia,scire
1980 1321 2126 1390 quod

562 1397 696 1451 nihil
720 1414 914 1455 secure
944 1417 1278 1472 cognoscere
1310 1409 1540 1475 possim.
1566 1410 1754 1475 Quivis
1787 1427 1872 1467 me
1904 1413 2124 1481 sapien-

553 1489 863 1559 tiorpquem
910 1496 1084 1565 magis
1115 1512 1276 1566 quam
1317 1500 1453 1554 alios
1506 1503 1700 1556 animae
1732 1503 1934 1573 decipit
1982 1520 2129 1558 men-

555 1577 798 1642 dacinm.
834 1583 978 1651 quod
1013 1594 1100 1640 est
1132 1589 1319 1655 opinio
1358 1592 1576 1655 mentis,
1611 1600 1813 1648 temere
1841 1603 1896 1647 et
1930 1595 2122 1648 incon-

553 1667 794 1727 siderate
839 1677 1095 1732 emittens
1141 1678 1345 1735 ﬂuxum
1400 1684 1623 1738 verbum
1678 1701 1786 1754 quo
1839 1701 1959 1754 quae
2023 1701 2123 1741 nec

553 1761 689 1814 vidit
723 1779 822 1818 nec
875 1769 1026 1822 novit
1077 1774 1276 1828 asserit
1317 1775 1502 1830 homo.
1541 1776 1604 1829 Et
1638 1778 1717 1832 sic
1759 1779 2072 1834 considerat
2104 1796 2116 1831 :

556 1865 580 1906 ι
617 1851 770 1918 Sum,
805 1857 895 1913 dic
921 1861 1050 1929 quid
1086 1872 1189 1927 est,
1221 1883 1238 1916 ν
1266 1875 1318 1919 et
1350 1883 1467 1936 seq.
1505 1867 1738 1922 Tantum
1772 1871 1858 1924 hic
1892 1873 2123 1927 intendit

547 1941 710 1999 dirus
760 1945 1030 2018 interpres
1079 1957 1400 2024 sapientiam
1446 1950 1790 2014 Ecclesiastze
1833 1963 2124 2030 explanare

549 2027 783 2086 dicentis
822 2037 1115 2094 vanitatem
1159 2046 1455 2098 vanitatum
1487 2055 1537 2100 et
1565 2027 1980 2118 applicationem
2005 2053 2120 2122 spi-

549 2122 690 2178 ritus
713 2128 929 2193 omnia;
966 2131 1037 2182 ita
1073 2149 1205 2188 sane
1235 2146 1289 2190 et
1325 2135 1540 2191 Davidis
1569 2142 1886 2209 sapientiam
1918 2159 2116 2198 vanum

549 2211 825 2269 hominem
868 2233 1080 2274 omnem
1126 2234 1408 2280 canentem
1450 2243 1574 2281 cum
1625 2233 1928 2286 substantia
1975 2235 2117 2303 ejus,

549 2305 642 2370 qni
675 2321 780 2359 non
809 2310 880 2360 sit
924 2313 1279 2370 aestimandus
1310 2330 1436 2372 ante
1469 2321 1790 2389 plasmantis
1829 2339 1952 2378 eum
1983 2342 2117 2380 con-

549 2409 812 2465 spectum.
847 2401 1043 2458 Eadem
1079 2406 1276 2462 ﬁducia
1309 2412 1514 2468 audens
1543 2415 1894 2485 philosophat
1921 2426 1973 2471 et
2001 2419 2118 2487 ipse

548 2487 929 2559 interrOguns:
969 2494 1111 2551 Dicis
1144 2501 1284 2569 quod
1329 2503 1454 2566 sim,
1499 2504 1682 2573 profer
1715 2515 1768 2559 et
1803 2508 2117 2564 demonstra

547 2581 677 2647 quid
734 2585 806 2636 sit
859 2587 1036 2640 illud?
1080 2589 1212 2643 Nam
1258 2593 1310 2644 in
1348 2595 1522 2650 tribus
1568 2599 1827 2666 temporis
1873 2601 2117 2667 partibus

546 2675 772 2727 omnino
821 2687 1014 2731 cuncta
1070 2683 1340 2748 videntur,
1393 2685 1447 2739 in
1496 2688 1751 2754 pnesenti
1799 2705 2012 2758 nempe,
2060 2692 2114 2744 in

544 2760 736 2819 futuro
764 2778 816 2820 et
842 2770 893 2821 in
925 2774 1220 2838 praeterito;
1253 2775 1347 2828 sed
1377 2779 1706 2845 praateritum
1733 2779 1844 2847 jam
1874 2795 1978 2834 non
2009 2789 2113 2843 est,

541 2853 743 2923 quippe
773 2860 919 2926 quod
972 2866 1304 2932 pmterivit;
1353 2865 1596 2922 futurum
1633 2885 1739 2924 non
1781 2873 2026 2938 exsistit;
2062 2883 2116 2926 et

540 2946 718 3011 quoad
769 2964 1029 3014 praesens,
1064 2953 1412 3022 cogitationis
1463 2966 1677 3028 tempus
1723 2969 1805 3014 est
1840 2970 1893 3014 et
1935 2963 2114 3015 subito

542 3035 774 3107 aufugit.
801 3048 1088 3109 antequam
1116 3060 1267 3099 mens
1285 3051 1638 3117 contemplari
1659 3052 1908 3116 valuerit,
1935 3054 2112 3122 ipsum

539 3129 709 3182 verbo
755 3131 1002 3198 rapidius
1033 3136 1291 3191 avolavit.
1332 3138 1483 3193 Sicut
1531 3149 1743 3211 tempus
1786 3144 1982 3212 ipsum,
2034 3147 2114 3200 sic

541 3227 645 3282 ego
679 3216 763 3268 cui
799 3231 921 3272 sors
951 3236 1055 3272 una
1081 3221 1317 3290 alﬁgitur
1342 3240 1464 3279 cum
1495 3237 1756 3299 tempore.
1789 3231 1932 3286 Idem
1967 3235 2110 3288 enim

542 3301 679 3355 ordo
704 3307 985 3374 temporis,
1014 3319 1066 3362 et
1089 3325 1276 3365 eorum
1299 3329 1420 3382 qua:
1447 3315 1500 3368 in
1527 3325 1770 3386 tempore
1802 3330 2106 3386 versantur,-

542 3392 663 3461 ipso
691 3409 972 3462 currente,
1005 3402 1195 3454 eodem
1232 3419 1399 3460 cursu
1433 3407 1803 3462 involvuntur.
1847 3408 1936 3464 Sic
1961 3411 2108 3469 aliud

542 3484 877 3540 exsistentiee
909 3504 1038 3543 mea:
1059 3507 1181 3544 cum
1213 3503 1454 3561 tempore
1477 3499 1693 3551 evanuit
1714 3507 1769 3552 et
1798 3500 1944 3553 aliud
1965 3517 2110 3554 nunc

541 3574 818 3640 possidere
849 3578 1104 3642 arbitror,
1137 3581 1230 3634 sed
1253 3582 1399 3637 aliud
1432 3592 1486 3638 et
1507 3601 1592 3640 me
1621 3585 1933 3642 habiturum
1963 3589 2108 3643 arbi-

538 3673 716 3724 tratus
767 3668 877 3733 l‘ui,
931 3673 975 3726 si
1028 3682 1209 3732 tamen
1258 3678 1530 3733 exsistens
1571 3681 1931 3748 permanebo;
1982 3699 2106 3736 nam

539 3759 671 3810 mibi
715 3761 846 3813 nihil
879 3772 1110 3828 certum,
1145 3766 1278 3819 nihil
1307 3769 1521 3832 stabile,
1558 3772 1692 3826 nihil
1723 3789 1968 3838 manens,
2012 3792 2111 3830 nec

541 3849 793 3905 similiter
815 3862 998 3908 certus
1030 3872 1149 3910 sum
1180 3857 1293 3914 fore
1326 3869 1384 3913 ut
1413 3863 1604 3917 oculos
1644 3863 1884 3931 injiciam
1915 3866 1966 3919 in
1999 3883 2108 3922 non

538 3938 694 3991 ﬁrma
731 3957 831 3995 nec
884 3953 1057 3999 certa.
1086 3945 1180 3997 sed
1232 3947 1283 3999 in
1330 3956 1590 4015 perpetuo
1635 3957 1688 4004 et
1738 3952 2111 4006 indesinenter

537 4031 778 4085 volutata
821 4034 976 4102 quasi
1029 4034 1253 4090 llutnine
1299 4038 1517 4092 turbido
1568 4047 1622 4094 et
1669 4041 1735 4095 ad
1789 4054 2107 4112 perpetuum

535 4120 806 4176 diluvium
836 4123 1121 4179 destinata.

536 4390 606 4446 29
647 4390 786 4455 Quid
819 4410 896 4446 me
923 4395 1109 4448 horum
1139 4414 1248 4450 esse
1275 4398 1456 4452 dices?
1486 4411 1592 4455 etc.

613 4483 806 4539 Dieens
843 4489 1094 4554 pragsenti
1147 4492 1407 4558 temporis
1448 4495 1587 4561 parti
1637 4504 1688 4548 et
1733 4499 2016 4564 prmteritm
2055 4508 2109 4554 et

538 4572 733 4627 futura:
771 4587 1082 4629 consortem
1122 4579 1358 4634 hominis
1396 4593 1644 4636 naturam
1676 4587 1829 4654 quasi
1863 4588 2105 4641 eamdem

537 4679 657 4718 eum
709 4676 946 4735 tempore
996 4669 1304 4734 habentem,
1351 4684 1578 4743 utraque
1615 4678 1875 4728 continuo
1919 4676 2100 4739 emna,

540 4759 678 4825 Quid
723 4759 917 4826 inquit.
948 4759 1139 4812 horum
1173 4763 1337 4814 trium
1369 4780 1488 4817 esse
1522 4781 1604 4819 me
1627 4766 1762 4820 dicis
1797 4770 2018 4822 natum?
2041 4769 2103 4822 Et

535 4859 684 4903 ei-rte
704 4851 921 4904 transiit
950 4853 1090 4920 quod
1115 4863 1274 4917 natus
1301 4853 1424 4909 sim.
1457 4854 1559 4908 Sed
1582 4856 1820 4911 futurum
1843 4859 1864 4911 ?
1887 4869 1937 4912 et
1971 4860 2102 4914 illud

537 4939 685 4991 nullo
730 4940 887 4992 modo
937 4949 1038 4994 est.
1080 4941 1185 4994 Sed
1237 4958 1381 4996 nunc
1425 4947 1819 5000 exsistentem?
1853 4946 1957 5001 Sed
2003 4965 2103 5003 nec

536 5030 666 5083 illud
717 5037 832 5094 est,
893 5033 1140 5096 spiritum
1197 5035 1381 5102 praeit.
1433 5043 1491 5087 ut
1525 5036 1727 5090 dictum
1772 5046 1884 5100 est,
1932 5039 2104 5108 ipsius

536 5119 757 5171 effluunt
793 5128 846 5173 et
881 5124 1277 5175 transitorium.
1327 5123 1482 5179 Dices
1520 5141 1684 5195 ergo,
1720 5125 1816 5182 llis
1851 5129 2107 5183 deﬁcien-

537 5212 685 5265 tibus
715 5212 843 5280 quid
880 5212 1092 5265 tandem
1125 5215 1289 5267 sum?
1336 5215 1415 5267 Tu
1460 5218 1596 5273 doce
1631 5235 1742 5284 me,
1782 5221 1826 5273 si
1854 5221 1904 5272 in
1935 5228 1987 5275 te
2019 5237 2107 5274 sa-

537 5302 752 5371 pientiae
781 5318 959 5356 sermo
981 5305 1072 5364 sit,
1119 5315 1212 5358 aut
1250 5306 1534 5361 docentem
1579 5310 1702 5362 audi
1739 5327 1933 5363 vanum
1983 5327 2106 5366 esse

538 5409 754 5446 omnem
791 5395 1064 5448 hominem
1096 5404 1150 5448 et
1197 5397 1331 5450 nihil
1377 5400 1556 5452 ultra:
1601 5411 1653 5454 et
1697 5417 1841 5455 nunc
1885 5417 1968 5454 me
2010 5401 2100 5470 qui

539 5484 654 5538 haec
685 5485 938 5552 profero,
977 5490 1220 5555 sequaris
1264 5490 1374 5543 illic
1421 5506 1678 5556 manens;
1711 5492 1832 5546 vide
1880 5509 1946 5546 ne
1987 5510 2015 5546 a
2053 5503 2104 5548 te

541 5574 772 5629 latenter
804 5578 906 5631 sub
936 5579 1194 5645 temporis
1228 5587 1427 5646 puncto
1458 5582 1723 5634 recedam.
1754 5583 2106 5637 Ahundantcr

541 5665 638 5721 tibi
671 5681 973 5721 sermonem
1002 5668 1249 5738 probabit
1277 5667 1515 5722 [luminis
1541 5671 1842 5741 exemplum
1867 5693 1879 5728 :
1919 5690 2106 5744 quem-

620 5819 731 5880 αδ)
760 5824 1004 5891 Σοφίαν,
1024 5823 1178 5890 εἶπα,
1213 5839 1263 5878 v.
1293 5824 1471 5881 Ecclc.
1498 5843 1591 5894 vn,
1611 5829 1698 5882 :31.

1919 383 2217 442 NICETAS
2241 387 2444 444 DAVID

3569 140 3987 210 "—-

3699 385 3810 446 πί

2241 506 2418 568 ταίαις
2441 507 2868 578 περιφερόμενος
2896 507 3123 569 ὲννοίαις
3149 545 3164 568 ,
3197 506 3291 558 καὶ
3321 505 3470 558 οὐδὲν
3508 503 3722 574 βέϐαιον
3745 506 3805 558 ἂν

2238 596 2456 666 ἀκριϐεῖ
2498 597 2634 666 έχων
2658 598 2960 667 καταλήψει
2991 598 3098 651 οὐδ’
3141 599 3199 651 ὲν
3232 596 3456 667 ὀνείρῳ,
3495 590 3569 649 ῶν
3607 595 3804 649 ειδέναι

2238 687 2405 742 ποθῶ.
2451 689 2605 741 Ποθῶ
2641 689 2749 759 γάρ
2777 691 2908 741 Θεὸν
2935 689 3156 756 γνῶναι,
3203 689 3296 741 καὶ
3343 686 3502 740 αὑτὸν
3548 689 3650 740 οὐκ
3687 686 3804 739 ἔστι

2236 778 2558 831 καταλαϐεῖν
2584 795 2597 808 ο
2632 779 2821 846 σοφίαν
2856 778 2966 847 (45)
2996 817 3010 839 ,
3042 774 3170 830 εἶπα
3197 818 3211 840 ,
3241 776 3636 844 σοφισθήσομαι
3663 816 3678 838 ,
3705 773 3807 826 καὶ

2232 869 2368 938 αὑτὴ
2407 867 2720 938 ὲμακρύνθη
2768 870 2861 920 ἀπ’
2905 867 3038 937 ἐμοῦ
3073 867 3287 938 μακρὰν
3310 867 3450 936 ὑπὲρ
3481 866 3508 918 ὃ
3544 861 3612 936 ἦν
3651 865 3763 934 (44)
3786 880 3801 894 ⁸

2233 961 2326 1011 καὶ
2352 960 2550 1023 πάντες
2575 953 2718 1012 οὗτοι
2741 963 2983 1012 ταπεινοὶ
3006 960 3096 1012 καὶ
3119 961 3205 1012 ἀεὶ
3229 958 3566 1028 πλανώμενοι
3581 955 3801 1026 καρδίᾳ.

2229 1044 2366 1119 οἷςη
2397 1053 2494 1120 τῆς
2527 1051 2756 1120 παχείας
2793 1050 2994 1119 ταύτης
3041 1051 3242 1121 σαρκὸς
3286 1047 3534 1118 σκοτεινὴ
3577 1045 3805 1117 ἐπικρέ-

2232 1157 2397 1210 μαται
2417 1141 2454 1209 ,ἢ
2490 1141 2753 1193 ἐπίκειται
2786 1139 2967 1209 ἀχλύς.

2335 1231 2543 1295 Κεῖνος
2567 1230 2617 1282 δ’
2638 1230 2810 1284 ἐστίν
2832 1230 3010 1298 ἐμεῖο,
3038 1247 3092 1282 κ.
3120 1247 3172 1284 τ.
3205 1227 3283 1295 ἐξ.

2309 1318 2446 1386 Ἐγὼ
2476 1320 2594 1388 μὲν,
2623 1320 2804 1388 φησὶν,
2833 1316 2948 1372 οἶδα
2978 1317 3183 1386 σαφῶς.
3214 1319 3289 1381 ὡς
3320 1317 3473 1370 οὐδὲν
3498 1317 3604 1368 τῶν
3628 1316 3806 1368 όντων

2226 1409 2585 1479 ἢγενομένων
2619 1409 2862 1481 ἀκριϐῶς
2883 1449 2898 1471 ,
2936 1410 3056 1462 καθ’
3082 1410 3110 1463 ὃ
3141 1411 3220 1463 δεῖ
3252 1409 3476 1476 γνῶναι.
3516 1402 3633 1458 οἶδα
3654 1421 3668 1434 ⁸
3701 1404 3804 1457 καὶ

2223 1499 2380 1552 τοῦτο
2402 1502 2436 1570 ἡ
2460 1499 2565 1570 ὲμὴ
2592 1500 2751 1567 σοφία
2772 1539 2786 1562 ,
2815 1500 2876 1551 τὸ
2900 1500 3094 1552 εἰδέναι
3123 1500 3198 1560 ὡς
3244 1499 3344 1550 οὐκ
3370 1497 3514 1548 ἐστιν
3541 1493 3806 1562 ἀσφαλῶς

2224 1590 2417 1642 εἰδέναι
2457 1591 2607 1643 οὐδέν
2631 1607 2646 1622 ο
2691 1589 2828 1660 ἐμοῦ
2861 1590 2918 1643 δὲ
2975 1589 3282 1659 σοφώτερος
3323 1589 3458 1649 πᾶς,
3492 1587 3551 1638 ὃν
3596 1584 3805 1655 μᾶλλον

2221 1683 2330 1735 τῶν
2357 1683 2529 1736 ἀλλων
2554 1683 2614 1734 τὺ
2640 1685 2736 1752 τῆς
2761 1680 2926 1734 αὑτοῦ
2954 1681 3132 1750 ψυχῆς
3161 1680 3348 1747 ἀπατᾷ
3375 1677 3596 1746 ψεῦδος,
3621 1677 3649 1728 ὅ
3677 1678 3804 1728 ἐστι

2222 1769 2340 1832 νοὸς
2364 1770 2535 1839 οτησις
2560 1770 2682 1839 εικῆ
2709 1787 2768 1822 τε
2803 1771 2896 1822 καὶ
2931 1767 3353 1841 ἀπερισκέπτως
3383 1764 3803 1834 ἀπερευγομένη

2227 1860 2504 1932 λογύδρια,
2542 1861 2578 1913 ἃ
2619 1861 2717 1914 οὐκ
2755 1857 2893 1913 οἶδεν
2938 1861 3032 1912 καὶ
3065 1859 3102 1913 ἃ
3146 1859 3246 1910 οὐκ
3290 1857 3575 1910 ἐπίσταται
3614 1854 3799 1906 διαϐε-

2227 1952 2539 2022 ϐαιουμένη.
2576 1953 2780 2005 Σκοπεϊ
2806 1952 2862 2004 δὲ
2893 1949 3085 2014 οὕτως·

2329 2041 2483 2109 Εὶμί.
2526 2041 2706 2108 Φρὰζε
2734 2041 2790 2092 τί
2811 2040 3006 2104 τεῦτο,
3031 2057 3086 2091 κ.
3115 2057 3167 2093 τ.
3205 2040 3280 2104 ἐξ.

2296 2131 2457 2196 Ὅλος
2509 2132 2756 2185 ἐνταυθοῖ
2793 2130 2867 2200 τῷ
2894 2130 3141 2202 θεηγόρῳ
3173 2129 3373 2191 σκοπὸς
3410 2127 3507 2198 τὴν
3545 2126 3637 2180 τοῦ
3675 2127 3806 2179 Ἐκ-

2223 2223 2548 2294 κλησιαστοῦ
2579 2224 2772 2292 σοφίαν
2805 2222 3136 2293 σαφηνίσαι,
3185 2221 3516 2291 ματαιότητα
3549 2218 3804 2286 λέγοντος

2223 2315 2598 2385 ματαιοτήτων
2627 2316 2722 2368 καὶ
2756 2314 3076 2385 προαίρεσιν
3110 2312 3418 2382 πνεύματος
3465 2309 3535 2363 τὰ
3583 2309 3800 2362 πάντος’

2219 2406 2308 2456 ναὶ
2353 2405 2416 2475 δὴ
2451 2405 2543 2457 καὶ
2580 2405 2678 2474 τὴν
2718 2405 2812 2457 τοῦ
2857 2404 3052 2468 Δαϐὶδ,
3097 2403 3273 2472 μάτην
3315 2401 3469 2455 πάντ’
3510 2400 3805 2468 ἄνθρωπον

2218 2492 2356 2549 εἶναι
2409 2495 2802 2565 μελῳδοῦντος,
2843 2498 2937 2549 καὶ
2975 2497 3075 2564 τὴν
3112 2495 3407 2547 ὑπόστασιν
3449 2491 3612 2544 αὐτοῦ
3663 2491 3805 2543 ὡσεὶ

2217 2588 2366 2639 οὐδὲν
2401 2586 2734 2658 καθορᾶσθαι
2762 2589 2818 2639 ὲν
2860 2586 3135 2657 προσώπῳ
3158 2586 3249 2638 τοῦ
3280 2586 3582 2647 πλάσαντος
3611 2583 3798 2636 αὐτόν.

2231 2677 2545 2745 Ὶσοδύναμα
2569 2677 2778 2739 τούτοις
2802 2677 3105 2745 φιλοσοφῶν
3131 2676 3456 2728 πυνθάνεται
3481 2675 3574 2728 καὶ
3599 2668 3757 2736 οὗτος
3782 2687 3800 2702 ’

2216 2769 2410 2835 Λέγεις
2437 2769 2519 2819 ὅτι
2547 2767 2660 2836 εἰμί
2684 2784 2698 2798 ο
2734 2767 2968 2838 πρόσθες
2993 2767 3088 2819 καὶ
3121 2768 3173 2818 τί
3207 2766 3362 2819 τοῦτο
3398 2763 3450 2818 εἴ
3478 2766 3664 2832 φάναι.
3682 2765 3801 2817 Καὶ

2215 2863 2323 2932 γὰρ
2347 2863 2403 2913 ἐν
2432 2862 2576 2932 τρισὶ
2603 2862 2791 2931 μέρεσι
2823 2859 3014 2932 χρόνον
3034 2860 3252 2921 παντως
3275 2859 3343 2911 τά
3369 2858 3497 2909 ὄντα
3519 2858 3799 2926 ἐνορᾶται.

2214 2949 2469 3002 ἐνεστῶτι
2484 2949 2642 3018 δῆλον
2660 2950 2742 3000 ὅτι
2760 2949 2854 3001 καὶ
2889 2947 3134 3016 μέλλοντι
3152 2946 3246 2997 καὶ
3264 2941 3682 3014 παρεληλυθότι.
3722 2940 3802 2991 Τὸ

2218 3042 2314 3109 μὲν
2352 3037 2444 3093 οὖν
2479 3039 2850 3111 παρεληλυθὸς
2891 3040 2991 3090 οὐκ
3025 3037 3139 3090 ἐστι
3162 3054 3176 3068 °
3212 3035 3490 3107 παρῆλθεν
3532 3033 3642 3104 γάρ
3674 3048 3686 3061 ·
3735 3031 3801 3084 τὸ

2217 3130 2405 3198 μέλλον
2449 3129 2504 3182 δὲ
2551 3129 2702 3182 οὔπω
2745 3129 2974 3200 πάρεστι
3011 3145 3024 3158 ·
3059 3128 3119 3180 τὸ
3159 3126 3393 3189 ἐνεστὼς
3429 3126 3485 3177 δὲ
3520 3126 3578 3178 ού
3605 3124 3801 3191 φθάνω

2212 3222 2400 3289 νοῆσαι
2429 3219 2634 3289 παρὸν,
2673 3220 2767 3272 καὶ
2798 3219 3148 3290 παρέδραμεν
3184 3217 3365 3279 εὐθὺς,
3396 3218 3456 3269 οὐ
3491 3215 3676 3285 φθάνω
3712 3213 3798 3282 τῷ

2211 3308 2286 3377 νῷ
2337 3308 2663 3361 καταλαϐεῖν
2687 3327 2700 3338 ο
2739 3308 2833 3360 καὶ
2883 3309 3012 3360 αὐτὸ
3070 3307 3261 3360 θᾶττον
3307 3306 3340 3376 ἦ
3384 3305 3540 3372 λόγος
3585 3305 3797 3372 οἴχεται

2214 3399 2479 3451 ἀποπτάν.
2524 3397 2709 3461 Οὕτως
2741 3400 2769 3448 ὁ
2807 3398 2997 3468 χρόνος
3026 3397 3206 3459 αὐτὸς,
3240 3396 3414 3459 οὕτως
3441 3394 3596 3463 κάγὼ
3616 3433 3631 3456 ,
3660 3386 3704 3460 ᾧ
3732 3395 3798 3446 τὸ

2213 3485 2350 3543 εἶναι
2397 3491 2786 3559 συμπαραρρεῐ
2839 3488 2917 3558 τῷ
2968 3489 3182 3559 χρόνῳ·
3221 3490 3498 3556 συστοιχεῖ
3552 3487 3660 3556 γάρ
3715 3484 3797 3553 τῷ

2212 3581 2388 3650 χρόνῳ
2417 3580 2482 3632 τὰ
2511 3581 2566 3630 έν
2591 3580 2766 3649 χρόνῳ
2791 3579 2886 3632 καὶ
2910 3581 2974 3648 τῇ
3002 3581 3098 3649 ῥοῇ
3127 3577 3317 3630 τούτου
3359 3578 3647 3629 συνέπεται
3697 3575 3797 3627 καὶ

2210 3674 2276 3741 τῇ
2321 3673 2563 3742 ἀπορῤοῇ
2611 3673 2961 3742 συναπορρεῖ.
3017 3669 3202 3733 Οὕτως
3229 3669 3356 3723 ἀλλο
3387 3669 3484 3739 μὲν
3519 3670 3617 3739 τῆς
3650 3665 3796 3736 ἐμῆς

2214 3762 2497 3829 ὑπάρξεως
2533 3761 2609 3830 τῷ
2636 3763 2810 3832 χρόνῳ
2839 3761 3208 3830 συναπῆλθεν,
3240 3761 3370 3814 ἄλλο
3397 3760 3455 3812 δὲ
3483 3760 3577 3812 νῦν
3603 3760 3795 3828 οἴομαι

2213 3853 2476 3922 ὑπάρχειν
2502 3893 2514 3914 ,
2543 3852 2670 3904 ἄλλο
2693 3852 2737 3904 δ’
2767 3851 2987 3905 ἔσεσθαι
3023 3851 3304 3920 ὑπείληφα
3331 3890 3345 3913 ,
3388 3851 3440 3902 ei
3465 3866 3526 3917 γε
3560 3850 3668 3918 ἄρα
3697 3851 3795 3901 καὶ

2212 3941 2622 4011 ἔσομαισούδὲν
2672 3941 2782 4011 γὰρ
2836 3943 3013 4010 ἔγωγε
3069 3941 3304 4010 βέϐαιον,
3358 3940 3507 3991 οὐδὲν
3563 3939 3794 4009 ἀραρὸς,

2210 4034 2330 4086 οὐδὲ
2365 4033 2589 4102 μόνιμον
2619 4073 2634 4097 ,
2666 4033 2785 4084 οὐδὲ
2817 4032 3078 4094 ὡσαύτως
3115 4030 3286 4093 ἑστὼς
3320 4031 3434 4083 ἐστι
3475 4029 3698 4100 θεωρεῖν
3732 4032 3794 4082 ὲν

2208 4125 2286 4195 τῷ
2319 4125 2391 4194 μὴ
2425 4124 2692 4194 ἱδρυμένῳ
2714 4166 2728 4182 .
2767 4125 2886 4194 μηδ’
2918 4124 3110 4176 ἑστῶτι
3137 4164 3151 4187 ,
3182 4123 3298 4176 ἀλλ’
3343 4124 3551 4185 ἀενάως
3583 4124 3677 4175 καὶ
3710 4123 3796 4174 δι-

2207 4215 2419 4285 ηνεκῶς
2447 4215 2522 4276 ὼς
2549 4215 2755 4285 θολερῷ
2797 4215 3030 4285 ποταμῷ
3080 4216 3549 4285 κατεπειγομένῳ,
3595 4216 3690 4268 καὶ
3730 4216 3794 4268 τὸ

2212 4307 2325 4372 ρεῖν
2358 4303 2597 4374 συνεχῶς
2627 4305 3174 4375 χαρακτηριζομένῳ.

2207 4395 2276 4448 29
2323 4396 2492 4448 Τι’πτε
2517 4413 2594 4464 με
2621 4394 2793 4448 τῶνδ’
2823 4394 3006 4462 ἐρέεις
3023 4413 3041 4460 ;
3070 4415 3122 4449 κ.
3145 4413 3196 4449 τ.
3223 4396 3272 4449 λ.

2281 4485 2461 4538 Εἰπὼν
2516 4485 2794 4556 σύστοιχον
2835 4483 2975 4542 εἶναι
3019 4489 3094 4558 τῷ
3139 4489 3397 4544 ἐνεστῶτι
3441 4488 3535 4542 τοῦ
3595 4493 3792 4560 χρόνου

2214 4580 2369 4648 μέρει
2402 4579 2494 4630 καὶ
2525 4577 2602 4647 τῷ
2631 4579 3026 4649 παρεληλυθότι
3058 4582 3152 4633 καὶ
3175 4580 3254 4651 τῷ
3289 4582 3535 4650 μέλλοντι
3573 4583 3670 4651 τὴν
3697 4585 3792 4636 τοῦ

2211 4668 2496 4740 ἀνθρώπου
2544 4668 2742 4736 φύσιν,
2790 4668 2863 4732 ὡς
2909 4670 3174 4739 συμφυῶς
3218 4671 3366 4740 αύτῷ
3402 4670 3648 4741 ἔχουσαν,
3694 4674 3790 4723 καὶ

2210 4762 2358 4831 αύτῷ
2385 4760 2628 4829 συνεχῶς
2651 4762 3208 4831 συμπαραρῤέουσαν,
3245 4762 3309 4814 Τί
3340 4780 3408 4832 με
3429 4802 3443 4825 ,
3470 4764 3602 4833 φησὶ
3629 4803 3643 4824 ,
3681 4764 3790 4816 τῶν

2209 4852 2376 4922 τριῶν
2409 4853 2554 4922 ἐρεῖς
2581 4848 2758 4913 sitiat;
2803 4853 2891 4914 Ὠς
2928 4853 3226 4919 γεγονότας
3259 4857 3352 4904 καὶ
3391 4853 3498 4924 μὴν
3540 4855 3789 4924 παρῆλθε

2207 4945 2268 4996 τὸ
2314 4945 2536 5011 γεγονός
2575 4959 2588 4971 ·
2625 4944 2740 4996 ἀλλ’
2786 4943 2860 5006 ὡς
2891 4946 3285 5014 γενησόμενον;
3323 4947 3415 4998 καὶ
3448 4945 3604 4998 τοῦτο
3632 4945 3789 5000 ούπω

2209 5037 2357 5088 ἐστιν
2387 5053 2400 5064 ·
2425 5035 2539 5087 ἀλλ’
2577 5035 2651 5098 ὡς
2690 5034 2785 5088 νῦν
2817 5034 3096 5105 ύπάρχονς
3128 5034 3240 5086 ἀλλ’
3271 5035 3393 5087 οὐδὲ
3427 5035 3585 5088 τοῦτό
3629 5037 3746 5087 ἐστι
3770 5079 3785 5100 ,

2208 5127 2297 5179 νοῦ
2327 5127 2547 5187 θᾶττον,
2600 5126 2676 5188 ὡς
2711 5127 2966 5197 εἴρηται,
3011 5125 3325 5198 παραρρέον
3380 5143 3437 5178 τε
3497 5127 3591 5178 καὶ
3646 5143 3788 5196 παρ-

2207 5219 2409 5270 οδεύον.
2442 5218 2616 5287 Ἐρεῖς
2644 5212 2735 5270 οὖν
2764 5233 2776 5246 ’
2804 5218 2911 5269 Καὶ
2937 5217 2990 5268 τί
3019 5217 3202 5269 λοιπόν
3222 5221 3334 5287 εἰμι
3361 5217 3504 5285 ens;
3538 5219 3606 5269 Σὺ
3639 5218 3787 5272 δίδα-

2209 5311 2317 5374 ξον,
2350 5310 2403 5362 εἴ
2427 5328 2507 5362 σοι
2534 5310 2690 5377 λόγος
2726 5309 2902 5362 ἔνεστι
2926 5309 3115 5378 σοφίας
3140 5326 3152 5338 ο
3173 5309 3208 5380 ἢ
3232 5311 3506 5374 διδάσκου,
3535 5311 3617 5362 ὅτι
3646 5310 3788 5380 πλὴν

2213 5405 2390 5474 μάτην
2429 5406 2536 5466 πᾶς
2576 5403 2863 5472 ἄνθρωπος
2893 5418 2908 5433 °
2946 5404 3038 5455 καὶ
3067 5403 3161 5455 νῦν
3193 5404 3428 5474 πρόσεχέ
3469 5423 3558 5476 μοι
3596 5407 3790 5458 ὲνταυ-

2212 5494 2295 5545 θοῖ
2329 5494 2526 5561 μένων,
2550 5493 2624 5555 ὡς
2655 5494 2964 5563 φθέγγομαι
2993 5494 3166 5547 ταῦτα.
3187 5512 3198 5524 °
3217 5498 3316 5566 ὅρα
3341 5499 3427 5566 μή·
3448 5513 3507 5548 σε
3535 5496 3790 5564 διαφύγω

2215 5587 2412 5653 στιγμῇ
2459 5583 2723 5636 διαλαθὼν
2767 5586 2980 5654 χρόνου.
3041 5585 3426 5656 Ἀποχρῶντως
3484 5588 3540 5639 δὲ
3579 5588 3642 5640 τὸ
3689 5589 3788 5642 τοῦ

2218 5673 2457 5742 ποταμοῦ
2495 5691 2576 5726 σοι
2609 5675 2956 5745 παράδειγμα
2985 5676 3315 5729 πιστώσεται
3342 5677 3432 5730 τὸν
3457 5678 3632 5744 λόγον.
3699 5679 3790 5744 Ὠς

2295 5834 2404 5901 (ii)
2439 5833 2597 5897 Cod.,
2624 5833 2782 5904 ὑπὲρ,
2812 5833 2838 5887 ὃ
2867 5827 2932 5904 ἦν
2966 5848 2979 5864 ο
3015 5832 3318 5905 ἄνθρωπον,
3351 5832 3550 5897 πάντες
3583 5845 3709 5890 cant.
