4010 6298
262 418 361 474 753

274 545 367 603 ταρ
403 533 688 604 ἀμήχανον
722 532 815 588 τὸν
853 531 1097 605 ποταμὸν
1142 531 1397 604 περῶντα
1435 530 1516 594 δὶς
1555 528 1633 600 τῷ
1676 526 1825 594 αὐτῷ

263 616 411 672 ὕδατι
434 618 524 672 τὸν
559 619 698 673 πόδα
730 618 928 691 βάψαι,
962 619 1133 684 οὕτως
1157 619 1278 674 οὐδὲ
1308 620 1399 674 τδν
1431 619 1589 674 αὐτὸν
1617 616 1826 688 ἄνθρω-

262 726 380 771 πον,
428 710 486 763 δν
526 712 743 783 πρῶτον
792 710 1076 784 ἑώρακας,
1122 712 1556 784 ἀπαραλλάκτως
1606 709 1826 771 ἐσαῦθις

258 801 375 871 ὄψει
404 802 495 855 τὸν
522 802 706 856 αὐτόν.
757 803 867 858 Καὶ
898 804 1009 874 γὰρ
1040 801 1117 873 τῷ
1145 801 1221 872 νῷ
1264 802 1365 872 μὲν
1396 802 1454 854 ὲν
1498 799 1825 871 βουλεύμασι

259 892 354 946 καῖ’
368 893 690 964 διανοήμασι
714 894 953 964 συνεχῶς
981 893 1472 967 μεταϐαλλόμενος,
1499 888 1589 945 οἶα
1617 890 1826 962 ἄνθρω-

258 997 357 1045 πος
400 981 681 1051 ἀνίδρυτος
723 983 1150 1054 καταθεωρεῖται
1192 983 1249 1035 ἐν
1288 983 1501 1047 αὐτοῖς,
1534 984 1582 1035 εί
1617 983 1688 1052 μή
1722 998 1822 1034 που

254 1070 445 1134 Θεὺςκό
471 1070 546 1124 ὢν
572 1073 659 1125 ἀεὶ
684 1072 777 1125 καὶ
810 1072 870 1126 τὸ
909 1073 1060 1144 ῥῆμα
1094 1073 1299 1144 Κυρίου
1339 1073 1499 1143 μένον
1539 1074 1595 1127 ὲν
1638 1070 1819 1142 αὐτῷ,

254 1163 312 1214 τὸ
336 1162 508 1226 ἑστὼς
534 1162 915 1217 καταδείκνυσι
945 1165 1039 1217 καὶ
1070 1164 1317 1234 μόνιμον,
1340 1166 1407 1235 τῇ
1436 1163 1579 1234 ψυχῇ
1610 1162 1666 1215 δὲ
1703 1166 1823 1226 ταῖς

253 1267 309 1302 τε
346 1250 557 1317 hinni;
599 1252 695 1305 καὶ
736 1252 1055 1323 αἰσθήσεσι,
1095 1255 1215 1317 ταῖς
1264 1269 1325 1307 τε
1368 1252 1687 1322 φαντασίαις
1727 1253 1821 1307 καὶ

253 1340 373 1399 ταῖς
413 1338 653 1408 ὀρέξεσιν
688 1339 943 1403 ἀϐέὸαιος
986 1339 1283 1411 καθορᾶται
1324 1340 1418 1393 καὶ
1463 1341 1819 1411 ἀστήρικτος,

242 1428 432 1498 ἀενάῳ
450 1433 661 1500 κινήσει
677 1430 798 1483 κατ’
822 1428 991 1492 αύτάς
1017 1429 1434 1505 διαμειϐόμενος
1452 1446 1467 1460 ⁸
1502 1428 1581 1499 τῷ
1606 1428 1833 1500 σώματι

249 1516 305 1571 δὲ
348 1519 509 1573 πάλιν
550 1522 673 1584 ταῖς
712 1537 771 1573 τε
819 1520 1151 1591 μεταϐάσεσι
1184 1520 1324 1574 κατά
1352 1520 1444 1573 τὸν
1473 1514 1659 1583 τόπον,
1698 1523 1819 1582 ταῖς

250 1625 309 1661 τε
336 1609 610 1663 διαθέσεσι
648 1612 742 1666 καὶ
770 1612 1045 1695 ἓξεσιοκαὶ
1087 1612 1275 1684 χρόαις
1312 1610 1690 1683 ἀλλοιούμενος
1725 1610 1819 1664 καὶ

248 1698 336 1751 ἀεὶ
393 1701 881 1773 μετατρεπόμενος,
937 1703 1213 1757 ἄπαυστον
1270 1701 1384 1772 εχει
1429 1703 1530 1775 τὴν
1585 1702 1812 1772 τροπήν.

129 1828 138 1834 .
248 1782 404 1839 Οὕτω
432 1788 528 1857 μὲν
556 1789 697 1843 κατά
728 1789 788 1843 τὸ
824 1792 1042 1861 συνεχὲς
1067 1792 1163 1844 τοῦ
1191 1791 1383 1862 χρόνου
1408 1792 1503 1845 καὶ
1528 1790 1812 1862 ἀείρρυτον

245 1876 613 1951 ήάνθρωπίνη
648 1880 810 1949 φύσις
844 1882 1258 1936 καταδείκνυται
1294 1882 1499 1954 ματαία
1527 1899 1542 1915 ο
1573 1881 1716 1955 κατά
1751 1882 1814 1936 τὸ

244 1964 541 2038 ὁλοσχερῶς
587 1968 644 2022 δὲ
685 1969 718 2041 ἢ
771 1970 1105 2043 παχυμεριῖκ
1154 1970 1563 2042 θεωρούμενον,
1612 1971 1813 2025 οὑτωσὶ

248 2057 528 2110 σκεπτέον.

343 2163 453 2220 *Ην
482 2167 673 2237 πάρος
697 2169 768 2223 ἐν
786 2171 938 2239 χροΐ,
972 2187 1027 2224 κ.
1050 2187 1101 2225 τ.
1133 2170 1212 2237 ἐξ.

313 2259 522 2329 Ὠσπερ
551 2261 581 2312 ό
606 2260 736 2312 Λευῖ
763 2262 1073 2329 γέγραπται
1107 2262 1164 2313 ὲν
1192 2264 1259 2333 τῇ
1286 2260 1449 2330 ὀσφύϊ
1479 2260 1575 2314 τοῦ
1606 2259 1813 2333 πατρὸς

240 2344 377 2400 εἶναι
418 2348 665 2419 Ἀδραάμ
696 2350 827 2420 (45),
847 2350 989 2405 οὕτω
1015 2352 1109 2405 κα)⁸
1140 2353 1246 2415 πᾶς
1274 2352 1557 2423 ἄνθρωπος
1587 2352 1695 2423 πρὸ
1716 2351 1812 2406 τοῦ

240 2439 599 2510 γεννηθῆναι,
637 2443 695 2495 ὲν
724 2445 791 2513 τῇ
828 2442 921 2496 τοῦ
959 2443 1166 2515 πατρὸς
1203 2443 1367 2497 αὑτοῦ
1401 2443 1561 2514 φύσει
1587 2443 1813 2515 νοούμε-

240 2547 349 2591 νος,
384 2531 578 2584 ἔπειτα
604 2535 684 2597 εις
713 2534 812 2606 τὴν
847 2535 1251 2606 ὑποδεξαμένην
1280 2535 1441 2588 αὐτὸν
1472 2535 1686 2606 μητέρα
1721 2536 1810 2590 διά

238 2623 334 2689 τῆς
358 2622 647 2686 συνουσίας
680 2624 1039 2692 μεταϐαίνων,
1073 2624 1248 2678 κοινὸν
1278 2624 1417 2697 μετὰ
1439 2625 1611 2679 ταῦτα
1638 2627 1810 2698 κρέας

238 2712 440 2779 ἀμφοῖν
467 2714 578 2775 τοῖς
601 2713 850 2767 τεκοῦσιν
873 2715 930 2768 ὲν
957 2717 1021 2785 τῇ
1050 2714 1280 2787 μητρῴᾳ
1304 2717 1502 2787 γαστρὶ
1541 2716 1809 2789 βρεφουρ-

235 2801 499 2871 γούμενος
528 2803 853 2859 καθίσταται
884 2820 900 2837 ⁸
933 2809 994 2859 ὲν
1024 2807 1163 2879 ἀρχῇ
1196 2808 1253 2861 δὲ
1282 2809 1386 2877 τῆς
1420 2807 1803 2880 βρεφουργίας,

236 2893 545 2965 ἀδιάκριτον
596 2897 691 2949 καὶ
735 2898 1107 2970 ἀδιάρθρωτον
1156 2898 1215 2952 ὃν
1259 2898 1316 2952 τὸ
1366 2902 1642 2971 κρεάδιον,
1681 2902 1805 2955 οὔτε

238 2983 443 3055 βροτὸς,
471 2985 865 3059 οὔτ’ἄνθρωπος
894 2989 1114 3043 δύναται
1142 2988 1642 3061 καλεῖσθαι,αἶσχος
1656 2994 1805 3045 ἀνεί-

234 3077 349 3130 δεον
392 3078 449 3131 ὂν
497 3081 590 3133 καὶ
632 3081 883 3146 ἀκαλλὲς,
913 3080 1037 3134 οὔτε
1076 3080 1233 3149 λόγου
1281 3082 1635 3151 μετεσχηκὸς.
1680 3083 1804 3137 οὔτε

236 3171 351 3225 νοός
383 3188 398 3201 ⁸
430 3171 532 3224 ποῦ
585 3174 688 3244 γάρ
736 3173 907 3226 ταῦτα
949 3173 1101 3243 παρὰ
1143 3172 1219 3243 τῷ
1259 3172 1483 3244 ὲμόρύῳ
1518 3173 1594 3243 τῷ
1625 3174 1701 3238 ώς
1744 3176 1804 3228 ὲν

234 3261 425 3333 τύμὸῳ
452 3268 518 3335 τῇ
559 3269 796 3337 μητρικῇ
840 3265 992 3335 νηδύϊ
1025 3265 1374 3335 ἐνεχόμενονς
1422 3264 1498 3328 ὡς
1543 3268 1602 3319 ὲν
1646 3268 1801 3337 τάφῳ

238 3352 341 3420 γάρ
363 3352 534 3425 ταύτῃ
566 3354 977 3426 περιείληπται·
1007 3356 1073 3408 δι’
1106 3356 1134 3408 ὃ
1169 3358 1263 3409 καὶ
1296 3356 1547 3427 ἐπιφέρει
1573 3372 1588 3387 ·
1631 3376 1649 3409 ι
1678 3359 1804 3410 Δισ-

233 3444 429 3511 ταφέες
466 3444 695 3508 ζώοντες
736 3448 827 3500 ἐπὶ
866 3447 1071 3519 φθοράν
1098 3465 1113 3478 ο
1154 3468 1173 3499 ι
1209 3449 1599 3515 ταλανιστικῶς
1645 3452 1804 3505 τοῦτο

235 3532 406 3602 λέγων
444 3536 536 3589 καὶ
578 3538 1039 3608 ὲποικτιζόμενος.
1090 3540 1177 3602 Ὠς
1209 3541 1316 3593 ἀπὸ
1356 3542 1527 3611 τάφου
1556 3541 1664 3613 γὰρ
1693 3524 1801 3595 τῶν

237 3625 501 3696 μητρῴων
538 3628 751 3700 χωρίων
779 3630 1030 3696 ἐξιόντες,
1066 3632 1159 3685 καὶ
1180 3631 1400 3696 ζῶντες,
1429 3633 1685 3701 όδεύομεν
1709 3634 1802 3687 ἐπὶ

234 3712 435 3785 φθορὰν
460 3755 475 3778 ,
513 3717 548 3785 ἦ
581 3720 695 3769 ἐστι
719 3718 967 3790 δεύτερος
1000 3721 1168 3789 τάφος
1192 3762 1206 3784 ,
1238 3722 1330 3774 καὶ
1362 3722 1455 3775 τοῦ
1489 3723 1801 3793 πεπηγότος

235 3804 481 3874 σώματος
508 3807 746 3871 διάλυσις
781 3828 794 3841 ·
822 3811 887 3880 ῆν
925 3812 1011 3876 δὲ,
1060 3813 1225 3881 φησὶν
1250 3852 1263 3875 ,
1300 3813 1615 3885 ώδεύσαμεν
1647 3814 1797 3880 ὁδὸν,

234 3896 324 3949 καὶ
350 3896 496 3969 ζωὴν
520 3900 579 3951 ὲν
604 3899 682 3970 τῷ
718 3901 816 3971 βίῳ
847 3901 1010 3971 ζῆσαι
1056 3903 1193 3972 μετά
1224 3902 1475 3972 σώματος
1504 3904 1762 3973 ἐδόξαμεν
1781 3945 1795 3969 ,

233 3990 379 4043 οὐδὲν
411 3990 539 4043 ἄλλο
576 4008 665 4060 μοι
692 3992 724 4061 ἢ
761 3992 896 4045 ὲτῶν
925 3992 1136 4063 δαπάνη
1162 4031 1176 4054 ,
1207 3995 1299 4046 καὶ
1328 3995 1517 4065 χρόνου
1547 3996 1795 4060 κένωσις,

232 4081 348 4151 ἦτοι
375 4082 703 4152 παρέλευσις
727 4122 742 4146 ,
771 4083 918 4136 δοκεῖ
950 4101 961 4113 ·
996 4083 1136 4153 αὕτη
1177 4084 1234 4137 δέ
1275 4103 1364 4155 μοι
1407 4088 1499 4139 καὶ
1543 4087 1799 4158 ὀδυνηρὸν

232 4170 322 4222 καὶ
352 4171 607 4224 ἐπίπονον
627 4171 806 4241 γῆρας
830 4174 1075 4240 καταχεῖ.
1105 4172 1338 4244 Τοιαύτη
1361 4173 1459 4243 μὲν
1477 4177 1511 4244 ἡ
1537 4175 1798 4246 ὲπίκηρος

229 4257 372 4333 ζωὴ,
404 4263 510 4315 ἀπὸ
532 4263 717 4332 τάφου,
739 4263 1018 4335 ἀρξαμένη
1050 4265 1142 4319 καὶ
1181 4266 1562 4336 καταλήγουσα
1593 4269 1671 4331 είς
1698 4271 1797 4322 τά-

230 4372 326 4425 φον
350 4374 365 4387 ο
396 4357 444 4409 εί
481 4356 539 4411 δέ
573 4374 641 4425 με
686 4356 841 4420 ἄλλος
896 4357 1048 4421 αἰὼν,
1098 4360 1192 4411 καὶ⁵
1221 4358 1333 4437 ςωὴ
1376 4361 1650 4432 ἄφθαρτος
1699 4363 1799 4415 καὶ

226 4447 438 4508 ἀλυτος,
469 4447 652 4510 καθὼς
676 4448 1005 4518 γέγραπται,
1041 4448 1268 4506 λυθέντα
1293 4450 1387 4503 τοῦ
1421 4450 1668 4521 σώματος
1687 4452 1799 4505 δια-

224 4539 437 4609 δέχεται
470 4540 604 4601 ἐκεῖ,
640 4538 856 4608 σκέψαι,
882 4532 926 4592 ὦ
956 4536 1131 4604 οὗτος,
1162 4544 1189 4594 ό
1217 4542 1358 4604 θεῖός
1391 4560 1554 4613 φησιν
1595 4545 1798 4614 ἱερολόο

225 4647 337 4698 γος,
370 4633 444 4703 μή
482 4648 613 4684 ποτε
642 4632 675 4700 ἡ
708 4631 941 4685 δοκοῦσα
976 4633 1072 4702 μὲν
1096 4632 1233 4704 αὕτη
1267 4633 1379 4704 ζωὴ
1407 4634 1504 4706 ἔχῃ
1532 4636 1685 4699 τέλος
1710 4637 1801 4689 τὸν

230 4723 391 4795 μόρον
426 4724 520 4776 καὶ
549 4724 641 4777 τὸν
668 4726 894 4780 θάνατον
915 4766 929 4789 ,
969 4727 1001 4795 ή
1025 4725 1249 4796 τελευτὴ
1279 4725 1334 4778 δὲ
1357 4727 1503 4797 ζωῆς
1530 4729 1797 4782 ἀθανάτου

220 4816 529 4887 ὁδοποίησίς
570 4833 651 4869 σοι
702 4819 795 4871 καὶ
827 4818 1085 4890 πρόξενος
1145 4819 1511 4885 καθίσταται,
1563 4822 1797 4891 ἔμπαλιν

228 4908 254 4979 ἢ
282 4910 553 4969 ὑπονοεῖςε
587 4909 659 4962 Σὺ
694 4909 793 4978 μὲν
828 4910 934 4981 γὰρ
966 4910 1214 4964 τεθνάναι
1237 4911 1451 4976 πάντως
1488 4913 1581 4966 τὸν
1619 4913 1797 4966 τελευ-

228 4998 396 5052 τῶντα
422 4999 765 5062 ὑποπτεύεις,
797 5002 825 5052 ό
848 5000 904 5052 δὲ
924 5000 1002 5070 τῷ
1028 5000 1252 5071 λυθῆναι
1275 5002 1373 5071 τῆς
1393 5002 1537 5073 ζωῆς
1561 5002 1785 5071 ταύτης,

222 5093 414 5161 ἄριστα
447 5089 647 5161 δηλαδὴ
692 5089 927 5160 βιώσας,
973 5090 1109 5163 πρὸς
1146 5090 1245 5163 τὴν
1282 5091 1542 5164 ἀληθινὴν
1585 5096 1786 5168 μετέϐη

223 5180 386 5253 ιωήν.
866 5244 874 5249 .

219 5285 288 5340 43
325 5286 515 5340 Οὐδὲν
539 5286 712 5356 ἔφυν,
735 5305 789 5341 κ.
816 5306 863 5342 τ.
889 5286 941 5342 λ.

295 5401 606 5467 Ἀποδείξας
631 5402 864 5473 ματαίαν
884 5403 979 5457 καὶ
1008 5404 1304 5475 οὐδαμινὴν
1341 5407 1442 5477 τὴν
1464 5408 1559 5462 τοῦ
1588 5409 1791 5482 ἀνθρώ·
1857 5480 1860 5484 λ

220 5508 320 5546 που
378 5491 558 5562 φύσιν,
612 5493 706 5546 καὶ
756 5493 887 5546 ὡσεὶ
935 5494 1091 5547 οὐθὲν
1137 5490 1302 5549 οὖσαν
1344 5500 1443 5568 τὴν
1494 5500 1789 5555 ὑπόστασιν

219 5583 399 5648 αὐτοῦ,
440 5583 805 5638 ἀποδυσπετεῖ
841 5584 1028 5640 λοιπὸν
1061 5589 1156 5641 ἐπὶ
1191 5594 1301 5654 τοῖς
1330 5591 1519 5659 ἀλγεσι
1551 5595 1640 5646 καὶ
1668 5599 1789 5658 ταῖς

217 5674 609 5747 ἐπερχομέναις
640 5675 913 5748 ἀνθρώπῳ
947 5684 1251 5752 συμφοραῖς
1270 5722 1283 5742 ,
1313 5683 1477 5735 Οὐδὲν
1507 5684 1635 5751 ἔφυν
1660 5726 1674 5747 ,
1703 5686 1787 5737 iis.

1244 414 1311 473 IN
1345 414 1651 474 CARIIINA
1690 410 1974 469 ARCANA
2031 414 2090 470 S.
2161 414 2507 471 GREGORII.

3392 412 3498 471 738

1926 525 2217 582 admodum
2262 541 2494 597 pronum
2532 525 2732 581 flumen
2778 522 2866 583 bis
2920 522 3110 579 eadem
3143 535 3284 592 aqua
3328 525 3500 593 pedes

1929 618 2135 687 tingere
2168 618 2504 689 impossibile
2538 628 2645 683 est,
2681 616 2761 672 sic
2786 630 2887 670 nec
2927 614 3178 670 eumdem
3217 614 3493 670 hominem

1925 726 2085 781 quem
2122 711 2299 780 primo
2324 710 2509 766 vidisti
2550 724 2742 765 rursus
2769 709 2959 764 eadem
2991 707 3312 762 habitudine
3340 705 3499 761 vide-

1925 798 2030 853 bis.
2068 798 2204 852 Nam
2240 798 2420 869 quoad
2457 798 2814 861 voluntatem,
2854 795 3251 851 intentionibus
3278 801 3333 847 et
3370 807 3499 864 pro-

1925 888 2118 956 positis
2147 888 2518 943 indesinenter
2558 896 2807 949 mutans,
2838 885 3195 941 immoderate
3224 884 3497 940 instabilis

1926 979 2087 1037 homo
2132 980 2188 1035 in
2234 980 2356 1036 istis
2396 980 2675 1047 cernitur,
2715 980 2890 1034 donec
2937 977 3082 1035 Deus
3130 978 3184 1032 in
3228 986 3492 1031 aeternum

1923 1072 2197 1128 exsistens
2217 1080 2271 1127 et
2293 1074 2347 1127 in
2378 1073 2499 1143 ipso
2521 1086 2745 1127 manens
2778 1068 3011 1125 Verbum
3035 1067 3247 1121 Domini
3275 1066 3493 1121 stabilia

1922 1168 1977 1216 et
2007 1162 2357 1232 perdurantia
2376 1162 2667 1229 ostendat;
2688 1161 2867 1232 quoad
2888 1159 3125 1213 animam
3157 1158 3493 1220 sensualem,

1922 1254 2251 1323 vaniloquiis
2304 1260 2360 1309 et
2407 1252 2811 1318 aﬁectionibus,
2865 1252 3171 1323 pbantasiis
3217 1258 3274 1305 et
3329 1263 3497 1317 appe-

1922 1343 2134 1409 titibus,
2175 1345 2495 1401 inconstans
2535 1352 2759 1415 apparet
2805 1354 2859 1399 et
2900 1343 3174 1405 diversus,
3218 1340 3498 1412 perpetuis

1920 1437 2159 1493 motibus
2199 1438 2253 1492 in
2281 1437 2369 1492 bis
2402 1438 2759 1501 immutatus;
2798 1433 2979 1505 quoad
3006 1447 3208 1503 corpus
3236 1430 3415 1484 adhuc
3440 1436 3498 1484 et

1919 1528 2154 1584 statibus
2204 1528 2505 1584 secundum
2542 1528 2863 1582 occasiones
2907 1532 2963 1581 et
3006 1522 3401 1589 constitutione
3439 1527 3498 1575 et

1918 1622 2106 1676 colore
2132 1621 2287 1676 vitali
2315 1627 2659 1681 commutans
2689 1626 2747 1673 et
2774 1631 2991 1687 semper
3016 1606 3495 1670 vicissitudinibus

1920 1712 2213 1777 obnoxius,
2262 1712 2625 1766 incessantem
2672 1710 3033 1765 mobilitatem
3085 1706 3348 1763 ostendit.
3401 1703 3493 1759 Sic

1920 1821 2017 1875 per
2060 1805 2342 1859 assiduum
2383 1810 2600 1872 tempus
2643 1808 2698 1857 et
2745 1816 2964 1871 semper
2995 1798 3170 1854 ﬂuens
3198 1798 3492 1853 vanitatem

1917 1911 2028 1966 prae
2054 1911 2114 1951 se
2157 1894 2260 1949 fert
2287 1895 2525 1948 humana
2558 1900 2751 1947 natura
2777 1930 2793 1957 ,
2826 1892 2907 1948 sic
2936 1888 3335 1946 consideranda
3376 1887 3495 1945 sive

1917 1986 1974 2041 in
2017 1993 2152 2051 toto,
2195 1984 2313 2041 sive
2348 1983 2555 2037 crassis
2592 1983 2655 2037 in
2689 1983 2955 2052 partibus.
2997 2001 3016 2033 ι
3052 1980 3304 2035 Praesens
3339 1992 3490 2033 eram

1912 2079 1971 2133 in
1991 2093 2177 2146 carne,
2211 2095 2232 2129 ι
2263 2084 2318 2131 et
2358 2092 2475 2147 seq.
2506 2075 2973 2142 Quemadmodum
3012 2074 3278 2142 scriptum
3320 2080 3404 2125 est
3434 2070 3492 2125 in

1912 2169 2115 2223 lumbis
2153 2167 2431 2222 Abraham
2477 2168 2650 2235 patris
2691 2165 2864 2221 fuisse
2908 2164 3067 2230 Levi,
3097 2163 3178 2219 sic
3209 2171 3264 2218 et
3305 2162 3491 2217 omnis

1913 2259 2079 2315 homo
2104 2267 2397 2328 antequam
2438 2265 2699 2313 nascatur
2728 2257 2900 2328 patris
2927 2257 3009 2311 sui
3045 2256 3098 2308 in
3130 2263 3324 2308 natura
3353 2268 3493 2307 con-

1912 2358 2139 2422 ceptus,
2169 2350 2367 2404 deinde
2408 2350 2465 2404 in
2498 2348 2893 2415 concipientem
2948 2358 3175 2402 matrem
3222 2360 3317 2415 per
3337 2358 3493 2399 como

1911 2443 2174 2498 mercium
2208 2442 2505 2504 transiens,
2542 2439 2669 2495 inde
2702 2439 3009 2493 communis
3040 2452 3173 2491 caro
3203 2436 3491 2490 amborum

1913 2536 1971 2589 fit
1996 2543 2281 2605 parentum
2301 2534 2356 2587 in
2377 2533 2535 2587 vulva
2557 2531 2749 2585 matris
2784 2530 3074 2596 feturatus;
3094 2543 3279 2583 verum
3312 2526 3487 2582 fetura

1912 2622 1967 2677 in
1991 2622 2262 2693 principio
2284 2636 2409 2675 cum
2434 2620 2507 2673 sit
2539 2616 2793 2673 informis
2809 2630 2939 2670 caro
2963 2623 3016 2670 et
3046 2629 3167 2684 qua:
3190 2610 3488 2687 internosci

1910 2723 2175 2783 nequeat,
2232 2727 2332 2766 nec
2383 2708 2635 2764 mortalis
2684 2723 2785 2763 nec
2835 2708 2997 2761 homo
3051 2703 3235 2759 vocari
3284 2709 3487 2771 potest,

1909 2814 2067 2875 turpe
2100 2804 2303 2874 aliquid
2351 2803 2471 2858 sine
2502 2801 2845 2855 lineamentis
2882 2806 2939 2852 et
2988 2798 3107 2854 sine
3147 2796 3346 2851 decore
3377 2801 3487 2859 est,

1908 2912 2160 2953 sermone
2206 2909 2401 2948 carens
2447 2901 2501 2947 et
2538 2892 2851 2957 intellectu;
2881 2888 3156 2959 quomodo
3190 2888 3335 2941 enim
3371 2885 3489 2940 hac

1906 2994 2091 3043 essent
2121 2986 2175 3039 in
2212 2985 2319 3039 fetu
2358 2984 2503 3053 quod
2528 2981 2685 3052 quasi
2720 2982 2774 3034 in
2813 2975 3064 3050 sepulcro
3096 2980 3150 3039 in
3177 2979 3338 3033 vulva
3368 2992 3493 3033 ma-

1908 3079 2011 3134 tris
2043 3076 2392 3133 coarctatur?
2427 3073 2558 3128 Nam
2587 3082 2842 3142 tanquam
2880 3072 2933 3125 in
2964 3072 3173 3126 tumulo
3208 3070 3282 3124 ibi
3308 3071 3488 3125 inclu-

1905 3170 2086 3236 ditur,
2131 3168 2258 3223 inde
2296 3165 2488 3221 addit:
2546 3183 2565 3215 ι
2619 3164 2711 3219 Bis
2758 3162 3093 3232 sepulcrales
3126 3161 3371 3215 viventes
3416 3160 3486 3214 ad

1904 3261 2326 3330 corruptionem,
2348 3277 2365 3309 ι
2381 3257 2672 3325 adgemens
2695 3256 2779 3311 bis
2806 3255 2985 3308 verbis
3007 3260 3171 3322 atque
3196 3250 3485 3321 lugendam

1905 3353 2080 3410 vicem
2120 3352 2412 3405 miserans.
2450 3346 2585 3401 Nam
2633 3346 2792 3415 quasi
2833 3361 2864 3399 e
2913 3344 3099 3399 tumba
3141 3358 3173 3397 e
3215 3340 3483 3396 maternis

1904 3444 2118 3498 vicibus
2153 3447 2415 3495 exeuntes
2442 3448 2497 3493 et
2524 3437 2769 3493 viventes
2810 3436 2912 3489 iter
2950 3433 3165 3505 agimus
3194 3432 3261 3487 ad
3281 3423 3484 3487 'corru-

1904 3535 2146 3604 ptionem
2195 3548 2318 3602 qua:
2346 3540 2431 3586 est
2474 3531 2705 3583 alterum
2741 3527 3052 3597 sepulcrum
3108 3538 3162 3580 et
3208 3524 3482 3595 coagulati

1902 3626 2147 3697 corporis
2180 3623 2414 3688 solutio;
2442 3632 2495 3675 et
2521 3635 2705 3690 quam.
2730 3619 2928 3688 inquit,
2953 3618 3094 3672 viam
3112 3616 3480 3682 cucurr-imus,

1902 3730 2063 3785 quam
2111 3714 2276 3768 vitam
2329 3713 2384 3766 in
2428 3713 2630 3767 saeculo
2673 3710 2871 3778 degere
2922 3723 3044 3763 cum
3097 3722 3329 3783 corpore
3375 3704 3481 3760 visi

1902 3821 2120 3870 sumus,
2165 3803 2276 3857 hzec
2320 3802 2454 3855 nihil
2496 3802 2601 3855 nisi
2644 3813 2913 3853 annorum
2959 3782 3470 3866 impensaettem-

1901 3898 2051 3967 poris
2091 3896 2374 3951 evacuatio
2411 3901 2503 3947 aut
2556 3891 2905 3959 consumptio
2948 3904 2975 3942 a
3020 3904 3105 3942 me
3149 3888 3474 3941 aestimatur.

1901 3988 2019 4058 Ipsa
2057 3988 2187 4041 mihi
2210 3986 2437 4064 edundit
2463 3984 2745 4038 doloribus
2786 3988 2841 4035 et
2882 3979 3141 4035 aerumnis
3171 3978 3476 4032 confertam

1899 4086 2258 4133 senectutem.
2300 4076 2373 4130 Ea
2407 4086 2490 4130 est
2536 4074 2717 4128 fatalis
2751 4074 2863 4127 vita
2895 4087 2924 4125 a
2963 4071 3145 4125 tumba
3182 4069 3476 4139 incipiens,

1901 4168 1969 4222 ad
1999 4169 2239 4222 tumbam
2278 4167 2567 4233 desinens;
2608 4165 2653 4218 si
2688 4179 2816 4218 vero
2863 4161 3101 4216 mundus
3136 4159 3298 4225 alius,
3339 4161 3481 4211 vita-

1900 4275 2006 4328 que
2038 4257 2471 4325 incorruptibilis
2500 4264 2554 4309 et
2583 4253 3001 4314 indissolubilis,
3036 4251 3181 4304 sicut
3209 4249 3477 4318 scriptum

1899 4360 2003 4413 est,
2040 4364 2069 4401 a
2108 4363 2338 4418 corpore
2379 4348 2618 4401 solutum
2651 4361 2738 4400 me
2782 4345 2858 4398 ibi
2896 4343 3112 4412 recipit,
3154 4342 3353 4404 vide,o
3392 4350 3475 4406 tu,

1902 4442 2049 4495 fatur
2083 4441 2242 4495 divus
2270 4446 2459 4494 sancta
2491 4438 2815 4505 prsedicans,
2839 4451 2905 4489 ne
2940 4434 3077 4488 forte
3099 4448 3222 4502 quat:
3252 4442 3476 4501 apparet

1902 4535 2035 4597 vita,
2076 4532 2257 4594 linem,
2295 4531 2622 4600 supplicium
2658 4539 2712 4582 et
2736 4538 2975 4581 mortem.
3001 4525 3219 4587 habeat,
3258 4532 3313 4577 et
3350 4525 3478 4578 vita:

1897 4624 2181 4695 praesentis
2213 4622 2335 4676 linis
2362 4622 2467 4675 iter
2501 4620 2597 4674 tibi
2629 4629 2681 4673 et
2718 4632 2885 4672 causa
2923 4615 3065 4671 adsit
3096 4616 3218 4669 vitae
3252 4615 3477 4668 immor-

1896 4718 2019 4772 talis
2040 4718 2199 4783 longe
2224 4714 2382 4769 aliter
2421 4726 2584 4782 quam
2634 4720 2828 4780 putas;
2870 4717 2926 4762 tu
2967 4707 3185 4777 quidem
3233 4705 3475 4759 totaliter

1897 4810 2036 4863 mori
2092 4805 2385 4876 suspicaris
2430 4804 2773 4865 morientem,
2800 4800 2897 4871 qui
2929 4807 3108 4854 autem
3140 4797 3209 4851 ab
3235 4797 3334 4851 hac
3360 4798 3473 4850 vita

1895 4898 2189 4954 solvendus
2226 4897 2429 4968 optime
2469 4895 2692 4952 omnino
2721 4894 2948 4960 vixerit,
2986 4894 3053 4946 ad
3076 4906 3259 4947 veram
3288 4899 3471 4947 trans-

1894 4992 1994 5046 ibit
2019 4992 2207 5045 vitam.

1905 5301 1963 5355 i5
2011 5298 2154 5352 Nihil
2190 5314 2342 5361 sum,
2366 5299 2477 5351 'etc.

1964 5417 2259 5485 Postquam
2294 5428 2487 5466 vanam
2525 5420 2577 5467 et
2611 5412 2815 5467 nullius
2844 5413 3006 5483 pretii
3040 5410 3277 5467 hominis
3302 5420 3466 5466 natu-

1890 5524 2006 5563 ram
2042 5505 2437 5562 demonstravit
2468 5515 2522 5559 et
2557 5512 2816 5574 tanquam
2842 5505 3067 5558 nihilqu
3104 5486 3465 5559 substantiam

1888 5600 2029 5673 ejps;
2062 5599 2285 5653 minime
2325 5596 2453 5652 facit
2484 5597 2753 5682 reliquu’m
2783 5597 2851 5652 de
2875 5598 3157 5652 doloribus
3190 5605 3245 5651 et
3277 5611 3467 5665 super-

1890 5690 2233 5746 venientibus
2254 5690 2310 5745 in
2329 5689 2599 5747 hominem
2626 5689 3032 5747 calamitatibus
3051 5689 3239 5747 dicens
3263 5708 3276 5746 :
3294 5688 3469 5747 Natus

287 5852 396 5927 (45)
442 5854 645 5912 Alludit
687 5857 755 5914 ad
793 5855 847 5913 id
891 5856 1036 5933 quod
1070 5850 1477 5932 aitApostolus
1514 5859 1581 5918 ad
1625 5860 1791 5919 llebr.
1831 5880 1924 5935 vn,
1956 5870 2007 5925 δι
