4010 6298
489 434 596 493 735

489 568 614 608 sum
645 569 802 624 quam
835 554 1146 616 nibil,nihil
1176 570 1331 622 sum;
1367 567 1419 610 et
1459 572 1558 612 cur
1584 566 1664 611 tot
1693 559 1850 613 malls
1878 574 2062 628 super-

491 645 833 700 lbundanter
874 645 1157 702 confectus
1194 649 1506 717 opprimor,
1549 651 1705 720 quasi
1753 652 1888 704 bene
1928 665 2064 707 cono

489 742 645 789 stans
677 751 856 790 essem
893 735 1106 789 factura
1152 744 1206 790 et
1237 737 1414 790 valida
1460 751 1516 791 et
1547 738 1818 794 robusta?
1845 736 2060 793 Etenim

490 827 947 896 quemadmodum
991 826 1100 883 Deo
1125 838 1177 882 et
1214 829 1523 883 ccelestibus
1562 830 1706 899 quod
1766 829 1833 883 ad
1871 845 2063 885 essen-

489 919 623 970 tiam
647 929 700 972 et
725 919 1022 987 potentiam
1057 920 1360 990 etgloriam
1391 921 1446 973 in
1477 921 1711 976 excelsis
1743 931 1798 975 et
1823 923 2064 976 beatitu-

489 1007 669 1062 dinem
715 1019 924 1078 spectat
967 1009 1345 1065 indissolubile
1376 1019 1461 1065 est
1492 1020 1551 1066 et
1582 1012 1951 1071 immutabile:
1982 1013 2064 1069 sic

489 1107 544 1153 et
575 1099 814 1155 hominis
846 1110 1058 1156 naturae
1088 1102 1469 1158 indissolubile
1503 1111 1558 1157 et
1580 1104 1860 1158 adhaerens
1899 1112 1983 1159 est
2008 1113 2065 1158 et

487 1190 827 1247 immutabile
872 1195 1143 1248 infelicem
1189 1209 1312 1250 esse
1355 1211 1680 1265 semperque
1746 1198 1884 1251 alios
1941 1197 2064 1252 aliis

491 1282 614 1335 vitae
640 1284 901 1338 arumnis
948 1295 1001 1339 et
1042 1286 1280 1340 miseriis
1307 1287 1512 1356 urgeri.
1545 1286 1624 1339 Ex
1661 1302 1769 1355 quo
1827 1287 2062 1356 primum

485 1389 521 1426 e
549 1375 708 1427 vulva
736 1377 925 1429 matris
961 1377 1148 1430 exiens
1187 1379 1240 1428 in
1279 1385 1480 1431 terram
1511 1379 1961 1445 cecidi,ploratus
1995 1379 2066 1432 ab

488 1467 666 1519 oculis
686 1467 864 1533 emisi;
884 1469 1013 1521 mibi
1033 1484 1161 1539 ergo
1187 1468 1532 1524 manifestum
1551 1469 1797 1539 profecto
1845 1470 2066 1540 signum

488 1556 593 1634 lioc
634 1566 738 1620 est,
775 1557 880 1613 hoc
906 1560 1306 1624 testimonium,
1343 1569 1476 1629 quot
1509 1569 1563 1614 et
1595 1561 1815 1629 quantis
1847 1562 2064 1615 obviam

492 1664 584 1703 ero
612 1650 859 1720 lugendis
883 1661 936 1705 et
963 1652 1118 1707 malis
1147 1654 1238 1720 qui
1271 1655 1591 1723 priusquam
1617 1655 1780 1706 vitam
1805 1652 2063 1714 delibem,

491 1746 760 1810 lacrymas
788 1744 857 1798 ab
886 1746 1062 1800 oculis
1085 1745 1276 1799 fundo.
1313 1763 1332 1795 ι
1365 1743 1587 1798 Terram
1615 1745 1906 1813 quamdam
1934 1743 2065 1797 foris

493 1834 740 1894 liberaui.
769 1843 859 1890 νει
890 1853 1008 1906 seq.
1043 1836 1159 1897 Est,
1189 1838 1385 1906 inquit,
1411 1846 1552 1890 terra
1580 1843 1634 1890 et
1667 1837 1842 1891 insula
1873 1837 1927 1888 in
1958 1850 2063 1905 qua

491 1925 792 1980 belluarum
825 1943 998 1997 genus
1033 1944 1140 1981 non
1176 1931 1326 1990 vivit.
1356 1938 1410 1983 et
1442 1937 1526 1982 est
1561 1929 1713 1983 locus
1747 1937 1923 1983 tostus
1956 1943 2066 1996 quo

491 2030 596 2068 non
626 2020 1027 2086 appropinquat
1052 2017 1243 2089 frigida
1280 2035 1712 2083 nox;aerumnas
1733 2029 1910 2074 autem
1943 2023 2067 2073 vitae

490 2118 543 2161 et
581 2108 792 2165 labores
821 2125 980 2164 nemo
1025 2112 1347 2180 gloriabitur
1380 2114 1524 2181 quod
1561 2113 1797 2166 intactus
1826 2120 1880 2167 et
1913 2112 2069 2166 iudo-

491 2200 658 2254 mitus
682 2201 772 2255 hic
795 2201 1209 2272 subterfugerit.
1237 2202 1341 2256 Sed
1374 2204 1622 2271 quaedam
1653 2202 1865 2256 miserae
1896 2202 2070 2255 homi-

490 2305 620 2344 num
651 2293 774 2345 vitae
803 2292 940 2345 dura
971 2301 1218 2346 recenset
1255 2301 1308 2346 et
1341 2293 1508 2346 dicit:
1555 2292 1696 2346 Sunt
1731 2292 1988 2346 debilitas
2011 2300 2069 2346 et

491 2389 820 2448 paupertas,
856 2383 1100 2451 corporis
1135 2383 1295 2436 varia:
1341 2383 1688 2438 inﬁrmitates
1726 2391 1782 2438 et
1815 2385 1937 2438 vitae
1968 2399 2068 2439 ne-

489 2473 856 2526 cessariorum
901 2483 1152 2542 egestas,
1199 2486 1390 2544 partus
1429 2484 1484 2529 et
1529 2476 1689 2530 triste
1725 2476 1930 2537 latum,
1974 2484 2067 2528 aut

487 2563 707 2616 dolores
753 2565 1080 2632 parientium
1132 2572 1187 2617 et
1222 2580 1321 2634 pro
1366 2564 1691 2619 educatione
1731 2567 1916 2636 prolis
1945 2580 2068 2621 sese

489 2659 928 2708 cousumentium
951 2697 966 2721 ,
998 2656 1182 2710 odium
1217 2664 1270 2709 et
1301 2657 1357 2708 in
1388 2657 1695 2725 proximum
1731 2657 1980 2718 invidiae,
2015 2666 2070 2712 et

489 2744 681 2811 iniusti
713 2746 814 2798 viri
839 2754 893 2800 et
921 2747 1169 2800 scelerati
1197 2747 1267 2801 ab
1287 2748 1574 2816 egentibus
1607 2750 1920 2802 necessaria
1945 2751 2069 2803 vitae

493 2821 790 2905 rapientes.
821 2851 970 2891 more
994 2838 1296 2891 belluarum
1329 2839 1382 2891 in
1415 2838 1554 2891 mari
1583 2845 1638 2891 et
1667 2854 1832 2907 super
1865 2849 2066 2894 terram

493 2927 720 2981 miseros
751 2937 1117 2997 'cousumunt,
1161 2935 1215 2981 et
1243 2942 1459 2981 omnem
1493 2925 1634 2980 lianc
1671 2927 1836 2985 vitam
1870 2944 2070 2982 aerum-

491 3030 683 3069 nosam
711 3025 765 3069 et
789 3015 1078 3083 doloribus
1099 3013 1412 3069 afﬂuentem
1436 3015 1751 3070 hominibus
1776 3017 2065 3072 inducunt.

495 3124 516 3156 ς
555 3105 756 3159 Damna
795 3107 1015 3176 quidem
1043 3109 1374 3171 et-omnino,
1417 3127 1436 3160 ι
1474 3119 1528 3162 et
1558 3123 1678 3178 seq.
1701 3108 1857 3174 Quod
1887 3109 2064 3175 dicit,

499 3187 628 3241 illud
676 3199 759 3245 est
806 3209 821 3246 :
868 3195 1005 3249 Mala
1037 3212 1156 3264 qua:
1178 3184 1442 3252 dioniiiies
1478 3214 1600 3253 esse
1627 3209 1818 3267 putant
1852 3216 1915 3254 ac
1945 3215 2064 3253 mo-

496 3279 666 3344 lesta,
740 3284 996 3354 pleraque
1053 3290 1296 3357 reputavi
1361 3290 1587 3343 omnino
1649 3288 1945 3358 injucunda
2005 3300 2062 3345 et

493 3387 802 3429 :erumnosa
859 3379 1117 3448 omnique
1171 3381 1365 3434 solatio
1429 3382 1730 3445 destituta;
1791 3381 2059 3434 bonorum

492 3480 617 3531 qua:
686 3481 752 3519 eo
812 3471 1031 3525 nomine
1093 3472 1451 3540 designantur
1516 3475 1766 3528 moleSLia
1821 3475 2063 3528 immune

494 3557 703 3611 nul'um
754 3560 997 3627 profecto
1054 3563 1198 3625 vidi,
1248 3579 1312 3617 ex
1375 3579 1483 3632 quo
1531 3563 1778 3618 letliifera
1831 3579 1862 3617 a
1914 3563 2061 3633 ligno

492 3649 800 3718 degustalio
840 3661 893 3705 et
936 3654 1224 3709 homicidae
1273 3656 1477 3709 invidia
1523 3671 1764 3710 amaram
1803 3664 1858 3710 et
1905 3670 2063 3710 acer-

492 3743 616 3797 bam
656 3746 786 3798 mihi
828 3750 1276 3814 transgressionis
1315 3764 1530 3817 poenam
1574 3749 1778 3802 attulit.

1820 440 2116 496 NICETAS
2179 439 2382 495 DAVID

3633 429 3748 488 2'36

2163 575 2294 626 γων,
2319 557 2470 611 οὐδέν
2492 559 2629 628 ιίμι.
2669 557 2781 610 Καὶ
2805 555 2894 608 ινα
2918 554 2971 606 τί
2992 552 3266 614 τοσούτοις
3287 551 3742 622 ταλαιπωροῦμαι

2164 649 2372 712 κακοῖς,
2417 645 2884 716 ὲνδαπανώμενος,
2918 643 3062 697 ὥστε
3113 641 3359 710 πεπηγὸς
3401 640 3462 693 ὃν
3506 641 3740 707 πρᾶγμα

2164 743 2257 794 καὶ
2295 739 2512 811 ἰσχυρὸν
2545 739 2640 792 καὶ
2682 737 2936 809 στερρόν;
2971 736 3083 788 Καὶ
3113 737 3223 805 γὰρ
3260 733 3447 803 ὥσπερ
3487 732 3604 801 Θεῷ
3645 732 3742 784 καὶ

2162 833 2274 894 τοῖς
2316 830 2479 893 θείοις
2517 831 2578 883 τὸ
2621 831 2739 883 κατ’
2769 831 2987 892 οὐσίαν,
3031 829 3126 881 καὶ
3175 825 3419 896 δύναμιν,
3458 821 3742 885 καὶδόξαν

2163 923 2263 991 τὴν
2301 920 2599 984 ἀνωτάτω,
2629 921 2724 973 καὶ
2767 919 3176 990 μακαριότητα,
3208 914 3473 986 άτρεπτόν
3515 912 3575 965 τέ
3623 913 3742 964 ἐστι

2167 1014 2261 1067 καὶ
2296 1013 2629 1082 ἀμετάϐολον
2652 1030 2664 1042 ⁸
2694 1011 2865 1074 οὕτως
2890 1009 3178 1081 ἀνθρώπου
3203 1008 3362 1078 φύσει
3385 1006 3446 1059 τὸ
3465 1005 3744 1058 ταλαιπω-

2171 1103 2416 1174 ρεῖσθαι,
2445 1104 2539 1156 καὶ
2566 1103 2654 1155 ἀεὶ
2701 1105 2812 1164 τοῖς
2841 1100 2937 1154 τοῦ
2982 1100 3099 1169 βίου
3144 1093 3514 1151 διαπονεῖσθαι
3548 1091 3744 1147 ἄλλοτε

2165 1193 2348 1255 ἄλλοις
2400 1194 2680 1254 ἐπιπόνοις
2733 1194 2828 1245 καὶ
2873 1191 3150 1262 ἀλγηροῖς,
3193 1188 3459 1259 ἄτρεπτον
3507 1184 3746 1254 ὑπάρχει

2165 1285 2259 1337 καὶ
2306 1284 2552 1354 συμφυὲς
2592 1285 2688 1336 καὶ
2727 1283 3064 1353 ἀμετάθετον
3101 1299 3113 1311 ο
3150 1280 3209 1345 ἐξ
3239 1275 3301 1335 οὗ
3329 1278 3393 1349 δὴ
3429 1277 3491 1329 τὸ
3525 1273 3747 1346 πρῶτον

2163 1375 2274 1428 τῶν
2303 1376 2584 1448 μητρικῶν
2621 1375 2858 1442 λαγόνων
2897 1373 3238 1434 ὀλισθαίνων,
3275 1371 3368 1424 καὶ
3404 1370 3485 1431 είς
3521 1367 3621 1437 γῆν
3647 1367 3751 1417 ὲκ-

2167 1465 2372 1529 πεσὼν,
2398 1465 2630 1536 δάκρυον
2658 1467 2845 1536 ἀφῆκα
2871 1466 2981 1518 τῶν
3016 1461 3312 1534 ὀφθαλμῶν
3336 1476 3352 1492 ⁸
3384 1460 3479 1514 καὶ
3511 1458 3618 1528 γάρ
3650 1471 3747 1526 μοι

2165 1558 2319 1610 τουτὶ
2374 1557 2574 1630 δηλαδὴ
2625 1557 2892 1628 σύμϐολον
2935 1556 3193 1626 ἐναργὲς,
3227 1554 3385 1608 τοῦτο
3413 1550 3617 1620 γίνεται
3653 1564 3751 1600 τε-

2167 1651 2404 1720 κμήριον
2421 1691 2434 1712 ,
2469 1650 2614 1712 ὅσοις
2635 1652 2728 1704 καὶ
2751 1651 2883 1712 οἵοις
2917 1649 3094 1718 μέλλω
3115 1644 3540 1716 συναντήσεσθαι
3567 1641 3751 1712 λυπη-

2172 1743 2285 1812 ροῖς
2319 1742 2413 1794 καὶ
2430 1744 2642 1808 κακοῖς,
2673 1741 2734 1794 τὸ
2767 1743 2894 1811 πρὶν
2923 1741 2956 1811 ἢ
2980 1739 3075 1794 τοῦ
3100 1738 3215 1810 βίου
3243 1736 3482 1807 ἇψασθαι
3509 1735 3750 1803 δάκρυον

2169 1830 2230 1896 ἐξ
2253 1831 2548 1903 ὀφθαλμῶν
2570 1832 2806 1902 ἀφεῖναι.

2276 1923 2484 1992 Χώρην
2502 1925 2619 1992 μέν
2651 1925 2758 1978 τιν’
2788 1922 3032 1991 ἄθηρον,
3063 1939 3116 1977 κ.
3146 1938 3200 1976 τ.
3227 1920 3307 1986 ἐξ.

2245 2019 2419 2082 Ἐστι,
2449 2019 2602 2088 φησὶ,
2634 2018 2804 2090 χώρα,
2831 2019 2925 2070 καὶ
2949 2017 3141 2086 νῆσος,
3178 2006 3293 2086 ὲνῇ
3325 2010 3506 2083 θηρῶν
3538 2005 3753 2076 ἀγρίων

2167 2112 2230 2163 οὐ
2253 2111 2524 2162 διαιτᾶται
2555 2111 2718 2179 φύσις
2740 2127 2755 2141 ο
2792 2112 2885 2162 καὶ
2911 2110 3027 2163 ἐστι
3049 2109 3213 2170 τόπος
3240 2101 3748 2170 κατακεκαυμένοις.

2165 2198 2226 2256 οὗ
2268 2202 2476 2274 κρυερὰ
2517 2203 2577 2254 οὑ
2616 2201 2965 2273 προσεγγίζει
3003 2199 3163 2267 νιφάς
3195 2211 3210 2226 ⁶
3245 2196 3354 2248 τῶν
3395 2192 3654 2262 λυπηρῶν
3690 2190 3748 2242 δὲ

2165 2295 2261 2348 τοῦ
2297 2295 2412 2365 βίου
2438 2297 2531 2348 καὶ
2557 2293 2666 2347 τῶν
2703 2293 2914 2364 μόχθων
2937 2291 3114 2354 οὐδεὶς
3133 2290 3466 2358 καυχήσεται
3496 2285 3571 2347 ώς
3612 2284 3747 2336 ἀδά-

2171 2400 2374 2455 μαστος
2410 2385 2505 2436 καὶ
2546 2384 2808 2452 ἄγευστος
2831 2381 3064 2435 ὲνταῦθα
3091 2377 3387 2447 διαφυγών.
3427 2374 3598 2427 Ἀλλα
3623 2374 3753 2426 τινὰ

2165 2475 2235 2526 τά
2263 2474 2497 2542 δυσχερῆ
2533 2473 2644 2540 (46)
2673 2472 2768 2525 τοῦ
2792 2469 3136 2542 ταλαιπώρου
3164 2469 3272 2521 τῶν
3296 2464 3599 2537 ἀνθρώπων
3628 2464 3752 2533 βίου

2166 2567 2286 2618 κατ’
2333 2563 2470 2629 εἶδος
2506 2564 2919 2637 ἀναριθμεῖται,
2962 2563 3055 2616 καί
3082 2579 3246 2632 φησιν
3277 2577 3289 2589 ·
3340 2558 3622 2630 Ἀδράνεια
3653 2558 3754 2608 καὶ

2170 2657 2352 2720 πενία,
2383 2656 2634 2726 σώματος
2675 2658 2976 2727 ἀρρωστίαι
3007 2655 3246 2709 ποικίλαι
3281 2653 3375 2707 καὶ
3402 2652 3598 2704 ἐνδειαι
3635 2647 3755 2701 τῶν

2168 2747 2489 2818 ἐπιτηδείων
2516 2746 2650 2817 πρὸς
2676 2746 2839 2816 ζωὴν,
2866 2747 3024 2808 τόκος
3056 2746 3151 2798 καὶ
3183 2745 3345 2814 μόρος
3370 2783 3385 2804 ,
3415 2744 3536 2810 ἢτοι
3577 2756 3752 2792 κακο-

2168 2838 2372 2890 πάθεια
2427 2841 2546 2900 ταῖς
2577 2841 2887 2901 τικτούσαις
2915 2839 3008 2889 καὶ
3035 2837 3163 2907 περὶ
3182 2835 3278 2906 τὴν
3303 2833 3613 2904 ἀνατροφὴν
3639 2830 3754 2883 τῶν

2169 2929 2408 2995 ὲκγόνων
2440 2928 2822 2997 πονουμέναις,
2851 2926 3006 2996 ἔχθος
3040 2927 3132 2979 καὶ
3166 2927 3222 2980 αἱ
3253 2926 3391 2996 πρὸς
3422 2925 3545 2986 τοὺς
3569 2938 3756 2991 γειτο-

2166 3018 2393 3081 νοῢντας
2438 3018 2648 3091 ἔχθραι,
2671 3017 2767 3071 καὶ
2805 3017 2981 3071 ἄδικοι
3016 3001 3216 3086 ’ἄνδρες
3251 3017 3345 3068 καὶ
3401 3011 3755 3085 ἁμαρτωλοὶ,

2169 3110 2268 3171 τὰς
2293 3109 2430 3180 πρὸς
2460 3109 2520 3160 τὸ
2546 3107 2645 3179 ζῇν
2666 3107 2775 3160 τῶν
2811 3107 3214 3176 ταπεινοτέρων
3242 3102 3558 3176 ἀρπώμενοι
3582 3104 3759 3170 ἀφορ-

2173 3203 2280 3272 μάς
2303 3241 2318 3264 ,
2365 3203 2552 3272 ὅμοιον
2588 3201 2787 3273 τρόπον
2823 3202 2935 3263 τοῖς
2975 3201 3033 3253 ὲν
3066 3199 3309 3270 θαλάσσῃ
3344 3197 3508 3266 θηρσὶ
3550 3195 3644 3246 καὶ
3683 3196 3753 3263 τῇ

2171 3294 2311 3366 ξηρᾷ
2340 3293 2760 3366 κατατρίϐουσιν
2794 3294 2991 3356 αὐτοὺς
3010 3335 3025 3358 ,
3058 3292 3151 3345 καὶ
3185 3292 3360 3344 πάντα
3388 3289 3480 3342 τὸν
3510 3287 3624 3355 βίον
3652 3284 3751 3336 άλ-

2168 3401 2240 3456 γη
2251 3384 2339 3454 ρὸν
2367 3386 2459 3438 καὶ
2489 3384 2759 3437 ἐπώδυνον
2784 3385 2897 3446 τοῖς
2918 3380 3225 3452 ἀνθρώποις
3255 3375 3607 3432 καθιστῶσιν.

2277 3476 2526 3544 Πήματα
2544 3475 2662 3544 μὲν
2693 3475 2790 3527 καί
2821 3473 3093 3543 πάμπαν,
3119 3489 3154 3524 κ
3199 3487 3252 3524 τ.
3281 3469 3361 3531 ἐξ.

2250 3567 2316 3618 Ὃ
2358 3566 2413 3618 δὲ
2450 3566 2620 3630 λέγει,
2661 3564 2899 3619 τοιοῦτόν
2935 3565 3050 3616 ἐστι
3080 3579 3094 3593 ο
3130 3560 3252 3613 Τῶν
3293 3558 3422 3628 παρ’
3446 3552 3759 3625 ἀνθρώποις

2170 3655 2481 3722 λεγομένων
2528 3654 2717 3707 κακῶν
2761 3653 2858 3706 καὶ
2899 3650 3178 3722 δυσχερῶν
3229 3646 3398 3700 πολλὰ
3446 3641 3760 3712 κατενόησα

2173 3744 2453 3808 παντελῶς
2481 3745 2610 3797 ὄντα
2644 3743 2859 3815 ἀτερπῆ
2929 3743 3025 3794 καὶ
3057 3738 3313 3810 λυπηρά,
3359 3739 3453 3790 καὶ¹
3496 3732 3761 3804 οὐδεμίαν

492 3830 681 3896 ἔχοντα
712 3827 1042 3898 παραψυχὴν
1079 3829 1536 3900 παρομαρτοῦσαν
1563 3847 1576 3858 ·
1613 3831 1718 3881 τῶν
1751 3829 1972 3898 ἀγαθῶν
2016 3832 2074 3885 δὲ
2109 3834 2165 3885 ὲν
2205 3834 2304 3904 βίῳ
2334 3835 2843 3905 κατωνομασμένων
2885 3833 3038 3887 οὐδὲν
3075 3831 3303 3902 ἄμοιρον
3342 3828 3518 3898 λύπης
3551 3822 3761 3879 παντά-

494 3938 627 3973 πασι
657 3923 746 3973 τεθ
765 3923 941 3989 ταμαι.
976 3921 1069 3989 ἀφ’
1094 3914 1205 3990 οὖή
1236 3919 1454 3990 ὀλεθρία
1476 3920 1569 3972 τοῦ
1596 3920 1753 3986 ξύλου
1784 3921 1972 3989 γεῦσις
2002 3925 2094 3976 καὶ
2127 3927 2154 3977 ὁ
2175 3926 2268 3979 τοῦ
2297 3927 2651 3998 ἀνδροκτόνου
2680 3926 2871 3995 φθόνος
2907 3923 3110 3996 πικράν
3139 3940 3230 3992 μοι
3255 3920 3348 3975 καὶ
3385 3917 3629 3989 ἀλγηρὰν
3655 3916 3762 3987 τὴν

490 4017 591 4084 τῆς
623 4032 741 4084 παρ
759 4015 985 4076 ,ὅάσεως
1011 4014 1282 4082 τιμωρίαν
1309 4015 1671 4082 ὲναπήμεσεν.

493 4126 561 4180 59
587 4124 714 4178 ch
733 4126 844 4187 tibi,
873 4141 1019 4185 caro,
1053 4124 1196 4175 dicta
1223 4125 1350 4184 sint,
1377 4141 1474 4176 non
1500 4123 1658 4188 facile
1680 4127 1936 4187 sanabili,
1960 4134 2063 4180 etc.

563 4217 642 4269 Ad
689 4225 739 4270 te
773 4232 934 4283 ergo,
967 4231 999 4268 ο
1034 4230 1194 4277 caro,
1247 4225 1443 4268 sauatu
1479 4214 1781 4278 diﬂicilem,
1815 4217 2069 4271 immedi—

492 4308 718 4360 cabilem
759 4307 898 4362 forte
945 4310 1058 4360 haec.
1092 4324 1122 4360 a
1163 4311 1360 4364 nobis:
1405 4325 1529 4362 nam
1573 4310 1728 4364 hoste
1771 4325 1984 4366 ammna
2020 4323 2072 4367 te

493 4406 615 4452 utor
640 4410 693 4452 et
721 4417 934 4469 semper
963 4401 1251 4468 militanti;
1288 4402 1460 4456 hostis
1493 4401 1676 4456 debita
1710 4419 1927 4474 semper
1961 4405 2067 4457 ini-

493 4494 632 4545 Inica
670 4494 890 4560 placens
936 4509 1086 4554 caro.
1130 4503 1245 4547 tum
1280 4511 1422 4564 saepe
1461 4511 1765 4562 cooperans
1799 4497 1864 4549 ad
1903 4498 2068 4560 bona,

493 4569 606 4638 ium
632 4585 908 4638 ordinat-ie
936 4601 1203 4656 prepensa
1226 4586 1289 4639 ad
1317 4589 1580 4642 malorum
1608 4589 1886 4659 abyssum.
1920 4587 2070 4642 Ferae

493 4678 787 4732 blandienti
828 4677 961 4732 mihi
998 4679 1195 4734 similis
1231 4680 1433 4735 videris
1472 4689 1527 4735 et
1571 4681 1852 4746 adulanti,
1889 4692 1942 4736 et
1984 4683 2063 4734 iu-

493 4769 707 4823 terdum
745 4770 938 4824 acerbe
977 4769 1272 4836 mordenti;
1322 4779 1375 4824 ct
1406 4771 1514 4839 igni
1544 4774 1880 4827 calefacieuti
1911 4774 2066 4828 simi-

492 4864 638 4922 labo.
682 4863 775 4917 sed
803 4871 857 4918 et
903 4863 1067 4918 simul
1108 4863 1464 4920 vehementer
1497 4867 1880 4937 refrigeranti;
1916 4869 2063 4939 quod

492 4960 793 5023 insolitum,
825 4974 999 5028 eoque
1034 4961 1206 5030 magis
1230 4961 1427 5015 mirum
1449 4969 1554 5025 est,
1579 4965 1624 5017 si
1651 4964 1788 5019 forte
1811 4965 1877 5017 ad
1904 4965 2064 5018 linem

489 5059 663 5104 totum
693 5051 823 5104 mihi
869 5052 1132 5106 benevola
1156 5055 1331 5108 lieres
1368 5069 1664 5128 pacemque
1731 5057 1928 5124 dares;
1968 5056 2066 5109 tibi

491 5155 644 5209 ergo,
676 5154 709 5192 ο
732 5155 882 5214 (εει-ο,
907 5139 1020 5194 haec
1045 5141 1193 5196 dicta
1228 5142 1358 5209 sint,
1392 5144 1487 5199 sed
1515 5153 1569 5199 et
1594 5145 1690 5199 tibi
1718 5147 1909 5200 anima:
1963 5141 2065 5212 ipsi

493 5232 750 5285 dicentur
807 5242 969 5302 prout
1023 5234 1235 5303 justum
1293 5245 1397 5291 est.
1453 5237 1692 5303 «Quis?
1734 5237 1935 5293 Unde?
1980 5247 2075 5292 aut

492 5325 622 5391 quid
652 5326 753 5380 es?
785 5346 801 5378 ι
825 5334 879 5380 et
902 5342 1019 5396 seq.
1048 5325 1183 5391 Quis
1201 5335 1254 5382 et
1279 5329 1441 5391 unde,
1468 5336 1521 5382 et
1545 5329 1671 5396 quid
1693 5345 1750 5383 cs
1769 5331 2071 5384 secundum

495 5425 771 5481 naturam,
811 5417 899 5470 die
938 5419 983 5472 si
1033 5418 1231 5484 habes;
1263 5419 1388 5488 quis
1422 5426 1474 5474 te
1505 5428 1778 5474 mortuum
1810 5420 2069 5474 ferentem

495 5521 592 5566 aut
619 5525 820 5579 corpus
855 5511 1116 5566 ferentem
1167 5511 1488 5581 plasmavit?
1536 5512 1668 5578 Quis
1712 5512 2074 5581 undequaquo

496 5613 780 5657 oneratam
831 5613 884 5656 et
929 5605 994 5656 ad
1043 5613 1243 5659 terram
1285 5606 1569 5676 religatam
1617 5607 1827 5660 catenis
1878 5604 2072 5658 validis

496 5695 624 5747 vitae
663 5694 944 5763 religavit?
979 5697 1264 5761 Quomodo
1309 5698 1597 5751 rommista
1644 5696 1741 5752 es?
1791 5695 2073 5763 Quomodo

569 5877 680 5946 μθ)
709 5879 887 5933 Codex
925 5880 1063 5934 ἀλλὰ
1091 5883 1207 5935 τίνα
1239 5881 1304 5934 τὰ
1331 5882 1594 5950 δυσχερεῖ.

2171 4136 2236 4189 59
2274 4133 2373 4187 Σοὶ
2392 4134 2510 4202 μὲν
2538 4132 2634 4198 δὴ,
2663 4130 2840 4199 σὰρξ,
2865 4131 2994 4185 τοῖα
3022 4129 3333 4193 δυσστιθέτ,
3371 4147 3424 4181 κ.
3455 4147 3502 4182 τ.
3525 4131 3573 4179 λ.

2243 4222 2386 4295 Πρὸς
2426 4221 2490 4276 σὲ
2531 4225 2628 4293 μὲν
2659 4220 2785 4286 οὖν,
2821 4217 2866 4275 ὦ
2901 4223 3058 4292 σάρξ,
3091 4223 3328 4293 δυσαλθῆ
3360 4240 3418 4274 τε
3453 4224 3543 4273 καὶ
3567 4219 3760 4273 δυσία-

2169 4333 2259 4370 τον
2295 4317 2645 4386 ὑπάρχουσαν
2670 4316 2892 4369 τοιαῦτα
2928 4318 3060 4387 παρ’
3090 4317 3244 4386 ἡμῶν
3267 4334 3280 4345 ι
3321 4315 3417 4367 καί
3442 4313 3549 4383 γὰρ
3573 4311 3761 4383 ἐχθρῷ

2172 4427 2252 4462 σοι
2303 4409 2523 4478 εὐμενεῖ
2577 4408 2794 4478 χρῶμαι
2827 4408 2921 4461 καὶ
2977 4406 3428 4477 φιλοπολεμοῦντι
3489 4406 3596 4458 ἀεί.
3628 4404 3762 4457 Φίλ-

2177 4498 2370 4568 εχθρος
2397 4499 2506 4550 αἰεὶ
2535 4499 2887 4569 δυσμενὴς,ἡ
2925 4499 3058 4570 σὰρξ
3090 4497 3260 4566 φίλος,
3290 4498 3351 4550 τὸ
3377 4497 3477 4569 μὲν
3497 4495 3762 4567 συνεργὸς

2177 4590 2315 4660 πρὸς
2365 4590 2434 4642 τὰ
2486 4591 2626 4642 καλὰ
2657 4590 2946 4653 πολλάκις,
3000 4591 3060 4642 τὸ
3107 4590 3151 4643 δ’
3203 4590 3449 4652 ἐκτόπως
3495 4589 3761 4658 βρίθουσα

2176 4681 2312 4751 πρὸς
2359 4681 2544 4734 κακῶν
2598 4680 2790 4751 βάθος·
2829 4681 3002 4751 θηρίῳ
3046 4681 3154 4752 γὰρ
3188 4681 3420 4734 ἐοικέναι
3462 4697 3552 4749 μοι
3577 4681 3758 4742 δοκεῖς

2175 4769 2555 4840 προσσαίνοντι
2597 4771 2694 4839 μὲν
2728 4770 3034 4834 κολακικῶς
3053 4811 3068 4832 ,
3111 4769 3358 4823 δάκνοντι
3389 4770 3436 4823 δ’
3465 4772 3638 4823 ἐνίοτε
3665 4789 3762 4824 πι-

2174 4863 2354 4934 κρῶς,
2385 4864 2480 4917 καὶ
2503 4863 2644 4933 πυρὶ
2666 4863 3013 4933 θερμαίνοντι
3038 4863 3414 4933 παρομοιάσω,
3455 4863 3568 4916 ἀλλ’
3601 4863 3760 4934 αύτῷ

2173 4958 2352 5028 τούτῳ
2383 4959 2476 5010 καὶ
2507 4956 2731 5027 ψύχοντι
2765 4956 3038 5028 σφοδρῶς·
3080 4956 3108 5008 ὃ
3136 4958 3229 5009 καὶ.
3258 4957 3559 5028 παράδοξον
3578 4997 3594 5020 ,
3633 4959 3757 5024 μεῖ-

2177 5051 2268 5114 ζον
2306 5051 2363 5103 δὲ
2393 5049 2610 5118 θαῦμα,
2661 5049 2714 5102 εί
2743 5066 2872 5102 ποτε
2911 5049 3013 5102 κᾶν
3057 5051 3115 5111 ἐς
3166 5040 3392 5119 ὕστερον
3421 5048 3482 5100 τὺ
3508 5047 3627 5100 ὅλον
3663 5064 3760 5116 μοι

2177 5141 2409 5211 εὐμενὴς
2454 5142 2626 5209 γένοιο
2671 5141 2766 5194 καὶ
2811 5139 3130 5209 εἰρηνεύοις.
3184 5140 3276 5194 Σοὶ
3322 5141 3418 5208 μὲν
3447 5135 3542 5192 οὖν
3569 5138 3667 5209 δὴ,
3701 5133 3754 5194 ὦ

2179 5233 2348 5302 σάρξ,
2398 5231 2567 5285 ταῦτα
2621 5220 3028 5302 πφσειρήσοωλ
3076 5233 3210 5286 ἀλλὰ
3241 5234 3335 5285 καὶ
3381 5234 3464 5285 σοὶ
3508 5234 3574 5302 τῇ
3606 5232 3760 5304 ψυχῇ

2177 5327 2316 5396 αύτῇ
2345 5324 2415 5377 τά
2450 5325 2758 5394 καθήκοντα
2787 5323 3103 5395 ῥηθήσεται.

2323 5418 2453 5478 Τίς;
2480 5415 2697 5477 πόθεν;
2726 5414 2764 5481 ᾗ
2797 5415 2853 5466 τί
2884 5415 3120 5481 πέλεια
3146 5432 3200 5468 κ.
3231 5433 3281 5468 τ.
3317 5413 3394 5478 ἐξ.

2248 5509 2344 5571 Τίς
2378 5509 2471 5561 καὶ
2519 5508 2680 5561 πόθεν
2737 5507 2828 5561 καὶ
2864 5508 2914 5559 τί
2966 5508 3105 5559 κατὰ
3144 5510 3242 5579 τὴν
3287 5508 3446 5576 φύσιν
3477 5508 3647 5578 αὐτὴν
3678 5504 3758 5572 εἴ,

2183 5600 2388 5670 φράσον
2409 5639 2424 5663 ,
2473 5599 2526 5650 εί
2559 5615 2640 5652 σοι
2687 5599 2886 5669 παρόν·
2918 5600 3001 5662 τίς
3045 5600 3101 5652 δέ
3136 5616 3194 5650 σε
3221 5600 3582 5669 νεκροφόροι).
3636 5601 3764 5672 ﬂeor

2184 5689 2566 5762 σωματοφόρον
2587 5730 2601 5754 ,
2659 5691 2951 5760 ἐποιήσατο
2973 5729 2985 5753 ,
3041 5692 3276 5761 στερεοῖς
3308 5691 3366 5742 ὲν
3393 5689 3616 5760 δεσμοῖς
3661 5689 3764 5745 τοῦ
