4010 6298
270 391 379 457 787

276 510 399 580 βίου
449 509 763 581 καταδήσας
818 506 1150 577 πανταχόθεν
1203 507 1575 581 βαρυνομένην
1609 510 1701 561 καὶ
1728 524 1858 561 συνο

192 632 195 633 ν
275 600 637 672 σιλκυσμένην
689 602 768 664 εἰς
812 599 945 670 γῆνς
977 598 1107 678 πῶς,
1141 599 1378 671 ἐμίγηςς
1420 599 1539 664 πῶς
1580 598 1879 672 Expellam

275 695 499 763 πνεῦμα
543 686 701 760 οὖσα,
724 691 803 761 τῷ
853 690 1008 763 βάρει
1046 689 1142 745 τοῦ
1175 690 1454 759 σώματος
1486 691 1605 755 πῶς
1638 691 1695 744 δὲ
1730 689 1854 753 νοῦς

274 786 519 840 πέλουσα
541 824 557 847 ,
625 785 789 854 σαρκὶ
852 782 1122 856 κραθῆναι
1183 781 1488 848 κατεδέξως
1560 782 1736 853 κούφη
1794 769 1881 835 δὲ’

271 878 621 951 τυγχάνουσα
664 876 782 940 πῶς
817 875 981 946 ἄχθος
1009 877 1229 947 φέρεις;
1255 874 1440 929 Ταῦτα
1479 873 1587 946 γὰρ
1619 875 1855 939 ἀντικεί-

278 988 422 1041 μενα
453 970 527 1033 ὡς
548 968 763 1022 ἐναντία
792 967 1040 1039 ἀλλήλοις
1073 968 1417 1039 διαμάχεται.

274 1058 348 1115 69
388 1061 458 1113 Et
475 1058 592 1128 μὲν
620 1056 696 1125 δὴ
724 1056 1065 1126 σάρκεσσιν
1092 1056 1531 1202 ὀμόσποροῖθῗὲ
1731 1052 1856 1178 {$.2-

1466 1145 1551 1194 ες,
1574 1145 1629 1181 κ.
1654 1144 1704 1180 τ.
1732 1144 1781 1180 Α.

353 1217 741 1291 Προσλαλήσας
786 1222 853 1291 τῇ
900 1220 1065 1292 σαρκὶ
1107 1215 1357 1292 πρῶτον,
1392 1216 1513 1273 εἶτα
1556 1222 1623 1291 τῇ
1670 1219 1851 1289 ψυχῇ,

274 1312 382 1364 ὅσα
424 1309 889 1384 θεοληπτούμενον
921 1312 1087 1383 ἀνδρα
1115 1310 1438 1384 προσλαλεῖν
1469 1311 1668 1382 ἐχρῆν,
1698 1306 1856 1373 αὖθις

273 1404 419 1476 πρὸς
457 1404 556 1475 τὴν
603 1403 782 1475 ψυχὴν
811 1404 1057 1476 περὶτῆς
1106 1404 1227 1459 κατ’
1253 1406 1421 1475 αὐτὴν
1451 1405 1715 1474 γενέσεως
1760 1403 1854 1457 καὶ

275 1495 423 1567 πρὸς
470 1496 531 1549 τὸ
594 1495 755 1566 σῶμα
809 1496 1162 1567 συγκράσεως
1212 1496 1516 1579 διαλέγεται
1569 1494 1856 1566 θεοφορού-

280 1603 481 1657 μενος,
514 1587 578 1641 El
608 1588 706 1655 μὲν
738 1587 853 1658 ἅμα
873 1627 888 1649 ,
931 1587 1105 1656 λέγων
1126 1629 1144 1653 ,
1185 1586 1263 1657 τῷ
1297 1587 1509 1659 σώματι
1560 1588 1655 1640 καὶ
1680 1587 1851 1658 αὑτὴ,

272 1668 327 1730 ὦ
371 1677 544 1750 ψυχὴ,
572 1679 1007 1751 συσπειρομὲνη,
1035 1681 1102 1750 τῇ
1141 1678 1367 1750 μητρῷα
1399 1679 1599 1749 γαστρὶ
1645 1694 1853 1746 συγκα-

273 1768 583 1839 τεσλήθης,
630 1771 725 1823 καὶ
774 1769 917 1824 οὕτω
977 1770 1255 1842 παρῆλθες
1295 1771 1374 1833 είς
1398 1771 1491 1823 τὸν
1521 1770 1658 1840 βίον,
1684 1769 1729 1823 ὥ
1759 1786 1853 1841 μοι

272 1859 387 1930 τῆς
440 1860 702 1930 συζυγίας
750 1861 840 1915 διὰ
903 1861 1114 1932 μακροῦ
1165 1861 1534 1933 ἀπολομένηςί
1584 1864 1694 1916 Καὶ
1746 1862 1854 1933 γὰρ

275 1947 449 2002 είκὼν
479 1946 623 2003 εἷναι
665 1948 799 2003 Θεοῦ
854 1950 1066 2021 φρονῶν
1108 1952 1203 2004 καὶ
1233 1950 1623 2021 μεγαλαυχῶν,
1653 1968 1857 2022 μαργο-

276 2037 451 2109 σύνης
501 2041 735 2111 αἰσχρᾶς
775 2041 869 2094 καὶ
898 2042 1094 2113 ἀτίμου
1141 2043 1380 2113 ρεῠσεως
1425 2043 1855 2113 ἀποτετέλεσμαι

275 2128 418 2191 υἱός.
450 2130 786 2200 Αἰσχύνομαι
814 2132 878 2203 δὴ
906 2128 1000 2186 οὗν
1032 2134 1245 2205 μητέρα
1280 2135 1464 2205 τιμῆς,
1498 2136 1641 2205 φημὶ
1667 2135 1732 2207 δὴ
1756 2134 1857 2205 τῆς

272 2221 487 2285 εἰκόνος
506 2261 520 2284 ,
555 2224 657 2293 τὴν
687 2223 789 2292 τῆς
818 2225 1019 2295 σαρκὸς
1050 2226 1346 2281 ἀκόλαστον
1372 2225 1593 2297 λέγωνῆ
1615 2225 1856 2280 ὑπονοῶν

273 2312 608 2385 ἐπιθυμίαν·
641 2316 976 2388 εὐλαϐοῦμαι
1009 2319 1105 2370 καὶ
1136 2319 1281 2372 δέδια
1317 2318 1529 2389 μητέρα
1552 2319 1651 2388 τῆς
1677 2318 1856 2388 ψυχῆς

271 2404 385 2474 τὴν
411 2405 595 2475 ῥεῦσιν
622 2410 821 2468 εἰπεῖν,
855 2408 937 2461 ὅτι
981 2408 1118 2479 αὐτὴ
1150 2411 1248 2479 μὲν
1277 2409 1542 2483 ἔφθαρται
1571 2412 1651 2473 εἰς
1695 2410 1856 2481 σῶμα

274 2502 520 2567 myrica-
547 2500 759 2573 βροτοῦ,
784 2503 843 2567 ὃς
871 2504 966 2557 νῦν
996 2505 1097 2575 μὲν
1123 2506 1316 2574 ὁρᾶται
1342 2503 1530 2575 βροτὸς
1551 2519 1857 2571 γενεσιουρ-

274 2591 492 2661 γηθεὶς,
524 2588 681 2655 αὖθις
704 2593 760 2647 δὲ
781 2594 901 2647 οὐδὲ
926 2594 1136 2666 βροτὸς,
1166 2596 1302 2648 ἀλλά
1340 2596 1486 2656 κόνις
1514 2595 1770 2663 ἐσόμενος
1794 2592 1856 2646 τὺ

272 2684 612 2738 τελευταῖον.
646 2684 710 2737 Et
751 2680 873 2750 οὖν,
921 2685 967 2738 ὦ
994 2686 1161 2757 ψυχὴ,
1191 2689 1255 2757 τῇ
1285 2686 1451 2757 σαρκὶ
1475 2684 1856 2755 συγκατεσπά-

277 2792 417 2846 ρης.
451 2778 540 2847 μή
554 2792 683 2830 ποτε
714 2776 808 2830 καὶ
842 2777 1375 2848 συγκαταφθαρῇις].

351 2870 425 2922 El
450 2864 520 2920 δὲ
548 2869 630 2922 σύ
656 2869 707 2937 τ’
736 2871 981 2939 cepam,
1008 2886 1126 2936 τις,
1149 2887 1203 2923 κ.
1238 2886 1284 2924 τ.
1322 2870 1401 2935 ἐξ.

352 2959 545 3029 Εἴπερ,
582 2960 746 3030 φησὶν
764 3000 778 3021 ,
802 2961 899 3030 οὑχ
914 2962 1241 3033 ὁμόσπορος,
1269 2956 1316 3015 ὦ
1341 2960 1507 3033 ψυχὴ,
1529 2962 1757 3031 γέγονας
1778 2961 1857 3032 τῷ

274 3049 529 3120 σώματι,
562 3048 751 3121 ὥσπερ
778 3050 885 3103 οὐδ’
921 3054 1170 3123 ὁμοφυὴς
1205 3051 1357 3119 (πῶς
1384 3053 1527 3123 γάρ;
1556 3053 1638 3107 ὅτι
1668 3053 1731 3105 τὺ
1759 3054 1857 3122 μὲν

216 3134 235 3143 ’
276 3140 414 3212 χοῦς
448 3142 542 3194 καὶ
588 3142 769 3212 ἐπάγη
800 3145 864 3195 ἐκ
898 3144 1044 3213 χοὸς.
1071 3144 1137 3197 σὺ
1167 3144 1225 3197 δὲ
1254 3143 1512 3216 οὐρανίας
1554 3143 1860 3213 κομπάζεις

276 3229 500 3305 φύσεως
530 3224 667 3284 εἶναι
715 3232 811 3284 καὶ
842 3230 1183 3302 ἀφθάρτου),
1219 3230 1340 3286 ὅθεν
1371 3232 1525 3302 ἔφυς,
1562 3233 1859 3304 σαφήνισον

276 3325 419 3394 ἡμῖν
442 3338 458 3353 ·
488 3324 536 3375 εί
570 3322 671 3391 μὲν
700 3322 834 3376 Θεοῦ
865 3325 1020 3394 ἀημα
1046 3324 1081 3395 ἢ
1112 3325 1358 3395 πνεῦμα,
1400 3326 1494 3378 καὶ
1521 3323 1701 3393 λάχος,
1739 3325 1857 3395 ἦτοι

275 3414 515 3483 κλῆρος,
546 3412 621 3476 ὡς
648 3412 781 3475 οἴει,
813 3413 905 3467 καὶ
939 3396 1117 3483 μερὶς,
1144 3412 1298 3483 ρίψον
1327 3411 1655 3466 ἀτασθαλίαν
1678 3413 1859 3466 πᾶσαν

275 3506 501 3567 ἀδικίας
535 3521 595 3558 τε
621 3506 712 3558 καὶ
745 3506 1038 3576 πονηρίαν,
1071 3507 1163 3559 καὶ
1206 3506 1574 3577 συνθήσομαι·
1622 3506 1719 3560 καὶ
1751 3506 1859 3578 γὰρ

275 3596 608 3661 οὐδὲ-ἔξεστι
632 3595 728 3651 τοῦ
770 3597 975 3666 ἀγαθοῦ
1003 3599 1097 3651 καὶ
1126 3596 1369 3668 καθαροῦ
1408 3598 1569 3667 φύσει
1602 3601 1795 3670 μοῖραν
1824 3598 1858 3669 ἢ

277 3687 584 3759 ἀπόρροιαν
640 3687 1020 3759 ὑπάρχουσαν,
1071 3688 1247 3760 κακὴν
1300 3684 1438 3741 εἶναι
1478 3690 1511 3759 ἢ
1552 3688 1725 3761 ῥύπου
1756 3688 1859 3743 κᾶν

274 3778 535 3835 ὁπωσοῦν
576 3780 634 3831 ἐν
662 3778 876 3849 μεθέξει
928 3780 1291 3834 καθεστάναι’
1343 3780 1464 3834 οὐδὲ
1513 3784 1622 3851 γὰρ
1669 3781 1859 3845 σκότος

270 3871 441 3944 ⁴ιιλίου
488 3871 730 3941 πέφυκεν
773 3870 1087 3943 ἐνέργημα,
1118 3871 1240 3925 οὔτε
1283 3872 1519 3944 πονηροῦ
1549 3873 1643 3926 καὶ
1683 3872 1860 3943 ζοφὼ-

268 3962 410 4024 δους
450 3961 755 4032 πνεύματος
798 3960 1085 4030 φώταυγον
1116 3962 1227 4033 (Π)
1258 3962 1474 4034 πνεῦμα
1512 3963 1545 4035 ἢ
1591 3964 1861 4034 ἀγαθουρ-

270 4054 386 4121 γὸν
415 4051 576 4122 ἐξέφυ
594 4069 608 4084 ο
653 4051 715 4105 τὸ
743 4054 927 4123 ὅμοιον
958 4054 1067 4123 γὰρ
1098 4053 1239 4107 κατά
1269 4052 1430 4122 φύσιν
1456 4055 1641 4125 ὅμοιον
1670 4058 1856 4127 γεννᾷ.

271 4143 415 4205 Πῶς
442 4139 533 4196 οὖν
562 4143 625 4195 σὺ
644 4182 659 4205 ,
686 4136 732 4196 ὦ
761 4142 930 4215 ψυχὴ,
961 4147 1082 4205 ταῖς
1111 4144 1206 4199 τοῦ
1238 4144 1482 4217 Πονηροῦ
1512 4150 1709 4210 κακαῖς
1740 4149 1859 4201 ἐπι-

275 4230 475 4285 θέσεσι
514 4228 767 4283 τοσοῦτον
819 4230 914 4283 τοῦ
958 4229 1121 4301 ὀρθοῦ
1154 4231 1313 4299 λόγου
1365 4231 1461 4284 καὶ⁵
1508 4232 1602 4284 τοῦ
1652 4233 1857 4301 ἀγαθοῦ

275 4322 616 4392 παρατρέπῃ
646 4321 740 4374 καὶ
781 4320 1151 4393 παρεξελαύνῃ
1176 4362 1189 4385 ,
1240 4323 1461 4393 καίπερ,
1499 4323 1575 4386 ὡς
1612 4324 1739 4395 φῂς,
1763 4324 1859 4377 οὐ·

278 4410 462 4484 ρανίῳ
488 4410 581 4463 καὶ
612 4409 802 4478 ἀγαθῷ
831 4409 1097 4482 πνεύματι
1138 4410 1590 4481 συγκεκραμένη;
1618 4411 1727 4463 Καὶ
1752 4410 1858 4483 γὰρ

275 4504 334 4557 εί
373 4501 560 4584 βοῃθὸν
590 4501 784 4570 ἔχουσα
811 4500 1073 4564 τοιοῦτον,
1098 4502 1191 4553 ἐπὶ
1212 4500 1466 4555 τοσοῦτον
1495 4500 1700 4573 βρίθεις
1725 4503 1860 4573 πρὸς

274 4594 389 4665 τὴν
415 4592 516 4662 γῆν
544 4593 638 4647 καλ⁵
668 4592 836 4661 οὕτως
858 4594 950 4646 ἐπὶ
975 4592 1036 4646 τὸ
1058 4596 1239 4665 χεῖρον
1262 4595 1649 4667 καταῤῥέπεις,
1682 4596 1764 4658 τίς
1794 4596 1861 4647 ἀν

278 4686 411 4755 εἴης
460 4685 794 4757 ἐστερημένη
842 4684 1129 4756 βοηθείας;
1174 4684 1243 4738 At
1287 4685 1345 4737 αἲ
1375 4686 1475 4756 τῆς
1514 4684 1862 4758 πανωλέθρου

280 4779 488 4841 κακίας
519 4778 766 4848 ἀμίκτως
796 4779 934 4851 πρὸς
958 4780 1019 4832 τὺ
1040 4778 1242 4848 ἀγαθὸν
1266 4780 1647 4852 διακειμένηςῑ

364 4868 503 4923 Εὶδ’
536 4870 606 4922 οὔ
626 4886 727 4937 μοι
759 4872 964 4924 θεόθεν
981 4870 1085 4934 σὺ,
1115 4887 1169 4926 κ.
1202 4888 1254 4924 τ.
1287 4870 1367 4937 ἐξ.

362 4960 423 5013 Et
464 4961 538 5031 μὴ
578 4960 802 5032 οὐρανία
835 4963 929 5016 καὶ
983 4964 1047 5016 ἐκ
1075 4961 1169 5015 τοῦ
1218 4962 1612 5037 ὑπερουρανίου
1661 4962 1796 5017 Θεοῦ
1828 4966 1861 5035 ἡ

287 5053 365 5123 σὴ
392 5052 554 5121 φύσις
576 5054 966 5121 καὶόὐσίωσις,
993 5049 1038 5107 ὦ
1058 5054 1227 5126 ψυχὴ,
1258 5056 1431 5120 πέλει,
1460 5056 1576 5120 δέος
1614 5075 1703 5129 μοι
1734 5057 1861 5126 σφό-

284 5145 394 5214 δρα
423 5144 583 5213 μέγα,
604 5144 699 5197 καὶ
720 5144 927 5212 ἀγωνία
944 5184 959 5210 ,
984 5146 1077 5197 κα)⁵
1105 5145 1267 5214 φόϐος
1283 5146 1589 5218 ὑποτρέχει,
1632 5150 1705 5218 μή
1731 5165 1864 5201 ποτε

289 5235 433 5305 κενῷ
450 5236 680 5308 δοξαρίῳ
707 5236 1022 5307 φυσιοῦμαι,
1046 5239 1137 5290 καὶ
1160 5239 1498 5309 γαυριάματι
1532 5239 1861 5311 μετεωρίζο-

292 5341 415 5395 μαι,
437 5325 557 5395 εἰκῆ
584 5324 805 5392 πλάσμα
833 5326 1112 5381 καὶ-εἰκὼν
1142 5325 1278 5380 Θεοῦ
1310 5324 1447 5380 εἶναι
1480 5328 1860 5399 μεγαλαυχῶν.

289 5436 360 5492 87
400 5438 655 5508 Πλάσμα
680 5441 825 5495 Θεοῦ
859 5440 1243 5509 παράδεισος,
1274 5442 1462 5512 Ἐ’δὲμ,
1494 5462 1548 5499 κ.
1566 5460 1616 5497 τ.
1635 5444 1689 5499 λ.

367 5552 549 5605 Εἰπὼν
600 5553 853 5624 οὐρανίαν
903 5551 1047 5610 εἶναι
1103 5556 1202 5627 τὴν
1251 5557 1462 5639 ψυχὴν,
1516 5557 1593 5620 ὡς
1640 5558 1865 5628 πλάσμα

294 5642 429 5699 θεοῦ
467 5644 562 5699 τοῦ
604 5647 1029 5720 ὑπερουρανίου,
1058 5649 1125 5703 δι’
1172 5650 1199 5701 ὃ
1230 5651 1323 5704 καὶ
1357 5649 1727 5722 βοηθουμένην
1772 5652 1864 5703 ὑπ’

1303 390 1366 443 IN
1407 390 1714 447 CARMINA
1751 388 2032 445 ARCANA
2070 386 2128 440 3.
2164 381 2513 441 GREGORII.

1976 217 2022 225 ...ε

3423 379 3541 446 738

1960 502 2184 572 spiritus
2212 516 2338 556 cum
2380 500 2493 564 sis,
2532 512 2697 553 onere
2722 497 2971 567 corporis
3012 496 3217 552 domita
3261 495 3361 551 es?
3390 493 3537 562 Quo-

1958 592 2122 646 modo
2154 592 2371 644 animus
2403 604 2527 644 cum
2556 589 2666 652 sis,
2700 588 2986 659 imperium
3012 588 3197 641 carnis
3236 594 3428 640 coacta
3476 603 3539 640 es

1958 682 2238 752 recipere?
2258 679 2505 736 Pondere
2532 680 2792 736 immunis
2813 679 2942 748 quid
2974 679 3191 749 pondus
3220 678 3330 732 fers
3347 677 3373 731 Ἰ
3397 675 3539 733 Nam

1958 773 2076 829 haec
2104 771 2206 830 sibi
2252 772 2485 828 invicem
2513 772 2797 826 contraria
2835 770 2977 825 inter
3006 786 3067 825 so
3100 776 3430 840 repugnant.

1960 1040 2029 1097 69
2067 1039 2223 1107 Quod
2256 1055 2303 1093 st
2330 1054 2450 1093 cum
2481 1036 2732 1091 carnibus
2766 1045 2886 1090 sata
2918 1036 2971 1089 in
3000 1036 3161 1089 vitam
3190 1036 3397 1101 venisti,
3425 1043 3535 1094 etc.

2029 1131 2327 1202 Postquam
2362 1130 2517 1193 carni
2547 1130 2806 1199 primum,
2841 1129 2967 1182 dein
3000 1128 3217 1193 animae,
3250 1128 3395 1182 sicut
3424 1126 3542 1182 Deo

1960 1222 2278 1281 concitante
2321 1221 2471 1291 loqui
2517 1221 2750 1277 decebat
2794 1218 2997 1283 virum,
3029 1219 3246 1274 loculus
3277 1228 3382 1283 est,
3433 1220 3538 1273 ite-

1960 1330 2083 1370 rum
2114 1329 2237 1368 cum
2277 1313 2460 1367 anima
2495 1313 2562 1367 de
2604 1311 2782 1383 ipsius
2820 1317 3016 1365 natura
3049 1317 3104 1364 et
3148 1325 3270 1365 cum
3301 1324 3543 1379 corpore

1960 1407 2030 1461 de
2051 1406 2176 1476 ejus
2199 1406 2434 1461 mistura
2457 1412 2821 1460 conversatur
2843 1404 3031 1458 divino
3059 1402 3257 1473 spiritu
3288 1401 3503 1457 amatus
3522 1419 3539 1454 :

1962 1498 2265 1569 Siquidem,
2314 1497 2517 1566 inquit,
2549 1511 2674 1552 cum
2712 1510 2944 1565 corpore
2985 1505 3041 1550 et
3080 1496 3221 1564 ipsa,
3267 1510 3301 1549 o
3331 1494 3541 1558 anima,

1961 1593 2229 1663 inspirata
2258 1607 2290 1647 e
2319 1592 2514 1645 matris
2543 1588 2755 1660 gremio
2784 1588 2969 1644 exiisti
2999 1597 3056 1643 et
3087 1587 3153 1641 ad
3176 1587 3343 1642 vitam
3382 1587 3537 1642 veni-

1961 1686 2051 1748 sti,
2086 1698 2165 1738 vae
2211 1682 2347 1737 mihi
2399 1680 2471 1735 ob
2512 1680 2959 1750 conjunctionem
3002 1678 3150 1733 lente
3184 1675 3541 1749 pereuntem!

1962 1775 2096 1830 Nam
2130 1776 2308 1843 imago
2335 1770 2429 1826 Dei
2460 1770 2606 1840 quod
2637 1770 2740 1824 sim
2775 1771 3029 1839 cogitans
3063 1776 3120 1824 et
3150 1770 3415 1839 glorians,
3445 1770 3542 1825 de-

1960 1866 2179 1921 mentia:
2233 1862 2412 1933 turpis
2448 1870 2505 1917 et
2554 1862 2937 1930 ignominiosa:
2995 1858 3229 1929 originis
3286 1861 3543 1929 perﬁciar

1960 1959 2130 2013 ﬁlius.
2178 1955 2460 2010 Erubesco
2498 1968 2631 2023 ergo
2675 1962 2905 2006 matrem
2952 1951 3199 2014 honoris,
3233 1951 3356 2006 dico
3404 1953 3539 2005 ima:

1960 2051 2141 2122 ginis,
2197 2048 2529 2103 init-enatam
2573 2046 2753 2099 dicere
2823 2048 2919 2098 aut
2938 2041 3205 2111 suspicari
3229 2044 3412 2099 carnis
3443 2059 3539 2097 cu-

1957 2140 2255 2209 piditatem;
2297 2140 2387 2209 pio
2436 2136 2633 2191 affectu
2666 2145 2720 2190 et
2754 2142 3023 2189 tremente
3070 2148 3264 2188 vereor
3308 2142 3541 2189 matrem

1957 2233 2154 2287 anima:
2229 2228 2587 2284 inﬂuxionem
2650 2240 2997 2291 memorare,
3057 2227 3184 2296 quia
3242 2226 3361 2296 ipsa
3421 2227 3543 2298 qui-

1955 2326 2080 2379 dem
2120 2337 2245 2379 cum
2292 2320 2650 2391 corruptione
2700 2319 3005 2373 seminatur
3030 2318 3104 2371 'in
3148 2333 3350 2388 corpus
3390 2333 3539 2372 mor-

1956 2417 2084 2471 talis
2136 2414 2444 2485 coagulata,
2485 2413 2580 2483 qui
2623 2426 2771 2465 nunc
2812 2411 3029 2465 videtur
3081 2412 3333 2466 mortalis
3386 2427 3544 2466 crea-

1956 2516 2067 2567 tus.
2096 2512 2285 2576 postea
2319 2519 2448 2559 vero
2466 2504 2577 2575 jam
2614 2518 2723 2556 non
2752 2502 3022 2565 mortalis,
3057 2504 3149 2558 sed
3179 2504 3359 2573 pulvis
3391 2502 3547 2557 fotu.

1957 2615 2052 2654 rus
2083 2601 2138 2654 in
2169 2599 2355 2653 linem.
2388 2596 2445 2652 Si
2474 2612 2627 2668 ergo,
2670 2612 2704 2651 o
2732 2598 2939 2661 anima,
2983 2598 3038 2649 in
3068 2611 3234 2652 carne
3270 2594 3543 2651 seminata

1956 2693 2056 2756 sis,
2093 2692 2217 2747 vide
2252 2707 2319 2745 ne
2357 2690 2522 2745 simul
2558 2691 2956 2759 corrumparis.
3003 2709 3021 2741 ι
3055 2687 3112 2742 Si
3146 2702 3274 2744 vero
3300 2690 3543 2744 cmlestis

1958 2791 2083 2849 tu..,
2120 2803 2137 2833 ι
2172 2790 2227 2836 et
2266 2797 2383 2851 seq.
2420 2781 2501 2845 Si,
2534 2768 2734 2850 inquit,
2774 2797 2884 2835 non
2924 2796 2989 2834 ex
3035 2781 3201 2836 simili
3240 2780 3474 2851 origine,
3509 2796 3546 2833 ο

1958 2874 2163 2937 anima,
2192 2872 2471 2943 prodiisti,
2504 2887 2569 2926 ac
2607 2886 2834 2942 corpus,
2879 2887 2980 2926 nec
3011 2887 3042 2924 a
3086 2870 3252 2925 simili
3294 2871 3418 2925 loco
3447 2887 3543 2941 ge-

1956 2968 2072 3019 nita
2098 2980 2180 3029 es,
2212 2965 2383 3034 quid?
2415 2963 2551 3019 lllud
2582 2964 2804 3033 quidem
2833 2972 2978 3017 terra
3007 2971 3061 3017 et
3093 2972 3371 3032 sumptum
3397 2972 3484 3017 est
3513 2979 3549 3016 θ

1957 3066 2126 3119 terra,
2159 3066 2215 3109 tu
2257 3066 2439 3110 tamen
2472 3053 2685 3108 cmlesti
2734 3062 2931 3106 natura
2964 3059 3019 3105 et
3063 3052 3384 3121 incorrupta
3429 3054 3545 3121 glo-

1958 3148 2158 3203 riaris?
2194 3145 2347 3201 Unde
2375 3154 2495 3201 orta
2524 3161 2603 3210 es,
2636 3144 2819 3200 indica
2865 3144 2997 3198 mihi
3037 3164 3051 3198 :
3082 3144 3129 3199 si
3162 3159 3193 3197 ιι
3231 3142 3343 3199 Deo
3402 3145 3546 3201 bali-

1959 3252 2048 3297 tus
2075 3248 2129 3295 et
2159 3239 2385 3310 spiritus
2411 3255 2493 3303 es,
2524 3247 2583 3293 et
2608 3252 2737 3309 pars
2775 3245 2873 3291 aut
2909 3236 3304 3305 haereditas,ut
3346 3241 3546 3307 opina-

1960 3336 2129 3401 ris,et
2158 3334 2360 3404 portio,
2400 3346 2617 3387 omnem
2651 3331 2875 3386 malitia:
2921 3331 3243 3385 thesaurum
3292 3333 3547 3386 et.mali-

1960 3424 2220 3493 gnitatem
2253 3422 2489 3493 projice,
2517 3429 2571 3477 et
2613 3421 2977 3476 censentiam.
3008 3418 3221 3473 Etenim
3266 3434 3377 3475 non
3417 3419 3550 3474 licet

1973 3512 2103 3569 boni
2147 3520 2204 3567 et
2234 3513 2356 3584 puri
2387 3520 2595 3583 partem
2629 3511 2958 3566 naturaliter
3003 3520 3099 3564 aut
3141 3510 3546 3566 emanationem

1959 3616 2086 3657 esse
2122 3602 2320 3657 malam
2357 3609 2452 3656 aut
2487 3601 2760 3671 quantulo
2798 3599 2930 3654 libet
2960 3600 3124 3653 modo
3157 3598 3291 3655 fecis
3316 3601 3544 3669 partici-

1963 3710 2086 3766 pem
2114 3693 2418 3750 esse.Nam
2455 3706 2557 3747 nec
2600 3691 2861 3747 tenebras
2900 3691 3090 3761 genuit
3118 3691 3252 3747 solis
3282 3690 3545 3756 eﬂicacia,
3650 3752 3651 3755 η

1959 3802 2063 3844 nec
2089 3787 2219 3841 mali
2253 3794 2308 3845 et
2338 3786 2692 3840 tenebrarum
2745 3784 2977 3853 spiritus
3005 3781 3247 3838 cﬂicacia
3288 3785 3546 3852 spiritum

1962 3881 2363 3937 illuminantem
2393 3888 2448 3934 et
2483 3878 2627 3932 bona
2659 3884 2979 3946 operantem
3029 3876 3216 3946 genuit
3246 3894 3258 3929 :
3291 3891 3415 3929 nam
3466 3877 3547 3930 si-

1960 3975 2089 4030 mile
2121 3973 2228 4028 sibi
2275 3970 2577 4028 secundum
2612 3978 2867 4025 naturam
2901 3970 3154 4040 quaelibet
3202 3984 3289 4023 res
3323 3968 3495 4039 gignit
3528 3988 3543 4023 :

1918 4134 1931 4141 ὦ
1960 4066 2238 4138 quomodo
2267 4079 2400 4135 ergo
2430 4071 2510 4127 tu,
2547 4077 2581 4116 ο
2608 4064 2812 4127 anima,
2847 4061 2904 4115 in
2944 4060 3120 4131 malos
3158 4057 3281 4114 Mali
3314 4072 3549 4114 conatus

1960 4156 2097 4213 adeo
2134 4171 2164 4210 a
2202 4164 2354 4211 recta
2403 4154 2615 4208 ratione
2660 4161 2713 4207 et
2754 4168 2785 4206 a
2835 4152 2981 4206 bono
3012 4151 3327 4206 declinares
3358 4162 3413 4206 et
3468 4152 3547 4205 ir-

1962 4263 2267 4321 rumperes,
2316 4247 2467 4308 licet,
2505 4255 2563 4300 ut
2592 4245 2752 4311 dicis,
2794 4244 3007 4300 caelesti
3038 4252 3093 4300 et
3137 4245 3284 4299 bono
3319 4244 3546 4314 Spiritui

1960 4339 2405 4397 commiscearis‘!
2453 4337 2702 4408 Namque
2756 4339 2848 4392 tali
2904 4335 3092 4392 fruens
3150 4337 3449 4393 auxiliante
3495 4338 3545 4394 si

1960 4440 2172 4487 tantum
2206 4431 2578 4501 prosternaris
2618 4432 2673 4484 in
2719 4437 2958 4493 terram,
3008 4430 3200 4498 sicque
3250 4427 3318 4483 ad
3354 4429 3547 4500 pejora

1963 4534 2017 4579 te
2045 4523 2333 4589 extendas,
2363 4522 2497 4593 quid
2538 4524 2745 4577 auxilio
2780 4523 2975 4576 orbata
3019 4521 3367 4577 remanebis?
3391 4521 3543 4578 Eheu

1964 4617 2143 4671 letalis
2172 4616 2394 4670 malitiae
2438 4616 2642 4684 absque
2678 4615 2911 4669 mistura
2956 4629 3056 4685 pro
3089 4614 3234 4668 bono
3267 4614 3542 4684 impoten-

1961 4718 2049 4765 ter
2078 4710 2349 4779 jacentis!
2386 4728 2404 4760 ι
2436 4707 2495 4762 Si
2542 4723 2652 4762 non
2696 4724 2725 4761 a
2764 4706 2874 4761 Deo
2907 4715 2965 4760 tu
2998 4706 3156 4769 mihi,
3186 4726 3204 4757 ι
3244 4714 3297 4760 et
3326 4722 3446 4777 scq.
3486 4706 3544 4761 Si

1967 4816 2076 4856 non
2114 4810 2198 4854 est
2228 4800 2471 4855 caelestis
2505 4814 2605 4855 nec
2640 4798 2711 4853 ab
2759 4799 3032 4853 altissimo
3061 4796 3175 4852 Deo
3207 4806 3403 4852 natura
3449 4807 3543 4853 tua

1965 4903 2020 4947 et
2046 4893 2375 4954 substantia,
2400 4907 2434 4946 ο
2465 4892 2670 4956 anima,
2700 4906 2929 4962 magnus
2958 4889 3119 4945 valde
3143 4890 3310 4943 timor
3346 4899 3402 4945 et
3427 4899 3545 4945 tre-

1972 5001 2090 5039 mor
2114 4994 2168 5038 et
2193 4985 2334 5039 lucta
2359 4986 2623 5048 occurrit,
2653 5000 2721 5039 ne
2752 4983 2891 5038 forte
2923 4999 3063 5038 vana
3106 4985 3280 5054 gloria
3308 4992 3543 5037 tumeatu

1972 5085 2026 5129 et
2054 5076 2360 5146 arrogantia
2394 5092 2479 5130 me
2518 5076 2776 5139 exaltem,
2809 5085 3120 5131 creaturam
3160 5083 3214 5129 et
3251 5076 3545 5146 imaginem

1973 5164 2067 5220 Dei
2113 5182 2199 5221 me
2223 5167 2458 5236 iactans.

1971 5447 2040 5501 8‘7
2085 5428 2418 5515 Figmentum
2454 5445 2553 5501 Dei
2579 5447 2884 5515 paradisus,
2916 5445 3087 5514 Eden,
3114 5455 3225 5502 etc.

2046 5557 2242 5612 Dicens
2271 5560 2551 5613 caelestem
2582 5560 2819 5613 animam
2846 5569 3109 5629 tanquam
3144 5558 3237 5615 Dei
3287 5557 3545 5615 altissimi

1972 5654 2203 5723 plasma,
2248 5652 2477 5723 ideoque
2522 5651 2589 5707 ab
2632 5651 2753 5724 ipso
2799 5649 3062 5721 adiutam,
3110 5652 3359 5723 quaedam
3402 5651 3545 5707 inter

368 5821 477 5892 (ﬂ)
518 5823 857 5896 Φὼταυτον.
892 5827 973 5883 sic
1005 5826 1165 5895 cod.;
1197 5828 1536 5886 addubitavit
1563 5830 1705 5887 hanc
1742 5830 1978 5888 formam
2014 5830 2403 5891 Schneiderus.
