4010 6298
491 419 600 476 Ἶ59

491 539 730 593 maxima
781 539 982 593 auxilia
1019 554 1138 607 qute
1171 553 1269 608 pro
1312 539 1426 608 ipsa
1478 539 1731 609 praestitit
1779 547 2059 594 memorat.

489 628 676 684 Primo
712 645 842 698 ergo
869 629 1184 698 paradisum
1224 628 1277 681 in
1328 629 1473 682 Etlen
1521 630 1574 682 in
1608 630 1800 683 anima:
1827 629 2062 682 hominis

489 719 736 774 favorem
787 721 1087 789 plantavit;
1129 727 1182 773 et
1230 720 1467 790 primum
1513 723 1680 775 decus
1727 721 2063 790 gloriamque

488 811 732 880 perfudit
778 812 830 863 in
880 811 1056 878 ipsum
1108 827 1268 879 quem
1318 811 1382 865 ad
1421 812 1709 881 imaginem
1757 811 2064 866 similitudi-

487 915 725 969 nemque
757 915 911 953 suam
947 902 1270 969 plasmavit;
1313 901 1511 956 deinde
1545 904 1597 955 in
1645 902 1905 956 auxilium
1958 902 2061 972 ipsi

485 991 636 1045 dedit
695 993 1012 1045 mandatum
1066 1007 1170 1061 quo
1208 993 1499 1046 observato
1535 991 1962 1046 immortalitatis
2008 999 2062 1045 et

484 1079 853 1137 deiﬁcationis
911 1098 1039 1152 spes
1111 1083 1551 1152 promittebatur.
1613 1083 1866 1136 Admissa
1932 1097 2062 1136 vero

483 1175 928 1242 transgressione
977 1176 1028 1228 in
1068 1173 1418 1243 irrequietam
1449 1175 1614 1226 vitam
1645 1176 1830 1236 istam,
1870 1189 2061 1243 pecca-

486 1261 559 1314 tis
586 1263 954 1317 abundantem
991 1272 1046 1346 et
1088 1265 1374 1318 mortalem
1411 1265 1536 1318 inde
1571 1265 1780 1334 lapsum
1812 1269 2056 1329 noxium,

482 1353 568 1408 sic
613 1357 733 1410 sine
764 1357 1037 1422 adiutorio
1073 1374 1180 1410 non
1222 1358 1460 1426 neglexit
1495 1359 1778 1412 hominum
1824 1369 2056 1413 amator.

483 1442 727 1500 Diversis
779 1447 1161 1501 institutorum
1209 1450 1504 1518 generibus
1551 1450 1665 1504 sive
1712 1450 2063 1520 generaliori-

483 1535 612 1600 bus,
651 1540 767 1592 sive
791 1542 966 1610 magis
989 1542 1323 1609 specialibus
1351 1544 1656 1613 impietates
1683 1553 1736 1596 et
1766 1542 2056 1612 impiorum

481 1632 539 1684 in
581 1630 757 1700 ipsum
807 1631 1029 1702 indigne
1080 1643 1202 1687 acta
1256 1634 1410 1704 juxta
1463 1634 1734 1703 justitiam
1783 1635 2058 1687 insecutus

478 1732 565 1776 est
600 1741 612 1776 :
649 1725 729 1777 sic
780 1725 1040 1793 paulatim
1095 1726 1180 1779 sui
1241 1727 1417 1796 ipsius
1463 1726 1756 1795 agnitionis
1808 1725 2059 1778 instituta

481 1816 683 1880 dabat;
720 1825 770 1869 et
808 1832 949 1887 aqua
991 1820 1153 1872 morti
1185 1819 1428 1873 deditum
1461 1816 1746 1872 inundavit
1791 1818 2057 1871 mundum

480 1916 536 1961 et
559 1907 868 1976 fulguribus
911 1908 1224 1964 incendium
1271 1910 1656 1979 spargentibus
1700 1907 2058 1962 Sodomorum

483 1999 770 2055 lasciviam
805 2001 860 2054 in
885 2002 1122 2055 cinerem
1149 2001 1376 2071 redegit.
1403 2000 1607 2055 Deinde
1631 2009 1753 2069 post
1775 2001 1889 2054 hac
1913 2000 2059 2054 aliud

477 2090 780 2145 remedium
837 2099 930 2144 aut
976 2091 1239 2144 auxilium
1291 2093 1674 2160 peccatoribus
1719 2091 1803 2144 lex
1855 2092 2059 2160 scripta

479 2196 578 2251 per
613 2181 853 2251 Moysem
902 2182 1225 2237 insinuavit.
1259 2182 1506 2247 Quorum
1537 2182 1778 2235 omnium
1817 2181 2058 2237 fortissi-

480 2287 654 2336 mum,
693 2271 928 2329 Domino
973 2274 1358 2344 dignissimum
1391 2281 1443 2327 et
1492 2272 1749 2341 pietatem
1781 2287 1911 2342 erga
1957 2273 2060 2327 bo-

481 2362 664 2417 mines
717 2365 956 2432 spirans,
999 2364 1116 2432 ipse
1149 2364 1202 2416 in
1242 2373 1547 2433 temporum
1575 2363 1942 2433 plenitudine,
1986 2363 2062 2418 si-

481 2470 613 2508 num
649 2453 830 2509 Patris
865 2470 972 2508 non
1019 2455 1333 2524 relinquens
1378 2452 1549 2509 Filius
1580 2455 1893 2524 unigenitus
1940 2453 2055 2518 Dei,

482 2541 748 2611 Verbum,
801 2559 1115 2614 supremam
1167 2542 1261 2598 Dei
1313 2551 1563 2597 naturam
1619 2542 1870 2597 humanae
1921 2557 2058 2596 con-

481 2635 681 2704 iunxit,
734 2645 882 2690 totus
941 2635 1246 2690 secundum
1310 2634 1653 2706 hypostasim
1695 2642 1809 2687 tota
1863 2641 2060 2687 natura

481 2728 724 2781 humana
775 2742 896 2782 sese
946 2727 1236 2782 includens
1282 2726 1652 2790 ineﬂ'abiliter,
1701 2729 1775 2782 ita
1821 2740 1878 2783 ιιι
1916 2728 2060 2784 Deus

482 2818 840 2886 impassibilis
871 2833 1120 2881 manens,
1160 2819 1512 2888 passionibus
1546 2819 1685 2874 meis
1715 2835 1744 2872 a
1776 2829 1929 2889 parte
1954 2819 2059 2873 bu-

483 2923 644 2962 mana
683 2908 919 2977 patiens,
967 2907 1344 2963 fortitudinem
1402 2920 1456 2964 et
1486 2910 1630 2973 vires
1680 2909 1814 2963 mihi
1856 2911 2060 2979 praebe-

483 3007 585 3062 ret,
630 3011 684 3054 et
717 3015 802 3054 me
836 3001 1124 3054 mortalem
1177 3000 1296 3070 ipso
1330 3011 1748 3057 consummante
1779 3001 1940 3055 deum
1978 3001 2059 3056 ef-

486 3089 692 3146 ﬁceret.
727 3091 878 3146 Adeo
921 3106 1075 3162 ergo,
1107 3092 1184 3145 ait
1224 3092 1403 3146 anima
1449 3109 1479 3147 a
1512 3092 1623 3148 Deo
1655 3093 1962 3148 illuminata
2007 3101 2062 3149 et

481 3183 665 3239 divina
715 3184 990 3248 revelans,
1049 3184 1183 3238 mibi
1237 3185 1492 3255 praestitis
1545 3187 1613 3240 ab
1670 3185 1878 3255 optimo
1929 3185 2059 3240 boni

481 3284 732 3328 amatore
795 3273 1117 3336 beneﬁciis,
1166 3281 1554 3344 praepotentem
1612 3283 1673 3327 ut
1727 3285 1782 3328 et
1839 3275 2063 3344 perillu-

483 3373 654 3419 strem
709 3363 884 3418 habeo
929 3365 1195 3417 animam.
1230 3362 1432 3419 Verum
1471 3379 1631 3419 suum
1679 3380 1830 3419 more
1870 3364 1961 3434 qui
2003 3380 2062 3419 se

482 3454 741 3508 occidere
793 3454 950 3523 quasi
1015 3453 1227 3517 furnnt,
1275 3454 1440 3509 corde
1495 3455 1698 3508 volenti
1750 3456 1805 3508 in
1857 3454 2059 3508 ferrum

485 3553 728 3606 ruentes,
764 3545 828 3598 ad
874 3553 1104 3599 mortem
1144 3561 1267 3615 quae
1288 3549 1357 3604 ob
1371 3557 1649 3619 peccatum
1669 3544 1825 3602 nobis
1856 3546 2064 3616 impen-

482 3637 576 3692 det
612 3639 919 3708 pracipites
963 3639 1309 3692 festinamus.

486 3727 701 3798 Ecquod
730 3730 849 3783 vita:
887 3730 1080 3782 bonum
1111 3727 1205 3781 Dei
1228 3728 1363 3783 lux?
1389 3737 1442 3782 et
1479 3744 1598 3799 seq.

562 3819 621 3873 In
655 3821 724 3874 iis
767 3832 887 3889 quae
922 3820 1272 3888 reperiuntur
1316 3819 1370 3873 in
1424 3819 1525 3873 hac
1561 3821 1670 3874 vita
1700 3821 1826 3890 quid
1854 3819 2060 3886 “testifi-

484 3909 721 3964 candum
771 3918 855 3964 est
902 3911 1150 3964 bonum?
1211 3908 1557 3965 Unanimiter
1602 3911 2058 3981 respondebitur,

487 4002 670 4055 lumen
708 3997 903 4062 :Nam,
931 4001 1128 4069 inquit,
1161 4000 1300 4052 vidit
1334 4000 1474 4055 Deus
1519 4000 1703 4054 lumen
1732 3999 1876 4070 quod
1917 4009 2062 4056 esset

486 4096 732 4160 bonum;
763 4107 816 4148 et
857 4095 990 4164 quid
1047 4096 1192 4148 aliud
1238 4097 1436 4150 melius
1479 4103 1572 4148 aut
1593 4096 1888 4164 jucundius
1918 4104 2062 4151 esset

489 4202 680 4242 eorum
711 4200 835 4255 qua:
873 4197 1000 4241 sunt
1033 4187 1087 4239 in
1123 4187 1276 4240 vita?
1321 4185 1426 4240 Sed
1458 4195 1512 4241 et
1548 4202 1615 4240 ne
1646 4187 1760 4256 ipse
1792 4189 2062 4258 particeps

488 4282 594 4336 sim
638 4287 734 4332 aut
774 4278 927 4334 fruar
976 4280 1170 4348 majori
1222 4288 1378 4350 parte
1426 4279 1602 4348 ipsius
1652 4295 1737 4334 me
1773 4280 1969 4335 invida:
2005 4291 2059 4336 et

486 4372 694 4426 odioste
737 4372 950 4441 privam
1000 4373 1260 4435 tenebrae,
1313 4372 1487 4428 aciem
1533 4371 1818 4426 oculorum
1856 4373 2056 4427 obscu-

489 4473 714 4532 rantes,
770 4479 869 4519 nec
910 4465 1042 4518 mihi
1079 4465 1200 4533 plus
1240 4464 1404 4533 hujus
1454 4475 1698 4520 remanet
1753 4465 1978 4520 luminis
2011 4465 2057 4520 si

490 4557 580 4626 pie
597 4559 783 4611 vivere
822 4563 1068 4626 reputor.
1103 4556 1364 4622 Quinimo
1396 4555 1576 4626 majus
1621 4558 1802 4611 lumen
1843 4556 2059 4611 videtur

491 4647 634 4716 apud
660 4647 881 4717 impios,
913 4647 1056 4701 unde
1086 4663 1171 4701 me
1196 4647 1478 4701 oculorum
1507 4649 1627 4700 acie
1657 4647 1901 4702 hebetem
1933 4664 2056 4718 pre-

492 4745 648 4792 catur
681 4738 823 4793 idem
853 4754 979 4792 cum
1032 4739 1141 4792 illis
1185 4740 1307 4793 visu
1351 4753 1611 4808 prospere
1655 4739 1896 4807 assequi,
1935 4739 2060 4792 licet

492 4830 601 4885 alia
662 4843 728 4883 ex
785 4839 938 4898 parte
1000 4829 1316 4884 inﬁrmitate
1363 4829 1601 4883 laborem
1657 4838 1711 4884 et
1761 4844 1956 4883 onerer
2006 4837 2060 4884 et

491 4929 762 4990 mgrotans
785 4918 889 4972 sim
921 4928 976 4974 et
1012 4919 1203 4988 jacens
1241 4928 1295 4973 et
1322 4918 1565 4988 abjectus
1598 4938 1611 4972 :
1643 4935 1835 4974 verum
1864 4917 1958 4974 Dei
1993 4922 2060 4973 ti-

492 5027 612 5066 mor
641 5026 727 5066 me
757 5011 1021 5065 humilem
1047 5011 1139 5065 diu
1168 5018 1446 5086 noctuque
1473 5011 1898 5080 cogitationibus
1927 5026 2060 5065 con-

491 5103 770 5157 turbatum
797 5111 848 5156 et
874 5112 1259 5171 consumptum
1288 5100 1441 5157 facit.

493 5193 596 5250 Ille
618 5211 699 5249 me
733 5196 983 5265 superbus
1013 5196 1258 5263 supinum
1281 5195 1491 5265 impulit
1525 5203 1686 5259 retro,
1720 5202 1774 5247 et
1794 5209 1906 5262 seq.

567 5347 659 5403 Illa
689 5349 922 5418 superba
952 5350 1062 5403 vita
1089 5357 1143 5404 et
1173 5348 1411 5416 excelsa,
1447 5349 1543 5403 illa
1570 5349 1749 5402 mollis
1783 5355 1837 5403 et
1871 5348 2065 5403 crude-

491 5442 559 5496 lis
590 5451 644 5498 et
675 5443 930 5513 languida
977 5443 1030 5496 in
1063 5443 1454 5512 voluptatibus,
1491 5440 1624 5511 pede
1657 5450 1836 5496 terens
1876 5441 1965 5493 illa
2009 5447 2064 5493 et

491 5547 522 5585 a
555 5533 920 5602 propensione
953 5533 1006 5586 in
1056 5547 1402 5603 progressum
1452 5533 1754 5601 reprimens
1785 5545 1872 5584 me
1917 5541 2064 5584 retro

494 5623 707 5691 repellit
737 5616 911 5686 :Dixi,
959 5624 1154 5693 inquit,
1189 5634 1237 5677 et
1289 5625 1515 5678 timores
1544 5632 1598 5677 et
1640 5633 1818 5677 metus
1857 5629 1910 5675 et
1950 5629 2060 5676 tre-

497 5726 678 5766 mores
719 5712 917 5776 quibus
965 5723 1016 5767 te
1059 5721 1298 5782 torquet,
1345 5712 1633 5768 Tartarum
1685 5712 2057 5776 tenebrosum,

569 5846 677 5907 (ιε.
718 5843 850 5900 Cod.
884 5847 1299 5918 νοσι).ε·;ό;.ιενος.

1843 416 2134 476 NICETAS
2175 416 2381 472 DAVID

3623 421 3739 481 Ἰὼ

2168 541 2362 601 αὐτοῦ,
2399 539 2698 609 ὑπόμνησιν
2753 537 2819 590 δι’
2870 537 3062 606 ὀλίγων
3098 538 3207 589 τῶν
3243 537 3510 607 μεγίστων
3558 541 3735 595 αὐτοῦ

2167 631 2560 701 βοηθημάτων,
2597 625 2672 683 ὧν
2716 631 2855 701 ὑπὲρ
2895 630 3063 700 αὐτῆς
3107 629 3423 701 εἰργάσατο,
3471 635 3730 687 ποιεῖται.

2165 721 2386 793 Πρῶτον
2416 717 2507 774 οὖν
2540 721 2629 774 τὸν
2651 719 2974 791 παράδεισον
2994 721 3086 772 τὸν
3109 722 3166 774 ἐν
3209 721 3365 789 Ἐδὲμ
3393 721 3479 775 διά
3507 724 3603 793 τὴν
3631 722 3731 775 τοῦ

2164 812 2448 884 ἀνθρώπου
2496 813 2756 880 ἐφύτευσε
2801 812 3016 882 ψυχήν·
3049 811 3143 864 καὶ
3191 813 3402 881 πρῶτον
3435 813 3531 881 μὲν
3572 815 3735 875 κλέος

2163 904 2313 973 αύτῷ
2346 904 2567 974 κατέχεε
2612 904 2704 956 καὶ
2749 903 2936 968 δόξαν,
2974 904 3092 956 κατ’
3121 903 3304 955 είκόνα
3347 902 3555 965 πλάσας
3590 904 3734 956 ἰδίαν

2163 998 2256 1051 καὶ
2285 997 2540 1066 ὁμοίωσιν
2565 1015 2578 1027 ·
2607 997 2796 1050 ἔπειτα
2822 996 3043 1067 ἐντολὴν
3070 995 3218 1066 αύτῷ
3244 995 3461 1051 δεδώκει
3489 999 3566 1060 είς
3600 998 3734 1068 βοή-

2163 1089 2331 1151 θειαν,
2352 1084 2418 1159 ἧς
2436 1089 2532 1158 τῆς
2551 1087 2843 1150 ἀθανασίας
2859 1087 3011 1150 ἐλπὶς
3035 1089 3126 1140 καὶ
3143 1085 3384 1150 θεώσεως
3400 1089 3731 1158 έπήγγελτο·

2164 1179 2526 1250 παραϐάσεως
2558 1179 2613 1232 δὲ
2641 1180 2938 1249 γενομένης
2959 1217 2972 1241 ,
3020 1180 3112 1230 καὶ
3139 1181 3216 1241 είς
3245 1179 3334 1231 τὸν
3361 1179 3577 1248 ἐμπαθῆ
3603 1197 3734 1231 του-

2160 1274 2274 1326 τονὶ
2314 1272 2426 1342 βίον
2464 1272 2557 1324 καὶ
2593 1270 2959 1342 ἁμαρτητικὸν
2991 1270 3086 1322 καὶ
3119 1268 3311 1339 θνητὸν
3339 1268 3434 1322 τοῦ
3481 1272 3731 1340 παραϐε-

2163 1364 2389 1434 ϐηκότος
2437 1363 2643 1416 ἐκεῖθεν
2686 1361 3098 1430 ὀλισθήσαντος,
3148 1361 3257 1414 οὐδ’
3301 1359 3471 1424 οὕτως
3503 1363 3660 1415 αὐτὸν
3701 1363 3734 1414 6

2163 1452 2540 1523 φιλάνθρωπος
2588 1452 2888 1523 ἀϐοήθητον
2919 1451 3193 1522 παρεῖδεν,
3223 1451 3494 1523 διαφόροις
3519 1456 3573 1506 δὲ
3603 1456 3735 1522 τρό-

2162 1560 2282 1606 ποις
2307 1543 2554 1606 παιδείας
2603 1542 3053 1612 καθολικωτέροις
3084 1541 3179 1594 xui.
3207 1543 3591 1612 μερικωτέροις
3625 1546 3732 1607 τὰς

2161 1633 2415 1697 ἀσεϐείας
2441 1635 2533 1685 καὶ
2562 1633 2786 1698 ἀθεσίας
2802 1632 2903 1684 τῶν
2922 1633 3002 1695 είς
3026 1633 3188 1686 αὐτὸν
3216 1633 3548 1687 ἀσεϐούντων
3569 1637 3625 1686 ἐν
3645 1634 3735 1686 διο

2166 1726 2422 1794 καιοσύνῃ
2455 1725 2869 1795 μετερχόμενος,
2893 1724 3032 1778 οὓτω
3071 1724 3212 1778 κατὰ
3244 1727 3435 1797 μικρὸν
3465 1726 3598 1798 πρὸς
3626 1728 3733 1797 τὴν

2177 1798 2311 1870 ἰδίαν
2340 1815 2503 1868 αὑτοῦ
2536 1815 2825 1883 ἐπίγνωσιν
2868 1816 3266 1883 ἐπαιδαγώγει·
3305 1818 3400 1870 καὶ
3437 1817 3586 1871 ὕδατι
3627 1820 3732 1888 μὲν

2161 1907 2503 1969 κατακλύσας
2530 1907 2620 1960 τὸν
2652 1906 2851 1977 κόσμον
2871 1906 3079 1977 ὀλέθρῳ
3113 1908 3462 1978 παραδέδωκε
3481 1951 3494 1971 ,
3532 1927 3734 1978 κεραυ-

2163 1995 2271 2056 νοῖς
2293 1992 2350 2044 δὲ
2377 1993 2736 2063 πρηστηρίοις
2759 1995 2858 2064 τὴν
2883 1993 2990 2048 τῶν
3015 1995 3332 2067 ΣοδομηνιῖΝ
3360 1997 3733 2070 ὲξετέφρωσεν

2160 2085 2443 2154 ἀσέλγειαν
2463 2102 2477 2116 ο
2506 2084 2695 2138 ἔπειτα
2729 2087 2864 2156 μετὰ
2904 2086 3076 2140 ταῦτα
3102 2086 3228 2141 ἄλλο
3261 2090 3415 2159 ίαμα,
3447 2092 3563 2162 ἦτοι
3593 2092 3727 2162 βοή-

2160 2177 2344 2248 θημα,
2378 2181 2489 2241 τοῖς
2519 2179 2921 2248 ἁμαρτάνουσιν
2957 2181 2985 2231 6
3017 2180 3260 2249 γραπτὺς
3284 2181 3447 2251 νόμος
3477 2183 3562 2236 διὰ
3595 2182 3725 2236 Μω-

2162 2272 2298 2335 σέως
2327 2270 2689 2342 παρεισῆλθεν
2712 2287 2724 2300 ·
2759 2273 2820 2323 τδ
2859 2271 3077 2325 πάντων
3107 2272 3396 2342 κράτιστον
3415 2314 3430 2337 ,
3456 2273 3732 2346 κυριώτα-

2157 2363 2247 2415 τόν
2279 2381 2337 2416 τε
2373 2363 2466 2416 καὶ
2491 2360 3002 2432 φιλανθρωπότατον
3021 2403 3036 2426 ,
3070 2362 3232 2426 αὐτὸς
3261 2365 3319 2415 ὲν
3355 2362 3433 2435 τῷ
3454 2364 3558 2416 τῶν
3593 2366 3730 2434 χρό-

2159 2471 2265 2506 νων
2299 2452 2625 2524 πληρώματι
2667 2453 2776 2506 τῶν
2807 2453 3092 2524 πατρικῶν
3124 2454 3185 2506 ού
3225 2455 3445 2518 διαστὰς
3462 2458 3670 2511 κόλπων
3699 2458 3734 2508 6

2162 2544 2454 2614 μονογενὴς
2485 2543 2616 2606 Θεὸς
2661 2543 2831 2612 Λόγος
2877 2545 2977 2614 τὴν
3008 2544 3298 2615 θεαρχικὴν
3331 2545 3490 2614 φύσιν
3532 2549 3595 2616 τῇ
3627 2548 3733 2600 ἀν·-

2161 2632 2405 2703 θρωπίνῃ
2461 2634 2855 2704 συνεκέρασεν,
2902 2635 3022 2698 ὅλος
3083 2635 3179 2707 ὅλῃ
3243 2635 3365 2688 καθ’
3431 2636 3731 2692 ὑπόστασιν

2160 2721 2482 2792 ἀπορρήτως
2545 2723 2961 2793 συνενούμενος,
3014 2724 3156 2785 ὅπως
3215 2724 3280 2778 ἂν
3322 2725 3452 2788 Θεὸς
3509 2727 3732 2797 ἀπαθὴς

2163 2811 2374 2882 μένων,
2421 2814 2534 2876 τοῖς
2579 2815 2730 2882 ἐμοῖς
2776 2813 2833 2866 δὲ
2862 2813 3059 2868 πάθεσι
3100 2815 3177 2885 τῷ
3212 2815 3534 2887 ἀνθρωπίνῳ
3569 2819 3730 2888 μέρει

2161 2903 2382 2968 παθὼν,
2433 2905 2584 2976 ίσχύν
2625 2907 2686 2958 τέ
2723 2907 2936 2975 μοικαὶ
2974 2906 3200 2977 δύναμιν
3238 2909 3538 2979 παράσχοι,
3582 2915 3729 2978 κάρ-δ

2159 2994 2250 3048 τὸν
2277 2995 2485 3066 βροτὸν,
2505 2995 2623 3048 θεὸν
2639 2995 2940 3060 ἀποδείξειε
2957 2997 3305 3068 τελεσιουργή
3315 3014 3433 3060 σας.
3460 2996 3731 3050 Τοσοῦτον

2160 3082 2252 3140 οὖν
2277 3105 2388 3156 μοι,
2416 3088 2578 3156 φησὶν
2601 3090 2634 3157 ἡ
2655 3088 3059 3159 θεοπτικωτάτη
3087 3087 3233 3158 ψυχὴ
3266 3090 3357 3140 καὶ
3383 3087 3730 3159 θεορῤήμων,

2163 3175 2274 3227 τῶν
2307 3177 2410 3228 ὑπὸ
2430 3177 2522 3230 τοῦ
2557 3178 2858 3247 φιλαγάθου
2894 3183 3336 3252 παρεσχημένων
3361 3184 3735 3254 εὐεργέτημά·

2165 3281 2294 3328 των,
2327 3266 2478 3335 ὅμως
2513 3267 2824 3337 ἀδάμαστον
2852 3270 2933 3324 έτι
2977 3273 3073 3326 καὶ
3122 3273 3472 3345 ὑπερήφανον
3497 3275 3605 3344 έχω
3627 3276 3735 3346 τὴν

2163 3357 2342 3428 ψυχήν
2362 3376 2374 3388 ·
2407 3359 2548 3412 συῶν
2583 3360 2640 3414 δὲ
2669 3363 2872 3432 τρόπον
2909 3365 3192 3435 αὐτοφόνφ
3224 3368 3396 3438 μανίᾳ
3448 3367 3543 3420 καὶ
3586 3385 3734 3436 καρ-

2163 3446 2278 3510 δίας
2317 3449 2627 3522 αὐθαιρέτῳ
2669 3455 2812 3523 ροπῇ
2843 3454 2981 3526 πρὸς
3008 3459 3100 3508 τὸν
3133 3457 3376 3528 σίδηρον,
3421 3461 3600 3514 είτουν
3635 3463 3735 3515 τον

2163 3537 2230 3591 δι’
2271 3540 2547 3611 ἁμαρτίας
2599 3544 2996 3612 ἀπειλούμενον
3048 3550 3179 3618 ημῖν
3214 3549 3477 3621 θάνατον,
3525 3557 3733 3626 σπουδῇ

2163 3646 2245 3699 χω
2253 3647 2346 3700 ρου
2357 3651 2454 3701 μεν
2463 3674 2477 3688 .

2165 3724 2321 3776 Τίπτ’
2349 3721 2574 3792 ἀγαθὸν
2594 3723 2859 3786 ,ϐιότοιο;
2890 3721 3037 3776 Θεοῦ
3059 3721 3233 3790 φάος,
3256 3737 3309 3774 κ.
3335 3739 3387 3777 τ.
3425 3721 3506 3787 ἐξ.

2231 3812 2297 3865 Τί
2332 3814 2460 3865 ποτέ
2491 3816 2606 3865 ἐστι
2651 3812 2758 3865 τῶν
2794 3813 2850 3864 ὲν
2878 3811 3012 3882 τῷδε
3049 3810 3128 3882 τῷ
3160 3811 3260 3882 βίῳ
3287 3811 3736 3883 μαρτυρούμενον

2159 3909 2354 3974 καλόν;
2392 3907 2614 3967 Πάντως
2657 3904 3108 3975 συνομολογήσεις
3136 3904 3197 3956 τὸ
3235 3904 3370 3971 φῶς.
3410 3899 3566 3956 Εῐδεν
3596 3904 3735 3974 γὰρ,

2161 3998 2325 4069 φησὶν
2349 4039 2363 4061 ,
2413 3998 2442 4050 ὁ
2471 3995 2604 4058 Θεὸς
2649 3995 2708 4047 τὸ
2742 3995 2856 4062 φῶς
2903 3995 2984 4047 δτι
3017 3994 3180 4046 καλόν
3201 4009 3217 4025 ⁶
3261 3993 3311 4046 τί
3337 3993 3382 4046 δ’
3412 3993 3478 4046 ἂν
3517 3993 3610 4047 καὶ
3641 3993 3735 4066 εἴη

2161 4091 2286 4145 ἄλλο
2325 4090 2588 4161 βέλτιονῆ
2631 4088 2777 4159 ἥδιον
2806 4090 2918 4150 τοῖς
2961 4088 3020 4141 ὲν
3056 4086 3134 4157 τῷ
3165 4086 3299 4157 βίῳ;
3334 4086 3469 4141 ἀλλά
3508 4087 3601 4140 καὶ
3631 4087 3739 4156 τῆς

2161 4181 2326 4235 αὐτοῦ
2361 4178 2773 4250 μεταλήψει»ςῆ
2823 4177 3174 4242 ἀπολαύσεως
3228 4177 3290 4230 τὸ
3337 4178 3519 4230 πλεῖον
3566 4178 3739 4247 μέρος

2163 4275 2198 4343 ἡ
2233 4271 2468 4343 φθονερά
2497 4288 2562 4340 με
2590 4271 2684 4323 καὶ
2709 4269 2948 4339 στυγητὴ
2973 4269 3266 4340 ἀποστερεί
3285 4268 3491 4331 σκοτία,
3521 4268 3580 4319 τὸ
3608 4267 3738 4331 ὀξυ-

2163 4356 2352 4428 δερκὲς
2391 4357 2488 4428 τῆς
2522 4356 2758 4426 βλέψεως
2796 4355 3133 4423 ἐξείργουσα,
3169 4356 3266 4408 καὶ
3295 4355 3444 4408 οὐδὲν
3479 4355 3601 4426 ἐμοὶ
3636 4356 3736 4409 τοῦ

2165 4449 2341 4518 φωτὸς
2365 4447 2514 4500 τοῦδε
2549 4447 2709 4500 πλέον
2737 4445 2812 4509 ὼς
2843 4445 3083 4498 εὐσεϐεῖν
3125 4442 3462 4515 νομιζομένῳ
3482 4463 3496 4476 ·
3533 4445 3737 4516 μᾶλλον

2168 4540 2266 4611 μὲν
2294 4535 2386 4593 οὖν
2415 4539 2476 4591 τὸ
2510 4538 2692 4591 πλεῖον
2724 4542 2835 4601 τοῖς
2862 4536 3148 4591 ἀσεϐοῦσιν
3181 4536 3564 4605 ὲνορᾶσθαι,ὠς

2164 4631 2580 4702 ἀμϐλυώττοντα
2621 4629 2908 4698 ἐπεύχεται
2939 4627 3032 4681 τοῦ
3068 4626 3182 4680 ῐσου
3213 4627 3397 4690 αὐτοῖς
3422 4630 3522 4696 τῆς
3554 4627 3738 4697 ὅψεως

2164 4724 2566 4791 κατευστοχεῖν,
2606 4721 2806 4790 καίπερ
2859 4719 3026 4772 τᾶλλα
3074 4719 3355 4791 ἀρρωστίᾳ
3400 4736 3461 4772 τε
3507 4719 3734 4790 κάμνων

2163 4814 2258 4867 καὶ
2279 4813 2696 4884 νοσηλευόμενος
2727 4811 2860 4883 (48),
2890 4813 2982 4864 καὶ
3007 4813 3413 4882 κατακείμενος,
3440 4812 3533 4866 καὶ
3556 4811 3735 4879 ὀλιγο-

2162 4905 2379 4976 ψυχῶν·
2409 4904 2570 4973 φόϐος
2597 4904 2650 4957 δέ
2677 4922 2743 4974 με
2764 4903 2898 4956 Θεοῦ
2923 4904 3328 4972 κατακάμπτει,
3362 4905 3648 4975 ήμεριναίς
3667 4920 3730 4954 τε

2165 4995 2408 5067 φροντίσι
2443 4997 2532 5048 καὶ
2557 4997 2896 5067 νυκτεριναῖς
2920 4992 3306 5062 δαπανώμενον
3334 4994 3429 5046 καὶ
3469 5010 3734 5066 κατατρυ-

2163 5090 2227 5160 χό
2233 5106 2410 5158 μενον.

2169 5179 2363 5249 Οὗτος
2388 5185 2421 5237 ὀ
2445 5182 2794 5250 ,ϐρισαύχην
2815 5198 2886 5251 με
2920 5181 3018 5234 καὶ
3041 5181 3250 5247 ὕπτιος
3271 5176 3433 5321 ὧσεῖ·
3457 5182 3692 5317 (laticem
3711 5223 3729 5245 ,

3421 5268 3474 5311 κ,
3499 5268 3544 5303 τ.
3642 5292 3655 5302 .

3421 5268 3474 5311 κ,
3499 5268 3544 5303 τ.
3577 5268 3655 5311 εξ.

2232 5337 2398 5405 υῦτος
2420 5345 2447 5396 ό
2475 5341 2719 5412 ύψαύχην
2747 5342 2858 5412 βίος
2903 5345 2996 5396 καὶ
3033 5343 3324 5414 μετέωρος,
3349 5345 3376 5396 6
3419 5341 3605 5404 ὕπτιος
3637 5345 3736 5398 καὶ

2162 5436 2461 5506 ἀνάλγητος
2501 5436 2593 5487 καὶ
2628 5434 3039 5498 ἀναπεπτωκὼς
3066 5439 3183 5496 ταῖς
3221 5435 3455 5505 ἡδοναῖς,
3496 5435 3591 5499 λάξ
3617 5436 3736 5488 ὲπι-

2163 5526 2264 5588 ϐὰς
2297 5522 2447 5592 οὗτος
2477 5529 2568 5580 καὶ
2606 5528 2704 5597 τῆς
2732 5529 2810 5590 είς
2839 5527 2900 5580 τὸ
2929 5527 3117 5598 πρόσω
3146 5527 3315 5595 φορᾶς
3343 5526 3617 5594 ἀνακόψας
3651 5529 3736 5592 είς

2165 5621 2408 5673 τούπίσω
2450 5636 2515 5689 με
2567 5619 2856 5672 ἀπώσατο·
2895 5617 3058 5671 Εἶπον
3103 5617 3185 5678 δὲ,
3218 5619 3377 5687 φησι.
3415 5618 3510 5670 καὶ
3530 5617 3597 5671 τὰ
3621 5618 3738 5672 δεξ-

2170 5728 2316 5782 ματα
2358 5713 2451 5763 καὶ
2495 5711 2617 5773 τοὺς
2671 5711 2869 5780 φόϐους
2912 5711 3004 5763 καὶ
3046 5711 3299 5780 τρόμους,
3355 5703 3436 5772 οἷς
3463 5725 3521 5762 σε
3567 5725 3744 5763 κατα-
