4010 6298
46 130 188 300 μ

251 422 353 482 Nl

257 541 522 613 κάμπτει,
545 541 839 617 τάρταρον
873 541 1152 614 ἠερόεντα,
1173 542 1445 596 σκοτεινὸν
1472 542 1632 612 ’ᾍδου
1665 541 1845 614 χῶρον

260 636 358 687 καὶ
392 634 618 705 ἀλαμπῆ
668 633 788 688 λίαν
831 633 1195 702 φαντάζεσθαι
1218 630 1644 704 παρασκευάζει,
1675 633 1844 704 Πυριο

251 723 628 793 ,φλεγέθοντας
658 723 754 786 οὓς
782 723 845 793 δή
889 739 1057 792 φασιν
1090 723 1371 792 Ἕλληνες,
1409 724 1633 791 γέενναν
1662 722 1718 775 δὲ
1749 723 1844 775 καὶ

264 814 382 887 πῦρ
429 814 690 869 ἄσϐεστον
730 813 798 867 τά
842 814 1108 886 θεαρχικὰ
1137 815 1249 883 (49)
1298 815 1453 883 λόγια
1485 814 1675 875 καλεῖ,
1717 813 1846 886 ίμά-

263 906 436 969 σθλας
470 923 532 959 τε
565 906 702 976 πρὸς
727 906 939 970 αὐτοῖς,
986 906 1253 977 τιμωρίας
1301 907 1442 976 φημὶ
1470 907 1564 959 καὶ
1595 906 1845 970 κολάσεις

263 997 366 1050 καὶ
415 996 692 1066 δαίμονας,
752 997 1133 1067 τιμωρητικάς
1186 993 1338 1066 οἶμαι
1387 997 1682 1065 δυνάμεις,
1738 996 1844 1050 τῶν

264 1089 556 1160 ἡμετέρων
595 1089 914 1160 πράκτορας
960 1089 1148 1159 ψυχῶν
1169 1127 1182 1150 ,
1209 1090 1307 1150 τὰς
1354 1091 1485 1159 ἡμῖν
1520 1088 1618 1158 μὲν
1652 1105 1842 1158 συνερο

262 1181 472 1247 γούσας
500 1180 625 1251 ἀρτι
666 1181 802 1251 πρὸς
832 1181 932 1250 τὴν
969 1181 1245 1251 ἁμαρτίαν
1266 1219 1280 1242 ,
1311 1182 1369 1233 ἐν
1413 1179 1589 1250 καιρῷ
1621 1181 1677 1233 δὲ
1723 1179 1847 1251 κρί-

252 1286 410 1333 σεως
455 1270 752 1342 τιμωροῦσι
787 1271 884 1341 μὲν
914 1270 1139 1334 ἐνδίκως
1159 1312 1174 1336 ,
1201 1270 1275 1334 ὼς
1304 1272 1847 1341 ἐπακολουθήσαντας

261 1361 453 1415 αὐτῶν
488 1364 609 1424 ταῖς
652 1362 941 1426 ὑποϐολαῖς
962 1402 978 1425 ,
1026 1364 1119 1414 καὶ
1164 1363 1325 1415 αὑταὶ
1350 1363 1406 1415 δέ
1443 1364 1535 1415 ἐπὶ
1564 1362 1625 1415 τὸ
1666 1362 1848 1416 διπλάο

270 1469 393 1504 σιον
450 1453 1025 1524 συντιμωρηθήσονται
1067 1456 1182 1516 τοῖς
1222 1452 1577 1516 ὑπευθύνοις,
1627 1452 1702 1515 ὡς
1753 1454 1847 1506 καὶ

274 1541 823 1614 συμϐουλευσάμεναι
857 1545 926 1598 τά
953 1544 1029 1616 τῷ
1069 1543 1188 1613 Θεῷ
1220 1543 1461 1615 στυγητά
1488 1545 1583 1597 καὶ
1603 1561 1666 1596 συ
1675 1561 1847 1614 μπρα-

268 1634 520 1705 ξάμεναι,
549 1635 616 1688 δι’
635 1636 664 1688 ὃ
693 1637 788 1690 καὶ
828 1637 1136 1708 πράκτορες
1163 1636 1273 1689 τῶν
1294 1636 1577 1707 ἡμετέρων
1603 1635 1848 1706 εἴρηνται

264 1724 481 1824 ιξυχῶν.
525 1724 712 1779 Ταῦτα
737 1727 815 1789 δὲ,
847 1729 1000 1797 φησὶ,
1037 1728 1214 1781 πάντα
1243 1726 1412 1798 μῦθος
1441 1729 1538 1796 μὲν
1557 1727 1844 1797 λεγόμενα,

265 1817 365 1873 καὶ
388 1819 637 1882 ὑπόθεσις
659 1820 892 1887 γέλωτος
920 1820 1242 1873 καθίσταται
1262 1821 1373 1881 τοῖς
1397 1817 1619 1871 ἀσεϐέσι
1636 1832 1654 1850 ⁸
1684 1818 1844 1888 μόνον

263 1908 327 1962 δι
366 1908 428 1961 τὸ
460 1907 598 1961 κατά
626 1907 688 1961 τὸ
735 1908 911 1979 παρὸν
954 1908 1051 1978 ἡδὺ
1080 1909 1175 1962 καὶ
1208 1908 1469 1978 ἐράσμιον
1493 1907 1677 1970 αὐτοῖς
1701 1924 1846 1977 νομι-

269 2001 400 2054 σθὲν
439 2001 607 2071 ἀπρὶξ
633 2001 953 2068 ἀγαπῶντες
986 2000 1078 2054 καὶ
1109 1999 1509 2071 περιεχόμενοι,
1543 1999 1644 2068 τῆς
1669 2001 1726 2052 ὲν
1766 2000 1846 2052 ἐλ-

263 2090 392 2144 πίσι
425 2090 658 2161 βασάνου
687 2091 794 2144 οὐδ’
818 2091 1066 2162 ἡντινοῦν
1088 2090 1364 2145 ποιοῦνται
1395 2091 1748 2162 ἐπιστροφήν.

410 2182 601 2236 Δὼτον
621 2178 701 2253 ἦν
720 2183 1010 2250 ἀλιτροῖς,
1041 2201 1094 2237 κ.
1133 2202 1182 2238 τ.
1215 2184 1260 2239 ἑ.

338 2273 512 2327 Τοῦτο
543 2271 697 2344 οἶμαι
741 2275 832 2328 τὸν
878 2274 1134 2345 θεοφόρον
1162 2274 1330 2346 ἄνδρα
1373 2275 1459 2329 διά
1484 2273 1636 2328 τοῦδε
1666 2290 1848 2343 παρα-

261 2364 462 2437 δηλοῦν
489 2365 584 2418 τοῦ
617 2366 801 2431 έπους,
837 2367 914 2430 ὡς
942 2366 1147 2436 βέλτιον
1180 2361 1248 2435 ἦν
1281 2367 1389 2438 ἀρα
1423 2367 1517 2420 καὶ
1548 2365 1823 2427 λυσιτελὲς

261 2459 384 2520 τοῖς
407 2457 750 2527 ἁμαρτωλοῖς
773 2457 874 2527 μὲν
901 2455 1223 2528 ἀτιμώρητα
1244 2452 1383 2510 εἶναι
1404 2456 1544 2511 κατά
1564 2456 1658 2510 τὸν
1679 2456 1850 2510 αίῶνα

261 2545 362 2599 τὸν
399 2546 658 2616 μέλλοντα
703 2548 800 2601 καὶ
833 2550 1028 2617 πεῖραν
1059 2548 1158 2617 τῆς
1191 2549 1308 2600 ἐκεῖ
1333 2548 1607 2610 κολάσεως
1648 2548 1720 2618 μὴ
1753 2548 1850 2601 λα-

227 2656 234 2660 ·
268 2637 413 2702 ϐεῖν,
464 2639 622 2708 εἴπερ
661 2639 761 2709 ἐμὲ
786 2639 926 2692 κατὰ
952 2638 1043 2690 τὸν
1096 2638 1338 2708 παρόντα
1369 2641 1490 2701 ταῖς
1521 2639 1619 2707 τῆς
1651 2640 1848 2702 κακίας

261 2728 365 2784 τοῦ
402 2728 517 2800 βίου
543 2729 884 2800 δυσχερείαις
928 2729 1216 2800 ἀσχάλλειν
1261 2732 1357 2782 καὶ
1387 2729 1636 2782 ἀνιᾶσθαι
1655 2745 1667 2759 ’
1696 2729 1842 2799 ἢοῦ-

261 2837 409 2884 τως⁵
437 2820 703 2891 Συνέφερε
727 2821 838 2883 τοῖς
867 2820 1071 2891 ἐνόχοις
1091 2861 1105 2884 ,
1129 2821 1228 2891 τῆς
1257 2820 1527 2891 ἁμαρτίας
1547 2809 1846 2889 ἀφεθέῖσιν,

261 2909 614 2981 ἀπηλλάχθαι
641 2911 740 2980 τῆς
771 2909 1005 2978 βασάνου
1025 2950 1040 2974 ,
1071 2910 1166 2962 καὶ
1191 2908 1290 2978 ἐμὲ
1321 2909 1432 2979 (50)
1462 2912 1574 2969 τοῖς
1606 2908 1700 2961 τοῦ
1732 2909 1850 2979 βίου

264 3003 462 3064 κακοῖς
483 3000 687 3053 οὑτωσὶ
713 2997 1198 3069 ταλαιπωρεῖσθαι.

266 3093 380 3150 109
430 3091 606 3146 Ἀλλὰ
627 3090 684 3144 τι
704 3106 808 3158 μοι
834 3088 1122 3156 βροτέων,
1157 3088 1214 3141 τί
1247 3087 1315 3158 δέ
1331 3104 1433 3158 μοι
1463 3089 1651 3140 τόσον
1687 3085 1849 3158 ἄλγε’

1274 3156 1540 3229 {acidam
1577 3173 1630 3209 κ.
1653 3173 1703 3210 τ.
1726 3157 1774 3210 λ.

342 3250 706 3323 Παραμυθίαν
751 3253 872 3314 ταῖς
906 3247 1072 3303 αὑτοῦ
1126 3250 1430 3319 συμφοραῖς
1468 3248 1560 3300 καὶ
1602 3249 1716 3310 τοῖς
1755 3247 1848 3300 τοῦ

270 3342 526 3413 σώματος
571 3342 788 3410 άλγεσιν
836 3344 864 3394 ὁ
913 3332 1203 3412 ἱερώτατος
1235 3339 1466 3392 ἐπινοῶν
1504 3339 1848 3410 πρεσϐύτης,

271 3438 398 3490 Ἵνα
441 3435 493 3488 τί
524 3452 646 3506 μοι,
679 3433 814 3504 ἔφη,
859 3432 953 3485 ἐπὶ
990 3431 1242 3484 τοσοῦτον
1286 3430 1356 3482 τὰ
1391 3429 1499 3482 τῶν
1552 3429 1853 3501 ἀνθρώπων

265 3525 644 3598 ἰκτραγῳδεῖν
680 3523 917 3595 ὀδυνηρά
958 3523 1053 3576 καὶ
1084 3521 1184 3588 τὰς
1226 3519 1638 3590 συμπιπτούσας
1668 3521 1852 3575 ταλαι-

269 3618 490 3688 πωρίας
515 3615 835 3682 καταλέγειν
855 3630 870 3677 ;

419 3708 617 3764 Πᾶσιν
637 3709 888 3762 ἕπεο-τιν
912 3704 1081 3774 ἄχος.

345 3803 490 3855 nam
518 3799 680 3862 ζώοις
712 3799 806 3851 καὶ
856 3799 989 3849 πᾶσι
1038 3798 1151 3858 τοῖς
1185 3792 1276 3848 τοῦ
1327 3793 1535 3865 κόσμου
1570 3793 1856 3863 στοιχείοις

264 3892 422 3960 λύπη
453 3891 568 3960 (51)
605 3890 697 3942 καὶ
744 3888 1055 3949 ἐναντίωσις
1087 3885 1452 3956 παρίσταται,
1485 3886 1546 3938 οὐ
1588 3885 1746 3956 μόνον
1774 3885 1851 3949 δὲ,

271 3979 415 4034 ἀλλὰ
461 3980 556 4032 καὶ
594 3981 707 4042 τοῖς
737 3979 1046 4047 ἀσωμάτοις
1085 3976 1301 4039 αὐτοῖς’
1353 3977 1445 4030 καὶ⁵
1474 3979 1610 4049 αὐτῇ
1636 3976 1747 4048 (52)
1785 3978 1851 4046 τῇ

273 4068 700 4140 ὕπερασωμάτῳ
729 4066 920 4136 Τριάδι
971 4066 1034 4118 τὸ
1077 4065 1322 4131 ἀντίξουν
1365 4066 1460 4119 καὶ
1484 4066 1854 4134 ἀντικείμενον

273 4160 644 4229 παρομαρτεῖ.
690 4157 800 4209 Καὶ
830 4155 939 4225 γάρ
978 4154 1067 4207 ἵνα
1104 4154 1202 4217 τὰς
1248 4153 1356 4206 τῶν
1402 4153 1556 4216 ζώων
1605 4156 1698 4208 καὶ
1745 4154 1855 4208 τῶν

273 4247 454 4302 ιλλων
485 4243 643 4316 παρῶ
667 4243 960 4314 διαφθοράς
980 4283 994 4305 ,
1025 4242 1162 4313 αὐτὴ
1192 4244 1224 4314 ἡ
1263 4243 1336 4313 γῆ
1366 4243 1426 4296 τὸ
1463 4247 1721 4315 στοιχεῖον
1754 4246 1854 4298 οὐκ

275 4336 571 4398 ἀτίνακτος
625 4334 736 4387 οὐδ’
798 4334 1047 4398 ἀσειστος
1105 4333 1384 4396 παντελῶς
1432 4335 1526 4387 καὶ
1575 4336 1702 4406 ἀτρε
1713 4336 1851 4406 μήςο

275 4425 569 4496 πνεύματα
617 4425 675 4479 δὲ
718 4425 1000 4497 κρυφαίως
1029 4424 1198 4495 αὐτὴν
1224 4424 1686 4496 διαλαμϐάνοντα,
1726 4426 1855 4479 ὃταν

274 4521 486 4578 ἀνωθεν
513 4520 656 4593 λάϐῃ
685 4521 746 4573 τὸ
791 4521 1086 4590 ἐνδόσιμον,
1142 4520 1554 4574 ἀνατινάσσουσί
1585 4538 1644 4573 τε
1686 4522 1854 4590 αὐτὴν

248 4613 379 4668 ,καὶ
407 4613 482 4675 ὡς
523 4611 603 4682 τῷ
644 4612 991 4683 ἐπιτρέποντι
1027 4611 1176 4681 φίλον
1211 4613 1635 4665 ὲντινάσσουσινο
1673 4614 1766 4667 καὶ
1796 4615 1853 4666 αί

272 4699 420 4774 ὧραι
444 4704 500 4757 δὲ
536 4704 631 4758 τοῦ
664 4705 817 4764 ἔτους
845 4703 1076 4774 ταχινῶς
1105 4703 1361 4774 ἀλλήλαις
1389 4702 1767 4775 ὑποχωροῦσαί
1797 4721 1855 4756 τε

275 4797 381 4851 καὶ
415 4795 781 4860 ὑπαπιοῦσαι,
824 4797 1027 4867 τρόπον
1059 4795 1181 4848 τινά
1223 4796 1313 4848 ὑπ’
1357 4794 1598 4864 ἀλλήλων
1633 4796 1859 4866 ἀνατρέ-

276 4903 510 4953 πονται,
539 4888 803 4957 χειμῶνος
849 4887 946 4958 μὲν
977 4886 1081 4939 ὑπὸ
1105 4887 1298 4958 θέρους
1324 4886 1413 4938 διὰ
1443 4885 1535 4938 τοῦ
1580 4886 1738 4956 ἔαρος
1767 4904 1860 4957 με-

281 4977 640 5042 σολαϐοῦντος
682 4978 969 5048 λυομένου,
1001 4977 1193 5048 θέρους
1219 4977 1274 5030 δὲ
1307 4974 1374 5032 αὖ
1404 4977 1491 5030 διὰ
1526 4978 1616 5030 τοῦ
1651 4979 1856 5047 μεταξὺ

279 5068 634 5142 φθινοπώρου
688 5069 1112 5140 ἀφανιζομένουο
1181 5068 1368 5139 ῶσπερ
1419 5087 1482 5137 γε
1514 5071 1607 5122 καὶ
1649 5072 1858 5142 ἡμέραν

283 5162 391 5232 μὲν
437 5163 749 5215 κατέπαυσα
811 5162 941 5224 νὺξ,
1012 5161 1182 5214 νύκτα
1238 5160 1280 5213 δ’
1338 5160 1610 5213 ἀπώλεσεν
1675 5163 1702 5230 ἠ
1756 5163 1859 5225 ἕως

280 5253 612 5324 ἀνίσχουσα·
638 5253 799 5307 πάλιν
813 5268 826 5283 ⁸
854 5252 1073 5322 Χειμὼν
1096 5253 1192 5324 μὲν
1209 5253 1586 5322 ἐπιγενόμενος
1604 5253 1757 5321 ξοφοῖ
1770 5255 1861 5308 τὸν

280 5346 427 5417 ἀέρα
455 5347 550 5399 καὶ
590 5345 860 5409 σκοτάζει,
891 5345 1040 5416 ἥλιος
1076 5347 1132 5398 δὲ
1163 5345 1381 5414 λάμψας
1415 5347 1648 5417 ἀστέρας
1687 5348 1863 5416 άμαυ-

284 5435 404 5508 ροῖ·
447 5437 540 5488 καὶ
577 5435 712 5507 ἡλίῳ
746 5436 843 5506 μὲν
888 5434 1044 5503 νέφος
1075 5433 1438 5502 ἐπιπροσθοῦν
1464 5434 1738 5486 διακόπτει
1764 5437 1862 5506 τὴν

281 5525 484 5598 αἴγλην
512 5528 645 5599 (55),
701 5528 896 5600 σελήνη
944 5527 1001 5579 δὲ
1047 5525 1306 5596 φθίνουσα
1360 5527 1453 5578 καὶ
1499 5528 1576 5590 είς
1626 5527 1859 5596 παντελῆ

363 5665 476 5737 (49)
513 5665 649 5723 Cod.
686 5665 941 5737 θεάρχια,
976 5683 1027 5719 v.
1058 5678 1221 5731 supra
1251 5671 1365 5717 not.
1401 5664 1492 5737 20.

367 5730 481 5804 (56⁷)
521 5737 642 5793 Bill.
690 5738 744 5790 in
785 5730 1184 5791 "commentario
1224 5748 1321 5804 pro
1352 5735 1444 5786 καὶ
1477 5734 1576 5804 ἐμέ
1620 5730 1861 5789 scribere

283 5802 475 5879 valui)
521 5806 653 5879 ἐμέ,
685 5805 779 5879 sed
811 5807 974 5860 etiam
1025 5819 1189 5875 supra
1236 5802 1450 5858 Nicetas
1493 5802 1635 5858 dixit
1667 5804 1860 5873 εἴπερ,

284 5875 444 5951 quod
464 5875 584 5932 ‘nou
611 5876 874 5947 intelligo.

1252 421 1321 484 ΙΝ
1359 421 1672 479 CARMINA
1709 421 1991 480 ABCANA
2030 422 2090 478 S.
2143 419 2494 480 GBEGORII.

3422 423 3534 483 ἨΞ

1947 542 2244 598 obscurum
2277 541 2400 595 Orci
2433 540 2614 595 locum
2646 549 2702 595 et
2731 540 2941 612 absque
2985 541 3189 598 lumine
3226 541 3528 599 fantasma.

1947 632 2096 692 tibus
2144 631 2423 686 abundare
2467 638 2758 700 praparat,
2803 631 2963 701 ignea
3016 630 3240 686 ﬂumina
3292 647 3529 702 quorum

1945 723 2318 776 meminerunt
2359 719 2557 787 Graeci,
2590 722 2895 790 gehennam
2947 729 2999 776 et
3050 723 3228 793 ignem
3265 725 3533 779 inexstiu-

1945 813 2207 881 guibilem
2257 820 2458 866 vocant
2504 812 2801 882 prophetia:
2849 813 3067 880 divinae,
3120 822 3176 869 et
3221 814 3430 886 ﬂagella
3471 816 3533 872 in

1947 905 2121 974 ipsis,
2174 919 2365 974 poenas
2409 903 2534 959 dico
2582 912 2636 958 et
2678 906 3179 963 animadversiones
3226 917 3281 962 et
3326 910 3532 962 daemo-

1947 1013 2069 1061 nes,
2099 1000 2390 1067 punientes
2420 1006 2554 1068 puto
2599 1006 2922 1068 potestates,
2959 1012 3271 1054 nostrarum
3302 1017 3534 1056 exsecu-

1948 1097 2100 1146 tores
2159 1092 2490 1153 animarum,
2545 1107 2668 1160 quin
2711 1092 2996 1145 uobiscum
3051 1101 3354 1162 cooperatae
3401 1104 3544 1149 sunt-

1949 1189 2200 1236 recenter
2225 1182 2292 1235 ad
2324 1191 2634 1251 peccatum,
2667 1182 2725 1234 in
2746 1191 2990 1252 tempore
3015 1199 3145 1237 vero
3164 1184 3357 1252 judicii
3384 1185 3533 1254 justi:

1949 1271 2169 1340 quidem
2204 1271 2442 1340 puniunt
2476 1286 2570 1326 eas
2593 1287 2713 1341 quae
2747 1287 2844 1342 per
2876 1273 3256 1343 instigationes
3288 1273 3531 1342 ipsarum

1949 1362 2225 1417 comitata:
2255 1371 2421 1428 sunt;
2472 1372 2527 1417 et
2574 1363 2706 1433 ipsae
2737 1364 3123 1419 damnatorum
3162 1364 3409 1434 duplices
3442 1365 3535 1419 da-

1949 1455 2086 1509 bunt
2119 1469 2309 1524 pinnas
2340 1469 2463 1525 quae
2497 1465 2795 1509 suaserunt
2823 1456 3011 1509 odiosa
3048 1455 3160 1511 Deo
3204 1471 3421 1525 unaque
3454 1455 3534 1511 fe-

1950 1555 2166 1611 cerunt,
2212 1547 2356 1600 unde
2388 1553 2704 1601 nostrarum
2737 1547 3041 1600 animarum
3067 1558 3422 1604 exsecutores
3445 1548 3526 1602 di-

1949 1646 2048 1690 cta:
2093 1643 2242 1691 sunt.
2294 1635 2418 1691 Haec
2461 1637 2664 1700 omnia,
2711 1637 2910 1707 inquit,
2961 1637 3144 1692 fabula
3179 1640 3441 1693 dicuntur
3475 1647 3531 1696 et

1954 1725 2070 1780 risu
2096 1728 2258 1796 digna
2283 1737 2629 1797 reponuntur
2658 1728 2728 1782 ab
2755 1729 2971 1797 impiis;
3003 1739 3212 1782 tantum
3237 1746 3365 1784 vero
3385 1732 3530 1800 quod

1950 1833 2191 1888 praesens
2219 1827 2304 1874 est
2336 1819 2498 1876 dulce
2538 1827 2590 1873 et
2622 1820 2926 1888 jucundum
2968 1820 3283 1889 iudicantes
3317 1821 3533 1880 fortiter

1949 1915 2135 1961 amant
2185 1919 2239 1961 et
2287 1908 2502 1971 ardent,
2555 1909 2686 1963 dum
2733 1911 2992 1963 tormenti
3045 1927 3084 1975 π,
3116 1927 3211 1980 spe
3253 1911 3527 1981 designati

1950 1999 2153 2053 nullam
2189 2015 2379 2055 curam
2428 1999 2648 2056 habent.
2692 2020 2710 2052 ι
2745 1991 2937 2057 Melius
2973 2011 3090 2056 erat
3117 2005 3390 2069 sontibus,
3420 2024 3439 2058 ι
3475 2014 3533 2060 et

1952 2106 2070 2159 seq.
2108 2089 2161 2144 ld
2203 2092 2379 2144 virum
2409 2092 2656 2145 divinum
2694 2091 3105 2148 demonstrasse
3131 2109 3228 2163 per
3255 2095 3369 2150 haec
3409 2111 3534 2152 car-

1950 2181 2096 2234 mina
2127 2191 2258 2249 puto
2290 2199 2302 2234 :
2335 2179 2529 2235 Melius
2561 2189 2678 2234 crat
2702 2189 2755 2234 et
2792 2183 2967 2252 magis
2995 2183 3312 2252 expediebat
3337 2200 3533 2254 pecca-

1950 2273 2162 2326 toribus
2185 2272 2451 2342 impunita
2483 2287 2606 2326 esse
2637 2273 2692 2325 in
2719 2273 2830 2325 vita
2859 2271 3041 2326 futura
3074 2274 3213 2327 mala
3246 2290 3346 2329 nec
3373 2276 3535 2345 quid-

1953 2379 2118 2433 quam
2150 2364 2218 2418 de
2251 2363 2541 2417 tormentis
2568 2363 2723 2418 hisce
2749 2364 3007 2434 experiri,
3042 2365 3169 2419 licet
3199 2367 3252 2419 in
3279 2369 3537 2436 pra-senti

1951 2457 2154 2510 saeculo
2193 2455 2457 2511 arumnis
2494 2457 2840 2508 miseriarqu
2885 2456 3012 2510 vitae
3046 2471 3216 2526 angar
3245 2465 3298 2511 et
3327 2456 3538 2529 alnigar

1949 2561 2072 2614 ego.
2108 2547 2217 2598 Aut
2247 2547 2328 2600 sic
2354 2563 2368 2600 :
2395 2546 2626 2616 Expedit
2659 2545 2911 2600 sontibus
2937 2546 3032 2615 qui
3063 2561 3091 2598 a
3125 2556 3349 2617 peccato
3371 2550 3540 2603 soluti

1951 2647 2102 2698 sunt,
2135 2651 2164 2688 a
2197 2637 2490 2692 tormentis
2525 2636 2800 2692 immunes
2825 2637 3085 2700 transire,
3110 2653 3195 2694 me
3221 2639 3301 2694 sic
3332 2639 3387 2694 in
3423 2656 3538 2696 ma-

1951 2728 2020 2783 lis
2047 2728 2171 2784 vitae
2206 2727 2420 2783 relicto.

1953 3091 2055 3146 109
2097 3087 2198 3144 Sed
2239 3090 2364 3159 quid
2400 3088 2549 3149 mihi,
2576 3086 2714 3159 quid
2750 3095 3022 3154 tantopere
3053 3102 3261 3140 necesse
3291 3097 3367 3159 est
3397 3105 3541 3141 mor-

2575 3155 2794 3228 [talium
2820 3173 3088 3210 (erumnas
3111 3158 3335 3211 canere?
3361 3167 3466 3212 etc.

2027 3250 2447 3305 Consolationes
2501 3248 2648 3302 inter
2685 3249 2914 3302 adversa
2961 3257 3126 3318 atque
3163 3249 3382 3303 dolores
3425 3265 3542 3304 cor.

1956 3341 2108 3410 poris
2141 3341 2410 3393 meditans
2443 3339 2828 3394 sanctissimus
2850 3339 3112 3394 sacerdos
3139 3355 3154 3392 :
3182 3338 3316 3403 Cur,
3341 3339 3538 3410 inquit,

1956 3433 2093 3487 adeo
2129 3430 2431 3501 grandibus
2473 3430 2649 3484 tristia
2695 3430 2979 3484 hominum
3021 3431 3318 3486 condolere
3358 3435 3540 3488 verbis

1953 3533 2008 3579 et
2036 3524 2291 3578 miserias
2315 3524 2685 3592 opprimentes
2715 3523 3004 3591 repetere?
3037 3541 3055 3574 ι
3087 3521 3356 3578 Omnibus
3387 3525 3542 3579 adest

1954 3615 2200 3670 allictio:
2231 3614 2516 3667 nomnibus
2547 3613 2920 3668 animantibus
2948 3621 3004 3668 et
3033 3614 3294 3667 omnibus
3330 3630 3452 3684 quae
3485 3616 3540 3669 in

1955 3706 2161 3760 mundo
2198 3704 2554 3759 continentur
2585 3703 2810 3758 aﬂlictio
2852 3711 2907 3758 et
2949 3704 3230 3773 oppositio
3263 3708 3534 3769 occurrit,

1955 3803 2010 3850 et
2097 3809 2205 3849 non
2252 3794 2425 3851 solum
2468 3793 2582 3856 his,
2629 3795 2725 3849 sed
2768 3801 2821 3846 et
2853 3799 2989 3852 item
3023 3795 3366 3864 incorporeis
3400 3797 3543 3851 enti-

1956 3887 2080 3942 bus.
2115 3886 2174 3939 In
2215 3885 2388 3955 ipsam
2432 3885 2594 3940 etiam
2632 3885 2954 3954 incorporea
2995 3899 3227 3953 quaeque
3275 3899 3545 3956 superau-

1957 3987 2064 4032 tem
2102 3975 2428 4030 Trinitatem
2467 3975 2706 4047 insurgit
2747 3976 3026 4030 cuutrarie
3051 3975 3341 4032 incurrens
3377 3985 3427 4031 et
3457 3976 3544 4046 ja-

1956 4085 2088 4122 cens
2139 4085 2153 4120 :
2204 4067 2250 4123 si
2310 4067 2456 4122 enim
2512 4065 2874 4119 animantium
2925 4066 3274 4136 aliorumque
3316 4077 3541 4136 praeter-

1957 4161 2160 4216 misero
2223 4160 2611 4228 corruptiones
2641 4198 2656 4224 ,
2749 4167 2891 4212 terra
2955 4159 3070 4228 ipsa
3138 4158 3192 4213 in
3257 4159 3544 4213 elementis

1957 4252 2073 4305 suis
2123 4263 2223 4303 nec
2270 4249 2598 4303 inconcussa
2669 4262 2772 4300 nec
2822 4248 3029 4317 absque
3089 4248 3198 4302 ulla
3246 4250 3543 4318 agitatione

1956 4350 2011 4396 et
2091 4341 2274 4411 quiete
2346 4347 2530 4392 manet
2575 4357 2589 4392 :
2631 4339 2859 4408 spiritus
2932 4340 3103 4408 ipsam
3182 4340 3326 4394 clam
3389 4342 3544 4396 inva-

1957 4434 2115 4498 dunt,
2149 4430 2368 4502 quando
2405 4445 2468 4484 ex
2506 4431 2616 4482 alto
2654 4429 2796 4483 dona
2831 4431 3074 4499 suscepit
3114 4429 3289 4499 ipsam
3332 4434 3544 4502 agitant

1958 4531 2046 4586 et,
2101 4521 2258 4591 quasi
2306 4521 2360 4574 id
2413 4519 2749 4590 permittenti
2798 4520 3045 4589 placeat,
3097 4522 3428 4592 peragitant.
3479 4521 3544 4575 Et

1962 4615 2221 4670 velociter
2276 4626 2334 4667 se
2384 4611 2617 4665 invicem
2673 4611 3040 4680 propellentes
3099 4619 3152 4668 et
3209 4627 3546 4683 prosequen-

1965 4716 2047 4761 tes
2102 4705 2252 4760 liora:
2317 4704 2445 4757 anni
2496 4701 2732 4772 quodam
2777 4703 2940 4756 modo
2999 4703 3142 4757 inter
3202 4718 3262 4758 se
3310 4705 3543 4758 invicem

1965 4798 2381 4859 subvertuntur,
2427 4796 2655 4863 expulso
2694 4794 2762 4847 ab
2799 4803 2988 4849 aestate
3042 4795 3222 4847 hieme
3271 4795 3546 4850 mediante

1965 4904 2127 4950 vere,
2169 4895 2355 4941 astate
2395 4901 2614 4939 rursum
2660 4899 2758 4954 per
2793 4885 3030 4938 medium
3083 4893 3408 4940 autumnum
3450 4885 3548 4944 de-

1967 4982 2229 5048 cedente;
2281 4979 2534 5034 similiter
2589 4986 2642 5032 et
2697 4977 2842 5031 diem
2927 4990 3148 5033 cessare
3212 4977 3342 5032 fecit
3392 4993 3545 5046 nox;

1967 5081 2182 5128 noctem
2226 5072 2497 5125 destruxit
2526 5084 2724 5122 aurora
2758 5083 3029 5137 surgens;
3085 5083 3303 5122 rursum
3329 5067 3547 5125 :Hiems

1967 5163 2365 5234 superveniens
2399 5162 2661 5215 obscurat
2699 5173 2825 5212 aera
2868 5168 2921 5212 et
2952 5161 3228 5222 tenebrat,
3264 5159 3346 5214 sol
3385 5161 3547 5214 reful-

1968 5270 2101 5324 gens
2150 5261 2298 5308 astra
2359 5252 2654 5320 pallescere
2710 5248 2841 5304 facit
2887 5259 2939 5305 et
3002 5252 3102 5305 soli
3151 5252 3544 5320 superveniens

1969 5347 2144 5400 nubes
2188 5344 2535 5414 splendorem
2587 5341 2708 5410 ejus
2759 5341 2991 5411 frangit;
3041 5342 3168 5396 luna
3216 5343 3544 5397 decrescens

1969 5439 2023 5485 et
2056 5431 2121 5483 ad
2162 5432 2381 5500 plenum
2407 5430 2623 5483 senium
2654 5429 2930 5483 inclinans
2962 5445 3156 5484 rursus
3201 5431 3311 5484 vita
3342 5430 3544 5485 crescit

1970 5539 2069 5578 sua
2101 5532 2154 5575 et
2187 5522 2330 5577 sicut
2363 5537 2552 5576 recens
2586 5517 2714 5576 na'ta
2762 5527 3161 5595 contemplatur
3209 5525 3440 5592 lucens;
3485 5534 3538 5578 et

2041 5661 2152 5731 (5|)
2191 5662 2324 5717 Cod.
2356 5661 2566 5715 λλύπει.

2041 5733 2153 5798 (5i)
2195 5735 2330 5804 Cod.
2368 5734 2525 5804 αρτή.

2042 5803 2153 5876 (53)
2192 5803 2327 5861 Cod.
2362 5801 2547 5874 αίγήν.
