4010 6298
506 372 611 431 vis
654 350 659 351 ⁷

506 486 687 558 ipsum
715 482 884 538 astris
914 477 1223 556 scintillans
1268 476 1467 530 cmlim
1520 487 1629 528 non
1675 478 1853 524 totum
1908 481 2082 558 quan-

504 557 622 632 tum
656 584 741 630 est
773 585 1013 642 unquam
1044 564 1406 635 contemplari
1468 571 1574 622 est,
1632 574 1851 627 semper
1896 557 2079 612 media

506 680 660 739 parte
684 674 900 720 tantum
935 661 1154 718 visibile
1182 666 1289 719 est,
1320 665 1375 711 et
1411 653 1797 724 hemisphaerio
1828 651 2077 705 occulta-

504 765 634 819 tur;
666 764 721 810 et
755 753 995 808 visibilia
1024 749 1214 807 mundi
1249 746 1518 802 elementa
1540 744 1731 799 eodem
1767 740 1932 796 modo
1958 754 2081 792 mu-

508 855 696 899 tantur
720 862 734 907 ;
758 854 812 899 et
842 854 921 903 tu,
956 841 1155 910 inquit,
1180 838 1479 893 fascinator
1504 835 1674 889 draco
1698 834 1839 903 ipse,
1868 830 2087 885 invidia

510 946 665 1008 paler
687 946 743 992 et
763 935 974 1006 peccati
1000 934 1154 988 radix
1181 946 1247 985 ac
1274 930 1418 994 fons,
1449 935 1503 983 et
1524 937 1603 992 tu,
1621 943 1655 981 ο
1679 926 1880 979 Salana
1910 921 2087 976 homi-

513 1028 658 1090 cida,
683 1028 828 1081 inter
855 1025 1134 1095 angelicas
1164 1022 1371 1077 choros
1415 1019 1561 1074 sicut
1589 1017 1733 1071 inter
1778 1023 1924 1068 astra
1960 1011 2090 1067 luci-

515 1117 599 1175 fer
622 1121 825 1173 lumine
849 1124 1124 1187 praestans
1157 1126 1452 1184 apparens,
1482 1109 1680 1165 deinde
1702 1121 1799 1176 per
1818 1116 2085 1158 tumorem

516 1212 573 1266 in
606 1211 863 1266 tenebras
898 1222 1087 1263 versus
1116 1219 1199 1268 es,
1249 1203 1557 1258 cmlestium
1596 1208 1852 1269 tanquam
1893 1206 2093 1264 oppro-

512 1300 722 1365 brium,
753 1311 1013 1369 tauquam
1041 1297 1377 1352 abominatio
1410 1290 1773 1347 habitantium
1816 1286 2042 1343 evasisti
2069 1302 2086 1353 ;

515 1395 645 1451 hinc
666 1406 799 1462 ergo
826 1393 939 1446 sint
973 1391 1077 1444 ista
1106 1387 1174 1442 de
1206 1396 1404 1442 natura
1436 1392 1623 1440 creata
1650 1401 1663 1436 :
1697 1382 1825 1436 inde
1842 1378 1975 1449 quid
2007 1379 2090 1433 in-

512 1494 700 1543 creata
741 1482 1097 1553 ingenitaque
1146 1477 1415 1540 Trinitas,
1446 1474 1751 1531 secundum
1790 1471 2086 1526 essentiam

515 1590 672 1631 suam
699 1572 1162 1629 incommutabilis
1191 1578 1246 1625 et
1286 1570 1551 1631 immota;
1589 1564 1835 1633 nunquid
1873 1564 1990 1633 ipsa
2036 1571 2092 1615 et

516 1664 742 1720 omnino
773 1676 989 1717 omnem
1021 1660 1297 1730 praeclusit
1332 1652 1773 1727 oppositiooem?
1818 1650 1924 1706 Sed
1964 1666 2093 1721 pro-

520 1756 651 1826 pitia
680 1755 835 1815 mihi,
866 1752 1099 1823 propitia
1130 1752 1228 1815 sis,
1263 1748 1509 1803 Trinitas
1534 1754 1723 1801 sancta
1750 1753 1846 1803 aut
1871 1758 2091 1799 summe

520 1855 735 1910 sancta,
783 1844 963 1914 inquit
1016 1852 1144 1897 tuus
1187 1839 1573 1898 sanctissimus
1632 1837 1864 1905 piusque
1906 1835 2090 1889 divina

520 1938 791 1999 clamans,
822 1951 946 2005 qua:
974 1949 1074 1989 nec
1097 1934 1213 2003 ipsa
1244 1932 1461 2001 penitus
1491 1927 1871 1998 insipientium
1912 1925 2093 1979 homi-

520 2044 652 2085 num
686 2023 911 2082 evasisti
939 2024 1324 2094 loquacitatem
1368 2038 1383 2075 :
1416 2019 1610 2073 dicunt
1654 2018 1798 2071 enim
1831 2016 1973 2071 male
2002 2022 2094 2067 tu-

521 2128 735 2175 mentes
772 2116 1049 2172 temerarii
1083 2114 1305 2184 quidam
1345 2132 1359 2166 :
1391 2112 1448 2165 lu
1488 2109 1759 2179 principio
1815 2115 1934 2163 erat
1982 2105 2090 2159 Pa-

521 2218 627 2273 ter,
659 2209 859 2264 deinde
902 2220 1161 2276 magnum
1210 2202 1398 2274 genuit
1427 2198 1644 2263 Filium,
1675 2199 1871 2255 deinde
1912 2197 2094 2267 magni

523 2301 616 2356 Dei
652 2299 939 2371 Spiritum,
970 2299 1130 2369 quasi
1165 2298 1218 2351 in
1270 2296 1540 2370 graduum
1596 2292 1985 2362 inaequalitate,
2010 2303 2097 2343 se-

523 2392 769 2447 cundum
803 2389 1128 2445 substantiae
1165 2387 1544 2441 mutationem.
1581 2384 1669 2438 Sic
1710 2383 1998 2437 diversiter
2028 2380 2098 2435 ab

528 2480 794 2534 haereticis
836 2478 1265 2549 blasphematur.
1319 2495 1338 2528 ι
1381 2477 1501 2542 Quo
1550 2474 1795 2530 stabilies
1862 2487 1946 2526 me
1993 2488 2094 2526 au-

525 2568 727 2631 ferens,
773 2587 790 2618 ι
826 2578 879 2623 et
910 2583 1025 2636 seq.
1056 2565 1100 2619 Ο
1127 2567 1366 2636 pessima
1398 2568 1629 2634 loquens
1661 2565 2003 2634 lingua,quae
2032 2559 2100 2613 ad

527 2661 681 2714 nefas
710 2669 761 2719 et
791 2658 1182 2728 blasphemiam
1211 2659 1325 2711 otio
1354 2658 1550 2719 uteris,
1585 2671 1693 2724 quo
1730 2670 1817 2710 me
1842 2654 2101 2708 auferens

527 2749 699 2805 stabis
726 2762 762 2803 α
790 2750 928 2803 male
958 2748 1118 2801 dictis
1140 2747 1164 2800 ι
1190 2748 1279 2803 ubi
1314 2746 1626 2801 sollicitudo
1656 2754 1714 2801 et
1756 2744 1979 2816 grandis
2009 2761 2103 2800 co-

528 2840 852 2910 gitationum
890 2839 1057 2892 stabit
1090 2838 1461 2907 perplexitas;
1499 2838 1633 2894 siste
1660 2846 1714 2891 et
1749 2836 2099 2891 irrationales

526 2941 819 2999 compesce
846 2928 1103 2995 impetus,
1140 2927 1221 2980 ori
1256 2934 1350 2980 tuo
1382 2940 1524 2995 pone
1552 2925 1861 2982 custodiam
1894 2935 1949 2981 et
1977 2926 2103 2981 vide

528 3028 796 3089 quantum
828 3018 1079 3073 essentite
1110 3034 1223 3073 sua:
1250 3016 1511 3071 ﬁrmitate
1551 3033 1717 3088 super
1760 3020 1943 3072 omnia
1971 3034 2103 3087 pr»

531 3117 638 3165 stet
693 3108 871 3175 Deus;
917 3115 972 3163 et
1036 3122 1223 3162 coram
1282 3109 1453 3178 ipsius
1511 3109 1797 3179 majestate
1840 3109 2101 3164 inferiora

530 3209 726 3255 cuncta
762 3215 1016 3269 reponas,
1054 3198 1331 3270 indignam
1359 3201 1527 3255 verbo
1550 3201 1798 3256 veritatis
1855 3208 1907 3256 te
1934 3215 2102 3270 agno-

529 3308 729 3357 scena;
770 3302 824 3346 et
851 3306 989 3346 cave
1010 3307 1080 3345 ne
1123 3292 1236 3346 ullo
1259 3291 1419 3346 modo
1465 3284 1734 3348 creaturis
1785 3291 2101 3347 Creatorem

532 3384 829 3447 assimiles,
865 3398 1000 3437 neve
1040 3384 1343 3452 suspicaris
1366 3399 1507 3439 vane
1532 3395 1777 3439 creatum
1826 3399 1951 3440 esse
2000 3384 2101 3438 ho-
2136 3384 2141 3387 ’

532 3477 732 3530 minem
772 3492 787 3528 :
844 3474 1046 3529 etenim
1078 3473 1408 3542 palinodiam
1438 3484 1670 3529 cantans
1693 3483 1745 3529 et
1777 3475 1960 3543 priora
1983 3489 2103 3527 car-

530 3565 703 3629 mina,
725 3562 814 3619 his
839 3565 894 3619 in
922 3564 1271 3623 sermonibus
1292 3565 1523 3620 ﬁrmiter
1558 3575 1741 3636 persto
1764 3564 2105 3621 contendens

530 3671 620 3711 me
647 3654 873 3710 minime
901 3670 933 3709 a
980 3655 1089 3709 Deo
1125 3654 1183 3708 in
1219 3670 1419 3709 vanum
1468 3656 1820 3724 plasmatum.
1868 3655 2103 3711 Verbum

530 3747 677 3801 enim
700 3755 755 3801 et
782 3746 1131 3800 ratiocinium
1161 3745 1628 3815 pusillanimitatis
1658 3753 1713 3800 et
1740 3746 1967 3809 vilitatis
1999 3750 2104 3801 hu-

531 3849 710 3889 mana:
746 3842 851 3889 est.
906 3832 1153 3903 Namque
1198 3848 1348 3887 nunc
1390 3833 1637 3904 quidem,
1689 3834 1886 3905 inquit,
1948 3834 2106 3905 igno-

530 3927 725 3982 rantia:
779 3927 1089 3982 obscuritas
1159 3935 1215 3983 et
1269 3925 1706 3981 sollicitudinum
1762 3927 1883 3980 vitae
1933 3928 2104 3983 nubes

531 4016 728 4070 dill‘usa
776 4031 883 4069 non
936 4015 1066 4070 sinit
1120 4016 1400 4071 veritatem
1447 4024 1502 4070 et
1544 4016 1936 4071 vicissitudinis
1978 4031 2101 4069 mu-

532 4103 864 4172 tationisque
910 4119 1132 4158 causam
1167 4105 1344 4160 lucide
1392 4106 1730 4161 considerari
1770 4126 1785 4160 :
1830 4115 1952 4177 post
1985 4108 2099 4161 hac

533 4210 663 4249 vero
690 4195 929 4250 scientia:
957 4211 1139 4251 sermo
1165 4196 1309 4251 sicut
1342 4198 1434 4251 lux
1463 4198 1749 4253 veritatem
1779 4196 2101 4251 desiderau-

531 4287 679 4342 tibus
723 4288 1001 4359 exsurgit,
1034 4290 1192 4359 cujus
1229 4289 1469 4352 lumine.
1502 4290 1713 4360 inquit,
1754 4291 1900 4345 clare
1942 4289 2100 4344 intel-

527 4378 669 4450 liges
734 4395 898 4451 quam
980 4381 1202 4455 pulchre
1264 4390 1318 4435 et
1383 4380 1659 4451 sapienter
1729 4381 2101 4451 gubernentur

536 4470 794 4523 universa
835 4468 903 4521 ab
954 4473 1197 4521 omnium
1249 4468 1617 4536 gubernatore
1661 4477 1716 4522 et
1761 4471 2099 4537 providente.

531 4557 643 4610 Aut
668 4557 813 4610 sicut
851 4557 1025 4612 lucem
1051 4558 1242 4613 videns
1284 4557 1475 4623 Deum,
1510 4559 1563 4613 in
1609 4559 1729 4629 ipso
1756 4560 1919 4616 etiam
1968 4561 2099 4616 illu-

537 4655 680 4701 stres
746 4646 951 4703 habens
1033 4663 1216 4703 rerum
1279 4642 1553 4711 notiones,
1624 4660 1718 4704 aut
1783 4650 1925 4706 sicut
1976 4652 2103 4723 igne

494 4740 644 4794 isto
684 4749 1041 4810 consumptus
1089 4748 1144 4795 et
1194 4750 1397 4803 tactus,
1448 4743 1586 4797 scies
1633 4743 1821 4797 omnia
1857 4745 1926 4800 ab
1978 4746 2101 4815 ipso

537 4830 655 4886 ﬁeri
682 4824 908 4901 etjusta
940 4843 994 4887 et
1042 4848 1168 4888 vera
1213 4843 1267 4889 et
1318 4835 1475 4888 utilia
1514 4842 1578 4905 Oet
1626 4835 1825 4891 ﬁdelia.
1898 4857 1917 4890 ι
1960 4839 2099 4894 Dum

536 4928 668 4981 mihi
698 4928 812 4982 haec
836 4929 1160 4984 concinebat
1185 4932 1416 5000 spiritus
1452 4947 1629 4998 meus,
1661 4950 1681 4985 ι
1714 4940 1769 4986 et
1793 4947 1911 5003 seq.
1958 4931 2097 4987 Dum

534 5024 665 5078 talia
694 5024 982 5081 ratiocinia
1008 5026 1062 5080 in
1109 5028 1426 5097 supradicto
1472 5029 1594 5082 luco
1640 5028 1747 5083 isto
1800 5029 2101 5085 concinens

536 5120 763 5188 spiritus
792 5136 944 5177 meus
978 5139 1061 5178 me
1086 5131 1421 5193 prostratum
1454 5133 1507 5178 et
1527 5123 1783 5179 afﬂictum
1815 5126 2098 5191 mulceret,

534 5225 591 5268 et
617 5231 819 5286 corpus
864 5217 1111 5273 sedatum
1159 5218 1428 5284 reﬁceret,
1479 5236 1619 5291 ego,
1667 5221 1862 5291 inquit,
1919 5224 2103 5278 serius

534 5321 660 5381 post
688 5312 874 5367 horam
905 5314 975 5368 ab
1009 5314 1165 5368 horto
1192 5330 1423 5385 surgens
1465 5316 1521 5371 in
1553 5317 1775 5371 domum
1812 5318 2055 5373 redibam
2091 5338 2103 5373 :

534 5418 591 5468 et
622 5410 894 5465 interdum
930 5408 1110 5466 ridere
1150 5428 1234 5467 me
1265 5415 1633 5484 contingebat.
1684 5418 1730 5470 si
1780 5418 1905 5487 quis
1955 5418 2113 5472 aliter

536 5522 701 5577 quam
748 5522 912 5577 supra
962 5507 1073 5563 dixi
1113 5512 1353 5565 sentiat:
1397 5512 1596 5565 etenim
1655 5513 1808 5567 aliter
1863 5514 2143 5572 sentiens.

537 5603 717 5672 quivis
767 5606 939 5658 unica:
998 5615 1051 5660 et
1116 5606 1303 5674 prima:
1349 5622 1455 5659 non
1511 5609 1761 5677 sequitur
1815 5610 2102 5664 ratiocinia

537 5699 805 5762 veritatis,
839 5716 939 5754 nec
971 5702 1024 5754 in
1070 5702 1207 5770 ipsis
1247 5702 1602 5757 stabilitatem
1646 5712 1700 5758 et
1750 5688 2097 5761 securitatem

540 5788 722 5843 habet.
748 5788 905 5845 Nunc
937 5792 1101 5859 igitur
1127 5792 1317 5847 talium
1364 5795 1755 5850 commiserans
1794 5796 2097 5853 siccitatem

1854 344 2150 405 NICETAS
2189 346 2397 405 DAVID

2190 469 2369 537 φθίσιν
2428 465 2609 525 ίοῦσα.
2663 461 2833 532 ἀναζῇ
2881 458 3042 513 πάλιν
3098 452 3197 507 καὶ
3244 450 3320 513 ῶς
3367 444 3761 537 ἀρτιγέννητος
3812 478 3855 497 ν-

2190 535 2443 629 sumat
2491 552 2867 624 φωτιζομένηο
2918 546 3081 610 αὐτὸς
3108 544 3167 596 δι
3192 545 3220 596 ό
3267 535 3760 629 smmum-sa.

2192 623 2351 717 ρανδς
2382 646 2479 714 οὐχ
2507 623 2627 706 ὅλος
2657 642 2781 702 ὅσος
2823 638 2941 692 ἐστὶ
2979 635 3199 688 πώποτε
3242 628 3545 693 κατῶπται,
3575 626 3662 681 ἀεὶ
3694 623 3762 679 δὲ

2186 737 2461 811 ήμιφανὴς
2481 736 2673 807 ὁρᾶται
2694 735 2788 787 καὶ
2805 729 2883 801 τῷ
2910 725 3250 801 ἡμισφαιρίῳ
3275 720 3722 811 κατακέκρυπται
3738 730 3755 745 ⁸

2186 809 2281 885 καὶ
2307 830 2375 884 τά
2403 828 2499 900 μὲν
2525 826 2778 897 ὁρώμενα
2806 821 2902 876 τοῦ
2950 821 3157 889 κόσμου
3187 818 3423 886 στοιχεῖα
3468 811 3614 865 τόνδε
3665 809 3763 900 τὸὲν

2185 921 2385 992 τρόπον
2404 895 2814 991 *μετατρέπεται
2833 954 2848 979 ,
2890 913 2987 967 καὶ
3026 913 3092 964 σὺ
3123 910 3182 963 δὲ
3201 950 3220 974 ,
3253 907 3417 978 φησὶν
3440 947 3455 971 ,
3489 903 3674 965 αὐτος.
3700 895 3762 992 Διῖι

2189 990 2431 1085 βάσκανεί
2454 1011 2670 1082 δράκον,
2698 1002 2745 1061 ὧ
2777 1007 2952 1077 πάτερ
2980 1003 3176 1075 φθόνου
3212 1000 3304 1053 καὶ
3334 996 3605 1068 ἁμαρτίας
3634 990 3761 1066 ῥίζα

2188 1106 2283 1160 καὶ
2318 1104 2499 1175 πηγὴ,
2530 1101 2623 1155 καὶ
2653 1102 2717 1154 σὺ
2740 1140 2756 1164 ,
2786 1093 2833 1153 ὧ
2866 1098 3043 1151 Σατᾶν
3086 1090 3496 1165 ἀνθρωποκτόνε
3516 1130 3531 1152 ,
3564 1090 3622 1142 ἑν
3646 1088 3763 1147 τοῖς

2188 1195 2495 1265 ἀγγελικοίς
2538 1195 2715 1264 χοροῖς
2764 1190 2952 1259 ῶσπερ
2981 1189 3039 1239 ἐν
3066 1183 3325 1253 ἀστράσιν
3350 1180 3625 1251 ἑωσφόρος
3653 1177 3768 1230 δει-

2189 1289 2454 1358 κνύμενος
2479 1285 2880 1357 λαμπρότατος,
2918 1276 3037 1333 εἶτα
3069 1277 3258 1338 σκότος
3288 1273 3381 1327 διὰ
3405 1273 3506 1343 τὴν
3530 1270 3767 1340 ἔπαρσιν

2191 1382 2511 1449 γενόμενος,
2556 1375 2664 1429 τῶν
2705 1372 2991 1445 οὐρανίων,
3023 1368 3099 1431 ὼς
3128 1361 3337 1436 αἶσχος,
3373 1365 3449 1427 ὡς
3485 1362 3769 1433 βδέλυγμα

2190 1469 2555 1541 ὲξωλίσθησας
2593 1463 2942 1537 οίκητηρίων.
2975 1462 3085 1515 Καὶ
3114 1458 3184 1512 τά
3214 1458 3312 1528 μὲν
3343 1457 3470 1526 περὶ
3502 1453 3601 1523 τῆς
3643 1470 3770 1506 κτι-

2193 1564 2324 1633 στῆς
2354 1561 2565 1627 φύσεως
2584 1559 2756 1628 ἐχέτω
2772 1554 2947 1627 ταύτῃ
2965 1569 2980 1583 ·
3003 1552 3057 1605 τί
3074 1552 3133 1603 δὲ
3161 1552 3196 1620 ἡ
3226 1550 3479 1610 ἇκτιστος
3515 1547 3611 1598 καὶ
3641 1543 3771 1612 ἀγέ-

2190 1669 2349 1719 νητος
2368 1651 2537 1721 Τριάς
2553 1649 2645 1702 καὶ
2664 1647 2805 1703 κατά
2828 1662 2893 1714 γε
2916 1644 3015 1711 τὴν
3034 1642 3203 1710 αὐτῆς
3227 1638 3387 1708 φύσιν
3410 1635 3770 1697 ἀναλλοίωτος

2192 1743 2287 1798 καὶ
2322 1744 2623 1814 ἄτρεπτος,
2654 1734 2763 1809 ἆρά
2792 1752 2855 1804 γε
2904 1733 3216 1789 παντάπασι
3256 1728 3360 1781 κᾶν
3405 1727 3543 1797 αὕτη
3586 1727 3772 1779 πᾶσαν

2192 1833 2504 1902 διεξέφυγεν
2528 1829 2867 1897 ἀντιλογίανς
2911 1825 3050 1879 ’Δλλ’
3074 1824 3228 1886 ἵλεώς
3258 1839 3367 1893 μοι.
3393 1820 3547 1882 ἵλεως
3567 1817 3779 1886 γένοιο,

2193 1924 2364 1994 Τριάς
2381 1923 2511 1991 ἁγία
2528 1921 2562 1991 ἢ
2580 1920 2868 1989 ύπεραγία,
2887 1921 2915 1971 ὁ
2942 1914 3238 1983 ἀγιώτατός
3266 1906 3602 1963 σουνεύλαϐού
3611 1922 3773 1976 μενος

2194 2014 2585 2085 ἐπιφθέγγεται
2605 2010 2894 2080 ίερολόγος,
2918 2007 2993 2069 ὡς
3012 2004 3119 2057 οὐδ’
3137 2003 3273 2072 αὑτὴ
3293 1996 3593 2067 πάντη-τῶν
3609 1994 3772 2066 ἀφρό-

2194 2084 2313 2159 νων
2329 2101 2632 2174 ἀνθρώπων
2652 2099 2935 2168 διέδρασας
2960 2096 3059 2165 τὴν
3087 2089 3485 2161 γλωσσαλγίαν.
3502 2086 3645 2174 φασὶ
3662 2084 3774 2155 γάρ

2194 2172 2479 2264 τολμητίαι
2513 2189 2699 2252 κακῶς
2748 2185 3191 2255 αύθαδιζόμενοι·
3244 2179 3465 2251 Πρῶτον
3495 2172 3565 2247 ἦν
3593 2176 3622 2228 ὁ
3654 2176 3774 2228 Πα-

2195 2285 2322 2355 τὴρ,
2351 2278 2468 2336 εἶτα
2494 2281 2585 2334 τὸν
2632 2281 2806 2351 μέγαν
2847 2277 3134 2347 ἐγέννησεν
3166 2272 3293 2326 Υίδν
3311 2312 3326 2337 ,
3366 2269 3559 2323 ἔπειτα
3586 2266 3648 2319 τὸ
3674 2264 3771 2319 τοῦ

2202 2374 2434 2444 μεγάλου
2464 2371 2598 2425 Θεοῦ
2624 2370 2869 2440 Πνεῦμα,
2898 2368 2973 2430 ὡς
3001 2368 3061 2419 ὲν
3095 2362 3318 2435 βαθμῶν
3350 2360 3627 2429 ἀνισότητι
3650 2355 3771 2410 κατ’

2196 2465 2385 2527 οὐσίας
2426 2462 2690 2517 ὑπόϐασιν
2722 2463 2833 2524 τοῖς
2863 2457 3212 2531 αἱρεσιὼταις
3240 2454 3499 2517 ποικίλως
3534 2452 3772 2523 βλασφη-

2203 2558 2407 2627 μεῖται.

2343 2644 2459 2700 Ποῖ
2479 2644 2731 2710 στήσεις
2750 2660 2827 2713 με
2858 2641 3156 2711 φέρουσα,
3186 2658 3239 2691 κ.
3273 2656 3321 2691 τ.
3354 2637 3436 2703 ἐξ.

2272 2731 2344 2788 Ὦ
2374 2736 2594 2804 γλῶσσα
2620 2733 2980 2804 κακοφραδὲς,
3016 2731 3311 2801 κακόσχολε
3340 2731 3435 2784 καὶ
3464 2728 3778 2799 βλάσφημε,

2201 2826 2307 2879 ποῦ
2366 2843 2433 2897 με
2484 2826 2725 2895 φέρουσα
2772 2825 2988 2894 στήσεις
3032 2822 3141 2875 τῶν
3189 2821 3545 2891 δυσφημιῶν;
3600 2820 3781 2873 Ὅπου

2206 2917 2477 2990 μέριμνα,
2506 2916 2599 2969 καὶ
2629 2914 2796 2985 βαθὺς
2839 2916 3126 2984 νοημάτων
3154 2912 3361 2981 ίλιγγος
3395 2912 3776 2983 προσίσταται.

2205 3011 2425 3062 Ἴστασο
2458 3009 2556 3079 τῆς
2602 3007 2886 3075 ἀλογίστου
2920 3006 3099 3076 ῥύμης
3130 3004 3399 3075 ἐπέχουσα
3432 3003 3666 3073 σαυτὴν,
3698 3002 3781 3072 τῷ

2206 3100 2434 3170 στόματί
2461 3116 2553 3152 σου
2580 3096 2838 3168 τιθεμένη
2868 3096 3115 3166 φυλακὴν
3142 3096 3235 3149 καὶ
3264 3094 3464 3168 είδυία,
3496 3095 3572 3158 ὡς
3602 3095 3778 3164 ὑπερ-

2204 3192 2399 3255 ουσίως
2445 3190 2557 3244 τῶν
2596 3191 2765 3244 όντων
2799 3190 3150 3260 ύπερίδρυται
3195 3186 3337 3241 κατά
3365 3187 3527 3257 φύσιν
3551 3187 3583 3239 ό
3608 3185 3781 3251 Θεόςο

2203 3285 2298 3337 καὶ
2324 3283 2553 3353 δεύτερα
2595 3282 2772 3336 πάντα
2811 3282 2910 3352 τῆς
2957 3279 3122 3334 αὑτοῦ
3176 3278 3591 3350 μεγαλειότητος
3644 3278 3784 3331 ὑπο-

2206 3377 2370 3447 χώρει
2393 3414 2408 3436 ,
2442 3373 2521 3444 τῷ
2564 3374 2705 3443 λόγῳ
2743 3372 2846 3442 τῆς
2883 3371 3140 3442 ἀληθείας
3178 3370 3503 3441 ἡττωμένη,
3543 3368 3784 3432 καὶτοῖς

2203 3468 2465 3538 κτίσμασι
2502 3467 2594 3521 τὸν
2619 3466 2857 3533 κτίστην
2895 3462 3170 3526 παντελῶς
3225 3463 3301 3532 μὴ
3330 3459 3779 3531 παρεικάζουσα,

2204 3557 2340 3611 ἀλλὰ
2377 3558 2499 3629 μηδ’
2536 3557 2621 3610 ὅτι
2664 3556 2907 3625 ματαίως
2950 3556 3043 3607 τὸν
3091 3553 3375 3624 ἄνθρωπον
3402 3552 3616 3606 ἔκτισεν
3643 3552 3783 3604 ὐπο-

2204 3650 2437 3723 νοήσῃς·
2482 3648 2579 3702 καὶ
2628 3646 2737 3717 γὰρ
2788 3645 3151 3717 παλινῳδίαν,
3224 3646 3286 3698 τὸ
3335 3645 3397 3715 δὴ
3454 3644 3783 3713 λεγόμενον,

2205 3741 2347 3813 ᾄδων
2408 3741 2662 3809 ἵσταμαι,
2715 3737 2889 3791 τοῖσδε
2939 3738 3050 3800 τοῖς
3105 3736 3280 3804 λόγοις
3340 3736 3636 3804 ἐρεισθεὶς,
3702 3734 3786 3800 ὡς

2204 3835 2407 3906 ἥκιστά
2444 3849 2512 3904 με
2558 3835 2637 3896 είς
2668 3833 2823 3886 κενὸν
2868 3831 3298 3902 ἐδημιούργησεν
3348 3834 3376 3884 ό
3422 3831 3589 3895 Θεός’
3621 3832 3788 3887 τοῦτο

2205 3929 2312 3999 γὰρ
2340 3925 2684 3995 όλιγοψυχίας
2706 3925 2798 3978 καὶ
2822 3924 3245 3997 όλιγοφροσύνης
3262 3925 3605 3995 ἀνθρωπίνης
3628 3925 3788 3996 ῥῆμά.

2204 4020 2320 4072 ἐστι
2346 4019 2439 4073 καὶ
2461 4018 2739 4089 λογισμός.
2770 4014 2884 4070 Νῦν
2913 4016 3013 4087 μὲν
3041 4018 3169 4087 γὰρ,
3195 4017 3348 4087 φησὶ,
3373 4018 3533 4085 ζόφος
3556 4018 3785 4085 ἀγνοίας

2207 4110 2301 4163 καὶ
2325 4108 2490 4177 ἀχλὺς
2511 4106 2619 4159 τῶν
2648 4106 2988 4178 πραγμάτων
3014 4103 3429 4174 κατακεχυμένη
3461 4103 3559 4156 οὐκ
3596 4105 3659 4173 ἐᾷ
3680 4103 3786 4172 τὴν

2205 4200 2462 4271 ἀλήθειαν
2490 4199 2586 4252 καὶ
2634 4196 2733 4267 τὴν
2761 4196 2938 4249 αἰτίαν
2968 4195 3067 4265 τῆς
3111 4194 3288 4248 αὐτῶν
3339 4193 3641 4265 μεταδολῆς
3686 4194 3786 4248 καὶ

2205 4292 2414 4363 τροπῆς
2461 4289 2718 4361 καθαρῶς
2773 4284 3063 4357 καταθρείν
3084 4304 3099 4319 ·
3151 4286 3289 4357 μετά
3319 4284 3491 4340 ταῦτα
3527 4284 3585 4338 δὲ
3623 4284 3788 4353 λόγος

2206 4383 2458 4454 γνώσεως
2486 4384 2562 4445 ῶς
2587 4382 2702 4450 φῶς
2738 4382 2850 4445 τοῖς
2872 4380 2970 4451 τῆς
3010 4378 3264 4448 ἀληθείας
3292 4377 3601 4448 ἐφιεμένοις
3650 4379 3788 4433 ἀνα-

2207 4474 2379 4538 τελεί,
2412 4476 2507 4528 καὶ
2554 4473 2765 4538 πάντα,
2814 4472 2982 4542 φησὶ,
3025 4469 3238 4541 τρανῶς
3278 4470 3669 4539 κατανοήσεις,
3705 4471 3790 4534 ὡς

2207 4567 2390 4629 καλῶς
2417 4568 2509 4619 καὶ
2544 4565 2721 4634 σοφῶς
2744 4565 3105 4632 οἰκονομεῖται
3132 4560 3209 4631 τῷ
3232 4561 3340 4613 τῶν
3364 4562 3617 4615 ἁπάντων
3640 4576 3789 4631 προ-

2213 4658 2373 4728 μηθεῖ
2412 4659 2506 4710 καὶ
2535 4660 2835 4729 προνοητῇ·
2870 4656 2905 4728 ἢ
2937 4655 3012 4718 ὡς
3059 4654 3175 4724 φῶς
3221 4654 3363 4725 όρῶν
3392 4654 3484 4708 τὸν
3522 4652 3653 4706 Θεὸν
3685 4656 3791 4708 καὶ

2211 4751 2269 4802 ὲν
2295 4749 2444 4821 αὐτῷ
2477 4750 2600 4812 τοὺς
2621 4747 2813 4816 λόγους
2855 4747 2961 4801 τῶν
3005 4745 3305 4817 γινομένων
3337 4743 3793 4816 καταφωτιξόμε-

2209 4861 2322 4907 νος,
2354 4842 2387 4913 ἢ
2420 4842 2495 4906 ὼς
2512 4842 2657 4913 ’πυρὶ
2679 4840 2854 4913 τούτῳ
2892 4840 3229 4909 δαπτόμενος
3270 4839 3363 4891 καί
3387 4838 3790 4908 κολαζόμενος,

2212 4932 2333 5006 είσῃ
2382 4933 2556 5007 πάντα
2596 4932 2661 4986 δι’
2705 4933 2870 4987 αὐτοῦ
2919 4932 3163 5001 γίνεσθαι
3191 4932 3285 4986 καὶ
3311 4931 3495 4986 δίκαια
3525 4936 3616 4984 atat
3642 4930 3792 5002 ἀλη-

2214 5025 2333 5080 θινά
2358 5027 2450 5080 καὶ
2476 5025 2727 5095 λυσιτελῆ
2758 5026 2852 5079 καὶ
2882 5025 3069 5081 πιστά.

2318 5143 2423 5206 ’Ὧς
2448 5158 2547 5211 μοι
2570 5139 2734 5194 ταῦτ’
2753 5138 2996 5193 satietas
3022 5140 3200 5208 φίλος
3225 5140 3388 5204 νόος,
3421 5155 3477 5191 κ.
3502 5154 3554 5190 τ.
3587 5138 3665 5201 ἐξ.

2206 5275 2253 5286 κ-
2295 5256 2381 5318 Ὡς
2404 5255 2528 5316 τοὺς
2580 5254 2852 5317 τοιούτους
2883 5254 3176 5322 λογισμοὺς
3212 5251 3355 5307 κατά
3392 5250 3454 5303 τὸ
3490 5246 3793 5319 εἰρημένον

2212 5346 2372 5407 ἄλσος
2410 5347 2587 5398 ἐκεῖνο
2638 5344 3045 5415 ἀνακεκλιμένῳ
3072 5345 3168 5397 καὶ
3211 5343 3543 5413 τρυχωμένῳ
3564 5342 3591 5395 ό
3624 5337 3794 5408 φίλος

2208 5434 2333 5498 νοῦς
2366 5436 2683 5506 κατεπᾴδων
2708 5452 2795 5505 μοι
2823 5434 3188 5507 παρεμυθεῖτο
3208 5434 3300 5487 καὶ
3324 5433 3385 5487 τὸ
3406 5431 3498 5486 τοῦ
3526 5429 3795 5499 σώματος

2212 5525 2378 5594 ἑπεψε
2436 5524 2728 5595 πραῡνθὲν,
2766 5524 2939 5594 κάγὼ,
2972 5525 3126 5595 φησὶ,
3168 5524 3269 5595 τῆς
3305 5524 3454 5595 ὧρας
3475 5521 3572 5592 ὀψὲ
3592 5522 3790 5576 διαναο

2174 5632 2189 5637 ‘
2215 5616 2346 5679 στὰς
2373 5615 2466 5669 τοῦ
2487 5616 2816 5687 παραδείσου
2845 5619 2925 5679 είς
2951 5617 3049 5687 τὴν
3073 5617 3248 5670 οἰκίαν
3279 5616 3556 5687 ἐπανῄειν,
3585 5613 3791 5669 ἄλλοτε

2215 5709 2315 5778 μὲν
2340 5704 2433 5761 οὖν
2468 5709 2630 5779 γελᾷν
2669 5727 2756 5780 μοι
2792 5710 2881 5761 τὸν
2915 5707 3084 5772 ἄλλως
3112 5708 3145 5777 ἢ
3183 5706 3377 5773 οὕτως,
3403 5708 3478 5771 ὡς
3511 5705 3801 5778 sapasim-

2210 5816 2333 5867 ται,
2377 5797 2673 5872 φρονοῦντα
2716 5797 2871 5869 ἐπῄει
2896 5817 2909 5830 ·
2946 5800 3039 5853 καὶ
3085 5800 3192 5874 γὰρ
3227 5800 3535 5871 ἑτερόφρων
3567 5796 3714 5862 επις
3757 5800 3794 5854 ὁ
