4010 6298
207 376 295 433 145
769 329 774 334 ’
1172 373 1238 429 IN
1276 330 1582 429 canum}.
1626 370 1902 427 ARCANA
1964 371 2019 428 s.
2051 372 2399 428 cnsconu.

208 495 273 564 μη
295 494 406 554 ,τοῖς
433 491 532 560 τῆς
575 493 708 562 μιᾶς
734 491 826 545 καὶ
868 490 1089 562 πρώτης
1130 490 1386 560 ἀληθείας
1420 489 1644 560 στοιχῶν
1669 489 1754 542 λό-

203 597 326 648 γοις,
356 581 446 634 καὶ
484 581 670 643 αὐτοῖς
701 581 969 649 ,ἀσφαλῶς
1013 580 1375 651 ὲνιδρυμένος.
1409 579 1491 650 ﬂii
1536 581 1634 650 μὲν
1663 577 1756 632 οὖν

199 674 297 723 τῶν
347 671 598 726 τοιούτων
647 672 946 735 ταλανίζων
995 673 1091 742 τὴν
1129 672 1310 725 ἄνοιαν
1340 672 1559 740 ἐγέλων,
1700 671 1755 723 δὲ

201 761 285 813 καὶ
306 763 370 830 τῇ
395 761 538 833 λύπῃ
564 761 665 831 τὴν
695 761 874 831 ψυχὴν
907 760 1212 832 ὲπυρπολού
1221 779 1328 830 μην
1351 779 1362 791 ·
1391 762 1453 814 οὐ
1475 760 1585 830 γάρ
1615 759 1756 812 κατὰ

200 849 281 902 τὸν
299 851 633 920 Δημόκριτον
659 849 896 921 ἄκρατος
922 852 952 905 6
979 850 1170 918 γέλως,
1206 850 1342 904 άλλὰ
1362 847 1503 903 κατὰ
1526 849 1618 902 τὸν
1638 849 1756 917 φιλ-

199 940 466 1008 άνθρωπον
507 940 714 1010 Ἰησοῦν
762 942 856 994 καὶ
890 940 988 1012 τῆς
1011 941 1180 1004 ὅντως
1228 939 1546 1008 φιλοσοφίας
1578 939 1752 1010 ἀρχη-

198 1033 301 1100 γόν.
317 1033 470 1087 Οὕτω
495 1051 585 1103 μοι
612 1033 707 1086 τοῦ
746 1033 839 1088 νοῦ
864 1034 979 1096 τοῖς
1003 1033 1302 1104 λογισμοῖς,
1334 1031 1412 1101 τῷ
1439 1031 1632 1100 γέλωτι
1661 1030 1756 1082 καὶ

197 1125 256 1191 τῇ
296 1122 438 1196 λύπῃ
483 1125 882 1195 ἀγαθοπρεπῶς
929 1124 1222 1201 μαχομένῳ
1270 1123 1364 1176 καὶ
1417 1120 1754 1191 μεριζομένῳ

197 1211 474 1282 ἐπανῆκον.
515 1213 733 1285 Ταύτης
758 1216 857 1285 τῆς
896 1213 1215 1282 φιλοσοφίας
1242 1213 1336 1266 καὶ
1367 1213 1515 1283 ἡμᾶς
1543 1210 1630 1263 διὰ
1659 1208 1753 1262 τοῦ

196 1300 430 1370 Θεολόγου
471 1320 588 1367 σου,
639 1305 840 1376 Χριστὲ
880 1306 1054 1374 Ἰησοῦ
1077 1342 1092 1368 ,
1119 1303 1480 1368 καταξιώσας,
1503 1301 1599 1356 καὶ
1643 1301 1768 1360 τοῖς.

3325 363 3454 430 7w

1866 489 2130 554 ridebam,
2166 506 2312 556 nunc
2347 504 2579 546 mmrore
2604 491 2656 544 in
2694 490 2874 546 anima
2910 491 3255 559 coniiciehar.
3308 491 3425 548 Non

1831 578 2010 632 enim
2063 577 2360 634 Democriti
2391 596 2542 635 more
2569 596 2767 647 merus
2790 581 2954 646 risus,
3000 582 3094 635 sed
3132 580 3290 650 juxta
3328 581 3429 636 ho-

1862 669 2070 721 minum
2097 677 2398 723 amatorem
2431 667 2617 722 Jesum
2647 679 2700 722 et
2736 682 2878 723 vcrae
2905 668 3267 738 philosophia
3312 682 3428 719 ma~

1858 756 2117 825 gistrum.
2150 755 2244 811 Sic
2273 758 2342 812 ab
2367 758 2572 829 agitato
2602 759 2926 823 ratiociniis,
2960 757 3080 812 visu
3102 768 3157 812 ct
3180 756 3428 809 aillictio-

1859 847 2024 902 nibus
2060 847 2448 904 convenienter
2493 857 2675 904 tamen
2716 857 2880 919 atque
2910 847 3089 902 diviso
3124 847 3319 916 spiritu
3357 845 3426 900 ad

1861 949 1948 988 me
1980 935 2248 992 redibam.
2284 936 2396 993 Hac
2429 938 2771 1008 philosOphia
2797 946 2851 993 et
2879 953 2983 993 nos
3010 953 3103 1008 per
3118 938 3428 1008 theologum

1857 1032 2034 1092 tuum,
2071 1027 2289 1084 Christe
2325 1027 2479 1095 Jesu,
2516 1030 2777 1100 dignatus
2822 1045 2901 1096 es,
2933 1037 2988 1084 et
3025 1030 3216 1085 iisdem
3257 1029 3424 1083 ratio-

1855 1115 2038 1182 ciniis,
2069 1119 2416 1174 sermonibus
2451 1128 2504 1175 et
2533 1117 2893 1192 dogmatibus
2910 1121 3208 1190 couigasti,
3242 1129 3296 1174 et
3333 1135 3432 1177 ve-

1857 1206 2032 1262 ritatis
2080 1213 2191 1262 tuae
2244 1216 2412 1279 atque
2451 1210 2736 1280 sapientia:
2781 1209 3058 1279 periecisti
3099 1207 3427 1280 participes,

1859 1309 1962 1349 nos
2009 1299 2190 1354 adhuc
2236 1300 2416 1369 recipe
2451 1302 2504 1354 in
2529 1303 2751 1356 siecula.
2778 1302 2974 1354 Amen.

195 1395 366 1457 αὺτοῖς
416 1395 694 1465 λογισμοῖς
733 1397 828 1450 καὶ
873 1397 1054 1464 λόγοις
1089 1399 1180 1452 καὶ
1241 1397 1500 1469 δόγμασιν
1545 1386 1869 1462 ὲμπεδώσας
1904 1387 1998 1438 καὶ
2049 1390 2534 1461 καταρτισάμενος,
2581 1392 2679 1464 τῆς
2719 1394 2818 1462 σῆς
2867 1391 3122 1453 αλοθείας
3167 1391 3260 1444 καὶ
3307 1389 3426 1445 θεο-

198 1487 375 1552 σοφῐας
411 1486 675 1556 μετόχους
717 1485 992 1550 ἀνάδειξον
1023 1490 1104 1551 είς
1129 1490 1254 1553 τοὺς
1280 1487 1501 1549 αἰῶνας.
1521 1481 1736 1566 ,Ἀμεήνο
1764 1474 1900 1546 Περὶ
1927 1477 2140 1544 φύσεως
2158 1480 2502 1553 ἀνθρωπίνης
2532 1484 2686 1553 λόγος
2710 1494 2760 1541 ιό

207 1598 520 1677 “animi:
565 1599 698 1677 ζῶν,
727 1601 1082 1677 ᾴποριἒήψν
1110 1601 1216 1677 τοῦ
1234 1601 1498 1677 μεγᾷλον
1525 1600 1756 1677 Fmro;

249 1669 384 1747 ρίου
410 1669 514 1747 τοῦ
548 1671 1266 1747 989.1630q_é:z_ér-_Hepi
1310 1669 1615 1747 εὐτελείας
1653 1669 1759 1747 re}?

254 1739 425 1803 ἐκτὸς
453 1737 766 1806 ἀγορά»ποῦ
794 1741 890 1791 καὶ
914 1739 1024 1808 τῆς
1043 1739 1162 1794 τῶν
1182 1737 1494 1809 παρόντων
1521 1737 1752 1804 ματαιό-

257 1823 451 1872 τητος,
485 1811 668 1876 λίγος
705 1815 777 1862 ια’
814 1808 948 1878 (5-5).

256 1913 387 1984 Περὶ
417 1915 520 1985 τῆς
554 1917 900 1988 ἀνθρωπίνης
939 1917 1152 1987 φύσεως
1185 1917 1272 1970 διὰ
1299 1915 1408 1969 τῶν
1440 1914 1757 1984 φθασάντων

190 2003 254 2056 τά
285 2004 469 2057 εἰκότα
499 2007 894 2078 φυσιολογήσας
925 2010 954 2062 ὁ
979 2005 1433 2078 φιλοσοφώτατος,
1460 2004 1552 2058 νῦν
1573 2005 1636 2074 δὴ
1660 2005 1756 2068 τὰς

190 2095 574 2166 παρεπομένας
617 2097 755 2168 αὐτῇ
799 2097 1205 2173 ταλαιπωρίας,
1239 2096 1513 2160 εὐτελείας
1555 2113 1615 2149 τε
1662 2096 1757 2148 καὶ

189 2181 508 2250 δυσπαθείας
539 2186 848 2251 εὐτελίζων,
878 2189 982 2242 κάν
1011 2188 1220 2251 τούτοις
1248 2185 1362 2241 ’τῶν
1391 2185 1750 2258 ὐψαυχενούν-

187 2288 289 2325 των
309 2274 370 2325 τὸ
395 2275 623 2346 φύσημα
649 2272 971 2341 συστέλλων,
1003 2277 1148 2332 οὕτω
1177 2279 1276 2340 τὰς
1301 2277 1543 2340 οὐδενίας
1575 2276 1755 2330 αὐτῶν

188 2361 515 2436 ἐπιτραγῳδεῖ
540 2366 711 2435 λέγων
735 2381 751 2396 ο

187 2475 212 2528 1
257 2478 350 2543 Τίς
381 2479 675 2547 πονόμηη
711 2492 804 2544 τις
821 2478 876 2530 δ’
894 2478 1041 2549 ειμί;
1064 2496 1116 2533 κ.
1135 2496 1184 2533 τ.
1203 2480 1253 2534 λ.
1345 2441 1351 2449 .

263 2585 551 2658 Ἐννοήσας
568 2591 596 2639 6
615 2588 1072 2658 διορατικώτατος
1095 2590 1158 2643 τὸ
1190 2591 1442 2661 άείρυτον
1465 2593 1558 2644 καὶ
1585 2591 1750 2660 εὐμε-

184 2675 458 2730 τάπτωτον
485 2681 584 2750 τῆς
613 2681 960 2751 ἀνθρωπίνης
981 2681 1168 2745 οὐσίας
1195 2683 1290 2735 καὶ
1314 2683 1646 2753 εὐρίπιστον,
1663 2681 1750 2734 ναὶ

183 2764 243 2835 δὴ
269 2767 364 2818 καὶ
405 2767 468 2819 τὸ
496 2768 848 2822 ἀκιδνότατον
897 2771 990 2824 καὶ
1033 2771 1426 2842 ἁδρανέστατον
1463 2771 1631 2841 αὐτῆς
1655 2787 1750 2823 τα-

185 2853 430 2921 λανίζων,
461 2857 822 2911 ἀποδυσπετεί
872 2861 963 2913 καὶ
1016 2859 1160 2925 λέγει
1195 2875 1208 2889 ·
1237 2854 1307 2912 Ὠ
1350 2860 1433 2922 τις
1484 2861 1750 2932 ἐγενόμην

182 2944 299 2996 κατ’
331 2946 541 3016 ἀρχάς;
575 2946 657 3010 τίς
685 2947 742 2999 δὲ
773 2947 868 3001 νῦν
890 2950 1044 3018 eiut;
1080 2950 1173 3002 καὶ
1205 2949 1256 3001 τι
1289 2950 1427 3018 μετὰ
1456 2949 1564 3020 [οὐ]
1584 2951 1748 3003 πολὺν

181 3033 368 3105 ἔσομαι
402 3035 620 3106 χρόνον;
658 3036 762 3090 ποῦ
806 3037 862 3090 δὲ
895 3038 1188 3108 καταλήξει
1227 3040 1320 3091 καὶ
1360 3042 1451 3091 ποῖ
1494 3041 1747 3109 στήσεται

186 3140 262 3177 σοι
293 3126 354 3178 τὸ
378 3128 520 3195 μέγα
547 3127 703 3180 τοῦτο
742 3129 986 3199 πλάσμα,
1025 3123 1071 3181 ὦ
1115 3115 1383 3194 Δέσποτα,
1416 3132 1464 3183 εἰ
1511 3130 1618 3200 ἄρα
1654 3130 1747 3183 καὶ

184 3216 322 3284 μέγα
344 3217 492 3269 ζεστίν
518 3235 533 3282 ;
585 3218 740 3287 Ἐμοὶ
771 3219 879 3290 γὰρ
915 3221 1120 3283 δοκεῖν,
1152 3223 1179 3274 6
1208 3221 1525 3284 διδάσκαλός
1555 3238 1745 3291 φησιν,

179 3305 252 3367 ὡς
271 3307 424 3360 οὐδὲν
443 3308 595 3372 ὄντες
628 3310 676 3362 oi
717 3309 1014 3380 ἄνθρωποι,
1055 3312 1232 3382 μάτην
1263 3312 1622 3382 ῶφρυωμένοι
1651 3313 1748 3363 έπ-

180 3397 461 3467 αιρόμεθα,
497 3399 656 3471 εἴπερ
679 3400 837 3455 τοῦτο
870 3402 1031 3472 μόνον
1071 3402 1236 3471 ἐσμὲν
1253 3403 1388 3472 ὅπερ
1410 3403 1608 3473 ’ὁρᾶται
1636 3404 1748 3464 τοῖς

181 3487 410 3552 πολλοῖς,
444 3491 538 3542 καὶ
576 3489 703 3544 ἄλλο
745 3491 902 3544 πλέον
941 3491 1092 3544 οὐδὲν
1122 3491 1225 3560 τῆς
1257 3494 1483 3563 ῥεούσης
1531 3493 1746 3562 ἔχοιμεν

179 3578 270 3629 καὶ
290 3577 652 3650 φθειρομένης
693 3579 857 3651 ζωῆς.

177 3678 387 3745 Πόρτις
416 3681 553 3747 μὲν,
595 3696 651 3732 κ.
681 3696 730 3732 τ.
768 3679 846 3744 ἐξ.

246 3770 346 3820 Διὰ
380 3769 835 3840 παραδειγμάτων
855 3770 1118 3825 πλειόνων
1155 3772 1630 3843 ταλαιπωροτέραν
1651 3770 1745 3842 τὴν

183 3857 321 3928 ζωὴν
362 3857 472 3910 τῶν
509 3857 810 3928 ἀνθρώπων
856 3860 956 3928 τῆς
1004 3859 1112 3913 τῶν
1148 3861 1360 3930 κτηνῶν
1402 3861 1496 3912 καὶ
1543 3859 1747 3931 θηρίων

179 3946 270 3999 καὶ
301 3946 479 4000 αὐτῶν
514 3945 858 4000 ἀποδείκνυσι
902 3948 1147 4018 πτηνῶνο
1181 3949 1326 4016 λέγει
1359 3949 1415 4001 δέ
1439 3965 1455 3978 ο
1487 3944 1577 4010 Ὠς
1597 3950 1626 4002 6
1651 3949 1748 4018 μό-

179 4053 303 4104 σχος
344 4037 444 4105 μὲν
472 4036 570 4106 τὴν
602 4037 842 4106 γαστέρα
884 4039 982 4109 τῆς
1024 4040 1186 4092 αὐτὸν
1221 4041 1483 4108 τεκούσης
1513 4039 1744 4102 διεκδὺς,

177 4121 389 4179 ἅλλεται
425 4128 522 4195 μὲν
565 4127 726 4190 εὐθὺς
753 4129 846 4180 ἐπὶ
884 4128 1012 4198 γῆς,
1046 4129 1136 4181 καὶ
1163 4130 1255 4182 τὸν
1280 4129 1545 4200 γλυκερὸν
1565 4129 1622 4182 δὲ
1650 4130 1746 4200 τῆς

175 4219 514 4286 γεννησάσης
551 4217 753 4286 μαστδν
802 4219 1018 4288 ὲκμυζᾷ
1061 4222 1317 4290 παραυτά
1356 4221 1448 4274 καὶ
1479 4218 1744 4284 ἐκπιέζει,

173 4307 392 4378 τριέτης
414 4307 470 4359 δὲ
495 4307 734 4383 γεγονὼς
767 4309 858 4361 τὸν
883 4310 1044 4377 ζυγὸν
1067 4311 1455 4381 ἀναλαμϐάνει,
1471 4313 1565 4364 καὶ
1583 4312 1746 4383 σκλη-

174 4400 265 4469 ρὸν
287 4381 576 4470 ἇχϐοςκαὶ
608 4401 885 4456 δύσοιστον
915 4403 1374 4472 ἐφελκυσάμενος,
1414 4406 1629 4477 ἁμάξης
1653 4381 1743 4460 τόν

172 4488 377 4558 αὐχένα
419 4485 531 4541 τὸν
565 4488 757 4560 μέγαν,
799 4489 890 4542 τὸν
938 4489 1360 4562 ἐπιϐαλλόμενον
1403 4493 1551 4563 αὐτῷ
1602 4495 1743 4562 λέγω

172 4577 356 4646 ζυγὸν,
385 4577 464 4648 τῷ
481 4579 600 4650 ἰδίῳ
627 4579 795 4632 αὐτοῦ
828 4580 1065 4654 στιδαρῷ
1086 4583 1293 4653 αὐχένι,
1319 4585 1436 4652 ἦτοι
1466 4587 1739 4657 τραχήλῳ,

175 4670 426 4740 συνέμιξε
472 4672 565 4724 καὶ
616 4672 936 4742 συνέδησεν·
970 4673 1064 4725 καὶ
1094 4673 1250 4743 ἁμὲν
1289 4675 1479 4736 οὕτως.
1516 4675 1743 4743 Έλάφου

167 4756 222 4808 δὲ
257 4758 460 4828 μόσχος
489 4760 926 4831 ποικιλόδερμος,
953 4760 1093 4829 ἡνίκ’
1133 4761 1200 4814 ἂν
1239 4763 1338 4833 τῆς
1371 4764 1627 4835 μητρῴας
1649 4765 1741 4830 ἐξ-

168 4848 460 4918 ολισθήσας
487 4851 748 4923 διεκπέσῃ
789 4852 1044 4922 γαστρὸς,
1067 4852 1229 4913 εὐθὺς
1249 4855 1399 4924 παρὰ
1425 4856 1502 4925 τῷ
1531 4857 1630 4926 τῆς
1659 4875 1744 4911 τε-

167 4939 374 5011 κούσης
411 4941 532 4994 ποδὶ
572 4943 661 4994 τὸν
703 4944 832 4998 ἴδιον
878 4945 1013 4998 πόδα
1063 4946 1415 5016 παρατίθησι,
1449 4947 1542 5001 καί
1581 4950 1742 5002 ποθεν

171 5030 486 5109 κυνηγετῶν
514 5032 901 5102 ὐποιρανέντων
924 5035 1118 5088 αὐτίκα
1152 5035 1320 5099 κύνας
1338 5054 1396 5089 τε
1428 5037 1740 5110 ὠμοδόρους

166 5122 263 5174 καὶ
290 5121 495 5192 δρόμον
517 5124 699 5178 ἵππων
725 5125 1004 5180 ὠκύτατον
1025 5127 1142 5196 ἅμα
1167 5128 1334 5198 μητρὶ
1356 5129 1742 5200 διαδιδράσκων

167 5212 196 5263 6
225 5213 480 5279 νεογνὸς,
511 5214 570 5266 ἒν
611 5217 734 5278 ταῖς
764 5216 956 5283 λαγόσι
995 5217 1094 5285 τῆς
1141 5217 1346 5288 λόχμης
1380 5221 1691 5291 κατεκρύδη
1724 5239 1737 5252 ο

169 5306 433 5369 ὡσαύτως
464 5303 522 5358 δὲ
549 5308 642 5360 καὶ
660 5308 894 5378 -ἄρκτοι,
918 5311 1044 5374 σύες
1077 5330 1136 5366 τε
1163 5315 1343 5382 ἄγριοι
1387 5314 1479 5366 καὶ
1507 5314 1738 5377 λέοντες,

173 5397 465 5463 παρδάλεις
491 5399 586 5451 καὶ
615 5399 872 5469 τίγρητες
901 5401 1037 5472 (55).
1070 5404 1290 5473 ἀνέμοις
1321 5407 1386 5474 τῇ
1418 5406 1527 5458 τῶν
1561 5406 1739 5459 ποδῶν

168 5487 437 5553 ταχυτῆτι
480 5489 751 5552 ἐοικότες,
813 5491 950 5561 ὁμοῦ
983 5510 1043 5544 τε
1086 5494 1378 5559 γεννῶνται
1407 5498 1499 5548 καὶ
1539 5496 1736 5550 αὐτίκα

238 5639 358 5705 (et)
394 5641 574 5719 C_arm_.
623 5645 738 5706 λιι.
783 5662 836 5716 p.
873 5648 982 5719 A887,
1015 5649 1104 5704 ed.
1152 5609 1380 5716 Col-on;
1425 5666 1478 5719 p.
1518 5650 1619 5704 946
1649 5653 1736 5707 ed.

163 5708 461 5784 Leuvuemil.
494 5714 581 5768 ed.
626 5729 748 5769 nov.
776 5708 830 5784 ᾖ.
859 5708 982 5772 477.

239 5777 358 5845 (55)
397 5780 682 5851 Τίγρητες.
719 5777 820 5838 Sic
863 5789 1032 5840 codex
1091 5803 1187 5854 pro
1235 5790 1439 5860 τίγρεις
1472 5804 1517 5845 s.
1567 5791 1738 5859 τίγρι-

466 5875 735 5938 Ρηιιοι..
783 5878 902 5938 Gn.
954 5879 1309 5940 XXXVIII.

1859 1590 2280 1673 Commentarius
2315 1598 2641 1676 arca-iterum
2679 1595 3139 1676 ntagniﬂregorii
3175 1594 3428 1676 Theologi

1927 1663 2223 1715 carminum
2253 1677 2272 1715 :
2301 1663 2366 1716 de
2393 1665 2591 1718 vilitate
2623 1663 2898 1720 exterioris
2939 1663 3166 1719 heminis
3195 1677 3244 1718 et
3281 1663 3425 1719 vani-

1928 1739 2034 1783 tate
2060 1733 2420 1797 praecutiunt,
2454 1750 2625 1795 sermo
2657 1732 2758 1787 XI.

1931 1905 2003 1961 De
2033 1907 2268 1962 humana
2292 1917 2490 1963 natura
2523 1923 2620 1979 per
2640 1910 2886 1980 apprime
2917 1924 3082 1980 supra
3107 1909 3250 1976 dicta
3281 1917 3428 1979 post-

1854 2009 2018 2064 quam
2076 1999 2312 2053 studium
2374 1998 2627 2054 adhibuit
2693 2007 2879 2054 noster
2915 1995 3152 2053 eximius
3181 1999 3426 2067 philoso-

1855 2086 2025 2156 phus,
2085 2103 2228 2143 nunc
2286 2089 2661 2144 cousectarias
2695 2089 2968 2152 miserias,
3001 2099 3054 2144 et
3094 2089 3332 2144 vilitates
3369 2097 3422 2145 et

1853 2173 2128 2234 aerumnas
2161 2178 2562 2247 parvipcudcns
2595 2194 2691 2250 per
2729 2181 2841 2234 haec
2877 2180 3310 2249 superbientium
3337 2189 3420 2234 tu-

1855 2280 2062 2320 morem
2095 2268 2357 2332 reiundit,
2398 2270 2813 2338 nullitatemque
2835 2270 3077 2339 ipsorum
3105 2272 3186 2327 sic
3207 2272 3423 2342 empha-

1854 2358 1961 2410 ticu
1990 2358 2261 2426 ἀέριοι-οι,
2286 2358 2477 2414 dicms
2510 2378 2522 2413 :

1855 2467 1879 2518 l
1926 2465 2058 2534 Qui:
2094 2477 2254 2521 nam:
2278 2478 2396 2522 tum
2422 2469 2446 2522 2’
2469 2471 2588 2539 quis
2611 2487 2724 2525 sum
2749 2474 2774 2526 7
2795 2479 2902 2526 etc.

1925 2577 2213 2634 Meditatus
2233 2581 2744 2650 perspicacissimus
2771 2593 2928 2654 poeta
2984 2593 3236 2638 naturam
3299 2599 3420 2654 qua

1853 2684 2068 2740 semper
2099 2674 2298 2727 transit
2320 2673 2536 2728 mobilis
2560 2682 2611 2726 et
2635 2676 2918 2730 lllllialloni
2944 2675 3178 2729 obnoxia
3206 2684 3421 2729 etcerte

1855 2762 1923 2816 de
1952 2763 2126 2832 ipsius
2155 2764 2418 2818 vilissima
2441 2773 2494 2817 et
2524 2766 2858 2820 (lt-bilissima
2880 2779 3029 2821 sorte
3049 2781 3288 2836 gemens,
3312 2783 3424 2821 mo-

1858 2855 1996 2909 leste
2027 2855 2131 2910 fert
2164 2864 2217 2910 et
2243 2856 2376 2910 dicit
2410 2875 2422 2908 :
2457 2856 2500 2909 0
2537 2873 2641 2921 me,
2682 2859 2805 2930 quis
2853 2858 2930 2911 fui
2992 2859 3045 2912 in
3103 2859 3424 2928 principio?

1856 2946 2057 3013 etquis
2090 2960 2236 3000 nunc
2274 2948 2448 3002 sum?
2492 2955 2545 3001 et
2591 2950 2820 3002 multum
2848 2954 2987 3019 post
3037 2957 3250 3019 tempus
3296 2951 3420 3020 quis

1848 3036 1976 3090 ero?
2000 3033 2232 3099 Quando
2254 3051 2382 3090 vero
2429 3038 2667 3092 cessabit
2719 3048 2772 3092 et
2802 3039 2892 3093 ubi
2945 3038 3110 3093 stabit
3144 3040 3242 3093 tibi
3287 3040 3419 3096 illud

1847 3141 2104 3195 magnum
2133 3141 2293 3195 opus.
2323 3125 2672 3181 Dominator?
2710 3127 2759 3180 si
2790 3137 2972 3182 tamen
3004 3143 3256 3198 tuagnum
3307 3137 3414 3182 est.

1846 3215 1963 3272 Meo
1988 3216 2131 3270 enim
2150 3216 2376 3286 judicio.
2401 3217 2476 3270 ait
2501 3217 2779 3286 magister,
2810 3218 2864 3272 in
2891 3233 3089 3273 vanum
3125 3220 3425 3275 insolenter

1847 3307 1971 3359 elati
2002 3307 2095 3378 qui
2123 3307 2256 3361 nihil
2289 3323 2480 3362 sumus
2510 3308 2754 3362 homines
2785 3308 3066 3375 inﬂantur;
3099 3311 3190 3379 qui
3221 3325 3278 3364 re
3307 3311 3423 3379 ipsa

1849 3400 1977 3454 illud
2017 3407 2227 3453 tantum
2273 3413 2466 3454 sumus
2513 3398 2659 3467 quod
2705 3399 2947 3468 plerique
2997 3401 3181 3466 vident
3204 3411 3260 3454 et
3287 3400 3422 3454 nihil

1842 3490 2085 3561 amplius
2122 3491 2176 3543 in
2218 3489 2418 3544 ﬂuente
2450 3499 2506 3544 et
2548 3491 2612 3544 ad
2647 3491 3054 3559 corruptionem
3091 3503 3422 3561 properante

1845 3583 1952 3636 vita
1994 3583 2278 3638 habemus.

1860 3672 2037 3726 Vitula
2063 3674 2297 3742 quidem.
2325 3684 2430 3729 etc.

1916 3761 2020 3817 Per
2054 3765 2212 3832 plura
2257 3765 2504 3835 exempla
2545 3767 2882 3820 miseriorem
2935 3768 3099 3819 vitam
3139 3767 3418 3820 hominum

1845 3869 2006 3920 quam
2070 3857 2437 3925 iumentorum
2503 3866 2556 3911 et
2633 3859 2936 3912 belluarum
2996 3867 3050 3912 et
3118 3852 3453 3913 volucriunr

1845 3945 2095 4012 ipsorum
2139 3946 2400 4000 ostendit.
2463 3944 2606 4015 Dicit
2648 3959 2662 3995 :
2697 3946 2919 4004 Vitulus
2956 3935 3174 4016 quidem
3224 3965 3253 4003 e
3299 3967 3419 4004 ma-

1845 4035 1947 4086 tris
1987 4043 2144 4089 utero
2189 4035 2482 4104 prodiens,
2535 4040 2784 4107 protinus
2835 4054 3000 4109 super
3049 4050 3245 4094 terram
3294 4043 3418 4095 salit

1843 4132 1897 4177 et
1947 4126 2320 4181 delectabilem
2363 4130 2555 4197 matris
2606 4145 2896 4205 mammam
2945 4133 3127 4186 statim
3180 4133 3323 4204 sugit
3369 4146 3420 4188 et

1850 4226 2102 4284 pressat;
2156 4219 2390 4273 triennis
2431 4233 2560 4272 vero
2613 4219 2819 4283 factus,
2866 4221 3056 4290 jugum
3119 4223 3315 4292 accipit
3366 4232 3420 4279 et

1849 4309 2046 4360 durum
2074 4323 2215 4362 onus
2257 4317 2312 4363 et
2359 4309 2587 4364 arduum
2633 4312 2889 4373 trahens,
2933 4328 3128 4366 currus
3164 4327 3416 4384 maguum

1850 4401 2147 4462 timenem,
2209 4401 2616 4470 superpositum
2674 4401 2799 4453 dico
2838 4403 3027 4471 jugum
3091 4403 3218 4456 forti
3279 4405 3418 4459 collo

1847 4501 1950 4541 suo
2001 4495 2095 4541 aut
2139 4491 2304 4557 capiti
2348 4488 2531 4558 junxit
2567 4499 2623 4544 et
2659 4483 2972 4560 colligatum
3040 4492 3227 4546 habuit
3276 4511 3288 4547 :
3336 4496 3419 4548 sic

1846 4576 1971 4630 iste.
2017 4575 2285 4631 Hinnulus
2328 4586 2508 4632 autem
2556 4581 2783 4633 maculis
2834 4579 3123 4634 distinctus
3177 4596 3300 4634 cum
3349 4599 3416 4637 ex

1846 4677 2003 4722 utero
2075 4670 2265 4724 matris
2336 4671 2570 4739 prodiit,
2640 4673 2823 4728 statim
2897 4673 3054 4740 juxta
3133 4675 3417 4743 genitricis

1847 4759 2036 4827 pedem
2073 4774 2232 4814 suum
2266 4761 2766 4832 constituit,etjam
2800 4764 3189 4834 apparentibus
3253 4781 3416 4820 vena-

1847 4847 2094 4911 toribus,
2137 4849 2387 4918 protinus
2418 4865 2583 4905 canes
2622 4851 2834 4906 feroces
2860 4862 2915 4906 et
2955 4868 3220 4923 equorum
3251 4869 3414 4924 quam

1847 4939 2082 4994 maxime
2133 4943 2438 5009 pernicium
2493 4957 2714 4995 cursum
2766 4957 2876 4996 una
2918 4960 3041 4997 cum
3092 4955 3264 5000 matre
3329 4949 3409 5000 vi-

1845 5042 1990 5094 tans.
2031 5048 2225 5088 recens
2251 5044 2412 5088 natus
2440 5035 2494 5088 in
2519 5035 2750 5090 saltibus
2777 5037 2965 5106 opacis
2993 5051 3116 5091 sese
3145 5039 3404 5091 occultat.

1845 5121 2112 5179 Similiter
2133 5133 2187 5177 et
2221 5126 2358 5188 ursi,
2388 5133 2442 5178 et
2469 5125 2585 5194 apri
2613 5135 2666 5178 et
2692 5125 2898 5190 leones,
2935 5127 3210 5194 panthera!
3252 5136 3307 5181 et
3338 5129 3406 5181 ti-

1843 5229 1966 5283 gres
1993 5217 2169 5269 ventis
2223 5231 2332 5284 prie
2387 5216 2583 5284 pedum
2628 5216 2918 5271 velocitate
2966 5219 3407 5286 :equiparabtles,

1845 5307 1932 5359 ubi
1984 5306 2222 5375 primqu
2264 5314 2588 5368 nascuntur,
2643 5307 2728 5358 vix
2782 5305 2985 5361 ferrum
3038 5309 3310 5371 vitici-unt,
3357 5321 3412 5365 ct
3519 5314 3522 5318 “

1841 5396 2025 5450 statim
2057 5398 2232 5466 rigent
2257 5399 2442 5451 crines
2468 5405 2522 5451 ct
2556 5405 2671 5450 toto
2724 5398 2864 5451 collo
2903 5398 3067 5465 jubte.
3115 5407 3169 5451 et
3225 5401 3409 5454 subito

1844 5487 1898 5538 in
1930 5501 2026 5539 eos
2059 5489 2148 5554 qui
2175 5487 2371 5540 venari
2403 5488 2674 5551 volehaut,
2715 5497 2902 5542 ruunt.
2942 5488 3006 5540 Et
3056 5489 3146 5543 isti
3191 5490 3408 5560 quidem

1841 5649 1948 5711 δες,
1973 5658 2180 5723 contra
2203 5665 2359 5702 usum
2391 5651 2590 5723 lingua:
2635 5661 2692 5723 et
2725 5660 2987 5723 prtecepta
3021 5656 3402 5723 grammatico-

1845 5735 2004 5788 rym;
2042 5736 2091 5771 v.
2138 5719 2368 5788 Elymot.
2405 5720 2638 5775 Gutlian.
2679 5719 2812 5781 528'.
2861 5721 2930 5773 29
2959 5719 3304 5783 et‘Chcereb.
3336 5726 3408 5780 ad

1846 5787 2100 5844 Theodos.
2131 5790 2182 5842 in
2212 5787 2444 5844 'Beiikcri
2479 5791 2672 5846 Anccd.
2708 5810 2760 5862 ιι.
2792 5793 2949 5848 Ηὶὶὸ.

3095 5890 3170 5949 Ωδ
