4010 6298
526 350 625 406 747

529 466 607 521 sic
654 465 722 519 ab
766 463 994 518 infantia
1051 463 1106 517 in
1168 461 1426 518 robustos
1500 472 1792 520 venatores
1855 465 2090 518 irruunt.

1868 344 2162 402 NICETAS
2235 344 2444 400 DAVID

3681 340 3792 400 ἠδ

2202 463 2299 535 τὴν
2316 462 2533 540 ἔθειραν
2556 461 2648 514 καὶ
2673 462 2764 515 τοῦ
2789 459 3060 532 τραχήλου
3087 459 3188 531 τὴν
3206 459 3419 530 λοφιάν,
3438 457 3597 530 εἴπερ
3625 458 3796 512 ἴδοιεν

525 553 762 622 σίδηρον,
797 553 1106 623 φρίξαντες,
1140 554 1278 607 κατά
1309 553 1418 608 τῶν
1439 553 1692 626 θηρεύειν
1711 554 2002 625 ἐφρμῶσι
2027 553 2454 625 βεϐουλημένων·
2486 553 2583 605 καὶ
2611 554 2660 604 οἱ
2693 553 2790 622 μὲν
2812 551 2954 605 οὕτω
2983 550 3241 621 νηπιόθεν
3266 552 3360 604 ἐπὶ
3387 552 3512 614 τοὺς
3535 549 3798 620 ἰσχυροὺς

523 647 842 722 ἐφάλλονται
863 647 1121 716 θηρατάς.

525 742 595 796 19
632 741 760 793 Avis
790 741 1016 808 primunt
1046 741 1334 811 implumt'a,
1364 751 1469 796 etc.

599 827 704 883 Sed
734 830 866 898 quid
891 830 1254 884 avesinonne
1281 841 1336 885 et
1362 830 1440 884 illi
1469 831 1641 886 multo
1665 830 1965 886 faciliorem
1991 843 2108 883 ma-

525 921 721 990 gisque
765 920 1026 974 aerumnis
1070 921 1380 990 expeditam
1423 936 1588 991 quam
1633 922 1884 977 homines
1926 919 2106 976 sortiti

527 1020 657 1064 sunt
692 1010 901 1063 vitam?
926 1009 1174 1080 Namque
1201 1011 1388 1065 statim
1419 1026 1483 1066 ac
1516 1027 1618 1066 ova
1666 1012 1951 1082 fregerunt
2004 1010 2108 1064 im-

527 1101 764 1172 plumea,
789 1107 915 1170 post
940 1109 1154 1169 tempus
1201 1116 1310 1155 non
1343 1102 1564 1173 longum
1610 1103 1728 1158 alas
1774 1101 2009 1157 induunt
2051 1107 2108 1154 et

528 1178 763 1245 multum
795 1192 849 1244 in
879 1192 1050 1245 altum
1089 1206 1118 1243 a
1154 1192 1436 1248 mansione
1461 1194 1864 1248 aera~volitant.
1893 1191 1959 1244 Et
1987 1192 2106 1260 ipsa

530 1279 672 1334 ﬂava
723 1281 1002 1334 celebrata
1038 1281 1156 1350 apis
1193 1290 1402 1350 petram
1432 1283 1485 1336 in
1516 1298 1623 1353 qua
1659 1283 1913 1356 manebat
1940 1283 2108 1337 relin-

526 1372 649 1439 quit
679 1380 734 1425 et
773 1371 827 1424 in
853 1385 978 1426 aere
1007 1371 1150 1426 inter
1183 1371 1346 1428 ﬂores
1378 1373 1786 1428 circumvolitat
1806 1374 1948 1445 agri,
1989 1372 2108 1427 ido-

527 1475 630 1515 nea
665 1461 875 1532 colligit
903 1461 1235 1532 domumque
1281 1463 1388 1517 sibi
1419 1464 1888 1519 accommodatam
1923 1472 2104 1534 parat,

527 1561 584 1607 et
649 1553 969 1622 liexagonos
1012 1554 1256 1609 alveolos
1312 1554 1575 1608 ineffabili
1630 1555 1906 1625 sapientia
1961 1556 2108 1612 ceris

527 1651 746 1712 coaptat
774 1653 827 1699 et
867 1655 1230 1716 coagmentat,
1273 1647 1605 1700 suavissimo
1650 1646 1836 1701 fructu
1881 1649 2106 1701 domum

527 1749 683 1789 suam
727 1735 978 1805 impletis.
1028 1734 1238 1790 Cuncta
1260 1737 1394 1802 haec,
1421 1738 1623 1807 inquit,
1651 1738 1814 1793 unius
1849 1746 1933 1792 est
1963 1741 2108 1792 veris

527 1840 686 1894 opus.
720 1824 784 1877 Et
813 1825 1068 1879 omnibus
1108 1824 1482 1880 animantibus
1519 1825 1662 1879 ultro
1697 1826 1965 1895 producta
1990 1827 2110 1880 sine

529 1916 716 1969 labore
746 1930 776 1967 a
807 1925 951 1968 terra
981 1923 1034 1968 et
1065 1915 1353 1970 abundans
1389 1915 1621 1970 offertur
1653 1932 1780 1971 esca
1819 1934 1832 1970 :
1881 1932 1983 1970 nec
2027 1917 2110 1969 ul-

528 2017 611 2059 tra
647 2007 817 2059 maria
846 2007 1121 2060 lassantnr
1162 2007 1265 2060 iter
1306 2005 1574 2062 facientes
1627 2022 1880 2086 escarum
1925 2008 2102 2077 gratia

527 2099 740 2162 bellum,
778 2100 922 2152 sicut
946 2099 1214 2162 homines,
1260 2113 1360 2152 nec
1390 2107 1594 2153 terram
1627 2101 1842 2162 colunt,
1875 2101 1975 2153 Ifec
2016 2099 2101 2168 ip-

527 2192 606 2243 sis
638 2199 766 2244 sunt
805 2189 1043 2258 praafecti
1082 2205 1113 2242 a
1136 2191 1303 2253 victu,
1333 2204 1489 2246 escas
1527 2198 1968 2260 transportantes
2010 2196 2104 2242 aut

527 2289 846 2345 servantes,
883 2297 981 2334 nec
1034 2282 1310 2350 pincerna:
1348 2282 1572 2352 scyphis
1603 2297 1814 2336 mermn
1863 2282 2104 2336 miscen-

527 2381 610 2425 tes
649 2389 660 2423 :
693 2371 776 2422 ala
812 2387 918 2440 qua
952 2371 1038 2423 hic
1066 2372 1211 2424 volat
1241 2372 1380 2447 avis,
1411 2374 1751 2444 aptum,sine
1787 2373 1974 2427 labore
2007 2388 2103 2427 su-

529 2458 1028 2529 perabundantrm,
1094 2468 1148 2514 et
1207 2461 1459 2515 idoneum
1515 2461 1674 2515 aﬂ‘ert
1722 2462 1929 2515 cibum.
1999 2459 2102 2515 Sed

526 2557 582 2602 ct
643 2548 822 2618 quoad
884 2549 1094 2604 belluas
1154 2550 1336 2618 ipsas,
1389 2552 1664 2620 sylvarum
1735 2567 1989 2606 recessus
2052 2563 2107 2606 et

531 2641 801 2694 montium
840 2640 1011 2695 latera
1067 2651 1122 2696 et
1147 2642 1366 2696 dumeta
1391 2643 1773 2710 quotidianum
1825 2645 2103 2714 paululum

531 2732 804 2793 laboranti
850 2747 915 2786 us
968 2733 1210 2801 pmbent
1249 2733 1492 2800 victum;
1533 2735 1726 2787 dicunt
1787 2743 1842 2788 et
1887 2737 2102 2788 leonem

528 2821 624 2891 qui
653 2836 907 2891 magna.)
943 2821 1112 2874 feram
1140 2823 1288 2877 illico
1314 2824 1546 2887 voravit,
1579 2829 1623 2898 si
1659 2824 1793 2893 quid
1835 2824 1974 2877 forte
2019 2841 2106 2879 re-

533 2913 800 2965 manserit
838 2913 893 2966 in
941 2921 1242 2980 posterum,
1286 2914 1594 2969 hesternam
1640 2915 1977 2970 manducare
2013 2918 2107 2969 de-

531 3006 777 3075 dignari;
811 3007 1138 3075 quandoque
1173 3010 1229 3061 lit
1256 3019 1313 3062 ut
1351 3011 1589 3077 reposita
1615 3010 1684 3063 ab
1722 3010 1987 3064 anteriori
2019 3010 2106 3064 die

532 3101 804 3153 voraciter
829 3100 1119 3155 manducet
1146 3110 1198 3154 et
1237 3104 1390 3157 avide
1435 3113 1619 3172 potum
1655 3105 1894 3170 hauriat,
1920 3107 2100 3158 ventri

533 3192 612 3246 sic
663 3193 1073 3261 temperantiam
1120 3193 1369 3248 aﬂ‘erens.
1409 3194 1522 3248 lmo
1568 3196 1748 3251 minus
1795 3211 2105 3250 aerumnosa

533 3295 616 3338 est
658 3299 758 3352 pro
801 3285 1171 3339 animantibus
1227 3285 1338 3337 vita
1407 3301 1571 3355 quam
1629 3303 1730 3357 pro
1772 3283 2107 3343 hominibus,

533 3376 678 3444 quod
720 3375 855 3442 ipsis
880 3389 1094 3442 semper
1123 3375 1188 3428 ad
1219 3374 1435 3427 libitum
1473 3386 1527 3428 et
1558 3376 1610 3427 in
1636 3375 1816 3428 vicino
1873 3385 1955 3428 est
2012 3375 2110 3428 do-

534 3481 656 3519 mns
685 3466 801 3519 sive
843 3479 1005 3532 rupes
1053 3465 1168 3518 sive
1219 3480 1424 3526 ramus,
1472 3474 1525 3518 et
1579 3466 1801 3535 quidem
1855 3467 2012 3521 bonae
2056 3476 2110 3521 et

534 3572 702 3621 sanat,
735 3557 924 3611 solidae
949 3564 1002 3608 et
1035 3564 1185 3615 tutae.
1215 3557 1456 3625 pulchrae
1506 3565 1561 3610 et
1601 3558 1862 3626 jucunda:
1909 3560 2110 3614 domus

535 3658 694 3715 sunt;
735 3663 858 3701 cum
884 3655 1061 3700 autem
1096 3647 1234 3700 forte
1262 3651 1487 3702 morbus
1529 3651 1811 3718 opprimit,
1856 3652 2110 3705 indelleta

538 3740 746 3809 placide
789 3738 1084 3793 decedunt.
1129 3739 1247 3792 Non
1286 3742 1428 3794 enim
1460 3742 1552 3793 alii
1585 3743 1733 3796 circa
1782 3745 2112 3800 alios_stan-

538 3843 616 3886 tes
634 3831 956 3899 lacrymosis
971 3836 1023 3881 et
1043 3829 1290 3885 tristibus
1305 3833 1644 3885 carminibus
1663 3832 1869 3896 dolent,
1885 3850 1989 3888 non
2009 3850 2112 3888 ca:-

536 3922 759 3984 sariem,
787 3923 927 3976 sicut
951 3934 1069 3974 mos
1091 3930 1176 3974 est
1204 3922 1540 3994 hominibus,
1566 3937 1786 3994 propter
1809 3929 2110 3981 amicorum

537 4021 768 4067 mortem
811 4011 1062 4074 tendent,
1098 4020 1150 4064 et
1186 4013 1330 4080 quod
1367 3993 1597 4082 exprimi
1634 3993 1720 4069 vix
1757 4027 1955 4085 potest.
1993 4021 2111 4072 sine

535 4105 896 4176 trepidatione
935 4113 988 4157 et
1037 4104 1242 4171 absque
1280 4117 1422 4159 metu
1468 4121 1498 4159 e
1547 4107 1655 4160 vita
1700 4108 1970 4162 decedunt
2007 4112 2111 4163 bel-

536 4197 656 4252 lnaa.
679 4193 1068 4262 nullasjudicii
1097 4203 1189 4246 aut
1217 4211 1499 4262 pennarum
1528 4196 1884 4252 formidantes
1911 4202 2108 4255 minas.

2245 739 2279 794 9
2320 738 2486 806 Ἀρτι
2520 736 2589 791 δὲ
2617 738 2875 804 ἄπτερος
2905 736 3090 805 ὄρνις,
3127 752 3181 788 κ.
3211 752 3260 789 τ.
3297 735 3348 790 λ.

2279 828 2346 881 Τί
2373 828 2462 882 δαὶ
2494 828 2542 880 οἱ
2581 827 2826 900 δρνιθεςς
2867 823 2956 898 ἆρ’
2991 827 3050 880 οὐ
3093 826 3275 897 πο).λῷ
3298 827 3392 880 καὶ
3421 821 3565 881 οὗτοι
3596 844 3799 895 κουφο-

2207 919 2372 991 τέραν
2399 919 2506 972 τῶν
2526 919 2624 973 ἀνθ
2634 920 2828 990 ρώπων
2846 920 2940 972 καὶ
2954 918 3325 989 ἀμοχθοτέραν
3347 917 3594 988 εἰλήχασι
3612 918 3795 989 ζωήν;

2209 1014 2273 1064 Οἱ
2307 1012 2414 1082 γάρ
2439 1013 2563 1081 ἀρτι
2590 1010 2699 1064 τῶν
2730 1010 2852 1064 ώῶν
2896 1010 3226 1079 ἐκραγέντες
3267 1009 3495 1080 ἄπτεροι
3516 1009 3610 1071 ,ού
3654 1009 3801 1078 μετά

2209 1104 2345 1158 πολὺ
2389 1102 2823 1174 πτεροφυοῦντες
2855 1104 3070 1173 χρόνον,
3104 1102 3245 1155 κατὰ
3295 1101 3430 1154 πολὺ
3467 1101 3568 1170 τῆς
3615 1099 3802 1163 οίκίας

2208 1193 2414 1266 ὕπερθε
2462 1193 2554 1247 τὸν
2591 1193 2731 1264 ἀέρα
2776 1193 3126 1247 διαπέτανται
3151 1210 3164 1224 ·
3191 1193 3284 1246 καὶ
3306 1191 3444 1261 αὐτὴ
3478 1192 3535 1244 δὲ
3566 1194 3598 1261 ἡ
3628 1190 3803 1262 ξουθὴ

2209 1281 2643 1354 ἐπωνομασμένη
2692 1282 2942 1353 μέλισσα,
2971 1283 3033 1336 τὸ
3061 1283 3354 1355 πετρίδιον,
3378 1285 3436 1334 ἐν
3465 1275 3510 1349 ᾧ
3550 1283 3800 1352 μεμενή-

2209 1373 2742 1436 κει,καταλείπουσα
2770 1373 2906 1443 (56),
2925 1374 3020 1427 καὶ
3051 1376 3108 1426 ἐν
3137 1369 3233 1444 ἦρι
3253 1373 3321 1426 ιιά
3347 1373 3482 1442 ἀνθη
3507 1388 3804 1442 περιιπτα-

2212 1463 2350 1534 μένη
2407 1461 2500 1535 τού
2551 1461 2725 1534 ἀγροῦ
2762 1463 2857 1516 καὶ
2905 1465 2971 1516 τὰ
3025 1464 3307 1533 ἐπιτήδεια
3359 1462 3612 1523 συλῶσα,
3644 1457 3804 1514 οἷκον

2210 1552 2486 1606 ἀντίθετον
2524 1555 2691 1624 ἑαυτῇ
2727 1555 3160 1619 κατασκευάζει,
3201 1555 3296 1607 καὶ
3343 1554 3444 1615 τάς
3488 1552 3806 1620 ἐξαγώνους

2211 1643 2478 1715 σύριγγας
2508 1647 2566 1697 ὲν
2597 1646 2760 1716 σοφίᾳ
2789 1646 3013 1717 ἀρρήτῳ
3035 1649 3147 1709 τοῖς
3163 1647 3375 1716 κηρίοις
3399 1646 3805 1714 συνυφαίνουσα

2209 1735 2305 1787 καὶ
2364 1735 2838 1805 συμπηγνύουσα,
2874 1735 3213 1803 γλυκυτάτου
3273 1736 3364 1789 τὸν
3416 1737 3588 1805 αὐτῆς
3633 1736 3804 1804 δόμον

2210 1826 2562 1896 ἐμπίμπλησι
2589 1826 2704 1896 (57)
2736 1827 2950 1899 καρποῦ
2970 1828 3172 1881 ’ταῦτα
3191 1828 3246 1880 δέ
3275 1846 3407 1898 φησι
3436 1831 3610 1882 πάντα
3637 1827 3807 1897 ἔαρος

2210 1917 2328 1981 ἐνὸς
2376 1919 2532 1990 ἔργα.
2571 1919 2682 1971 Καὶ
2735 1922 2870 1973 πᾶσι
2916 1920 2971 1972 δὲ
3020 1919 3179 1983 ζώοις
3211 1922 3494 1992 αὐτομάτη
3540 1923 3631 1975 καὶ
3656 1922 3805 1990 ἀμοο

2213 2010 2340 2078 χθος
2383 2011 2492 2062 ἀπὸ
2524 2011 2624 2080 τῆς
2674 2011 2780 2078 γῆς
2821 2013 2913 2064 καὶ
2958 2011 3184 2081 δαψιλὴς
3218 2014 3551 2084 παρίσταται
3584 2012 3762 2082 τροφή
3785 2026 3800 2041 '

2213 2102 2309 2153 καὶ
2361 2103 2424 2154 ού
2463 2102 2805 2164 διαποντίους
2859 2103 3169 2173 ἀποδημίας
3227 2104 3481 2156 πονοῦσιν
3527 2106 3577 2156 οἱ
3635 2103 3806 2172 θῆρες

2211 2191 2421 2260 τροφῆς
2449 2192 2608 2263 χάριν
2646 2192 2898 2263 καθάπερ
2940 2193 3236 2265 ἄνθρωποι,
3271 2194 3332 2246 ού
3366 2192 3672 2264 γεωργοῦσι
3699 2193 3806 2261 τὴν

2213 2280 2337 2349 γῆν,
2372 2281 2435 2331 οὐ
2477 2280 2674 2350 ταμίαι
2715 2281 2861 2334 σίτου
2903 2281 3087 2344 αὐτοῖς
3119 2283 3213 2334 καὶ
3258 2282 3482 2335 σιτῶναι
3517 2283 3610 2335 καὶ
3652 2298 3807 2335 σιτα-

2213 2369 2404 2435 γωγοὶ.
2445 2368 2545 2420 οὐκ
2575 2369 2801 2438 οἰνοχόοι
2841 2369 3128 2434 κυπέλλοις
3174 2371 3264 2424 τὸν
3292 2367 3434 2424 οἶνον
3462 2372 3760 2440 ἐγκιρνῶσι
3785 2385 3800 2398 ⁸

2213 2461 2308 2512 καὶ
2339 2461 2536 2531 πτερὸν
2583 2459 2640 2512 δὲ
2685 2461 2776 2512 τὸν
2817 2460 2968 2531 δρνιν
3022 2455 3125 2514 ὧδε
3159 2464 3321 2529 κακεῖ
3369 2462 3808 2532 περιπετόμενον

2213 2551 2311 2620 τὴν
2339 2551 2596 2621 ἁρμόδιον
2625 2547 2850 2615 ἀπόνως
2869 2553 3305 2623 προσεπορίσατο
3339 2552 3416 2622 τῷ
3450 2552 3634 2624 πτηνῷ
3660 2552 3807 2622 βρῶ-

2218 2657 2321 2693 σιν.
2353 2640 2517 2694 Ἀλλά
2550 2643 2644 2695 καὶ
2678 2644 2803 2705 τοὺς
2847 2643 3019 2712 θῆρας
3061 2643 3258 2706 αὐτοὺς
3293 2645 3349 2695 αἱ
3376 2643 3573 2713 λόχμαι
3609 2645 3699 2697 καὶ
3731 2643 3808 2696 τὰ

2213 2732 2321 2783 τῶν
2346 2732 2490 2803 ὀρῶν
2521 2733 2676 2786 κοῖλα
2713 2733 2808 2786 καὶ
2840 2733 3002 2787 λάσια
3033 2735 3132 2804 τὴν
3164 2736 3465 2804 ἡμερήσιον
3493 2736 3666 2806 μικρά
3700 2753 3807 2788 που

2214 2823 2542 2892 νησαμένοις
2593 2823 2892 2894 παρέχεται
2927 2824 3156 2892 τροφήν.
3188 2824 3326 2876 Φασὶ
3362 2824 3420 2877 δὲ
3457 2826 3550 2877 καὶ
3583 2824 3818 2883 λέοντα,.

2214 2913 2304 2965 τὸν
2345 2913 2518 2983 μέγαν
2549 2913 2714 2982 θῆρα,
2739 2914 2798 2966 ὃν
2829 2915 3157 2984 προσφάτως
3188 2914 3636 2985 κατεθοινήσατο,
3669 2915 3724 2964 εί
3750 2914 3807 2965 τί

2217 3022 2347 3058 ποτε
2377 3005 2568 3058 τούτου
2608 3005 2858 3074 λείψανον
2887 3009 2966 3069 εἰς
3003 3007 3103 3076 τὴν
3145 3005 3272 3076 ἑξῆς
3304 3005 3808 3075 ὑπολειφθείη,ἐω-

2216 3097 2306 3148 λον
2335 3096 2608 3165 ἐμφαγεῖν
2644 3095 2717 3166 μὴ
2750 3096 3172 3166 καταδέχεσθαι·
3205 3096 3320 3150 ἐστι
3360 3097 3405 3148 δ’
3440 3097 3528 3148 ὅτε
3554 3099 3647 3149 καὶ
3670 3098 3809 3148 ἐτε-

2218 3190 2455 3258 ρήμερον
2486 3188 2703 3249 ἐσθίων,
2735 3188 2972 3259 βριαρῶς
2995 3189 3091 3242 καὶ
3126 3189 3344 3258 λάϐρως
3375 3187 3454 3256 τῷ
3485 3189 3635 3257 ποτῴ
3667 3189 3806 3260 χρῆ·

2213 3297 2324 3343 ται,
2360 3281 2534 3350 μέτρα
2563 3279 2608 3331 δ’
2632 3275 2726 3332 οὖν
2757 3281 2908 3350 ὅμως
2939 3280 3219 3332 ἐπιϐάλλει
3246 3284 3311 3351 τῇ
3344 3280 3545 3350 γαστρί
3574 3297 3588 3308 ι
3616 3279 3809 3332 τοσοῦ-

2215 3386 2305 3422 τον
2339 3371 2396 3422 δὲ
2437 3373 2547 3432 τοῖς
2578 3370 2759 3433 ἀλλοις
2801 3370 2961 3434 ζώοις
2997 3371 3338 3441 ἀπονώτερος
3371 3373 3399 3423 ὁ
3421 3371 3536 3440 βίος
3569 3372 3661 3424 τοῦ
3694 3372 3806 3424 τῶν

2214 3461 2521 3534 ἀνθρώπων
2568 3462 2742 3525 πέλει,
2779 3463 2922 3515 καθ’·
2950 3464 3074 3517 ὅσον
3129 3463 3224 3516 καὶ
3261 3458 3410 3527 οἶκος
3452 3465 3682 3527 ἐκείνοις
3721 3467 3808 3519 ἀεὶ

2216 3553 2424 3621 σχέδιος
2456 3555 2550 3605 καὶ
2597 3553 2971 3623 αὐτόματοςῆ
3015 3554 3188 3623 πέτρα
3229 3555 3260 3622 ἢ
3295 3554 3554 3617 κλαὸέων,
3581 3557 3674 3608 καὶ
3708 3559 3809 3608 αὐ-

2213 3645 2297 3696 τοὶ
2349 3647 2615 3714 ἀτρεμεῖς
2664 3645 2756 3696 καὶ
2800 3645 2973 3712 ὑγιεῖς
2999 3685 3014 3706 ,
3043 3648 3302 3716 κρατεροὶ
3341 3647 3436 3698 καὶ
3489 3647 3803 3713 εὑσθενείς,

2216 3737 2566 3808 περικαλλεῖς
2615 3739 2708 3789 καὶ
2756 3737 2981 3798 εὐειδεῖς
3010 3753 3023 3766 ’
3055 3738 3183 3789 ὅταν
3223 3739 3280 3789 δέ
3326 3756 3454 3789 ποτε
3512 3741 3606 3792 καὶ⁵
3649 3742 3806 3803 νόσος

2217 3827 2588 3899 κατακάμψῃ,
2620 3827 2912 3898 ἀθρήνητοι
2967 3824 3296 3890 ἐξέπνευσαν
3354 3831 3553 3899 ἡσυχῆ,
3606 3831 3806 3883 οῡκουν

2217 3919 2376 3981 ἀλλος
2419 3919 2637 3972 ἄλλοθεν
2677 3919 3092 3991 περιιστάμενοι
3137 3919 3361 3984 τούτους
3393 3922 3674 3991 πενθίμοις
3709 3926 3805 3976 καὶ

2217 4011 2430 4080 γοεροῖς
2480 4010 2695 4079 μέλεσιν
2744 4009 3200 4081 ἀπολοφύρονται,
3240 4012 3302 4063 οὐ
3353 4012 3686 4082 πλοκάμους,
3730 4016 3804 4077 ὡς

2219 4099 2530 4173 ἀνθρώποις
2561 4098 2700 4161 ἔθος,
2731 4098 2823 4150 ἐπί
2852 4102 2916 4168 τῇ
2949 4098 3058 4150 τῶν
3097 4099 3266 4166 φίλων
3298 4101 3680 4170 ἀποκείρονται
3714 4119 3803 4154 τε-

2219 4193 2382 4262 λευτῇ
2415 4207 2430 4221 ο
2463 4190 2556 4242 καὶ
2585 4189 2646 4240 τὸ
2685 4187 2793 4240 τῶν
2839 4189 3148 4258 εἰρημένων
3200 4191 3382 4258 μεῖζον
3417 4192 3498 4242 ὅτι
3545 4191 3803 4262 ἀταρϐεῖς

535 4287 782 4341 ἐντεῦθεν
832 4289 879 4338 οἱ
933 4286 1096 4356 θῆρες
1146 4288 1238 4337 καὶ
1284 4288 1473 4355 ἄφοϐοι
1519 4289 1617 4357 τὴν
1655 4291 1773 4342 κατ’
1829 4291 2024 4353 αὐτοὺς
2071 4289 2429 4344 ὑπεκδύνουσι
2481 4280 2648 4351 ζωὴν,
2699 4276 2958 4346 οὐδεμίαν
3008 4277 3244 4347 κρίσεως
3296 4279 3328 4348 ἢ
3376 4279 3651 4342 κολάσεως
3695 4283 3802 4338 ὑπ-

531 4384 848 4444 οπτεύοντες
885 4381 1134 4450 ἀπειλήν.

531 4477 593 4530 41
633 4476 839 4543 Inspice
876 4474 1146 4526 hominum
1183 4471 1433 4522 miserum
1468 4483 1648 4536 genus,
1689 4477 1794 4522 etc.

603 4564 762 4624 Cum,
800 4563 998 4632 inquit,
1028 4561 1157 4615 dicti
1189 4561 1241 4613 in
1283 4558 1698 4611 irrationalibus
1728 4559 2106 4613 animantibus

532 4655 956 4724 conspiciuntur,
979 4665 1180 4713 mores,
1223 4648 1491 4716 reliquum
1519 4647 1980 4700 considerandum
1999 4657 2104 4709 est,

530 4754 580 4801 et
638 4743 860 4811 quantis
922 4736 1604 4809 deploranda‘hominum
1657 4735 1829 4806 ﬁgura
1880 4739 2108 4791 excrci—

531 4847 677 4890 tatur
707 4833 886 4893 malis,
930 4831 1004 4883 ita
1034 4838 1093 4883 ut
1123 4830 1238 4898 ipse
1263 4836 1389 4882 ante
1433 4834 1795 4896 conspectum
1837 4830 2105 4884 creatoris

531 4937 800 4994 apparens
853 4920 1008 4973 dicas
1064 4919 1199 4972 nihil
1248 4917 1506 4976 debilius,
1534 4917 1672 4970 nihil
1724 4919 2104 4973 miserabilius

531 5016 677 5068 alere
695 5023 894 5066 terram
924 5026 1085 5080 quam
1101 5009 1392 5063 hominem.
1422 5007 1602 5060 Prima
1620 5024 1749 5078 ergo
1767 5009 1992 5064 vilitatis
2008 5012 2105 5064 de-

531 5106 857 5158 monstratio
890 5103 1032 5171 quod
1059 5086 1112 5154 in
1154 5100 1423 5170 principio
1451 5101 1833 5169 coagulatione
1872 5117 2106 5170 concep-

533 5198 700 5251 tionis
737 5196 1130 5262 ﬁt,multisque
1151 5192 1435 5246 doloribus
1454 5191 1774 5258 subjacente
1799 5195 2105 5262 parturitnr

532 5300 581 5344 et
603 5288 844 5343 nutritur
867 5302 894 5339 a
934 5293 1108 5339 matre
1134 5282 1361 5350 ;deinde
1387 5283 1645 5336 lactatum
1673 5299 1835 5351 super
1864 5284 2104 5338 brachiis

531 5391 752 5454 gestans
781 5386 954 5432 mater
975 5377 1334 5431 circumducit
1367 5377 1509 5429 sicut
1541 5374 1688 5428 dulci
1731 5375 1882 5429 oneri
1920 5375 2103 5428 adlue-

532 5490 680 5544 reus_
702 5469 931 5535 infanti;
968 5467 1160 5521 moxin
1185 5475 1358 5520 strato
1392 5468 1599 5536 positus
1628 5467 1916 5536 supplodo,
1951 5468 2106 5535 vagio

531 5562 817 5616 doloribus
837 5573 1079 5628 pressus;
1099 5556 1221 5611 inde
1237 5555 1653 5626 quadrupedum
1673 5571 1824 5610 more
1844 5558 2099 5613 manibus

605 5709 714 5777 (56)
755 5706 902 5777 Cod._
949 5706 1392 5777 καταλειποῦσα,
1444 5707 1586 5762 unde
1640 5705 1874 5764 fortasse
1935 5693 2102 5765 scribi

534 5774 712 5847 potest
749 5774 1141 5831 καταλιποῦσα.

2231 4465 2289 4518 Μ
2337 4465 2535 4529 ’Δθρει
2577 4462 2674 4514 καὶ
2718 4462 3000 4530 μερόπων
3031 4462 3235 4516 δειλόν
3259 4464 3458 4532 γένος,
3488 4483 3540 4520 κ.
3567 4484 3617 4520 τ.
3645 4468 3695 4519 λ.

2287 4553 2527 4624 Ἐπειδὴ,
2553 4554 2709 4622 φησὶ,
2747 4553 2815 4606 τά
2838 4553 3102 4623 εἰρημένα
3149 4555 3206 4604 ἐν
3240 4557 3354 4619 τοῖς
3385 4556 3602 4623 ἀλόγοις
3630 4557 3795 4612 ἐθεω-

2217 4647 2354 4718 ρήθη
2394 4644 2551 4709 ζώοις
2589 4645 2854 4713 ἰδιώματα
2877 4684 2890 4706 ,
2924 4645 3184 4696 σκεπτέον
3227 4647 3320 4698 ἐπὶ
3352 4647 3560 4710 τούτοις
3594 4649 3796 4712 λοιπὸν,

2215 4736 2307 4788 καὶ
2347 4735 2478 4794 οἵοις
2511 4736 2542 4803 ή
2571 4733 2778 4785 δειλαία
2822 4733 2930 4784 τῶν
2972 4731 3282 4806 ἀνθρώπων
3309 4737 3492 4806 μορφὴ
3524 4738 3798 4793 ταλαιπωο

2218 4831 2388 4899 ρεῖται
2436 4823 2646 4887 κακοῖς,
2677 4825 2750 4887 ὥς
2794 4825 2859 4877 ἂν
2909 4825 3002 4877 καὶ
3042 4825 3204 4887 αὐτὸς
3243 4829 3386 4878 κατὰ
3434 4829 3525 4879 τὸν
3571 4834 3798 4902 ποιητὴν

2214 4919 2632 4988 ἀποφηνάμενος
2668 4917 2846 4988 εἴπῃς,
2876 4917 2950 4980 ὼς
2965 4918 3116 4970 οὐδὲν
3150 4918 3495 4989 ἀκιδνότερον
3541 4921 3574 4987 ἦ
3603 4921 3796 4974 ἀθλιώ-

2214 5011 2426 5081 τερονή
2462 5008 2533 5078 γῆ
2581 5007 2676 5059 τοῦ
2715 5007 3008 5078 ἀνθρώπου
3043 5008 3258 5091 τρέφει.
3306 5010 3503 5079 Πρώτη
3559 5013 3661 5079 μὲν
3706 5010 3795 5066 οὖν

2214 5101 2491 5163 εὐτελείας
2521 5099 2778 5164 ἔνδειξις,
2803 5100 2865 5152 τὸ
2903 5101 3056 5171 ῥοιῆς
3091 5102 3475 5171 πηγνυπμένης,
3514 5105 3632 5170 ἢτοι
3671 5106 3792 5173 ῥεύ.

2216 5209 2371 5252 σεως,
2406 5185 2545 5242 εἶναι
2589 5190 2746 5257 γόνον
2793 5192 2850 5241 ἐν
2881 5190 3114 5259 ἀρχαῖς,
3155 5192 3306 5259 μόγῳ
3341 5191 3397 5242 δὲ
3440 5193 3534 5242 xa’t
3578 5193 3794 5257 πολλαῖς

2215 5281 2606 5344 κακοπαθείαις
2647 5281 2936 5348 γεννᾶσθαι
2970 5281 3062 5334 καὶ
3107 5281 3513 5351 ἀνατρὲῳεσθαι
3555 5283 3657 5352 τῆς
3694 5303 3792 5354 μη-

2213 5375 2341 5444 τρός
2364 5393 2375 5404 ·
2409 5371 2528 5425 εἶτα
2566 5372 3179 5444 γαλακτοτροφούμενον
3218 5373 3305 5424 ἐπ’
3332 5373 3593 5441 ἀγκαλῶν
3638 5378 3672 5445 ἡ
3699 5379 3795 5446 μή.

2212 5483 2318 5535 τηρ
2347 5466 2547 5533 ὀχοῦσα
2589 5467 2868 5534 περιάγει,
2901 5466 2977 5528 ὼς
3027 5464 3217 5532 γλυκεῖ
3277 5465 3424 5534 πόνῳ
3452 5467 3794 5536 προσέχουσα

2213 5555 2290 5624 τῷ
2326 5555 2516 5625 βρέφει
2548 5574 2559 5585 ·
2591 5556 2781 5609 ἔπειτα
2821 5556 2958 5626 πρὸς
3006 5555 3082 5624 τῷ
3137 5555 3320 5624 ἐδάφει
3359 5555 3648 5624 τιθέμενος
3688 5561 3796 5611 ἐπι-

2286 5712 2397 5774 (57)
2451 5713 2873 5784 Ἐμπίμπλησι,
2916 5713 2996 5766 sic
3053 5715 3248 5772 codex,
3313 5729 3359 5762 ν.
3421 5710 3683 5772 Lemnii,
3736 5717 3796 5768 ad

2214 5779 2418 5848 Phry».
2454 5799 2505 5841 ι).
2530 5783 2621 5837 95.
