4010 6298
197 431 298 486 ’149

195 546 360 616 τρίὸω
387 542 484 612 τὴν
511 542 615 612 γῆν
646 539 741 593 καὶ
767 539 1177 610 κλαυθμυρίζω,
1208 544 1322 604 τοῖς
1350 541 1541 610 ἄλγεσι
1573 541 1765 594 πονού-

1177 425 1244 481 IN
1281 426 1586 483 CAMINA
1627 425 1907 482 ARCANA
1948 425 2006 481 S.
2048 425 2400 482 GREGORII.

3327 429 3434 486 750

1865 557 1929 594 ac
1955 542 2187 609 pedibus
2217 557 2384 612 super
2411 542 2528 596 solo
2571 550 2760 611 repto;
2803 557 3019 596 rursum
3051 542 3176 597 inde
3201 559 3434 614 surgens

195 653 354 706 μενος
391 652 404 666 ο
433 632 684 688 ἐντεῦθεν
736 631 1077 702 τετραπόδων
1129 633 1404 702 ὁμοιότητι
1458 633 1614 701 χερσὶ
1670 632 1766 684 καὶ

1872 639 1916 686 et
1957 631 2187 685 tremulo
2220 631 2354 701 pede
2381 632 2600 702 gradive
2627 642 2865 697 tentans.
2896 649 3007 702 prae
3066 648 3230 688 casus
3281 646 3430 689 metu

195 719 322 775 ποσὶ
351 721 492 773 κατὰ
523 718 618 772 τοῦ
651 718 879 786 ἐδάφους
907 717 1244 788 ὲπισύρομαι
1278 734 1293 747 ·
1325 718 1763 772 πάλινὲντεῦθεν

189 810 402 881 ἀρθεὶς,
431 809 523 862 καλ⁵
547 810 836 878 τρομεροῖς
871 807 1042 875 ῐχνεσι
1083 806 1409 875 βηματίζειν
1444 806 1760 877 ἐπιχειρῶν,

188 899 362 969 δειλία
420 899 516 968 τῆς
567 895 830 959 πτώσεως
872 895 971 958 τάς
1012 895 1271 965 παλάμας
1306 896 1760 965 διακλεπτόμενος

193 993 490 1044 ἐκτέτακω
527 987 666 1058 μετά
703 986 879 1042 ταῦτα
921 987 1104 1056 φωνῆς
1131 986 1403 1056 ἀνάρθρου
1432 986 1758 1056 ψελλίσμασι

189 1079 308 1141 νοὸς
333 1076 673 1147 ἀνθρωπίνου
712 1077 860 1145 ῖχνος
881 1075 1225 1143 ἐπιφαίνεται
1257 1093 1269 1105 ·
1306 1076 1444 1144 μετά
1463 1074 1637 1128 ταῦτα
1668 1075 1764 1127 καὶ

191 1171 349 1238 λόγος
389 1167 469 1238 τῷ
510 1168 664 1221 παιδὶ
707 1165 1154 1236 διαρθρούμενος,
1201 1165 1301 1218 οὐκ
1351 1165 1647 1234 ἀδακρυτὶ,
1675 1167 1763 1233 ὑφ’

1865 737 2061 778 manus
2093 724 2424 794 protendens
2456 734 2726 793 pertento.
2769 728 3260 796 Praaterealinguae
3303 728 3437 780 titu-

1861 812 2042 868 bantis
2085 814 2227 868 male
2271 814 2568 868 articulate
2609 817 2894 885 vestigium
2938 816 3167 886 spiritus
3211 817 3436 872 humani

1866 898 2180 965 ostendunt,
2206 910 2391 972 postea
2422 911 2475 957 et
2499 917 2681 957 sermo
2707 905 2760 957 in
2788 919 2960 972 puero
2984 905 3305 960 emendatus
3327 921 3436 960 non

1869 991 1990 1045 sine
2025 991 2302 1060 lacrymis,
2331 993 2467 1063 ipsis
2497 994 2804 1048 rectoribus
2834 995 3113 1064 laciymis,
3145 1003 3438 1049 transeun-

1870 1083 2018 1138 tibus
2056 1091 2258 1140 tenerae
2296 1087 2474 1139 aetatis
2505 1086 2699 1156 primis
2729 1093 2784 1141 et
2809 1086 3068 1142 secundis
3097 1088 3258 1141 annis
3297 1087 3440 1142 inci-

1872 1176 1950 1243 pit
1983 1176 2131 1230 clare
2159 1176 2522 1232 manifestari.

191 1271 423 1340 ἡγεμόσι
460 1269 515 1322 δὲ
559 1271 672 1331 τοῖς
716 1267 946 1338 δάκρυσι
981 1270 1123 1322 κατὰ
1159 1269 1353 1340 μικρὸν
1395 1269 1496 1339 τῆς
1539 1267 1768 1337 πρώτης
1813 1285 1872 1319 τε
1925 1271 2020 1322 καὶ
2069 1270 2329 1342 δευτέρας
2387 1272 2604 1340 ἡλικίας
2651 1272 3059 1342 παροδευούσης
3102 1271 3288 1340 σαφῶς
3321 1270 3440 1326 δια-

191 1363 497 1434 τρανοῦται.

186 1497 510 1566 Εἱκοσέτης
547 1499 876 1568 συνάγειρα
913 1500 1120 1569 μένος,
1148 1517 1206 1554 κ.
1237 1517 1287 1552 τ.
1320 1500 1398 1566 ἐξ.

259 1608 449 1671 Μόλις,
505 1611 691 1680 φησὶν,
743 1612 1062 1682 εἰκοσαέτης
1113 1613 1422 1681 γενόμενος,
1476 1612 1574 1682 τὴν
1612 1611 1765 1680 ἀνδρὶ

190 1698 540 1767 καθήκουσαν
560 1687 790 1769 δύναμῖν
813 1700 1161 1771 συνήθροισα’
1182 1702 1276 1754 καὶ¹
1293 1700 1481 1772 ὥσπερ
1501 1719 1586 1764 τις
1607 1700 1766 1770 ἀθλη-

189 1792 287 1860 τὴς
313 1792 372 1842 ὲν
393 1789 606 1860 θεάτρῳ
633 1790 713 1860 τῷ
736 1790 834 1860 βίῳ
856 1792 1150 1853 καταστάς,
1179 1792 1394 1854 πολλοῖς
1414 1794 1495 1845 ὅτι
1528 1792 1762 1862 μάλιστα

188 1879 374 1942 πόνοις
419 1881 514 1932 καὶ
561 1881 752 1941 κόποις
784 1880 924 1933 κατὰ
949 1882 1240 1949 πρόσωπον
1263 1881 1603 1943 ἀντιϐολοῦσι
1635 1898 1760 1932 συν-

189 1971 451 2041 εκύρησα.
468 1967 626 2023 Ἄλλο
677 1971 776 2040 μὲν
805 1967 896 2024 οὖν
944 1989 1002 2024 σε
1033 1971 1140 2024 τῶν
1175 1971 1486 2026 λυπούντων
1533 1973 1674 2025 κατά
1702 1973 1764 2024 τὸ

190 2060 285 2113 νῦν
339 2060 519 2113 θλίϐον
563 2062 896 2123 ἐπιτίθεται,
941 2062 1067 2115 ἀλλο
1107 2062 1152 2114 δ’
1194 2063 1403 2132 ἀπῆλθε
1456 2063 1544 2132 τῷ
1590 2064 1763 2133 χρόνῳ

193 2150 656 2220 συμπαρῳχηκὺς,
675 2150 867 2213 ,ἄλλοις
891 2150 970 2212 δὲ,
999 2143 1044 2203 ὧ
1075 2149 1242 2222 ψυχὴ,
1269 2149 1328 2204 εὖ
1371 2151 1502 2212 τσθι,
1528 2151 1617 2204 τὸν
1651 2152 1763 2222 βίον

193 2237 418 2306 περῶσα
451 2239 807 2306 συναντήσεις
841 2240 897 2300 ἐς
920 2237 983 2290 τδ
1014 2240 1167 2291 ἐπιὸν
1203 2239 1518 2310 μοχθηροῖς·
1541 2241 1632 2292 καὶ
1657 2241 1763 2310 γὰρ

195 2326 308 2396 βίον
334 2328 505 2397 περᾷς
528 2326 717 2397 ὥσπερ
743 2326 865 2381 τινὰ
896 2327 1053 2379 όλκον
1084 2327 1332 2397 ποταμοῦ
1362 2329 1633 2398 ἀνάρῤουν
1670 2329 1764 2380 αὑ-

190 2415 281 2469 τὸν
325 2416 735 2486 ὲκσιαζόμενος,
759 2416 992 2486 ἔμπαλιν
1018 2418 1050 2486 ἢ
1085 2418 1248 2480 αὐτὸς
1285 2417 1464 2486 βούλει
1491 2435 1551 2470 σε
1582 2420 1766 2471 συνέλ-

190 2506 436 2576 κοντα,ἢ
485 2506 560 2570 ὥς
587 2524 640 2559 τι
689 2507 868 2577 ῥεῦμα
916 2507 1189 2578 Θαλάσσης
1229 2509 1429 2578 βίαιον,
1462 2503 1564 2562 ὦδε
1605 2513 1766 2562 κακεῖ

189 2594 477 2667 περιέλκον
517 2597 611 2648 καὶ
657 2596 960 2666 περισπῶν,
988 2596 1017 2649 ὃ
1064 2597 1126 2667 δὴ
1170 2601 1399 2660 πυκναῖς
1439 2599 1764 2668 πνευμάτων

189 2686 504 2755 ἑμπτὼσεσι
549 2687 949 2755 ἀναϐράττεται
984 2688 1078 2740 καὶ
1127 2687 1420 2757 ῥιπίζεται.
1457 2689 1635 2742 Πολλά
1667 2691 1764 2759 μὲν

184 2774 302 2858 οὖν,
350 2779 515 2849 φησὶν
543 2779 571 2830 ὁ
597 2778 934 2842 διδάσκαλος,
981 2782 1102 2842 ταῖς
1157 2780 1363 2833 ἑαυτῶν
1413 2781 1617 2843 ἀνοίαις
1673 2782 1767 2834 καὶ

190 2869 520 2941 ἀφροσύναις
559 2871 812 2940 ἑπόμενοι
841 2870 1215 2942 πειραζόμεθα
1238 2885 1252 2898 '
1288 2871 1386 2923 ὅσα
1416 2871 1614 2940 δηλαδὴ
1649 2873 1765 2933 ταῖς

187 2959 435 3030 ἀνοήτοις
497 2962 813 3029 ἐπιθυμίαις
879 2963 966 3014 καὶ
1032 2961 1324 3030 βλαϐεραῖς
1392 2962 1764 3032 ὑπηρετούμε-

189 3067 271 3103 νοι
314 3051 691 3121 ὲκτρυχὸμεθα
721 3067 740 3081 ‘
778 3054 1004 3104 πλεῖστα
1047 3051 1088 3102 δ’
1123 3053 1223 3103 ὅσα
1271 3052 1362 3104 καὶ
1409 3054 1436 3103 ὁ
1478 3053 1576 3120 τῆς
1625 3055 1763 3121 ἡμε-

190 3141 356 3212 τέρας
395 3143 531 3212 πρὸς
583 3143 714 3194 Θεὸν
764 3141 999 3203 νεύσεως
1051 3142 1145 3193 καὶ
1184 3142 1281 3211 τῆς
1332 3141 1474 3194 κατὰ
1531 3143 1763 3211 Χριστὸν

193 3230 340 3301 ζωῆς
381 3232 778 3300 ’Δντικείμενος
808 3233 872 3284 ὲκ
895 3231 1086 3300 φθόνου
1116 3233 1208 3284 καὶ
1239 3233 1536 3302 βασκανίας
1562 3236 1765 3285 ἐπινοεῖ

189 3322 251 3373 δυ
259 3339 348 3391 σχε
358 3323 439 3393 ρῆ.

195 3421 260 3478 59
292 3425 360 3477 Et
407 3423 516 3494 γάρ
546 3439 654 3475 κεν
693 3424 811 3476 ὅσα
851 3425 1074 3490 τερπνὰ
1120 3424 1216 3476 καὶ
1273 3425 1766 3564 ὀππόσιηβᾷυγρὰ

506 3507 512 3515 ·
1595 3513 1694 3547 οιο

506 3507 512 3515 ’
1517 3507 1694 3547 Uitam

194 3562 262 3616 60
311 3562 869 3628 Ἄντιταλαντεύοις,
905 3580 957 3615 κ.
986 3580 1036 3616 τ.
1069 3564 1118 3618 λ,

266 3680 436 3750 Εἴπερ
475 3680 540 3751 δὴ
579 3677 694 3745 οὖν,
728 3682 893 3750 φησὶν
927 3683 954 3733 ό
993 3682 1094 3750 τῆς
1125 3681 1382 3750 ἀληθείας
1427 3681 1762 3751 καθηγητὴς,

194 3770 263 3823 τὰ
315 3771 524 3841 χρηστά
567 3770 663 3823 τοῦ
719 3771 835 3840 βίου
873 3771 1024 3824 τοῦδε
1071 3774 1184 3835 τοῖς
1234 3772 1499 3841 λυπηροῖς
1552 3774 1765 3824 ἀντιτα-

196 3861 468 3924 λαντεύοις
513 3860 900 3931 σταθμώμενος
948 3863 1022 3925 ὡς
1071 3863 1128 3914 ὲν
1157 3861 1324 3931 ζυγῷ,
1354 3862 1494 3915 κατά
1529 3863 1661 3914 πολὺ
1700 3863 1765 3914 ἂν

198 3953 230 4021 ἡ
269 3952 376 4005 τῶν
405 3953 588 4004 κακῶν
622 3952 888 4019 πλάστιγξ
919 3952 1247 4022 βαρυνθεῖσα
1290 3953 1642 4022 κατενεχθείη
1673 3942 1767 4004 ἐπὶ

197 4046 320 4114 γῆν,
356 4046 390 4114 ἡ
425 4045 481 4096 δὲ
511 4045 620 4096 τῶν
656 4043 876 4110 ἀγαθῶν
925 4045 1017 4097 καὶ
1064 4044 1308 4112 τερπνῶν
1345 4033 1431 4108 ὲιρ’
1479 4041 1610 4110 ὕψος
1653 4061 1768 4095 κου-

200 4134 413 4203 φισθείη
440 4135 576 4204 πρὸς
609 4135 863 4203 οὐρανόν·
898 4133 1089 4195 οὓτως,
1123 4133 1313 4194 εἰπὼν,
1339 4135 1458 4184 κατ’
1488 4127 1623 4194 εἶδος
1651 4133 1768 4202 ἀρι-

199 4226 414 4296 θμείται
440 4227 653 4297 πρῶτον
673 4227 742 4278 τὰ
772 4225 1008 4296 λυπηρὰ,
1037 4225 1194 4296 δῆρις
1225 4225 1320 4278 καὶ
1351 4225 1517 4293 μάχαι
1542 4227 1656 4286 τοῖς
1681 4223 1768 4276 τὸν

196 4318 394 4388 τρόπον
440 4319 774 4388 πολεμικοῖς,
814 4318 1006 4380 πόντος
1033 4318 1129 4369 καὶ
1159 4316 1389 4369 κίνδυνοι
1415 4319 1527 4377 τοῖς
1554 4317 1766 4368 ναυτιλη

197 4407 462 4476 ἱκομένοις,
512 4409 723 4477 ἄρουρα
769 4408 861 4460 καὶ
907 4407 1147 4469 κόπωσις
1184 4408 1295 4468 τοῖς
1339 4407 1624 4474 γεωργοῖς,
1655 4410 1766 4468 τοῖς

197 4495 656 4566 δμπορευομένοις
709 4497 803 4547 καὶ
860 4495 1111 4548 πλουτεῖν
1166 4493 1441 4546 ἐθέλουσιν
1496 4493 1767 4548 ἐπίϐουλοι

197 4587 388 4657 ἄνδρες
420 4587 759 4655 παρέπονται
807 4583 902 4637 καὶ
950 4583 1268 4656 λῃστρικοί·
1328 4584 1422 4636 καὶ
1463 4587 1574 4648 τοῖς
1608 4585 1766 4654 εύρυ-

199 4680 349 4741 σόαις
398 4679 496 4747 μὲν
537 4680 633 4730 καὶ
675 4675 1063 4746 πολυκτησίαις
1103 4676 1354 4748 χαίρουσι
1395 4675 1767 4746 δασμογράφοι

199 4772 292 4824 καὶ
323 4769 595 4833 ἑξισωταὶ,
620 4768 713 4821 καὶ
734 4768 843 4821 τῶν
865 4767 1047 4838 φόρων
1075 4767 1381 4838 πράκτορες
1409 4767 1768 4838 ἀπαραίτητοι

200 4861 583 4931 παρίστανται.
603 4860 727 4921 Τοῖς
749 4857 1181 4929 πολιτευομένοις
1202 4859 1258 4910 δὲ
1283 4859 1378 4910 καὶ
1405 4876 1471 4910 πε
1482 4860 1533 4928 ρὶ
1558 4858 1768 4926 βίϐλους

199 4953 292 5006 καὶ
318 4951 508 5016 λόγους
542 4949 858 5018 σχολάζουσι
892 4950 1119 5021 ῥήτορες
1157 4948 1305 5000 ἐστιν
1336 4949 1425 5000 ὅτε
1473 4949 1634 5001 δεινοὶ¹
1679 4950 1771 5000 καὶ

203 5042 531 5109 συκοφάνται
557 5039 652 5092 καὶ
674 5039 863 5109 κριτὴς
894 5040 1077 5101 ἄδικος
1116 5039 1210 5090 καὶ
1231 5039 1414 5109 ἄρχων
1438 5039 1537 5099 τὰς
1558 5039 1769 5107 ψήφους

200 5132 298 5184 οὐκ
322 5130 538 5194 εὐθείας
556 5129 832 5191 διατιθείς.
862 5130 971 5180 Καὶ
992 5129 1164 5181 ταῦτα
1193 5129 1290 5196 μὲν
1308 5129 1376 5180 τὰ
1407 5127 1654 5180 ἐπώδυνα
1677 5130 1768 5179 τοῦ

201 5221 431 5274 unum?)
463 5221 578 5290 βίου
615 5220 862 5286 παίγνια,
902 5220 1009 5271 τῶν
1043 5220 1284 5288 ματαίων
1310 5219 1611 5289 ἀνθρώπων
1642 5236 1769 5270 κατα

202 5312 506 5382 ορχούμενα
530 5311 628 5381 τῆς
661 5311 825 5380 ζωῆς.
854 5311 1085 5362 Σκοπεῖν
1108 5309 1172 5379 δὴ
1199 5304 1292 5362 οὖν
1321 5309 1469 5374 ἄξιον
1497 5309 1591 5360 καὶ
1614 5309 1771 5360 ὁποῖά

204 5401 315 5455 ἐστι
337 5401 407 5455 τά
444 5401 674 5472 τερπνὰ,
705 5402 864 5472 κόρος
906 5402 1001 5456 καὶ
1025 5401 1260 5470 γαστρὸς
1294 5399 1578 5469 πλησμονή
1608 5417 1621 5428 ο
1680 5399 1772 5451 καὶ

202 5491 357 5544 τοῦτο
395 5491 530 5563 βαρύ
566 5509 624 5544 τε
652 5493 745 5544 καὶ
779 5491 1042 5560 ἐπαχθές·
1069 5483 1220 5560 ᾆσμα
1245 5489 1339 5542 καὶ⁵
1359 5489 1614 5556 γέλωτες·
1646 5489 1774 5540 ἄλλο

207 5583 450 5648 παίγνιον
477 5596 492 5611 ⁸
542 5581 794 5652 λαμπραὶ
833 5581 1054 5650 τύμῦων
1103 5579 1475 5633 κατασκευαί·
1529 5579 1690 5631 αὑταὶ
1717 5580 1772 5632 δὲ

208 5673 429 5741 πλήρεις
472 5672 746 5726 ὀδωδότων
774 5672 1006 5742 ὁρῶνται
1036 5670 1273 5740 νεκρῶν·
1315 5669 1439 5722 ἕδνα
1471 5669 1773 5738 περισπού-

206 5765 370 5817 δαστα
400 5763 492 5814 καὶ
514 5764 876 5832 προγαμιαίαι
901 5761 1120 5829 δωρεαὶ.
1149 5759 1432 5829 καὶπροὶξ,
1460 5760 1552 5810 καὶ
1577 5758 1771 5828 γάμος,

213 5855 297 5904 καὶ
333 5852 584 5921 δεύτερος
613 5852 874 5915 πολλάκις
921 5851 1013 5903 τοῦ
1055 5852 1271 5922 πρώτου
1309 5849 1654 5912 διακοπέντος
1700 5850 1776 5918 τῷ

1875 1499 2182 1554 Vicesimum
2215 1505 2473 1573 attingens
2498 1519 2696 1557 annum
2719 1502 3083 1571 fortitudinem
3108 1503 3314 1572 collegi,
3331 1511 3439 1557 etc.

1943 1611 2066 1675 Vix,
2086 1614 2489 1682 inquit,.viginti
2509 1630 2684 1669 annos
2706 1623 2890 1679 natus,
2922 1613 3299 1667 fortitudinem
3323 1613 3441 1666 viro

1858 1705 2274 1759 convenientem
2311 1716 2600 1759 assecutus
2629 1721 2774 1763 sum.
2804 1714 2859 1759 et
2890 1705 3035 1757 sicut
3081 1703 3283 1756 athleta
3325 1704 3444 1770 qni-

1863 1796 1987 1849 dam
2013 1794 2069 1848 in
2093 1797 2216 1848 vitae
2247 1795 2460 1849 theatro
2492 1809 2760 1864 apparens
2781 1794 2972 1848 multis
2992 1803 3046 1848 et
3076 1811 3240 1863 quam
3269 1794 3441 1846 maxi-

1865 1887 1974 1941 mis
1999 1884 2280 1938 laboribus
2311 1892 2366 1938 et
2406 1883 2671 1937 aerumnis
2700 1883 2917 1936 obviam
2970 1883 3309 1936 irruentibus
3348 1897 3442 1934 oc-

1864 1974 2030 2028 curri.
2060 1973 2220 2026 Aliud
2252 1974 2475 2041 quidem
2525 1971 2714 2026 dolore
2754 1979 2806 2026 te
2859 1973 2912 2025 in
2962 1973 3213 2040 praesenti
3262 1981 3442 2023 conte-

1867 2078 1994 2117 rens
2041 2064 2371 2131 apponitur,
2429 2062 2578 2116 aliud
2633 2077 2762 2117 vero
2840 2078 2945 2115 una
3009 2076 3133 2114 cum
3199 2069 3444 2135 tempore

1866 2155 2030 2208 simul
2057 2155 2213 2224 fugit,
2251 2154 2374 2208 aliis
2404 2154 2604 2217 adhuc,
2644 2168 2677 2205 ο
2717 2153 2922 2216 anima,
2982 2160 3130 2204 certe
3173 2151 3222 2204 id
3271 2152 3441 2211 scias.

1865 2259 1962 2316 per
1997 2246 2165 2298 vitam
2202 2244 2475 2298 transiens
2510 2244 2564 2297 in
2594 2242 2841 2296 futurum
2893 2241 3050 2295 duris
3082 2241 3240 2294 obvia
3291 2242 3441 2305 eris;

1871 2350 2108 2405 namque
2137 2350 2234 2405 per
2257 2337 2426 2388 vitam
2461 2336 2667 2389 transis
2695 2334 2854 2403 quasi
2885 2349 2983 2405 per
3010 2334 3186 2386 amnis
3216 2347 3441 2386 cursum

1871 2434 1924 2481 te
1984 2427 2034 2480 vi
2083 2440 2278 2497 magna
2327 2427 2668 2496 abripientis.
2731 2425 2796 2478 Et
2852 2439 3068 2479 rursum
3154 2421 3244 2477 vel
3326 2423 3443 2495 ipse

1865 2525 1920 2570 te
1962 2517 2197 2570 trahenti
2259 2517 2526 2580 assentis,
2588 2517 2673 2571 vel
2749 2517 2895 2570 sicut
2963 2514 3161 2570 ﬂuctus
3218 2512 3440 2585 quidam

1866 2608 2033 2662 maris
2079 2616 2349 2671 coactus,
2417 2609 2499 2664 sic
2575 2607 2853 2677 abripiens
2916 2614 2971 2660 et
3039 2605 3287 2658 avellens
3350 2601 3446 2670 qui

1870 2702 2072 2754 iterum
2134 2710 2299 2771 atque
2359 2701 2557 2754 iterum
2625 2707 2912 2752 ventorum
2990 2696 3211 2751 ﬂatibus
3257 2693 3445 2747 turba-

1867 2803 1956 2844 tur
1989 2802 2043 2845 et
2079 2793 2324 2847 tumidus
2351 2793 2432 2847 lit.
2462 2792 2689 2845 Multum
2737 2805 2888 2859 ergo,
2936 2787 3112 2856 inquit
3159 2787 3444 2855 magister,

1868 2882 2072 2935 nostris
2103 2881 2348 2949 profanis
2377 2880 2809 2950 cogitationibus
2836 2889 2890 2934 et
2937 2877 3322 2933 deliramentis
3366 2875 3444 2928 in-

1869 2973 2226 3041 sequentibus
2263 2980 2542 3026 tentantur
2580 2989 2592 3023 :
2635 2985 2800 3040 quam
2858 2969 3046 3022 multis
3073 2966 3318 3037 profecto
3348 2965 3442 3018 in-

1872 3063 2022 3118 sanis
2048 3072 2101 3115 et
2139 3062 2353 3116 nocivis
2402 3059 2690 3114 desideriis
2729 3059 3126 3120 consumimur.
3147 3064 3355 3109 tantum
3393 3063 3448 3109 et

1873 3154 1995 3224 plus
2026 3153 2198 3208 nostri
2241 3167 2368 3222 erga
2403 3151 2572 3205 Deum
2607 3149 2856 3220 obsequii
2889 3156 3053 3218 atque
3084 3149 3210 3200 vita:
3243 3161 3447 3200 secun-

1871 3245 1998 3296 dum
2038 3242 2322 3296 Christum
2346 3241 2706 3295 Adversarius
2735 3255 2846 3309 prae
2877 3238 3082 3293 invidia
3131 3237 3438 3307 suggestio-

1874 3333 2040 3387 nibus
2079 3332 2287 3386 dolosis
2311 3331 2549 3384 dillicilia
2573 3331 2827 3385 suscitat.

1872 3433 1938 3487 59
1981 3432 2191 3488 Etenim
2215 3434 2261 3486 si
2295 3433 2472 3485 omnia
2502 3432 2638 3484 bona
2663 3431 2942 3498 omniaque
2966 3423 3252 3484 vitwinala

1871 3501 1940 3555 60
1983 3503 2328 3570 Appenderis,
2354 3510 2458 3555 etc.

1943 3684 2002 3736 Si
2051 3699 2215 3752 ergo,
2270 3682 2448 3751 inquit
2492 3688 2677 3735 orator
2718 3682 2870 3749 juxta
2925 3679 3247 3736 veritatem.
3306 3692 3447 3731 com-

1874 3775 2034 3829 moda
2071 3776 2193 3827 vitae
2229 3773 2392 3842 hujus
2436 3771 2772 3826 calamitosis
2811 3771 3238 3840 a‘qniparaveris
3291 3770 3448 3837 quasi

1875 3868 1928 3920 in
1956 3867 2191 3927 bilance,
2228 3865 2497 3919 malorum
2525 3864 2737 3916 lancula
2786 3872 3063 3931 premente
3098 3860 3342 3934 pondere
3378 3860 3450 3914 fe-

1876 3970 2025 4012 retur
2070 3955 2135 4008 ad
2179 3965 2404 4019 terram,
2470 3955 2739 4008 bonorum
2797 3968 2925 4007 vero
2973 3961 3026 4006 et
3075 3951 3446 4021 jucundorum

1877 4049 2092 4102 lancula
2122 4050 2175 4101 in
2207 4048 2374 4100 altum
2433 4044 2685 4098 alleviata
2724 4043 2792 4096 ad
2825 4041 3335 4098 caelumattolletur.
3359 4038 3448 4094 Sic

1876 4140 2068 4194 dicens
2081 4155 2176 4207 per
2204 4138 2415 4207 species
2445 4143 2704 4205 supputat
2735 4134 2910 4204 primo
2935 4134 3290 4196 calamitosa;
3319 4133 3451 4186 rixa:

1875 4233 1930 4278 et
1953 4225 2144 4294 prcelia
2173 4240 2271 4292 pro
2307 4224 2658 4277 bellatoribus
2705 4237 2772 4275 ex
2824 4221 3068 4290 ipsorum
3111 4222 3448 4282 conditione.

1879 4331 2027 4368 mare
2060 4323 2113 4368 et
2140 4314 2380 4382 pericula
2421 4327 2516 4381 pro
2555 4312 2963 4381 navigantibus.
3012 4311 3187 4364 aratio
3223 4318 3275 4363 et
3323 4309 3452 4362 lati-

1873 4407 2135 4475 gatiopro
2178 4405 2469 4472 agricolis,
2515 4416 2616 4472 pro
2667 4401 3098 4468 negotiatoribus
3132 4408 3188 4454 et
3246 4401 3316 4454 iis
3355 4401 3451 4469 qui

1875 4497 2073 4550 divites
2105 4496 2294 4547 volunt
2324 4493 2438 4547 ﬁeri
2497 4502 2628 4545 sunt
2678 4491 3006 4546 insidiantes
3057 4491 3160 4543 viri
3210 4491 3453 4544 etlatro—

1876 4603 2005 4651 nes;
2037 4595 2090 4638 et
2119 4593 2438 4655 arroganter
2490 4584 2841 4651 loquentibus
2895 4591 2949 4635 et
3004 4583 3451 4651 possessionibus

1877 4681 2067 4733 multis
2129 4678 2494 4748 gaudentibus
2556 4675 3001 4728 circumcurrnut
3059 4682 3345 4728 exactores
3398 4683 3454 4726 et

1876 4772 2162 4840 vectigalia
2196 4771 2524 4841 imperantes
2570 4773 2623 4820 et
2665 4765 2998 4818 tributorum
3058 4765 3286 4816 censum
3347 4764 3448 4814 im-

1878 4855 2146 4915 ponentes
2173 4863 2312 4915 quos
2345 4848 2498 4899 nullo
2530 4849 2694 4901 modo
2728 4846 2970 4902 ﬂexeris.
2997 4846 3284 4902 Subnectit
3313 4856 3367 4902 et
3402 4858 3461 4900 ut

1876 4939 1968 5007 qui
2014 4938 2171 4994 libris
2201 4947 2257 4992 et
2288 4939 2622 5008 eloquentia:
2667 4938 2846 4993 studia
2895 4939 3161 4992 adhibent
3201 4938 3457 4991 doctores

1875 5029 2144 5100 contingit
2168 5039 2225 5084 ut
2248 5031 2362 5084 sint
2385 5031 2715 5084 formidandi
2767 5041 2819 5085 et
2850 5031 3304 5092 calumniatores.
3331 5041 3461 5083 sunt

1875 5130 1929 5175 et
1949 5122 2117 5190 jndex
2149 5121 2389 5189 injustus
2420 5132 2474 5176 et
2504 5121 2758 5192 princeps
2786 5138 2984 5176 causas
3013 5139 3118 5175 non
3158 5133 3305 5176 recte
3334 5138 3460 5189 pro-

1877 5213 2159 5267 nuntians.
2187 5213 2251 5266 Et
2276 5213 2378 5266 ista
2409 5214 2626 5283 quidem
2654 5229 2965 5267 rerumnosa
2994 5213 3316 5266 miserandae
3339 5214 3459 5266 vitm

1874 5302 2207 5372 erepundia.’
2233 5305 2433 5372 quibus
2475 5303 2628 5356 stulti
2663 5305 2909 5357 homines
2943 5305 2994 5356 in
3042 5318 3156 5355 atvo
3190 5303 3458 5357 distinen-

1872 5404 1982 5447 tnr.
2027 5395 2392 5449 Considerate
2438 5395 2602 5448 etiam
2655 5395 2880 5465 dignum
2921 5403 3006 5448 est
3055 5409 3176 5462 quae
3215 5395 3325 5448 sint
3366 5393 3457 5460 jn-

1870 5485 2048 5539 cimda
2071 5524 2085 5546 ,
2117 5487 2380 5541 saturitas
2409 5498 2463 5540 et
2487 5489 2693 5540 ventris
2727 5486 3003 5551 expletio;
3033 5501 3199 5555 grave
3233 5501 3454 5554 quoque

1872 5578 1926 5631 id
1949 5586 2033 5632 est
2065 5585 2230 5645 atque
2260 5580 2494 5632 toleratu
2546 5579 2802 5643 dillicile;
2847 5587 3042 5633 cantus
3078 5587 3132 5632 et
3164 5578 3306 5631 risus
3347 5577 3452 5631 alia

1872 5667 2206 5737 Crepundia;
2252 5668 2550 5736 splendidae
2599 5670 2978 5739 sepulcrorum
3023 5676 3356 5732 structura},
3400 5678 3455 5720 et

1874 5759 2001 5826 ipsre
2045 5760 2408 5814 redundantes
2440 5761 2693 5813 videntur
2723 5769 3068 5812 mortuorum
3108 5759 3398 5826 putoribus
3436 5775 3447 5810 :

1875 5850 2198 5903 munuscula
2243 5850 2523 5903 amatoriis
2552 5850 2755 5907 studiis
2786 5849 2965 5903 oblata
2986 5888 3000 5912 ,
3027 5850 3278 5918 donaque
3309 5860 3449 5917 nup-
