4020 6302
298 385 392 440 ⁸153

302 500 485 570 μόρονς
512 502 676 557 Ἀλλά
691 499 880 569 καὶσὲ,
911 504 1096 574 φησιν,
1122 497 1168 560 ὦ
1206 506 1540 579 Ἀλέξανδρε,
1569 511 1858 581 δράκοντος

294 589 349 652 ὃς
377 589 679 661 κομπάζεις
709 594 820 657 υίὸς
864 592 1025 659 εἶναι,
1058 597 1134 667 τῷ
1172 598 1541 670 ἀκατάσχετος
1584 598 1722 656 εἶναι
1762 601 1863 671 τὴν

290 678 459 749 ἀλκὴν
486 682 578 733 καὶ
602 683 992 749 ἀνυπόστατος’,
1018 690 1113 740 καὶ
1140 689 1199 741 σὲ
1228 690 1365 759 μετὰ
1387 694 1447 744 τὸ
1474 694 1654 745 πᾶσαν
1675 693 1859 763 σχεδὸν

288 770 381 837 τὴν
415 771 512 841 γῆν
538 773 805 838 ἐπελθεῖν,
845 772 987 840 οἶνος
1014 774 1268 850 ἀμέτρως
1294 784 1619 849 ὲναπέπνιξε
1644 784 1854 849 ποθείς.

290 857 332 909 Τ
336 856 352 908 ί
378 858 434 912 δὲ
463 862 621 929 πλέον
641 864 701 915 ὲν
724 868 935 933 νεκροῖς
966 865 1274 935 βασιλεῦσιν
1290 871 1323 941 ἢ
1339 872 1566 942 πένησι;
1600 874 1699 943 μία
1725 877 1858 927 πᾶσι

289 946 468 1013 κόνις,
516 951 627 1015 τσος
656 954 790 1006 πᾶσι
820 954 914 1005 καὶ
942 956 1124 1025 ὅμοιος
1148 960 1178 1011 ὁ
1208 960 1478 1025 σκελετὸς,
1502 963 1638 1016 ὀστᾶ
1676 963 1860 1032 γυμνὰ

290 1038 447 1105 μόνον
480 1040 632 1111 αὐτῷ
652 1059 713 1094 τε
737 1043 815 1113 τῷ
833 1045 977 1115 ἥρωϊ
999 1047 1241 1119 Ἀτρείδη
1268 1051 1363 1104 καὶ
1394 1053 1525 1123 Ἴρῳ
1552 1053 1629 1124 τῷ
1662 1054 1857 1125 ἀλητοο

286 1128 428 1198 ὁόρῳ
479 1132 573 1183 καὶ
615 1133 900 1205 ὲπαιτήσει
957 1138 1125 1207 ἄρτου
1181 1140 1452 1204 διαζῶντι.
1534 1140 1703 1207 Αὐτός
1773 1162 1855 1209 τε,

287 1220 467 1288 φησιν,
510 1222 539 1272 ὁ
580 1220 755 1292 μέγας
789 1226 1201 1288 Κωνσταντῖνος
1236 1231 1330 1284 καὶ
1358 1232 1612 1303 θεράπων
1641 1236 1857 1303 οἰκέτης

284 1308 437 1377 ἐμὸς,
463 1310 609 1374 ὅστις
628 1329 688 1364 τε
715 1314 939 1378 ἄνολϐος
963 1318 1057 1370 καὶ
1082 1318 1232 1382 ὅστις
1259 1320 1552 1386 πολύολϐος
1582 1324 1674 1376 καὶ
1695 1324 1857 1395 βαρυ-

286 1403 530 1471 κτήμων,
580 1403 733 1457 οὐδὲν
780 1406 909 1459 ἄλλο
961 1406 1214 1474 θανόντες
1254 1411 1436 1482 ἔχουσι
1480 1414 1640 1468 πλέον
1683 1416 1717 1485 ἢ
1767 1416 1858 1469 τὸν

282 1507 471 1558 τάφον.

280 1578 346 1634 97
386 1581 499 1635 Kal
527 1583 598 1636 τὰ
625 1582 744 1650 μὲν
770 1585 987 1641 ἐνθάδε
1007 1588 1157 1655 τοῖα,
1201 1592 1274 1662 τὰ
1302 1592 1356 1645 δ’
1383 1594 1599 1650 ἄλλοθι
1627 1596 1720 1662 τίς
1752 1614 1858 1651 κεν

1263 1660 1541 1732 [ἐνίσποι.
1567 1682 1618 1717 κ.
1648 1660 1705 1718 τέ
1731 1665 1782 1718 λ.

350 1740 491 1793 Ὅσα
540 1741 640 1810 μὲν
688 1744 789 1815 τῆς
834 1746 893 1799 ὲν
943 1748 1134 1821 κόσμῳ
1190 1751 1339 1822 ζωῆς
1399 1754 1540 1822 μετὰ
1605 1745 1854 1826 σώματος

278 1827 515 1900 ὀδυνηρά
548 1835 644 1887 καὶ
667 1837 898 1906 τερπνὰ,
928 1840 1172 1908 τοιαῦτα,
1201 1843 1505 1916 ὁλοσχερῶς
1534 1846 1727 1907 εἰπεῖν,
1762 1850 1856 1900 καὶ

276 1917 451 1983 οὕτως
474 1922 665 1993 ἔχοντα
690 1944 703 1958 ·
749 1927 831 1991 τίς
856 1929 900 1980 δ’
932 1929 1000 1983 ἂν
1027 1932 1345 2003 ὲκλαλήσαι,
1381 1936 1534 2004 φησὶ,
1570 1937 1640 1989 τὰ
1673 1938 1857 1992 ἄλλοθι

276 2011 389 2073 τοῖς
415 2012 619 2077 ἀδίκοις
639 2016 742 2067 ἀπε
752 2017 1024 2087 ιλούμενα,
1047 2010 1134 2091 ἃῆ
1157 2023 1357 2094 ἐσχάτη
1382 2025 1562 2095 ἡμέρα
1582 2028 1855 2081 ἀποκαλυ-

277 2102 520 2173 πτομένη
567 2104 859 2173 ἐπιδείξεις
905 2110 1019 2180 Πῦρ
1067 2112 1177 2183 γὰρ
1221 2116 1336 2168 ἐκεῖ
1385 2115 1647 2186 βρόμεον,
1688 2120 1853 2188 ἤγουν

277 2192 527 2263 φοὸερδν,
560 2198 654 2249 καὶ
681 2198 883 2264 γέεννα
900 2202 1187 2271 ὴπείληται
1222 2206 1316 2257 καὶ
1362 2207 1551 2268 σκότος
1589 2206 1853 2279 ἐξώτερον

275 2285 388 2343 τοῖς
418 2287 853 2355 μακρυνομένοις
881 2290 976 2343 καὶ
1012 2293 1199 2362 πόρρω
1223 2295 1480 2349 πίπτουσι
1511 2295 1607 2349 τοῦ
1634 2299 1811 2365 φωτός
1834 2317 1849 2332 ·

275 2371 393 2424 ἐκεῖ
438 2375 535 2427 καὶ
577 2375 791 2446 σκώληξ
836 2379 1153 2451 ἀκοίμητος,
1180 2384 1279 2453 τῆς
1329 2386 1605 2457 ⁴ἡμετέρας
1652 2390 1852 2453 κακίας

273 2460 581 2533 ὑπόμνησις
628 2468 722 2520 καὶ
774 2469 868 2521 τοῦ
926 2473 1224 2536 συνειδότος
1273 2478 1307 2546 ἠ
1353 2476 1503 2541 νύξις
1538 2480 1632 2533 καὶ
1683 2480 1854 2533 κατά-

274 2568 421 2614 γνωσ
424 2571 471 2616 ις
480 2598 497 2613 ,

274 2641 485 2707 Λὼῑον,
515 2645 566 2697 εὶ
588 2645 837 2709 βιότοιο,
867 2664 920 2702 κ.
945 2665 995 2701 τ.
1026 2649 1108 2713 ἐξ.

344 2732 563 2787 Βέλτιον
611 2731 683 2806 ἦν
732 2754 812 2790 σοι
864 2741 960 2793 καὶ
1010 2740 1321 2796 λυσιτελοῦν
1374 2746 1607 2814 μᾶλλον,
1658 2741 1705 2800 ὦ
1751 2752 1850 2820 τῆς

274 2822 552 2910 κολάσεως
599 2828 815 2899 ἐκείνης
846 2829 1089 2898 ύπόδικε,
1128 2835 1177 2886 εί
1221 2835 1296 2905 μὴ
1335 2837 1435 2900 τὰς
1482 2840 1561 2901 εἰς
1600 2840 1692 2894 τὸν
1738 2841 1851 2910 βίον

273 2900 551 2985 φερούσας
586 2919 857 2991 ὲπέρασας
885 2923 1053 2987 ὁδούς.
1089 2900 1386 2981 Καλόν-σοι
1420 2929 1495 2998 μὴ
1522 2900 1851 3002 γεννηθηναι

272 3006 373 3074 τὴν
407 3008 583 3079 ἀρχὴν
629 3010 662 3080 ἢ
714 3013 1025 3082 γεννηθέντι
1077 3018 1171 3069 καὶ
1224 3020 1559 3088 πεπερακότι
1607 3020 1697 3073 τὸν
1739 3023 1849 3092 βίον

273 3095 477 3164 ὁμοίως
524 3098 718 3169 θηρσὶν
750 3102 783 3172 ἢ
815 3105 1035 3173 κτήνεσι
1062 3104 1289 3174 λυθῆναι
1327 3109 1424 3160 καὶ
1461 3108 1661 3173 θανεῖν,
1694 3112 1726 3182 ἧ
1766 3112 1850 3164 ἵνα

275 3188 382 3238 κάν
405 3187 485 3258 τῷ
520 3187 620 3259 βίῳ
652 3190 787 3260 τῷδε
827 3193 1102 3258 τοσούτοις
1146 3198 1336 3259 κακοῖς
1379 3197 1700 3271 ταλαιπωρῇ
1755 3204 1851 3255 καὶ

272 3275 504 3348 ὕστερον
539 3280 698 3335 πάλιν
723 3283 903 3354 πολλῷ
928 3285 1039 3339 τῶν
1066 3287 1297 3341 ἐνταῦθα
1319 3289 1538 3359 χείρονα
1558 3291 1849 3364 προσδέχῃ,

275 3364 398 3420 καθ’
426 3369 553 3422 ὅσον
577 3371 647 3423 τὰ
677 3373 775 3442 μὲν
800 3374 953 3439 τέλος
981 3376 1126 3446 ἔχειν
1159 3380 1542 3449 προσδοκᾶται,
1567 3382 1635 3435 τὰ
1663 3382 1709 3434 δ’
1731 3385 1853 3436 ἀτε-

274 3455 532 3528 λεύτητον
556 3461 781 3529 ἐπάγειν
802 3468 912 3528 τοῖς
938 3466 1025 3518 κο)
1037 3468 1319 3537 αζομένοις
1346 3473 1557 3541 ποινήν.
1593 3472 1703 3524 Ποῦ
1738 3491 1849 3543 μοι,

273 3546 439 3600 πάλιν
477 3551 641 3618 φησὶν
670 3553 700 3603 ὁ
728 3551 1039 3622 θεόληπτος,
1072 3559 1105 3627 ἡ
1149 3560 1359 3629 μεγάλη
1393 3561 1486 3613 τοῦ
1524 3562 1852 3631 πρωτοπλά-

274 3654 403 3690 στου
430 3640 579 3704 δόξα,
616 3643 699 3694 ὅτι
730 3647 872 3715 χειρὶ
900 3646 1035 3700 Θεοῦ
1062 3649 1155 3702 καὶ
1184 3651 1327 3703 κατὰ
1353 3653 1451 3722 τὴν
1477 3652 1642 3706 αὐτοῦ
1669 3655 1853 3707 εἰκόνα
1881 3650 1884 3653 λ

274 3730 371 3781 καὶ
399 3731 656 3798 ὁμοίωσιν
706 3734 972 3805 ἐπλάσθη,
1009 3739 1101 3789 καὶ
1147 3738 1286 3809 αὕτη
1329 3743 1425 3810 μιᾷ
1466 3741 1651 3809 γεύσει
1694 3742 1849 3807 ξύλου

272 3820 621 3891 ἁπειρημένη
653 3824 958 3893 άπολώλει;
997 3827 1099 3880 ποῦ
1132 3830 1187 3881 δὲ
1216 3831 1309 3883 τοῦ
1340 3831 1596 3902 Σαλομὼν
1628 3835 1661 3903 ή
1691 3834 1852 3903 σοφία

272 3910 369 3960 καὶ
397 3910 458 3960 τὸ
484 3910 643 3975 κῦδος
669 3913 769 3982 τῆς
796 3917 1144 3985 φρονήσεως;
1187 3919 1518 3991 δεδάμασται
1549 3922 1605 3975 δὲ
1629 3925 1724 3977 καὶ
1757 3918 1850 3977 οῦ-

270 4016 364 4062 τος
402 4001 498 4055 καὶ
550 4004 817 4073 ἠτίμωται
852 4008 1116 4075 γυναιξίν.
1168 4010 1280 4063 Ποῦ
1326 4013 1382 4065 δὲ
1447 4013 1643 4077 Ἰούδας
1686 4016 1714 4066 ὁ
1758 4016 1851 4068 τὸν

267 4089 677 4163 δωδεκάριθμόν
705 4095 815 4165 (61)
848 4115 978 4150 ποτε
1017 4100 1128 4152 τῶν
1165 4102 1479 4156 ἀποστόλων
1523 4106 1683 4176 χορὸν
1711 4124 1848 4177 συμ-

269 4179 533 4253 πληρῶν;
591 4184 725 4239 ἀλλὰ
774 4190 881 4241 καὶν
926 4189 1087 4253 αὐτὸς
1142 4192 1370 4262 βραχέος
1414 4194 1570 4249 ἕκατι
1626 4198 1849 4268 κέρδους

267 4271 492 4326 αἰώνιον
530 4276 719 4328 σκότον
752 4277 1141 4348 ἀντηλλάξατο.

272 4360 379 4416 109
416 4364 629 4430 Χριστὲ
655 4364 828 4430 ἅναξ,
866 4385 917 4420 κ.
952 4384 1002 4422 τ.
1025 4370 1074 4425 ὲ.

360 4453 561 4522 Δέομαί
602 4472 716 4518 σου,
769 4460 933 4529 φησὶν
987 4462 1015 4514 ὁ
1071 4462 1458 4528 θεόπνευστος,
1508 4459 1553 4519 ὦ
1612 4468 1846 4537 μακάριε

266 4544 475 4614 Χριστὲ
519 4546 611 4599 καὶ
651 4549 1030 4618 παμϐασιλεῦ,
1077 4555 1276 4608 αὐτίκα
1310 4555 1405 4609 νῦν
1452 4560 1767 4628 ἀναστήσας
1814 4560 1847 4629 ἢ

269 4637 623 4707 μεταστήσας
648 4655 715 4708 με
743 4639 852 4693 τῶν
878 4641 973 4694 τοῦ
999 4642 1113 4712 βίου
1137 4647 1452 4717 συμφορῶν,
1473 4648 1549 4717 τῷ
1578 4649 1656 4719 σῷ
1676 4649 1849 4719 δούλῳ

264 4726 369 4795 τὴν
410 4726 550 4779 ἴασιν
587 4729 873 4802 παράσχου
896 4748 909 4761 ⁰
957 4736 1048 4788 καὶ
1074 4737 1181 4808 γὰρ
1206 4739 1365 4791 τοῦτο
1390 4741 1550 4809 μόνον
1586 4741 1749 4793 καλὸν
1772 4742 1851 4810 τῷ

263 4818 386 4871 ὄντι
408 4819 502 4870 κα)⁸
523 4819 739 4888 βέϐαιον
766 4824 1071 4895 ἀνθρώποις
1097 4829 1331 4900 ὑπάρχει
1356 4830 1505 4902 παρὰ
1536 4832 1651 4897 σοῦ,
1676 4835 1731 4885 αἱ
1751 4836 1847 4903 τῆς

263 4905 529 4978 οὐρανίας
559 4908 771 4973 ἐλπίδες
815 4913 1111 4981 βασιλείας,
1143 4920 1201 4971 ἐν
1244 4914 1333 4982 αἷς
1374 4921 1518 4990 κάμὲ
1556 4922 1753 4992 μικρόν
1786 4938 1847 4974 τε

262 4998 608 5055 άναπνέοντα
646 5001 830 5070 (iga-0v,
879 5006 940 5059 τὸ
969 5008 1319 5079 ἐλπιζόμενον
1363 5012 1677 5083 παρασχών.
1726 5009 1846 5065 Τῶν

262 5087 446 5143 ἄλλων
468 5090 526 5144 δὲ
553 5089 646 5146 τοῦ
689 5093 805 5163 βίου
849 5097 1112 5151 ποθεινὼν
1140 5104 1233 5154 καὶ
1260 5093 1525 5173 ἐραστῶν,
1569 5097 1645 5156 ὧν
1681 5092 1847 5168 πολὺς

263 5181 294 5234 ὁ
322 5180 505 5251 κόρος,
533 5184 698 5255 πολλὴ
723 5187 756 5257 ἡ
782 5187 1085 5259 πλημμύρα
1116 5193 1208 5244 καὶ
1236 5195 1267 5262 ἡ
1297 5193 1603 5264 πλησμονὴ,
1633 5196 1731 5248 ὅσα
1754 5196 1846 5248 ἐπὶ

264 5271 373 5339 γῆς
410 5272 469 5325 ἐν
525 5272 836 5345 ἀνθρώποις
904 5277 1254 5350 περισύρεται
1310 5281 1397 5333 καῖ
1460 5282 1706 5336 ποθεῖται
1752 5286 1846 5337 καὶ

264 5361 511 5431 ζητεῖται
537 5362 723 5417 ἄλλοτε
746 5367 823 5429 εἰς
843 5366 1034 5431 ἄλλους
1062 5373 1538 5442 μεταριπτούμενα
1566 5373 1660 5425 καὶ
1683 5390 1845 5443 μετα-

190 5469 201 5477 ·
265 5452 557 5514 πίπτοντα,
595 5455 772 5508 πάντα
812 5460 1130 5514 καταλιπεῖν
1173 5462 1360 5525 ἐθέλω,
1397 5463 1572 5515 πάντα
1613 5465 1844 5536 ἀφήσειν

264 5543 519 5613 εὖχομαι,
551 5540 663 5599 οἷον
691 5548 787 5619 τὴν
828 5550 1167 5622 καλουμένην
1200 5554 1291 5606 ἐπὶ
1321 5554 1424 5623 γῆς
1456 5556 1715 5625 πατρίδα,
1748 5558 1842 5610 καὶ

262 5635 437 5706 αὐτὴν
460 5638 560 5708 τὴν
584 5640 883 5714 ἀλλοδαπὴν
897 5646 987 5698 καί
1002 5644 1177 5715 ξένην,
1200 5648 1325 5710 τούς
1345 5664 1403 5699 τε
1434 5650 1840 5719 περιμαχήτους

1304 392 1370 448 IN
1403 393 1715 451 CARMINA
1752 396 2030 453 ARCANA
2071 400 2127 453 S.
2160 398 2511 456 GREGORII.

3430 413 3534 468 γει

1966 512 2070 567 Sed
2095 514 2261 568 etiam
2291 522 2364 579 te,
2386 516 2483 578 ait,
2513 528 2545 567 0
2566 513 2894 581 Alexander,
2923 517 3015 585 qui
3043 524 3093 571 te
3117 517 3379 575 cﬂ‘erebas
3407 522 3533 577 dra-

1962 605 2117 661 conis
2144 605 2498 674 lilium,quasi
2538 607 2780 663 invictus
2814 619 2867 661 et
2917 608 3268 665 indomabilis
3317 612 3531 680 fortitu-

1964 696 2090 749 dine
2111 697 2391 750 habendus
2415 713 2596 761 esses;
2647 706 2699 753 te
2740 715 2960 769 quoque
3006 717 3142 770 pene
3184 706 3330 756 omni
3376 722 3532 773 pera-

1959 795 2108 855 grata
2138 796 2301 844 terra.
2321 774 2507 840 viitum
2539 788 2967 844 immoderanter
2983 791 3225 845 domavit
3254 798 3527 861 putatum?

1960 876 2027 930 Et
2066 878 2196 947 quid
2235 878 2472 946 amplius
2518 888 2603 933 est
2637 881 2868 934 mortuis
2909 880 3127 949 regibus
3181 896 3343 949 quam
3398 900 3534 952 pau-

1966 968 2237 1036 peribhs?
2286 967 2403 1023 Una
2438 968 2693 1023 omnibus
2722 969 2921 1037 pulvis,
2962 970 3142 1023 simile
3185 972 3443 1027 ontnibus
3481 983 3534 1028 et

1960 1058 2168 1127 aequale
2190 1058 2445 1121 cadaver,
2473 1073 2605 1121 ossa.
2624 1058 2769 1112 nuda
2795 1066 3004 1114 tantum
3036 1059 3219 1115 herois
3245 1062 3449 1118 Atrida:
3480 1074 3534 1118 et

1960 1150 2028 1203 Iri
2052 1149 2195 1203 victu
2225 1150 2374 1219 parci
2399 1159 2452 1203 et
2508 1150 2822 1204 mendicato
2877 1150 3115 1205 viventis
3174 1167 3333 1221 pane.
3387 1153 3529 1222 Ipse,

1958 1239 2156 1308 inquit,
2187 1240 2413 1307 Magnus
2441 1240 2841 1294 Constantinus
2872 1249 2927 1295 et
2958 1241 3053 1310 qui
3080 1240 3213 1294 mihi
3254 1244 3532 1300 ministrat

1952 1344 2172 1393 servus,
2201 1338 2255 1381 et
2280 1328 2596 1397 quicunque
2623 1345 2831 1399 egenus
2856 1332 2974 1385 sive
3001 1335 3294 1402 opulentus
3321 1344 3377 1388 et
3416 1350 3532 1388 ma-

1955 1426 2091 1481 gnas
2113 1414 2497 1480 possessiones
2544 1414 2777 1481 habens,
2820 1434 3013 1473 omnes
3055 1422 3352 1476 morientes
3396 1423 3530 1476 nihil

1958 1501 2126 1565 aliud,
2160 1502 2296 1556 nihil
2322 1505 2560 1573 amplius
2588 1505 2791 1560 habent
2814 1508 2919 1563 nisi
2945 1514 3277 1578 sepulcrum.

1959 1590 2025 1644 97
2050 1588 2118 1643 Et
2146 1592 2355 1660 quidem
2388 1609 2471 1647 res
2512 1594 2569 1647 in
2606 1594 2708 1654 hac
2744 1595 3055 1667 vita_tales;
3099 1599 3280 1667 quales
3318 1615 3437 1651 vero
3478 1603 3529 1651 in

2865 1665 3061 1733 [altera
3087 1665 3203 1737 quis
3230 1669 3421 1721 dixerit
3439 1670 3465 1721 .9

2031 1770 2203 1838 Quam
2228 1774 2397 1827 multa
2435 1767 2656 1843 quidem
2682 1776 2736 1829 in
2763 1776 2868 1831 hoc
2895 1778 3101 1833 mundo
3125 1778 3253 1832 dum
3306 1781 3377 1832 iu'
3404 1794 3530 1832 cor-

1963 1877 2096 1931 pore
2128 1863 2363 1917 vivimus
2392 1866 2649 1918 dolorosa
2673 1873 2803 1920 sunt
2837 1874 2893 1921 et
2939 1883 3175 1931 amoma,
3210 1878 3319 1921 tam
3364 1869 3531 1921 multa

1963 1952 2212 2007 absolute
2233 1952 2379 2008 dicta
2406 1964 2535 2010 sunt
2566 1955 2647 2009 sic
2675 1971 2736 2010 se
2760 1955 3017 2011 habentia
3053 1957 3208 2027 :quis
3249 1973 3396 2023 vero,
3446 1958 3530 2011 in-

1959 2041 2098 2110 quit,
2149 2045 2397 2098 narrabit
2438 2060 2561 2114 qua;
2598 2045 2819 2113 injustis
2868 2047 2922 2100 in
2974 2048 3146 2101 altero
3193 2047 3527 2116 impendent,

1958 2149 2080 2202 qua:
2114 2136 2302 2188 ultima
2328 2136 2446 2190 dies
2476 2137 2739 2191 revelabit
2758 2138 2783 2189 ’ί
2802 2135 2938 2189 Nam
2988 2138 3061 2192 ibi
3087 2138 3232 2209 ignis
3254 2139 3527 2194 devorans

1957 2218 2218 2279 terribilis
2241 2225 2609 2288 vehementer,
2654 2234 2710 2280 et
2747 2226 2993 2296 gehenna
3040 2227 3314 2296 impendet
3353 2237 3409 2283 et
3450 2235 3531 2283 te-

1959 2315 2144 2368 nebra:
2173 2316 2476 2371 exteriores
2507 2332 2607 2385 pro
2634 2317 2720 2371 his
2754 2318 2847 2387 qui
2870 2318 3191 2387 elongantur
3210 2326 3264 2373 et
3311 2320 3472 2390 longe
3497 2335 3529 2373 a

1957 2402 2163 2458 lumine
2186 2405 2423 2471 cadunt;
2458 2406 2531 2459 ibi
2561 2417 2615 2461 et
2643 2408 2738 2477 qui
2769 2424 2874 2462 non
2907 2408 3112 2462 dormit
3146 2411 3371 2471 vermis.
3403 2425 3529 2465 nos-

1958 2503 2055 2549 trae
2080 2497 2303 2550 malitiae
2354 2498 2661 2553 recordatio
2701 2507 2756 2555 et
2790 2499 3145 2556 conscientiae
3189 2500 3419 2557 aculeus
3475 2511 3527 2557 et

1957 2598 2229 2639 accusans
2249 2601 2489 2642 morsus.

1954 2672 2150 2729 Helius
2180 2686 2293 2729 erat
2317 2678 2363 2728 si
2388 2678 2529 2742 vitm,
2564 2689 2671 2732 etc.

2027 2765 2219 2821 Melius
2244 2765 2435 2823 fuisset
2466 2770 2561 2824 tibi
2594 2778 2650 2825 et
2679 2772 2859 2841 magni
2905 2773 3293 2841 expedivisset,
3346 2787 3382 2826 o
3430 2773 3527 2842 qui

1957 2849 2059 2905 hac
2087 2853 2563 2911 animadversione
2590 2858 2789 2929 dignus
2817 2875 2899 2925 es,
2936 2861 2983 2915 si
3014 2863 3131 2915 vias
3163 2877 3285 2931 qua:
3326 2862 3394 2915 ad
3440 2863 3522 2915 vi-

1954 2937 2063 2996 tam
2092 2944 2303 2999 ducunt
2350 2960 2461 3000 non
2513 2946 2798 3017 ingressus
2849 2966 3023 3005 esses.
3079 2952 3288 3007 Bonum
3338 2953 3433 3007 tibi
3477 2954 3523 3008 si

1947 3034 2110 3079 natus
2162 3040 2271 3079 non
2312 3024 2515 3081 fuisses
2564 3028 2618 3079 in
2657 3027 2836 3093 initio,
2892 3040 2989 3082 aut
3026 3040 3212 3083 natum
3263 3040 3318 3085 et
3357 3033 3525 3086 vitam

1944 3114 2251 3183 ingressum
2285 3115 2431 3169 sicut
2478 3116 2690 3171 belluas
2743 3130 2800 3172 et
2839 3119 3088 3185 jumenta
3139 3123 3276 3174 mori
3323 3131 3378 3177 et
3425 3138 3524 3192 pu-

1943 3217 2201 3274 trescere,
2240 3224 2407 3277 quam
2450 3220 2509 3264 ut
2547 3210 2653 3265 hoc
2694 3211 2751 3266 in
2794 3228 2910 3267 ξενο
2951 3224 3029 3269 tot
3056 3226 3111 3270 et
3146 3217 3312 3282 tantis
3366 3219 3525 3273 malis

1939 3299 2301 3368 opprimaris,
2342 3310 2397 3355 et
2447 3302 2748 3357 novissime
2802 3306 2979 3359 multo
3014 3307 3295 3376 peioribus
3345 3310 3525 3366 adhuc

1938 3392 2207 3459 patiendis
2234 3393 2536 3461 subjaceas,
2569 3395 2751 3464 quoad
2782 3396 2945 3450 finem
2975 3397 3091 3452 haec
3127 3398 3377 3453 habitura
3402 3416 3525 3469 spe-

1940 3491 2152 3548 rantur,
2200 3483 2288 3537 illa
2322 3501 2449 3541 vero
2497 3501 2715 3556 poenam
2771 3488 3046 3544 damnatis
3092 3500 3350 3544 mternam
3393 3502 3525 3546 sunt

1937 3570 2260 3625 adductura.
2319 3574 2440 3639 Quo
2498 3577 2672 3641 mihi,
2734 3576 2912 3645 inquit
2956 3579 3173 3633 divinus
3234 3580 3522 3649 interpres,

1951 3669 2147 3725 magna
2180 3657 2341 3725 primi
2372 3658 2614 3728 parentis
2651 3659 2848 3729 gloria,
2892 3662 2988 3733 qui
3033 3678 3198 3717 manu
3224 3662 3321 3718 Dei
3360 3674 3413 3717 et
3455 3665 3523 3718 ad

1950 3759 2070 3813 ejus
2123 3745 2414 3815 imaginem
2462 3755 2516 3801 et
2561 3748 2975 3804 similitudinem
3042 3753 3342 3822 plasmatus
3398 3762 3521 3818 est,

1952 3848 2074 3901 qua:
2107 3833 2278 3902 gloria
2312 3834 2476 3888 unica
2507 3851 2538 3889 e
2565 3835 2713 3906 ligno
2753 3839 3066 3907 gustatione
3118 3851 3375 3911 corrupta
3427 3860 3523 3911 pe-

1952 3924 2088 3976 riit?
2116 3923 2235 3989 Quo
2268 3924 2575 3983 Salomonis
2598 3929 2868 3995 sapientia
2901 3939 2955 3983 et
2985 3932 3285 3999 prudentia:
3307 3934 3476 3987 decus
3502 3934 3525 3987 ?

1952 4013 2203 4069 Domitus
2239 4024 2399 4070 estet
2433 4018 2551 4086 ipse
2608 4021 3154 4092 eontemptibilisque
3201 4024 3379 4079 factus
3428 4040 3524 4094 per

1951 4103 2226 4158 mulieres.
2261 4104 2380 4169 Quo
2426 4105 2598 4160 Judas
2644 4107 2739 4176 qui
2787 4108 3188 4169 duodenarium
3238 4114 3526 4181 Apostolo~

1951 4210 2070 4248 rum
2102 4209 2391 4249 numerum
2429 4198 2780 4267 complebat?
2810 4198 2914 4254 Sed
2939 4209 2993 4256 et
3017 4200 3133 4271 ipse
3180 4204 3330 4271 parvi
3374 4203 3524 4266 “lucri

1950 4300 2118 4339 causa
2151 4293 2383 4339 aeternas
2411 4287 2651 4341 obtinuit
2678 4290 2953 4344 tenebras.

1958 4375 2053 4430 I09
2082 4374 2290 4429 Christe
2319 4391 2431 4438 rex,
2463 4384 2571 4431 etc.

2019 4465 2261 4521 Obsecro
2294 4475 2366 4533 te,
2390 4470 2467 4521 ait
2496 4470 2795 4537 inspiratus
2818 4484 2847 4523 a
2875 4469 3005 4535 Deo,
3039 4486 3071 4525 0
3097 4472 3253 4528 beate
3274 4473 3523 4540 Christe,

1952 4572 2044 4610 rex
2073 4556 2344 4620 omnium,
2372 4571 2603 4626 propera
2654 4573 2804 4612 nunc
2848 4561 3067 4630 erigens
3112 4569 3207 4614 aut
3260 4564 3525 4619 allevians

1950 4664 2034 4702 nte
2054 4664 2085 4702 e
2105 4648 2228 4701 vine
2255 4648 2694 4714 calamitatibus;
2726 4664 2885 4703 servo
2916 4659 3012 4705 tuo
3043 4650 3309 4706 medelam
3353 4652 3517 4718 aﬂer;

1952 4755 2187 4808 namque
2219 4739 2351 4793 illud
2392 4749 2605 4793 tantum
2640 4756 2827 4794 revera
2882 4742 3085 4796 bonum
3139 4754 3194 4798 et
3241 4744 3454 4799 ﬁrmum
3494 4762 3525 4799 a

1949 4836 2002 4879 te
2026 4826 2077 4880 in
2113 4826 2429 4881 hominibus
2458 4837 2649 4900 restat,
2683 4844 2809 4897 spes
2836 4829 2987 4899 regni
3014 4830 3261 4885 cmlestis
3291 4831 3357 4884 ad
3378 4837 3525 4900 quod

1950 4918 2229 4987 paululum
2257 4918 2590 4987 aspirantem
2620 4933 2706 4973 me
2743 4918 2925 4973 vivere
2971 4920 3078 4985 fac,
3126 4933 3341 4990 sperata
3393 4940 3525 4978 con-

1946 5008 2166 5063 cedens.
2202 5006 2390 5073 Quoad
2414 5009 2519 5062 alia
2548 5024 2678 5064 vero
2712 5010 2836 5064 vita:
2870 5012 3260 5067 desiderabilia
3290 5023 3345 5069 et
3368 5031 3517 5071 ama.

1946 5097 2098 5165 bilia,
2128 5099 2195 5152 de
2223 5101 2425 5170 quibus
2454 5102 2681 5157 satietas
2722 5104 2893 5157 multa
2915 5144 2929 5168 ,
2974 5107 3142 5160 unilta
3170 5108 3526 5177 superﬂuitas

1945 5198 1999 5243 et
2022 5193 2402 5254 exuberantia,
2439 5204 2709 5265 quotquot
2731 5211 2907 5265 super
2959 5206 3106 5252 terra
3145 5200 3293 5253 circa
3342 5202 3522 5254 homi-

1946 5298 2042 5337 nes
2062 5284 2482 5358 vnlutantur,et
2516 5285 2793 5342 desiderio
2846 5289 3212 5358 qumsitnique
3238 5301 3389 5354 sunt,
3412 5292 3524 5345 alio

1946 5374 2001 5426 in
2055 5375 2195 5428 alios
2234 5357 2448 5442 jactata
2500 5386 2554 5430 et
2604 5377 2926 5442 incidentia,
2972 5389 3171 5434 cuncta
3209 5382 3521 5451 relinquere

1944 5465 2109 5530 volo,
2164 5474 2362 5520 cuncta
2420 5470 2837 5534 praetermittere
2892 5485 3110 5538 precor,
3131 5487 3324 5540 nempe
3375 5474 3519 5527 illam

1944 5572 2107 5625 quam
2153 5556 2207 5608 iu
2240 5566 2385 5609 terra
2429 5562 2657 5627 patriam
2694 5575 2978 5625 vocamus,
3028 5570 3082 5614 et
3123 5562 3293 5629 ipsam
3339 5563 3517 5633 hospi-

1946 5649 2107 5702 talem
2140 5656 2192 5701 et
2221 5649 2451 5701 alienam
2490 5650 2785 5718 plagani,et
2816 5651 3045 5705 thronos
3080 5655 3381 5723 eireaqnos
3420 5673 3515 5723 pu-

240 5746 245 5753 ’
337 5756 455 5824 (Gl)
495 5760 906 5834 Δωδεκᾶιριθμος
946 5763 1097 5820 ﬁnxit
1121 5763 1342 5823 Nonnus
1374 5767 1634 5837 Patapln‘.
1667 5784 1714 5823 c.
1746 5769 1832 5831 15,

1952 5765 2125 5833 5,5ι).λ’
2157 5768 2244 5819 ὅτε
2278 5766 2432 5831 νόσφι
2461 5765 2897 5837 δυωδεκάριθμος
2939 5769 3155 5834 Ἰούδας,
3185 5779 3238 5825 et
3269 5770 3322 5834 ‘2,
3352 5771 3440 5827 67.
