4020 6302
455 326 562 381 ’155

445 462 481 518 ε
507 465 554 498 ιιι
590 461 728 516 opus
751 453 919 508 estyet
947 447 1329 516 gloriationem
1369 463 1399 501 e
1432 447 1571 502 solio
1609 445 2014 516 procedentem,

445 551 570 591 cum
602 537 839 592 elatione
869 545 923 592 et
959 536 1319 606 decore~quze
1367 553 1431 592 ex
1481 551 1670 592 eorum
1721 535 2020 590 ambitione

448 623 599 689 ﬂuit,
640 625 894 681 similiter
919 637 972 680 et
998 641 1093 680 eos
1122 628 1216 695 qui
1253 626 1486 696 proximi
1521 635 1648 680 sunt
1685 641 1752 679 ex
1796 638 2015 694 genere,

443 723 500 772 et
531 716 624 785 qui
659 717 854 781 alieno,
881 725 935 771 et
962 718 1052 786 qui
1086 719 1158 786 pii
1192 718 1536 772 aestimantur
1569 725 1622 770 et
1665 715 1836 784 impii,
1881 714 2018 769 sim-

447 807 616 874 plices
640 817 691 860 et
719 821 818 861 eos
845 808 939 876 qui
974 809 1167 874 spiritu
1208 807 1407 862 sinceri
1450 815 1579 861 sunt
1607 816 1661 860 et
1690 805 1944 871 candidi,
1967 811 2020 858 et

445 902 619 950 tectos
652 896 906 966 malaque
943 897 1134 951 dolose
1184 908 1442 967 agentes;
1489 898 1757 960 omnium,
1805 910 2016 964 precor,

447 984 698 1039 inveniar
736 987 1008 1055 superior,
1033 997 1088 1042 et
1113 988 1327 1041 illorum
1353 989 1448 1056 qui
1500 987 1620 1042 sine
1668 987 1872 1040 invidia
1921 986 2020 1040 ho-

446 1090 576 1128 num
611 1077 834 1130 oculum
859 1077 917 1132 in
955 1093 1060 1133 nos
1088 1078 1399 1144 intendunt,
1437 1087 1490 1132 et
1526 1078 1756 1133 istorum
1800 1079 1893 1148 qui
1935 1079 2018 1132 in-

446 1167 1416 1238 vidiatabescunt,malitiaipsismet
1466 1170 1533 1222 ad
1582 1179 1814 1223 mortem
1844 1185 2019 1240 usque

447 1260 664 1321 nociva,
699 1258 850 1312 intus
879 1259 1167 1312 adversum
1202 1274 1303 1313 nos
1343 1260 1663 1314 sentientes.

444 1345 582 1399 Aliis
615 1362 820 1400 amoena
844 1348 984 1412 vita,
1017 1357 1123 1402 etc.
1709 1393 1712 1398 .

499 1436 654 1492 .Aliis
678 1438 789 1491 sint
825 1440 1201 1494 amantissima
1247 1441 1434 1496 mundi
1466 1441 2018 1513 magnipendentibns

443 1541 569 1596 quas
597 1528 777 1584 dulcia
809 1539 938 1585 sunt
962 1532 1156 1598 carni;
1195 1548 1297 1602 ego
1342 1548 1473 1587 vero
1498 1534 1712 1588 l'ortiter
1745 1533 1860 1587 haec
1886 1533 2019 1602 reji-

443 1620 589 1673 ciam
631 1629 891 1689 tanquam
940 1622 1136 1676 animae
1179 1624 1419 1677 vincula.
1462 1623 1559 1677 Hei
1604 1625 1770 1677 mihi!
1820 1624 2020 1695 Longa:

444 1711 573 1761 vita
613 1706 890 1763 diuturnis
957 1710 1239 1766 doloribus
1290 1711 1527 1768 aﬂlictus
1583 1728 1888 1784 usquequo,
1933 1716 2018 1769 in-

444 1796 582 1864 quit,
621 1796 673 1850 in
730 1798 1009 1853 alimentis
1056 1801 1265 1855 ventris
1311 1809 1364 1856 et
1400 1802 1456 1855 in
1493 1802 1619 1856 ﬁmo
1666 1804 2022 1858 delectabor?

443 1884 737 1953 usquequo
771 1886 1034 1955 recipiam
1060 1895 1114 1941 et
1137 1888 1356 1956 ejiciam
1379 1890 1407 1942 ἵ
1447 1905 1683 1960 namque
1730 1894 1876 1961 quod
1920 1909 2015 1948 su-

444 1975 615 2029 mitur
642 1977 709 2031 ad
747 1975 910 2032 vitam
966 1979 1251 2034 hominum
1305 1981 1530 2045 bonum,
1580 1985 1875 2039 oblectatio
1916 1985 2016 2040 du-

445 2066 570 2134 plel
595 2077 700 2131 est,
735 2071 972 2138 primum
1003 2071 1055 2125 in
1077 2072 1366 2135 sumendo,
1388 2074 1583 2128 deinde
1609 2075 1662 2129 in
1696 2076 2014 2144 rejiciendo,

445 2157 647 2225 repleri
680 2161 978 2222 alimentis,
1022 2161 1217 2217 deinde
1250 2166 1562 2234 expurgari,
1596 2166 1668 2219 ita
1712 2177 1767 2221 ut
1801 2169 2018 2223 cellaria

446 2247 727 2302 fructuum
770 2252 1044 2320 complere
1086 2261 1141 2306 et
1189 2269 1458 2308 evacuare
1495 2256 1785 2310 oblectatio
1817 2258 1889 2312 sit
1919 2260 2020 2312 du-

448 2339 592 2408 plex,
621 2340 687 2392 de
717 2340 806 2394 die
837 2342 891 2394 in
918 2327 1089 2396 diem.
1109 2351 1318 2397 mutata
1347 2353 1402 2399 et
1447 2347 1688 2400 vicissim
1724 2348 2017 2403 transiens.

445 2427 758 2493 Paululum,
805 2431 1006 2501 inquit,
1054 2442 1310 2502 tanquam
1361 2435 1414 2489 in
1463 2435 1698 2491 transitu
1739 2438 2019 2491 titillatum

445 2528 670 2588 guttur,
735 2523 877 2575 sicut
942 2524 1196 2578 vehiculo
1255 2526 1342 2579 vel
1415 2529 1776 2596 aquaaductu,
1844 2529 2020 2583 ventri

443 2617 645 2663 cuncta
665 2619 714 2663 et
747 2611 959 2667 latrinis
985 2613 1172 2667 mittit.
1205 2613 1400 2670 Postea
1435 2617 1724 2686 perpendit
1749 2627 1804 2672 et
1834 2632 2020 2672 verum

446 2704 503 2752 et
535 2701 766 2770 congrui
817 2703 1082 2772 temporis
1128 2705 1540 2761 vicissitudines
1585 2717 1638 2761 et
1677 2712 2016 2764 varietates:

447 2789 622 2844 hiems
676 2790 850 2861 frigus
899 2792 1074 2862 affert,
1118 2807 1283 2851 testas
1325 2811 1458 2852 vero
1503 2799 1743 2855 calorem
1790 2803 2019 2872 spargit,

448 2892 545 2932 ver
596 2880 793 2936 hiemis
840 2883 987 2938 vices
1039 2887 1276 2954 supplet,
1335 2897 1390 2943 et
1439 2891 1651 2946 aestatis
1704 2903 2017 2960 autumnus,

447 2971 594 3024 sicut
623 2971 820 3027 diebus
850 2975 1038 3030 noctes
1069 2984 1124 3030 et
1164 2978 1421 3032 noctibus
1460 2981 1658 3035 iterum
1686 2982 1806 3037 dies
1831 2997 2023 3040 succe-

445 3058 606 3122 dunt,
659 3059 978 3129 duplicibus
1031 3066 1317 3133 praesentis
1369 3067 1493 3120 vita:
1536 3068 1729 3139 ﬁguris
1760 3071 2020 3127 vicissim

447 3148 752 3204 immutatis
800 3159 854 3205 et
902 3153 1243 3208 substitutis.
1274 3155 1386 3208 Cur
1439 3155 1553 3212 hac
1602 3157 1766 3214 dico?
1809 3158 2019 3215 Casium

450 3237 616 3301 idem,
681 3248 846 3304 terra,
879 3256 1052 3305 mare,
1084 3250 1138 3295 ct
1176 3243 1312 3296 nihil
1343 3260 1542 3299 novum
1573 3253 1626 3301 et
1650 3246 1787 3301 nihil
1808 3264 2020 3315 recens,

450 3324 748 3386 nribi,dieit
787 3328 1167 3395 Ecclesiastes,
1211 3333 1315 3388 sub
1350 3333 1487 3395 sole,
1532 3349 1634 3388 nec
1681 3352 2024 3406 quaecunque

449 3417 736 3485 coagulata
771 3429 898 3473 sunt
938 3428 992 3475 et
1035 3427 1181 3474 stant
1211 3421 1577 3478 immutabilia
1621 3426 1763 3480 sicut
1799 3434 1942 3481 terra
1970 3435 2024 3480 et

449 3522 571 3576 qua:
607 3507 659 3560 in
701 3523 763 3563 ea
814 3519 963 3576 sunt,
994 3526 1094 3566 nec
1127 3527 1472 3582 quaecunque
1496 3517 1548 3568 in
1582 3515 1770 3570 orbem
1799 3533 2024 3572 moven-

449 3607 562 3663 tur,
600 3591 746 3652 sicut
783 3601 982 3654 coelum
1034 3610 1088 3656 et
1125 3603 1231 3658 hoc
1275 3605 1420 3673 quod
1458 3607 1720 3674 continet,
1746 3607 1801 3661 in
1843 3608 2025 3664 circu-

451 3691 564 3744 lunt
596 3688 803 3762 jugiter
833 3701 974 3748 acta.

453 3873 521 3928 10
554 3869 758 3926 Horum
795 3872 1043 3936 (mdium;
1068 3874 1236 3926 aliam
1277 3874 1408 3927 mihi
1441 3875 1624 3939 vitam,
1659 3883 1763 3930 etc.

523 3957 753 4025 ﬂorum,
781 3962 978 4030 inquit,
1028 3963 1307 4018 suﬂiciens
1341 3963 1506 4019 fuerit
1550 3965 1835 4035 hucusque
1865 3982 2020 4030 usus,

452 4053 771 4107 transitoria
796 4051 981 4107 videre
1000 4069 1084 4107 me
1103 4055 1287 4119 taedet,
1308 4055 1444 4109 satis
1460 4058 1800 4126 corruptibili
1821 4058 2026 4112 mundo

456 4145 659 4200 fruitus
702 4160 825 4198 sum
860 4164 872 4199 :
905 4145 1069 4200 aliam
1122 4143 1254 4199 mihi
1299 4149 1492 4210 vitam,
1525 4145 1694 4202 alium
1739 4151 2032 4220 mundum,

453 4254 488 4292 ο
533 4238 769 4298 Christe,
808 4239 1008 4301 tribue,
1061 4246 1286 4307 propter
1321 4253 1485 4307 quam
1529 4239 1692 4291 vitam
1737 4239 1924 4296 laboro
1973 4251 2029 4296 et

457 4331 638 4400 patior
695 4329 913 4382 fortiter
961 4337 1158 4382 cuncta
1214 4327 1396 4383 l'crens
1451 4343 1778 4394 aerumnosa,
1828 4341 2028 4386 cuncta

455 4421 610 4473 durze
643 4420 767 4473 vitae
815 4416 1042 4473 adversa
1085 4414 1309 4481 suiTero,
1361 4417 1428 4470 ad
1477 4417 1945 4488 incorruptibilem
1979 4431 2030 4476 et

455 4508 754 4568 solutionis
809 4511 1108 4566 immunem
1171 4509 1423 4564 tendens.
1484 4504 1702 4563 Utinam
1781 4511 1911 4563 mihi
1977 4519 2031 4566 et

456 4604 596 4658 mori
621 4598 941 4672 contigisset
972 4615 1097 4655 cum
1151 4601 1412 4655 maternis
1450 4600 1753 4656 visceribus
1789 4602 2025 4670 ligabar!

455 4695 592 4750 Nam
641 4689 828 4747 statim
877 4700 1086 4753 natum,
1133 4688 1592 4761 quemadmodum
1669 4692 1907 4747 tenebrae
1977 4703 2032 4748 et

457 4785 767 4845 tribulatio,
800 4784 872 4836 ita
904 4783 1156 4850 lacrymm
1182 4777 1600 4836 comitabantur.

459 4875 564 4932 155
603 4877 734 4943 Quae
764 4877 908 4931 vita?
941 4884 1041 4930 etc.

531 4968 664 5033 Quae
695 4966 846 5020 vita?
872 4964 1003 5033 quid
1043 4963 1097 5017 in
1139 4960 1522 5033 ipsa,'inquit,
1560 4960 1925 5020 desiderabile
1950 4977 2036 5020 est

457 5070 512 5114 ct
545 5057 812 5112 amabile?
862 5050 1054 5109 Nonne
1093 5056 1249 5124 quasi
1303 5069 1334 5108 e
1378 5054 1651 5122 sepulcro,
1697 5070 1726 5109 e
1771 5059 2035 5124 mategnis

458 5150 769 5205 visceribus
801 5148 1012 5212 exiens,
1050 5147 1116 5200 ad
1157 5147 1389 5200 alterum
1431 5146 1742 5214 sepulcrum
1779 5147 1934 5214 vado,
1969 5146 2035 5200 ad

465 5243 732 5295 mortem?
761 5240 800 5292 E
836 5237 1081 5294 secundo
1126 5245 1305 5290 autem
1342 5237 1435 5289 illo
1466 5250 1648 5291 nonne
1680 5238 1734 5290 in
1769 5237 1894 5306 igne
1935 5238 2036 5292 ite-

464 5347 586 5384 rum
645 5330 882 5399 sepeliar
934 5325 1440 5382 immisericorditer
1494 5341 1686 5393 pmnas
1741 5327 2037 5395 impietatis

465 5421 753 5492 praesentis
779 5422 877 5475 :evi
916 5417 1187 5474 daturus?
1217 5417 1279 5470 Et
1319 5424 1581 5485 quantum
1625 5418 1805 5471 vivere
1850 5419 1902 5469 in
1944 5433 2036 5469 vo-

468 5516 676 5582 luptate
711 5513 842 5564 mihi
878 5511 1077 5582 placet,
1110 5516 1322 5562 tantum
1357 5507 1467 5561 illic
1505 5508 1607 5561 ftui
1653 5523 1759 5561 non
1796 5508 2036 5563 ﬂuminis

470 5612 890 5672 torrcnthnam
913 5602 1257 5670 rapidissime
1293 5600 1549 5670 fugientis
1570 5600 1790 5654 omnino
1822 5615 2033 5680 aequum

541 5713 650 5777 (6'2)
691 5715 822 5768 Gud.
859 5714 1063 5783 ὀπῶρα.

1792 325 2084 385 NICETAS
2146 328 2359 388 DAVID

3591 322 3700 386 ’156

2126 447 2349 516 θρόνους
2379 446 2473 500 καὶ
2509 447 2570 500 τὺ
2609 447 2903 518 ἀπόθρονον
2934 438 3110 518 εὖχος,
3139 448 3254 516 ἦτοι
3283 447 3344 499 τὸ
3371 446 3465 498 ἐπὶ
3499 445 3567 515 τῇ
3601 445 3700 499 αὑ-

2123 538 2231 591 τῶν
2253 539 2581 610 παραιτήσει
2615 538 2874 608 καύχημα
2899 539 2992 592 καὶ
3021 538 3201 600 κλέος,
3233 536 3432 604 ὁμοίως
3457 537 3552 589 καὶ
3574 538 3702 597 τοὺς

2125 630 2293 698 ἐγγὺς
2332 629 2472 682 κατὰ
2498 629 2652 698 γένος
2699 631 2794 683 καὶ
2816 629 3138 697 ἀλλογενεῖς,
3159 628 3252 680 καὶ
3285 626 3410 688 τοὺς
3456 625 3702 687 εὐσεϐεῖς

2126 721 2531 792 φημιζομένους
2559 722 2654 774 καὶ
2685 720 2923 786 ἀσεϐεῖς,
2946 719 3072 780 τούς
3094 735 3154 770 τε
3179 716 3381 780 ἁπλοῦς
3397 718 3492 768 καὶ
3522 716 3702 777 εύθείς

2125 813 2216 865 τὸν
2252 812 2377 865 νοῦν
2421 812 2514 865 καὶ
2546 813 2815 882 φανεροὺς
2838 850 2852 873 ,
2875 810 3000 873 τούς
3021 826 3079 861 τε
3100 810 3375 878 κρυπτοὺς
3397 807 3493 859 καὶ
3513 804 3724 866 δολίωςί

2126 901 2584 972 κακουργοῦντας
2611 904 2827 956 πάντων
2851 901 3048 972 ὑπέρτε
3057 916 3147 972 ρος
3169 897 3396 966 εὔχομαι
3420 893 3700 964 γενέσθαι,

2126 995 2236 1049 τῶν
2280 997 2328 1047 τ’
2361 993 2672 1048 ἀϐάσκανον
2699 991 2855 1064 δμμα
2904 992 3000 1045 καὶ
3024 986 3266 1051 ἐπιεικές
3322 985 3455 1058 ἡμῖν
3483 989 3703 1054 ἐπερει-

2123 1087 2344 1148 δόντων,
2380 1085 2489 1138 τῶν
2534 1102 2594 1138 τε
2644 1084 2881 1154 φθονερᾷ
2934 1083 3026 1136 καὶ
3076 1080 3354 1150 αὑτοφόνῳ
3397 1077 3567 1145 κακίᾳ
3604 1076 3703 1127 ὲκ-

2123 1174 2439 1246 τηκομένων
2462 1175 2607 1228 ἔνδον
2636 1177 2701 1245 τῇ
2730 1172 2936 1243 διανοίᾳ
2960 1171 3080 1224 καθ’
3112 1169 3293 1241 ἡμῶν.

2129 1350 2365 1414 Ἄλλως
2394 1348 2619 1415 τερπνὰ
2639 1347 2821 1410 βίοιο,
2851 1363 2906 1398 κ.
2929 1362 2978 1397 τ.
3005 1344 3084 1410 ἐξ.

2200 1440 2416 1502 Ἀλλοις
2443 1439 2583 1490 ἔστω
2627 1438 2693 1491 τὰ
2739 1437 2932 1507 ἣδιστα
2976 1433 3071 1487 τοῦ
3109 1434 3316 1503 κόσμου
3357 1434 3470 1495 τοῖς
3505 1425 3705 1483 πολλοῦ

2123 1531 2456 1601 τιμωμένοις
2499 1528 2601 1597 τῆς
2635 1527 2833 1598 σαρκὸς
2875 1524 2972 1595 τὴν
3002 1523 3196 1595 ἡδονὴν
3215 1562 3231 1586 ,
3275 1521 3385 1590 ἐγὼ
3415 1522 3471 1574 δὲ
3496 1519 3712 1589 ταύτην

2125 1621 2421 1696 προθύμως
2444 1620 2518 1682 ὼς
2553 1619 2749 1688 δεσμὸν
2773 1616 3150 1686 ἀποφεύξομαι
3184 1614 3384 1684 ψυχῆς.
3415 1611 3575 1682 Οῐμοι
3602 1610 3704 1664 τοῦ

2127 1710 2339 1782 μακροῦ
2364 1710 2506 1779 βίουί
2543 1711 2769 1778 μακροῖς
2791 1707 2977 1774 ἄλγεσι
3000 1705 3328 1773 πονούμενος
3356 1704 3517 1774 μέχρι
3535 1702 3702 1765 τίνος,

2124 1803 2281 1873 φησὶ,
2313 1801 2423 1865 τοῖς
2446 1819 2504 1854 τε
2538 1799 2788 1871 βρώμασι
2817 1800 2916 1869 τῆς
2942 1796 3176 1869 γαστρὸς
3207 1797 3301 1850 καὶ
3329 1799 3450 1858 ταῖς
3477 1796 3706 1863 κάπροις

2125 1896 2612 1967 ἑμφιλοχωρήσως
2677 1890 2837 1963 μέχρι
2892 1888 3035 1954 τίνος
3094 1887 3316 1959 δέξομαι
3384 1885 3478 1941 καί
3529 1887 3708 1955 dump-

2127 1985 2387 2059 ρίιίομαις
2440 1985 2551 2038 Καὶ
2589 1984 2699 2054 γὰρ
2736 1983 2796 2036 τὸ
2837 1980 3026 2035 δοκοῦν
3051 1978 3196 2035 ἅπαν
3224 1979 3290 2049 τῇ
3324 1977 3437 2047 ζωῇ
3466 1976 3574 2029 τῶν
3608 1978 3706 2028 ἀν-

2125 2075 2356 2146 θρώπων
2385 2073 2654 2142 ὑπάρχειν
2674 2071 2879 2149 ἀγαθὸν
2903 2071 3156 2138 δίστομος
3182 2066 3340 2138 χάρις
3363 2068 3500 2130 ἐστὶ,
3523 2065 3716 2119 λαϐεῖν

2125 2164 2360 2236 πρῶτον,
2419 2160 2538 2216 εἶτα
2589 2161 2766 2232 ῥίψαι,
2825 2159 3176 2231 πληρωθῆναι
3237 2157 3533 2229 βρώσεως,
3586 2150 3712 2208 εἶτα

2126 2255 2468 2324 κενωθῆναι,
2530 2253 2720 2322 ὥσπερ
2794 2251 2889 2304 καὶ
2947 2251 3016 2302 τὰ
3067 2251 3267 2318 ταμεῖα
3309 2247 3418 2298 τῶν
3479 2245 3711 2315 καρπῶν

2126 2342 2369 2415 πληροῦν
2406 2343 2499 2396 καὶ
2530 2341 2719 2396 κενοῦν
2752 2341 2998 2410 δίστομός
3029 2342 3144 2393 ἐστι
3169 2340 3349 2410 χάρις,
3377 2338 3592 2408 ἡμέραν
3620 2337 3710 2404 ἐφ’

2127 2434 2339 2506 ἡμέρας
2375 2434 2432 2486 ὲν
2490 2431 2673 2504 μέτρῳ
2719 2430 3166 2500 ὑπαλλαττομένη
3220 2432 3310 2483 καὶ
3350 2428 3697 2482 ύπαπιοῦσα.

2126 2525 2311 2590 Μικρὰ
2334 2525 2453 2593 μὲν,
2484 2524 2669 2593 φησὶν,
2704 2522 2778 2584 ὡς
2814 2523 2873 2574 ὲν
2905 2520 3122 2591 παρόδῳ
3154 2518 3404 2588 τερφθεὶς
3434 2520 3462 2570 ὁ
3491 2516 3710 2585 λαιμὸς,

2127 2613 2202 2676 ὡς
2243 2615 2301 2666 ὲν
2343 2613 2532 2684 ἀμάρᾳ
2566 2613 2659 2666 καὶ
2696 2612 2899 2680 ἀγωγῷ
2940 2614 3006 2681 τῇ
3050 2611 3246 2680 γαστρὶ
3279 2609 3456 2662 πάντα
3487 2607 3584 2662 καὶ
3629 2605 3713 2676 τῷ

2125 2701 2395 2774 ἀφεδρῶνι
2436 2702 2824 2772 παραπέμπει·
2872 2699 3062 2754 σκόπει
3106 2697 3162 2754 δὲ
3195 2699 3329 2771 πρὸς
3358 2700 3568 2762 τούτοις
3616 2701 3714 2753 καὶ

2127 2797 2186 2849 τὸ
2215 2796 2324 2848 τῶν
2352 2795 2629 2863 στοιχείων
2661 2791 2755 2846 καὶ
2783 2791 2890 2845 τῶν
2918 2792 3124 2862 καιρῶν
3153 2788 3440 2844 ἀλλοιωτὸν
3470 2791 3563 2843 καλ⁵
3583 2807 3712 2860 τρε-

2128 2887 2288 2939 πτόν·
2323 2882 2529 2955 χειμὼν
2570 2883 2667 2952 μὲν
2706 2882 3030 2952 καταψύχει,
3084 2881 3239 2952 θέρος
3293 2877 3350 2934 δὲ
3383 2876 3540 2942 αὖθις
3571 2882 3710 2934 ἀνα-

2129 2975 2352 3046 φλέγει,
2396 2975 2495 3045 ἔαρ
2534 2975 2631 3044 μὲν
2679 2973 2896 3043 ἀμείϐει
2938 2970 3030 3025 τὸν
3063 2973 3326 3043 χειμῶνα,
3355 2970 3547 3041 ὀπώρα
3595 2971 3712 3037 (6'2)

2129 3067 2186 3118 δὲ
2212 3066 2273 3118 τὸ
2304 3066 2482 3135 Θέρος,
2510 3063 2699 3134 ὥσπερ
2729 3063 2827 3127 τὰς
2854 3064 3068 3134 ἡμέρας
3115 3061 3212 3133 μὲν
3258 3064 3315 3117 αἱ
3360 3064 3572 3127 νύκτες,
3607 3065 3714 3126 τὰς

2129 3155 2327 3218 νύκτας
2351 3155 2405 3207 δὲ
2435 3151 2502 3208 αὖ
2531 3157 2586 3208 αἱ
2621 3154 2848 3225 ἡμέραι,
2881 3154 2951 3207 τὰ
2976 3153 3133 3207 δισσά
3163 3154 3256 3207 τοῦ
3287 3155 3554 3224 παρόντος
3592 3155 3714 3223 βίου

2129 3238 2389 3316 φάσματα
2435 3246 2773 3314 διαμείϐουσι
2822 3245 2915 3298 καὶ
2962 3245 3379 3299 ὑπαλλάττουσι.
3433 3245 3497 3297 Τί
3538 3244 3716 3298 ταῦτά

2131 3351 2305 3405 φημις
2358 3335 2597 3406 Οὐρανὸς
2643 3335 2670 3387 ὁ
2719 3335 2916 3399 αὐτὸς,
2955 3335 3046 3403 γῆ,
3083 3335 3346 3399 θάλασσα,
3401 3335 3496 3387 καὶ
3556 3333 3718 3387 οὐδὲν

2131 3426 2392 3495 νεώτερον
2453 3426 2548 3479 καὶ
2595 3425 2749 3478 οὐδὲν
2798 3425 2985 3478 καινὸν
3039 3424 3250 3494 ἔμοιγε,
3290 3425 3456 3495 φησὶν
3501 3425 3531 3476 ὁ
3589 3425 3717 3476 Ἐκ-

2130 3516 2594 3587 κλησιαστὴς,ύπδ
2617 3514 2707 3570 τὸν
2735 3515 2906 3586 ἥλιον,
2939 3513 3052 3568 οὔθ’
3085 3515 3185 3568 ὅσα
3218 3516 3400 3586 πηκτὰ
3434 3517 3586 3568 πέλει
3617 3515 3718 3569 καὶ

2135 3608 2363 3678 βέϐηκεν
2391 3606 2621 3675 ἀκίνητα
2648 3603 2838 3676 ὥσπερ
2867 3605 2938 3674 γῆ
2975 3598 3068 3658 καὶ
3095 3604 3166 3658 τὰ
3205 3606 3334 3676 περὶ
3365 3607 3557 3678 αὐτὴν,
3594 3605 3717 3658 οὗθ’

2131 3703 2229 3754 ὅσα
2270 3698 2678 3769 περιτρέπεται,
2730 3696 2920 3768 ὥσπερ
2963 3695 3191 3767 οὐρανὸς
3227 3696 3420 3751 καὶτὰ
3464 3698 3523 3749 ὲν
3560 3693 3720 3765 αύτῷ

2131 3789 2369 3853 ἀεννὰως
2403 3788 2496 3841 καὶ
2526 3786 2804 3850 κυκλικῶς
2836 3783 3269 3858 περιδινούμενα.

2135 3880 2203 3934 10
2233 3878 2356 3933 Τῶν
2382 3879 2558 3943 κόρος
2598 3876 2709 3945 (65)
2745 3894 2758 3906 ·
2803 3877 2998 3930 ἄλλον
3029 3875 3227 3944 ἔμοιγε
3258 3874 3422 3939 βίον,
3458 3891 3512 3929 κ,
3539 3891 3590 3926 τ.
3622 3873 3672 3926 λ.

2205 3968 2443 4031 Τούτων,
2477 3968 2662 4036 φησὶν,
2705 3966 2823 4030 ἃλις
2848 3966 3035 4035 ἔμοιγε
3082 3959 3188 4018 τῶν
3211 3963 3579 4024 ἀπολαύσεων,
3620 3980 3718 4016 κε-

2134 4060 2407 4131 κόρεσμαι
2420 4059 2527 4111 τῶν
2553 4055 2902 4129 τερπομένων
2925 4059 3022 4126 τῆς
3045 4053 3285 4136 ὁράσεως
3305 4097 3321 4120 ,
3347 4054 3721 4125 ἀποχρώντως

2133 4149 2227 4202 τοῦ
2268 4147 2507 4220 φθαρτοῦ
2539 4148 2743 4216 κόσμου
2775 4144 3194 4217 κατετρύφησα·
3242 4145 3398 4199 ἄλλον
3437 4145 3556 4214 ἐμοὶ
3595 4145 3719 4214 βίον

2138 4243 2230 4297 καὶ
2262 4243 2466 4312 κόσμον
2491 4281 2505 4305 ,
2530 4234 2574 4292 ὧ
2603 4239 2802 4310 Χριστὲ
2820 4279 2834 4302 ,
2875 4238 3023 4292 δίδου
3047 4278 3062 4302 ,
3100 4238 3165 4290 δι’
3197 4237 3255 4290 ὃν
3282 4236 3460 4289 πονῶν
3487 4237 3578 4288 καὶ
3611 4253 3720 4301 καέ

2139 4333 2389 4390 κοπαθῶν
2420 4331 2713 4402 προθύμως
2745 4329 2920 4384 πάντα
2962 4329 3112 4400 φέρω
3149 4327 3215 4382 τὰ
3245 4328 3498 4396 ἀλγεινὰ,
3532 4328 3717 4392 πάσας

2138 4425 2353 4480 ἀνατλῶ
2393 4423 2676 4494 συμφορὰς
2707 4421 2944 4491 σκληροῦ
2972 4421 3086 4491 βίου
3112 4460 3127 4483 ,
3160 4421 3296 4488 πρὸς
3322 4419 3412 4472 τὸν
3437 4419 3718 4488 ἄφθαρτον

2140 4518 2234 4570 καὶ
2271 4516 2474 4569 ἄλυπον
2512 4495 2757 4584 ἀφορῶνέ
2792 4509 2907 4566 αἴθε
2934 4513 3045 4582 γάρ
3080 4529 3168 4582 μοι
3205 4509 3299 4563 καὶ
3328 4510 3506 4563 θανεῖν
3528 4509 3719 4577 ἐξεγέο

2137 4623 2296 4668 νετο,
2348 4604 2513 4674 ἡνίκα
2548 4598 2816 4672 μητρῴοις
2858 4597 3157 4670 ἐνεδέσμεις
3208 4599 3568 4668 σπλάγχνοις·
3620 4598 3720 4652 καλ¹

2137 4697 2248 4766 γὰρ
2277 4692 2435 4757 εὐθὺς
2489 4692 2800 4762 γεννηθέντι
2851 4689 3039 4763 ὥσπερ
3087 4690 3276 4744 σκοτία
3315 4690 3412 4744 καὶ
3437 4688 3616 4758 θλίψις
3654 4689 3723 4742 τὸ

2139 4788 2374 4858 δάκρυον
2403 4783 2780 4854 ἐπηκολούθει.

2141 4877 2243 4933 155
2281 4874 2380 4944 Τίς
2399 4877 2538 4942 βίος
2564 4892 2578 4942 ;
2624 4893 2677 4928 κ.
2713 4893 2762 4929 τ.
2788 4876 2840 4928 λ.

2212 4968 2308 5031 Τίς
2350 4970 2377 5020 ὁ
2415 4965 2526 5035 βίος
2554 4983 2568 5030 ;
2601 4965 2654 5018 τί
2702 4964 2766 5017 δὲ
2790 4963 2851 5016 τὸ
2882 4961 3072 5016 τούτου
3097 5003 3110 5025 ,
3142 4961 3275 5032 φησὶ
3295 5001 3310 5026 ,
3349 4960 3593 5015 ποθεινὸν
3621 4961 3722 5013 καὶ

2141 5059 2402 5137 ὲραστρη
2459 5059 2571 5127 Ούχ
2601 5056 2787 5126 ὥσπερ
2832 5053 3095 5136 ἐκττάφου
3143 5055 3242 5124 τῆς
3275 5053 3534 5124 μητρῴας
3557 5052 3724 5118 ἐξιὼν

2141 5148 2376 5220 γαστρὸς
2414 5147 2498 5216 ἐφ’
2531 5148 2716 5218 ἕτερον
2745 5144 2920 5215 τάφον
2945 5142 3110 5198 ὁδεύω
3130 5141 3220 5197 τὸν
3257 5144 3398 5214 μετά
3420 5145 3516 5213 τὴν
3533 5142 3726 5196 τελευ-

2141 5239 2240 5308 τήν
2267 5256 2280 5303 ;
2316 5241 2380 5291 ἐκ
2409 5238 2498 5290 τοῦ
2533 5235 2782 5305 δευτέρου
2812 5236 2869 5288 δὲ
2898 5233 3086 5288 τούτου
3121 5230 3208 5303 ἆρ’
3252 5235 3352 5287 οὐκ
3380 5237 3438 5286 ὲν
3463 5234 3540 5303 τῷ
3580 5235 3724 5306 πυρὶ

2144 5329 2457 5397 ταφήσομαι
2491 5326 2648 5380 πάλιν
2701 5326 3103 5394 ἀνελεημόνως,
3153 5320 3308 5386 δίκας
3347 5326 3445 5394 τῆς
3484 5324 3724 5379 ἐνταῦθα

2144 5417 2398 5481 ἀσεϐείας
2431 5413 2752 5482 ἀποτιννύς;
2783 5417 2916 5468 αὐτὸ
2943 5417 2985 5468 δ’
3017 5417 3138 5468 ὅσον
3163 5415 3510 5468 διαϐιώσκειν
3538 5418 3596 5468 ἐν
3624 5416 3721 5470 εὐ-

2148 5504 2345 5580 παθείᾳ
2373 5526 2463 5578 μοι
2494 5506 2656 5570 δοκῶ,
2691 5509 2813 5560 ὅσον
2838 5506 3083 5560 ἐνταυθοῖ
3113 5508 3465 5577 κατατρυφᾷν
3484 5548 3497 5570 ,
3525 5507 3586 5558 ού
3622 5524 3723 5560 πο-

2148 5600 2320 5670 ταμοῦ
2357 5599 2586 5670 ῥεύματι
2631 5598 2863 5664 ὀξύτατα
2907 5595 3117 5667 ῥέοντος
3160 5598 3352 5668 κομιδῇ
3386 5595 3718 5668 παρομοιώο

2224 5709 2333 5780 (63)
2357 5707 2489 5764 Gud.
2526 5708 2626 5762 huc
2661 5707 2777 5759 loco
2804 5703 3000 5756 τούτων
3029 5699 3201 5770 κόρος.
