4020 6302
234 345 344 406 75'!

229 482 327 520 ται
347 508 360 523 .
391 469 640 537 ποταμοῦ
681 469 893 533 ἀενάως
918 472 1203 542 τρέχοντος
1233 476 1326 526 καὶ
1362 476 1450 528 ἀεὶ
1473 477 1537 528 ἐκ
1559 455 1667 528 τῶν
1700 475 1820 528 6m-

234 559 366 608 σθεν
413 557 885 628 ίόντος,διηνεκῶς
933 565 1257 631 κινουμένου
1285 566 1380 617 καὶ
1411 565 1566 618 οὐδὲν
1603 565 1820 635 ἔχοντος

229 645 411 707 ἑστὼς
433 686 449 710 ,
477 648 624 701 οὐδὲν
649 648 816 718 μέρος
842 651 1006 704 αὐτοῦ
1036 655 1232 722 πάγιον
1260 655 1663 720 ἐπιδεικνύντας
1683 673 1694 686 ·
1730 658 1820 710 κό-

229 753 322 799 νις
353 737 472 800 ὅλος
504 739 838 808 καθέστηκεν
864 744 893 793 ό
920 741 1065 810 βίος,
1108 747 1221 808 τοῖς
1251 747 1406 815 ἐμοῖς
1444 746 1687 817 ὄμμασιν
1720 749 1834 818 te-

229 826 515 881 πίπτουσα
542 830 634 882 καὶ
657 831 849 885 σκότον
873 833 1220 901 ἐμῦάλλουσα
1246 836 1323 903 τῷ
1353 836 1450 907 νῷ,
1483 837 1559 900 ὡς
1591 837 1657 892 ἂν
1685 838 1820 909 πόρ-

231 919 325 986 ρω
342 918 476 971 Θεοῦ
508 918 612 972 τῶν
638 921 939 992 φωτισμῶν
963 924 1232 988 ἐκπεσὼν,
1259 927 1354 978 καὶ
1375 925 1593 994 τυφλῶν
1615 927 1818 998 τρόπον

228 1009 366 1072 τοὺς
390 1009 602 1080 τοίχους
625 1012 912 1084 ψηλαφῶν,
947 1017 1040 1068 καὶ
1065 1009 1166 1070 ὧδε
1202 1019 1364 1073 κάκεῖ
1395 1021 1510 1081 τοῖς
1537 1018 1820 1090 λογισμοῖς

229 1099 720 1171 περιπλανώμενος
774 1103 876 1174 τῆς
926 1105 1172 1178 μεγάλης
1204 1107 1264 1160 ἐν
1310 1105 1532 1179 Χριστῷ
1560 1107 1820 1180 ἀποτύχω

228 1186 402 1256 ζωῆς.

235 1277 530 1344 Τολμήσω
559 1282 689 1337 τινὰ
715 1283 937 1352 μῦθον,
963 1304 1017 1341 κ.
1049 1304 1101 1341 τ.
1132 1287 1208 1353 ἐξ.

307 1370 587 1456 Τολμηρόν
611 1393 731 1428 τινα
760 1377 915 1446 λόγον
940 1379 1123 1434 ἔπεισί
1160 1400 1249 1452 μοι
1281 1384 1530 1450 διειπεῖν,
1563 1385 1817 1456 ἀληθινὸν

224 1458 278 1510 δ’
324 1455 414 1513 οῦν
457 1463 607 1532 ὅμως
634 1503 649 1527 ,
689 1465 755 1518 δι’
789 1467 818 1519 ὃ
842 1468 936 1520 καὶ
967 1469 1246 1541 τολμήσας
1287 1455 1700 1546 ἀποφαίνομαι,
1741 1476 1817 1540 ὡς

224 1548 369 1602 Θεοῦ
411 1553 658 1622 παίγνιον
688 1556 802 1623 (64)
848 1559 876 1610 ὁ
924 1560 1209 1629 ἄνθρωπος
1230 1602 1245 1625 ,
1295 1564 1389 1616 καὶ
1422 1564 1670 1619 τοιοῦτον
1704 1564 1816 1620 οἷον

223 1641 345 1702 τοῖς
377 1641 540 1696 πάλαι
576 1646 717 1698 κατὰ
748 1647 933 1711 πόλεις
962 1649 1115 1713 τινὰς
1163 1653 1542 1724 ἐπιτετήδευτο
1561 1674 1576 1688 ο
1639 1673 1814 1727 προσ-

225 1732 411 1782 ωπεῖα
429 1731 536 1802 γὰρ
561 1733 1008 1802 διασκευάζοντες
1035 1740 1326 1802 πλουσίων,
1354 1746 1621 1815 πενήτων,
1658 1747 1812 1816 βασι-

221 1817 368 1871 λέων
405 1823 497 1874 καὶ
546 1826 867 1895 στρατηγῶν
897 1867 910 1891 ,
941 1830 1121 1898 σοφῶν
1168 1832 1260 1885 καὶ⁹
1293 1832 1517 1887 ἰδιωτῶν
1540 1874 1554 1898 ,
1605 1837 1816 1908 ἀνδρῶν

219 1908 429 1976 ὁμοίως
456 1913 550 1964 καὶ
576 1915 871 1980 γυναικῶν,
908 1920 1001 1971 καὶ
1033 1921 1088 1972 ἐν
1120 1919 1374 1992 θεάτροις
1403 1926 1693 1996 παριόντες
1719 1927 1816 1980 καὶ

219 2000 286 2052 ἐν
323 2006 579 2071 σκηναῖς,
624 2004 798 2059 ταῦτα
837 2009 884 2061 οί
913 2011 1421 2083 προμελετήσαντες
1461 2016 1814 2086 περιτιθέμε-

223 2107 330 2152 νοι,
366 2093 458 2143 καὶ
488 2093 586 2161 τὴν
618 2097 739 2146 κατ’
764 2097 964 2162 αὐτοὺς
991 2100 1132 2153 καθὰ
1166 2105 1587 2175 προησκήσαντο
1614 2107 1813 2178 πρᾶξιν

221 2179 556 2268 ἐπίπροσθεν
586 2185 806 2238 πάντων
841 2188 1262 2260 ὑποκριθέντες,
1317 2197 1411 2248 καί¹
1447 2198 1693 2268 ἀκριϐῶς
1735 2199 1813 2264 ὡς

218 2267 336 2323 οἷόν
379 2289 438 2324 τε
472 2276 615 2328 κατά
645 2276 747 2348 τὴν
789 2278 897 2334 τῶν
938 2283 1188 2337 παλαιῶν
1226 2287 1470 2358 ἱστορίαν
1512 2267 1602 2342 διὰ
1635 2291 1812 2361 μιμή-

221 2379 364 2426 σεως
407 2363 506 2434 τὴν
535 2366 981 2439 δραματουργίαν
1023 2372 1392 2444 ἀποχρώντως
1419 2377 1812 2449 ὲνδειξάμενοι,

217 2452 365 2506 οὕτω
420 2455 521 2524 τῆς
555 2459 755 2527 σκευῆς
789 2461 883 2512 ἀπ’
918 2461 1100 2514 αὐτῶν
1134 2465 1397 2536 ἀρθείσης
1424 2507 1438 2530 ,
1491 2468 1642 2531 ὅστις
1690 2472 1810 2522 ποτ’

218 2541 290 2614 ἦν
338 2547 522 2600 αὐτῶν
580 2548 811 2613 ἕκαστος
881 2553 1248 2621 άναφανέντες
1305 2558 1486 2612 οἴκαδε
1543 2559 1807 2630 ἐχώρουν.

230 2635 509 2701 Ὡσαύτως
541 2639 722 2692 τοίνυν
761 2643 863 2694 κάν
894 2643 974 2712 τῷ
1013 2644 1113 2714 βίῳ
1144 2646 1303 2709 ἄλλος
1347 2648 1476 2701 ἄλλο
1525 2666 1580 2702 τι
1612 2653 1809 2721 ἐπιτή-

215 2729 418 2798 δευμα,
449 2730 586 2800 πρὸς
621 2729 651 2782 ὃ
681 2733 898 2801 εὐφυῶς
929 2734 1166 2804 ἔχουσιν,
1210 2738 1559 2809 ἀσκούμενοι,
1600 2741 1694 2794 καὶ
1732 2743 1811 2806 ὡς

219 2822 281 2872 ἐν
320 2824 494 2891 σκηνῇ
547 2823 642 2876 καὶ
685 2823 900 2895 θεάτρῳ
939 2826 1036 2894 τὴν
1071 2829 1191 2880 κατ’
1239 2829 1436 2892 αὐτοὺς
1466 2830 1666 2901 πρᾶξιν
1706 2832 1810 2902 τῆς

214 2913 419 2981 ἀρετῆς
451 2913 483 2983 ἢ
520 2914 717 2978 κακίας
742 2915 833 2967 διὰ
863 2918 1151 2986 μιμήσεως
1185 2919 1584 2990 ἐπιδειξάμενοι
1610 2964 1624 2987 ,
1654 2924 1806 2975 ἐπει-

212 3003 312 3056 δὰν
339 3005 401 3056 τὸ
441 3005 631 3074 σχῆμα
677 3005 889 3070 τούτοις
922 3008 1017 3060 τοῦ
1055 3013 1260 3079 κόσμου
1300 3012 1378 3081 τῷ
1433 3011 1650 3084 θανάτῳ
1707 3032 1805 3067 πε-

216 3095 468 3166 ριαιρεθῇ
491 3135 505 3158 ,
536 3096 799 3167 ἐξαπίνης
825 3098 1000 3152 ὁποῖοι
1031 3099 1173 3153 κατὰ
1207 3101 1366 3169 φύσιν
1398 3103 1537 3154 εἰσὶν
1563 3103 1804 3167 ἅπαντες

212 3185 584 3253 ἁναφανέντες
610 3227 626 3250 ,
668 3187 809 3240 οὔτω
840 3190 1040 3258 γυμνοὶ
1078 3192 1258 3260 πάσης
1307 3192 1658 3265 ἐπικρύψεως
1713 3195 1803 3246 ἐν·

213 3265 407 3331 τεῦθέν
438 3279 853 3349 ἀποχωροῦντες
897 3280 1124 3335 ἀπίασιν
1167 3285 1301 3337 ἐκεῖ.
1335 3284 1592 3349 Τοιοῦτος
1631 3287 1659 3338 ό
1690 3285 1804 3356 βίος

212 3365 321 3417 τῶν
351 3366 716 3435 ταλαιπώρων
758 3368 964 3437 βροτῶν
983 3386 994 3399 ·
1027 3372 1121 3423 καὶ
1150 3365 1231 3434 οἷς
1262 3374 1293 3442 ἡ
1324 3372 1417 3425 τοῦ
1453 3373 1683 3443 ματαίου
1711 3375 1804 3428 καὶ

215 3456 537 3528 ὀνειρὼδους
557 3458 764 3529 κόσμου
794 3460 947 3513 τοῦδε
979 3461 1132 3524 ἐλπὶς
1162 3463 1366 3534 ἐραστὴ
1394 3465 1487 3516 καὶ
1512 3466 1805 3536 περισπού-

211 3545 408 3608 δαστος
435 3584 452 3608 ,
503 3546 628 3610 τούς
659 3563 718 3598 τε
751 3548 1121 3617 καλουμένους
1169 3549 1461 3613 πλούτους,
1496 3551 1689 3619 ἡδονάς
1741 3568 1802 3604 τε

214 3635 308 3687 καὶ
332 3635 547 3705 τρυφάς
576 3636 667 3688 καὶ
689 3635 847 3702 δόξας
869 3637 956 3688 ἐπ’
985 3636 1163 3705 ὀλίγον
1189 3637 1280 3690 τδν
1301 3638 1401 3707 τῆς
1433 3639 1578 3707 ζωῆς
1610 3639 1802 3709 χρόνον

215 3727 670 3797 κατατρυφῶντες
699 3727 806 3796 (65)
838 3728 1181 3790 παιζέτωσαν
1208 3731 1299 3781 καὶ
1323 3729 1727 3793 παιζέσθωσαν.

214 3816 316 3869 H7
347 3815 548 3884 Αὐτὰρ
583 3816 699 3885 ἐγὼ
727 3816 1002 3884 Χριστοῐο
1035 3816 1460 3887 δεδραγμένος,
1491 3828 1596 3873 etc.

285 3910 348 3960 Οἱ
385 3909 486 3978 μὲν
513 3908 581 3960 τά
615 3908 833 3975 ἐπίγεια
884 3909 1208 3981 φρονοῦντες
1232 3949 1246 3970 ,
1289 3909 1382 3961 καὶ
1415 3908 1524 3961 τῶν
1569 3909 1800 3978 ῥεόντων

213 4000 382 4070 ἀπρὶξ
413 4001 690 4053 ἁντιποιού
701 4017 871 4069 μενοι,
897 4000 987 4053 τὸν
1013 4001 1305 4071 εἰρημένον
1330 4002 1530 4070 τρόπον
1551 4000 1648 4070 τὴν
1677 3999 1798 4054 κατ’

211 4092 410 4153 αὐτοὺς
448 4090 870 4161 πορευέσθωσαν
908 4090 1025 4143 ὁδόν
1050 4107 1064 4119 ⁸
1094 4089 1205 4156 ἐγὼ
1243 4090 1328 4152 δὲ,
1379 4092 1411 4160 ἡ
1445 4090 1802 4161 χριστοφόρος

211 4180 357 4251 ψυχὴ
391 4181 541 4247 λέγει
564 4219 577 4242 ,
613 4181 851 4251 Χριστοῦ
899 4182 998 4251 τῆς
1032 4181 1252 4252 ἀγάπης
1289 4182 1799 4253 καταδεδραγμένος

209 4270 405 4323 ούποτε
458 4270 606 4340 λήξω
638 4271 835 4342 δεσμὸν
885 4273 976 4324 ἐπὶ
1029 4272 1216 4342 δεσμῷ
1252 4274 1564 4343 προστιθεὶς
1587 4314 1601 4338 ,
1634 4274 1794 4342 ἄχρις

209 4361 276 4414 ἂν
307 4360 403 4413 τοῦ
437 4361 692 4430 σαρκίνου
716 4361 868 4414 τοῦδε
902 4363 1015 4432 βίου
1050 4362 1310 4433 λυόμενος
1339 4404 1353 4426 ,
1400 4363 1479 4434 τῷ
1517 4363 1628 4416 τῶν
1671 4364 1794 4433 ὀρε-

210 4452 355 4505 κτῶν
393 4452 680 4522 ἀκροτάτῳ
717 4453 916 4516 τελέως
942 4453 1246 4525 προσδεθῶ.
1281 4454 1393 4506 Καὶ
1438 4455 1544 4525 γὰρ
1572 4453 1794 4516 διπλοῦς

208 4543 285 4598 ὣν
321 4544 422 4616 τὴν
444 4543 624 4613 φύσιν,
662 4546 906 4613 ἐπίγειος
937 4546 1053 4616 ἅμα
1087 4545 1181 4598 καὶ
1210 4545 1458 4616 οὐράνιος
1479 4585 1493 4608 ,
1540 4545 1601 4597 τὸ
1632 4544 1794 4614 σῶμα

213 4637 310 4706 μὲν
342 4635 595 4687 ἐντεῦθεν
624 4635 733 4688 ἀπὸ
760 4636 863 4706 τῆς
881 4638 985 4707 γῆς
1019 4635 1126 4705 ἔχω
1152 4635 1484 4707 διαρτισθέν,
1529 4635 1596 4689 δι’
1621 4634 1650 4688 ὃ
1699 4634 1796 4687 καὶ

209 4725 307 4794 τῆς
339 4721 508 4777 αὐτοῦ
534 4724 855 4792 συγγενείας
881 4723 1169 4794 ἐφιέμενον
1192 4725 1337 4778 νεύει
1367 4724 1505 4796 πρὸς
1535 4723 1635 4794 τὴν
1667 4726 1791 4794 γῆνο

204 4819 303 4888 τὴν
334 4816 518 4888 ψυχὴν
551 4816 609 4870 δὲ
633 4816 767 4869 Θεοῦ
800 4815 1116 4886 πνεύματος
1143 4817 1446 4888 ἀπόρροιαν
1476 4816 1573 4869 καὶ
1597 4814 1794 4885 μερίδα

207 4912 445 4982 κρείσσω
501 4909 855 4983 ὑπάρχουσαν
883 4946 898 4971 ,
943 4909 1039 4962 καὶ
1101 4909 1270 4980 αὐτὴν
1306 4909 1382 4973 ὡς
1420 4908 1639 4961 οἰκείων
1681 4906 1793 4961 τῶν

205 5003 365 5056 θείων
401 5001 546 5072 ἔχειν
595 4999 695 5072 τὴν
729 4999 916 5068 ἔφεσιν
961 4999 1054 5052 καὶ
1102 5001 1189 5053 ἀεὶ
1237 5000 1346 5054 τῶν
1398 4997 1786 5070 πνευματικῶν

204 5091 298 5144 καὶ
345 5088 614 5159 οὐρανίων
644 5089 855 5143 ὠδίνειν
887 5089 985 5160 τὴν
1027 5089 1326 5160 ἐπιθυμίαν
1360 5089 1602 5158 ἀγαθῶν.
1661 5125 1664 5127 -

213 5181 308 5248 Ὠς
334 5180 534 5250 πηγῆς
552 5182 696 5250 ῥόος
720 5181 894 5234 ἐστίν
916 5221 931 5244 ,
965 5200 1020 5235 κ.
1052 5199 1103 5236 τ.
1139 5181 1216 5246 ἐξ.

274 5274 487 5342 Ὠσπερ
519 5273 549 5324 ὁ
589 5272 773 5342 πηγῆς
819 5271 1173 5343 ἐξαλλόμενος
1219 5273 1321 5342 τοῦ
1369 5273 1559 5338 ὓδατος
1650 5278 1780 5350 ῥοῦς

207 5365 345 5418 κατὰ
373 5364 614 5436 πρανοῦς
637 5366 821 5436 τρέχει
852 5365 1095 5434 φυσικῶς
1128 5365 1223 5419 ἐπὶ
1252 5365 1315 5419 τὸ
1347 5367 1634 5432 κάταντες,
1670 5367 1783 5438 πῦρ

270 5559 526 5630 (64)Βί11.
559 5561 945 5616 animadvertit
973 5561 1294 5631 Gregorium
1326 5563 1416 5616 hic
1446 5562 1689 5617 alludere
1711 5564 1777 5617 ad

204 5627 506 5699 tantum").
544 5633 635 5696 qui
672 5633 943 5686 hominem
989 5627 1145 5686 vocet
1175 5633 1421 5699 παίγνιον
1462 5632 1618 5684 θεῶν.
1650 5632 1778 5687 Loci

205 5709 328 5770 sunt
365 5697 688 5770 (πικραί.
720 5718 759 5765 ι,
798 5717 848 5770 p.
881 5702 985 5755 6H
1017 5702 1101 5770 (p.
1133 5697 1463 5770 2l9,_3__cd.
1504 5701 1696 5768 Bckk.)
1728 5712 1781 5755 ιιι

207 5768 240 5822 l.
270 5786 365 5837 vn,
402 5786 455 5840 ιι.
476 5767 646 5827 1505C
703 5767 920 5841 (p.52,
948 5772 978 5827 5
1005 5767 1089 5828 ed.
1118 5771 1308 5842 Bekk.)
1337 5767 1571 5828 V.etiatu
1605 5767 1770 5842 supra

1273 353 1340 410 IN
1357 353 1674 413 CARMINA
1709 356 1992 414 ARCANA
2031 355 2089 412 S.
2126 354 2478 412 GREGOltlI.

3403 361 3507 418 758

1921 473 2160 539 videtur,
2201 472 2446 528 ﬂuminis
2498 480 2762 541 perpetuo
2810 473 3089 528 currentis
3141 481 3195 528 et
3231 489 3447 546 semper
3476 495 3506 532 a

1922 564 2205 634 praeterito
2240 564 2542 626 redeuntis,
2572 563 2780 633 jugiter
2821 566 3007 634 agitati
3043 573 3100 620 et
3133 565 3268 620 nihil
3310 568 3514 623 stabile

1921 653 2199 716 habentis.
2233 654 2438 708 nullam
2465 654 2640 723 ipsius
2670 661 2882 724 partem
2914 653 3124 710 ﬁrmam
3141 657 3506 714 ostendentis.

1921 743 2110 799 Pulvis
2153 744 2475 800 aestimanda
2523 752 2610 800 est
2672 752 2784 798 tota
2828 747 2962 808 vita,
3015 762 3169 802 meos
3219 748 3510 805 obcaecans

1923 835 2117 889 oculos
2168 845 2223 889 ct
2271 836 2528 890 tenebras
2572 836 2946 904 intelligentiae
3003 837 3279 908 ingerens,
3332 841 3404 893 ita
3449 848 3511 896 ut

1920 925 2082 996 longe
2107 939 2138 980 a
2168 925 2263 981 Dei
2297 927 2692 996 splendoribus
2729 929 2934 983 cadens
2970 939 3023 983 et
3056 945 3324 986 caecorum
3358 948 3512 987 more

1919 1033 2110 1074 muros
2144 1026 2465 1088 pertentans
2510 1027 2565 1073 et
2603 1017 2687 1073 sic
2715 1018 2789 1073 ibi
2837 1020 2894 1074 in
2937 1022 3246 1078 ratiociniis
3290 1039 3507 1087 errans,

1919 1122 2118 1179 magna
2145 1107 2202 1162 in
2232 1107 2459 1164 Christo
2490 1107 2602 1163 vita
2639 1107 2995 1165 frustrandus
3026 1110 3152 1165 sim.

1920 1286 2138 1341 Audebo
2163 1285 2481 1356 allegoriam
2508 1287 2820 1356 quamdam,
2850 1293 2906 1342 et
2931 1301 3051 1358 seq.

1992 1377 2276 1433 Excedens
2305 1376 2582 1447 quoddam
2620 1379 2851 1433 verbum
2896 1378 3149 1448 proferre
3190 1379 3324 1433 mihi
3372 1394 3506 1433 con-

1916 1468 2069 1523 venit
2111 1476 2168 1523 et
2197 1483 2428 1532 verum;
2474 1468 2686 1523 idcirco
2730 1470 2942 1524 audens
2988 1485 3261 1538 exponam
3302 1471 3507 1537 :Quasi

1919 1557 2218 1612 ludibrium
2243 1557 2339 1611 Dei
2371 1559 2558 1623 homo,
2590 1568 2645 1614 et
2681 1557 3148 1629 quemadmodum
3180 1561 3324 1616 inter
3357 1569 3510 1615 vete-

1917 1661 2007 1702 res
2026 1646 2357 1717 quibusdam
2385 1649 2440 1702 in
2470 1647 2789 1703 civitatibus
2809 1636 3132 1704 exercitatio
3164 1661 3304 1715 erat,
3327 1665 3508 1720 perso-

1917 1754 2018 1793 nas
2045 1742 2190 1795 enim
2211 1740 2542 1796 exhibebant
2577 1741 2831 1807 divitum,
2867 1757 3194 1813 pauperum,
3230 1759 3422 1814 regum
3454 1753 3508 1800 et

1916 1831 2143 1896 ducum,
2179 1834 2509 1901 sapientium
2544 1841 2600 1888 et
2630 1834 3033 1905 insipientium,
3063 1836 3312 1890 virorum
3349 1837 3505 1890 simi—

1916 1919 2038 1975 liter
2069 1927 2125 1975 et
2167 1921 2482 1987 mulierum,
2515 1924 2683 1978 etiam
2718 1924 2954 1979 theatris
2996 1926 3335 1981 assistebant
3367 1935 3420 1981 et
3449 1931 3504 1980 in

1916 2013 2134 2080 scenis;
2181 2012 2299 2068 hac
2345 2014 2440 2082 qui
2487 2016 2788 2080 curabant,
2839 2032 3132 2087 personam
3182 2019 3420 2090 agebant
3450 2028 3505 2075 et

1915 2103 2240 2159 destinatam
2328 2108 2476 2160 sicut
2569 2108 2796 2162 exerciti
2845 2108 3069 2164 fuerant
3108 2112 3382 2168 actionem
3409 2127 3504 2166 co-

1915 2211 2032 2251 ram
2067 2197 2328 2253 omnibus
2382 2198 2693 2254 tractabant
2734 2206 2791 2255 et
2838 2211 3097 2257 accurate
3127 2203 3273 2257 sicut
3320 2204 3499 2268 decet,

1909 2286 2065 2356 juxta
2092 2275 2656 2343 veterem'historiam
2708 2297 2828 2345 arte
2867 2292 3093 2361 propria
3136 2303 3505 2362 repraesenta-

1913 2377 2117 2431 tionem
2137 2376 2470 2432 suﬂlcienter
2485 2379 2952 2449 exsequebantur,
2977 2382 3058 2436 sic
3075 2381 3312 2437 oﬂicium
3336 2386 3407 2439 ab
3430 2385 3504 2454 ip-

1912 2469 1990 2524 sis
2025 2475 2342 2538 susceptum
2373 2478 2536 2538 prout
2565 2471 2810 2540 ipsorum
2848 2473 3121 2544 cujusque
3155 2484 3274 2529 erat
3304 2493 3414 2545 prae
3441 2493 3504 2532 se

1913 2557 2184 2622 ferebant,
2235 2559 2436 2614 deinde
2480 2560 2535 2614 in
2585 2561 2808 2616 domum
2849 2563 3204 2619 recedebant.
3237 2565 3331 2621 Sic
3368 2583 3503 2636 ergo

1909 2657 1965 2707 ct
1991 2650 2045 2704 in
2076 2650 2186 2704 vita
2217 2651 2360 2706 alius
2393 2651 2539 2707 aliud
2574 2653 2816 2708 studium
2860 2656 2928 2710 ad
2975 2657 3118 2727 quod
3153 2658 3258 2712 fert
3287 2658 3502 2717 indoles

1910 2748 2126 2794 exercet
2151 2750 2206 2796 et
2228 2742 2386 2811 quasi
2423 2743 2477 2796 in
2506 2758 2670 2799 scena
2698 2754 2751 2800 et
2795 2745 3033 2811 theatro,
3067 2758 3333 2819 quantum
3359 2753 3414 2806 in
3441 2769 3502 2809 se

1909 2836 1995 2884 est
2026 2831 2299 2904 actionem
2330 2833 2554 2890 virtutis
2578 2844 2672 2890 aut
2701 2839 2963 2906 nequitiae
2990 2844 3500 2909 reprmscntationis

1911 2920 2088 2976 instar
2118 2924 2441 2988 ostendit,et
2473 2934 2766 2996 postquam
2808 2931 3000 2984 mundi
3033 2932 3204 3001 ﬁgura
3233 2949 3331 3003 pro
3364 2936 3501 3006 ipsis

1909 3021 2087 3067 morte
2145 3015 2429 3083 praeteriit,
2484 3016 2668 3072 subito
2706 3019 2844 3074 tales
2897 3022 3089 3091 quales
3133 3032 3330 3078 natura
3363 3039 3499 3082 sum

1908 3120 2102 3160 omnes
2125 3115 2477 3176 apparentes,
2507 3109 2589 3164 sic
2623 3111 2758 3165 nudi
2790 3113 2859 3168 ab
2899 3115 3050 3168 omni
3085 3115 3210 3171 fuco
3241 3118 3370 3172 inde
3403 3135 3498 3176 ce-

1909 3194 2046 3248 dunt
2076 3202 2130 3249 et
2161 3195 2217 3248 in
2258 3197 2440 3251 locum
2485 3197 2826 3254 destinatum
2883 3201 3116 3269 abeunt;
3164 3219 3226 3260 ea
3262 3205 3497 3261 misero-

1906 3301 2026 3340 rum
2063 3288 2377 3342 mortalium
2409 3289 2543 3354 vita,
2567 3299 2622 3345 ct
2640 3291 2693 3345 hi
2719 3293 3253 3366 quibusinsipientis
3287 3306 3340 3352 et
3375 3300 3497 3354 ina—

1907 3379 1994 3435 nis
2023 3379 2216 3434 mundi
2249 3379 2414 3450 bujus
2446 3397 2573 3451 spes
2609 3383 2952 3442 delectabilis
2981 3396 3068 3442 est
3107 3397 3160 3444 et
3200 3391 3348 3444 omni
3395 3407 3498 3461 ope

1907 3484 2154 3541 curaque
2209 3474 2568 3543 exquirenda,
2617 3491 2680 3530 ea
2722 3493 2845 3547 quae
2889 3489 3166 3533 vocantur
3206 3481 3411 3536 divitiae
3441 3491 3498 3538 et

1906 3561 2215 3630 voluptates
2269 3571 2323 3617 et
2380 3563 2611 3621 delicias
2666 3577 2722 3622 et
2776 3569 2982 3638 glorias
3038 3570 3315 3627 modicum
3368 3573 3496 3629 vita:

1906 3663 2125 3723 tempus
2153 3655 2480 3722 exaltantes,
2512 3656 2705 3712 ludant
2733 3668 2786 3714 et
2820 3660 3100 3716 ludantur.

1906 3831 2010 3886 147
2048 3831 2162 3902 Ego
2197 3850 2339 3903 vero,
2384 3833 2658 3892 Christum
2696 3840 2996 3907 amplexus,
3029 3849 3137 3896 etc.

1969 3919 2078 3987 Qui
2111 3924 2332 3992 quidem
2374 3941 2496 3995 quae
2550 3942 2718 3996 super
2759 3937 2962 3984 terram
3013 3939 3144 3988 sunt
3186 3934 3410 4003 sapiunt
3440 3945 3494 3989 et

1902 4011 2049 4066 ﬂuxa
2072 4011 2290 4068 fortiter
2322 4016 2572 4072 ambiunt
2608 4018 2756 4074 dicto
2807 4035 2984 4088 more,
3038 4024 3174 4092 ipsis
3229 4025 3489 4094 placitum

1903 4101 2006 4156 iter
2040 4114 2290 4172 pergant.
2357 4105 2470 4176 Ego
2537 4123 2703 4174 vero,
2765 4112 2842 4164 ait
2906 4112 3191 4168 Christum
3263 4125 3492 4185 portans

1905 4190 2107 4255 anima,
2135 4193 2345 4249 Christi
2378 4197 2552 4252 amori
2599 4199 2912 4266 adhaerens,
2952 4220 3062 4258 non
3103 4207 3335 4261 cessabo
3368 4209 3491 4262 vin-

1902 4283 2090 4337 culum
2131 4283 2352 4342 vinculo
2400 4289 2731 4361 adjungens,
2776 4296 2909 4363 quin
2949 4297 3162 4350 carnali
3216 4300 3327 4352 vita
3384 4301 3490 4357 ista

1902 4373 2082 4426 soluta
2123 4389 2340 4432 summo
2379 4389 2510 4434 voto
2543 4385 2769 4438 omnino
2798 4383 3065 4455 conﬁgar.
3114 4387 3360 4458 Namque
3390 4392 3492 4446 du~

1900 4464 2024 4532 plex
2054 4467 2148 4536 qui
2179 4483 2302 4523 sum
2348 4481 2566 4536 natura,
2615 4482 2874 4533 terrenus
2913 4479 3076 4534 simul
3123 4488 3178 4536 et
3218 4482 3487 4549 coalestis,

1897 4571 2103 4628 corpus
2139 4561 2358 4630 quidem
2410 4563 2540 4619 hinc
2588 4581 2620 4620 e
2683 4574 2832 4622 terra
2891 4570 3066 4626 habeo
3123 4573 3487 4642 plasmatum;

1893 4647 2127 4720 ideoque
2187 4653 2449 4710 aﬂinitatc
2493 4659 2718 4730 propria
2767 4661 2997 4731 cupiens
3036 4665 3214 4719 tendit
3258 4667 3324 4720 ad
3379 4674 3494 4721 ter-

1891 4754 2046 4808 ram;
2085 4744 2324 4800 animam
2378 4764 2509 4804 vero
2559 4751 2649 4806 Dei
2700 4754 2932 4822 spiritus
2979 4756 3387 4812 emanationem
3431 4768 3490 4813 et

1891 4839 2098 4900 partem
2147 4839 2573 4908 pmcellentem,
2627 4859 2794 4912 quam
2843 4846 3160 4902 divinorum
3194 4850 3349 4918 quasi
3381 4852 3487 4921 ipsi

1894 4923 2244 4991 propriorum
2277 4927 2556 4985 desideria
2591 4940 2801 4998 tenent,
2838 4951 3169 5008 semperque
3223 4940 3488 5010 spiritua-

1895 5010 2027 5064 litun
2059 5022 2224 5084 atque
2253 5018 2565 5075 cmlestium
2612 5025 2871 5093 appetitio
2918 5028 3187 5085 bonorum
3216 5030 3479 5086 incendit.

1894 5187 2046 5242 Sicut
2077 5188 2238 5256 [antis
2275 5193 2475 5247 riuulm
2502 5203 2668 5258 emet
2704 5213 2821 5268 seq.

1965 5278 2122 5336 Sicut
2144 5280 2312 5337 fontis
2351 5286 2602 5342 salientis
2645 5289 2804 5343 undae
2838 5291 3050 5348 rivulus
3091 5309 3333 5363 praeceps
3379 5311 3476 5349 ua-

1890 5372 2143 5427 turaliter
2175 5373 2242 5427 ad
2270 5374 2635 5433 declivitatem
2668 5381 2862 5446 currit,
2900 5391 2956 5436 et
2985 5382 3130 5454 ignis
3160 5399 3325 5439 urens
3349 5401 3477 5455 pro-

1891 5567 2187 5649 mﬁpsrﬁ;
2220 5585 2274 5649 γ.
2320 5570 2508 5649 manet
2534 5570 2858 5649 boissonad.
2899 5576 2964 5630 ad
3011 5574 3338 5649 Gregorium
3364 5576 3467 5648 Cy.-

1892 5638 2069 5706 prituu
2109 5641 2162 5691 in
2200 5639 2579 5697 Anecd.Gr.l.
2608 5642 2734 5698 345.

1963 5704 2072 5770 (63)
2097 5709 2228 5764 Cod.
2271 5711 2724 5782 κατατρυφόντες.
