4020 6302
251 509 298 558 Ο
338 505 603 571 πλοῦτος
656 504 773 574 μὲν
818 505 1072 573 ἄπιστος
1092 549 1106 573 ,
1156 510 1188 561 ὀ
1243 507 1312 560 δὲ
1354 504 1803 647 θρρὲρὲίιιᾘὺς

1502 591 1733 642 νειρων.

295 666 565 731 ,Ἄπιστος
612 669 711 737 μὲν
761 670 791 721 ὁ
842 667 1101 732 πλοῦτος,
1131 668 1215 721 δτι
1271 666 1345 737 μὴ
1380 667 1607 737 μόνιμος
1630 706 1645 729 ,
1683 665 1805 734 μηδ’

223 754 319 809 ἀεὶ
344 759 458 819 τοῖς
483 757 663 826 ἔχουσι
688 757 906 828 προσὼν
927 798 942 822 ,
972 757 1088 811 ἀλλ’
1128 755 1452 821 ἐξαπιναίως
1484 757 1610 817 τοὺς
1657 754 1807 824 αὐτῷ

228 849 563 912 πεποιθότας
586 850 845 913 πολλάκις
871 849 1215 903 καταλείπων
1238 888 1253 911 ,
1292 849 1370 910 εἰς
1390 846 1583 909 ἄλλους
1610 847 1805 915 μετερ-

230 939 369 1010 ῥύη·
411 941 441 992 ό
467 940 652 1009 θρόνος
685 941 744 993 δὲ
773 941 868 993 καὶ
895 941 956 993 τὸ
998 940 1246 1009 δοξάριον
1293 940 1465 1009 ὀφρῦς
1514 936 1806 1007 ὀνειρώδης

229 1029 406 1084 ἐστίν.
424 1029 725 1099 Ὑπόληψις
751 1031 864 1101 γάρ
899 1030 1030 1098 κενὴ
1058 1030 1154 1082 κοιλ⁵
1182 1028 1358 1099 οἴησις
1397 1027 1601 1099 ματαία
1622 1066 1636 1091 ,
1664 1026 1806 1079 κατά

227 1120 344 1171 τῶν
367 1119 473 1171 ὑπὸ
494 1122 653 1189 χεῖρα
680 1120 774 1173 τὸν
812 1118 939 1172 νοῦν
967 1119 1096 1190 ἄχρι
1134 1119 1278 1181 τινὸς
1310 1117 1673 1182 διαπαίξουσα
1708 1114 1803 1169 τοῦ

227 1209 491 1279 ἄρχοντος
514 1208 610 1262 καὶ
634 1208 917 1277 φυσιοῦσα,
952 1200 1346 1278 παραρῤιπίζει
1373 1206 1472 1276 μὲν
1503 1204 1666 1258 αὐτὸν
1706 1203 1807 1257 τοῦ

225 1298 394 1369 ὀρθοῦ
420 1298 600 1367 λόγου,
626 1299 701 1362 ὡς
727 1298 788 1363 ἐξ
808 1296 976 1351 ὕπνου
998 1297 1057 1350 δὲ
1083 1300 1181 1367 τῆς
1206 1293 1537 1365 ὀνειρὼξεως
1560 1295 1656 1348 καὶ
1679 1310 1805 1361 φαν-

224 1393 425 1456 τασίας
447 1392 544 1463 τῆς
574 1391 749 1462 ἀρχῆς
788 1389 1067 1453 ἐκπεσὼν,
1107 1390 1205 1458 οὐχ
1233 1382 1389 1457 εὗρεν
1438 1385 1591 1439 οὐδὲν
1614 1425 1629 1447 ,
1663 1382 1805 1439 κατά

224 1483 334 1554 τήν
354 1483 595 1554 Γραφὴν.
628 1483 687 1535 ὲν
711 1484 829 1544 ταῖς
848 1481 1038 1551 χερσῖν
1069 1478 1255 1533 αὐτοῦ.
1279 1478 1451 1531 Τοῦτο
1490 1476 1589 1546 μὲν
1616 1476 1677 1529 τὸ
1705 1476 1804 1546 ἄρα

226 1591 349 1643 χειν
371 1574 509 1628 κατά
533 1572 633 1643 τὴν
671 1572 943 1643 κοσμικὴν
968 1568 1323 1641 παραφορὰν⁸
1354 1567 1417 1620 τὸ
1438 1564 1708 1636 ,ἄρχεσθαι
1747 1564 1803 1617 δὲ

225 1660 397 1712 πάλιν
428 1659 625 1729 μόγος,
662 1659 756 1711 καὶ
800 1647 1040 1720 κόπῶσις
1064 1696 1079 1720 ,
1125 1658 1219 1711 καί¹
1253 1654 1432 1717 πόνος.
1472 1654 1585 1723 Τὴν
1614 1652 1803 1707 πενίαν

222 1750 285 1803 δὲ
313 1752 397 1813 τίς
423 1751 522 1803 οὐκ
543 1746 651 1803 οἵδε
668 1747 991 1818 δουλοσύνην
1015 1744 1179 1803 οὖσαν
1202 1745 1425 1816 πικρὰν,
1442 1745 1535 1797 καὶ
1554 1744 1801 1813 είργμὸν,

225 1843 329 1893 καὶ
353 1840 549 1911 δεσμὸν
576 1841 830 1911 ἀνιαρόν;
864 1840 930 1893 Τί
966 1840 1024 1893 δὲ
1051 1839 1113 1892 τὸ
1144 1838 1335 1900 κάλλος
1381 1837 1475 1889 τοῦ
1510 1834 1761 1905 σώματος
1787 1848 1802 1895 ;

220 1929 422 2000 Μικρά
448 1930 541 1982 καὶ
565 1930 721 1999 ὀλίγη
746 1929 902 1982 τοῦτο
930 1928 1090 1999 χάρις
1130 1925 1417 1996 ἀστραπῆς
1442 1963 1457 1989 ,
1483 1922 1642 1990 λόγου
1672 1922 1803 1974 θᾶτ-

223 2036 331 2098 τον
367 2020 462 2089 τὴν
509 2019 645 2088 ὄψιν·
673 2019 767 2072 τοῦ
814 2018 1099 2088 βλέποντος
1131 2014 1506 2087 παροδεύουσα
1537 2014 1651 2067 καὶ-
1675 2012 1805 2082 (psti-

222 2127 422 2180 γουσα.
462 2111 527 2165 Τί
558 2113 616 2165 δὲ
658 2114 693 2182 ἡ
733 2110 955 2181 νεότηςς
997 2112 1052 2164 τί
1100 2112 1157 2164 δὲ
1188 2113 1223 2180 ἠ
1266 2104 1464 2176 πολιάς
1495 2109 1609 2178 Οὐχ
1634 2110 1667 2177 ἠ
1704 2108 1805 2177 μὲν

223 2200 432 2269 χρόνου
463 2199 706 2269 βρὰσμα.
721 2198 821 2269 τὴν
843 2198 1028 2269 ἀκμὴν
1054 2197 1129 2262 ὡς
1149 2197 1306 2260 ἄνθος
1327 2197 1669 2266 εύμάραντον
1692 2196 1804 2257 τοῖς

225 2292 377 2354 νέοις
409 2293 704 2360 ὑποφαῖνον
730 2330 744 2352 .
775 2292 809 2363 ἠ
845 2290 1003 2344 πολιὰ
1033 2290 1089 2343 δὲ
1130 2289 1282 2352 δύσις
1313 2288 1426 2357 βίου
1446 2329 1462 2353 ,
1494 2288 1662 2357 ¹ήγουν
1709 2284 1801 2338 τοῦ

222 2383 336 2453 τῆς
369 2384 617 2453 νεότητος
642 2382 835 2445 ἄνθους
861 2382 1097 2453 ὑπάρχει
1142 2380 1463 2452 μαρασμόςς
1508 2378 1667 2431 Ἀλλὰ
1710 2378 1805 2431 καὶ

224 2475 279 2526 οί
305 2473 474 2540 λόγοι,
503 2474 661 2545 φησὶ,
695 2473 1018 2541 πτερόεντες
1046 2472 1123 2535 ὡς
1160 2472 1374 2542 πτερῶν
1405 2470 1561 2540 δίκην
1597 2470 1679 2522 ὅτι
1708 2467 1805 2522 τά-

228 2578 397 2633 χιστα
424 2562 635 2629 ῥέοντες
662 2564 755 2616 καὶ
782 2561 1149 2631 ἀφιπτάμενοι
1169 2598 1183 2618 ,
1216 2558 1369 2621 κλέος
1407 2558 1463 2610 δὲ
1496 2556 1675 2620 αὐτοῖς
1698 2558 1804 2609 τίνι

225 2650 376 2721 λόγῳ
406 2653 639 2721 ὑπάρχει
668 2652 696 2704 ό
719 2653 858 2722 ἁήρ;
888 2650 983 2703 καὶ
1020 2648 1128 2719 γὰρ
1149 2641 1301 2709 οὗτος
1331 2645 1517 2715 ὥσπερ
1548 2644 1805 2715 διαφανὴς

227 2743 375 2797 κατά
403 2742 566 2821 φύσιν
584 2737 761 2791 πέλων
776 2741 870 2793 καλ⁵
897 2740 1118 2809 δίοσμος
1138 2776 1152 2800 ,
1183 2738 1244 2790 τὸ
1274 2737 1388 2806 φῶς
1414 2736 1514 2805 μὲν
1544 2736 1637 2788 καὶ
1670 2732 1805 2805 χρώ-

231 2849 380 2904 ματα
407 2832 585 2884 πάντα
613 2830 874 2902 πρὺςτὴν
906 2831 1095 2900 ὅρασιν
1114 2864 1128 2891 ,
1160 2826 1334 2897 ὀσμάς
1366 2827 1420 2879 δὲ
1462 2825 1640 2887 πάσας
1670 2824 1806 2894 πρὸς

226 2923 292 2977 τὸ
331 2924 431 2997 τῆς
477 2925 793 2993 ὀσφρήσεως
825 2922 1177 2990 αἰσθητήριον
1209 2916 1632 2989 διαπορθμεύει·
1663 2916 1804 2970 οὕτω

226 3010 328 3063 καὶ
356 3007 546 3078 διηχής
574 3006 649 3059 ῶν
677 3007 812 3078 πρὸς
844 3008 944 3077 τὴν
977 3007 1164 3075 ἀκοὴν,
1201 3005 1292 3058 τόν
1314 3021 1373 3057 τε
1399 3004 1556 3072 λόγον
1581 3004 1676 3057 καὶ
1700 3006 1804 3057 πᾶ-

228 3116 330 3153 σαν
359 3098 540 3169 φωνὴν
564 3098 658 3151 καὶ
673 3097 844 3167 ψόφον
868 3096 1229 3167 παραπέμπει
1247 3098 1276 3148 ό
1304 3096 1432 3164 ἀήρ.
1466 3096 1531 3147 υἱ
1564 3095 1802 3162 εὐγενεῖς

223 3190 285 3243 δὲ
311 3188 596 3259 λεγόμενοι
622 3189 716 3241 καὶ
744 3190 775 3257 ὴ
818 3186 1079 3254 εὐγένεια
1098 3186 1150 3237 τί
1183 3184 1311 3237 ἄλλο
1350 3184 1383 3255 ἢ
1416 3183 1638 3236 παλαιὸν
1663 3177 1802 3253 αἷμα

224 3274 374 3335 ἕωλα
403 3279 497 3331 καὶ
530 3277 837 3350 πρόσκαιρα
861 3276 1089 3347 τιμηθὲν
1111 3276 1293 3339 πέλεις
1325 3274 1486 3346 ῥώμη
1516 3274 1572 3327 δὲ
1605 3274 1806 3345 σαρκὸς

226 3370 330 3424 καὶ
360 3371 546 3439 ἰσχὺς,
599 3368 756 3421 τοῦτο
805 3368 899 3420 καὶ
938 3367 1064 3429 συὸς
1095 3367 1287 3434 ἀγρίου
1324 3366 1606 3435 γαυρίαμα
1645 3364 1807 3418 καθέ-

228 3476 431 3529 στηκε’
466 3460 562 3513 καὶ
588 3460 616 3512 ὁ
651 3458 811 3529 κόρος
848 3458 946 3527 μὲν
986 3454 1246 3528 ὑϐριστὴς
1269 3495 1285 3519 ,
1311 3457 1423 3516 τοῖς
1468 3453 1805 3530 ἀπαιδεύτως

224 3548 407 3617 τούτῳ
439 3548 798 3618 κεχρημένοις
848 3542 1103 3608 ὑπόθεσις
1150 3546 1361 3613 γίνεται
1410 3541 1739 3613 θεομαχίας·
1778 3544 1809 3595 ὁ

223 3636 405 3707 γάμος
423 3637 480 3689 δὲ
503 3635 699 3707 δεσμὸς
723 3677 739 3702 ,
770 3637 862 3689 καὶ
888 3635 991 3704 τῆς
1016 3634 1155 3687 κατά
1187 3633 1349 3703 φύσιν
1378 3633 1691 3704 ἐλευθερίας
1714 3620 1809 3686 ἀλ-

224 3726 517 3797 λοτρίωσις
537 3744 550 3757 ·
578 3727 673 3779 καὶ
702 3729 736 3795 ή
769 3725 1022 3780 εὐτεκνία
1053 3726 1150 3796 μὲν
1178 3724 1451 3792 ἀναγκαία
1474 3725 1693 3793 φροντὶς
1716 3725 1809 3778 καὶ

225 3813 643 3884 ἀπαραίτητος,
684 3814 717 3884 ἡ
750 3812 1033 3866 δυστεκνία
1079 3811 1136 3864 δὲ
1178 3811 1461 3883 ἀρρωστία
1510 3810 1606 3864 καὶ
1654 3810 1809 3872 νόσος

223 3905 348 3958 ἐστὶ
371 3904 550 3976 ψυχῆς
574 3904 997 3976 ἀπαρηγόρητος
1020 3919 1034 3934 ο
1076 3903 1171 3956 καὶ
1198 3898 1264 3957 αὖ
1296 3902 1459 3956 πάλιν
1479 3941 1495 3967 ,
1528 3902 1586 3955 αἱ
1613 3902 1808 3971 ἀγοραὶ

227 3996 335 4067 μὲν
361 3997 559 4059 κακίας
588 3996 936 4066 μελεδήματα
981 3995 1076 4049 καὶ
1101 3992 1478 4065 φροντίσματα
1516 3993 1808 4062 τυγχάνου-

225 4102 318 4139 σιν
342 4125 356 4149 ,
387 4088 444 4138 αἱ
472 4086 593 4138 καθ’
631 4084 860 4156 ἡσυχίαν
880 4086 938 4137 δὲ
966 4084 1061 4137 καὶ
1084 4084 1318 4154 μόνωσιν
1342 4082 1616 4153 διατριϐαὶ
1649 4082 1808 4153 ἁδρά-

224 4178 370 4232 νειαί
417 4178 476 4230 τέ
506 4179 610 4230 εἰσι
636 4178 731 4230 καὶ
763 4177 990 4248 ἀπορίαι
1012 4193 1026 4208 ο
1054 4176 1237 4237 πάλιν,
1275 4175 1329 4226 αί
1360 4173 1545 4244 τέχναι
1577 4174 1675 4242 μὲν
1699 4175 1808 4227 τῶν

223 4272 371 4337 ἄγαν
425 4266 695 4321 ταπεινῶν
723 4267 816 4321 καὶ
846 4268 1021 4337 χαμαὶ
1050 4258 1372 4336 ’ἐρχομένων
1412 4265 1805 4334 καθεστήκασι,

227 4360 396 4430 στενὴ
426 4360 482 4414 δὲ
509 4363 541 4431 ἡ
590 4358 744 4429 παρὰ
767 4359 878 4412 τῶν
907 4358 1205 4427 ἀλλοτρίων
1228 4354 1585 4428 ὲρανιζομένη
1608 4355 1803 4425 τροφὴ,

224 4451 421 4520 ῶσπερ
470 4451 563 4502 καὶ
598 4450 659 4502 τὸ
698 4452 1018 4519 παρασιτεῖν
1050 4449 1326 4517 αἴσχιστον
1351 4463 1366 4477 ο
1393 4447 1487 4499 καὶ
1534 4446 1593 4499 τὸ
1642 4446 1806 4517 ἀροῦν

229 4542 335 4612 μὲν
354 4541 452 4610 τὴν
486 4540 590 4609 γῆν
735 4542 999 4607 γεωργεῖν
1022 4538 1264 4601 κοπῶδες
1292 4540 1385 4590 καὶ
1425 4536 1716 4607 μοχθηρὸν,
1746 4536 1807 4589 τὸ

227 4623 588 4699 ποντοπορεῖν
616 4629 671 4681 δὲ
700 4628 1183 4681 κινδυνωδέπατον
1206 4625 1379 4680 καὶτὸ
1410 4626 1508 4696 τῆς
1538 4626 1683 4696 ζωῆς
1706 4625 1802 4678 αύ-

226 4726 347 4785 τοῖς
378 4721 559 4775 πλεῖον
593 4724 651 4774 ὲν
688 4720 766 4791 τῷ
804 4720 923 4793 ᾄδῃ.

223 4815 293 4870 21
330 4815 399 4868 Ἡ
413 4813 612 4882 πάτρη
631 4812 699 4866 δὲ
720 4812 1009 4881 βέρεθρον
1032 4811 1158 4866 ἐόν·
1191 4811 1358 4879 ξείνη
1393 4809 1458 4863 δέ
1480 4809 1530 4862 τ’
1554 4808 1804 4874 ὄνειδος.

302 4969 369 5023 Τί
391 4969 473 5022 ἐτι
508 4968 643 5039 πρὸς
671 4970 781 5032 τοῖς
803 4968 1142 5038 εἰρημένοις;
1177 4967 1228 5019 τί
1248 4964 1469 5033 γλύκιον
1498 4961 1808 5033 ἀνθρώποις

225 5059 267 5133 ἢ
302 5059 709 5129 θυμηρέστερον
734 5057 989 5127 πατρίδος
1006 5054 1194 5121 rma:
1218 5056 1312 5115 καὶ
1335 5053 1494 5123 αὐτὴ,
1530 5052 1684 5122 φησὶ,
1720 5051 1805 5121 pg-

232 5146 427 5219 ρεθρον
454 5147 606 5211 ἴδιον,
632 5148 750 5217 ἦτοι
779 5144 1020 5213 βόθυνος,
1046 5142 1387 5203 καθίσταται,
1416 5138 1528 5213 ὲνῇ
1560 5158 1806 5195 καταπα-

226 5240 407 5289 τεῖται
437 5238 529 5290 καί¹
554 5235 923 5301 ὲξουδενοῦται
952 5236 1046 5286 καὶ
1082 5236 1110 5286 ὁ
1138 5232 1259 5285 λίαν
1291 5233 1579 5295 σπουδαῖος
1609 5231 1805 5293 δοκῶν,

227 5326 311 5396 τῷ
334 5326 616 5397 γειτονικῷ
665 5324 811 5397 ζήλῳ
846 5324 938 5378 καὶ
974 5322 1153 5391 φθόνῳ
1187 5321 1500 5393 προδοθείς·
1545 5320 1682 5375 ἀλλά
1713 5320 1809 5373 καὶ

224 5418 295 5472 τὸ
321 5417 415 5470 ἐπὶ
447 5417 609 5487 ξένης
662 5418 758 5469 καὶ
788 5414 1115 5484 ’ἀλλοδαπῆς
1162 5413 1311 5485 βιοῦν
1361 5412 1453 5466 τὸν
1492 5412 1693 5465 δνειδον
1745 5412 1805 5464 οὐ

226 5507 616 5576 διαπέφευγεν.
660 5506 819 5563 Οὕτω
861 5507 1060 5565 πάντα,
1107 5503 1359 5570 καθάπαξ
1384 5498 1610 5565 εἰπεῖν,
1645 5503 1715 5555 τὰ
1751 5503 1808 5553 ὲν

228 5597 539 5667 ἀνθρώποις
572 5598 811 5668 ὲράσμια
847 5599 939 5649 καὶ
973 5595 1188 5665 ζηλωτὰ
1218 5594 1569 5664 νομιζόμενα,
1597 5593 1675 5654 εἰς
1707 5593 1809 5661 μά-

229 5708 384 5744 ταιον
438 5686 780 5760 περιίσταται
834 5690 927 5741 καὶ
980 5688 1059 5748 εἰς
1123 5685 1504 5758 περισπασμὸν
1553 5685 1808 5753 πονηρὸν,

232 5782 373 5838 κατὰ
403 5782 491 5837 τὸν
530 5777 977 5845 Ἐκκλησιαεῖήν.
1014 5780 1117 5833 iis?
1152 5778 1256 5844 vim
1295 5776 1451 5836 7w);
1494 5774 1586 5828 διέιι
1626 5774 1680 5827 ιδ
1720 5777 1797 5827 εὺι

1245 389 1313 443 IN
1345 387 1656 444 CARMINA
1690 385 1971 443 manus
2010 384 2068 439 s.
2109 382 2461 439 cncconn.

3382 377 3496 443 762

1916 501 2125 557 Divitiw
2152 501 2418 571 male/ida
2444 510 2494 555 et
2521 500 2738 553 thronus
2767 500 3091 552 somniorum
3118 498 3415 569 fastigium.

1979 659 2239 715 Malelidze
2278 659 2499 728 quidem
2526 659 2753 722 divitiae,
2781 658 2910 727 quia
2942 672 3043 712 nec
3074 667 3486 727 permanentes,

1906 760 2010 800 nec
2035 762 2250 814 semper
2280 746 2368 800 his
2396 747 2487 815 qui
2507 760 2603 802 eas
2621 746 2903 814 possident
2948 747 3001 799 in
3046 754 3300 815 promptu
3335 754 3486 807 sunt,

1907 835 2001 891 sed
2031 836 2309 905 inopinate
2335 850 2481 905 saepe
2516 837 2617 888 hos
2656 836 2750 904 qui
2795 837 2850 890 in
2894 835 3029 905 ipsis
3066 836 3350 888 conlidunt
3390 835 3489 890 de-

1905 933 2157 981 serentes
2183 925 2250 978 ad
2284 926 2421 980 alios
2461 924 2830 991 transﬂuunt;
2866 925 3103 979 thronus
3126 942 3259 979 vero
3288 934 3343 979 et
3372 927 3490 995 glo-

1905 1014 2046 1068 riola
2088 1014 2367 1084 lastigium
2415 1022 2545 1068 sum
2594 1016 2812 1069 somnio
2839 1015 3041 1069 simile.
3124 1015 3259 1069 Nam
3295 1015 3490 1069 existi-

1905 1106 2073 1159 matio
2105 1120 2280 1159 vacua
2316 1114 2370 1159 et
2402 1104 2543 1158 fama
2572 1120 2708 1158 vana
2754 1118 2783 1157 a
2820 1104 3088 1173 subjectis
3136 1104 3489 1173 praedicatur,

1903 1196 2145 1271 animum
2180 1194 2420 1265 quodam
2461 1197 2514 1249 in
2559 1195 2732 1265 gradu
2762 1194 2998 1250 illudens
3019 1195 3287 1264 principis
3313 1201 3370 1248 et
3397 1209 3493 1247 su-

1908 1284 2122 1353 perbire
2178 1284 2421 1353 iaciens;
2472 1284 2751 1340 etavertit
2789 1299 2913 1338 eum
2971 1300 3003 1338 a
3052 1291 3199 1339 recta
3250 1285 3487 1339 ratione.

1906 1373 2036 1430 inde
2060 1375 2221 1443 quasi
2256 1390 2286 1429 a
2316 1375 2671 1431 domuitionis
2705 1374 2938 1430 somniis
2984 1386 3039 1429 et
3072 1391 3103 1428 a
3139 1376 3489 1446 principatus

1904 1463 2213 1528 phantasiis
2258 1463 2678 1533 expergefactus
2723 1463 2863 1517 nihil
2909 1462 3143 1526 invenit,
3178 1462 3488 1518 secundum

1908 1551 2249 1622 Scripturam
2273 1589 2289 1615 ,
2338 1552 2395 1607 in
2441 1553 2695 1606 manibus
2739 1553 2889 1616 suis;
2927 1552 3059 1605 illud
3098 1552 3356 1621 quidem,
3386 1554 3486 1609 do-

1904 1641 2102 1695 minari
2142 1641 2300 1710 juxta
2350 1641 2683 1695 mundanam
2733 1642 3133 1711 arrogantiam,
3204 1644 3484 1697 subditum

1903 1745 2028 1786 esse
2058 1746 2090 1785 e
2128 1740 2318 1785 contra
2362 1731 2517 1786 labor
2558 1742 2613 1785 et
2645 1745 2891 1785 aerumna
2926 1740 2983 1786 et
3030 1733 3301 1788 molestia.
3342 1732 3487 1786 Pau-

1905 1825 2169 1887 pertatem
2202 1828 2384 1873 autem
2406 1818 2533 1888 quis
2565 1834 2675 1873 non
2720 1818 2871 1873 novit
2911 1819 3163 1873 servituti
3206 1834 3406 1891 amarae
3435 1829 3495 1874 et

1901 1910 2114 1964 carceri
2146 1910 2201 1962 in
2230 1910 2451 1964 vinculo
2476 1911 2675 1965 acerbo
2704 1910 2853 1964 haud
2880 1910 3339 1979 imparem?Qnid
3368 1897 3492 1965 cor-

1904 1998 2052 2068 poris
2078 1997 2466 2067 pulchritudo?
2507 1984 2691 2054 tenuis
2727 2005 2783 2052 et
2830 1998 3013 2053 brevis
3058 1998 3175 2052 haec
3231 1998 3492 2066 splendor

1906 2089 2162 2158 fulguris,
2180 2090 2366 2155 .verbo
2389 2089 2555 2145 citius
2578 2089 2771 2146 oculos
2810 2090 3046 2144 videntis
3067 2089 3406 2159 praeteriens
3437 2098 3494 2145 et

1906 2179 2141 2248 fugiens.
2175 2178 2318 2246 Quid
2346 2186 2401 2234 et
2447 2178 2750 2255 juventus?
2792 2179 2923 2250 quid
2966 2178 3268 2237 senectus?
3295 2177 3491 2234 Nonne

1906 2269 1998 2321 illa
2028 2270 2294 2339 temporis
2333 2269 2559 2340 agitatio
2587 2269 2704 2323 acie
2734 2284 2835 2324 sua
2856 2267 3014 2337 quasi
3049 2267 3149 2322 llos
3182 2281 3312 2320 mox
3344 2281 3495 2319 mar—

1906 2373 2139 2413 cescens
2164 2357 2461 2427 juvenibus
2490 2357 2744 2427 refulget,
2773 2366 3030 2414 senectus
3060 2372 3189 2411 vero
3219 2359 3342 2411 vita:
3366 2372 3494 2427 spo—

1906 2448 2262 2510 liatio,-ﬂoris
2299 2450 2540 2519 juventa:
2593 2448 2879 2503 deﬂoratio
2934 2436 3059 2503 est?
3113 2447 3219 2503 Sed
3270 2456 3325 2502 et
3372 2464 3492 2513 ser-

1907 2551 2120 2598 mones,
2160 2538 2498 2610 inquit,alati
2529 2541 2685 2609 quasi
2720 2552 3023 2608 pennarum
3064 2554 3168 2607 ope
3209 2554 3370 2608 quam
3400 2540 3493 2593 ‘ci-

1912 2625 2126 2681 tissime
2156 2628 2342 2681 volant
2372 2637 2426 2680 et
2452 2629 2827 2692 transierunt;
2873 2636 2927 2681 et
2956 2629 3146 2682 decori
3187 2629 3323 2698 ipsis
3347 2644 3492 2697 quo-

1907 2714 2069 2767 modo
2115 2722 2199 2771 est
2227 2716 2358 2769 aer?
2403 2714 2617 2770 Etenim
2656 2717 2761 2772 iste
2801 2726 3001 2770 natura
3039 2718 3330 2786 perlucens
3364 2732 3490 2771 cum

1906 2806 1977 2859 sit
2035 2813 2089 2859 et
2148 2806 2411 2861 odoribus
2463 2807 2895 2873 transmeabilis,
2946 2809 3129 2861 lumen
3175 2817 3231 2861 et
3275 2808 3493 2863 colores

1906 2912 2097 2951 omines
2122 2897 2188 2950 ad
2224 2898 2426 2957 visum,
2473 2906 2525 2951 et
2578 2899 2780 2953 odores
2828 2906 3063 2954 cunctos
3116 2897 3185 2951 ad
3228 2898 3492 2952 olfactutn

1908 2988 2163 3041 traducit.
2200 2986 2293 3040 Sic
2333 2998 2389 3043 et
2432 3002 2626 3041 sonum
2667 2990 3045 3043 transmittens
3090 2988 3160 3043 ad
3212 2990 3490 3052 auditum,

1908 3091 2216 3132 sermonem
2285 3088 2653 3147 cunctamque
2716 3088 2904 3132 voce‘m
2984 3087 3152 3148 atque
3220 3078 3491 3148 fragorem

1906 3166 2135 3221 adducit
2169 3183 2284 3222 aer.
2317 3169 2649 3224 Liberaliter
2678 3171 2814 3235 nati,
2850 3179 2907 3224 ut
2954 3171 3127 3233 aiunt.
3170 3171 3301 3240 quid
3338 3179 3489 3233 sunt,

1907 3258 2036 3327 quid
2060 3258 2206 3314 aliud
2240 3269 2326 3314 est
2349 3260 2501 3313 clara
2538 3263 2691 3331 origo
2732 3262 2834 3314 nisi
2871 3261 3088 3330 priscus
3120 3264 3343 3331 sanguis
3377 3262 3492 3317 heri

1906 3357 1960 3404 et
1981 3348 2047 3403 ad
2094 3357 2309 3419 tempus
2358 3349 2687 3405 honoratus?
2707 3348 2893 3402 liobur
2915 3352 3105 3405 carnis
3135 3360 3190 3405 ct
3222 3352 3493 3420 vigori-id

1907 3447 1960 3492 et
1990 3438 2109 3507 apri
2156 3439 2415 3506 gloriatio
2448 3426 2653 3493 factum
2706 3447 2811 3493 est.
2856 3437 2922 3491 Et
2967 3439 3189 3508 juvenis
3224 3456 3491 3510 arrogans

1908 3530 1977 3584 iis
2004 3530 2096 3599 qui
2122 3531 2216 3585 illo
2260 3530 2511 3599 imperite
2563 3537 2793 3584 utuntur
2828 3531 2956 3585 belli
3006 3531 3273 3587 adversus
3312 3532 3491 3586 Deum

1910 3622 1968 3673 lit
1996 3622 2235 3675 occasio.
2277 3620 2687 3675 Matrimonium
2736 3632 2920 3676 autem
2958 3623 3236 3676 vinculum
3263 3633 3349 3677 est
3380 3632 3433 3681 et
3462 3640 3491 3676 ιι

1908 3710 2160 3766 libertate
2190 3712 2430 3769 naturali
2478 3712 2821 3776 immutatio;
2850 3721 2903 3765 ct
2944 3713 3164 3782 egregia
3196 3714 3376 3783 proles
3401 3729 3493 3767 nc-

1908 3804 2152 3856 ccssaria
2183 3802 2509 3857 sollicitudo
2532 3818 2655 3872 quae
2678 3804 2837 3857 vitari
2870 3806 3079 3873 nequit,
3108 3815 3155 3858 et
3185 3806 3366 3873 proles
3401 3821 3492 3860 nes

1908 3906 2070 3961 quam
2104 3893 2361 3948 maestitia
2401 3892 2735 3962 morbusqnc
2761 3903 2846 3947 est
2887 3894 3085 3947 anima:
3113 3896 3495 3950 consolatione

1910 3997 2021 4035 non
2054 3982 2340 4037 levandus.
2372 3982 2437 4036 Et
2461 3997 2681 4036 rursum
2703 4021 2719 4044 ,
2774 3982 3035 4038 nundinas
3067 3985 3289 4038 malitiae
3320 3984 3494 4039 medi-

1910 4073 2231 4127 tationeset
2251 4072 2617 4142 cogitationes
2647 4079 2798 4134 sunt,
2824 4072 2878 4125 in
2909 4074 3094 4141 quiete
3114 4083 3168 4127 et
3191 4073 3493 4128 solitudine

1909 4161 2091 4215 studia
2115 4161 2421 4216 debilitates
2475 4169 2605 4215 sunt
2646 4169 2702 4215 et
2736 4162 2984 4229 penuria.
3016 4159 3295 4223 Rursum.
3344 4169 3493 4215 artes

1909 4252 2053 4321 apud
2080 4250 2243 4305 niuds
2266 4258 2611 4318 contemptus
2634 4259 2689 4303 et
2715 4250 2864 4305 humi
2890 4250 3142 4319 jacentcs
3158 4250 3493 4314 consistunt,

1909 4352 2121 4396 arcium
2156 4354 2209 4396 et
2233 4358 2262 4396 a
2294 4342 2548 4411 proximo
2570 4342 2944 4396 mendicatum
2975 4343 3315 4407 alimentum,
3347 4344 3495 4397 sicut

1908 4445 1963 4488 et
1994 4434 2282 4503 parasitari
2334 4442 2493 4501 turpe
2528 4434 2719 4498 valde;
2769 4441 2822 4487 ct
2877 4449 3037 4501 arare
3083 4444 3287 4490 terrain
3330 4444 3495 4505 atquo

1909 4526 2090 4579 colere
2125 4522 2446 4594 fatigatione
2476 4524 2720 4584 abundat
2764 4532 2819 4578 ct
2860 4524 3182 4585 sudoribus.
3231 4526 3496 4595 navigare

1910 4631 2038 4669 vero
2063 4616 2595 4684 periculosissimum
2619 4623 2673 4671 ct
2700 4617 3077 4686 navigantium
3110 4617 3218 4670 vita
3256 4617 3493 4679 plurima

1911 4706 2127 4760 inferno
2166 4708 2433 4775 proxima.

1905 4800 1969 4853 21
2016 4797 2207 4852 Patria
2243 4797 2428 4864 tellus,
2469 4798 2740 4866 proprium
2774 4798 3123 4939 barathrumi
3164 4808 3345 4920 exlt’era
3396 4816 3492 4871 op~

2542 4901 2546 4905 -
3129 4886 3221 4934 pro
3263 4886 3423 4921 rium.

2542 4901 2546 4905 -
3105 4886 3423 4934 [precntum

1978 4958 2119 5024 Quid
2158 4957 2360 5018 adhuc.
2395 4958 2481 5013 his
2512 4958 2711 5013 dictis?
2757 4956 2885 5028 quid
2920 4959 3238 5013 hominibus
3272 4959 3493 5014 dulcius

1910 5054 2005 5098 aut
2044 5046 2335 5099 amabilius
2377 5060 2539 5113 quam
2578 5046 2793 5114 patria?
2845 5045 2954 5099 Sed
3000 5057 3057 5103 ct.
3108 5048 3246 5114 ipsa,
3290 5048 3492 5116 inquit,

1911 5138 2066 5190 fovea
2104 5145 2191 5190 est
2221 5151 2349 5188 vera
2386 5145 2441 5189 et
2477 5135 2647 5197 fossa,
2693 5136 2746 5189 in
2790 5152 2898 5206 qua
2949 5137 3177 5205 pedibus
3205 5139 3403 5191 teritur
3438 5147 3493 5192 et

1912 5226 2265 5295 vilipenditnr
2293 5227 2456 5280 etiam
2488 5226 2580 5295 qui
2612 5228 2767 5282 valde
2806 5230 3090 5283 studiosus
3130 5227 3340 5282 videtur
3361 5244 3489 5297 erga

1910 5335 2052 5382 eam,
2092 5319 2400 5373 vicinorum
2446 5319 2794 5373 aemulatione
2847 5328 2903 5373 et
2961 5319 3163 5373 invidia
3221 5320 3489 5379 traditus;

1910 5413 2007 5468 scd
2038 5421 2093 5467 et
2130 5412 2279 5465 vivat
2314 5411 2455 5466 alius
2485 5411 2541 5464 in
2577 5420 2723 5466 terra
2752 5412 3012 5481 hospitali
3061 5420 3115 5465 et
3161 5413 3490 5481 alienigena,

1909 5505 2349 5575 objurgationem
2379 5520 2489 5557 non
2519 5504 2735 5575 vitavit.
2761 5503 2853 5557 Sic
2881 5494 3109 5568 cuncta,
3144 5510 3203 5556 ut
3232 5520 3337 5557 una
3370 5504 3489 5556 vice

1910 5596 2109 5653 dicam.
2151 5608 2271 5663 qua:
2303 5591 2617 5646 hominibus
2647 5592 2901 5645 anmbilia
2941 5598 2997 5646 et
3032 5592 3490 5662 concupiscibilia

1915 5693 2252 5752 repntantur,
2290 5682 2344 5734 in
2372 5680 2668 5733 vanitatem
2713 5680 2967 5734 recidunt
3010 5690 3064 5735 et
3122 5684 3176 5733 in
3254 5696 3492 5746 ttt‘t'llpa-

1914 5778 2116 5829 tionem
2154 5771 2465 5843 pessimam,
2516 5770 2659 5841 apud
2704 5768 3117 5829 Ecclesiasmn.
3156 5770 3291 5825 Nam
3332 5771 3489 5840 quasi
