4020 6302
548 366 654 423 783

541 493 743 549 spuma
773 494 839 534 ex
868 494 935 534 eo
960 479 1105 550 quod
1157 481 1537 551 corruptibilis
1581 478 1844 535 facillime
1885 481 2127 546 eﬂluant,

543 569 900 636 deridentur;
931 572 1089 641 quasi
1123 571 1471 641 phantasma,
1503 572 1634 642 quia
1672 572 1880 626 erranti
1911 571 2129 625 cuidam

544 669 604 714 et
635 660 925 715 oculorum
978 662 1229 716 ludibriis
1276 662 1514 726 similist;
1562 660 1722 730 quasi
1771 674 1887 721 ros,
1944 654 2133 729 utpote

550 764 675 818 qua:
711 750 873 805 facile
905 752 1258 806 exsiccentur
1304 761 1358 806 et
1400 752 1683 821 paululum
1717 751 1981 821 temporis
2016 765 2133 803 ma-

551 847 750 903 neant;
778 842 938 909 quasi
969 840 1175 907 fenum,
1207 844 1337 912 quia
1383 844 1535 897 brevi
1579 842 1905 897 ﬂaccescere
1942 841 2132 895 viden-

550 939 679 997 tur;
716 933 877 1001 quasi
920 934 1007 985 ala
1054 935 1127 987 ob
1182 936 1424 1003 ipsorum
1469 936 1651 1003 fugam
1706 944 1762 989 et
1807 933 2131 988 citissimam

552 1025 913 1076 mutationem
936 1039 951 1085 ;
978 1025 1133 1091 quasi
1167 1040 1323 1089 aura,
1355 1041 1421 1079 eo
1453 1025 1598 1095 quod
1626 1033 1747 1095 post
1776 1025 1995 1080 brevem
2026 1023 2134 1077 [ιιι-ο

553 1125 743 1179 gorem
792 1112 1059 1168 citissime
1114 1124 1482 1181 evanescant;
1546 1117 1819 1170 somnium
1872 1122 2134 1184 praeterea

552 1199 821 1254 dicuntur
846 1202 978 1271 quia
1011 1202 1288 1257 instabilia
1303 1210 1358 1255 et
1377 1200 1525 1255 nullo
1541 1203 1703 1257 modo
1718 1204 1870 1255 ﬁrma
1888 1210 1943 1256 et
1964 1216 2134 1256 vacua

555 1298 689 1344 sunt
711 1291 858 1345 eade
878 1292 1078 1361 quibus
1108 1293 1433 1363 superbiunt
1457 1293 1724 1351 homines.
1750 1294 1805 1345 ln
1832 1292 2136 1359 Scripturis

558 1380 886 1435 deridentur
915 1394 968 1436 et
1003 1383 1418 1452 vilipenduntur
1442 1390 1551 1438 ista
1584 1392 1640 1438 et
1678 1383 1846 1439 maris
1876 1381 2136 1436 ﬂuctibus

555 1474 615 1518 et
644 1465 935 1522 ﬂuviorum
994 1470 1204 1537 rapidis
1234 1471 1397 1526 undis
1433 1479 1489 1525 ct
1533 1471 1779 1541 vestigiis
1819 1472 1974 1526 navis
2018 1485 2140 1540 qua:

560 1571 715 1612 mare
766 1566 1097 1624 transnatat,
1138 1573 1193 1617 et
1228 1573 1518 1618 ventorum
1567 1562 1789 1618 ﬂatibus
1836 1572 1891 1617 et
1929 1560 2137 1633 pulveri

559 1647 974 1714 aequiparantur
1002 1650 1128 1715 ista,
1152 1652 1354 1721 quippe
1379 1668 1501 1721 qua:
1534 1668 1750 1722 semper
1774 1652 1938 1714 ﬂuxa,
1964 1651 2139 1705 insta—

563 1737 721 1805 bilia,
766 1739 933 1793 inﬁda
985 1748 1040 1795 et
1112 1743 1317 1797 caduca
1377 1758 1406 1797 a
1464 1758 1591 1798 vere
1640 1743 1873 1813 sapienti
1945 1742 2142 1812 quovis

564 1829 931 1884 rstimentur.
968 1831 1222 1888 Circulus
1258 1834 1403 1889 enim
1439 1849 1657 1905 semper
1691 1845 1941 1889 movetur
1973 1835 2143 1888 volvi-

567 1922 771 1985 torque
804 1920 935 1984 vita,
974 1922 1174 1974 similia
1207 1932 1403 1975 cuncta
1447 1924 1812 1993 undequaque
1856 1934 2142 1995 torquens,

564 2008 733 2063 simul
797 2018 952 2064 stans
988 2021 1041 2065 et
1080 2028 1331 2077 currens,
1375 2015 1537 2082 quale
1583 2016 1784 2069 ctelum
1839 2032 2006 2087 super
2046 2032 2148 2071 nos

568 2098 774 2153 moveri
808 2096 1261 2167 philosophantur
1290 2098 1813 2161 nonuulli,solulum
1847 2114 2038 2167 nempe
2062 2100 2141 2153 si-

569 2189 680 2242 mul
697 2204 761 2241 ac
774 2188 1031 2245 solidum.
1054 2196 1241 2257 utpote
1257 2189 1468 2257 quodin
1493 2203 1594 2241 suo
1610 2197 1718 2241 stet
1734 2189 1953 2241 volubili
1976 2204 2138 2243 cursu

567 2276 826 2330 solidum.
856 2275 1101 2343 Namque
1126 2277 1177 2329 in
1209 2278 1312 2332 hoc
1334 2286 1483 2331 stant
1507 2287 1561 2331 et
1589 2287 1962 2345 coagmentata
1990 2287 2140 2344 sunt,

566 2362 717 2430 quod
745 2366 1037 2420 solvuntur
1068 2377 1122 2422 et
1153 2379 1438 2437 moventur
1467 2387 1563 2440 per
1585 2371 1713 2424 anni
1750 2380 1993 2440 tempora
2022 2387 2144 2441 qua

573 2449 733 2505 aliter
774 2454 879 2509 alia
924 2455 1126 2521 ferunt,
1162 2459 1619 2526 quemadmodum
1665 2469 1720 2515 et
1759 2476 1975 2529 semper
2014 2476 2142 2514 cor-

573 2554 833 2611 rumpunt
862 2555 915 2598 et
954 2546 1018 2599 ad
1046 2547 1207 2600 ﬁnem
1237 2559 1405 2617 agunt
1441 2550 1557 2604 sive
1597 2566 1696 2619 per
1738 2551 1855 2605 dies
1894 2551 2009 2606 sive
2049 2567 2147 2619 per

1900 365 2198 421 NICETAS
2236 366 2438 422 DAVilJ

3690 354 3820 413 761»

2228 480 2479 534 διάλυτον
2507 479 2854 549 κωμῳδεῖται
2883 477 2979 531 καὶ
3003 475 3245 547 φθαρτὸν
3263 513 3279 536 ,
3316 471 3506 543 φάσμα
3538 471 3596 525 δι
3618 470 3711 524 διὰ
3736 467 3821 523 τὸ

2231 569 2430 622 πλάνον
2459 570 2553 622 καὶ
2584 567 2984 636 φαπασιῶδες,
3019 566 3211 636 δρόσος
3238 563 3295 616 δὲ
3323 563 3412 615 διὰ
3442 562 3504 613 τὸ
3535 559 3821 629 εὐξήραν-

2229 676 2321 712 τον
2345 659 2377 728 ἦ
2401 658 2785 728 ὀλιγοχρόνιον,
2806 657 2942 726 πνοὴ
2968 656 3024 708 δὲ
3050 655 3139 708 διὰ
3158 654 3219 707 τὺ
3238 652 3372 723 πρὸς
3394 649 3575 716 ὀλίγον
3596 643 3820 714 ἀναψύ-

2228 767 2345 820 χειν
2374 750 2579 807 δοκεῖν.
2613 748 2813 819 πτερὸν
2841 748 2898 801 δὲ
2927 746 3016 800 διὰ
3050 747 3147 816 τὴν
3202 744 3496 813 ἀπόδρασιν
3525 739 3618 791 καὶ
3649 734 3821 805 ταχι-

2234 854 2365 906 στην
2390 835 2728 903 ἀπαλλαγὴν,
2753 835 2915 904 ἀτμὶς
2946 833 3001 886 δὲ
3028 832 3190 886 διὰτὸ
3210 830 3344 901 πρὸς
3366 828 3538 899 βραχύ
3566 822 3820 893 φανέντα

2233 928 2427 981 θᾶττον
2463 925 2841 994 ἀφανίζεσθαι,
2877 923 3088 993 ὀνειρος
3122 922 3180 974 δὲ
3221 920 3357 989 πρὸς
3384 916 3597 977 τούτοις
3625 911 3717 965 διὰ
3742 912 3822 962 τὸ

2232 1017 2491 1088 ἀνίδρυτα
2537 1015 2632 1069 καὶ
2680 1014 3027 1067 ἀνυπόστατα
3071 1012 3165 1064 καὶ
3191 1010 3323 1063 κενὰ
3348 1008 3417 1060 τὰ
3450 1006 3568 1059 κατ’
3596 998 3822 1071 ἀνθρὼ-

2236 1122 2367 1168 πους
2423 1099 2563 1155 εἶναι
2613 1101 2968 1171 φρυάγματα.
3016 1099 3148 1161 Ταῖς
3176 1096 3421 1166 Γραφαίς
3463 1091 3823 1162 κωμῳδεῖται

2233 1195 2329 1248 καὶ
2353 1190 2718 1257 ἑξουδενοῦται
2756 1189 2964 1253 ταῦτα,
3005 1188 3102 1241 καὶ
3148 1186 3353 1256 κύμασι
3384 1181 3683 1250 θαλάσσης,
3715 1176 3824 1232 καὶ

2238 1284 2471 1356 ῥεύμασι
2498 1282 2786 1353 ποταμίοις
2804 1321 2819 1343 ,
2858 1281 2951 1334 καὶ
2979 1280 3152 1349 ἴχνεσι
3182 1274 3621 1344 ποντοπορούσης
3658 1270 3821 1339 νηὸς.

2236 1378 2331 1430 καὶ
2364 1374 2559 1445 αῦραις
2589 1373 2827 1443 ἀνέμων,
2857 1372 2953 1425 καὶ
2980 1368 3282 1435 κόνεσι,διά
3312 1367 3374 1421 τὸ
3402 1364 3654 1435 ἀείρυτον
3678 1359 3821 1413 ἀσι-

2236 1465 2389 1518 6αιόν
2429 1482 2489 1517 τε
2534 1464 2630 1517 καὶ
2685 1463 2912 1518 ἄπιστον
2956 1460 3050 1514 ’διαί⁵
3082 1460 3308 1513 ἀστατον
3355 1458 3422 1525 τῇ
3478 1448 3823 1519 άληθοσοφίᾳ

2240 1555 2604 1626 παρεικάσθη.
2646 1553 2858 1614 Κύκλος
2885 1552 2992 1621 γὰρ
3026 1549 3333 1618 ἀεικίνητος
3368 1547 3463 1598 καὶ
3490 1542 3823 1611 ἀείστροφος

2237 1651 2266 1700 ὀ
2294 1649 2407 1717 βίος
2454 1647 2623 1709 ἐστὶν,
2671 1645 2834 1713 ὅμοια
2879 1643 3056 1695 πάντα
3106 1640 3198 1693 καὶ
3251 1638 3481 1691 πάντοτε
3530 1631 3821 1693 κυλίνδων,

2237 1737 2408 1799 ἑστὼς
2436 1736 2553 1806 ἅμα
2595 1735 2687 1787 καὶ
2717 1732 2948 1803 τρέχων,
2980 1724 3090 1783 οἷον
3126 1728 3217 1780 τον
3252 1726 3364 1781 άνω
3395 1724 3624 1795 οὐρανὸν
3665 1720 3828 1790 φιλο-

2240 1827 2486 1898 σοφοῦσι,
2514 1826 2773 1895 λυόμενον
2802 1823 2917 1892 ἃμα
2955 1822 3049 1874 καὶ
3091 1821 3284 1883 πάγιον
3333 1818 3409 1889 τῷ
3438 1818 3497 1869 ὲν
3532 1814 3614 1885 τῷ
3645 1814 3823 1866 κινεί-

2242 1917 2366 1970 σθαι
2397 1914 2726 1985 πεπηγέναι.
2750 1913 2861 1965 Καὶ
2884 1912 2993 1981 γὰρ
3024 1911 3083 1963 ὲν
3106 1908 3283 1979 τούτῳ
3314 1908 3465 1978 μένει
3507 1904 3602 1958 καὶ
3642 1903 3831 1974 πέπη-

2242 2023 2355 2073 γεν,
2391 2007 2447 2056 ἐν
2493 2005 2573 2074 τῷ
2602 2002 2822 2055 λύεσθαί
2854 2018 2915 2053 τε
2954 2001 3044 2052 καὶ
3080 1997 3347 2052 κινεῖσθαι
3393 1998 3513 2057 ταῖς
3549 2011 3611 2046 τε
3642 1992 3829 2064 ὥραις

2246 2096 2339 2150 τοῦ
2378 2094 2626 2148 ἐνιαυτοῦ
2666 2093 2853 2147 ἀλλοτε
2896 2092 3030 2146 άλλα
3076 2090 3392 2159 φερούσαις,
3431 2086 3694 2148 ὡσαύτως
3732 2086 3830 2138 ἀεὶ

2248 2187 2345 2240 καὶ
2372 2184 2717 2255 φθειρούσαις
2743 2183 2836 2236 καὶ
2860 2180 3335 2251 τελεσφορούσαις,
3352 2182 3473 2242 ταῖς
3497 2196 3555 2231 τε
3584 2178 3833 2248 ἡμέραις

2250 2278 2343 2331 καὶ¹
2381 2275 2499 2340 νυξὶ
2529 2275 2598 2327 τά
2634 2274 2755 2327 καθ’
2801 2274 3030 2327 ἕκαστον
3063 2268 3401 2331 ἀλλοιούσαις
3435 2269 3467 2338 ἦ
3502 2265 3834 2321 ἀνακαινού-

2250 2388 2371 2433 σαις
2397 2373 2455 2423 ὲν
2486 2370 2669 2431 πόνοις
2691 2369 2785 2420 καὶ
2825 2367 3032 2430 κόποις,
3057 2368 3114 2418 ὲν
3140 2366 3313 2426 νόσοις
3338 2365 3433 2416 καὶ
3456 2362 3729 2423 θανάτοις,
3769 2359 3839 2411 ιν

2247 2460 2485 2513 πτώσεσι
2518 2460 2612 2512 καὶ
2634 2458 2977 2527 εὐδρομίαις,
3006 2459 3063 2509 tv
3091 2455 3449 2509 ταπεινώσεσι
3486 2452 3579 2506 καὶ
3599 2452 3835 2515 λύπαις,

2248 2553 2306 2603 ὲν
2336 2548 2577 2618 ὐψώσεσι
2604 2550 2697 2601 καὶ
2722 2546 3103 2618 εὐφροσύναις.

574 2640 766 2688 noctes
800 2634 1045 2689 vicissim
1082 2637 1433 2691 immutantes
1478 2648 1573 2691 aut
1614 2650 1941 2694 rcnovantes
1971 2640 2025 2693 in
2060 2640 2343 2693 laboribus
2385 2649 2440 2693 et
2482 2636 2890 2708 {alligationibus
2913 2678 2927 2701 ,
2964 2637 3021 2691 in
3060 2635 3269 2691 morbis
3307 2642 3361 2689 et
3410 2634 3677 2690 mortibus
3703 2673 3721 2697 ,
3771 2636 3832 2687 in

574 2723 797 2778 casibus
818 2732 869 2777 et
899 2726 1176 2791 cursibus,
1201 2728 1254 2779 in
1281 2728 1679 2794 abjectionibus
1707 2739 1760 2783 et
1782 2730 2071 2795 molestiis,
2101 2732 2155 2784 in
2182 2730 2439 2799 superbia
2468 2738 2524 2784 et
2551 2730 2943 2799 cogitationum
2976 2728 3332 2781 moderantia.

580 2813 647 2867 Et
672 2815 768 2868 hac
798 2825 903 2867 tam
928 2815 1048 2884 [om
1076 2819 1369 2884 sapientior,
1399 2836 1429 2871 ο
1462 2819 1709 2885 Verbum,
1739 2830 1794 2875 et
1818 2837 1935 2890 seq.

650 2904 715 2959 Et
741 2908 845 2960 hoc
873 2912 997 2968 tuae,
1025 2923 1058 2960 ο
1091 2907 1253 2962 Pater
1277 2917 1333 2964 et
1362 2908 1627 2975 Verbum,
1657 2912 1938 2980 sapientia:
1966 2913 2152 2981 tuique

578 2996 677 3049 zeli
731 2997 955 3067 dignum
1003 3007 1119 3052 erat
1171 3008 1371 3053 cuncta
1422 3001 1722 3066 instabilia,
1778 3001 2052 3057 versatilia
2099 3010 2154 3057 et

578 3091 800 3147 mobilia
839 3104 962 3143 esse
1011 3104 1352 3159 quaecunque
1407 3093 1656 3160 corporis
1706 3094 1758 3146 in
1806 3094 1910 3147 hoc
1949 3094 2155 3147 mundo

580 3180 839 3248 aptabilia
887 3180 1251 3240 restituamur,
1297 3180 1371 3233 ita
1410 3189 1469 3234 ut
1516 3181 1621 3236 hoc.
1666 3189 2063 3252 cognoscentes
2101 3191 2152 3237 et

581 3272 674 3325 illa
726 3268 1079 3336 aspicientes,
1135 3268 1414 3323 ﬁrmorum
1468 3278 1523 3325 et
1583 3272 1724 3341 apud
1780 3280 1834 3327 te
1888 3273 2157 3329 stabiliter

581 3359 917 3414 manentium
956 3357 1223 3411 bonorum
1261 3358 1314 3409 in
1359 3357 1556 3425 spiritu
1595 3360 1985 3428 amplectamur
2012 3360 2157 3413 desi-

583 3448 819 3501 derium.
848 3446 1077 3507 Cuncta,
1107 3445 1282 3514 inquit
1317 3447 1561 3515 sapiens.
1586 3448 1884 3501 secundum
1922 3449 2155 3517 speciem

584 3537 959 3607 intelligentia:
982 3538 1083 3591 alis
1114 3536 1336 3604 adjutus
1374 3537 1735 3607 investigatus
1770 3555 1912 3605 sum,
1940 3540 2006 3594 de
2032 3540 2156 3607 qui-

584 3629 690 3685 bus
743 3630 912 3697 prisci
961 3636 1015 3683 et
1072 3629 1321 3696 iuniores
1375 3629 1747 3699 philosophati
1795 3639 1923 3686 sunt
1968 3649 1983 3685 :
2023 3632 2157 3685 nihil

587 3720 825 3774 miseriis
858 3720 1163 3781 hominum,
1200 3720 1255 3773 id
1297 3729 1382 3774 est
1412 3721 1519 3774 vita
1547 3722 1849 3785 hominum,
1884 3738 2157 3777 arumno-

587 3813 706 3867 sius
770 3820 865 3865 aut
923 3812 1254 3867 laboriosius
1310 3812 1445 3867 vidi.
1497 3812 1553 3866 In
1594 3812 1681 3869 his
1745 3816 1991 3871 carnales
2060 3832 2157 3869 ro-

587 3902 887 3971 gitationes
947 3902 1347 3972 parvipendens
1383 3918 1510 3958 vere
1552 3904 1860 3973 spiritualis
1890 3914 1945 3960 et
1976 3906 2159 3975 despi-

587 3996 743 4048 ciens
773 3992 1083 4062 Theologus
1114 3992 1342 4060 spiritus
1373 3993 1734 4061 cogitationes
1770 3994 2081 4063 magniﬁcat
2109 4003 2161 4048 et

590 4084 705 4140 Deo
730 4085 924 4155 dignas
957 4084 1170 4138 extollit
1218 4100 1236 4138 :
1284 4099 1521 4152 quorum
1559 4085 1774 4153 signum
1819 4095 1904 4139 est
1939 4101 2160 4140 crucem

591 4176 797 4233 Christi
836 4176 1030 4230 tollere
1062 4181 1117 4229 et
1142 4182 1263 4243 post
1308 4175 1485 4244 ipsum
1529 4174 1582 4227 in
1628 4174 2080 4230 tribulationibus
2110 4185 2165 4228 et

593 4269 875 4323 laboribus
905 4266 1091 4336 sequi;
1127 4268 1181 4320 in
1236 4266 1491 4336 lacrymis
1514 4275 1570 4321 et
1615 4267 1908 4335 gemitibus
1940 4267 2033 4324 Dei
2070 4283 2166 4337 spe

594 4359 859 4429 liqueﬁeri
910 4368 964 4412 et
1014 4373 1179 4426 super
1220 4358 1461 4412 caalestis
1504 4357 1722 4415 Triadis
1778 4359 2159 4431 splendoribus

592 4449 869 4506 conﬁdere
904 4458 959 4504 et
992 4464 1022 4502 a
1056 4449 1291 4503 terrenis
1330 4448 1755 4517 cogitationibus
1806 4449 2021 4503 liberari
2069 4464 2164 4518 per

596 4541 851 4610 imaginis
878 4540 1170 4611 puritatem
1199 4548 1255 4593 et
1278 4540 1772 4609 incorruptimlem.
1802 4539 1973 4596 Porro
2002 4543 2165 4595 vitam

595 4646 755 4701 agere
781 4630 1014 4684 alienam
1065 4629 1133 4683 ab
1177 4629 1435 4692 humana,
1468 4637 1524 4682 et
1575 4645 1675 4699 pro
1718 4631 2037 4686 caelestibus
2065 4634 2167 4684 hu-

594 4736 756 4775 mana
788 4720 1118 4789 relinquere,
1170 4720 1226 4777 in
1261 4728 1519 4790 promptu
1563 4721 1618 4774 id
1665 4730 1744 4777 est
1791 4722 2001 4791 Optimo
2038 4719 2162 4773 cui—

593 4829 703 4879 que
758 4812 990 4876 homini,
1030 4812 1240 4867 ﬁrmum
1289 4818 1345 4865 et
1402 4827 1590 4865 verum
1658 4813 1787 4867 illud
1841 4815 1895 4868 in
1947 4812 2167 4868 Christo

592 4901 721 4956 Jt-sn
757 4903 1027 4957 bonorum
1065 4901 1349 4971 principis.
1388 4902 1579 4954 Amen.

2246 2821 2355 2875 Καὶ
2388 2820 2522 2873 τόδε
2550 2816 2668 2888 σῆς
2701 2817 2949 2887 γενέτωρ
2974 2817 3392 2885 σοφίηςμὶόγε,
3419 2833 3475 2868 κ.
3508 2832 3559 2868 τ.
3595 2816 3649 2866 ἐ.

2320 2912 2429 2963 Καὶ
2454 2908 2610 2963 τοῦτο
2639 2910 2737 2979 τῆς
2766 2908 2885 2977 σῆς,
2909 2901 2955 2960 ὦ
2984 2907 3164 2977 Πάτερ
3196 2905 3292 2958 καὶ
3309 2906 3470 2973 Λόγε,
3509 2906 3702 2974 σοφίας
3737 2906 3844 2960 καὶ

2251 3001 2579 3070 κηδεμονίας
2619 2999 2767 3065 ἀξιον
2793 2994 2883 3068 ἦν,
2926 2998 3105 3050 πάντα
3137 2997 3348 3049 ἀστατα
3376 2996 3471 3048 καὶ
3502 2996 3843 3066 εὐπερίτρεο

2255 3108 2363 3143 πτα
2392 3087 2529 3143 εἶναι
2577 3090 2671 3143 καὶ
2706 3088 2942 3141 ἀϐέϐαια
2987 3086 3055 3139 τά
3087 3085 3182 3138 τοῦ
3214 3083 3468 3156 σώματος
3497 3086 3555 3138 έν
3587 3085 3725 3155 τῷδε
3757 3087 3849 3158 τῷ

2255 3183 2444 3252 κόσμῳ
2478 3180 2745 3251 ποθητά,’
2781 3179 2858 3242 ὡς
2909 3179 2975 3232 ἂν
3030 3177 3187 3231 τοῦτο
3239 3178 3487 3245 γνόντες,
3520 3177 3612 3230 καὶ
3654 3178 3847 3233 ταῦτα.

2255 3274 2591 3345 παριδόντες,
2643 3272 2751 3325 τῶν
2807 3271 3057 3324 ἑστώτων
3106 3268 3199 3322 καὶ
3244 3268 3396 3337 παρά
3430 3268 3512 3319 σοὶ
3545 3268 3847 3338 ἀραρότως

2259 3364 2528 3434 μενόντων
2560 3363 2779 3430 ἀγαθῶν
2812 3363 2870 3415 εν
2914 3361 2992 3431 τῷ
3022 3361 3290 3431 πνεύματι
3320 3360 3695 3430 ἀσπασώμεθα
3731 3361 3853 3429 τὴν

2255 3454 2463 3523 ἔφεσιν.
2520 3454 2722 3518 Πάντα,
2751 3452 2916 3522 φησὶν
2948 3454 2977 3504 ὀ
3000 3452 3376 3513 θεόπνευστος,
3409 3453 3531 3503 κατ’
3574 3446 3709 3511 εἶδος
3736 3448 3851 3503 τοῦ

2258 3544 2350 3597 νοῦ
2368 3544 2592 3615 πτέρυξι
2622 3544 3037 3613 ἐπεσκεψάμην,
3066 3543 3165 3597 ὅσα
3186 3558 3244 3596 τε
3273 3545 3388 3606 τοῖς
3418 3543 3583 3597 πάλαι
3614 3544 3709 3595 καὶ
3733 3542 3853 3597 ὅσα.

2258 3639 2369 3698 τοῖς
2400 3636 2541 3697 νέοις
2570 3633 2932 3704 ὲφιλοσοφήθη
2952 3649 2968 3665 ·
2998 3632 3150 3686 οὐδὲν
3177 3634 3233 3686 δὲ
3264 3633 3372 3686 τῶν
3414 3632 3714 3703 ἀνθρώπων
3741 3651 3853 3686 τα-

2258 3726 2683 3796 λαιπωρότερον,
2710 3723 2855 3777 τοῦτ’
2904 3723 3018 3777 ἐστι
3058 3723 3153 3777 τοῦ
3198 3723 3533 3793 ἀνθρωπίνου
3576 3722 3688 3792 βίου
3737 3738 3852 3793 μο-

2260 3818 2587 3889 χθηρότερον
2617 3816 2650 3886 ἢ
2706 3813 3127 3885 ἐπιπονώτερον,
3149 3815 3246 3884 οὐχ
3278 3813 3500 3877 ἑώρακα
3531 3814 3703 3867 οὐδέν.
3746 3814 3853 3867 Ἐν

2258 3909 2471 3971 τούτοις
2497 3908 2558 3961 τὸ
2593 3908 2848 3979 σάρκινον
2881 3906 3137 3978 φρόνημα
3155 3907 3596 3977 κατασμικρύνας
3613 3908 3643 3960 ὀ
3672 3925 3851 3960 πνευ-

2266 4000 2491 4070 ματικὸς
2522 3999 2600 4069 τῷ
2644 3999 2758 4052 sm
2792 3999 2886 4051 καὶ
2913 3998 3600 4064 κατευτελίσαςθεολόγος,
3640 3998 3702 4052 τὸ
3746 3999 3849 4054 τοῦ

2263 4090 2570 4161 πνεύματος
2600 4090 2855 4160 φώνημα
2884 4087 3175 4159 μεγαλύνει
3209 4089 3303 4141 καὶ
3346 4087 3576 4151 θειάζων
3608 4089 3845 4157 ἀνυψοτ-

2264 4182 2330 4233 si
2355 4181 2545 4234 τούτου
2570 4180 2625 4231 δὲ
2658 4176 2799 4232 εἶναι
2821 4180 3200 4248 γνωρίσματα,
3232 4178 3296 4232 τὸ
3319 4179 3410 4232 τὸν
3449 4179 3679 4250 σταυρὸν
3705 4176 3849 4251 ἆραι

2265 4270 2522 4341 Χριστοῦ,
2572 4272 2665 4323 καὶ
2716 4270 2889 4322 ὀπίσω
2925 4268 3089 4321 αὐτοῦ
3127 4269 3187 4321 εν
3234 4268 3445 4338 θλίψεσι
3504 4270 3599 4321 καὶ
3658 4268 3849 4333 πόνοις

2265 4360 2578 4413 ἀκολουθεῖν
2595 4375 2608 4389 ’
2632 4359 2693 4411 τὸ
2716 4361 2774 4412 ὲν
2794 4360 3024 4429 δάκρυσι
3052 4359 3147 4411 καὶ
3174 4360 3496 4428 στεναγμοῖς
3512 4361 3631 4422 ταῖς
3658 4359 3845 4413 ἐλπίσι

2270 4451 2694 4521 προστετηκέναι
2740 4448 2834 4503 τοῦ
2886 4449 3046 4512 Θεοῦ,
3100 4450 3193 4502 καὶ
3245 4452 3313 4520 τῇ
3364 4450 3464 4519 τῆς
3512 4449 3843 4520 ἑπουρανίας

2268 4540 2499 4610 Τριάὁος
2544 4540 2749 4610 λάμψει
2796 4540 3143 4593 πεποιθέναιο
3199 4540 3294 4593 καὶ
3340 4539 3563 4592 λύεσθαι
3615 4541 3714 4609 μὲν
3748 4538 3846 4593 τοῦ

2268 4631 2457 4699 γηῖνου
2507 4632 2854 4701 φρονήματος
2904 4633 2968 4701 τῇ
3018 4629 3273 4699 ἁγνότητι
3321 4630 3415 4682 καὶ
3465 4629 3702 4700 ἀφθορίᾳ
3742 4628 3848 4698 τῆς

2267 4722 2493 4785 εἰκόνος,
2536 4722 2635 4791 ζῇν
2661 4721 2720 4774 δὲ
2758 4721 2857 4791 τῆς
2884 4721 3231 4792 ἀνθρωπίνης
3267 4719 3413 4789 ζωῆς
3434 4718 3582 4786 ξένον
3612 4718 3751 4787 βίον,
3776 4718 3849 4771 τὰ

2270 4811 2586 4882 ἀνθρώπινα
2612 4811 2722 4865 τῶν
2760 4811 3027 4882 οὐρανίων
3060 4811 3525 4882 δωμειῦομένους,
3554 4808 3715 4862 τοῦτο
3749 4809 3850 4878 εμ-

2272 4902 2431 4955 πεδον
2466 4902 2656 4971 ἁγαθῷ
2682 4901 2955 4973 ἀνθρώπῳ
2987 4902 3081 4955 καὶ
3117 4901 3332 4972 βέϐαιον
3372 4902 3466 4955 καὶ
3502 4900 3756 4969 ἀληθινὸν
3789 4901 3849 4953 ἐν

595 4994 817 5065 Χριστῷ
860 4994 1034 5065 Ἰησοῦ
1064 4992 1142 5063 τῷ
1162 4992 1270 5045 τῶν
1303 4992 1521 5061 ἀγαθῶν
1553 4992 1792 5063 χορηγῷ.
1829 4995 2018 5065 Ἀμήν.
2050 4996 2186 5067 Περὶ
2240 4998 2341 5067 τῆς
2403 4996 2509 5050 τῶν
2552 4996 2831 5065 παρόντων
2879 4993 3150 5058 εὐτελείας
3207 4993 3303 5047 καὶ⁵
3353 4992 3712 5062 ματαιότητος
3765 4989 3850 5041 λό-

668 5104 693 5142 c
730 5095 818 5142 ια’.

668 5104 693 5120 ρ
730 5104 818 5142 ια’.

596 5104 898 5236 Etiamne
951 5178 1288 5249 Arcaaorum
1350 5177 1536 5249 Magni
1606 5177 1851 5249 Gregorii
1911 5179 2162 5248 Theologi

668 5250 968 5318 carminum
1007 5263 1026 5301 :
1063 5248 1427 5302 Beatiludines
1452 5248 1528 5303 iet
1572 5249 1695 5303 vitae
1720 5248 2037 5318 ispiritualis
2085 5265 2169 5302 rc-

670 5320 827 5388 gslrr.
864 5317 1047 5373 Sermo
1074 5320 1435 5372 duodecimus.

673 5412 973 5479 Postquam
1010 5410 1427 5464 commiseratus
1453 5417 1537 5463 est
1557 5420 1610 5463 et
1629 5409 1879 5480 despexit
1906 5410 2168 5472 humana,

602 5513 657 5558 ct
683 5504 847 5571 hujus
871 5503 970 5557 aevi
988 5502 1230 5572 jucunda
1253 5512 1447 5558 cuncta
1469 5501 1883 5573 parvipependit
1911 5512 2167 5572 tanquam

605 5595 886 5651 iustabiba
918 5602 973 5650 et
1013 5596 1258 5662 mobilia,
1303 5596 1357 5650 in
1406 5596 1608 5665 quibus
1659 5593 1945 5664 prudentia
1982 5595 2167 5665 carnis

2282 5177 2607 5246 Ἔξήγησις
2646 5176 2765 5229 τῶν
2794 5173 3284 5246 ἁπορῤήτέ-ινντσῦ
3315 5170 3586 5246 Ηξγάιιου
3622 5170 3673 5220 Γ
3666 5184 3848 5246 mro:

2334 5238 2472 5316 pleb
2492 5238 2608 5300 ’τοῦ
2644 5238 3127 5316 Θεολόπηῦὲπῶν
3153 5244 3287 5316 (68).
3317 5238 3706 5316 ’Μακαρισμοὶ
3748 5239 3846 5291 και

2345 5311 2469 5380 ὅροι
2504 5311 2917 5384 πνευματικοῦ
2933 5313 3321 5380 βίου..Λόγος
3352 5311 3449 5373 ιβ’.

2345 5406 2651 5469 Ταλανίσας
2684 5406 2777 5461 καί⁵
2804 5403 3258 5475 κατασμικρύνας
3290 5402 3357 5454 τὰ
3387 5399 3727 5470 ἀνθρώπινα,
3754 5398 3849 5451 καὶ

2273 5499 2343 5555 τὰ
2380 5498 2473 5551 τοῦ
2521 5496 2717 5559 αίῶνος
2762 5495 2953 5549 τούτου
2983 5493 3192 5565 τερπνά
3232 5493 3409 5545 πάντα
3454 5488 3725 5558 φαυλίσας
3773 5486 3847 5550 ὡς

2274 5591 2507 5644 ἁόέόαια
2542 5590 2636 5641 καὶ
2668 5587 3101 5659 εὐπερίτρεπτα,
3148 5587 3205 5637 ὲν
3235 5577 3315 5647 οἷς
3359 5582 3422 5636 τὸ
3451 5581 3708 5652 φρόνημα
3753 5576 3848 5646 τῆς

684 5751 797 5822 (68)
836 5752 1017 5809 Carm.
1059 5752 1150 5819 l6,
1185 5767 1237 5821 p.
1280 5751 1341 5806 9i
1376 5750 1460 5807 ed.
1490 5750 1627 5818 Col;
1656 5766 1707 5821 ρ.
1746 5750 1850 5805 948
1888 5748 1972 5805 cd.
2004 5747 2335 5812 Leuveucl.;
2376 5748 2461 5803 od.
2506 5762 2629 5801 nov.
2676 5759 2727 5813 p.
2768 5742 2889 5797 £87.
