4020 6302
186 359 288 419 τω

186 480 383 552 σαρκὸς
410 477 677 549 κραταιού
685 491 867 549 μενον,
901 471 978 544 τῷ
998 471 1117 543 Θεῷ
1151 471 1568 526 ἀντιτάσσεσθαι
1593 471 1772 524 ἀπαυ-

184 570 481 635 θαδίξεται,
522 568 608 622 διὰ
642 566 752 619 τῶν
783 563 1159 641 προκειμένων
1184 562 1390 617 τούτων
1423 562 1571 636 ἐπῶν
1602 562 1631 615 ὁ
1670 578 1773 631 μα-
1826 616 1828 618 τ

182 658 521 729 καριὼτατος
551 653 826 726 ίερολόγος
865 652 959 706 τοῦ
988 649 1344 721 εὑαγγελικοῦ
1374 651 1541 720 νόμον
1570 648 1639 703 τά
1680 665 1771 705 κε-

180 751 384 819 φάλαια
424 750 522 802 καὶ
560 746 655 800 τοῦ
686 745 1037 816 φρονήματος
1066 742 1163 796 τοῦ
1209 741 1522 812 πνεύματος
1554 740 1655 810 τὴν
1687 742 1771 803 είς

185 839 275 891 ἀεὶ
300 838 662 907 διαμένουσαν
689 834 847 898 δόξαν
886 829 1195 900 ὑπαυγάζει
1228 831 1322 885 καὶ
1352 832 1451 899 τὴν
1488 830 1663 900 ἰσχὺν,
1688 826 1769 898 τῷ

183 926 605 998 θεαρχικωτάτῳ
644 924 741 995 μὲν
782 921 964 992 Ἰησοῦ
993 921 1313 991 ὀμοφρόνως
1346 920 1441 973 καὶ
1467 917 1768 987 ὁμοφώνως

185 1016 527 1089 μακαρίζων,
570 1015 667 1069 καὶ
694 1012 923 1085 πλήρεις
951 1011 1175 1079 ἀγαθῶν
1214 1009 1607 1083 ἀνακηρύττων
1638 1011 1766 1072 τοὺς

180 1106 241 1159 ἐν
287 1106 517 1177 ἀληθείᾳ
556 1104 767 1168 ζῶντας
811 1100 844 1173 ἢ
888 1103 1153 1175 ζήσοντας
1194 1100 1312 1168 (οὓς
1359 1102 1615 1165 κάκεῖνος
1665 1098 1764 1155 τοῦ

185 1193 518 1269 Εὐαγγελίου
567 1192 977 1263 καταρχόμενος
1021 1190 1357 1261 ἐμακάρισεν
1400 1192 1429 1243 ὁ
1481 1188 1764 1260 Χριστὸς),

180 1289 340 1357 ὅρους
369 1286 426 1339 δὲ
457 1285 535 1355 τῷ
562 1286 677 1339 ὄντι
704 1281 1075 1354 πνευματικοῦ
1098 1281 1213 1352 βίου
1242 1283 1335 1335 καὶ
1364 1282 1569 1337 τελείου
1596 1281 1766 1348 τιθεὶς

182 1372 364 1443 ἐαυτῷ
396 1374 496 1443 τῆς
542 1376 601 1425 ἐν
642 1372 831 1441 κόσμῳ
875 1370 970 1424 καὶ
1010 1369 1090 1439 τῷ
1128 1369 1341 1440 σώματι
1372 1368 1548 1439 τούτῳ
1578 1370 1761 1442 ζωῆς,

182 1464 272 1517 ἶνα
301 1464 400 1517 καὶ
425 1463 525 1533 τὴν
564 1465 781 1534 ποίησιν
805 1462 900 1515 καὶ
935 1460 1035 1531 τὴν
1067 1460 1267 1524 δίδαξιν
1300 1463 1396 1530 τῆς
1426 1464 1764 1534 Δεσποτικῆς

179 1556 560 1626 παραδείξειεν
614 1552 856 1623 ἐντολῆς,
892 1548 988 1617 οἷς.
1019 1552 1049 1606 ὁ
1093 1552 1283 1621 Μέγας
1330 1552 1552 1624 κληθεὶς
1594 1557 1654 1607 ἐν
1692 1557 1759 1627 τῇ

174 1646 287 1702 τῶν
314 1646 560 1716 οὐρανῶν
602 1644 863 1716 βασιλείᾳ
886 1642 1071 1712 σαφῶς
1105 1646 1607 1717 χαρακτηρίζεται·
1642 1646 1763 1699 ἴδω-

174 1755 282 1809 μεν
320 1736 377 1790 δὲ
425 1734 849 1805 κεκομψευμενη
896 1731 1039 1798 λέξει
1071 1732 1169 1805 τὴν
1195 1734 1556 1807 εὐαγγελικην
1586 1736 1757 1790 θεολο-

169 1828 323 1897 γίαν.

173 1944 440 2007 Ὄλϐιος,
467 1940 637 2005 ὅστις
667 1936 892 2007 ἔρημον
918 1937 1045 2009 ἔχει
1062 1939 1229 2005 βίον,
1258 1957 1315 1995 κ.
1346 1957 1396 1993 τ.
1426 1940 1474 1993 λ.

244 2045 417 2117 Οὗτος
448 2052 635 2123 ἔμοιγε
665 2049 899 2127 πρώτως
930 2053 1166 2124 ὑπάρχει
1199 2053 1563 2125 μακαριστὸς,
1586 2055 1615 2107 ὁ
1638 2052 1763 2107 Oso-

172 2143 649 2215 μακαριστότατος
724 2140 1077 2211 θεοφθόγγοις
1150 2137 1343 2196 ἔπεσιν
1401 2143 1761 2208 ἀποψαίνεται

170 2235 215 2286 Γ
219 2235 501 2305 ρηγόριος,
532 2233 711 2297 δςντοῦ
744 2233 975 2303 ματαίου
1005 2233 1115 2285 τῶν
1146 2232 1447 2305 ἀνθρώπων
1478 2232 1591 2304 βίου
1623 2234 1762 2289 ὐπα-

167 2323 598 2395 νακεχωρηκὼς,
624 2323 856 2393 ἄμικτόν
879 2340 939 2376 τε
962 2322 1058 2377 καὶ
1084 2322 1445 2391 ἀκοινώνητον
1470 2324 1606 2394 πρὸς
1634 2324 1762 2377 ἀσε-

168 2415 296 2477 ϐεῖς
327 2417 422 2467 καὶ
452 2415 810 2485 ἁμαρτωλοὺς
838 2412 1081 2475 διαϐιοὺς
1109 2412 1242 2483 βίον,
1275 2412 1476 2466 ἐθέωσε
1509 2414 1600 2467 τὸν
1631 2415 1761 2467 ἐαυ-

166 2506 275 2560 τοῦ
310 2505 436 2559 νοῦν
468 2504 756 2576 ἀχράντοις
791 2502 1010 2573 ἐφέσεσι
1036 2507 1154 2567 ταῖς
1194 2505 1331 2575 πρὸς
1374 2505 1463 2558 τὸν
1493 2504 1627 2559 Θεὸν
1665 2505 1760 2559 καὶ

166 2595 419 2666 ὁμιλίαις
442 2611 458 2627 θ
491 2595 759 2665 μακάριος
791 2594 849 2646 δὲ
883 2595 975 2647 καὶ
1002 2594 1061 2657 δς
1091 2594 1293 2664 μεταξὺ
1322 2595 1432 2648 τῶν
1456 2594 1758 2666 ἀνθρώπων

166 2685 253 2757 τῷ
279 2686 432 2755 τόπῳ
456 2686 551 2739 καὶ
574 2685 652 2755 τῷ
680 2684 895 2755 σώματι
923 2684 1395 2755 ἀναστρεφόμενος
1416 2726 1431 2750 ,
1458 2688 1525 2757 τῇ
1566 2686 1761 2739 εύστα-

165 2778 300 2848 θείᾳ
348 2778 443 2838 τοῦ
486 2776 578 2831 νοῦ
616 2778 679 2830 τὸ
732 2776 986 2848 μονάξειν
1028 2776 1466 2847 κατωρθώσατο,
1512 2780 1608 2832 καὶ
1649 2779 1759 2831 τῶν

170 2871 443 2943 μυσαρῶν
473 2870 921 2942 ἐπιτηδευμάτων
944 2871 1472 2942 ἀπαλλοτριούμενος
1498 2873 1626 2943 ὃλην
1667 2874 1758 2928 αύ-

161 2963 266 3018 τοῦ
284 2962 395 3033 τὴν
416 2962 645 3032 καρδίαν
670 2958 759 3015 διὰ
787 2962 1096 3033 προσευχῆς
1132 2963 1335 3034 συνῆψε
1364 2963 1442 3035 τῷ
1468 2964 1604 3035 Θεῷ.
1638 2967 1759 3018 Μα-

164 3057 388 3126 κάριος,
422 3054 480 3116 δς
501 3054 721 3107 πάντων
742 3047 817 3106 ὧν
840 3070 971 3106 ποτε
1006 3050 1119 3123 εἶχε
1146 3054 1443 3123 κτημάτων
1474 3055 1507 3126 ἢ
1540 3050 1645 3126 χρη
1655 3058 1759 3126 μά-

161 3165 281 3201 των
322 3148 673 3217 ἀντωνήσατο
716 3145 982 3215 Χριστὸν,
1017 3146 1113 3199 καὶ
1154 3146 1315 3216 μόνον
1358 3146 1534 3216 ἐαυτῷ
1565 3147 1756 3200 ὑπελί-

165 3253 307 3295 πετο
357 3235 546 3305 κτῆμα
595 3233 686 3287 τὸν
735 3233 990 3306 σταυρὸν,
1124 3234 1217 3287 καὶ
1260 3235 1345 3307 ζῇ,
1386 3237 1481 3290 καὶ
1524 3236 1759 3290 ἐπὶτῶν

164 3324 339 3395 ὤμων
370 3323 509 3394 ἄρας
540 3321 676 3390 ὑψοῦ
699 3360 714 3385 ,
756 3323 1195 3393 ἀμεταστρεπτεὶ
1232 3324 1311 3393 τῷ
1353 3327 1757 3398 ἐσταυρωμένῳ

168 3414 479 3469 ἀκολουθεῖ.
512 3414 800 3483 Μακάριος
827 3414 920 3466 καὶ
950 3413 1008 3477 ὃς
1040 3413 1148 3466 τῶν
1177 3413 1435 3483 καθαρῶς
1470 3416 1623 3486 αὐτῷ
1662 3419 1758 3471 καὶ

165 3507 398 3568 δικαίως
427 3502 957 3575 προσγεγενημένων
985 3506 1231 3576 κτήσεων
1261 3504 1450 3573 κύριος
1478 3505 1575 3570 ὢν,
1599 3510 1759 3580 χεῖρα

166 3596 308 3650 θεοῦ
354 3594 735 3665 φιλάνθρωπον
770 3597 1059 3663 μιμεῖται,
1101 3598 1215 3659 τοῖς
1265 3597 1500 3651 ἐνδεέσιν
1556 3600 1757 3669 ἱλαρῶς

96 3734 104 3741 .
164 3686 689 3756 ἐπιδαψιλευόμενος
718 3726 733 3750 ,
786 3688 881 3738 καὶ
934 3687 992 3738 ἐν
1041 3689 1154 3750 τοῖς
1209 3688 1513 3759 ἀλλοτρίοις
1566 3692 1756 3754 πιστὸς

165 3772 658 3843 ἀποδεικνύμενος,
688 3772 783 3825 καὶ
805 3773 881 3836 ὡς
910 3774 1173 3844 φρόνιμος
1202 3777 1484 3847 οἰκονόμος
1510 3779 1758 3833 ἐπαινού-

164 3882 354 3936 μενος.
408 3864 552 3935 Πρὸς
575 3862 787 3928 τούτοις
821 3864 1092 3936 μακάριος
1132 3865 1168 3919 δ
1203 3866 1295 3919 τὸν
1338 3867 1668 3939 παρθενικόν
1698 3889 1757 3923 τε

162 3957 265 4010 καὶ
294 3957 474 4023 ἄζυγα
508 3955 616 4009 τῶν
658 3956 1027 4034 μακαρτάτων
1077 3958 1465 4028 μεμιμημένος
1527 3960 1753 4029 τρόπον’

160 4047 215 4100 οἳ
245 4049 349 4117 τῆς
390 4045 591 4116 σαρκὸς
622 4049 802 4099 πᾶσαν
828 4046 1125 4100 εὐπάθειαν
1155 4048 1249 4101 καὶ
1278 4049 1488 4120 τρυφὴν
1526 4052 1755 4105 ἀποσει.

162 4135 428 4204 σάμενοι,
473 4137 541 4205 τῇ
589 4134 697 4186 τῶν
738 4134 929 4188 παθῶν
974 4136 1145 4206 αὐτῆς
1180 4138 1557 4210 ἀπονεκρώσει
1588 4143 1754 4210 ἐγγὺς

155 4226 268 4296 τῆς
303 4224 467 4292 ἁγίας
484 4225 751 4295 Θεότητος
778 4226 836 4278 ἐν
858 4223 935 4296 τῷ
961 4224 1233 4297 πνεύματι
1257 4228 1602 4301 γεγένηνται.
1634 4233 1757 4286 Μα-

156 4316 359 4384 κάριος
405 4314 499 4364 καὶ
544 4305 701 4374 οὗτος
737 4311 858 4383 μετ’
904 4313 1149 4377 ἐκείνους
1192 4317 1221 4367 ὁ
1263 4315 1485 4388 θεσμοῖς
1526 4318 1624 4388 μὲν
1656 4318 1753 4372 τοῦ

153 4404 347 4472 γάμου
396 4400 489 4453 καὶ
529 4401 715 4470 νόμοις
760 4401 898 4473 πρὸς
930 4402 1110 4471 ὀλίγον
1146 4403 1426 4471 ύπενδοὺς,
1459 4405 1554 4459 καί
1581 4423 1645 4475 γε
1690 4407 1753 4461 τὸ

153 4496 326 4567 χρέος
360 4492 465 4561 τῆς
504 4493 853 4556 παιδοποιίας
902 4493 1385 4564 ἀφοσιωσάμενος,
1432 4498 1532 4567 τὴν
1581 4498 1752 4553 πλείω

150 4588 210 4640 δὲ
253 4587 456 4656 μοῖραν
487 4582 580 4637 τοῦ
610 4584 809 4657 ἔρωτος
835 4582 1140 4655 θυσάμενος
1164 4586 1407 4657 Χριστῷ.
1436 4588 1748 4660 Μακάριος,

150 4678 214 4739 ὃς
258 4675 325 4727 τὸ
364 4673 563 4742 κράτος
605 4673 701 4727 καὶ
740 4672 840 4743 τὴν
876 4672 1134 4738 ἐξουσίαν
1178 4676 1600 4748 ἀναδεδεγμένος
1652 4681 1750 4735 τοῦ

151 4756 292 4817 λαοῦ
326 4763 419 4817 διὰ
447 4763 540 4817 τοῦ
572 4763 672 4833 τῆς
696 4762 847 4827 θείας
882 4765 1169 4837 ίεραρχίας
1201 4766 1595 4838 καθηγεῖσθαι,
1628 4775 1751 4838 ταῖς

153 4855 561 4925 εὑαγεστάταις
594 4857 689 4909 καὶ
717 4857 892 4926 ἱεραῖς
930 4857 1335 4929 τελετουργίαις
1374 4860 1468 4914 τὸν
1516 4863 1750 4934 Χριστὸν

150 4950 270 5010 τοῖς
302 4944 612 5015 ἀνθρώποις
640 4947 998 5000 καταλλάττει
1020 4947 1114 4999 καὶ
1133 4946 1749 5027 ἑξιλεοῦται.Μακάριος

147 5038 208 5092 δέ
233 5037 334 5090 καὶ
362 5030 536 5099 οὗτος,
566 5036 626 5101 ὃς
647 5038 709 5089 ού
738 5037 996 5106 ποιμένος
1027 5037 1060 5109 ἢ
1096 5040 1303 5112 πατρὸς
1336 5041 1490 5112 λόγον
1512 5045 1745 5116 ἐπέχων,

148 5130 352 5182 τέκνον
381 5127 436 5180 δέ
461 5130 560 5199 τῆς
606 5127 933 5199 Ἐκκλησίας
962 5129 1058 5182 καὶ
1084 5131 1183 5202 τῆς
1212 5132 1451 5203 ποίμνης
1479 5136 1747 5207 ἐξοχώτα-

150 5239 245 5284 τος
290 5218 373 5272 ὣν
399 5259 415 5285 ,
452 5219 530 5283 ὡς
580 5219 680 5290 τὴν
713 5219 817 5272 τῶν
861 5220 1149 5291 προνόμιον
1198 5221 1382 5293 χώραν
1424 5224 1603 5295 λαχὼν
1654 5228 1749 5281 καὶ

151 5315 265 5365 τῶν
296 5312 609 5381 ὑφειμένων
657 5312 1101 5383 καθηγούμενος,
1145 5313 1371 5386 θρέμμα
1411 5317 1747 5374 τελειότατον

152 5402 402 5473 ὑπάρχει
424 5401 686 5472 Χριστοῦ.
712 5403 835 5457 "Et:
847 5404 984 5475 πρὸς
1006 5406 1120 5468 τοῖς
1140 5407 1453 5476 εἰρημένοις
1477 5410 1748 5482 μακάριος

152 5492 236 5564 τῷ
256 5495 381 5547 δντι
404 5494 499 5545 καὶ
530 5493 791 5563 ζηλωτὸς,
821 5495 881 5559 ὃς
909 5495 1300 5566 καθαρωτάτου
1331 5499 1425 5550 καὶ
1449 5499 1745 5568 ἀγνοτάτου

155 5587 282 5651 νοὸς
316 5588 518 5655 ἐρωαῖς
554 5586 649 5641 καὶ
676 5588 1015 5658 ὁρμήμασιν,
1042 5591 1160 5660 ἦτοι
1190 5593 1405 5662 νοεραῖς
1441 5592 1698 5664 θεωρίαις
1729 5637 1743 5661 ,

151 5680 268 5734 τῶν
296 5679 400 5733 ὐπε
411 5679 706 5751 ρουρανίων
736 5681 828 5733 καὶ
852 5680 1147 5752 ἀφράστων
1170 5684 1266 5751 τῆς
1288 5682 1517 5753 Τριέιδοε,⁹
1540 5686 1744 5756 ἐλλάμ-

149 5778 302 5845 ψεων
336 5771 402 5826 τὸ
435 5771 604 5842 κάλλη
632 5773 723 5829 καὶ
746 5772 842 5838 τὰς
857 5772 1245 5856 λαμπρότητας
1266 5779 1741 5852 καταστράπτεται

1207 349 1275 405 IN
1313 348 1619 406 CABMINA
1659 346 1937 406 ARCANA
1976 345 2039 404 S.
2075 340 2432 403 GBEGORII.

3354 331 3462 395 τω

1876 468 2176 539 pmvalens
2235 464 2347 522 Deo
2401 461 2663 519 resistere
2708 458 2945 531 superbe
2993 460 3308 526 contendit,
3364 478 3462 532 ριτ

1872 556 2039 611 allata
2076 554 2323 610 carmina
2367 552 2475 608 ista
2526 549 2882 607 beatissimus
2924 562 3025 618 pro
3060 548 3171 603 Deo
3196 552 3461 605 sermoci-

1871 655 2037 704 nator
2065 643 2408 715 Evangelica
2435 642 2573 713 legis
2599 640 2784 712 capita
2811 647 2869 695 et
2897 638 3202 709 prudentia:
3228 640 3461 708 spiritus

1871 739 2104 810 gloriam
2138 737 2193 791 in
2230 744 2497 790 aeternum
2533 740 2846 788 manentem
2887 730 3130 785 illustrat
3169 737 3226 783 et
3265 730 3459 796 robur,

1867 828 2205 901 cogitatione
2233 826 2455 897 quidem
2490 824 2681 878 eadem
2718 830 2772 877 et
2795 836 2930 876 voce
2974 835 3083 891 qua
3127 834 3344 875 summe
3373 820 3460 873 di-

1864 921 2031 977 vinus
2062 918 2228 976 Iesus
2280 915 2558 973 beatillcat
2586 926 2639 971 et
2673 914 2836 969 bonis
2874 912 3221 968 abundantes
3255 910 3459 980 pradi-

1866 1019 1958 1065 oot
1985 1011 2112 1066 illos
2147 1009 2246 1080 qui
2294 1009 2352 1062 in
2396 1006 2627 1061 veritate
2655 1004 2944 1059 ambulant
2969 1011 3025 1057 et
3074 1002 3455 1065 ambulabunt,

1865 1117 2006 1174 quos
2061 1107 2117 1156 et
2176 1101 2296 1169 ipse
2361 1096 2715 1169 Evangelium
2791 1094 3061 1149 inchoans
3126 1092 3458 1147 beatiﬁcavit

1864 1192 2141 1255 Christus,
2176 1189 2399 1261 regulas
2436 1204 2565 1244 vere
2607 1184 2913 1257 spiritualis
2955 1191 3012 1239 et
3052 1184 3310 1255 perfectae.
3333 1184 3457 1237 vitae

1862 1298 2179 1357 proponens
2211 1282 2313 1337 sibi
2347 1281 2401 1335 in
2437 1279 2636 1334 diebus
2665 1276 2832 1344 hujus
2862 1275 3051 1330 mundi
3084 1282 3141 1331 et
3171 1274 3446 1342 corporis.

1867 1386 1928 1431 ut
1970 1375 2259 1430 facientem
2306 1373 2707 1442 docentemque
2758 1368 3045 1425 Dominica
3091 1367 3351 1423 mandata
3393 1381 3456 1422 se
3526 1394 3529 1397 η

1862 1466 2177 1525 ostenderet
2207 1484 2218 1519 :
2259 1464 2341 1519 bis
2366 1462 2597 1533 Magnus
2630 1469 2859 1517 vocatus
2886 1461 2954 1515 ad
2985 1475 3155 1530 regna
3184 1458 3452 1513 caelorum

1862 1564 2051 1625 aperte
2081 1554 2445 1624 signiﬁcatur.
2478 1550 2777 1607 Videamus
2804 1552 2975 1624 igitur
2995 1558 3215 1619 compto
3232 1547 3454 1617 eloquio

1860 1645 2237 1719 evangelicum
2277 1658 2607 1700 sermonem.

1868 1944 2067 2003 Beatus
2093 1948 2184 2017 qui
2212 1947 2269 2002 in
2293 1946 2584 2002 solitudine
2612 1944 2776 2017 degit,
2806 1954 2913 2003 etc.

1933 2057 2027 2113 Ille
2067 2056 2200 2112 mibi
2246 2057 2425 2127 primo
2470 2056 2665 2113 beatus
2711 2064 2958 2127 apparet,
3016 2054 3258 2111 declarat
3316 2068 3452 2111 voce

1861 2149 1973 2205 Deo
2007 2149 2172 2221 digna
2206 2147 2527 2217 Gregorius,
2568 2148 2884 2203 beatudinis
2917 2147 3118 2201 divinae
3138 2147 3299 2201 valde
3320 2162 3451 2217 par-

1862 2241 2061 2310 ticeps,
2091 2239 2184 2309 qui
2214 2253 2244 2292 a
2276 2246 2416 2294 vana
2442 2238 2728 2292 hominum
2764 2237 2872 2290 vita
2904 2236 3174 2307 gradatim
3206 2243 3449 2291 retroce-

1859 2332 2019 2398 dens,
2054 2346 2114 2387 se
2156 2334 2264 2386 που
2308 2329 2567 2401 iungens,
2618 2329 2868 2399 nihilque
2911 2342 3203 2384 commune
3238 2327 3448 2383 habens

1859 2438 1984 2479 cum
2033 2421 2218 2492 impiis
2275 2429 2441 2492 atque
2500 2419 2907 2491 peccatoribus,
2948 2419 3117 2473 vitam
3171 2418 3349 2483 duxit,
3395 2427 3451 2473 et

1860 2516 2012 2587 puris
2051 2514 2342 2571 desideriis
2389 2513 2457 2569 ad
2511 2512 2678 2569 Deum
2736 2522 2904 2583 atque
2958 2511 3239 2567 consortio
3288 2526 3445 2566 suam

1858 2607 2134 2664 deiﬁcavit
2165 2615 2426 2662 mentem.
2463 2606 2665 2662 Beatus
2695 2615 2750 2661 et
2787 2604 2879 2675 qui
2932 2604 3074 2660 inter
3123 2603 3375 2659 homines
3415 2616 3447 2656 α

1858 2702 1979 2754 loco
2005 2707 2058 2754 et
2090 2713 2324 2769 corpore
2354 2714 2415 2754 se
2453 2696 2788 2754 subtrahens
2817 2696 2884 2750 ad
2927 2696 3071 2750 bona
3100 2694 3327 2765 spiritus
3359 2694 3449 2747 in-

1857 2791 2054 2853 tendit,
2110 2788 2463 2843 solitudinem
2516 2785 2750 2841 feliciter
2798 2782 3040 2838 obtinuit
3087 2790 3143 2838 et
3195 2796 3226 2837 a
3290 2780 3447 2837 (ἰριο-

1856 2881 2073 2937 standis
2102 2879 2456 2949 apparatibus
2479 2877 2695 2931 alienus
2727 2874 2928 2940 factus,
2956 2881 3126 2927 totum
3162 2888 3260 2927 cor
3281 2887 3444 2926 suum

1855 2986 1953 3041 per
1977 2983 2170 3040 preces
2208 2968 2317 3024 Deo
2346 2967 2653 3036 conjunxit.
2690 2963 2893 3021 Beatus
2924 2964 3017 3033 qui
3050 2962 3295 3017 omnium
3325 2975 3448 3030 qua

1856 3060 2051 3117 habuit
2075 3058 2492 3128 possessionum
2531 3064 2626 3109 aut
2658 3054 2929 3109 bonorum
2962 3053 3139 3123 pretio
3160 3052 3444 3106 Christum

1855 3146 2150 3219 acquisivit
2180 3153 2237 3201 et
2268 3132 2373 3201 sibi
2412 3143 2516 3214 ipsi
2552 3142 2726 3197 solam
2768 3141 3177 3212 possessionem
3221 3156 3442 3195 crucem

1854 3238 2100 3306 reliquit,
2137 3235 2225 3301 cui
2256 3242 2311 3289 et
2355 3232 2508 3298 vivit,
2542 3246 2708 3300 quam
2754 3238 2809 3286 et
2857 3245 3024 3301 super
3048 3230 3305 3285 humeros
3332 3229 3445 3284 alte

1857 3329 2057 3382 tollens
2094 3340 2196 3381 nec
2248 3331 2399 3379 retro
2445 3323 2724 3393 aspiciens
2768 3322 3094 3376 cruciﬁxum
3153 3322 3440 3390 sequitur.

1857 3419 2058 3474 Beatus
2113 3424 2168 3472 et
2218 3416 2315 3487 qui
2362 3414 2634 3469 bonorum
2674 3427 2798 3483 qua:
2869 3412 2973 3482 ipsi
3016 3412 3337 3482 incorrupte
3387 3419 3445 3465 et

1848 3510 1999 3580 juste
2020 3506 2403 3578 sn‘peradjecta
2434 3511 2562 3560 sunt
2595 3502 2857 3560 dominus
2877 3543 2892 3567 ,
2935 3517 3157 3557 manum
3188 3501 3282 3559 Dei
3310 3518 3441 3573 erga

1854 3599 2110 3655 homines
2151 3596 2465 3652 munificam
2514 3594 2784 3657 imitatur,
2826 3594 3119 3665 egentibus
3160 3593 3354 3648 hilaris
3386 3604 3444 3648 et

1854 3694 2038 3762 largus
2073 3690 2235 3744 dator
2263 3697 2338 3743 et'
2360 3688 2416 3742 in
2452 3687 2647 3743 alienis
2691 3686 2867 3742 ﬁdelis
2901 3686 3183 3749 inventus,
3230 3694 3285 3739 et
3316 3693 3442 3738 tan-

1855 3798 2016 3852 quam
2043 3781 2286 3851 prudens
2326 3779 2545 3834 villicus
2590 3778 2869 3834 laudatus.
2905 3778 3086 3849 Super
3117 3779 3202 3833 his
3248 3778 3441 3833 beatus

1852 3874 1946 3944 qui
1978 3872 2301 3942 virginalem
2334 3879 2389 3926 et
2423 3870 2677 3925 caelibem
2713 3870 3161 3925 beatissimorum
3195 3856 3440 3925 imitatus

1850 3972 1939 4021 est
1965 3978 2197 4029 morem,
2230 3962 2327 4033 qui
2362 3962 2554 4017 carnis.
2586 3962 3045 4017 consuetudinem
3086 3977 3303 4017 onmem
3342 3962 3441 4015 de-

1850 4052 2119 4121 liciasque
2163 4050 2505 4119 abjeccrunt,
2549 4059 2605 4106 et
2652 4050 2839 4107 carnis
2877 4052 3212 4122 voluptatem
3247 4050 3440 4105 morti-

1853 4140 2105 4198 ﬁcatione
2128 4140 2362 4211 proximi
2393 4140 2707 4199 Divinitatis
2750 4144 3058 4199 castitatem
3096 4142 3335 4197 amantis
3380 4142 3435 4196 in

1853 4235 2048 4304 spiritu
2080 4230 2212 4287 facti
2244 4244 2392 4303 sunt.
2420 4232 2621 4290 Beatus
2648 4242 2702 4291 et
2727 4242 2850 4306 post
2881 4234 3018 4291 istos
3040 4236 3132 4305 qui
3162 4249 3192 4287 a
3224 4233 3437 4303 legibus

1850 4326 2210 4395 moribusque
2253 4327 2585 4381 matrimonii
2623 4325 2691 4381 ad
2730 4327 3005 4382 modicum
3034 4335 3250 4398 tempus
3286 4342 3437 4381 rece-

1850 4416 2010 4479 dens,
2046 4417 2290 4472 debitum
2340 4419 2549 4488 prolem
2603 4419 2899 4487 generandi
2949 4418 3174 4474 remittit
3214 4428 3269 4473 et
3316 4434 3435 4473 ma-

1845 4508 2024 4578 iorem
2055 4509 2261 4563 artioris
2294 4516 2503 4577 partem
2530 4509 2752 4565 Christo
2775 4519 3082 4566 consecrat.
3114 4510 3313 4568 Beatus
3338 4513 3434 4581 qui

1849 4601 2175 4656 auctoritate
2209 4610 2263 4655 et
2292 4609 2567 4668 potestate
2600 4617 2767 4672 super
2812 4604 3074 4673 populum
3116 4612 3340 4675 accepta
3374 4612 3434 4658 ut

1849 4690 2013 4745 ducat
2065 4706 2162 4760 per
2212 4690 2596 4761 sanctissimas
2644 4694 3018 4764 mysticasque
3067 4693 3266 4750 divina:
3321 4695 3435 4751 Ilie-

1847 4780 2081 4836 rarchiat
2130 4781 2475 4850 disciplinas,
2521 4782 2744 4837 Christo
2805 4784 3123 4839 reconciliat
3157 4786 3432 4849 homines.

1850 4870 2300 4942 Salvatoremque
2362 4873 2655 4943 propitium
2713 4874 2913 4929 reddit.
2980 4874 3179 4929 Beatus
3228 4885 3281 4931 ct
3346 4878 3435 4933 ille

1847 4963 1939 5031 qui
1976 4961 2217 5032 pastoris
2261 4970 2355 5016 aut
2393 4962 2567 5032 patris
2602 4978 2808 5019 morem
2848 4981 2956 5020 non
2997 4968 3261 5031 retinens,
3282 4968 3434 5023 illius

1846 5051 2108 5107 Ecclesize
2131 5059 2185 5107 et
2206 5051 2370 5107 ovilis
2394 5053 2712 5123 prmcellens
2735 5064 2842 5120 est,
2872 5057 3202 5127 optimarum
3228 5072 3433 5127 pascua

1847 5144 2032 5198 ovium
2066 5144 2277 5197 invenit
2320 5151 2375 5198 et
2424 5144 2726 5201 imbecilles
2773 5148 2946 5214 ducit,
2997 5148 3434 5219 perfectissimus

1847 5232 1967 5301 ipse
1997 5232 2253 5287 alumnus
2283 5231 2513 5288 Christi.
2555 5233 2652 5291 His
2681 5236 2844 5293 dictis
2869 5214 3062 5294 beatus
3094 5214 3434 5294 adhuc~vere

1844 5331 1902 5378 et
1930 5322 2129 5392 dignus
2157 5309 2263 5378 cui°
2298 5322 2629 5390 invideatur,
2669 5328 2763 5394 qui
2816 5328 3188 5393 mundissimi,
3224 5340 3277 5385 ct
3306 5345 3431 5385 cas-

1844 5412 2045 5467 tissimi
2074 5414 2301 5482 spiritus
2320 5416 2627 5473 .ardoribus
2648 5426 2702 5474 et
2727 5421 3018 5476 conatibus
3038 5414 3142 5474 aut
3171 5424 3431 5490 spiritua-

1847 5504 1992 5561 libus
2046 5505 2493 5562 meditationibus
2562 5507 2851 5566 Trinitatis
2897 5512 3427 5583 magnilicentiarum

1846 5611 2014 5665 super
2034 5596 2205 5650 caelos
2234 5604 2288 5650 et
2324 5612 2489 5668 super
2525 5613 2743 5655 omnem
2776 5616 3083 5657 sermonem
3119 5602 3429 5672 pulchritu-

1848 5686 2007 5741 dines
2053 5694 2110 5740 ct
2161 5687 2484 5756 splendores
2519 5698 2813 5759 scrutatur,
2840 5700 2897 5745 ιιι
2945 5702 3192 5763 penetrat
3225 5694 3429 5749 lumine

1847 5780 2031 5837 divino
2085 5778 2479 5842 circumfusus.
2512 5783 2712 5841 Beatus
2744 5794 2797 5841 ct
2849 5786 2940 5857 qui
2986 5801 3214 5859 operose
3263 5788 3427 5847 bcno-
