4020 6302
606 378 711 435 767

604 514 715 567 que
742 496 993 552 mandata
1037 510 1261 551 servans
1292 494 1545 549 manibus
1589 494 1928 547 incessanter
1971 489 2180 541 laborat
2226 540 2233 545 ,

608 595 663 639 et
700 586 878 653 ipsum
912 599 1187 639 summum
1238 598 1417 652 regem
1463 582 1742 637 Christum
1767 579 2025 648 operibus
2067 576 2183 631 suis

611 674 881 742 gloriﬁcat
904 681 961 727 et
993 673 1180 728 multis
1209 674 1467 729 statuitur
1506 673 1808 742 spiritualis
1846 673 1971 726 vita:
2009 672 2183 725 forma

610 772 665 817 et
686 765 1017 832 exemplum.

612 939 676 992 ει
733 939 864 992 Sunt
916 941 1027 991 haec
1078 937 1574 1008 omnia-plenitudo
1621 937 1906 1077 ρωίεειῖιιιη
1953 939 2188 990 ιοιτιιΙιι-

1825 1024 1983 1067 rium,
2010 1016 2116 1060 etc.

1825 1016 1983 1067 rium,
2010 1016 2116 1060 etc.

687 1095 934 1159 Cunclze,
992 1096 1168 1164 inquit
1217 1096 1438 1150 divinus
1475 1094 1827 1166 Paedagogus.
1883 1098 2191 1149 animarum

619 1203 741 1254 quae
773 1188 941 1242 beata:
988 1189 1243 1242 dicuntur
1283 1190 1515 1257 species,
1556 1187 1896 1242 destinantur
1923 1202 2043 1256 qua:
2078 1203 2193 1241 cm-

621 1278 781 1331 Iestia
823 1280 912 1331 illa
942 1280 1187 1346 repleam
1220 1279 1441 1333 cellaria
1469 1288 1524 1332 et
1574 1278 1968 1348 promptuaria,
2016 1277 2070 1331 id
2108 1287 2191 1331 est

623 1369 941 1423 mansiones
974 1368 1115 1437 apud
1145 1368 1312 1423 Deum
1340 1383 1481 1438 quas
1514 1369 1581 1421 ad
1614 1367 1958 1437 recipiendos
1985 1367 2198 1419 anima-

625 1473 747 1510 rum
793 1467 1103 1512 nostrarum
1135 1458 1350 1513 fructus
1392 1458 1719 1529 praeparavit
1754 1455 1938 1521 Pater,
1985 1458 2092 1510 alia
2141 1458 2194 1510 in

628 1545 791 1597 aliain
840 1545 1180 1599 mansionem
1234 1555 1290 1601 et
1338 1548 1579 1616 requiem
1625 1545 1932 1600 adducente
1968 1545 2197 1607 virtute;

629 1648 755 1686 nam
788 1635 1037 1703 pluribus
1068 1634 1179 1689 Deo
1208 1634 1390 1706 dignis
1423 1634 1642 1690 vivendi
1686 1635 1995 1689 rationibus
2017 1635 2202 1705 plures

627 1736 836 1794 paratae
867 1737 995 1779 sunt
1018 1727 1351 1782 mansiones.

630 1816 828 1871 Beatus
854 1818 946 1869 ille
971 1833 1122 1887 quem
1158 1833 1458 1885 pauperem,
1490 1825 1596 1873 etc.

705 1906 914 1961 Exinde
969 1907 1339 1962 beatitudines
1382 1907 1526 1975 apud
1576 1908 1930 1978 Evangelium
1960 1910 2204 1981 singulas

628 1997 931 2069 percurrit,
966 1998 1183 2051 beatum
1222 2012 1347 2053 esse
1394 1998 1582 2053 dicens
1625 1999 1775 2053 illum
1807 2016 1966 2069 quem
2001 2016 2206 2070 paupe-

631 2103 750 2145 rem
805 2088 1219 2157 cupiditatibus,
1275 2086 1328 2141 id
1388 2096 1473 2143 cst
1522 2091 1880 2159 cupiditatum
1925 2100 2205 2161 expertem

632 2179 877 2234 ostendit
904 2178 1145 2248 Spiritus
1182 2185 1431 2240 sanctus,
1464 2178 1705 2247 ipsorum
1743 2183 1888 2236 enim
1926 2197 2061 2237 sane
2082 2196 2208 2237 esse

636 2284 864 2339 regnum
910 2269 1211 2333 coalorum;
1256 2269 1501 2323 secundo
1570 2282 1754 2323 sermo
1826 2273 2044 2327 beatum
2073 2272 2209 2326 dicit

639 2361 731 2430 qui
769 2369 1093 2433 praesentem
1136 2360 1301 2412 vitam
1344 2368 1513 2413 totum
1542 2361 1910 2417 laudabilibus
1954 2364 2210 2432 lacryiuis

639 2448 881 2518 alliigens
916 2448 1249 2516 etabjectus
1278 2455 1333 2502 et
1378 2448 1693 2504 humiliatus
1739 2452 1881 2521 agit;
1916 2452 2032 2521 ipse
2063 2453 2210 2507 enim

639 2540 1073 2594 consolationem
1107 2537 1180 2592 ab
1226 2538 1338 2592 alto
1372 2538 1622 2593 obtinere
1659 2541 1977 2597 inerebitul.
2007 2543 2213 2599 Deinde

638 2638 695 2685 et
726 2629 821 2699 qui
850 2628 1131 2683 cmlestem
1165 2642 1351 2682 escam
1376 2629 1492 2683 sive
1524 2629 1798 2695 justitiam
1829 2630 2214 2685 insatiabiliter

639 2720 1061 2782 esurit,beatus,
1103 2719 1231 2788 quia
1260 2734 1324 2772 ea
1367 2719 1680 2774 satiabitur.
1740 2718 1942 2775 Deinde
1983 2729 2038 2775 et
2088 2722 2217 2790 qui-

642 2826 859 2880 cunque
922 2812 976 2864 in
1027 2809 1445 2865 mansuetudine
1484 2818 1539 2864 et
1585 2810 1809 2864 lenitate
1850 2818 1906 2865 et
1949 2812 2219 2866 suavitate

639 2902 795 2973 juxta
849 2899 978 2955 Jesu
1023 2900 1497 2956 mansuetudinem
1541 2907 1595 2955 et
1645 2900 2006 2955 humilitatem
2053 2903 2219 2957 corde

643 2992 828 3045 vivere
879 3006 938 3046 se
990 3000 1205 3045 exercet
1261 2992 1475 3052 beatus.
1523 2998 1708 3059 utpote
1754 2990 1848 3059 qui
1897 3006 2217 3061 magnorum

648 3082 823 3137 haeres
873 3081 1114 3135 ccelestis
1186 3088 1241 3135 et
1306 3081 1636 3149 incorrupta
1698 3088 1857 3135 terra:
1916 3082 2218 3141 bonorum.

649 3170 915 3225 Prieterea
948 3171 1138 3225 beatus
1163 3178 1218 3223 et
1259 3172 1353 3239 qui
1386 3171 1501 3224 suis
1543 3170 1597 3223 in
1639 3170 1942 3226 visceribus
1972 3188 2221 3242 magnam

651 3258 749 3312 Dei
779 3258 1210 3312 misericordiam
1266 3271 1361 3326 per
1402 3257 1757 3311 imitationem
1789 3248 1844 3313 et
1882 3260 2222 3329 pliilantliro-

654 3351 796 3418 p'mm
833 3350 885 3401 in
918 3349 1225 3417 proximum
1258 3349 1390 3413 alit;
1426 3348 1619 3404 beatus
1653 3357 1707 3404 et
1734 3352 1826 3419 qui
1862 3367 1958 3404 cor
1979 3353 2047 3405 ab
2074 3355 2223 3408 omni

656 3438 1070 3505 inquinamento
1129 3436 1311 3489 carnis
1349 3451 1413 3489 ac
1452 3437 1679 3505 spiritus
1730 3440 1976 3506 mundat,
2045 3442 2226 3497 videre

656 3526 954 3581 tnerebitur
987 3524 1174 3588 Deum,
1212 3525 1356 3580 sicut
1389 3526 1573 3581 videre
1611 3528 1816 3582 homini
1862 3547 2076 3599 aequum
2101 3542 2225 3599 est;

656 3616 857 3669 etenim
886 3615 1043 3684 quasi
1076 3630 1170 3683 per
1215 3616 1518 3684 speculum,
1556 3633 1650 3686 per
1674 3616 1871 3676 mentis
1905 3624 2225 3676 munditiam

658 3706 989 3761 invisibilem
1018 3706 1241 3758 videbit.
1282 3705 1412 3759 Post
1458 3706 1558 3760 lios
1602 3712 1792 3764 beatus
1836 3718 1892 3764 et
1923 3712 2016 3779 qui
2044 3728 2226 3766 veram

657 3794 790 3851 Jesu
835 3810 1020 3865 pacem
1070 3796 1316 3849 veritatis
1362 3797 1617 3863 operibus
1662 3800 1878 3867 quterit,
1921 3817 2084 3869 quam
2134 3804 2228 3872 qui

663 3903 771 3957 non
802 3887 1083 3941 declinans
1131 3885 1441 3953 insequitur
1494 3894 1855 3957 et,qnantum
1908 3895 2228 3958 potuit,am-

667 3982 858 4050 plesus
882 3987 989 4039 est,
1020 3986 1183 4045 atque
1215 3993 1325 4045 quo
1376 3977 1558 4046 plures
1590 3986 1767 4046 potest
1808 3988 1885 4033 tot
1923 3980 1976 4033 in
2005 3983 2117 4049 ipsa
2147 4000 2230 4039 re-

664 4072 917 4127 conciliat
947 4080 1001 4123 et
1038 4069 1421 4137 belligerantes
1464 4069 1712 4137 paeiticat
1742 4086 1834 4139 per
1868 4072 2063 4140 ipsam,
2095 4090 2230 4143 pree-

665 4165 824 4218 i:clsze
854 4161 1131 4214 ﬁliatiunis
1175 4160 1372 4213 divina:
1413 4159 1883 4231 deiﬁcatiouisque
1915 4165 2112 4235 dignus
2148 4185 2231 4224 rc-

667 4254 967 4325 putabitur.
1003 4250 1326 4304 Summatim
1354 4250 1626 4316 dicamus,
1669 4253 1808 4307 beati
1846 4255 2002 4324 juxta
2046 4258 2231 4315 divina

668 4346 761 4398 Dei
814 4342 974 4395 Verbi
1022 4342 1243 4393 oracula
1290 4354 1479 4394 omnes
1522 4342 1613 4409 qui
1664 4347 2091 4411 persecutionem
2131 4365 2231 4420 pa-

669 4435 883 4486 tiuntnr
916 4440 1137 4499 propter
1160 4430 1413 4498 pietatem
1448 4438 1502 4481 et
1527 4430 1817 4498 justitiam,
1855 4450 2043 4492 omnes
2067 4442 2235 4509 gratis

667 4526 797 4579 odio
818 4522 989 4575 habiti
1024 4529 1078 4573 et
1109 4518 1501 4573 contumeliose
1535 4523 1740 4590 accepti
1769 4531 1823 4577 et
1868 4527 2145 4594 maledice,
2181 4542 2237 4586 et

667 4616 762 4685 qui
799 4628 960 4666 omne
1010 4624 1180 4678 genus
1230 4608 1491 4660 molestiae
1531 4615 1584 4677 et
1622 4609 1870 4663 dolorum
1921 4620 1975 4667 et
2022 4618 2236 4669 crueia-

670 4718 823 4760 tuum
851 4714 904 4759 et
945 4702 1140 4756 mortis
1184 4700 1566 4754 sustinuerunt
1608 4712 1828 4769 propter
1864 4701 1990 4757 ,ιυευ
2032 4704 2234 4761 ειη-ηιξ

669 4814 934 4858 amorem,
967 4796 1121 4847 iidem
1149 4802 1201 4847 ct
1242 4792 1607 4849 veritate-nimi
1635 4793 1699 4844 ad
1726 4794 1882 4847 ﬁnem
1911 4805 2083 4864 usque
2110 4813 2235 4854 cmn

671 4891 971 4960 gratiarum
1029 4887 1242 4938 actione
1298 4883 1444 4952 passi
1506 4892 1655 4941 sunt,
1689 4884 1813 4952 quia
1865 4887 2105 4954 ipsorum
2152 4899 2238 4943 est

671 4994 921 5047 regnum.
961 4980 1265 5045 horumque
1303 4989 1513 5028 merces
1552 4989 1678 5029 vere
1728 4976 1895 5033 multa
1951 4988 2005 5032 et
2047 4980 2235 5034 inclia-

674 5072 797 5127 bilis
830 5071 883 5124 in
915 5069 1092 5123 caelis.

678 5382 882 5439 "orum
903 5396 1057 5451 quam
1089 5380 1355 5443 exoptabis
1372 5421 1386 5443 ,
1418 5387 1523 5434 etc.

752 5492 905 5545 Sicut
933 5490 1248 5543 mansiones
1288 5492 1469 5543 multa!
1518 5488 1658 5558 apud
1705 5488 1982 5542 coslcstein
2028 5487 2238 5541 Patrem

677 5581 997 5643 creduntur,
1027 5575 1108 5632 sic
1138 5576 1349 5630 vivendi
1378 5576 1597 5629 rationis
1629 5577 1856 5629 diversae
1881 5577 2061 5630 multae
2083 5578 2242 5631 beati-

680 5669 1105 5723 tiuliuesadillas
1128 5670 1439 5721 mansiones
1470 5668 1693 5719 duc-unt.
1716 5664 1967 5735 Adquain
1998 5683 2127 5734 ergo
2155 5684 2237 5721 sc-

684 5763 897 5822 tultnu,
916 5756 1112 5827 inquit,
1131 5772 1250 5827 qua:
1273 5758 1486 5813 beatum
1502 5756 1713 5823 ciliciat,
1735 5756 1957 5813 feliciter
1983 5757 2242 5816 acceden-

1966 367 2251 424 NICETAS
2280 367 2484 425 DAYID

2284 488 2377 539 καὶ
2430 484 2727 553 φωτίζεται
2757 499 2769 511 ·
2805 481 3075 552 μακάριος
3114 477 3171 528 δὲ
3213 475 3303 527 καὶ
3345 473 3403 533 ὃς
3462 468 3554 523 ᾶιά
3607 462 3879 553 πράξεως

2284 550 2492 645 ἀγαθῆς
2540 575 2636 627 καὶ
2685 550 2941 641 ἐνεργοῦς
2980 569 3091 621 τῶν
3138 564 3363 619 ἐντολῶν
3412 558 3667 627 φυλακῆς
3706 550 3881 645 χερσὶ

2284 642 2591 735 δραστνικῶς
2618 662 3062 732 διαπονούμενος,
3099 656 3259 722 αὐτόν
3292 671 3350 706 τε
3383 652 3478 703 τὸν
3510 642 3877 735 παμϐασιλἑά

3753 343 3881 400 ’168

2288 752 2522 824 Χριστὸν
2565 756 2680 814 τοῖς
2713 752 2894 822 ἔργοις
2923 750 3059 818 τι,μᾷ
3078 787 3093 811 ,
3124 746 3219 798 καὶ
3240 742 3455 804 πολλοῖς
3490 732 3883 805 πνευματικοῦ

2290 844 2408 913 βίου
2436 844 2600 912 νόμος
2630 842 2972 895 καθίσταται.

2288 935 2351 988 21
2389 933 2593 988 Πάντα
2620 932 2751 987 τάδ’
2778 931 3071 1001 οἱιρανιων
3099 942 3141 978 π
3158 920 3727 1062 ληρώμιιῇαῶίπέεττο
3753 917 3887 1036 ἕλη·

2364 1094 2571 1157 Πάντα,
2607 1092 2774 1163 φησὶν
2802 1094 2831 1144 6
2855 1092 2999 1153 θεῖος
3017 1089 3359 1151 διδάσκαλος,
3387 1084 3457 1137 τὰ
3483 1082 3596 1134 τῶν
3627 1092 3888 1148 μακάρι’

2294 1184 2538 1254 ξομένων
2560 1184 2675 1253 εἴδη
2718 1183 2906 1252 ψυχῶν
2927 1224 2941 1247 ,
2976 1181 3151 1235 ταῦτα
3185 1177 3529 1248 πληρώματα
3562 1171 3676 1223 τῶν
3707 1167 3887 1236 οὐρα-

2294 1273 2424 1324 νίων
2464 1272 2690 1325 ἐκείνων
2732 1271 2966 1340 ὑπάρχει
3005 1268 3218 1339 ληνῶν,
3248 1267 3367 1336 ἦτοι
3410 1260 3586 1333 μονῶν
3620 1257 3721 1311 καὶ
3748 1256 3893 1307 ἀπο-

2296 1361 2481 1431 θηκῶν
2508 1360 2604 1413 τοῦ
2634 1360 2770 1413 Θεοῦ
2791 1399 2808 1424 ,
2841 1360 2908 1422 ἃς
2938 1356 3295 1427 ὑποδεκτρίας
3313 1394 3329 1417 ,
3367 1352 3546 1406 εῐτουν
3574 1344 3856 1414 ὑποδοχὰς
3872 1383 3894 1407 ς

2296 1454 2392 1507 τοῦ
2421 1452 2638 1523 καρποῦ
2660 1452 2772 1504 τῶν
2802 1451 3087 1522 ἡμετέρων
3112 1446 3299 1517 ψυχῶν
3332 1448 3361 1499 6
3385 1445 3574 1511 Πατὴρ
3620 1453 3897 1510 προητοι-

2302 1545 2538 1614 μάσατο,
2570 1544 2737 1612 ἄλλης
2766 1543 2967 1613 ἀρετῆς
2985 1543 3072 1593 ἐπ’
3102 1540 3270 1609 ἄλλην
3301 1535 3540 1605 ἀγούσης
3572 1530 3763 1601 χώραν
3788 1527 3900 1579 καὶ

2298 1637 2645 1689 κατάπαυσιν
2686 1650 2702 1665 ο
2750 1632 2963 1685 πολλῶν
3017 1630 3129 1700 γάρ
3187 1626 3447 1694 άξιοθέων
3498 1622 3630 1693 βίων
3684 1617 3899 1672 πολλαὶ

2302 1726 2708 1794 προεστήκασιν
2741 1723 3024 1791 εὐτρεπεῖς
3053 1720 3232 1790 μοναί.

2306 1816 2547 1880 Ὄλϐιος
2575 1814 2649 1867 ὃν
2672 1812 2935 1881 πτωχόν,
2966 1829 3020 1864 κ.
3046 1829 3099 1862 τ.
3128 1808 3209 1874 ἐξ.

2386 1906 2669 1960 Ἐντεῦθεν
2726 1907 2853 1967 τούς
2911 1902 3063 1973 παρὰ
3110 1899 3189 1970 τῷ
3250 1895 3569 1966 Εὐαγγελίῳ
3631 1891 3725 1943 διά
3780 1885 3903 1939 τῶν

2304 1996 2454 2049 ἐπῶν
2509 1996 2790 2063 ὲπιτόμως
2839 1993 3063 2057 διέξεισι
3133 1986 3558 2060 μακαρισμοὺς,
3617 1979 3907 2051 μακάριον

2305 2083 2445 2140 εἶναι
2477 2086 2671 2153 λέγων,
2703 2085 2763 2136 ὃν
2795 2083 3009 2151 πτωχὸν
3035 2084 3147 2144 τοῖς
3177 2080 3426 2138 πάθεσιν,
3456 2077 3483 2128 ὅ
3511 2076 3657 2126 ἐστιν
3701 2067 3907 2135 ἀπαθῆ

2305 2177 2367 2230 τὸ
2409 2176 2634 2244 Πνεῦμα
2674 2173 2738 2226 τὸ
2782 2175 2936 2241 ἆγιον
2980 2171 3264 2244 ἀπέφηνεν
3286 2186 3299 2198 ·
3330 2166 3443 2218 τῶν
3486 2162 3753 2216 τοιούτων
3787 2158 3909 2227 γὰρ

2309 2262 2446 2319 εἶναι
2472 2264 2571 2335 τὴν
2591 2264 2700 2317 τῶν
2740 2262 2985 2333 οὐρανῶν
3031 2258 3308 2329 βασιλείαν
3350 2253 3573 2325 δηλαδή.
3628 2249 3910 2317 Δεύτερον

2310 2355 2369 2408 δὲ
2404 2355 2433 2406 ό
2472 2353 2630 2422 λόγος
2670 2351 2985 2423 μακαρίζει,
3014 2350 3073 2413 ὃς
3112 2348 3213 2419 τὴν
3257 2344 3491 2399 ἐνταῦθα
3525 2341 3669 2409 ζωὴν
3713 2339 3910 2391 πᾶσαν

2309 2442 2580 2510 ὲπαινετῷ
2628 2441 2813 2493 πένθει
2861 2438 3107 2501 πενθῶν,
3156 2434 3251 2487 καὶ
3301 2426 3743 2500 σκυθρωπάζων,
3813 2424 3910 2475 καὶ

2310 2534 2734 2603 ταπεινούμενος
2760 2528 3054 2601 πορεύεται
3081 2544 3095 2557 υ
3127 2520 3280 2588 οὗτος
3308 2522 3422 2590 γάρ
3444 2518 3539 2571 καὶ
3560 2516 3659 2585 τῆς
3690 2513 3912 2568 ἄνωθεν

2317 2625 2716 2695 παρακλήσεως
2748 2619 3130 2689 ἀξιωθήσεται.
3167 2613 3311 2685 Πρὸς
3338 2606 3419 2675 οἷς
3443 2610 3539 2662 καὶ
3558 2610 3588 2661 6
3606 2606 3709 2675 τῆς
3736 2607 3914 2695 οὐρα-

2316 2694 2435 2779 νίας
2454 2714 2663 2785 τροφῆς
2678 2712 2711 2782 ἢ
2729 2707 3074 2777 δικαιοσύνης
3101 2703 3413 2774 ἀκορέστως
3442 2698 3583 2768 ἐρῶν
3603 2694 3912 2766 μακάριος,

2317 2811 2399 2863 ὅτι
2429 2805 2863 2876 χορτασθήσεται
2895 2800 3089 2868 αὐτῆς.
3125 2795 3239 2864 Ἐφ’
3278 2789 3359 2856 οἷς
3388 2793 3481 2845 καὶ
3512 2792 3657 2849 ὅστις
3688 2788 3913 2856 ivrgia},

2320 2874 2509 2953 simini
2538 2893 2839 2967 προσηνείᾳ
2880 2890 2976 2943 καὶ
3031 2886 3322 2955 ἐπιεικείᾳ,
3380 2883 3521 2935 κατὰ
3565 2880 3663 2951 τὴν
3729 2874 3915 2947 Ἰησοῦ

2321 2988 2605 3059 πραότητα
2643 2985 2734 3037 καὶ
2762 2982 2863 3051 τῆς
2896 2980 3125 3050 καρδίας
3155 2975 3490 3029 ταπείνωσιν
3525 2970 3913 3041 ἐξησκημένος

2324 3080 2497 3152 βιοῦν,
2529 3075 2830 3148 μακάριος,
2873 3071 2950 3133 ὼς
2989 3069 3098 3121 τῶν
3143 3066 3395 3137 μεγάλων
3434 3060 3782 3132 κληρονόμος
3815 3060 3913 3128 τῆς

2323 3170 2585 3241 οὐρανίας
2620 3165 2712 3219 καὶ
2739 3162 3018 3232 ἀφθάρτου
3044 3160 3148 3229 γῆς
3174 3155 3417 3224 ἀγαθῶν.
3450 3152 3591 3223 Πρδς
3611 3152 3730 3241 τοῖς
3760 3152 3918 3220 εἰρη-

2329 3264 2511 3336 μένοις
2532 3259 2588 3313 δὲ
2623 3257 2892 3328 μακάριος
2921 3252 3018 3304 καὶ
3048 3250 3108 3314 ὃς
3132 3249 3223 3302 τὸν
3260 3246 3434 3336 μεγαν
3466 3244 3560 3297 τοῦ
3580 3240 3728 3336 ,Θεοῦ
3763 3242 3921 3336 ἔλεον

2324 3327 2435 3415 τοῖς
2460 3327 2653 3403 ἑαυτοῦ
2690 3343 3021 3411 σπλάγχνοις
3054 3337 3145 3391 διὰ
3185 3334 3471 3419 μιμήσεως
3512 3328 3604 3383 καὶ
3635 3328 3741 3396 τῆς

2324 3443 2451 3505 τοὺς
2502 3434 2728 3507 πλησίον
2784 3427 3198 3502 φιλανθρωπίας
3244 3423 3564 3476 ἐπισπᾶται.
3619 3418 3922 3487 Μακάριος

2328 3532 2423 3587 καὶ
2464 3530 2521 3592 ὃς
2562 3529 2663 3596 τὴν
2714 3521 2947 3592 καρδίαν
2995 3516 3198 3578 παντὸς
3243 3511 3521 3585 μολυσμοῦ
3568 3508 3778 3579 σαρκὸς
3831 3510 3922 3561 καὶ

2329 3622 2639 3691 πνεύματος
2691 3610 3143 3683 ἔκκαθηράμενος
3168 3646 3184 3671 ,
3248 3605 3375 3656 ἰδεῖν
3436 3599 3921 3669 καταξιωθήσεται
3984 3618 3985 3623 η

2329 3690 2484 3777 Θεὸν,
2523 3712 2597 3773 ὼς
2628 3704 2900 3775 ἀνθρώπῳ
2941 3700 3070 3751 ίδείν
3112 3695 3335 3766 θεμιτόν
3378 3709 3392 3724 ·
3431 3693 3509 3754 ὡς
3555 3693 3614 3743 ὲν
3654 3690 3921 3760 ἐσόπτρῳ

2329 3806 2438 3874 γὰρ
2465 3804 2533 3871 τῇ
2560 3797 2655 3852 τοῦ
2682 3796 2802 3857 νοὸς
2831 3788 3169 3860 καθαρότητι
3196 3784 3288 3837 τὸν
3320 3783 3552 3854 ἀόρατον
3588 3779 3916 3874 κατόιῖισετςιιΣ

2330 3870 2615 3964 Μακάριος
2650 3886 2744 3941 ἐπὶ
2774 3882 2985 3944 τούτοις
3016 3880 3112 3933 καὶ
3148 3879 3207 3941 ὃς
3248 3877 3349 3947 τὴν
3388 3874 3561 3944 ἀληθῆ
3603 3870 3696 3925 τοῦ
3734 3872 3921 3942 Ἰησοῦ

2333 3963 2554 4057 εἰρήνην
2590 3982 2773 4052 ἔργοις
2812 3973 2992 4044 ζητῶν
3024 3971 3299 4041 ἀληθείας,
3330 3968 3422 4021 καί
3454 3982 3517 4034 γε
3550 3963 3766 4033 ταύτην
3831 3966 3920 4057 εὐ-

2334 4056 2537 4149 στόχως
2554 4073 2769 4137 διώξας,
2789 4070 2883 4121 καὶ
2902 4069 2978 4129 ὡς
3002 4060 3113 4118 οἶόν
3125 4065 3171 4115 τ’
3193 4058 3259 4132 ἦν
3279 4058 3624 4117 καταλαϐὼν.
3644 4059 3739 4109 καὶ
3764 4056 3920 4111 πλεί-

2336 4148 2492 4232 στους
2515 4170 2671 4227 ὅσους
2697 4158 3035 4221 καταλλάξας
3063 4156 3200 4224 αὐτῇ
3236 4152 3330 4204 καὶ
3346 4148 3920 4218 ἐκπεπολεμωμένους

2334 4257 2751 4331 εἰρηνοποιήσας
2804 4253 2862 4303 ἐν
2916 4249 3077 4318 αὐτῇ,
3126 4248 3223 4315 τῆς
3281 4242 3457 4311 ἄκρας
3499 4239 3780 4301 υἱοθεσίας
3828 4240 3919 4293 καὶ

2336 4354 2583 4411 θεώσεως
2615 4343 3002 4413 ἀξιωθήσεται’
3027 4339 3123 4392 καὶ
3154 4335 3388 4396 συνόλως
3410 4332 3595 4401 φάναι,
3628 4331 3913 4403 μακάριοι,

2336 4446 2477 4500 κατὰ
2506 4443 2576 4495 τὰ
2602 4435 2870 4509 θεαρχικὰ
2901 4432 2996 4485 τοῦ
3025 4429 3161 4483 Θεοῦ
3201 4428 3376 4493 Λόγου
3408 4425 3598 4493 λόγια,
3632 4422 3840 4485 πάντες
3871 4422 3917 4474 ot

2334 4533 2683 4603 δεδιωγμένοι
2723 4530 2907 4581 ἕνεκεν
2939 4521 3220 4581 εὐσεϐείας
3248 4518 3343 4570 καὶ
3370 4514 3734 4584 δικαιοσύνης,
3779 4516 3917 4567 πάν-

2336 4645 2425 4685 τες
2464 4628 2511 4676 οἱ
2560 4621 2769 4693 δωρεὰν
2820 4613 3165 4686 μισηθέντες,
3214 4608 3311 4661 καὶ
3357 4606 3780 4670 όνειδισθέντεζ,
3824 4606 3920 4659 καὶ

2335 4713 2774 4787 λοιδορηθέντες,
2848 4707 2940 4758 καὶ
2986 4704 3169 4756 πᾶσαν
3225 4702 3417 4769 πεῖραν
3462 4695 3762 4765 δυσχερῶν,
3825 4697 3917 4747 sail

2337 4786 2559 4866 ὀδυνῶν,
2601 4802 2695 4853 καὶ
2730 4797 2995 4868 βασάνων,
3025 4793 3119 4847 καὶ
3153 4790 3400 4845 θανάτων
3429 4789 3567 4858 ὑπὲρ
3602 4786 3703 4854 τῆς
3732 4786 3917 4854 Ἰησοῦ

2338 4898 2431 4953 τοῦ
2475 4892 2713 4965 Χριστοῦ
2760 4890 3000 4956 ἀγάπης,
3048 4885 3141 4936 καὶ
3196 4880 3453 4941 πίστεως,
3510 4878 3604 4930 καὶ
3655 4874 3917 4946 ἀληθείας

2340 4986 2688 5055 ὑποσχόντες,
2734 4980 2828 5031 καὶ
2867 4977 2993 5045 ἄχρι
3026 4974 3211 5033 τέλους
3245 4971 3362 5041 μετ’
3392 4966 3740 5037 εὐχαριστίας
3783 4967 3914 5017 ἁνα-

2339 5075 2691 5138 τλάντες,ὅτι
2752 5070 2859 5122 τῶν
2906 5065 3161 5119 τοιούτων
3203 5063 3353 5114 ἐστὶν
3411 5062 3445 5129 ἡ
3493 5058 3779 5128 βασιλεία,
3824 5056 3918 5107 καὶ

2341 5170 2543 5226 τούτων
2570 5167 2599 5217 ὁ
2631 5162 2818 5233 μισθὸς
2854 5158 3019 5219 πολὺς
3052 5152 3268 5225 ἀληθῶς
3310 5151 3405 5206 καὶ
3443 5150 3666 5219 ἄπειρος
3706 5148 3766 5198 ἐν
3808 5152 3917 5210 τοῖς

2341 5260 2604 5331 οὐρανοῖς.

2350 5371 2579 5425 Τούτων
2611 5364 2691 5433 ἣν
2720 5363 2966 5425 ἐθέλεις,
2990 5374 3045 5409 κ.
3076 5372 3125 5408 τ.
3160 5356 3205 5410 ὲ.

2404 5474 2627 5549 ⁵Ὥσπερ
2653 5476 2810 5547 μοναὶ
2833 5472 3024 5526 πολλαὶ
3054 5468 3205 5539 παρὰ
3233 5466 3309 5535 τῷ
3334 5466 3569 5536 οὐρανίῳ
3598 5464 3913 5518 πεπίστευνι

2344 5590 2432 5625 ται
2465 5569 2668 5639 Πατρὶ,
2710 5567 2848 5620 οὗτοι
2890 5564 2984 5616 καὶ
3014 5563 3123 5614 τῶν
3154 5561 3281 5629 βίων
3324 5560 3380 5611 αἱ
3420 5558 3673 5626 διαφοραὶ
3726 5557 3913 5610 πολλαὶ

2347 5666 2450 5715 τῶν
2500 5662 2623 5722 τοὺς
2682 5655 3057 5728 μακαρισμούς
3108 5649 3488 5721 ἀναφερόντων
3548 5648 3683 5716 πρὸς
3728 5646 3909 5709 αὑτὰς.

2348 5751 2487 5821 Ηρος
2549 5750 2613 5820 ἣν
2672 5744 2761 5801 οὖν
2816 5745 3034 5813 τρίϐον,
3091 5741 3241 5811 emi,
3303 5738 3412 5792 τῶν
3471 5735 3913 5809 μακαριζομένων
3984 5752 3985 5787 1
