4020 6302
147 378 254 433 ’169

154 492 364 560 εεφυῶς
392 490 586 563 ἔχοντα
619 494 815 550 σαυτὸν
837 496 989 567 ὁρᾷς,
1023 497 1227 567 ταύτην
1260 496 1441 566 βάδιζε
1470 495 1735 549 συντονώ-

146 597 307 651 τερον
342 584 521 638 πλέον.
550 586 639 638 «Et
676 586 793 656 μὲν-
816 582 909 640 οὖν
945 588 1161 651 ἁπάσας
1188 584 1301 644 οἷό-ι
1330 606 1387 641 τε
1408 629 1423 651 ,
1455 589 1737 642 κάλλιστον

145 672 311 725 τοῦτο
343 676 437 727 καὶ
464 675 686 729 πάντων
718 676 1057 731 τελειότατον
1080 696 1091 707 ·
1126 680 1174 731 εί
1200 679 1244 729 δ’
1273 679 1459 745 ὀλίγας
1489 678 1734 741 δυνατὸν,

143 762 405 834 δεύτερον
447 766 609 819 τοῦτο
647 765 743 821 καὶ
779 765 874 819 τοῦ
924 766 1143 838 πρώτου
1193 768 1520 837 καθυφεῖται
1547 785 1562 799 ⁸
1606 770 1654 820 εί
1679 767 1736 819 δὲ

146 853 242 905 καὶ
274 854 407 923 μίαν
438 857 607 925 μόνην
633 855 769 911 ἱέναι
796 856 906 910 τῶν
929 858 1063 910 ὁδῶν
1098 858 1219 912 καθ’
1250 858 1552 933 ὑπερϐολὴν
1593 858 1733 924 ἐξὸν,

143 941 244 995 καὶ
274 943 421 995 τοῦτ’
451 944 520 998 ἂν
549 945 635 1018 εἴη
670 945 821 1015 φίλον
846 948 941 1000 καὶ
972 948 1269 1019 εὐάρεστον
1298 949 1418 1020 Θεῷ
1449 966 1463 979 ·
1506 951 1642 1002 πᾶσι
1679 949 1735 1002 δὲ

141 1035 259 1095 τοῖς
292 1034 437 1087 κατὰ
472 1035 572 1099 τάς
615 1037 717 1107 τῆς
746 1037 1027 1102 εὐσεϐείας
1067 1040 1221 1113 οδοὺς
1259 1041 1733 1111 κατορθουμένοις,

140 1126 258 1186 τοῖς
286 1142 345 1176 τε
378 1128 654 1196 κρείττοσι
688 1129 781 1182 καὶ
802 1129 1188 1200 -τελειοτέροις,
1216 1133 1331 1195 τοῖς
1350 1149 1409 1183 τε
1431 1132 1618 1201 ἥττοσι
1641 1133 1735 1185 καὶ

141 1214 528 1283 ἀτελεστέροις
548 1258 563 1281 ,
600 1217 818 1287 σταθμά
841 1260 856 1282 ,
888 1215 984 1272 καὶ
1015 1221 1188 1290 μέτρα
1213 1222 1337 1287 ἄξια
1358 1262 1373 1286 ,
1420 1223 1517 1275 καὶ
1552 1222 1736 1291 μισθοὶ

140 1305 243 1375 τῆς
274 1306 458 1359 αὐτῶν
496 1310 781 1379 προκοπῆς
812 1310 1091 1379 ἀναλόγως
1121 1312 1258 1384 πρὸς
1285 1314 1378 1365 τοῦ
1400 1313 1588 1385 κριτοῦ
1625 1314 1734 1368 τῶν

140 1396 283 1447 ὅλων
305 1399 633 1468 ἡτοιμάσθη.

179 1488 210 1540 7
255 1489 368 1541 Kal
399 1491 583 1542 Ῥαὰό
599 1492 711 1543 οὐκ
740 1492 1046 1560 εὔκοσμον
1082 1492 1226 1560 ἔχεν
1242 1493 1466 1557 βίον,κ.
1493 1510 1545 1547 τ.
1572 1493 1625 1549 λ.

214 1579 343 1630 ’Ὁτι
382 1580 480 1650 μὲν
519 1581 607 1634 διὰ
652 1583 783 1650 μιᾶς
826 1582 948 1634 ὁδοῦ
990 1582 1099 1633 τῶν
1133 1582 1389 1652 πρὸς,τάς
1415 1584 1527 1636 ἄνω
1568 1584 1735 1653 μονὰς

138 1668 237 1723 τοῦ
280 1671 497 1740 Πατρὸς
535 1672 853 1740 ἀναγουσῶν
887 1671 1073 1735 καλῶς
1118 1667 1557 1745 κατορθωθείσης
1595 1670 1735 1727 οἶδεν

136 1763 394 1816 δικαιοῦν
426 1765 553 1829 τοὺς
581 1764 984 1835 κατορθοῦντας
1008 1767 1036 1817 ὁ
1054 1764 1206 1828 Θεὸς,
1244 1766 1413 1818 Ῥαὰϐ
1431 1784 1512 1827 τε,
1545 1767 1733 1835 φησιν,

136 1842 175 1925 ⁸ἠ
208 1850 385 1927 πόρνη
422 1860 515 1909 καὶ
553 1858 582 1908 ὁ
630 1856 868 1927 τελώνης
912 1856 1271 1929 μαρτυροῦσι.
1328 1857 1439 1928 Τὴν
1468 1858 1580 1927 ,μὲν
1624 1857 1735 1928 γὰρ

137 1947 388 2018 ἄκοσμον
418 1948 588 2001 τᾶλλα
616 1950 1023 2019 τυγχάνουσαν,
1070 1951 1289 2022 κλεινὴν
1328 1945 1423 2004 καὶ
1462 1951 1733 2020 ἐπίσημον

136 2042 170 2107 ὴ
210 2040 497 2110 ἀκροτάτη
530 2040 807 2109 φιλοξενία
829 2040 1171 2110 ἀναδέδειχεν
1202 2059 1218 2076 ·
1245 2044 1274 2095 ὁ
1298 2043 1534 2112 τελώνης
1557 2042 1614 2094 δὲ
1638 2042 1733 2094 καὶ

138 2131 306 2194 αὐτὸς
330 2131 549 2202 διάτῆς
577 2134 871 2203 ἀμέμπτου
896 2133 1402 2204 ταπεινοφροσύνης
1426 2133 1518 2187 τοῦ
1541 2132 1733 2187 ἑαυτὸν

136 2224 479 2287 δικαιοῦντος
506 2226 775 2295 ὑπερέσχε
815 2227 1135 2298 Φαρισαίου.

137 2338 444 2406 Βέλτερον
476 2338 705 2407 ἀζυγίη,
740 2358 794 2394 κ.
825 2358 877 2394 τ,
915 2328 1063 2408 ἑξῆς.

217 2430 408 2485 Εἰπὼν
434 2470 449 2492 ,
481 2432 565 2483 ὅτι
597 2430 821 2485 δυνατὸν
854 2431 951 2486 καὶ
977 2432 1066 2484 διὰ
1101 2433 1234 2502 μιᾶς
1261 2431 1383 2485 ὀδοῦ
1422 2431 1603 2493 καλῶς
1632 2448 1733 2483 κα-

131 2520 512 2593 ’πορθουμένης
532 2521 641 2573 τῶν
659 2521 925 2591 οὐρανίων
946 2522 1089 2583 τινὸς
1114 2522 1469 2574 ἐπιλαϐέσθαι
1491 2522 1728 2593 σκηνῶν,

133 2611 226 2666 ἵνα
258 2613 333 2681 μή
363 2629 448 2675 τις
474 2612 764 2683 οἰηθῇ-τὴν
790 2612 993 2683 ἀρετὴν
1016 2615 1080 2682 τῇ
1100 2613 1268 2684 κακίᾳ
1286 2613 1589 2683 λεληθότως
1611 2614 1733 2666 sm-

135 2702 513 2772 μεμιγμένην,
543 2703 620 2777 ὡς
642 2702 736 2754 ἐπὶ
762 2702 872 2756 τῶν
904 2702 1215 2773 ὑποκριτῶν
1245 2702 1540 2774 ἐπινόρᾷν
1579 2704 1732 2757 δύνα-

136 2795 267 2847 σθαι
290 2794 429 2847 Θεοῦ
457 2794 900 2864 κατεργάσασθαι
917 2794 1287 2865 δικαιοσύνην,
1306 2795 1676 2863 εὐαγγελικῶς
1702 2799 1732 2849 ὁ

133 2885 463 2947 διδᾶσκαλος
477 2884 556 2954 τῷ
574 2884 678 2954 τῆς
696 2884 1024 2956 διακρίσεως
1051 2885 1323 2954 πνεύματι
1347 2885 1730 2957 διασαφηνίζει

132 2973 465 3029 τὰτοιαῦτα
489 2990 503 3004 ·
537 2969 804 3044 εἶναιγὰρ
839 2973 1115 3044 ἀρίστους,
1136 2974 1251 3026 ἀλλ’
1284 2975 1345 3026 οὐ
1374 2973 1729 3038 δοκεῖν,ὁτοῦ

137 3065 460 3136 Πνεύματος
510 3065 677 3134 νόμος
726 3061 976 3132 βούλεται
1023 3064 1118 3116 καὶ
1171 3062 1470 3132 νομοθέτης
1512 3080 1527 3095 ·
1582 3062 1647 3115 δι’
1701 3063 1735 3116 ὃ

133 3159 291 3226 λέγει
324 3175 338 3187 ⁸
376 3156 558 3211 Καλὸν
613 3158 646 3227 ἡ
698 3155 900 3223 ἀζυγία
928 3196 943 3220 ,
989 3155 1083 3207 καὶ
1133 3155 1230 3207 τοῦ
1290 3155 1471 3226 γάμου
1522 3155 1731 3225 βέλτιον

136 3250 350 3319 εἴποιμ’
377 3249 467 3312 ἂν,
496 3247 609 3300 ἀλλ’
650 3248 684 3318 ἠ
716 3247 885 3308 ὅντως
923 3246 1126 3314 άζυγία
1159 3246 1252 3299 καὶ
1278 3246 1571 3316 παρθενία,
1607 3247 1731 3300 ὲπί-

140 3357 338 3412 μικτος
360 3340 418 3393 δὲ
439 3322 520 3409 τῷ
544 3338 735 3408 κόσμῳ
759 3339 1043 3408 γινομένη,
1072 3338 1165 3390 καὶ
1192 3339 1312 3400 ταῖς
1339 3338 1730 3408 παρεισάκτοις

138 3434 173 3504 ἢ
213 3433 341 3495 ταῖς
378 3432 445 3484 τὰ
480 3433 641 3502 γήϊνα
682 3427 1010 3500 φρονούσαις
1051 3428 1498 3498 συναυλιζομένη,
1533 3430 1731 3501 χείρων

138 3526 242 3595 τῆς
263 3524 359 3577 τοῦ
383 3523 563 3594 γάμου
595 3521 853 3589 συζυγίας
877 3520 1026 3573 ἐστίν
1061 3537 1075 3549 ·
1104 3520 1325 3591 δόκησιν
1371 3521 1479 3591 γὰρ
1516 3538 1730 3591 σωφρο-

142 3617 315 3685 σύνης
340 3617 453 3677 τοῖς
493 3612 803 3683 ἀνθρώποις
837 3614 897 3664 ὲν
928 3609 1008 3681 τῷ
1036 3610 1279 3681 φανερῷ,
1317 3611 1433 3663 ἀλλ’
1461 3612 1561 3664 οὐκ
1599 3613 1731 3684 ἀλή-

138 3710 294 3764 θειαν
343 3709 404 3761 ὲν
451 3707 530 3777 τῷ
578 3705 806 3776 κρυπτῷ
848 3705 1180 3758 ἐπιδείκνυσι
1226 3705 1470 3775 Χριστῷ.
1510 3706 1681 3759 Πάλιν
1712 3718 1729 3735 ⁸

140 3802 389 3873 Σώφρων
416 3800 517 3869 μὲν
542 3801 572 3850 ὁ
600 3798 711 3867 βίος
744 3799 837 3850 καὶ
869 3796 1074 3867 ὑψηλὸς
1102 3796 1199 3850 καὶ
1226 3796 1588 3866 ἐμφιλόσοφος
1621 3798 1730 3850 τῶν

137 3892 473 3962 ἀκτημόνων
512 3890 607 3942 καὶ
647 3887 1017 3959 ὸρεσιτρόιρων
1068 3885 1316 3955 μοναχῶν
1339 3926 1354 3951 ,
1403 3886 1499 3938 καὶ
1532 3887 1731 3949 αὐτοὺς

136 3986 195 4039 δὲ
242 3982 504 4045 πολλάκις
542 3980 636 4033 ἐπὶ
671 3982 737 4050 τῇ
784 3980 956 4049 ἀρετῇ
1004 3978 1351 4045 τυφωθέντας
1402 3978 1481 4039 εἰς
1528 3977 1731 4047 πτῶμα

139 4079 485 4146 κατήνεγκεν
509 4075 542 4144 ἡ
571 4072 768 4142 οἴησις.
808 4070 884 4122 Οὐ
914 4068 1022 4138 γὰρ
1045 4069 1143 4137 τὴν
1174 4066 1354 4121 αὐτῶν
1381 4068 1582 4139 ἀρετὴν
1618 4071 1732 4132 τοῖς

142 4168 425 4238 κρείττοσι
461 4161 945 4235 παραμετροῦντες
974 4163 1067 4213 καὶ
1107 4159 1463 4230 τελειοτέροις
1486 4200 1501 4224 ,
1545 4177 1731 4212 ταπει-

140 4258 406 4311 νοῦνται⁹
443 4254 575 4325 ἐστι,
599 4252 656 4305 δὲ
684 4253 771 4305 ὅτε
820 4251 955 4321 πρὸς
1001 4250 1127 4311 τοὺς
1169 4250 1587 4319 ταπεινοτέρους
1636 4252 1731 4303 καὶ

140 4349 364 4420 χείρους
388 4344 488 4414 τὴν
517 4341 697 4395 αὐτῶν
720 4342 951 4411 ἄσκησιν
993 4339 1376 4409 συγκρίνοντες
1394 4378 1411 4402 ,
1443 4339 1536 4390 κα)⁵
1570 4340 1729 4391 ἐπαι-

140 4440 392 4511 ρόμενοι,
414 4437 471 4496 ἐς
510 4435 786 4503 ἁμαρτίαν
820 4431 1320 4501 καταρρήγνυνται.
1370 4429 1641 4492 Πολλάκις
1675 4430 1731 4481 δὲ

142 4531 241 4584 καὶ
268 4527 468 4596 ζεούσῃ
507 4524 709 4595 θερμὸν
740 4523 993 4595 ᾇττοντες
1020 4524 1087 4591 τῇ
1120 4520 1399 4592 προθυμίᾳ
1444 4520 1540 4574 τοῦ
1574 4522 1694 4585 νοὸς
1714 4560 1728 4584 ,

138 4620 513 4690 ἀγυμνάστων
548 4616 745 4669 πώλων
777 4618 871 4669 καὶ
905 4613 1237 4683 δυσχαλίνων
1272 4612 1585 4683 ὁμοιότητι,
1636 4613 1731 4665 καὶ

141 4714 174 4783 ἢ
201 4711 481 4782 νηστείαις
514 4708 794 4777 ἀμέτροις,
820 4707 854 4777 ἢ
878 4706 1211 4776 ἀγρυπνίαις
1234 4706 1506 4775 ἀκαίροις,
1540 4707 1731 4775 ἦτισιν

139 4804 340 4862 ἄλλαις
370 4798 747 4866 ἑπιτηδεύσεσι
780 4798 1329 4868 ὑπερφρονήσαντες,
1371 4799 1501 4868 παρ’
1546 4797 1575 4848 ὃ
1624 4797 1732 4849 ἔδει

143 4894 370 4965 φρονεῖν
398 4930 413 4951 ,
452 4890 543 4942 καὶ
603 4891 664 4941 ού
735 4890 876 4940 κατὰ.
923 4888 1016 4938 τὸν
1072 4887 1372 4957 ἀσκητικὸν
1421 4889 1583 4956 νόμον
1634 4889 1733 4957 τὴν

143 4982 353 5057 πρᾶξιν
412 4982 923 5051 μεταχειρισάμενοι
980 4980 1078 5048 τῆς
1139 4978 1382 5049 ἀρετῆς,
1437 4980 1626 5050 πόῤῥω
1673 4996 1730 5033 τε

142 5081 247 5148 τῆς
273 5075 477 5137 νύσσης
505 5073 597 5126 καὶ
633 5072 743 5123 τῶν
788 5070 887 5139 τῆς
919 5068 1074 5138 νίκης
1116 5068 1395 5137 στεφάνων
1421 5068 1734 5137 ἀπωλίσθη-

148 5189 274 5225 σαν.
307 5168 511 5222 Τούτου
539 5164 603 5235 δὴ
638 5164 818 5234 χάριν,
844 5164 872 5213 ὁ
903 5159 1216 5230 θαυμαστὸς
1242 5155 1395 5222 οὗτος
1429 5159 1731 5228 σύμϐουλός

146 5276 317 5330 φησιν
345 5274 360 5287 ’
395 5257 464 5308 Ἦ
506 5256 757 5323 ἐλαφροῖς
792 5251 1047 5321 πτέρυξιν
1090 5252 1319 5321 ὲπαίρου
1364 5251 1464 5318 τῆς
1495 5252 1598 5320 γῆς
1640 5253 1734 5303 καὶ

146 5352 261 5406 τῶν
286 5349 490 5417 γηΐνων
533 5345 935 5415 περισπασμῶν
976 5345 1070 5394 καὶ
1114 5341 1423 5413 ἐπιθυμιῶν
1450 5343 1516 5393 δι’
1562 5344 1735 5413 ἀκτη-

151 5443 277 5504 σίας
325 5440 533 5502 τελείας
591 5438 685 5490 καὶ
734 5434 1231 5505 ταπεινοφροσύνης
1283 5434 1588 5505 ἀκροτάτης
1640 5437 1734 5489 καὶ

150 5535 496 5601 τελειοτάτης
540 5529 839 5591 ἀπαθείας,
886 5529 918 5598 ἢ
970 5528 1120 5579 κάτω
1173 5526 1347 5595 μένων
1398 5526 1494 5578 καὶ
1542 5528 1733 5578 ἑαυτὸν

152 5622 446 5688 ἐξουδενῶν
474 5620 570 5672 καὶ
598 5617 875 5686 φαυλίζων
895 5656 909 5677 ,
944 5613 1145 5683 μηδένα
1184 5612 1238 5663 δὲ
1272 5611 1427 5663 ἄλλον
1458 5612 1658 5680 κρίνων
1700 5610 1733 5680 ἦ

152 5713 538 5775 γαταδικάζων
568 5707 825 5778 ἀσφαλῶς
848 5705 1028 5776 τρέχε,
1076 5705 1149 5774 μή
1187 5719 1314 5755 ποτε
1353 5702 1385 5771 ἢ
1419 5700 1735 5769 ἐπιθυμίαις

156 5800 424 5875 ἀνοήτοις,
455 5803 489 5871 ἢ
522 5801 711 5870 θυμοῖς
744 5797 959 5858 ἀλόγοις
980 5837 993 5859 ,
1029 5795 1061 5861 ἦ
1097 5795 1373 5861 λογισμοῖς
1408 5793 1733 5861 ὑπερόγκοις

1130 385 1193 440 IN
1234 385 1549 441 CARMINA
1588 382 1864 439 AllCANA
1906 384 1962 439 S.
1995 385 2349 443 GREGOIllI.

3310 384 3421 441 770

1844 503 1950 551 tem
1967 505 2017 550 te
2032 497 2238 564 videas,
2256 498 2309 551 i‘n
2325 498 2423 551 hac
2436 512 2597 567 quam
2618 498 2853 551 maxime
2871 496 3208 552 incessanter
3220 511 3415 566 perge:

1841 589 1884 643 si
1914 604 2009 658 per
2040 604 2231 644 omnes
2266 590 2519 645 incedere
2555 605 2750 659 queas,
2786 591 3052 659 optimum
3083 597 3136 643 et
3168 590 3415 642 omnium

1839 678 2330 745 perfectissimum;
2364 681 2409 734 si
2446 696 2541 751 per
2567 695 2770 750 paucas
2786 681 2957 743 vales,
2980 678 3213 734 inferius
3248 678 3407 743 illud,

1839 768 2122 839 primaque
2149 770 2463 827 conditione
2497 773 2714 838 minus;
2739 772 2786 827 si
2815 773 2979 826 etiam
3009 771 3227 825 unicam
3257 784 3417 824 man-

1843 857 2053 913 sionem
2071 859 2321 915 obtinere
2341 862 2554 915 viarum
2577 860 2642 915 ad
2672 876 2944 917 summum
2969 861 3227 930 possibile
3246 870 3417 927 esset,

1837 956 1891 1001 et
1918 948 1971 1003 id
2003 948 2113 1004 Deo
2137 951 2360 1020 placens
2384 958 2438 1005 et
2470 961 2748 1020 acceptum
2771 957 2937 1016 esset;
2959 951 3222 1011 omnibus
3235 959 3419 1003 autem

1837 1054 1935 1108 per
1960 1040 2177 1109 pietatis
2216 1042 2334 1096 vias
2362 1052 2509 1096 recte
2539 1040 2891 1095 currentibus
2926 1048 2981 1093 et
3009 1040 3416 1094 ardentioribus

1837 1139 1891 1185 ct
1927 1130 2375 1199 perfectioribus,
2413 1132 2821 1188 remissioribus
2846 1141 3007 1201 atque
3047 1131 3417 1201 imperfectio—

1839 1222 2024 1287 ribus,
2058 1231 2260 1278 statera
2290 1232 2345 1279 et
2387 1239 2644 1277 mensura
2685 1240 2838 1293 aequa
2859 1265 2874 1289 ,
2915 1222 3288 1277 et‘mercedes
3318 1238 3417 1291 pro

1839 1304 2083 1379 ipsorum
2130 1314 2516 1382 progressibus
2555 1316 2947 1368 convenienter
2990 1313 3133 1383 apu’d
3172 1313 3416 1382 judicent

1839 1402 2218 1455 universorum
2254 1398 2438 1472 parata
2466 1412 2616 1457 sunt.
2816 1458 2843 1485 λ

1836 1491 1905 1545 57
1929 1490 2113 1545 Rahab
2141 1494 2313 1547 minus
2339 1495 2612 1547 honestam
2645 1494 2867 1548 ducebat
2897 1496 3078 1559 vitam,
3112 1505 3215 1548 etc.

1904 1582 2059 1649 Quod
2080 1585 2300 1653 quidem
2326 1602 2420 1654 per
2437 1588 2657 1639 unicam
2686 1587 2895 1640 viarum
2916 1602 3037 1656 qua:
3061 1587 3125 1639 ad
3150 1601 3415 1654 supernas
3454 1650 3457 1653 Α

1835 1671 2015 1728 Patris
2043 1676 2359 1729 mansiones
2377 1676 2585 1729 ducunt
2616 1685 2762 1730 recte
2784 1692 3060 1731 emensam
3085 1677 3417 1745 judicaverit

1838 1763 1985 1820 Deus
2027 1764 2332 1834 iustificam
2368 1768 2504 1822 bene
2534 1768 2930 1829 incedentes,et
2960 1767 3181 1827 llahab,
3215 1769 3415 1837 inquit,

1837 1857 2091 1909 meretrix
2145 1866 2200 1911 et
2254 1860 2579 1927 publicanus
2631 1865 2800 1913 testes
2854 1865 3005 1912 sunt.
3065 1857 3210 1911 Illam
3268 1861 3416 1913 enim

1838 1959 2033 2003 caetera
2060 1948 2426 2003 inordinatam
2448 1991 2462 2012 ,
2495 1950 2767 2005 celebrem
2792 1958 2846 2004 et
2875 1950 3141 2019 insignem
3171 1949 3415 2020 perfecta

1842 2037 2192 2106 hospitalitas
2237 2041 2507 2109 ostendit;
2544 2041 2872 2109 publicanus
2912 2056 3037 2093 vero
3077 2049 3129 2093 et
3164 2041 3281 2110 ipse
3322 2056 3418 2110 per

1836 2130 2379 2200 irreprehensibilem
2422 2134 2780 2187 humilitatem
2813 2131 3094 2187 Phariszeo
3118 2147 3178 2187 se
3203 2134 3418 2200 justum

1832 2223 2154 2291 praedicanti
2187 2225 2461 2293 praestitit.

1834 2337 2027 2391 Melior
2054 2336 2329 2391 cwtibatus
2344 2377 2360 2403 ,
2390 2347 2516 2417 εις..

1904 2428 2102 2485 Dicens
2135 2429 2281 2497 quod
2309 2429 2569 2497 possibile
2588 2436 2673 2484 est
2700 2436 2754 2485 et
2785 2444 2883 2499 per
2906 2445 3068 2485 unam
3097 2433 3240 2487 viam
3271 2443 3418 2489 recte

1830 2534 2111 2576 emensam
2143 2519 2450 2574 caelestium
2488 2521 2544 2575 in
2577 2536 2743 2575 unum
2768 2524 3253 2589 .tabemaeulorum
3293 2542 3421 2582 sus-

1832 2611 2050 2679 cipi,ne
2065 2610 2191 2680 quis
2222 2610 2491 2680 cogitaret
2521 2612 2775 2666 virtutem
2815 2604 3002 2667 furtim
3031 2617 3229 2670 malitia
3261 2632 3415 2670 com-

1832 2700 2089 2761 misceri,
2126 2701 2269 2756 sicut
2298 2702 2483 2757 videre
2515 2710 2599 2757 est
2643 2703 2786 2773 apud
2832 2706 3299 2775 comcedos,qnasi
3336 2709 3418 2765 sie

1830 2797 2019 2861 posset
2066 2804 2228 2859 agere
2275 2791 2487 2859 iustitia
2544 2790 2670 2854 Dei,
2720 2795 3078 2849 conformiter
3125 2798 3416 2870 Evangelia

1832 2878 2025 2933 doctor
2055 2880 2110 2934 in
2145 2881 2340 2949 spiritu
2368 2881 2625 2950 judicans
2654 2884 2769 2955 hate
2816 2887 3074 2943 illustrat.
3111 2890 3241 2945 Esse
3270 2895 3415 2947 enim

1830 2969 2195 3043 Optimosﬁed
2241 2985 2351 3025 non
2381 2973 2805 3032 conlidere,vult
2838 2976 2918 3029 lex
2939 2977 3175 3044 Spiritus
3198 2989 3249 3032 et
3286 2983 3421 3051 legi-

1834 3059 1938 3121 fer,
1968 3058 2089 3111 ideo
2115 3059 2280 3114 dicit:
2309 3060 2494 3115 Bonus
2518 3063 2809 3117 cmlibatus
2835 3072 2888 3117 et
2922 3068 3272 3123 matrimonio
3300 3089 3417 3126 me-

1837 3150 1942 3203 lior
1984 3150 2287 3215 dicendus,
2320 3151 2413 3205 sed
2442 3167 2567 3206 vere
2608 3154 2932 3219 caelibatus,
2974 3157 3090 3212 sive
3108 3160 3416 3227 virginitas.

1833 3240 2039 3295 mundo
2085 3240 2133 3295 si
2174 3242 2463 3297 commista
2511 3243 2601 3296 fiat
2648 3253 2704 3298 et
2744 3243 2943 3298 furtive
2982 3246 3275 3301 insinuatis
3322 3259 3417 3302 ant

1834 3332 2186 3387 terrestribus
2224 3334 2647 3403 cogitationibus
2692 3336 3043 3396 consociata,
3100 3338 3416 3405 nuptiarum

1833 3427 2225 3496 conjunctione
2268 3427 2421 3496 pejor
2461 3436 2601 3482 est:
2635 3427 2875 3498 speciem
2918 3428 3063 3481 enim
3116 3429 3419 3497 prudentia!

1832 3519 2150 3574 hominibus
2168 3520 2536 3583 extrinsecus,
2562 3520 2655 3573 sed
2686 3534 2792 3573 non
2819 3517 3100 3573 veritatem
3124 3519 3177 3571 in
3202 3520 3420 3575 ocenlto

1833 3612 2071 3667 ostendit
2099 3611 2341 3666 Christo.
2378 3610 2591 3665 Rursus
2621 3630 2633 3664 :
2659 3609 2908 3666 Prudens
2940 3613 3050 3664 vita
3071 3619 3121 3664 et
3153 3620 3331 3665 erecta
3363 3622 3418 3664 et

1833 3704 2160 3783 philosopho
2188 3703 2352 3773 digna
2380 3696 2681 3774 pauperum
2717 3712 2771 3755 et
2804 3703 2859 3755 in
2895 3702 3168 3754 montibus
3195 3704 3414 3755 consis-

1836 3797 2065 3851 tentium
2117 3794 2624 3853 monachorum,et
2682 3793 2832 3863 ipsos
2890 3807 3033 3861 saepe
3090 3793 3158 3846 de
3214 3794 3416 3847 virtute

1835 3896 2108 3943 tumentes
2137 3887 2190 3941 in
2220 3902 2408 3940 casum
2449 3885 2673 3938 abstulit
2709 3883 3083 3953 praesumptio.
3118 3883 3235 3939 Non
3272 3885 3419 3937 enim

1833 3978 2110 4048 propriam
2136 3979 2398 4030 virtutem
2429 3976 2751 4030 melioribus
2783 3982 3168 4043 comparantes
3204 3986 3255 4027 et
3294 3991 3419 4044 per-

1836 4069 2155 4123 fectioribns
2197 4067 2600 4133 humiliantur;
2646 4066 2844 4119 accidit
2894 4073 2952 4121 ut
2995 4080 3119 4118 cum
3160 4064 3421 4134 alijcctio-

1836 4159 1990 4212 ribus
2036 4166 2091 4211 et
2139 4156 2418 4227 peioribus
2456 4154 2939 4225 morigerationem
2985 4168 3139 4207 suam
3179 4154 3419 4223 atquipa~

1834 4261 2020 4304 rantes
2062 4258 2119 4303 ct
2159 4247 2570 4316 superbientes,
2618 4248 2671 4301 in
2712 4254 2992 4315 peccatum
3030 4244 3418 4309 effundantur;

1836 4361 1979 4416 εξερο
2021 4351 2073 4398 et
2116 4342 2344 4397 ferventi
2396 4343 2513 4397 zelo
2560 4342 2789 4411 spiritus
2840 4341 3217 4402 vehementes,
3265 4339 3422 4391 indo-

1835 4446 2093 4497 mitorum
2138 4439 2465 4508 equulormn
2499 4448 2553 4491 et
2596 4439 3016 4491 intractatorum
3060 4436 3251 4499 instar,
3306 4438 3423 4489 sive

1831 4540 2057 4609 jejnniis
2085 4536 2478 4597 immoderatis,
2503 4536 2618 4589 sive
2644 4533 2844 4603 vigiliis
2868 4532 3274 4601 inopportunis,
3303 4534 3420 4587 sive

1837 4636 1959 4691 aliis
1992 4634 2321 4703 quibusdam
2351 4631 2843 4685 exercitationibus
2873 4644 2932 4684 se
2962 4629 3284 4682 extollentes
3322 4644 3422 4681 cs-

1838 4744 1918 4788 tra
1952 4732 2169 4785 modum
2205 4738 2257 4785 et
2290 4744 2451 4798 supra
2480 4729 2529 4782 id
2566 4729 2710 4797 quod
2736 4725 3052 4795 oportebat,
3088 4741 3188 4780 nec
3219 4738 3414 4779 secun-

1835 4837 1963 4887 dmn
2002 4831 2293 4887 aseeticam
2328 4830 2496 4898 legem
2543 4827 2752 4897 praxim
2798 4834 3124 4878 exercentes
3174 4823 3419 4883 virtutis,

1836 4928 2026 4999 procul
2064 4942 2093 4978 a
2138 4933 2279 4979 meta
2307 4933 2361 4977 et
2390 4939 2419 4975 a
2466 4921 2657 4975 bravio
2706 4920 3017 4987 perierunt;
3063 4906 3421 4985 quamobrem

1838 5022 2176 5079 admirabilis
2205 5022 2294 5075 ille
2316 5018 2666 5073 consiliarius
2696 5016 2875 5084 inquit
2906 5012 3033 5068 :Vel
3071 5013 3279 5067 levibus
3316 5012 3421 5064 alis

1836 5136 2069 5190 exsurge
2096 5134 2125 5172 a
2154 5125 2299 5171 terra
2336 5125 2390 5168 et
2422 5130 2451 5167 a
2487 5112 2847 5166 terrestribus
2872 5108 3336 5162 sollicitudinibus
3367 5117 3422 5160 et

1835 5216 2123 5273 desideriis
2146 5217 2632 5286 peqpaupertatem
2657 5206 2953 5276 perfectam
2980 5213 3034 5260 et
3055 5203 3422 5266 humilitatem

1837 5313 2096 5383 optimam
2142 5318 2196 5361 et
2246 5320 2514 5359 summam
2569 5302 2932 5371 cupiditatum
2975 5300 3417 5367 exemptionem,

1838 5410 1918 5464 vel
1946 5410 1999 5462 in
2030 5405 2217 5460 infimo
2254 5417 2483 5456 manens
2518 5408 2572 5455 et
2605 5408 2657 5453 te
2710 5400 2886 5464 ipsum
2918 5396 3072 5449 nihili
3123 5395 3337 5449 faciens
3366 5401 3421 5445 et

1838 5504 2155 5564 humilians,
2189 5498 2460 5553 neminem
2485 5497 2649 5550 etiam
2688 5494 2851 5546 alium
2873 5493 3127 5560 judicans
3163 5500 3255 5541 aut
3286 5503 3421 5541 eon-

1838 5602 2103 5656 demnans
2162 5602 2279 5648 tuto
2342 5607 2501 5647 curre
2554 5606 2621 5643 ne
2665 5589 2803 5642 forte
2859 5589 2940 5640 vel
2992 5586 3282 5639 desideriis
3332 5584 3422 5635 in-

1842 5694 2207 5763 sipientibus,
2280 5689 2355 5742 vel
2413 5689 2709 5756 impetibus
2769 5682 3272 5743 irrationabilinns,
3334 5675 3421 5729 \el

1842 5789 2090 5847 consiliis
2137 5787 2390 5856 superbis
2447 5780 2910 5852 pnesumptionis,
2949 5778 3148 5832 mentis
3179 5777 3287 5830 alis
3336 5770 3427 5824 iu-
