4020 6302
201 381 314 438 7T5

185 499 294 562 τῆς
324 495 494 552 αὑτοῦ
533 496 771 567 κρίσεως
802 495 1038 566 ἡμέραν.
1085 495 1271 549 Ταῦτα
1299 495 1479 548 πάντα
1502 535 1518 557 ,
1553 494 1718 566 φησὶν
1756 495 1785 547 ὁ

186 587 340 659 ἱερὸς
387 588 545 656 λόγος
566 627 580 650 ,
633 589 695 640 οὐ
745 580 860 650 τοῖς
913 587 1046 656 μὲν,
1079 588 1193 650 τοῖς
1229 586 1275 639 δ’
1307 583 1401 649 οὓ,
1439 585 1577 638 ἀλλά
1617 584 1784 639 πᾶσιν

181 677 395 748 ἄριστα
450 677 546 730 καὶ
595 674 871 746 λυσιτελῆ,
926 676 1018 728 καὶ
1075 673 1279 752 ὁμοίαις
1315 676 1494 750 ,πᾶσιν
1551 672 1784 744 ἁρμόδια

181 768 410 836 πέφυκε
442 769 811 839 Χριπιανοῖς.
851 767 912 822 El
941 765 986 818 δ’
1009 767 1186 836 ἀκρην
1216 765 1418 827 τελέως
1449 764 1549 828 τοις
1574 763 1781 835 τρίϐον,

179 857 340 912 τοῦτ’
390 858 572 920 ἔστιν’,
623 859 673 910 εί
720 857 779 910 δὲ
818 857 919 926 τὴν
965 857 1275 926 ἀκροτάτην
1308 855 1404 909 καὶ
1435 853 1783 924 τελειοτάτην

180 948 335 1001 κατά
382 947 616 1017 Θεωρίαν
660 947 806 1016 φημὶ
846 947 940 1000 καὶ
983 946 1183 1016 πρᾶξιν
1225 947 1319 1000 τοῦ
1383 945 1621 1017 Χριστοῦ
1664 944 1784 998 eam

173 1036 474 1109 διασιῴης,
514 1037 700 1091 οὐκέτι
730 1037 985 1108 καθάπερ
1017 1032 1099 1102 εἷς
1127 1037 1240 1090 τῶν
1272 1036 1501 1108 βροτῶν,
1532 1035 1670 1090 ἀλλά
1696 1053 1780 1099 τις

176 1129 442 1202 οὐράνιος
468 1128 535 1182 ἂν
562 1129 680 1200 εἴης
710 1114 1013 1201 ἄνθρωπος.
1037 1131 1150 1193 τοῖς
1182 1128 1223 1181 Γ
1226 1127 1487 1200 ρηγορίου
1518 1144 1780 1198 κατηρτι-

178 1219 388 1290 σμένος
403 1219 609 1289 νόμοις.

543 1309 706 1374 Ὅροι
726 1308 874 1374 ,βίου
905 1309 1028 1380 (72).

177 1394 206 1448 1
257 1395 498 1462 Ὦμοσα
526 1395 847 1465 τὸνλόγον
871 1399 1080 1462 αὐτόν,
1118 1416 1175 1453 κ.
1210 1416 1261 1454 τ.
1288 1399 1341 1454 λ.

260 1483 486 1553 Ἐπειδὴ
547 1483 609 1536 οὐ
657 1483 832 1552 ψιλοῖς
886 1487 981 1539 καὶ
1014 1487 1289 1558 ἀκάρποις
1334 1485 1511 1555 λόγοις
1557 1484 1780 1556 διδαχῆς

167 1571 203 1637 ὁ
234 1574 612 1643 πνευματικὸς
654 1574 911 1644 νόμος-ὲν
966 1579 1080 1640 τοῖς
1131 1576 1357 1640 τελείοις
1403 1568 1775 1649 παραδίδοται,

169 1660 374 1732 ὥσπερ
423 1662 453 1714 ό
507 1663 714 1733 Ἰησοῦς
771 1665 935 1727 αὐτὸς
984 1667 1014 1718 ὀ
1057 1665 1152 1718 τοῦ
1202 1666 1509 1736 πνεύματος
1562 1666 1779 1719 τελειω-

167 1751 274 1821 τὴς
321 1752 418 1803 καὶ
465 1752 781 1820 νομοθέτης,
826 1753 1009 1824 ἔργοις
1063 1754 1278 1826 πρῶτον
1333 1757 1584 1825 ποιήσας,
1634 1754 1777 1808 οὕτω

168 1848 288 1907 τοῖς
350 1845 531 1912 λόγοις
585 1845 840 1910 ἐδίδαξεν,
890 1846 1034 1899 οὕτω
1083 1849 1180 1900 καὶ
1217 1849 1266 1901 οἱ
1325 1849 1534 1918 γνήσιοι
1583 1848 1775 1901 τούτου

164 1936 348 2006 δρῶσι
391 1935 659 2006 μαθηταὶ,
696 1935 842 1990 οὕτω
878 1939 970 1991 καὶ
1008 1940 1036 1991 ό
1083 1939 1654 2010 ίεροτελεστικώτατος
1685 1934 1776 1992 οὗ·

166 2044 264 2090 τος
300 2026 413 2079 τῶν
459 2026 619 2079 θείων
656 2028 865 2100 μύστης
903 2031 996 2083 καὶ
1032 2031 1411 2100 μυσταγωγὸς,
1454 2015 1776 2100 ὑπογράψας

165 2121 301 2183 τοὺς
338 2118 450 2171 τῶν
485 2120 770 2189 μακαρίων
819 2121 896 2184 ὡς
949 2122 1008 2174 ὲν
1049 2122 1363 2190 κεφαλαίοις
1410 2121 1576 2191 βίους,
1617 2122 1774 2174 ὕστε-

167 2230 267 2284 ρον
297 2213 358 2266 δὲ
397 2213 491 2265 τὸν
529 2212 863 2266 τελειότατον
912 2213 1222 2283 έπενεγκὼν
1264 2217 1429 2285 (φημὶ
1465 2216 1527 2286 δὴ
1575 2215 1635 2268 τὸ
1667 2215 1774 2268 πά-

163 2320 272 2366 σας
333 2303 434 2373 μὲν
477 2302 576 2372 τῆς
622 2303 818 2365 κακίας
871 2303 1023 2366 ὀδοὺς
1075 2306 1436 2374 ἀποστυγεῖν,
1477 2306 1614 2381 πρὸς
1669 2308 1771 2360 πάο

167 2385 271 2456 σας
311 2394 370 2447 δὲ
412 2395 620 2464 Κυρίου
659 2394 1056 2465 κατωρθῶσθαι
1099 2396 1200 2459 τὰς
1248 2396 1516 2464 ἐντολὰς),
1541 2397 1631 2450 τὸν
1671 2399 1772 2450 αι’)-

162 2485 262 2537 τοῦ
311 2475 429 2553 βίον
472 2483 657 2537 λοιπὸν
685 2485 810 2553 ὅρον
856 2486 945 2536 καὶ
984 2486 1148 2556 νόμον
1176 2487 1507 2556 παραδίδωσι
1529 2503 1550 2555 -_
1584 2487 1672 2539 val.
1707 2487 1770 2557 δὴ

163 2574 265 2626 καὶ
294 2574 399 2636 τὰς
446 2574 632 2644 εὐχὰς,
663 2571 730 2636 ἃς
765 2572 970 2643 ηὔξατο
1003 2575 1224 2643 Κυρίῳ,
1250 2576 1518 2644 σφραγῖδα
1545 2575 1644 2646 τῆς
1670 2577 1770 2628 αὐ-

164 2665 263 2717 τοῦ
293 2664 520 2734 διδαχῆς
547 2665 641 2718 καὶ
683 2664 780 2733 τῆς
829 2664 1189 2734 εὐαγγελικῑνς
1216 2663 1454 2733 βιώσεως
1480 2665 1770 2734 βεϐαίωσιν

166 2753 496 2824 προτίθησιν
553 2755 707 2823 ἡμῖν,
764 2753 1046 2822 μονονουχὶ
1100 2752 1275 2806 ταῦτα
1317 2756 1483 2806 πᾶσιν
1532 2749 1768 2825 ὲμδοῶν,

165 2846 249 2897 ὅτι
281 2847 550 2913 Mummi
594 2862 714 2913 μου
744 2845 1008 2912 γίνεσθε,
1052 2845 1240 2911 καθὼς
1282 2847 1443 2915 κάγὼ
1473 2848 1730 2914 Χριστοῦ
1751 2864 1764 2877 ·

164 2934 380 3004 ὤμοσα
441 2935 550 3007 γάρ
600 2937 702 2989 καὶ
767 2937 1002 3004 ἔστησα
1021 2975 1037 3000 ,
1093 2936 1233 2989 κατά
1291 2937 1384 2989 τὸν
1447 2938 1767 3006 ίεροψάλτην

163 3027 357 3091 Δαδὶδ,
392 3026 500 3080 τοῦ
544 3026 927 3096 φυλάξασθαι
975 3027 1047 3082 τὰ
1096 3029 1348 3095 κρίματα
1388 3027 1500 3094 τῆς
1541 3027 1765 3084 δικαιο-

165 3117 374 3184 σύνης
399 3116 505 3171 τοῦ
525 3119 817 3185 Χριστοῦ.
840 3117 1049 3188 Ὠμοσα
1087 3118 1177 3170 τὸν
1207 3119 1377 3185 Λόγον
1413 3117 1579 3170 αὑτοῦ
1613 3119 1766 3188 πρῶ-

166 3221 259 3262 τον
288 3208 818 3277 ἐπιμαρτυρόμενος,
849 3208 905 3269 ὃς
939 3224 1028 3276 μοι
1064 3208 1157 3259 καὶ
1184 3207 1316 3269 Θεός
1345 3207 1460 3259 ἐστι
1489 3208 1762 3276 μέγιστος,

167 3298 228 3363 ιε
254 3297 525 3349 ἀθανάτου
567 3298 780 3368 Πατρὸς
825 3297 920 3358 ὣν,
958 3297 1033 3359 ὼς
1062 3297 1120 3363 ἐξ
1156 3297 1329 3367 ἀρχῆς
1372 3299 1534 3367 ἁρχὴ.
1565 3298 1658 3349 καὶ
1685 3299 1766 3349 εί·-

168 3386 284 3439 κὼν
317 3385 736 3457 ἀπαράλλακτος
764 3386 859 3439 τοῦ
895 3387 1223 3457 ἀρχετύπου,
1252 3387 1311 3449 ὃς
1359 3389 1417 3440 ὲν
1450 3388 1538 3460 ἷσῃ
1572 3389 1664 3440 καὶ
1695 3392 1762 3458 τῇ

169 3477 309 3547 αὐτῇ
345 3477 503 3544 φύσει
532 3477 628 3529 τοῦ
649 3474 690 3526 Γ
693 3479 978 3547 εννήτορος
1004 3478 1285 3546 ὑπάρχων,
1310 3480 1388 3540 είς
1429 3477 1522 3529 τὸν
1547 3477 1653 3529 τῶν
1679 3479 1769 3531 ἀν-

164 3567 408 3638 θρώπων
456 3566 569 3636 βίον
603 3567 893 3636 οὐρανόθεν
933 3567 1175 3637 καθῆκεν
1223 3567 1509 3638 ἀτρέπτως
1550 3570 1759 3622 ἑαυτόν.

169 3659 377 3711 Τοῦτον
395 3657 610 3727 ὤμοσα,
629 3658 783 3727 φησὶ,
799 3657 891 3711 τὸν
903 3660 1093 3726 Λόγον,
1112 3656 1205 3711 καὶ
1225 3657 1301 3726 τῷ
1322 3658 1439 3727 ἐμῷ
1463 3656 1539 3726 νῷ
1560 3658 1765 3728 ἔστησα

168 3749 262 3805 τὸν
306 3750 472 3820 ὅρκον
511 3749 606 3801 τοῦ
665 3751 874 3820 μήποτε
919 3751 1129 3821 πονηρά
1170 3749 1444 3819 ὲννοήσειν
1480 3749 1619 3802 κατά
1669 3750 1760 3803 τοῦ

173 3840 330 3902 υεοῦ,
355 3839 497 3892 ὥστε
525 3840 559 3910 ἣ
586 3840 678 3892 τὸν
720 3840 892 3910 μέγαν
913 3841 1055 3895 Νοῦν
1076 3839 1168 3891 καὶ
1210 3840 1428 3910 Πατέρα
1459 3839 1654 3909 ῥίψειν,
1685 3840 1762 3894 εί-

169 3947 299 3982 τουν
325 3931 634 3999 ἀτιμάσειν,
659 3930 739 4000 τῷ
775 3929 847 4000 μὴ
877 3933 990 3982 ἴσον
1014 3930 1107 3982 καὶ
1129 3931 1307 4000 ἑαυτῷ
1331 3931 1612 3999 ὁμοούσιον
1640 3949 1764 3999 γεν-

171 4023 269 4092 νᾷν
301 4022 502 4089 λέγειν,
543 4023 576 4093 ἢ
627 4023 787 4075 αὐτὸν
839 4021 1101 4090 ἀθετῆσαι
1152 4021 1242 4073 τὸν
1286 4023 1455 4090 Λόγον
1498 4023 1763 4093 ἀλλοτρίῳ

171 4115 316 4184 λόγῳ
344 4113 726 4184 ἀλλοτριοῦντα
748 4112 936 4165 τοῦτον
970 4110 1064 4163 τοῦ
1093 4112 1325 4181 Πατρός.
1364 4112 1519 4164 Κατὰ
1549 4114 1762 4183 πρῶτον

168 4207 275 4275 μὲν
308 4202 403 4258 οὖν
429 4205 587 4274 λόγον
625 4204 815 4257 τοῦτον
844 4203 1034 4273 ὤμοσα
1063 4203 1154 4256 τὸν
1185 4204 1347 4274 ὅρκον
1385 4204 1515 4274 περὶ
1553 4206 1651 4274 τῆς
1703 4206 1763 4258 ὲν

171 4300 296 4367 ἐμοὶ
335 4298 592 4361 πίστεως,
629 4279 676 4348 ἐι
722 4296 821 4367 τὴν
863 4293 992 4364 μίαν
1040 4295 1135 4346 καὶ
1186 4293 1612 4365 ὓπερηνωμένην
1647 4293 1764 4348 θεό-

168 4405 310 4458 τητα
368 4389 466 4458 τῆς
516 4381 836 4456 ὑπερφὼτου
899 4385 1126 4454 Τριάδος
1175 4383 1516 4454 διακόψαιμι,
1567 4387 1763 4454 ῥοπαῖς

171 4481 383 4553 καιρῶν
433 4479 686 4549 πονηριῖιν
739 4480 830 4533 καὶ
872 4480 1148 4549 ἀρχόντων
1210 4478 1473 4547 ἑπόμενος
1531 4478 1762 4547 νεύμασι

170 4570 418 4626 ἀσεϐῶν·
446 4569 589 4622 κατὰ
623 4569 874 4639 δεύτερον
913 4568 970 4620 δὲ
1016 4568 1170 4636 λόγον
1202 4567 1386 4637 ὀμόσω
1416 4571 1543 4636 περὶ
1572 4567 1767 4640 φιλαρ-

172 4663 313 4732 χίας.
339 4663 388 4712 εἰ
421 4660 633 4733 μεγάλῃ
659 4658 895 4729 καθέδρᾳ
922 4662 1014 4712 καὶ
1033 4658 1128 4712 τοῦ
1152 4659 1340 4731 θρόνου
1363 4659 1463 4727 τῆς
1497 4657 1764 4727 βασιλίδος

172 4753 468 4825 προεδρείᾳ
496 4755 524 4806 ό
561 4753 691 4823 ἐμός
731 4769 860 4804 ποτε
908 4752 1032 4815 νοῦς
1073 4752 1547 4822 παροιστρήσειεν,
1577 4748 1762 4818 ἀλογί-

174 4863 314 4909 στως
341 4845 484 4915 ἐρῶν
505 4847 598 4898 καὶ
628 4844 1102 4916 πρωτοκαθεδρίας
1126 4843 1502 4914 ἀντεχόμενος,
1527 4841 1560 4913 ῆ
1589 4842 1763 4896 ἄλλων

173 4941 265 4992 ἐπὶ
287 4937 462 4991 ταῦτα
493 4935 829 5007 βιαζομένων
853 4935 1153 5006 ἀλλοτρίοις
1188 4935 1372 4997 πόθοις
1398 4934 1497 5004 τὴν
1528 4932 1762 5004 ἐμαυτοῦ

174 5033 331 5100 χεῖρα
361 5026 787 5098 συνελκυσθῆναι
826 5026 1129 5095 παραδοίην
1147 5042 1160 5054 ·
1189 5025 1271 5078 ἔτι
1300 5024 1357 5077 δὲ
1389 5025 1570 5094 τρίτον
1607 5023 1767 5093 ὠμω-

175 5122 358 5176 γόκειν
399 5118 530 5189 περὶ
569 5117 662 5170 τοῦ
709 5116 1026 5170 πεποιθέναι
1071 5117 1162 5168 ἐπ’
1194 5115 1531 5185 ἀνθρώπους,
1576 5115 1623 5166 εί
1666 5114 1766 5182 έμ-

179 5211 378 5282 προσθε
411 5210 504 5264 τοῦ
536 5209 668 5262 Θεοῦ
697 5210 789 5263 καὶ
814 5207 909 5262 τοῦ
949 5207 1184 5278 Χριστοῦ
1216 5207 1381 5260 αὐτοῦ
1413 5207 1510 5276 τῆς
1541 5205 1764 5275 βεδαίας

179 5303 384 5374 πέτρας
432 5302 528 5354 καὶ
572 5301 845 5370 ἀσφαλοῦς
888 5301 957 5354 τὰ
1007 5301 1282 5370 πείσματα
1320 5300 1414 5352 καὶ
1459 5299 1584 5362 τοὺς
1617 5299 1765 5365 λογι-

249 5533 364 5602 (72)
388 5530 544 5602 Apud
572 5529 786 5602 Billium
819 5546 989 5585 carm.
1024 5545 1160 5592 xvn,
1201 5528 1536 5602 inscriptum
1564 5525 1760 5602 Ὀρκοι

182 5602 214 5673 ἦ
239 5595 567 5673 ἐπαγγελίαι
591 5601 1284 5673 δι’ᾼδρκου,-Ῑηείιινωιίίιιηι
1299 5595 1557 5667 Gregorii,
1603 5595 1763 5673 p.132

183 5665 269 5726 ed.
299 5665 494 5725 (mm...
533 5687 587 5738 p.
614 5665 725 5723 949
753 5671 839 5724 ed.
876 5670 1171 5724 Leuvencl.
1200 5669 1309 5739 (ed.
1363 5665 1490 5721 nov.
1544 5682 1594 5735 p.
1626 5665 1758 5729 665,

187 5743 284 5796 sub
309 5741 698 5810 ιίιιιΙο-Ὀρκοι
741 5740 1088 5810 Γρηγορίου).
1127 5741 1182 5810 lu
1207 5747 1538 5810 argumento
1578 5745 1758 5788 autem

187 5813 326 5881 quod
368 5807 631 5880 praemisit
669 5807 1068 5866 commentario
1107 5809 1242 5863 dicit
1278 5807 1467 5863 Billius
1502 5808 1600 5860 hoc
1633 5820 1764 5857 car-.

1209 376 1276 431 ῐΝ
1311 374 1622 432 CARMINA
1649 373 1925 433 ARCANA

1987 374 2408 432 S.GREGORII.
3371 371 3478 426 ττι

1902 492 2001 548 sed
2042 492 2300 548 omnibus
2343 491 2548 561 optima
2590 500 2646 546 et
2678 491 2831 547 utilia
2877 500 2932 548 et
2974 493 3179 562 pariter
3214 495 3476 553 omnibus

1887 582 2081 638 idonea
2122 595 2347 640 manent
2379 583 2733 640 Christianis.
2786 584 2842 640 Si
2884 592 3068 638 tamen
3114 585 3473 643 eveellomem

1885 672 2124 742 perfecte
2174 676 2425 729 semitam
2472 682 2697 739 teneas,
2737 673 2793 728 id
2825 681 2947 737 est,
2997 675 3044 727 si
3093 689 3366 730 summam
3416 683 3474 728 et

1886 765 2343 836 perfectissimam
2368 807 2385 833 ,
2418 765 2721 821 secundum
2757 765 3000 819 divinam
3033 766 3470 829 meditationem,

1883 857 2033 922 dico,
2080 864 2135 912 et
2182 857 2396 928 praxim
2445 855 2650 911 Christi
2704 857 2850 910 viam
2907 846 3148 924 degeris,
3195 870 3472 926 nusquam

1883 947 2043 1017 quasi
2082 961 2226 1001 unus
2256 936 2604 1010 mortalium,
2633 944 2729 1001 sed
2759 945 3003 1001 cmlestis
3038 946 3262 1015 quidam
3306 945 3471 1002 homo

1887 1053 2064 1104 esses,
2091 1038 2305 1109 legibus
2347 1035 2594 1108 Gregorii
2626 1037 2945 1093 conformis.

2030 1307 2164 1362 νίιω
2196 1306 2428 1378 Regula.

1883 1398 1908 1453 Ι
1951 1397 2143 1453 Juravi
2186 1399 2408 1454 Verbum
2437 1402 2610 1469 ipsum
2633 1441 2649 1464 ,
2679 1410 2788 1458 etc.

1954 1489 2010 1544 Si
2066 1490 2285 1560 quidem
2338 1507 2447 1546 non
2508 1493 2712 1548 vilibus
2759 1501 2814 1548 et
2860 1494 3224 1552 infructuosis
3277 1497 3465 1553 verbis

1878 1580 2213 1645 documenti,
2244 1583 2548 1651 spiritualis
2584 1584 2668 1638 lex
2693 1586 2745 1637 in
2765 1584 3022 1654 perfectis
3053 1587 3463 1652 traditur,sicut

1877 1671 2038 1728 Jesus
2062 1672 2181 1741 ipse
2200 1673 2457 1742 spiritum
2477 1672 2772 1743 perficiens
2801 1676 3120 1745 legibusque
3138 1676 3466 1744 subjiciens,

1878 1776 2004 1815 cum
2039 1763 2218 1830 primo
2255 1762 2517 1832 operibus
2551 1762 2774 1818 fecisset
2801 1753 3089 1819 sic'verbis
3117 1764 3306 1838 docuit
3327 1805 3344 1832 ,
3380 1766 3464 1820 sic

1877 1859 1933 1907 et
1963 1854 2072 1906 veri
2115 1853 2286 1920 ipsius
2321 1853 2530 1908 faciunt
2574 1855 2867 1925 discipuli,
2907 1858 2988 1910 sic
3021 1864 3074 1910 et
3106 1851 3332 1913 sanctus
3371 1858 3465 1912 ille

1876 1942 2095 1998 arcanis
2128 1943 2374 2009 iuitians,
2421 1945 2479 1998 in
2526 1949 2785 2016 mysteria
2831 1947 3018 2000 divina
3069 1956 3366 2017 penetrans
3403 1956 3464 2004 et

1876 2033 2144 2110 inducens
2166 2075 2182 2098 ,
2217 2050 2343 2090 cum
2383 2034 2452 2090 de
2484 2034 2767 2096 beatorum
2804 2038 2912 2091 vita
2947 2039 3260 2107 scripsisset
3299 2040 3464 2109 quasi

1874 2140 1973 2195 per
2006 2127 2207 2195 capita,
2240 2127 2538 2182 novissime
2563 2127 3022 2196 perfectissimum
3047 2128 3368 2197 aggrediens
3388 2156 3464 2174 ε·-

1874 2216 1997 2270 dico
2041 2226 2191 2271 certe
2239 2233 2432 2273 omnes
2481 2219 2705 2273 malitia
2754 2219 2874 2274 vias
2925 2221 3184 2284 detestari
3217 2228 3272 2275 et
3299 2221 3461 2289 juxta

1873 2306 2059 2361 omnia
2108 2309 2368 2362 mandata
2421 2308 2584 2380 dirigi
2637 2339 2709 2349 —
2758 2308 3144 2379 perfectissimi
3191 2311 3461 2381 reliquam

1875 2403 2039 2455 vitam
2063 2441 2080 2464 ,
2115 2394 2359 2466 regulam
2391 2394 2445 2457 et
2475 2403 2647 2471 legem
2681 2402 2850 2455 tradit
2876 2443 2892 2466 ,
2922 2417 3052 2472 ergo
3082 2417 3273 2472 preces
3318 2418 3461 2472 quas

1873 2489 2106 2544 Domino
2147 2492 2418 2554 adhibuit,
2455 2493 2800 2560 signaculum
2835 2491 3149 2545 documenti
3202 2493 3375 2561 ipsius
3405 2501 3462 2547 et

1871 2580 2216 2652 Evangelica:
2245 2585 2370 2638 vitae
2403 2582 2876 2638 conﬁrmationem
2910 2585 3092 2653 prodit
3124 2586 3313 2648 nobis,
3345 2582 3463 2639 fere

1871 2673 1986 2727 hac
2015 2662 2264 2729 clamans
2292 2676 2587 2730 omnibus:
2618 2673 2924 2729 Imitatores
2961 2676 3063 2745 mei
3093 2684 3293 2738 estote,
3323 2675 3463 2730 sicut

1868 2773 1918 2815 et
1954 2780 2047 2838 ego
2095 2764 2297 2820 Christi
2329 2767 2371 2835 (Ι
2403 2764 2531 2822 Cor.
2563 2767 2759 2835 11,1);
2801 2781 2926 2820 nam
2957 2768 3145 2835 juravi
3182 2776 3232 2820 et
3268 2770 3459 2832 statui,

1869 2856 2171 2910 secundum
2216 2855 2567 2933 Psalmistam
2601 2857 2793 2918 David.
2818 2859 3084 2912 custodire
3107 2858 3314 2926 judicia
3338 2859 3462 2925 jus-

1871 2947 2001 2998 titia:
2052 2946 2237 3017 (Psal.
2282 2962 2484 3011 cxvm,
2524 2949 2666 3019 106)
2711 2949 2934 3004 Christi.
2990 2951 3177 3006 Juravi
3219 2949 3459 3005 Verbum

1870 3037 1992 3103 ejus
2021 3038 2252 3103 primum
2281 3039 2566 3094 obtestans
2594 3038 2815 3103 Filium,
2843 3044 2936 3109 qui
2965 3041 3100 3094 mihi
3129 3052 3183 3094 et
3212 3038 3353 3096 Deus
3373 3051 3460 3096 est

1869 3127 2143 3182 maximus
2167 3167 2182 3192 ,
2214 3144 2282 3182 ex
2321 3129 2615 3184 immortali
2657 3130 2852 3197 Patre,
2903 3134 3047 3186 sicut
3084 3148 3150 3186 ex
3187 3134 3460 3202 principio

1868 3218 2196 3286 principium
2232 3227 2287 3273 et
2337 3221 2518 3290 imago
2556 3223 2842 3278 verissima
2888 3210 3166 3294 archetypi
3181 3224 3289 3292 ,qui
3329 3239 3455 3278 cum

1868 3309 1939 3361 sit
1970 3309 2023 3361 in
2050 3309 2321 3365 eadem‘et
2345 3312 2540 3380 aequali
2571 3319 2766 3366 natura
2799 3319 2923 3368 cum
2953 3312 3147 3377 Patre,
3183 3312 3238 3366 i'n
3275 3316 3457 3367 homi-

1867 3414 1996 3451 num
2024 3400 2188 3453 vitam
2222 3401 2291 3456 de
2320 3403 2476 3456 caelis
2512 3404 2750 3473 seipsum
2784 3405 2990 3474 absque
3023 3404 3326 3463 mutatione
3363 3405 3460 3458 de-

1867 3489 2099 3544 scendit.
2134 3489 2543 3560 Supradictum,
2582 3493 2779 3563 inquit,
2816 3491 3054 3547 Verbum
3088 3494 3270 3562 juravi
3311 3502 3366 3548 et
3401 3496 3458 3549 in

1867 3596 1986 3635 mea
2038 3589 2222 3637 mente
2265 3584 2430 3637 statui
2480 3583 2852 3652 juramentum
2913 3577 3195 3654 nunquam
3239 3585 3306 3640 de
3345 3585 3458 3640 Deo

1866 3673 2012 3725 mala
2047 3674 2361 3742 cogitandi,
2397 3689 2533 3729 neve
2573 3690 2830 3745 magnum
2850 3675 3114 3743 Spiritum
3135 3685 3209 3749 let
3242 3676 3459 3732 Patrem

1865 3764 2143 3815 destruam
2168 3770 2222 3816 et
2263 3763 2587 3818 inhonorem
2612 3765 2669 3818 in
2695 3765 3100 3833 dicendo,quod
3132 3782 3241 3818 non
3269 3782 3455 3836 aequa-

1865 3853 1969 3907 lem
2001 3855 2104 3923 ipsi
2142 3865 2195 3908 ct
2227 3855 2611 3910 homoousium
2648 3855 3154 3910 consubstantialem
3184 3861 3454 3926 genui-rit,

1867 3947 2196 4014 neveipsum
2217 3946 2511 4017 despiciam
2539 3946 2777 4001 Verbum
2803 3948 2982 4001 alieno
3006 3948 3174 4002 verbo
3200 3950 3247 4002 si
3275 3951 3456 4019 ipsum

1867 4055 1896 4091 a
1913 4037 2073 4092 Patre
2088 4042 2456 4108 separaverim
2468 4039 2677 4105 .Quoad
2695 4041 2929 4108 primum
2943 4054 3074 4109 ergo
3089 4041 3457 4105 verbum,hoc

1861 4129 2250 4198 jusjurandum
2280 4131 2462 4199 juravi
2491 4130 2560 4184 de
2593 4130 2697 4184 ﬁde
2729 4144 2851 4200 qua
2877 4132 2930 4185 in
2964 4146 3050 4184 me
3079 4140 3184 4191 est,
3210 4132 3264 4185 ’si
3292 4147 3455 4185 unam

1865 4228 1918 4274 et
1953 4234 2166 4275 summe
2199 4220 2406 4273 unitam
2438 4219 2781 4273 divinitatem
2810 4221 3139 4274 clarissima:
3169 4219 3456 4274 Trinitatis

1865 4310 2231 4364 destruxerim
2263 4310 2692 4366 durissimarum
2722 4310 2780 4364 in
2817 4318 3096 4365 momento
3146 4318 3455 4379 temporum

1865 4407 1919 4454 et
1965 4399 2380 4456 dominantibus
2430 4401 2614 4470 impiis
2644 4439 2659 4464 ,
2711 4415 2988 4455 consensu
3041 4401 3450 4470 obtemperans.

1866 4487 2055 4555 Quoad
2087 4489 2389 4547 secundum
2427 4491 2652 4545 verbum
2673 4533 2688 4558 ,
2718 4489 2918 4560 jurabo
2952 4489 3018 4544 de
3048 4491 3368 4552 ambitione,
3407 4491 3456 4544 si

1866 4579 1932 4630 ad
1984 4593 2237 4648 magnam
2289 4580 2609 4635 cathedram
2668 4589 2721 4634 et
2770 4581 3238 4650 pmeminentiam
3269 4582 3453 4634 throni

1865 4669 2068 4739 regium
2110 4669 2254 4723 forte
2289 4685 2444 4724 mens
2479 4685 2600 4733 mea
2639 4671 2864 4726 irruerit
2901 4670 3308 4726 inconsiderate
3336 4686 3454 4724 am-

1866 4759 2023 4814 biens
2067 4769 2121 4814 et
2154 4760 2363 4830 primas
2408 4759 2569 4817 sedes
2616 4762 2883 4826 retinens,
2912 4768 3006 4814 aut
3049 4760 3173 4814 aliis
3224 4761 3292 4814 ad
3346 4763 3453 4816 ista

1866 4853 2013 4905 omni
2047 4867 2148 4920 ope
2180 4862 2344 4921 atque
2377 4867 2543 4921 opera
2569 4853 2909 4907 enitentibus
2942 4851 3139 4906 alienis
3163 4851 3454 4906 desideriis

1867 4956 2089 4994 manum
2118 4958 2292 4997 meam
2318 4943 2539 4996 extendi
2564 4943 2932 4997 aﬂ‘ectaverim
2957 4962 2972 5009 ;
3001 4942 3178 4997 adhuc
3208 4950 3262 4996 et
3293 4944 3456 4996 tertio

1863 5029 2177 5098 juraveram
2230 5032 2298 5086 de
2330 5033 2658 5088 conﬁdendo
2704 5035 2758 5087 in
2797 5034 3131 5095 hominibus,
3173 5033 3218 5087 si
3265 5048 3455 5088 coram

1864 5118 1979 5173 Deo
2007 5130 2061 5175 et
2088 5120 2313 5176 Christo
2342 5121 2495 5190 ejus,
2529 5130 2684 5192 petra
2718 5123 2872 5177 firma
2910 5132 2964 5177 et
2998 5131 3113 5176 tuta
3139 5163 3152 5187 ,
3195 5122 3452 5176 fiduciam

1865 5221 1919 5265 et
1942 5213 2174 5266 consilia
2205 5215 2390 5267 cordis
2415 5214 2647 5267 atterens
2675 5213 2952 5268 hominem
2982 5213 3263 5268 habuerim
3296 5215 3455 5267 auxi-

1865 5302 2113 5356 liatorem
2142 5312 2194 5357 et
2220 5303 2551 5371 adjutorem;
2580 5314 2768 5375 postea
2787 5305 2970 5374 juravi
3011 5305 3190 5359 adhuc
3210 5304 3278 5359 de
3300 5319 3456 5359 arro-

1867 5549 1988 5587 men
2037 5534 2090 5586 in
2132 5533 2272 5587 libro
2312 5531 2691 5600 manuscriplo
2739 5544 3050 5584 connexum
3106 5529 3277 5582 fuisse
3320 5542 3449 5581 cum

1867 5603 2243 5670 praecedente;
2276 5601 2420 5672 quod
2467 5603 2586 5669 ipse
2626 5609 2811 5654 tamen
2863 5616 2972 5653 non
3008 5600 3131 5672 sine
3159 5610 3458 5672 causam:

1865 5662 1985 5725 cusi
2036 5662 2246 5736 codicis
2295 5662 2685 5728 auctoritatem
2725 5680 2958 5727 secutus
2993 5662 3450 5739 distinguendum

1866 5745 2161 5811 putaverit.
