4020 6302
536 367 639 424 775
1862 357 2159 413 NICEI‘AS
2204 358 2410 413 DAVID
3685 359 3796 417 πο

530 481 736 555 gantia.
779 494 873 533 seu
905 477 1186 533 ferocitate
1215 476 1407 529 anima:
1442 476 1486 529 si
1523 473 1661 526 forte
1689 481 1826 526 bona
1866 472 2099 526 faciente

530 580 626 626 aut
654 572 869 625 dicente
904 569 1139 639 quodam
1174 569 1443 635 superbia:
1471 564 1766 618 ratiocinia.
1801 578 2100 631 praesump-

533 662 733 723 seritn,
777 659 860 714 vel
902 674 932 711 e
960 666 1151 711 contra
1194 657 1351 709 malis
1390 663 1443 709 ot
1496 654 1675 723 impiis
1712 669 2013 707 occurrens
2051 653 2098 706 si

529 751 782 820 ignavum
808 757 860 803 et
887 750 1174 803 remissum
1205 762 1289 800 me
1317 746 1640 815 prmbuerim
1666 761 1695 797 a
1726 744 1864 797 facie
1885 759 2096 805 eorum,

528 843 736 910 absque
766 841 1185 909 exprobratione
1215 837 1477 891 malitiam
1508 838 1714 892 sinens.
1750 836 1932 891 Juravi
1958 836 2099 889 etde

520 933 739 1001 jnstitia
785 940 948 999 atque
992 932 1290 984 remotione
1328 929 1575 983 delectus
1623 940 2013 996 personarum.
2050 926 2097 979 si

529 1027 669 1077 forte
703 1024 795 1091 jus
837 1024 1028 1076 dicens
1062 1021 1446 1075 declinaverim
1495 1036 1523 1073 a
1576 1020 1906 1073 rectitudine
1942 1018 2097 1086 juxta

525 1114 721 1182 legem,
754 1120 847 1165 aut
881 1111 1085 1180 aliquid
1119 1110 1538 1178 pra‘tergressus
1596 1108 1791 1161 fuerim
1824 1109 1891 1161 de
1924 1107 2095 1173 tequi-

521 1212 636 1256 tate
660 1202 961 1257 secundum
989 1201 1256 1268 justitiam
1280 1240 1293 1262 ,
1323 1209 1378 1253 et
1402 1200 1449 1253 si
1486 1199 1538 1252 in
1565 1213 1650 1252 me
1681 1199 1751 1252 ob
1782 1199 2094 1267 primatum,

523 1295 759 1347 veremla
802 1303 874 1345 sxt
902 1293 1191 1345 oculorum
1231 1289 1546 1344 extollentia
1592 1289 1645 1341 in
1688 1289 1899 1356 judicio
1935 1290 2095 1341 inno-

523 1384 698 1436 ceulis
732 1390 785 1434 et
818 1383 1088 1448 pauperis.
1122 1380 1273 1436 Unde
1314 1388 1369 1435 et
1412 1380 1550 1434 hanc
1581 1380 1823 1449 regulam
1860 1381 1913 1433 in
1944 1378 2098 1448 jura-

522 1473 722 1525 mentis
756 1470 959 1539 przebui
992 1471 1058 1523 de
1095 1472 1211 1525 zelo
1241 1452 1343 1524 nec
1376 1469 1637 1522 laudabili
1669 1484 1769 1522 nec
1801 1478 2017 1532 sancto,
2049 1468 2097 1524 si

523 1560 695 1613 malos
751 1559 1037 1623 homines,
1097 1560 1428 1614 inhumanos
1485 1567 1539 1613 et
1614 1560 1933 1629 pestilentes
2003 1561 2097 1629 qui

520 1650 728 1718 scopuli
779 1658 907 1703 sunt
948 1658 1111 1717 atque
1153 1651 1421 1720 pernicies
1448 1652 1735 1713 bonorum,
1768 1667 1906 1721 quos
1934 1668 2096 1721 opere

518 1746 577 1794 et
632 1741 875 1795 consiliis
929 1740 1189 1793 inducere
1245 1749 1298 1794 et
1358 1756 1553 1809 rapere
1607 1748 1823 1794 tentant
1878 1742 1934 1795 in
1992 1743 2095 1796 im-

524 1832 744 1899 pietatis
770 1831 1091 1885 barathrum
1123 1831 1175 1884 in
1203 1847 1314 1901 quo
1337 1831 1950 1903 ipsi-laatantur.8icrgo
1974 1835 2096 1887 tali-

524 1920 628 1973 bus
661 1919 974 1986 tranquillis
1016 1928 1069 1973 et
1102 1922 1379 1987 prosperis
1420 1922 1491 1974 ob
1537 1934 1676 1973 vana
1722 1920 2009 1992 inviderim
2043 1932 2098 1977 et

522 2024 711 2077 pacem
746 2016 1096 2078 peccatorum
1121 2010 1312 2062 videns
1349 2010 1461 2062 fere
1483 2010 1680 2063 similia
1712 2009 1881 2063 David
1908 2010 2097 2065 dolueo

521 2101 648 2165 rim,
672 2102 745 2152 ita
794 2108 851 2153 ut
894 2100 1174 2153 solvantur
1195 2100 1565 2169 .compagines
1607 2100 1838 2169 spiritus
1917 2103 1969 2154 in
2008 2116 2097 2155 me

518 2204 662 2256 aegre
697 2191 889 2245 l‘erenti
931 2198 985 2243 et
1015 2205 1044 2243 a
1089 2191 1277 2244 dextra
1308 2191 1394 2243 via
1439 2192 1747 2261 assurgenti
1772 2200 1826 2247 et
1854 2194 2077 2263 agitato.

514 2281 719 2334 Deinde
757 2288 815 2335 et
846 2281 979 2335 illud
1022 2281 1185 2349 juro,
1224 2282 1269 2334 si
1302 2281 1505 2334 invidia
1537 2284 1804 2337 tabuerim
1833 2296 1926 2338 aut
1957 2285 2095 2339 forte

520 2370 756 2422 tabuerit
801 2382 958 2422 mens
988 2368 1055 2421 de
1096 2368 1261 2421 vicini
1302 2369 1667 2438 prosperitate
1698 2371 1890 2425 dolens
1922 2380 2011 2424 aut
2046 2373 2093 2426 si

522 2460 752 2526 proximi
782 2473 969 2513 casum
1005 2457 1245 2519 riserim,
1281 2460 1441 2528 quasi
1473 2461 1589 2530 ipse
1616 2476 1793 2516 essem
1821 2461 1956 2530 pede
1981 2470 2095 2517 sta-

520 2549 645 2601 bilis
672 2556 726 2602 ct
754 2549 898 2602 bono
924 2548 1260 2618 praecellens,
1283 2550 1446 2604 etiam
1475 2550 1597 2606 aliis
1618 2566 1726 2604 non
1757 2552 1964 2607 sanctis
1992 2566 2093 2606 nec

512 2638 662 2704 juste
698 2638 1010 2707 agentibus.
1062 2638 1186 2693 Haec
1235 2647 1419 2693 autem
1472 2639 1605 2691 mihi
1654 2640 1983 2708 jnramentis
2040 2652 2096 2697 et

515 2728 720 2795 regulis
748 2728 1146 2797 preponantur,
1176 2728 1221 2781 si
1246 2728 1394 2782 intus
1418 2728 1499 2781 ira
1532 2728 1758 2783 ferventi
1783 2738 1838 2783 et
1861 2730 2091 2785 tumenti

521 2831 677 2869 mens
702 2817 972 2869 obcmcata
991 2826 1045 2870 et
1073 2832 1235 2883 supra
1262 2832 1485 2870 sensum
1508 2824 1748 2871 aestuans
1778 2820 2095 2876 indecenter

500 2910 653 2961 elata
699 2908 806 2972 sit;
853 2908 898 2961 si
945 2915 998 2961 et
1050 2908 1233 2977 lingua
1279 2907 1373 2961 ira:
1414 2908 1627 2961 insania
1683 2918 1834 2980 rapta
1886 2911 2095 2979 absque

515 2996 672 3049 freno
700 3003 756 3049 et
791 2996 953 3050 modo
1000 2999 1144 3066 quod
1188 2998 1344 3052 nefas
1390 3004 1475 3051 est
1522 2998 2091 3068 scurrilitatesproiu-

515 3087 679 3149 terit;
714 3088 759 3141 si
802 3097 855 3142 et
894 3103 992 3141 cor
1038 3096 1249 3143 secreta
1280 3103 1378 3142 sua
1416 3089 1483 3143 de
1532 3089 1806 3143 illecebris
1841 3090 2094 3144 dissolu-

514 3179 715 3232 tionem
749 3178 1121 3232 redolentibus
1156 3194 1266 3231 non
1306 3180 1585 3249 castigans
1633 3178 1905 3234 desideria
1928 3221 1943 3243 ,
1994 3198 2093 3252 pro

515 3282 808 3339 corporum
824 3269 1019 3327 decore
1040 3273 1238 3322 arserit
1260 3277 1314 3322 et
1335 3268 1727 3322 inflammatum
1754 3268 1938 3332 fuerit,
1967 3286 2093 3325 ocu-

515 3355 625 3412 lum
669 3360 928 3413 lascivum
975 3370 1028 3413 et
1069 3358 1398 3428 impudicum
1435 3367 1489 3413 et
1517 3361 1688 3431 stupri
1731 3363 1989 3432 cupidum
2036 3364 2089 3417 in

513 3449 643 3500 talia
660 3447 844 3501 furtim
885 3457 939 3502 et
966 3449 1286 3517 voluptuose
1315 3450 1589 3522 defigens;
1617 3452 1664 3506 si
1695 3468 1855 3521 quem
1883 3453 2089 3507 oderim

514 3538 716 3591 frustra
754 3546 809 3593 et
840 3541 1148 3594 detestatus
1178 3541 1303 3605 sim,
1326 3557 1425 3595 nec
1452 3543 1605 3611 juxta
1635 3543 1916 3597 Dominica
1950 3559 2091 3612 prae-

505 3617 671 3696 cepta
712 3629 1006 3697 divinaque
1036 3628 1291 3683 mandata
1324 3633 1479 3700 quasi
1512 3641 1659 3686 esset
1690 3634 1830 3686 inter
1859 3632 1951 3687 Dei
1985 3634 2091 3687 ini-

512 3720 687 3773 micos
717 3728 771 3773 et
796 3718 864 3773 ad
890 3729 1118 3773 mortem
1148 3720 1432 3775 evidenter
1460 3730 1771 3791 peccantes;
1802 3724 1849 3777 si
1879 3723 2089 3779 hostem

514 3826 695 3862 meum
726 3810 1028 3875 puniverim
1056 3808 1241 3864 furtim
1271 3818 1324 3864 et
1347 3811 1536 3866 dolose
1565 3821 1656 3865 aut
1678 3814 1877 3881 palam.
1898 3796 2091 3869 'Adhuc

506 3900 775 3968 expositis
793 3901 1049 3955 omnibus
1063 3900 1390 3969 jnramentis
1404 3910 1458 3955 et
1476 3902 1679 3971 regulis
1698 3885 1896 3972 quibus
1909 3903 2088 3971 juravi

509 3997 566 4043 et
611 3990 778 4043 statui
822 3992 1135 4060 evangelice
1162 4001 1216 4045 et
1245 3990 1409 4061 digne
1434 3992 1657 4046 Christo
1687 4008 1852 4062 super
1888 4004 2087 4047 terram

508 4096 598 4134 me
620 4082 912 4147 victurum;
948 4083 993 4136 si
1026 4098 1256 4137 vacuam
1289 4099 1318 4137 a
1347 4085 1511 4139 domo
1539 4100 1657 4138 mea
1681 4087 1834 4155 egeni
1867 4102 2087 4141 manum

510 4169 815 4224 dimiserim
847 4179 901 4225 et
931 4174 1207 4241 pauperis,
1231 4175 1345 4229 sive
1359 4175 1705 4245 eleemosyna
1735 4186 1789 4231 et
1818 4178 2088 4246 corporali

510 4262 805 4331 indigentis
864 4263 1151 4326 subsidio,
1221 4281 1323 4319 nec
1385 4267 1765 4320 convenientia
1822 4276 2085 4337 quantum

512 4353 742 4406 facultas
773 4354 903 4405 mihi
938 4362 1022 4408 est
1049 4353 1357 4419 tribuerim,
1392 4356 1506 4410 sive
1530 4356 1781 4411 caelestes
1809 4358 2005 4411 sitierit
2034 4367 2087 4411 et

509 4446 784 4499 salutares
842 4459 1144 4511 sermones,
1205 4461 1306 4500 nec
1363 4447 1575 4502 avidam
1631 4449 1867 4502 animam
1925 4460 2086 4517 prout

506 4537 716 4607 justum
738 4547 821 4592 est
843 4537 1057 4590 abunde
1078 4538 1375 4592 infundens
1400 4540 1753 4607 expleverim,
1779 4538 1869 4593 alii
1896 4540 2083 4595 Chris-

509 4637 603 4683 tus
631 4636 685 4681 et
724 4643 830 4682 non
870 4627 1003 4681 mihi
1035 4629 1212 4683 bonus
1240 4629 1318 4683 'sit
1350 4639 1404 4683 et
1452 4630 1745 4699 propitius,
1784 4631 1839 4684 in
1880 4646 1939 4685 se
1973 4638 2084 4686 tre—

512 4718 770 4772 mendum
803 4718 1001 4771 divinis
1023 4719 1372 4791 sermonibus
1398 4720 1588 4787 plenus
1614 4720 1933 4788 pronuntiat
1951 4719 2085 4776 Gre-

509 4808 702 4875 gorius
735 4807 1064 4873 imprecatus,
1088 4806 1224 4861 adeo
1256 4813 1315 4859 ut
1342 4806 1388 4859 si
1422 4807 1489 4860 de
1514 4806 1600 4860 his
1622 4822 1743 4875 quae
1763 4807 2084 4877 depreczntus

512 4909 634 4948 sum
678 4892 960 4962 hucusque
988 4896 1188 4962 juratis
1215 4896 1438 4964 regulis,
1472 4896 1517 4949 si
1557 4896 1708 4964 quid,
1749 4898 1843 4963 ait,
1885 4898 2081 4951 borum

512 4986 935 5055 contempserim
965 4993 1378 5054 transgressus,
1436 4985 1574 5040 alios
1629 4987 1845 5055 quidem
1892 4986 2079 5057 diligat

511 5073 765 5129 Christus
808 5081 1065 5143 tanquam
1117 5074 1204 5129 sui
1250 5073 1586 5138 imitatores,
1632 5082 1811 5131 rectos
1860 5086 1915 5131 et
1958 5092 2083 5131 vere

514 5161 719 5227 bonos,
756 5161 860 5215 mei
904 5157 1082 5215 autem
1120 5176 1312 5217 omnes
1352 5178 1524 5233 usque
1556 5164 1624 5219 ad
1658 5163 1763 5219 hoc
1796 5168 2088 5223 senectutis

518 5252 733 5305 labores
767 5261 819 5306 et
849 5251 1193 5321 fatigationes
1226 5254 1400 5309 ventis
1436 5254 1572 5324 rapti
1608 5255 1923 5311 aboleantur
1947 5266 2000 5312 et
2029 5257 2082 5311 in

515 5343 809 5397 oblivionis
850 5342 1083 5417 abyssos
1118 5345 1523 5415 demergantur.
1566 5346 1663 5402 llis
1696 5348 2081 5417 pronuntiatis,

512 5434 664 5488 brevi
697 5432 908 5500 epilogo
937 5416 1247 5498 jnramenta
1281 5432 1573 5496 conclusit,
1606 5431 1693 5486 his
1726 5433 1958 5503 legibus,
1993 5416 2081 5488 di?

511 5538 667 5585 cens,
706 5540 725 5571 ι
777 5519 1004 5573 Deﬁnivi
1038 5520 1204 5574 vitam
1251 5534 1451 5574 meam.
1494 5518 1561 5572 Et
1609 5522 1656 5575 si
1703 5520 1960 5577 desiderii
2012 5523 2078 5577 ad

512 5616 671 5667 linem
703 5610 1040 5680 pervenerim
1062 5649 1075 5673 ,
1109 5610 1453 5675 immortalis,
1492 5612 1585 5665 tibi
1617 5613 1869 5681 gratiam.
1911 5632 1930 5664 ι
1968 5613 2079 5685 Ego

510 5703 758 5769 quidem,
816 5700 1021 5769 inquit,
1076 5701 1159 5756 his
1217 5703 1449 5771 spiritus
1501 5704 1711 5779 legibus
1758 5714 1811 5760 et
1872 5708 2078 5779 regulis

2213 475 2379 542 σμοὺς
2427 474 2519 540 τῆς
2571 473 2795 542 καρδίας
2835 472 3197 541 ἀναψάμενος,
3242 470 3527 543 ἄνθρωπον
3578 472 3795 547 τιθείην

2211 560 2494 630 ἐπίκουρον
2528 579 2618 630 μοι
2650 562 2741 614 καὶ
2772 560 2984 630 βοηθόν.
3019 560 3158 629 Πρὸς
3199 560 3405 621 τούτοις
3455 562 3646 629 ὤμοσα
3684 564 3793 615 πά-

2207 651 2289 702 λιν
2339 652 2466 719 περὶ
2511 652 2806 720 ὑπεροψίας
2838 651 2871 719 ἦ
2926 651 3277 720 στερρότητος
3312 650 3513 719 ψυχῆς,
3555 653 3608 705 εἴ
3662 650 3792 705 ποτέ

2205 758 2349 805 τινος
2395 741 2575 808 ἀγαθὰ
2611 741 2842 814 δρῶντος
2886 743 2920 811 ἢ
2971 741 3254 804 λαλοῦντος
3305 745 3362 795 ἐν
3412 743 3793 812 ὑπερηφανίας

2208 832 2599 903 ὺπερφρονοίην
2623 831 2885 901 λογισμῷ,
2916 832 2948 901 ἦ
2981 832 3247 885 ἀνάπαλιν
3286 836 3475 896 κακοῖς
3518 835 3615 887 καὶ
3660 836 3795 888 ἀσε-

2206 921 2327 987 ὅέσι
2361 920 2686 990 περιτυχὼν,
2721 923 2769 973 εί
2802 920 3003 990 ἀδρανῆ
3049 921 3142 974 καὶ
3187 922 3647 992 ὑποστελλόμενον
3687 927 3793 993 ἐμ-

2210 1010 2365 1063 αύτὸν
2394 1010 2733 1081 ἐνδειξαίμην
2766 1012 2829 1062 ἐκ
2857 1009 3146 1080 προσώπου
3179 1010 3380 1070 αὐτῶν,
3406 1012 3794 1078 ἀνεξέλεγκτον

2206 1102 2303 1169 τὴν
2328 1101 2523 1153 κακίαν
2546 1100 2743 1168 ἀφιείς.
2782 1100 2992 1170 Ὠμοσα
3033 1100 3125 1153 καὶ
3163 1101 3292 1171 περὶ
3319 1101 3666 1173 δικαιοσύνης
3694 1102 3794 1156 καὶ

2205 1191 2721 1261 ἁπροσωποληψίας,
2766 1192 2812 1243 εἰ
2859 1191 3011 1261 δίκην
3058 1190 3186 1243 ποτέ
3230 1189 3465 1252 δικάζων
3514 1192 3795 1263 παρατρέ-

2202 1280 2367 1350 ψαιμι
2398 1282 2495 1350 τῆς
2539 1282 2679 1334 κατὰ
2706 1282 2868 1351 νόμον
2896 1280 3207 1350 εὐθύτητος,
3241 1281 3273 1351 ἦ
3302 1298 3352 1332 τι
3386 1282 3795 1352 παρακλίναιμι

2202 1371 2471 1440 τῆςκατὰ
2502 1372 2562 1425 τὸ
2604 1372 2807 1423 δίκαιον
2848 1372 3105 1442 ἰσότητος.
3148 1373 3197 1423 εί
3232 1372 3296 1423 δέ
3333 1389 3421 1441 μοι
3473 1372 3566 1424 καὶ
3615 1371 3797 1443 ὀῴρὺς

2204 1460 2497 1532 ἀρχοντικὴ
2527 1460 2778 1531 τιμηθείη
2802 1462 2859 1513 ἐν
2894 1461 3069 1530 κρίσει
3090 1462 3229 1528 ὑπὲρ
3252 1462 3395 1513 ὅσιον
3426 1464 3519 1514 καὶ
3551 1463 3790 1532 πτωχόν.

2208 1551 2440 1602 Ἔπειτα
2484 1550 2578 1602 καὶ⁷
2624 1550 2814 1602 τοῦτον
2840 1550 2930 1601 τὸν
2959 1550 3084 1621 ὅρον
3109 1554 3220 1612 τοῖς
3242 1552 3435 1621 ,ὅρκοις
3462 1550 3794 1621 προσετίθην

2204 1640 2337 1710 περὶ
2381 1641 2544 1711 ζήλου
2599 1641 2696 1695 οὐκ
2733 1642 3015 1695 ἐπαινετοῦ
3052 1643 3160 1694 οὐδ’
3201 1640 3452 1710 εὐαγοῦς,
3488 1643 3537 1694 εἰ
3584 1644 3794 1707 κακοὺς

2202 1732 2421 1803 ἄνδρας,
2470 1734 2699 1805 ἀπηνεῖς
2752 1751 2811 1786 τε
2861 1733 2956 1787 καὶ
3003 1734 3243 1803 λοιμοὺς,
3287 1733 3336 1786 οἳ
3381 1734 3637 1787 σκόπελοι
3695 1737 3794 1788 καὶ

2203 1826 2435 1896 κρημνοί
2472 1828 2578 1879 εἰσι
2601 1825 2711 1879 τῶν
2741 1826 2982 1896 ἀγααῶν.
3008 1822 3090 1890 οἷς
3121 1844 3180 1880 τε
3211 1826 3376 1897 δρῶσι
3405 1828 3497 1880 καὶ
3529 1821 3611 1890 οἷς
3643 1844 3791 1896 συμ-

2205 1917 2547 1971 ϐουλεύουσιν
2584 1920 2665 1981 εἰς
2703 1918 2794 1971 τὸν
2832 1919 3015 1987 ὅμοιον
3055 1918 3267 1981 ἑαυτοῖς
3306 1918 3406 1988 τῆς
3445 1918 3676 1988 ἀνομίας
3709 1918 3794 1986 βό·

2204 2011 2330 2080 θρον
2364 2008 2762 2073 συνελκύοντες.
2796 2008 2859 2064 Εἰ
2900 2005 2995 2061 οὖν
3022 2010 3148 2071 τοὺς
3179 2008 3451 2071 τοιούτους
3486 2009 3794 2079 γαληνιῶν-

2200 2116 2300 2162 τας
2340 2099 2478 2151 κατὰ
2505 2098 2573 2151 τὰ
2607 2099 2811 2168 μάταια
2852 2098 3121 2169 ἐζήλωσα,
3162 2100 3256 2152 καὶ
3287 2100 3510 2169 εἰρήνην
3534 2100 3797 2171 ἁμαρτωο

2200 2190 2307 2243 λῶν
2338 2191 2559 2261 θεωρῶν
2595 2190 2796 2243 ἔπαθον
2832 2191 2961 2265 παρ’
2987 2191 3166 2258 ὀλίγον
3197 2190 3258 2242 τὸ
3299 2188 3394 2243 τοῦ
3437 2191 3621 2256 Δασὶδ,
3654 2189 3795 2245 ὥστ’

2200 2282 2495 2352 ἐκχυθῆναί
2532 2298 2621 2351 μοι
2648 2280 2715 2334 τὰ
2747 2280 2838 2333 τοῦ
2862 2280 2979 2344 νοὸς
3019 2280 3329 2351 διαδήματα
3365 2282 3798 2359 παροξυνομένῳ

2202 2375 2297 2427 καὶ
2348 2376 2445 2443 τῆς
2494 2372 2675 2437 δεξιᾶς
2728 2370 2846 2425 ὀδοῦ
2890 2372 3229 2442 ἐξισταμένῳ
3273 2372 3369 2425 καὶ
3419 2372 3796 2443 σαλευομένῳ.

2205 2464 2433 2515 Ἔπειτα
2473 2463 2677 2532 ὄμνυμι
2717 2461 2811 2514 καὶ
2854 2460 3031 2523 τοῦτο,
3078 2463 3125 2513 εί
3161 2460 3353 2529 φθόνος
3380 2461 3595 2532 ἐξέτηξὲ
3631 2479 3725 2532 μοι
3758 2464 3796 2533 ἢ

2202 2550 2449 2622 ἐκτήξειέ
2476 2568 2606 2603 ποτε
2646 2551 2743 2622 τὴν
2776 2550 2964 2619 φρένα,
3002 2551 3094 2603 ἐπὶ
3123 2553 3236 2613 τοῖς
3270 2551 3655 2621 εὖτ-τραγήμασι
3692 2551 3800 2606 τοῦ

2202 2643 2437 2709 γείτονος
2464 2642 2832 2711 ἀνιωμένῳ,·ἦ
2862 2643 2908 2694 εἰ
2932 2640 3223 2711 γελάσαιμι
3244 2640 3339 2694 τοῦ
3367 2642 3533 2705 πέλας
3561 2642 3799 2713 πτῶμα,

2200 2732 2275 2795 ὼς
2305 2732 2467 2795 αὐτὸς
2516 2731 2655 2802 ἔχων
2709 2731 2958 2784 ἄπτωτον
3001 2731 3137 2784 πόδα
3182 2731 3271 2783 καὶ
3316 2731 3671 2803 ἐρηρισμένον
3713 2733 3803 2802 τῷ

2180 2819 2373 2890 καλῷ,
2396 2824 2491 2874 καὶ
2516 2820 2687 2873 ταῦτα
2721 2820 2818 2889 οὐχ
2853 2819 3013 2872 ὁσίων
3058 2818 3235 2871 αὐτῶν
3274 2820 3393 2872 οὺδέ
3431 2819 3649 2872 δικαίων
3682 2822 3801 2873 ὑπ-

2200 2911 2498 2980 αρχόντων.
2528 2910 2635 2963 Καὶ
2684 2907 2859 2961 ταῦτα
2899 2906 2961 2959 δέ
3008 2925 3097 2977 μοι
3138 2912 3249 2970 τοῖς
3294 2910 3477 2979 ὅρκοις
3508 2911 3600 2962 καὶ
3636 2911 3805 2980 ὅροις

2200 2996 2594 3068 προστιοέσθω,
2624 2998 2671 3048 εξ
2700 2996 2869 3067 Θυμὸν
2900 2997 3050 3061 ἔνδον
3070 2998 3387 3068 κυμαίνοντι
3418 3001 3510 3053 καὶ
3535 3000 3807 3072 πλημμυο

2205 3087 2382 3157 ροῦντι
2417 3089 2444 3139 ὁ
2474 3084 2599 3148 νοῦς
2621 3087 2978 3163 καταπνιγεὶς
3005 3088 3095 3139 ὑπ’
3127 3087 3291 3141 αὑτοῦ
3322 3090 3418 3142 καὶ
3454 3090 3808 3159 ἁτρονευσὰ-

2204 3192 2363 3244 μενος
2391 3175 2785 3244 ἀσχημονήσαι.
2828 3173 2892 3228 Εἰ
2934 3175 2990 3228 δὲ
3039 3178 3133 3230 καὶ
3228 3178 3448 3244 γλῶσσα
3475 3182 3540 3249 τῇ
3564 3178 3656 3231 τοῦ
3700 3179 3808 3234 Θυ-

2204 3264 2306 3334 μοῦ
2342 3264 2532 3335 ἀλογίᾳ
2574 3264 2845 3337 φερομένη
2885 3265 3152 3334 ἁχαλίνως
3194 3283 3250 3319 τε
3298 3268 3393 3321 καὶ
3428 3267 3721 3341 προπετὰ
3764 3271 3810 3326 ἃ

2204 3352 2279 3423 μὴ
2305 3352 2385 3405 δεῖ
2410 3353 2811 3423 ἀποφθέγξαιτο
2850 3353 3133 3425 λογύδρια·
3172 3357 3219 3408 εἰ
3253 3356 3311 3408 δὲ
3356 3357 3449 3409 καὶ
3489 3359 3520 3427 ἠ
3566 3358 3805 3427 καρδία,

2199 3445 2300 3514 τὴν
2333 3442 2563 3515 κρύφιον
2596 3445 2766 3513 αὐτῆς
2805 3445 2866 3497 οὐ
2908 3444 3183 3500 κολάσασα
3213 3446 3340 3516 περὶ
3385 3446 3485 3509 τὰς
3520 3446 3808 3516 λυομὲνας

2198 3534 2536 3604 ὡραιότητας
2565 3534 2876 3605 ἐπιθυμίαν,
2907 3536 3035 3603 περὶ
3062 3536 3131 3590 τὰ
3174 3535 3280 3588 τῶν
3311 3538 3575 3606 σωμάτων
3606 3538 3805 3613 κάλλη

2201 3629 2447 3679 πτοεῖται
2481 3627 2572 3679 καὶ⁹
2619 3627 2906 3697 πυροῦται,
2957 3627 3159 3698 μάχλον
3192 3629 3365 3698 ὄμμα,
3396 3630 3492 3682 καὶ
3531 3630 3803 3699 ἀσελγὲς,

2200 3719 2293 3769 καὶ
2323 3717 2577 3787 πορνικὸν
2605 3716 2813 3781 τούτοις
2863 3718 3147 3788 κρυφαίως
3191 3720 3285 3771 καὶ
3329 3720 3614 3790 ἡδυπαοῶς
3664 3722 3807 3776 ἐπι.

2202 3808 2549 3878 στηρίζουσα.
2581 3807 2646 3863 Εἰ
2682 3810 2739 3861 δὲ
2792 3810 2885 3863 καί
2936 3827 3057 3862 τινα
3113 3810 3287 3881 μάτην
3334 3811 3628 3882 ἐχθραίνων
3687 3818 3805 3873 καὶ

2198 3901 2316 3969 οὐχι,
2342 3898 2429 3952 διὰ
2469 3901 2896 3971 προστάγματος
2916 3902 3244 3954 Δεσποτικοῦ
3268 3902 3360 3955 καὶ
3386 3902 3541 3965 Θείας»
3560 3905 3803 3977 ἐντολῆς

2196 3986 2272 4049 ὡς
2303 3988 2393 4039 ἐπὶ
2424 3987 2533 4039 τῶν
2556 3988 2649 4041 τοῦ
2680 3988 2813 4041 Θεοῦ
2853 3990 3061 4060 ἐχθρῶν
3091 3990 3185 4044 καὶ
3230 3992 3366 4060 πρὸς
3394 3993 3617 4047 θάνατον
3643 4012 3801 4067 προ-

2198 4078 2382 4144 φανῶς
2410 4078 2855 4147 ἁμαρτανόντων·
2886 4081 2932 4132 εἰ
2962 4080 3016 4131 δὲ
3052 4080 3147 4132 καί¹
3176 4081 3367 4152 ἐχθρὸν
3395 4082 3525 4153 ἐμὸν
3543 4089 3799 4159 τιμωρή⁹

2200 4184 2351 4237 σαιμι
2382 4170 2565 4239 κρυφῆ
2603 4170 2694 4221 καὶ
2722 4169 2908 4232 δολίως
2938 4171 2970 4242 ἢ
3002 4172 3318 4239 ἀναφανδόν.
3359 4175 3479 4225 Ἔτι
3511 4174 3642 4247 πρὸς
3668 4182 3794 4245 τοῖς

2195 4259 2508 4329 εἰρημένοις
2538 4260 2743 4313 ἅπασιν
2785 4261 2965 4330 ὅρκοις
2998 4263 3090 4314 καὶ
3128 4263 3293 4333 ὅροις,
3334 4258 3413 4327 οἷς
3457 4263 3643 4334 ὤμοσα
3684 4271 3792 4323 καὶ

2197 4349 2398 4417 ἔστησα
2441 4350 2535 4403 τοῦ
2574 4351 2944 4420 εύαγγελικῶς
2988 4369 3047 4404 τε
3085 4353 3177 4404 καὶ
3221 4354 3646 4425 Χριστοπρεπῶς
3686 4360 3790 4412 ἐπὶ

2196 4439 2297 4509 γῆς
2340 4439 2600 4500 διαϐιοῦν.
2637 4444 2685 4493 εί
2728 4441 2890 4511 κενὴν
2922 4442 3022 4511 τῆς
3065 4444 3204 4514 ἐμῆς
3244 4445 3421 4507 οίκίας
3464 4448 3617 4516 χεῖρα
3657 4448 3787 4504 ἐπι.

2194 4534 2346 4598 δεοῦς
2376 4536 2757 4607 ἐποπέμψαιμι
2798 4538 2893 4590 καὶ
2930 4537 3177 4608 πένητος,
3208 4539 3241 4610 ἢ
3282 4539 3648 4610 ὲλεημοσύνης
3684 4546 3788 4599 καὶ

2196 4628 2512 4696 σωματικῆς
2550 4629 2855 4699 χρῄζουσαν
2905 4630 3240 4701 ἐπικουρίας,
3283 4634 3331 4683 εί
3376 4632 3451 4703 μὴ
3494 4634 3561 4687 τὰ
3603 4651 3784 4706 προσ-

2194 4717 2417 4786 ήκοντα,
2454 4720 2573 4771 καθ’
2599 4720 2627 4771 ὃ
2660 4720 2840 4789 ἰσχύος
2879 4721 3006 4791 ἔχω,
3048 4723 3436 4792 ἐπαρκέσαιμι.
3467 4724 3498 4792 ἧ
3524 4725 3784 4795 οὐρανίου

2192 4808 2350 4875 λόγου
2381 4809 2472 4861 καὶ
2503 4810 2876 4879 σωτηριώδους
2902 4812 3029 4884 δίψῃ
3051 4812 3378 4884 πιεζομένην
3404 4814 3601 4887 ψυχὴν,
3625 4819 3673 4867 εἰ
3702 4820 3785 4894 μὴ

2194 4900 2313 4952 καθ’
2364 4899 2394 4951 ὃ
2426 4899 2600 4968 ,θέμις
2639 4901 3189 4971 ἐπιδαψιλευσάμενος
3238 4904 3597 4974 ἐμπλήσαιμι.
3631 4909 3785 4979 ἄλλῳ

2193 4990 2425 5059 Χριστὸς
2452 4990 2653 5059 μᾶλλον
2680 4991 2812 5062 ἐμοῦ
2862 4994 3095 5063 εὐμενής
3141 5012 3199 5047 τε
3244 4997 3329 5064 εἴη
3378 4996 3467 5047 καὶ
3522 4996 3700 5060 ἵλεως,
3752 5001 3783 5052 ὀ

2192 5080 2645 5148 θεολογικὼτατος
2686 5082 2860 5152 ἐαυτῷ
2897 5084 3272 5154 ἐπαρώμενος,
3301 5085 3361 5137 τὸ
3405 5086 3782 5155 φρικωδέστα-

2188 5187 2281 5222 τον
2326 5171 2680 5239 ὰποφαίνεται
2734 5164 3046 5243 Γρηγόριος,
3086 5174 3184 5236 ὡς,
3228 5173 3282 5226 εἴ
3322 5192 3373 5227 τι
3414 5169 3488 5226 ὧν
3520 5175 3780 5247 ηὐξάμην

2192 5257 2303 5309 τῶν
2360 5258 2855 5331 προεκτεοειμένων
2906 5248 3141 5331 ἐνάρκων
3184 5263 3362 5333 ὅρων,
3413 5265 3466 5316 ετ
3517 5270 3774 5335 satana},

2189 5346 2393 5399 τούτων
2422 5348 2747 5419 ἀθετήσαιμι
2783 5351 3136 5421 παρανομῶν,
3163 5351 3340 5415 ἄλλοις
3379 5352 3478 5421 μὲν
3504 5354 3674 5419 ἀγαθύ
3694 5374 3775 5408 ιαι

2187 5440 2215 5489 ὁ
2246 5437 2476 5506 Χριστὸς
2504 5438 2579 5501 ὼς
2605 5440 3067 5511 Χριστομιμήτοις
3089 5437 3228 5503 οὖσι,
3278 5441 3372 5493 καὶ
3420 5444 3619 5504 εύῦέσι.
3671 5452 3773 5500 καὶ

2187 5526 2265 5595 τῷ
2302 5527 2414 5580 ὄντι
2443 5530 2696 5596 ἀγαθοῖς·
2730 5531 2863 5601 ἐμοῦ
2903 5533 2959 5584 δὲ
3002 5533 3093 5585 καὶ
3126 5535 3249 5596 τοὺς
3280 5535 3405 5605 ἄχρι
3450 5536 3550 5605 τῆς
3580 5538 3775 5600 πολιᾶς

2185 5617 2389 5689 ταύτης
2418 5619 2695 5688 καμάτους
2735 5623 2825 5674 καὶ
2849 5622 3043 5699 πόνους
3075 5620 3236 5695 αὖραι
3270 5625 3529 5680 λαϐοῦσαι
3572 5630 3774 5696 ἀφανί-

2188 5725 2357 5774 σαιεν,
2385 5712 2476 5764 καὶ
2516 5712 2686 5782 λήθης
2720 5715 3009 5781 παραδοῖεν
3042 5716 3241 5785 βυθοῖς.
3273 5716 3459 5773 Ταῦτα
3486 5721 3775 5791 ἀποφηνὰ-
