4020 6302
164 356 267 423 ῚΠ

167 494 346 545 μενος,
372 475 567 549 βραχεῖ
590 478 825 549 ἐπιλόγῳ
846 479 1149 533 συνέκλεισε
1172 481 1295 543 τοὺς
1313 481 1530 553 ὅρκους,
1555 478 1739 531 Τοῖσδε

164 566 365 637 νόμοις,
390 566 776 638 λέγωνμῖδησα
803 569 934 640 ἐμὸν
960 568 1073 639 βίον
1091 587 1107 599 ·
1130 572 1179 622 εἰ
1209 571 1266 623 δὲ
1300 570 1484 624 πόθοιο
1503 570 1560 633 ἐς
1588 568 1738 631 τέλος

161 655 403 727 ίκοίμην.
432 658 678 727 "Aeetae,
708 660 817 711 σεῖο
850 660 1028 730 χάρις.
1070 659 1212 729 Ἐγὼ
1255 661 1374 731 μὲν,
1410 660 1533 729 ἔφη,
1564 659 1739 712 τοῖσδε

157 743 255 797 τοῦ
293 746 611 816 Πνεύματος
654 750 769 811 τοῖς
814 748 1000 819 νόμοις
1036 751 1130 803 καὶ
1172 752 1320 820 ὅροις
1363 749 1453 803 τὸν
1500 747 1740 820 ἐμαυτοῦ

156 834 276 905 βίον
304 837 813 909 κατησφαλισάμην·
857 842 907 893 εί
947 840 1003 894 δὲ
1044 839 1138 895 τοῦ
1182 840 1345 895 πόθου
1378 839 1526 904 ἄξιόν
1558 856 1649 910 μοι
1680 838 1743 892 τὺ

1190 363 1254 419 IN
1293 362 1601 420 CARMINA
1646 358 1919 417 ABCANA
1962 359 2000 414 S
2062 358 2409 417 GBEGORII.

3316 352 3420 418 778

1848 477 2014 530 vitam
2060 491 2234 532 meam
2281 476 2566 544 conclusi;
2597 476 2643 533 si
2693 484 2872 531 autem
2919 476 3192 532 desiderio
3224 476 3421 547 dignus

1845 567 1975 621 mihi
2024 566 2147 624 linis
2182 568 2494 639 contigerit,
2524 568 2624 623 tibi
2660 568 2853 639 gloria,
2886 576 2941 623 et
2958 570 3163 640 gratia,
3201 577 3255 623 et
3278 569 3420 631 laus.

1844 656 2249 728 incorruptibili
2284 668 2339 713 et
2387 674 2557 730 super
2595 674 2758 716 omne
2818 661 2967 731 quod
3010 669 3096 715 est
3152 675 3206 715 et
3259 663 3424 716 unius

1846 746 2203 819 ejusdemque
2232 749 2554 806 substantia:
2590 748 2846 812 Trinitati
2868 791 2884 818 ,
2932 752 2987 807 in
3020 754 3220 809 saecula
3250 768 3424 809 saecu-

1848 838 2044 893 lorum.
2073 838 2267 895 Amen.
3016 836 3024 839 V

156 927 313 991 τέλος
353 926 613 994 ἀποϐαίη,
641 931 724 983 σοὶ
765 931 798 999 ἡ
826 929 951 995 δόξα
991 932 1085 985 xui
1122 931 1157 1001 ἠ
1188 930 1345 1003 χάρις
1390 930 1484 984 xui
1514 930 1547 999 ἠ
1581 928 1787 990 αίνεσις
1821 928 1888 997 τῇ
1919 926 2179 999 ἀφθάρτῳ
2219 930 2313 982 καὶ
2359 930 2668 1004 ὑπερουσίῳ
2702 933 2794 990 xui
2836 931 3104 1002 ὁμοουσίῳ
3127 931 3317 1001 Τριάδι
3344 932 3422 986 εἰς

155 1017 282 1081 τοὺς
312 1014 513 1081 αἰῶνας
536 1019 642 1074 τῶν
665 1020 893 1075 αίώνων.
930 1023 1119 1096 Ἀμήν.

166 1107 490 1183 Ἐξήγηςγις
538 1112 625 1183 εἰς
666 1110 785 1179 τὴν
809 1114 1219 1183 γνωμολογίαν
1256 1115 1365 1171 τοῦ
1398 1116 1589 1183 ἔπους
1634 1111 1741 1165 τοῦ

515 1181 844 1256 Γρηῃψίοῠ
886 1181 993 1237 τοῦ
1030 1181 1349 1256 Θεολότου,
1386 1181 1463 1256 ἧς
1494 1184 1533 1252 ἠ
1573 1184 1743 1251 ἀκρο-
1831 1227 1843 1238 .

223 1247 427 1315 στιχίς
457 1248 609 1316 αὕτη
637 1247 776 1322 (75)“

156 1337 398 1414 [θεῶμαι
434 1342 790 1414 Γρηγορίου,
809 1342 1083 1413 δίστιχος
1119 1347 1352 1414 abeam.

167 1407 422 1462 Ἐσθλὸν
460 1407 689 1478 ἄθυρμα
727 1412 883 1478 νέοις
916 1407 1013 1468 κάξ
1047 1407 1220 1485 icich
1243 1407 1467 1483 ἐξοδίη.

226 1501 352 1554 Ἔτι
407 1500 546 1572 πρὸς
591 1505 710 1567 ταῖς
757 1504 945 1569 άλλαις
997 1507 1154 1577 ήμῶν
1192 1506 1503 1578 ὲξηγήσεσι,
1562 1504 1629 1569 ἃς
1682 1507 1741 1559 έν

153 1587 263 1649 τοῖς
298 1586 557 1655 φθάσασι,
592 1588 682 1643 διά
717 1591 840 1662 τῆς-
862 1592 957 1646 τοῦ
999 1593 1249 1663 θεολόγου
1296 1594 1591 1664 πρεσϐείας
1646 1596 1743 1649 xui

152 1677 394 1747 χάριτος,
423 1679 532 1741 τοῖς
556 1679 1015 1753 ἀπορρητοτέροις
1054 1683 1222 1738 αὐτοῦ
1267 1685 1376 1739 τῶν
1425 1684 1573 1739 ἐπῶν
1618 1700 1751 1740 κατ-

150 1767 495 1839 ετεινάμεθα,
542 1770 639 1824 xui
691 1771 897 1845 ταύτην
943 1774 1072 1845 ἡμῖν
1126 1776 1186 1828 ὲν
1240 1778 1307 1846 τῇ
1361 1777 1589 1847 δυνάμει
1645 1774 1741 1829 τοῦ

152 1856 469 1928 Πνεύματος
518 1860 813 1933 ἑξηγητέον
868 1864 965 1935 τὴν
1009 1865 1401 1937 γνωμολογίαν.
1446 1866 1601 1920 Ἔστι
1643 1868 1741 1937 μὲν

146 1943 244 2001 οὖν
273 1948 492 2020 γνώμη,
528 1951 671 2004 κατά
696 1953 822 2016 τοὺς
848 1952 1134 2021 παλαιοὺς,
1160 1956 1316 2025 λόγος
1340 1956 1740 2028 κεφαλαιώδης.

150 2039 551 2110 προτρεπτικὸς
585 2041 617 2112 ἢ
654 2043 1075 2115 ἀποτρεπτικός.
1115 2046 1179 2100 Oi
1228 2045 1330 2115 μὲν
1356 2042 1449 2100 οὖν
1498 2047 1605 2101 τῶν
1649 2046 1743 2100 θύ-

150 2129 319 2199 ραθεν
353 2123 658 2202 φιλοσόφων
688 2126 783 2187 καὶ
808 2134 1053 2205 ρητόρων
1084 2135 1295 2208 ἄριστοι
1322 2138 1416 2191 xui
1440 2136 1743 2208 νομοθετῶν

149 2221 518 2291 νομιζόμενοι,
546 2221 647 2291 τῆς
676 2221 857 2277 αὐτῶν
891 2225 1081 2293 σοφίας
1114 2226 1209 2280 xui
1234 2227 1433 2299 ἀρετῆς
1466 2228 1744 2295 ἀναλόγως

148 2311 243 2364 καὶ
265 2310 749 2383 πώυρῤημονοῦσι,
769 2315 881 2386 (74)
908 2315 1044 2388 πρὸς
1069 2316 1196 2380 τοὺς
1224 2315 1456 2379 οἰκείους
1486 2319 1581 2370 xui
1601 2334 1741 2386 γνω-

150 2401 472 2471 μοδοτοῦσι·
502 2403 608 2456 τῶν
638 2403 760 2457 καθ’
792 2406 940 2475 ἡμᾶς
976 2406 1033 2460 δὲ
1080 2405 1344 2475 θεολόγων
1391 2406 1420 2459 ὁ
1453 2410 1743 2478 κράτιστος

142 2486 301 2557 οὗτος
345 2494 441 2546 xui
491 2493 1008 2565 ἱεροφαντικιὶηατος
1053 2497 1370 2569 Γρηγόριος,
1399 2501 1580 2553 πᾶσαν
1613 2500 1743 2554 ἀπο-

441 2583 542 2655 τὴν
578 2584 685 2638 ἀπὸ
717 2585 825 2637 τῶν
856 2586 961 2652 ἔξω
988 2587 1189 2656 σοφῶν,
1228 2589 1323 2642 xui
1355 2590 1616 2661 ποιητῶν,
1649 2591 1742 2645 xui

144 2673 416 2744 τεχνικῶν
470 2673 736 2743 ὠφέλειαν
776 2678 1236 2748 καρπωσάμενος,
1284 2679 1361 2751 τῷ
1396 2681 1529 2751 πρὸς
1562 2682 1739 2747 πάσας

146 2764 331 2817 αὐτῶν
352 2763 461 2827 τὰς
488 2764 682 2835 τέχνας
723 2766 815 2818 xui
850 2768 1156 2837 ἐπιστήμας
1196 2768 1606 2839 κατωρθῶσθαι,
1646 2771 1741 2824 xui

146 2853 258 2905 πᾶν
290 2852 354 2905 τὸ
390 2852 573 2915 σθένος
601 2852 694 2906 τοῦ
736 2853 916 2922 λόγου,
952 2853 1044 2908 xui
1083 2858 1191 2909 πᾶν
1232 2858 1293 2911 τὸ
1329 2858 1430 2928 τῆς
1460 2858 1736 2929 ἀνθρωπί-

142 2961 243 3012 νης
282 2942 536 3006 διανοίας
595 2943 727 3012 6'44);
780 2942 965 3016 άκρως
1018 2947 1524 3018 προασκησάμενος,
1566 2947 1740 3011 οὕτως

144 3035 253 3089 ὕπο
273 3034 439 3098 πόδας
456 3034 555 3105 τῆς
576 3035 933 3107 εῷγγελικῆς
949 3036 1128 3107 φέρων
1150 3038 1415 3109 ὑπέρριψε
1432 3038 1735 3109 θεοσοφίας,

142 3128 241 3181 καὶ
280 3129 408 3183 ὅσον
440 3128 551 3215 μὲν
588 3130 654 3199 τῇ
699 3126 1041 3200 θεοπνεύστῳ
1074 3130 1261 3201 Γραφῇ
1292 3131 1387 3184 xui
1410 3134 1475 3203 τῇ
1511 3132 1757 3215 ἀληθεία

138 3220 238 3275 τοῦ
275 3219 612 3287 Εὐαγγελίου
646 3218 967 3288 συμφωνοῦν
999 3219 1291 3290 κατενόησε
1324 3221 1416 3275 καὶ
1443 3223 1577 3293 πρὸς
1605 3224 1737 3278 θεω-

142 3311 273 3381 ρίαν
301 3308 401 3362 xui
439 3307 636 3379 πρᾶξιν
664 3307 1079 3377 ὁμογνωμονοῦν
1099 3347 1113 3371 ,
1158 3308 1385 3372 οἰκείαις
1416 3310 1735 3382 εἰσηγήσεσι

140 3402 239 3455 xui
265 3400 524 3472 θεωρίαις
551 3399 627 3463 ὡς
653 3398 910 3469 ἀληθείας
936 3399 1232 3470 συνήγορος
1263 3400 1504 3473 ὲνέκρινέ
1538 3420 1599 3456 τε
1627 3407 1740 3468 τοῖς

141 3490 315 3545 αἰτοῦ
360 3489 701 3560 συντάγμασι
746 3489 840 3543 καὶ
883 3488 1356 3560 ὲγνωμοδότησεν·
1393 3492 1515 3547 ὅσον
1553 3491 1607 3546 δὲ
1656 3496 1737 3558 εἰς

142 3580 356 3651 μύθους
392 3580 488 3634 xui
529 3579 737 3643 πλάνας
778 3579 874 3633 xui
923 3579 1197 3643 ἀπωλείας
1226 3581 1389 3652 φέρον
1420 3582 1613 3651 διέγνω
1644 3583 1737 3653 βυ.

139 3674 295 3737 οοῦς,
325 3671 625 3734 διαπτύσας
658 3672 715 3734 ἐς
761 3670 1001 3742 κόρακας
1045 3671 1403 3742 ἀπερρίψατο.
1453 3675 1578 3729 Ἑπί
1619 3678 1739 3740 ταῖς

139 3762 339 3827 ἄλλαις
370 3758 464 3816 οὖν
508 3760 671 3815 αὑτοῦ
708 3761 1243 3833 σωτηριωδεστάταις
1278 3748 1739 3836 θεοῤῥημοσὺναις

135 3856 219 3909 ἔτι
255 3855 357 3909 καὶ
390 3854 488 3924 τὴν
523 3854 890 3925 προκειμένην
917 3854 1200 3925 γνωμικὴν
1251 3855 1604 3927 προστίθησιν
1635 3858 1739 3911 ὑπὸ

132 3945 502 4017 ἀκροστιχίδα
538 3945 943 4015 πραγματείαν,
992 3946 1059 4016 ἢν
1114 3946 1209 3999 xui
1259 3945 1463 4014 ἀγαθὸν
1518 3947 1737 4019 ἄθυρμα

130 4041 252 4102 τοῖς
305 4037 451 4099 νέοις
499 4034 847 4106 παραδιδόναι
901 4034 1068 4104 λέγει,
1132 4036 1337 4104 ἀγαθὸν
1388 4036 1487 4106 μὲν
1540 4037 1626 4091 διὰ
1679 4037 1738 4091 τὸ

132 4128 431 4198 ὠγέλιμον
453 4126 551 4195 τῆς
586 4124 916 4196 συμϐουλίας
955 4125 1047 4178 xui
1079 4125 1439 4197 σωτηριῶδες,
1489 4118 1752 4195 παίγνιον.

127 4217 190 4271 ἰαὶ
224 4217 325 4271 διὰ
353 4215 417 4269 τὸ
452 4215 895 4287 κεκομψευμένον
930 4216 1028 4284 τῆς
1067 4215 1377 4286 ποιητικῆς,
1402 4217 1521 4286 ἦτοι
1550 4233 1735 4287 μετρι-

128 4312 241 4381 κῆς
276 4307 487 4373 λέξεως
514 4307 609 4378 xui
639 4308 911 4378 φράσεως,
937 4307 1022 4375 ἐφ’
1050 4301 1129 4370 οἷς
1155 4302 1261 4359 οἶδε
1292 4308 1416 4371 τοὺς
1442 4309 1737 4378 νεωτέρους

125 4408 235 4472 οὺχ
273 4401 487 4471 ἥκιστα
525 4397 817 4469 ἡδομένους
873 4395 967 4450 xui
1020 4394 1521 4466 φιλοτιμουμένους.
1566 4396 1738 4449 Τοῦτο

124 4493 271 4562 γοῦν
322 4489 423 4545 καὶ
459 4488 660 4556 ἐξόδιον
708 4488 867 4559 χάριν
913 4487 1268 4552 ἀπεκάλεσεν,
1314 4486 1391 4547 ὡς
1434 4487 1736 4541 τελευταῖον

124 4586 231 4638 καὶ
283 4576 409 4636 οἷον
453 4580 752 4635 ἐνδιάθετον
799 4578 1131 4648 ἀπόφθεγμα
1171 4578 1285 4641 τοῖς
1310 4577 1530 4642 οἰκείοις
1563 4578 1735 4647 φίλοις

124 4674 228 4727 xui.
269 4670 515 4739 μύσταις
542 4668 919 4741 χαριζόμενος.

128 4766 152 4819 l
192 4762 458 4831 Γυμνὸς
481 4757 625 4825 ὅλος
642 4758 871 4823 ,βιότοιο
893 4757 1093 4826 τέμοις
1114 4755 1251 4821 ἅλα,
1279 4774 1338 4810 x.
1375 4774 1424 4810 τ.
1459 4758 1510 4811 ὲ.

197 4854 512 4908 Θάλασσαν
547 4849 647 4921 μὲν
670 4848 1112 4919 ὁμολογουμένως
1137 4847 1230 4900 τδν
1263 4847 1357 4901 τοῦ
1391 4846 1593 4916 κόσμου
1623 4845 1752 4914 βίον

122 4945 447 5016 Γραφικῶς
468 4937 734 4999 ἀποκαλεῖ
756 4939 844 4993 διά
868 4956 927 4991 τε
955 4938 1015 4992 τὸ
1048 4939 1278 4994 ἄστατον
1307 4938 1495 5001 τούτου
1522 4940 1617 4992 xui
1641 4955 1735 4991 πο-

119 5041 455 5106 λύστροφον
499 5030 595 5085 xui.
636 5031 1029 5093 ἀκατάστατον,
1063 5029 1151 5083 διά
1182 5047 1238 5083 τε
1279 5029 1339 5083 τὸ
1380 5029 1619 5099 ἁλμυρὸν
1643 5027 1737 5081 xui

124 5123 346 5199 mxpr
370 5121 474 5193 τῆς
498 5117 765 5191 ἁμαρτίας
789 5118 882 5171 xui
900 5116 992 5170 τοῦ
1021 5117 1086 5171 δι’
1117 5118 1284 5188 αὐτὴν
1308 5117 1553 5171 θανάτου.
1593 5118 1738 5187 Παρ-

124 5215 415 5288 αγγέλλει
445 5211 556 5281 (75)
584 5209 763 5262 τοίνυν
796 5210 825 5263 ὁ
866 5208 1027 5277 σοφὸς
1062 5207 1171 5262 τῶν
1214 5206 1497 5279 ἡμετέρων
1540 5207 1739 5277 κυϐερ-

124 5310 316 5381 νήτης
358 5300 572 5373 ψυχῶν,
616 5296 991 5370 γυμνοὺςντὴν
1024 5297 1296 5352 θάλασσαν
1342 5296 1544 5367 ταύτην
1588 5296 1738 5366 ἡμᾶς

124 5392 446 5465 διαπερᾷν,
478 5387 622 5442 τοῦτ’
660 5387 807 5440 ἐστιν
854 5386 1174 5456 ἀκτήμοναςη
1215 5384 1308 5437 xui
1354 5385 1731 5455 ἀπράγμονας,

123 5488 396 5559 κούφους
440 5481 536 5535 καὶ
573 5477 842 5549 ἐλαφροὺς
876 5475 1217 5547 ἑκκολυμδᾷν
1260 5475 1465 5538 εἰδότας
1503 5476 1589 5529 διὰ
1618 5474 1735 5539 νοὸς

202 5663 332 5735 (τε)
362 5656 573 5735 Οιζιινπςι.⁵
599 5652 689 5718 62,
742 5669 797 5725 p.
1009 5652 1094 5709 ed.
1141 5652 1377 5724 Colon.;
1420 5671 1472 5725 p.
1515 5654 1617 5713 989
1645 5657 1731 5713 ed.

137 5722 459 5800 Lcinénct.
487 5725 594 5794 (ed.
622 5722 824 5793 ηονξρ.
852 5722 998 5793 585).
1090 5788 1091 5791 γ

470 5861 738 5924 Parant.
787 5859 901 5921 Gtt.
950 5858 1306 5921 XXXVIII.

1842 1105 2265 1160 Coutmentarius
2309 1105 2373 1160 de
2409 1109 2728 1162 sententiose
2772 1108 3024 1168 carmine,
3060 1124 3148 1161 seu
3192 1108 3424 1161 (ἐποικο-

1915 1175 2070 1293 ιορίρ.
2097 1172 2277 1246 Magni
2323 1175 2563 1245 Gregorii
2619 1176 2866 1246 Tlteologi
2910 1177 3060 1246 cujus
3109 1176 3219 1232 Ιιαό
3268 1193 3423 1231 acro—

1915 1255 2013 1293 SlIC
2033 1260 2097 1293 MS
2122 1260 2140 1293 .'

1912 1255 2097 1297 διιειιισ
2122 1260 2140 1296 ἔ

1843 1330 2128 1403 Sententia
2162 1329 2423 1403 Gregorii,
2456 1332 2683 1388 disticha
2717 1346 2997 1403 venustas,

1844 1399 2006 1455 Utilis
2036 1400 2183 1455 [usus
2203 1399 2511 1470 juvenibus,
2546 1420 2736 1459 munus
2760 1399 3104 1474 postremum.

1917 1490 2106 1547 Adhuc
2164 1504 2287 1563 post
2310 1495 2417 1549 alia
2439 1498 2832 1552 commentaria
2853 1507 3041 1553 nostra
3065 1512 3188 1568 quae
3206 1497 3273 1553 de
3299 1507 3426 1553 ante

1846 1581 1991 1638 datis
2034 1597 2067 1636 a
2101 1581 2382 1656 Theologo
2418 1588 2772 1643 veneratione
2813 1594 2869 1642 et
2903 1588 3075 1658 gratia
3120 1589 3425 1658 conspicuo

1846 1674 2064 1729 arcanis
2102 1676 2410 1733 carminum
2450 1677 2626 1747 ipsius
2657 1678 3073 1748 explicavimus,
3107 1686 3163 1734 et
3196 1694 3228 1733 a
3260 1679 3424 1733 nobis

1849 1761 1905 1816 in
1948 1761 2184 1834 Spiritus
2233 1766 2433 1821 virtute
2489 1767 2971 1823 commentandum
3024 1772 3421 1824 sententiosum

1846 1866 2092 1909 carmen.
2116 1854 2215 1911 Est
2228 1870 2359 1928 ergo
2376 1858 2648 1913 sententia
2675 1859 2979 1914 secundum
3003 1868 3215 1916 veteres
3241 1875 3424 1915 sermo

1848 1945 2205 2010 summarius,
2240 1946 2526 2003 dissuasor
2566 1956 2662 2003 aut
2704 1949 3019 2015 suasor-ius;
3076 1949 3201 2004 hinc
3231 1950 3421 2019 optimi

1846 2034 2297 2105 philosophorum
2311 2044 2365 2092 et
2384 2037 2665 2093 rhetorum
2678 2046 3062 2094 extraneorum
3079 2047 3135 2095 et
3153 2040 3426 2109 legislatu-

1844 2139 1965 2179 rum
1983 2116 2214 2194 reputati
2251 2128 2518 2195 sapientia
2538 2141 2641 2183 sua
2668 2133 2724 2181 et
2755 2127 3072 2195 virtutibus,
3096 2129 3351 2184 similiter
3370 2140 3427 2185 et

1844 2213 2014 2267 multa
2038 2214 2230 2270 dicunt
2260 2215 2327 2270 ad
2363 2216 2661 2272 familiares
2682 2224 2735 2272 et
2761 2232 2923 2274 sensa
2941 2219 3275 2289 exprimunt;
3296 2220 3425 2276 inde

1843 2313 2025 2359 autem
2050 2304 2425 2375 theologorum
2454 2307 2597 2377 apud
2623 2320 2723 2365 nos
2756 2308 2999 2378 optimus
3033 2310 3137 2365 iste
3166 2310 3421 2367 etdivina

1842 2394 2088 2464 pandens
2120 2396 2417 2467 Gregorius
2451 2398 2633 2452 omnia
2674 2396 3014 2456 sufﬁcienter
3040 2402 3108 2458 de
3141 2405 3422 2461 extraneis

1842 2486 2209 2557 sapientibus,
2224 2495 2275 2540 et
2293 2488 2493 2558 poetis,
2508 2497 2560 2544 et
2579 2488 2913 2556 rhetoribus,
2928 2492 3082 2548 utilia
3107 2495 3327 2566 collegit
3353 2498 3419 2551 ad

1841 2576 2186 2649 dirigendum
2220 2595 2273 2632 in
2305 2580 2522 2634 cunctis
2552 2578 2767 2634 illorum
2814 2582 3025 2639 artibus
3056 2591 3111 2639 et
3151 2585 3420 2649 scientiis.

1841 2676 1895 2723 et
1926 2682 2144 2723 omnem
2169 2666 2430 2721 sermonis
2456 2684 2684 2725 nervum
2726 2676 2890 2741 atque
2928 2687 3145 2728 omnem
3197 2674 3420 2730 humani

1843 2758 2044 2828 ingenii
2070 2757 2359 2814 elationem
2389 2759 2659 2829 profunde
2687 2762 3001 2831 meditatus,
3033 2765 3113 2820 sic
3136 2765 3240 2820 sub
3264 2767 3419 2836 pcdi-

1844 2850 1945 2905 hus
1984 2849 2321 2920 Evangelicze
2361 2866 2480 2921 quae
2507 2867 2537 2905 a
2569 2853 2680 2908 Deo
2728 2862 2815 2909 est
2846 2853 3142 2925 Sapientiae
3188 2857 3422 2915 aﬂ‘erens

1843 2938 2166 3007 subjecit,et
2201 2941 2567 3011 quodcunque
2590 2944 2809 3011 quidem
2842 2944 3107 3003 divinitus
3140 2950 3422 3020 inspirat-te

1842 3026 2136 3096 Scripturae
2146 3038 2199 3083 et
2211 3029 2484 3101 Evangelii
2498 3032 2707 3087 veritati
2721 3042 3147 3091 consentaneum
3164 3038 3424 3097 intellexit

1841 3126 1893 3171 et
1933 3117 2175 3175 theorice
2228 3123 2578 3194 practiceque
2619 3125 2980 3183 conformiter
3015 3145 3260 3198 sensum,
3297 3134 3417 3189 ido-

1843 3208 1962 3261 neis
1994 3209 2348 3266 suasionibus
2389 3220 2445 3267 et
2492 3213 2743 3280 theoriis,
2772 3216 2930 3285 quasi
2966 3221 3215 3275 veritatis
3256 3222 3424 3277 advo—

1841 3305 2017 3361 catus,
2034 3298 2254 3356 admisit
2283 3303 2400 3357 suis
2429 3303 2483 3357 in
2514 3306 3004 3374 compositionibus
3035 3318 3090 3364 et
3119 3315 3424 3370 sententias

1842 3389 2077 3460 recepit;
2129 3390 2498 3463 quodcunque
2542 3390 2671 3450 vero
2726 3396 2792 3451 ad
2846 3384 3059 3455 fabulas
3112 3410 3165 3456 et
3215 3396 3423 3459 erroris

1842 3479 2344 3553 destructionisque
2379 3485 2610 3555 abyssos
2645 3486 2853 3542 ducens
2887 3493 3180 3559 cognovit,
3214 3496 3423 3564 respuit

1842 3579 1893 3624 et
1913 3571 1977 3625 ad
2001 3585 2129 3628 aves
2160 3572 2391 3642 rejeeit;
2426 3575 2551 3631 aliis
2583 3592 2716 3647 ergo
2749 3578 2923 3648 ipsius
2952 3582 3178 3637 omnino
3210 3585 3420 3640 saluta-

1840 3661 1992 3716 ribus
2021 3661 2219 3719 divinis
2244 3663 2531 3735 colloquiis
2564 3667 2790 3732 addens,
2820 3670 2998 3725 adhuc
3028 3679 3083 3726 et
3113 3674 3420 3743 expositum

1840 3757 2234 3813 sententiosum
2282 3756 2441 3812 otl‘ert
2480 3758 2583 3813 sub
2621 3760 3004 3817 acrostichidis
3050 3762 3222 3819 forma
3254 3782 3417 3837 opus,

1840 3849 1984 3919 quod
2035 3849 2238 3905 bonum
2286 3848 2743 3905 oblectamentum
2784 3851 3080 3918 juvenibus
3105 3854 3223 3910 dari
3252 3856 3416 3913 dicit:

1839 3941 2045 3995 bonum
2072 3940 2291 4011 quidem
2315 3948 2501 4011 utpote
2524 3942 2770 3998 consiliis
2804 3943 3032 3999 utilibus
3061 3947 3418 4004 salutaribus-

1840 4045 1946 4099 que
1993 4030 2281 4095 refertum,
2328 4032 2789 4087 oblectamentum
2846 4049 2976 4089 vero
3024 4037 3255 4105 puerile,
3290 4042 3419 4109 quia

1840 4122 2063 4191 poetica:
2091 4130 2184 4177 aut
2217 4123 2455 4177 metricae
2484 4123 2777 4179 locutionis
2804 4132 2857 4178 et
2885 4126 3101 4194 phrasis
3132 4128 3202 4182 sit
3231 4143 3418 4199 comp-

1840 4223 1983 4277 tum,
2034 4213 2175 4268 sicut
2224 4212 2454 4283 juvenes
2504 4214 2656 4268 novit
2692 4230 2798 4267 non
2848 4230 3040 4284 parum
3083 4218 3321 4286 gaudere
3365 4230 3419 4275 et

1838 4302 2139 4372 gloriosum
2175 4303 2394 4358 habere.
2432 4302 2571 4357 Illud
2614 4318 2742 4373 ergo
2775 4314 2824 4359 et
2879 4321 3017 4375 opus
3062 4320 3416 4367 coronantem

1836 4393 2066 4463 gratiam
2114 4393 2453 4462 nuncupavit
2504 4394 2663 4463 quasi
2710 4393 2870 4450 tinale
2910 4404 2965 4451 et
3012 4398 3235 4455 obvium
3285 4416 3417 4471 apo-

1838 4480 2127 4550 p‘hthegma
2164 4480 2373 4536 idoneis
2401 4482 2740 4539 amatoribus
2766 4491 2820 4539 et
2850 4485 3095 4555 mysticis
3113 4488 3415 4560 jucundum

1838 4585 1903 4640 pa
1913 4585 2059 4626 rans.

1840 4745 1863 4797 1
1908 4743 2106 4799 Nudus
2140 4755 2278 4801 totus
2306 4747 2423 4800 vita:
2454 4747 2604 4800 sulra
2629 4748 2846 4818 pelagus
2870 4791 2883 4811 .
2922 4760 3026 4806 etc.

1910 4836 2060 4892 Mare
2101 4839 2321 4908 quidem
2366 4840 2756 4896 convenienter
2808 4844 2971 4914 hujus
3013 4850 3201 4923 mundi
3250 4852 3414 4908 vitam

1838 4942 1945 4982 una
2000 4943 2125 4983 cum
2169 4927 2452 5000 Scriptura
2499 4939 2659 4986 vocat
2708 4933 2780 4986 ob
2830 4934 3005 5004 ipsius
3062 4938 3315 5006 instabile
3364 4955 3418 4997 et

1836 5018 2095 5073 versatile
2135 5026 2191 5075 et
2235 5020 2676 5088 tumultuosum,
2726 5031 2892 5095 atque
2937 5027 3008 5081 ob
3060 5031 3318 5086 acerbum
3363 5045 3418 5088 ct

1836 5121 2084 5161 amarum
2136 5108 2343 5177 peccati
2404 5118 2459 5164 et
2506 5126 2603 5181 per
2660 5112 2790 5167 illud
2850 5114 3064 5185 mortis;
3113 5123 3422 5189 prtescribit

1836 5214 1967 5269 ergo
1992 5200 2216 5269 sapiens
2252 5207 2563 5256 nostrarum
2597 5204 2928 5274 gubernator
2956 5209 3285 5275 animarum,
3317 5229 3420 5267 nu-

1842 5291 1942 5346 dos
1971 5306 2120 5345 mare
2143 5291 2274 5345 illud
2299 5301 2658 5369 transmeare,
2679 5296 2729 5349 id
2764 5306 2870 5361 est,
2903 5314 3167 5369 pauperes
3191 5312 3242 5356 et
3272 5305 3421 5360 curis

1823 5382 1965 5436 “vita:
1992 5364 2475 5451 expeditos,.lcves
2503 5396 2559 5438 et
2593 5386 2761 5455 agiles
2786 5364 3252 5448 transnatantibus
3270 5397 3422 5449 simi-

1842 5474 1922 5528 les
1976 5488 2083 5543 prae
2130 5474 2323 5543 spiritu
2371 5474 2625 5544 precibus
2674 5478 2945 5544 avolante.
2991 5482 3101 5551 prae
3135 5489 3331 5539 anima
3364 5496 3421 5541 et

2040 5625 2174 5733 (god:
2193 5657 2323 5733 πολυ
2334 5674 2397 5727 ρη
2408 5674 2463 5727 μ.
2479 5666 2533 5712 et
2552 5674 2600 5711 v.
2619 5658 2928 5733 25psopnu.
2953 5661 3013 5717 V.
3036 5677 3207 5717 carm.
3227 5664 3279 5721 7.
3295 5680 3413 5733 sup.

1913 5725 2026 5795 (75)
2057 5725 2189 5781 (Iud.
2236 5725 2435 5781 iterum
2485 5725 3064 5800 παρσγέλειύίέιιῃτο
3094 5749 3147 5802 p.
3186 5735 3309 5800 “5,
3334 5725 3387 5791 ιζ

3016 5871 3095 5933 Ξἰὸ
