4020 6302
181 333 265 390 ῗ81

174 446 348 502 λουθον
378 445 470 499 καὶ
497 443 702 516 βίεήλα
754 441 1161 513 ὑπηρετεῖσθαι.
1192 439 1388 511 ’Υερις
1426 434 1543 503 οὖν,
1578 437 1737 509 φησὶ,

174 538 256 593 καὶ
323 537 520 608 ἀτιμία
570 534 708 588 Θεοῦ
750 534 840 588 τὸν
893 533 1116 603 ἀνάγνῳ
1171 530 1450 602 χρώμενον
1500 529 1601 599 βίῳ
1647 529 1740 581 καὶ

175 627 554 698 Μδιλυγμένον
585 628 698 689 τοῖς
739 624 902 688 θείοις
945 623 1376 694 προσηγγικέναι
1406 622 1500 673 καὶ
1527 621 1741 689 ἱερουρ-

174 723 283 788 γεῖν
305 735 324 752 ’
363 717 554 772 τούτου
603 715 662 770 δὲ
707 714 1007 783 δεινότερον
1047 713 1265 768 ἅπαντα
1315 710 1525 782 νεκρῶν
1582 709 1743 762 εὐλα-

173 811 373 867 δείσθαι
421 809 668 879 λείψανα,
721 807 867 860 τοῦτ’
912 806 1059 860 ἔστιν
1088 805 1252 874 ἁγνὸν
1291 804 1422 858 ὅντα
1444 844 1461 870 ,
1497 802 1743 873 βεϐήλοις

173 905 259 958 καὶ
278 901 575 974 αἱρετικοῖς
606 897 878 970 πρόφασιν
911 896 1195 959 εὐλαϐείας
1223 893 1581 964 σεόαζόμενον
1609 893 1742 946 ὑπο-

174 993 608 1052 κατακλίνεσθαι.
665 991 760 1044 καὶ
806 989 1020 1057 νεκροῖς
1045 982 1197 1040 οὖσιν
1232 987 1624 1048 ἐπικοινωνεῖν,
1651 984 1744 1037 τοῦ

175 1085 436 1160 προτέρου
462 1082 760 1153 δεινότερον
800 1079 896 1133 καὶ
922 1077 1284 1147 ἀτοπώτερον.

247 1260 310 1315 I7
339 1259 583 1313 ’Ῑστασο
606 1253 828 1325 μήποθ’
852 1253 1013 1309 ὁδοῖο
1040 1251 1263 1315 καλῶν,
1291 1269 1347 1306 κ.
1366 1268 1416 1304 τ.
1448 1250 1526 1314 ἐξ.

251 1351 369 1403 Ἐπ’
396 1348 562 1410 ἄλλας
609 1346 816 1417 μέτεισι
853 1343 1075 1414 γνώμας
1099 1345 1127 1397 ὁ
1175 1340 1748 1412 ίεροτελεστικώτατος

173 1440 329 1512 ἀνὴρ,
367 1440 577 1509 μήποτε
613 1437 803 1507 στῆναι
830 1434 938 1488 τῶν
968 1433 1146 1487 καλῶν
1175 1432 1351 1502 ἔργων
1384 1431 1503 1485 ὁδοῦ
1539 1449 1746 1502 παρεγ-

175 1529 340 1598 γυῶν,
377 1527 493 1582 ἀλλ’
520 1515 824 1595 ἀεικίνητον
850 1521 987 1578 εἶναι
1024 1523 1158 1594 πρὸς
1182 1523 1251 1576 τὰ
1293 1522 1563 1593 εὐάρεστα
1590 1521 1708 1584 θεῷ
1731 1539 1745 1553 ο

173 1619 341 1672 κακὸν
371 1617 428 1671 δὲ
469 1611 608 1670 εἶναι
641 1607 713 1667 'sb
764 1613 953 1684 ἕρπειν
991 1614 1069 1676 είς
1115 1611 1294 1682 βυθὸν,
1340 1610 1486 1665 τοῦτ’
1536 1610 1650 1664 ἐστι
1689 1611 1751 1664 τὸ

175 1709 563 1764 συνελκύεσθαι
598 1709 709 1770 τοῖς
745 1702 1106 1776 ἁμαρτωλοῖς.
1140 1703 1232 1756 καί
1262 1704 1376 1766 τοῖς
1408 1701 1507 1772 τὴν
1535 1701 1750 1755 ἀδικίαν

173 1799 562 1872 ἐργαζομένοις
595 1794 1046 1851 συναπόλλυσθαι.
1081 1795 1196 1847 Ἵνα
1227 1794 1284 1847 δὲ
1321 1792 1398 1864 μὴ
1419 1793 1604 1864 λέγῃς,
1636 1792 1753 1857 πῶς

174 1889 236 1943 τὺ
271 1888 352 1960 μὴ
394 1888 583 1958 στῆναι
618 1885 719 1957 τῆς
754 1883 876 1938 ὀδοῦ
919 1880 1225 1952 παραινῶν,
1268 1880 1328 1933 οὑ
1374 1879 1436 1932 τὸ
1472 1877 1753 1950 ἀνίδρυτον

177 1974 339 2044 αὖθις
369 1978 466 2032 καὶ
496 1977 725 2031 ἄστατον
757 1973 1055 2046 νομοθετεῖ,
1081 1970 1361 2039 ἐπήγαγεν
1385 1967 1548 2031 εὐθύς
1573 1982 1590 1998 ο

177 2161 274 2215 Σοί
309 2157 551 2222 στάσις,
581 2154 751 2216 ὅστις
771 2151 937 2217 ἔϐης,
969 2165 1023 2201 κ.
1057 2163 1110 2200 τ.
1143 2145 1221 2211 ἐξ.

241 2249 418 2304 Τοῦτο
447 2245 636 2308 στάσις
664 2237 943 2309 ἐπαινετὴ,
972 2235 1132 2291 τοῦτο
1153 2235 1360 2305 ἵδρυσις
1376 2234 1439 2285 ὲν
1461 2230 1538 2299 τῷ
1569 2227 1757 2300 ἁγαθῷ

173 2341 266 2396 καὶ
306 2338 464 2411 μονὴ,
499 2335 560 2388 τδ
592 2333 749 2395 me;
807 2331 904 2401 τῆς
945 2327 1141 2390 κακίας
1173 2325 1464 2394 γενόμενον
1491 2319 1760 2392 ήδράσθαι

173 2433 250 2501 τῷ
275 2428 451 2498 καλῷ,
498 2426 594 2480 καὶ
637 2421 966 2492 ὲδρασθὲντα
1022 2415 1290 2488 μηδέποτε
1332 2413 1554 2501 στῆναι,
1583 2412 1758 2464 εῐτουν

175 2499 505 2586 ἐκκικῆσαι,
560 2512 734 2565 ποιεῖν
789 2507 848 2562 τὸ
897 2504 1122 2574 ἀγαθόν.
1176 2501 1409 2570 Τυρλὸς
1453 2499 1625 2568 ὀρῶν.
1668 2501 1760 2550 Δο-

175 2612 264 2664 κεί
290 2607 410 2680 (76)
444 2605 576 2675 ὁρᾷν
629 2600 707 2670 τῷ
737 2597 1050 2667 ὀφθαλμοὺς
1098 2593 1242 2664 ἔχειν
1285 2591 1524 2662 οἴεσθαι,
1547 2589 1761 2660 ἀληθῶς

173 2699 229 2754 δὲ
259 2696 464 2765 τυφλός
518 2695 688 2754 ⁴ἔστιν,
727 2689 788 2752 ὃς
825 2688 922 2757 τῆς
956 2686 1093 2749 ἰδίας
1131 2683 1328 2742 κακίας
1362 2681 1456 2733 καὶ
1487 2680 1760 2750 ἁμαρτίας

174 2789 264 2844 τὸν
299 2787 521 2857 ὄλεθρον
544 2784 644 2853 οὐχ
674 2777 786 2843 οἷός
813 2778 874 2831 τέ
893 2778 1008 2830 ἐστι
1033 2774 1316 2845 κατανοεῖν
1337 2787 1350 2801 ο
1375 2770 1491 2832 πῶς
1521 2769 1565 2822 δ’
1589 2769 1654 2822 ἄν
1680 2786 1763 2828 τις

173 2879 270 2932 καὶ
304 2874 725 2942 καταθεωρήσαι
771 2867 982 2920 τουτονὶ
1034 2866 1133 2935 τῆς
1174 2863 1349 2932 ψυχῆς
1379 2861 1470 2913 τὸν
1507 2859 1758 2924 θάνατον,

171 2970 270 3023 ἐὰν
293 2966 375 3038 μὴ
393 2963 653 3034 πρότερον
706 2959 818 3030 εἰδῇ
849 2955 1139 3029 μαστεύειν
1171 2954 1266 3006 καὶ
1313 2950 1634 3021 ἐξιχνιάζειν
1663 2948 1756 3002 τοῦ

171 3056 372 3130 νοητοῦ
422 3055 588 3125 θηρὸς
688 3051 936 3105 διαϐόλου
980 3049 1048 3101 τὰ
1102 3047 1375 3117 νοήματα,
1427 3042 1521 3096 καὶ
1551 3045 1760 3111 νοεροτς

173 3153 446 3221 δμμασιν,
482 3146 647 3215 ήγουν
691 3141 958 3212 κρυπταῐς
996 3136 1270 3207 θεωρίαις,
1296 3132 1762 3221 προκαταλαμδάέ

173 3220 290 3293 νειν
338 3233 504 3290 αὐτοῦ
553 3233 652 3294 τὰς
708 3230 932 3300 ἐνέδρας
970 3226 1067 3281 καὶ
1097 3224 1195 3288 τὰς
1229 3221 1494 3292 φυλακὰς,
1529 3220 1672 3275 κατὰ
1701 3220 1762 3273 τὸ

171 3329 384 3396 λόγιον,
410 3325 506 3378 καὶ
541 3323 685 3376 οὕτω
712 3317 1095 3389 διακρούεσθαι
1116 3314 1281 3369 αὑτοῦ
1310 3313 1407 3376 τὰς
1436 3311 1761 3378 ὲ,πιδουλάς;

173 3418 248 3470 Σὺ
273 3416 460 3469 τοίνυν
482 3415 511 3467 ὁ
531 3410 716 3483 ἰατροῦ
746 3410 838 3462 ἐπὶ
856 3409 977 3471 τοῖς
1006 3406 1204 3461 πάθεσι
1233 3404 1330 3472 τῆς
1365 3401 1542 3472 ψυχῆς
1558 3401 1767 3455 ὲπιδεό-

176 3524 374 3579 μενος,
433 3503 528 3557 ἐὰν
568 3497 972 3570 κατακρύπτων
1026 3493 1384 3565 κατακρύψας
1415 3489 1576 3558 αὐτὰ,
1606 3490 1765 3545 sna:-

1192 325 1257 382 IN
1294 323 1599 381 CARMINA
1624 320 1904 379 ARCANA
1943 321 2002 377 S.
2044 319 2390 378 GREGORII.

3317 314 3419 370 τες

1849 435 2116 494 famulum
2147 443 2202 492 et
2241 435 2471 506 profana
2504 434 2837 491 ministrare.
2876 431 3224 489 Contumelia
3262 447 3416 504 ergo,

1847 524 2045 596 inquit,
2075 533 2130 580 et
2155 526 2393 582 dedecus
2427 525 2520 580 Dei
2549 541 2673 581 eum
2713 525 2808 596 qui
2843 524 3115 594 impuram
3148 522 3286 577 solet
3328 523 3425 577 de-

1846 630 1974 686 gere
2000 615 2168 670 vitam
2197 623 2252 672 et
2282 617 2378 687 qui
2404 615 2762 673 detestandus
2781 625 2888 681 est,
2912 614 3116 670 divinis
3139 612 3419 670 admoveri

1846 709 1902 757 et
1924 719 2078 759 saera
2107 704 2418 773 conficere;
2467 705 2562 761 sed
2596 706 2768 775 magis
2805 703 3142 758 horrendum
3166 708 3419 754 estcum-

1849 795 1969 850 dem
1986 794 2193 849 cunctis
2213 800 2546 850 mortuorum
2560 791 2645 862 pie
2657 791 2931 848 admoveri
2959 790 3195 862 reliquiis
3213 809 3226 844 :
3242 787 3292 843 id
3316 799 3424 853 est.

1851 882 2128 938 hominem
2166 881 2451 937 innoxium
2478 896 2600 934 eum
2626 879 2875 950 profanis
2902 890 2958 935 et
2989 880 3268 935 haereticis
3307 882 3424 950 pie-

1850 971 1982 1024 tatis
2027 984 2198 1026 causa
2229 977 2583 1026 venerantem
2611 976 2964 1040 prosternere
3003 983 3063 1023 se
3089 975 3144 1024 et
3172 984 3297 1023 cum
3319 970 3429 1024 illis

1863 1059 1957 1129 qui
2026 1061 2232 1115 mortui
2295 1067 2428 1114 sunt
2492 1059 2902 1115 communicare
2983 1059 3314 1117 liorrendius
3374 1073 3430 1116 et

1852 1151 2099 1206 insanius
2128 1156 2215 1206 est
2240 1165 2402 1220 quam
2430 1149 2575 1218 quod
2601 1164 2767 1219 supra
2792 1149 3158 1220 vituperatur.

1923 1239 1990 1293 Π
2023 1241 2309 1312 Nunquam
2329 1240 2586 1296 διώδευσε
2622 1241 2674 1294 in
2710 1241 2793 1293 via
2821 1240 3054 1306 virtutis,
3079 1246 3185 1294 etc.

1923 1332 2003 1385 Ad
2032 1333 2170 1392 alias
2192 1331 2392 1388 transit
2421 1332 2745 1398 sententias,
2762 1331 3124 1386 sanctissime.
3143 1327 3434 1401 perfectus

1855 1421 1958 1487 vir,
1973 1437 2041 1477 ne
2073 1420 2328 1494 progredi
2370 1430 2620 1479 cessetur
2673 1415 2862 1475 invia
2898 1412 3167 1476 bonorum
3201 1435 3431 1491 operum

1853 1511 2270 1577 commendans,
2302 1512 2398 1569 sed
2428 1519 2490 1567 ut
2532 1519 2798 1567 actuosus
2825 1524 3046 1581 semper
3093 1509 3330 1581 quisque
3358 1509 3436 1568 sit

1855 1598 1924 1654 ad
1953 1614 2017 1655 ea
2031 1615 2162 1671 quae
2190 1599 2301 1657 Deo
2340 1601 2559 1671 placent
2585 1617 2602 1667 ;
2658 1601 2865 1656 malum
2897 1609 3079 1654 autem
3126 1598 3318 1654 dicens
3346 1613 3435 1652 re-

1848 1705 1986 1760 pere
2019 1690 2086 1745 ad
2113 1687 2323 1755 infima,
2341 1691 2395 1750 id
2429 1698 2535 1757 est,
2579 1694 2772 1761 repere
2799 1706 2927 1745 cum
2954 1689 3342 1761 peccatoribus
3380 1699 3437 1745 et

1855 1795 1980 1834 cum
2007 1781 2369 1849 operantibus
2400 1779 2746 1852 iniquitatem
2792 1780 2959 1835 simul
3004 1780 3276 1835 commori
3327 1778 3433 1836 Sed

1855 1884 1925 1926 ne
1949 1869 2224 1941 obiicias:
2256 1871 2537 1944 quomodo
2567 1873 2662 1943 qui
2713 1887 2783 1927 ne
2809 1871 3067 1945 progredi
3093 1880 3344 1928 oessetur
3379 1872 3434 1925 in

1855 1959 1941 2014 via
1981 1960 2257 2028 hortatur,
2321 1976 2429 2018 non
2475 1961 2679 2017 iterum
2729 1961 2794 2017 de
2828 1961 3042 2017 caduco
3092 1969 3151 2017 et
3189 1961 3435 2019 instabili

1856 2050 2198 2120 pronuntiat,
2229 2050 2416 2107 statim
2440 2050 2594 2106 addit
2627 2067 2642 2105 :
3118 2053 3119 2062 ‘

1856 2137 2173 2199 Cunctantia
2202 2154 2316 2210 tua,
2349 2143 2585 2215 quisquis
2620 2143 2913 2208 incedis,ct
2938 2159 3057 2214 seq.

1928 2231 2053 2288 [Isne
2106 2235 2420 2290 constantia
2469 2234 2789 2302 laudabilis,
2835 2234 2950 2289 hac
3003 2232 3350 2289 conﬁrmatio
3385 2233 3439 2288 in

1859 2323 2005 2380 bono
2039 2331 2094 2379 et
2127 2323 2364 2388 mansio,
2401 2325 2448 2381 si
2481 2325 2693 2380 a'lienus
2723 2339 2752 2379 a
2791 2324 3004 2378 malitia
3031 2322 3210 2379 factus
3246 2323 3439 2379 firme-

1861 2422 1948 2468 tur
1966 2420 2019 2468 et
2042 2413 2288 2471 firmatus
2306 2431 2650 2487 nequaquam
2671 2423 2849 2471 cesset
2869 2423 2965 2470 aut
2985 2416 3227 2470 remittat
3247 2431 3277 2470 e
3295 2416 3444 2471 bono

1862 2502 2130 2558 faciendo.
2158 2524 2176 2558 ι
2202 2504 2394 2561 Caecus
2413 2506 2626 2562 videns.
2649 2525 2667 2559 ι
2692 2506 2892 2562 Videre
2913 2505 3090 2561 credit
3116 2521 3181 2561 ex
3203 2521 3270 2562 eo
3294 2507 3443 2575 quod

1861 2594 2051 2649 oculos
2063 2595 2261 2651 habere
2284 2605 2513 2668 reputet,
2527 2595 2572 2650 is
2591 2602 2771 2652 autem
2783 2609 2909 2650 vere
2926 2611 3100 2652 aecus
3112 2603 3194 2652 est
3206 2596 3296 2665 qui
3315 2610 3444 2664 pro-

1862 2683 1992 2751 priae
2023 2685 2247 2739 malitiae
2273 2685 2591 2756 propriique
2634 2685 2845 2754 peccati
2891 2685 3110 2739 ruinam
3157 2698 3267 2739 non
3299 2685 3446 2738 valet

1864 2772 2196 2843 intelligere;
2232 2786 2287 2830 et
2313 2776 2590 2845 quomodo
2625 2776 2768 2830 hanc
2807 2776 3004 2830 anima:
3034 2782 3267 2830 mortem
3318 2790 3446 2829 con-

1864 2863 2158 2929 sideraret,
2208 2865 2316 2921 nisi
2353 2867 2506 2935 prius
2545 2867 2759 2921 noverit
2798 2872 3085 2936 penetrare
3120 2874 3174 2920 et
3217 2864 3447 2920 investi-

1871 2969 2000 3023 gare
2025 2954 2330 3024 spiritualis
2363 2956 2574 3022 bestia,
2607 2972 2704 3012 seu
2740 2956 2942 3011 diaboli
2978 2956 3362 3026 cogitationes,
3391 2964 3449 3009 et

1866 3044 2243 3114 spiritualibus
2308 3049 2516 3111 oculis,
2583 3063 2776 3118 nempe
2834 3049 3062 3103 secretis
3129 3046 3447 3102 meditatio-

1869 3134 2036 3190 nibus
2077 3136 2255 3206 ipsius
2290 3139 2521 3194 insidias
2574 3146 2629 3194 et
2672 3137 2891 3208 vigilias
2943 3137 3245 3208 praevenire
3290 3138 3448 3207 juxta

1870 3229 2234 3298 Scripturam,
2255 3240 2312 3286 et
2331 3231 2405 3284 ita
2433 3231 2608 3301 ipsius
2633 3233 2966 3286 tentationes
2982 3230 3188 3285 vitare?
3218 3229 3301 3286 Tu
3318 3245 3450 3299 ergo

1868 3318 2082 3375 medico
2108 3319 2163 3374 in
2195 3320 2392 3376 animae
2429 3321 2639 3377 morbis
2664 3336 2856 3392 egens,
2896 3322 2943 3377 si
2965 3321 3066 3376 bos
3093 3322 3281 3378 celans
3307 3323 3452 3376 cela-

1869 3406 2024 3462 veris
2050 3409 2304 3465 confiteri
2341 3409 2452 3465 Deo
2481 3404 2843 3476 erubescens,
2873 3427 3217 3483 nequaquam
3233 3413 3451 3478 peccati

1871 3496 2102 3553 fetorem
2143 3516 2172 3554 a
2203 3500 2371 3556 corde
2401 3508 2499 3556 tuo
2529 3501 2853 3573 dissipabis.

174 3598 509 3669 σχυνόμενος
562 3587 997 3663 ἐξομολογεῖσθαι
1041 3585 1120 3658 τῷ
1164 3583 1303 3655 Θεῷ.
1334 3581 1517 3637 οὔποτ’
1558 3582 1624 3636 ἂν
1649 3583 1745 3653 τὴν
1771 3589 1868 3653 τῆς
1927 3590 2203 3663 ἁμαρτίας
2228 3591 2492 3646 δυσωδίαν
2530 3592 2630 3665 τῆς
2666 3594 2804 3657 ἰδίας
2833 3596 3060 3667 καρδίας
3083 3595 3449 3667 άτωσμήεαιο.

171 3779 294 3844 Σὸς
325 3778 530 3846 λόγος,
559 3776 738 3844 ἔργον
763 3770 948 3842 ἐμεῖο,
979 3787 1036 3823 κ.
1059 3785 1112 3823 τ.
1138 3766 1216 3832 ἐξ.

248 3867 428 3922 Τοῦτο
462 3867 598 3938 πρὸς
626 3865 718 3917 τὸν
752 3863 892 3916 θεῖον
913 3860 1071 3929 λόγον
1091 3859 1184 3911 τὸν
1207 3857 1305 3920 τὰς
1324 3855 1596 3926 σωτηρίας
1631 3858 1762 3926 ἡμῖν

168 3957 563 4027 ἐντελλόμενον
592 3954 812 4027 ἀκούειν
837 3953 965 4026 χρή.
993 3949 1092 4003 Σὺν
1120 3949 1218 4018 μὲν
1241 3942 1358 4012 οὖν,
1397 3940 1444 4000 ὦ
1471 3945 1665 4016 Κύριε,
1694 3947 1761 4000 τὰ

170 4021 504 4119 σωτηριίῦδη
535 4021 943 4116 παραινεῖν
981 4038 1312 4110 νομοθετεῖν,
1347 4036 1480 4106 ἐμὸν
1517 4035 1575 4089 δὲ
1590 4035 1658 4089 δι’
1680 4035 1765 4107 ἔρ-

169 4158 274 4211 γου
328 4137 601 4208 παριστᾷν
662 4133 858 4189 ταῦτα.
889 4134 985 4196 Ὃς
1037 4126 1150 4194 οὖν,
1184 4129 1336 4199 φησὶ,
1370 4127 1549 4181 καλῶν
1583 4127 1762 4198 εργων

167 4231 400 4301 ἀπορεῖ,
443 4226 681 4298 εὐεπίήν
732 4225 923 4295 ἐχέτω,
977 4222 1129 4292 ῥῆμα
1176 4218 1472 4287 ἀπολογίας
1519 4218 1757 4286 ἀγαθὸν,

164 4315 718 4389 ταπεινοφροσύνης,
777 4312 1084 4386 μετανοίας,
1138 4307 1545 4374 ὑποπτώσεως,
1608 4308 1762 4380 ῥῆμα

166 4412 332 4466 ὲλὲου
364 4407 501 4462 Θεοῦ
532 4402 919 4476 προκλητικὸν,
957 4398 1283 4471 συμμαχοῦν
1325 4400 1406 4463 είς
1437 4399 1763 4469 συνηγορίαν

165 4506 312 4576 ἡμῖν
341 4499 437 4553 καὶ
465 4497 782 4568 ἀμφίθετον,
800 4494 829 4547 ὃ
853 4495 967 4547 ἐστι
985 4492 1120 4563 πρὸς
1145 4491 1428 4562 ἀμφότερα
1444 4488 1762 4560 συνεργοῦν,

163 4595 312 4665 πρός
346 4608 405 4644 τε
430 4589 530 4660 τὴν
552 4590 649 4657 τῆς
679 4585 1125 4654 ἀγανακτήσεως,
1168 4583 1266 4654 τῆς
1298 4582 1393 4634 ἐπὶ
1424 4583 1489 4652 τῇ
1520 4581 1767 4652 ἁμαρτίᾳ,

163 4683 510 4755 κινουμένης
531 4677 881 4748 ἀποστροφὴν
915 4676 1010 4728 καί¹
1033 4673 1170 4745 πρὸς
1199 4673 1298 4743 τὴν
1328 4672 1437 4726 τῶν
1462 4669 1766 4742 οἰκτιρμῶν

162 4777 283 4833 τῶν
308 4769 680 4843 ὑπεραγάθων
701 4767 1058 4837 ἐπιστροφήν.

164 4869 241 4924 2-5
278 4862 595 4933 Ὑϐριστὴς
610 4862 786 4929 κόρος
819 4857 1006 4920 ἐστίν,
1038 4874 1090 4909 κ.
1123 4872 1173 4908 τ.
1207 4853 1282 4917 ἐξ.

254 4960 322 5012 Ὀ
350 4956 512 5027 κόρος
547 4953 643 5024 μὲν
662 4952 772 5004 τῶν
803 4967 863 5003 τε
900 4947 1209 5019 βρωμάτων
1237 4945 1332 4999 καὶ
1349 4946 1641 5017 χρημάτων
1670 4944 1764 4996 καὶ

163 5053 426 5111 πάντων,
457 5047 558 5100 ὅσα
610 5043 880 5114 σώματος,
920 5039 1181 5111 ὑϐριστής
1213 5039 1328 5089 ἐστι
1358 5036 1452 5089 καὶ
1482 5037 1761 5105 ἀγέρωχος

161 5143 266 5198 καὶ
321 5135 560 5202 ἀλαζὼν.
623 5132 874 5195 Τοιοῦτος
935 5133 1041 5193 πᾶς
1077 5131 1105 5183 ὁ
1162 5127 1411 5181 πλουτεῖν
1473 5126 1768 5196 ἀπλήστως

162 5229 507 5301 ἐφιέμενοςο
563 5223 673 5293 ἐγὼ
708 5223 766 5276 δέ
801 5239 880 5285 σε,
1029 5219 1219 5290 ἄριστε
1254 5215 1475 5288 μυστῶν
1522 5215 1572 5288 (ὁ
1627 5215 1766 5285 ἱερὸς

160 5317 499 5377 ὑποτίθεται
552 5309 963 5384 μυσταγωγὸς),
1035 5308 1193 5378 ἔργον
1257 5305 1403 5374 ἔχειν
1475 5305 1766 5374 ἄμεμπτον

163 5411 449 5481 βούλομαι
504 5405 597 5457 καὶ
644 5404 917 5455 ἄπαυστον
947 5397 1047 5468 τὴν
1085 5397 1183 5465 τῆς
1216 5393 1537 5465 ἁειτρεφοῦς
1573 5394 1768 5462 ἐτειμέ-

162 5507 327 5557 ὶειαν
357 5498 554 5567 ψυχῆς,
588 5494 684 5564 τῆς
737 5495 824 5546 ἀεὶ
867 5491 945 5561 τῷ
976 5490 1119 5558 λόγῳ
1164 5488 1368 5556 Κυρίου
1404 5485 1766 5558 τρεφομένης,

164 5593 314 5666 “pb;
387 5588 547 5656 τῆξιν
596 5585 765 5654 αὐτῆς
804 5584 896 5639 καὶ
943 5579 1231 5649 οἰκοδομὴν
1273 5577 1462 5649 νοερὰν
1496 5577 1586 5630 καὶ
1621 5577 1768 5628 τῖλε-

243 5721 378 5796 (τε)
403 5721 538 5778 Cod.
566 5721 750 5774 δοκᾶν.

1866 3767 2037 3820 Tuum
2063 3767 2296 3830 verbum,
2334 3783 2466 3837 opus
2489 3786 2523 3822 α
2547 3785 2647 3835 me,
2666 3778 2774 3826 etc.

1934 3855 1992 3911 Id
2025 3857 2094 3912 de
2123 3857 2312 3913 divino
2347 3861 2513 3916 verbo
2536 3863 2655 3919 vias
2691 3860 2890 3918 salutis
2915 3863 3076 3920 nobis
3101 3864 3329 3934 iubente
3353 3883 3455 3921 an-

1861 3947 1978 4002 dire
2009 3956 2227 4019 oportet
2262 3970 2274 4003 :
2307 3948 2490 4005 Tuum
2519 3966 2673 4022 ergo,
2705 3966 2739 4006 o
2769 3950 3022 4019 Domine,
3054 3955 3320 4012 salutaria
3353 3974 3454 4012 ex-

1864 4037 2070 4093 hortari
2092 4048 2145 4095 et
2171 4040 2549 4109 prmscribere,
2586 4057 2768 4097 meum
2803 4057 2942 4098 vero
2975 4058 3141 4114 opere
3181 4046 3285 4101 ista
3326 4063 3454 4118 per-

1860 4144 2024 4200 agere
2050 4147 2064 4188 :
2094 4129 2212 4201 qui,
2248 4130 2448 4200 inquit,
2478 4131 2641 4187 bonis
2657 4132 2916 4202 operibus
2941 4143 3083 4202 eget,
3103 4134 3450 4189 dulcisonum

1866 4219 2099 4283 habeat,
2135 4221 2362 4275 verbum
2396 4221 2664 4292 apologis:
2694 4222 2924 4286 bonum,
2954 4223 3306 4290 humilitatis,
3327 4241 3448 4296 pa:-

1867 4309 2130 4374 nitentim,
2166 4310 2629 4379 eompnnctionis,
2665 4313 2892 4367 verbum
2944 4327 3256 4383 provocans
3303 4316 3448 4370 divi-

1869 4413 1954 4456 na‘.
1997 4400 2413 4464 misericordiae,
2461 4401 2751 4457 nobiscum
2788 4417 3040 4473 pugnans
3071 4403 3126 4457 in
3165 4404 3448 4461 defensio-

1872 4507 2021 4560 nem,
2045 4491 2174 4548 hinc
2210 4501 2266 4549 et
2297 4494 2425 4549 inde
2467 4494 2764 4559 auxilians,
2817 4495 2871 4549 id
2906 4502 3013 4560 est,
3070 4497 3331 4565 utrinque
3353 4514 3453 4569 op-

1873 4593 2207 4656 portunum,
2239 4596 2295 4644 et
2329 4604 2425 4658 per
2455 4588 2852 4659 indignationis
2887 4588 2955 4643 de
3004 4598 3236 4659 peccato
3265 4594 3454 4646 conci-

1872 4685 2000 4733 tata:
2028 4680 2448 4734 conversionem
2467 4689 2522 4734 et
2549 4696 2647 4750 per
2663 4681 3205 4736 commiserationum
3224 4684 3452 4738 omnino

1870 4767 2203 4836 optimarum
2234 4769 2631 4838 reversionem.

1832 4870 1833 4873 ‘
1867 4857 1937 4911 ‘25
1976 4853 2190 4910 Procax
2215 4868 2295 4912 est
2327 4859 2574 4922 satietas,
2590 4866 2698 4914 etc.

1934 4948 2183 5006 Aviditas
2217 4958 2540 5004 escarumet
2561 4950 2831 5006 bonorum
2846 4958 2900 5006 et
2920 4953 3162 5008 omnium
3197 4970 3319 5025 qua:
3358 4971 3458 5027 ap-

1872 5038 2006 5108 petit
2025 5041 2596 5105 corpus,contumelia
2621 5048 2725 5104 est,
2752 5043 3066 5114 arrogantia
3091 5051 3146 5099 et
3184 5045 3396 5102 vanitas
3435 5065 3448 5100 :

1873 5129 1978 5184 hac
2009 5128 2225 5184 laborat
2251 5129 2506 5199 quisquis
2534 5132 2807 5189 ditescere
2849 5135 3240 5190 insatiabiliter
3273 5139 3451 5193 ardet.

1874 5217 1985 5289 Ego
2002 5222 2152 5282 verd,
2171 5234 2205 5274 o
2229 5222 2461 5290 optime,
2485 5221 2643 5276 docet
2672 5234 2896 5278 sanctus
2915 5226 3190 5295 mysteriis
3208 5226 3452 5290 initians.

1873 5317 1927 5363 t‘e
1987 5310 2477 5378 irreprchensibile
2522 5319 2577 5363 et
2619 5327 2858 5380 perenne
2908 5329 3047 5382 opus
3098 5329 3259 5384 agere
3305 5319 3451 5380 volo,

1875 5399 2071 5452 animae
2101 5415 2317 5469 semper
2345 5399 2556 5454 alenda:
2599 5417 2813 5468 curam,
2853 5404 3054 5473 quippe
3089 5419 3209 5472 quae
3238 5420 3454 5474 semper

1878 5488 2046 5542 veibo
2079 5490 2266 5543 divino
2307 5491 2473 5543 alitur
2507 5491 2574 5543 ad
2611 5491 2993 5546 formationem
3021 5502 3074 5548 et
3105 5495 3448 5564 spiritualem

1877 5579 2292 5636 aedificationem
2331 5586 2385 5634 et
2432 5581 2850 5652 perfectionem,
2893 5585 3015 5636 volo
3045 5592 3098 5637 ct
3131 5592 3182 5637 te
3226 5582 3449 5638 divitias
