4020 6302
579 293 694 355 785

582 415 809 468 tunicam
846 407 1185 464 divinitatem
1209 420 1552 477 comparare,
1592 404 1853 477 sicutper
1880 408 2166 476 speculum

587 506 866 559 sincerum
916 500 1119 570 spiritu
1176 497 1611 567 conspicientem
1651 505 1706 552 et
1757 498 1815 551 in
1865 494 2047 567 ipsum
2087 495 2170 549 in-

586 599 852 658 tuentem,
876 598 1074 646 cuncta
1094 597 1276 644 autem
1308 597 1365 643 et
1399 590 1545 643 hunc
1560 588 1981 657 corruptibilem
2011 602 2171 640 mun-

589 685 715 739 dum
746 692 801 738 et
830 696 953 753 quae
977 683 1032 735 in
1062 695 1131 735 eo
1171 680 1359 753 multis
1380 680 1726 734 aestimantur
1765 693 1988 749 magna,
2047 692 2172 730 ara-

588 789 824 831 nearum
855 771 984 827 telis
1030 770 1317 839 fragilibus
1372 777 1429 822 et
1486 768 1689 823 vitiatis
1733 768 1935 823 similia
1981 766 2171 837 despi—

588 880 751 930 cete;
782 877 1019 933 namque
1052 868 1252 916 cuncta
1276 860 1504 913 omnino
1537 859 1663 912 vita:
1703 858 1987 912 hominum
2023 858 2171 912 bona

588 962 856 1009 extranea
888 960 943 1007 et
992 951 1168 1005 aliena
1220 948 1495 1013 videntur,
1546 949 1661 1003 sola
1709 948 1888 1003 virtus
1933 947 2171 1001 humana

580 1052 693 1107 est,
728 1042 952 1112 solaque
1000 1040 1295 1111 prtesentis
1335 1038 1643 1094 subsidium
1686 1038 1812 1091 vitae
1862 1046 1919 1092 et
1961 1038 2171 1093 utilitas

590 1140 785 1194 animre
809 1157 821 1191 :
845 1137 952 1193 hoc
969 1144 1024 1193 et
1046 1137 1226 1207 ipsum
1258 1136 1638 1207 incorruptum
1661 1144 1712 1189 et
1736 1135 2049 1190 immortale
2072 1134 2169 1189 Dei

591 1230 814 1283 verbum
844 1227 1102 1283 omnibus
1131 1226 1346 1297 populis
1398 1227 1623 1288 clamat,
1667 1225 1904 1296 illosque
1951 1240 2169 1279 convo-

588 1329 711 1375 cat:
736 1320 899 1391 agite,
931 1333 1143 1383 omnes,
1171 1320 1375 1383 venite,
1419 1318 1491 1373 ad
1518 1317 1813 1373 Trinitatis
1848 1334 2017 1389 super
2058 1333 2173 1373 cm-

590 1414 672 1470 los
698 1413 947 1467 exaltata‘.
976 1411 1346 1483 c0guitionetu
1362 1412 1829 1483 expergiscimini,
1860 1419 1916 1466 et
1941 1413 2171 1467 univer-

592 1499 713 1559 sum
776 1502 1046 1558 mundum
1076 1514 1129 1557 et
1163 1517 1285 1572 qua:
1324 1502 1381 1556 in
1411 1516 1477 1556 eo
1515 1509 1646 1557 sunt
1691 1510 1949 1572 tanquam
1991 1503 2172 1559 aliena

590 1600 965 1658 transeuntes,
990 1607 1086 1663 per
1132 1592 1359 1647 verbum
1404 1598 1460 1648 ct
1502 1592 2021 1664 contemplationem
2076 1609 2172 1649 ve-

593 1699 765 1745 strum
782 1687 1045 1758 requirite
1067 1687 1296 1746 bonum.

595 1934 665 1990 33
703 1933 893 1988 Ponite
930 1932 983 1989 in
1035 1931 1131 1985 hoc
1161 1929 1419 1992 animum,
1464 1934 1727 1997 quotquot
1778 1925 1906 1997 sine
1931 1933 2171 1997 sanetum

1046 2048 1060 2118 ἡ
1132 2069 1143 2082 ⁹
1449 1995 1789 2118 ,ὶὲοηλαςὶιιῃι
1830 1995 2090 2063 alligavit,

1064 2066 1242 2118 aribus
1265 2066 1461 2118 cmlestt
1497 2081 1558 2118 κε
1592 2065 1899 2118 ampliorem
1930 2064 2090 2118 fructi

598 2071 669 2128 54
790 2071 858 2125 Ut
889 2066 1242 2126 torcularibus
1265 2064 1558 2123 caelestibus
1592 2064 2159 2204 antpliorfmffru‘etum

1834 2149 1886 2185 ιη
1911 2148 2003 2185 era
2031 2149 2098 2186 ts.

663 2270 777 2326 Hoc
798 2270 954 2326 vobis
983 2268 1212 2325 verbum
1248 2268 1302 2322 in
1332 2266 1599 2337 spiritum
1641 2278 1912 2335 reponere
1942 2266 2067 2315 volo
2088 2271 2172 2315 at-

591 2380 699 2436 que
726 2365 868 2418 hanc
890 2360 1096 2417 vestris
1129 2359 1186 2413 in
1233 2355 1496 2412 cordibus
1550 2355 1801 2409 auditam
1844 2351 2030 2406 facere
2076 2366 2173 2406 vo-

593 2458 879 2510 luntatem.
911 2449 1194 2529 Quotquot
1219 2448 1443 2519 quidem
1470 2448 1594 2501 vitae
1640 2444 2038 2515 colligaverunt
2078 2457 2172 2498 ca-

592 2555 690 2601 stae
728 2553 783 2601 et
806 2530 1064 2615 legitima:
1092 2541 1320 2612 nuptim,
1377 2554 1410 2594 a
1430 2538 1669 2594 vinculis
1692 2552 1819 2591 cum
1867 2536 2031 2591 facile
2061 2551 2171 2589 non

590 2637 665 2691 sit
702 2634 866 2699 solvi,
912 2648 1012 2704 pro
1041 2632 1366 2689 caelestibus
1412 2628 1781 2699 receptaculis
1830 2636 1884 2681 et
1925 2626 2171 2682 ecclesiis

591 2726 687 2779 Dei
712 2732 864 2777 tanto
888 2722 1014 2792 plus
1041 2721 1280 2775 fructum
1312 2719 1519 2774 referre
1542 2717 1652 2772 Deo
1684 2717 1920 2778 debetis,
1963 2722 2171 2787 quanto

593 2815 748 2884 plura
771 2810 931 2867 vobis
966 2811 1193 2865 veniunt
1221 2809 1410 2863 mundi
1444 2808 1587 2861 bona
1624 2823 1637 2859 :
1666 2819 1908 2874 namque
1932 2804 1999 2857 de
2016 2804 2171 2874 prole

593 2903 928 2975 quae'oritur
956 2915 1025 2955 ex
1058 2900 1235 2965 vobis,
1266 2908 1319 2954 et
1353 2898 1421 2952 de
1455 2894 1904 2965 possessionibus
1939 2896 2165 2949 interra

592 3003 646 3051 et
674 2994 742 3050 de
764 2993 1041 3046 fructuum
1061 2989 1305 3045 omnium
1346 2989 1615 3043 varietate
1647 2986 1855 3056 optima
1874 2985 2074 3041 oﬂ‘erre
2112 2993 2168 3041 et

598 3087 831 3144 reddere
854 3085 903 3140 ei
918 3083 1010 3154 qui
1028 3083 1210 3137 omnia
1231 3080 1379 3136 dedit
1395 3081 1619 3135 omnino
1643 3084 1877 3148 oportet;
1898 3085 2167 3149 quotquot

594 3190 775 3235 autem
809 3179 867 3233 in
917 3175 1171 3232 calibatu
1199 3182 1256 3230 et
1303 3172 1623 3244 virginitate
1673 3172 1856 3226 vivere
1906 3167 2168 3241 eligentes

594 3270 809 3332 animas,
848 3279 1107 3336 magnum
1137 3262 1234 3319 Dei
1262 3262 1515 3327 verbum,
1574 3258 1733 3330 quasi
1758 3268 1926 3314 casta:
1955 3274 2172 3330 sponsa:

591 3368 647 3413 et
677 3359 996 3429 spirituales
1043 3362 1096 3410 et
1136 3351 1369 3417 mundae,
1422 3350 1675 3422 amplecti
1706 3351 2008 3420 pretiosum
2068 3351 2165 3403 ha-

590 3449 789 3516 beatis,
817 3452 1017 3501 cuncta
1049 3441 1474 3504 Deoadducere,
1492 3454 1683 3495 omnes
1712 3438 1926 3494 fructus
1944 3438 2163 3493 Christo

591 3539 823 3595 reddere
847 3548 1076 3591 necesse
1107 3542 1211 3599 est,
1258 3530 1399 3587 nihil
1432 3529 1590 3585 vobis
1624 3529 1760 3599 ipsis
1795 3538 2165 3591 reservantes.

591 3636 645 3684 et
676 3624 981 3697 periculum
1021 3610 1087 3677 in
1104 3621 1306 3693 aliquid
1340 3618 1653 3691 seponendo
1686 3618 1928 3672 Ananias
1953 3630 2006 3673 et
2032 3617 2169 3689 Sap-

592 3718 750 3788 phira
830 3717 1141 3775 ostendunt.
1214 3714 1471 3783 Splendor
1538 3711 1795 3781 refulgens
1876 3707 2165 3765 solitarius.

591 3808 786 3864 Omnis
816 3805 999 3859 anima
1039 3817 1159 3875 qua:
1191 3801 1495 3856 solitariam
1548 3800 1717 3852 vitam
1750 3804 1805 3852 et
1838 3796 2165 3867 virginalem

590 3905 647 3954 et
681 3898 888 3965 absque
914 3894 1048 3964 jugo
1084 3892 1229 3945 vovit
1261 3888 1495 3944 Domino
1531 3897 1585 3943 et
1630 3888 1713 3941 sic
1750 3886 1939 3941 vivere
1986 3886 2164 3957 eligit,

592 3982 853 4055 splendor
880 3980 1099 4049 quidam
1131 3987 1183 4032 et
1238 3976 1334 4029 lux
1382 3974 1581 4029 ardens
1626 3972 1944 4027 videntibus
1996 3986 2166 4041 appa-

592 4088 714 4129 rere
738 4071 918 4137 debet,
944 4067 1042 4125 sed
1071 4066 1383 4121 dividentes
1416 4065 1582 4117 vitam
1621 4076 1779 4117 suam
1816 4075 1847 4115 a
1883 4060 2090 4115 mundo
2112 4068 2166 4115 et

592 4160 911 4219 hominibus
968 4157 1267 4214 mundanis
1317 4162 1373 4210 et
1424 4152 1739 4208 carnalibus
1800 4150 1961 4220 quasi
2006 4150 2167 4221 longe

581 4258 801 4309 stantes
822 4260 878 4305 et
903 4249 973 4303 ab
1011 4249 1256 4318 ipsorum
1319 4242 1673 4298 commerciis
1724 4248 1785 4293 ut
1815 4238 2067 4310 plerique
2110 4245 2166 4293 et

590 4341 972 4397 meretricibus
994 4338 1277 4392 amoribus
1296 4333 1715 4393 retrocedentes
1740 4347 1755 4395 ;
1792 4331 1935 4386 sicut
1956 4337 2161 4395 autem,

592 4433 789 4503 inquit,
830 4431 994 4486 fallax
1020 4426 1371 4498 pulchritudo
1393 4423 1645 4494 corporis
1682 4430 1737 4478 et
1761 4420 2163 4476 contumeliosa

591 4523 871 4578 coloribus
915 4520 1133 4589 depicta
1185 4531 1293 4587 qua
1326 4516 1537 4570 vultum
1583 4512 1888 4568 illinientes
1922 4509 2166 4566 meretri-

588 4629 708 4677 ces,
738 4626 867 4667 suos
898 4610 1181 4679 decipiunt
1204 4616 1501 4669 amatores,
1535 4605 1618 4660 sic
1646 4604 1887 4660 dedecus
1914 4612 1999 4658 est
2022 4602 2163 4659 Deo-

591 4720 699 4776 que
725 4702 931 4758 odibile
962 4714 1072 4754 non
1103 4697 1362 4754 cordibus
1384 4696 1453 4750 ad
1475 4694 1642 4750 Deum
1672 4693 2045 4758 tendentibus,
2068 4693 2166 4749 sed

590 4794 875 4851 coloribus
925 4791 1151 4857 fucatis,
1205 4796 1264 4844 et
1313 4789 1490 4859 nigris
1540 4787 1787 4842 vestibus
1832 4793 1887 4841 et
1919 4784 2165 4840 vultibus

592 4883 908 4940 macilentis
952 4889 1170 4935 tantum
1226 4878 1534 4933 solitariam
1600 4877 1861 4931 virtutem
1898 4883 1955 4930 et
2002 4874 2163 4930 ﬁdem

592 4977 849 5032 affectare
886 4992 905 5030 :
933 4974 1050 5029 lucc
1074 4972 1223 5029 enim
1264 4970 1422 5026 facile
1453 4969 1832 5026 simulantium
1864 4977 2061 5023 ornata
2108 4974 2163 5023 et

594 5067 760 5140 polita
797 5071 942 5122 intus
970 5065 1232 5118 latentem
1260 5060 1658 5129 turpitudinem
1690 5066 1951 5129 arguunt.
2008 5056 2160 5122 Mihi,

602 5155 775 5226 inquit
806 5151 1116 5223 spiritualis
1161 5151 1350 5220 sponsi
1405 5150 1839 5221 paranymphus,
1888 5161 1962 5203 an
2016 5149 2162 5204 intus

593 5242 945 5316 pulchritudo
962 5240 1150 5297 cordis
1180 5247 1236 5294 et
1269 5239 1574 5295 secundum
1623 5244 1881 5293 naturam
1925 5237 2159 5309 spiritus

590 5344 852 5393 venustas
884 5333 1061 5404 placet
1082 5332 1227 5388 sicut
1245 5339 1300 5385 et
1330 5329 1437 5384 Deo
1470 5331 1665 5385 virtus.

1967 293 2259 351 NICETAS
2299 293 2385 350 DA
2398 294 2508 349 VID

2271 409 2573 476 σιουργίαν,
2630 409 2725 462 καὶ
2786 408 3040 462 πλουτεῖν
3071 408 3173 481 μὲν
3197 407 3368 481 μόνην
3390 411 3491 483 τὴν
3521 410 3753 485 θεότητα
3775 416 3842 476 ὡς

2268 500 2329 551 ὲν
2346 500 2595 570 ἐσόπτρῳ
2619 500 2824 571 ταύτην
2850 501 3133 567 εἰλικρινεῖ
3151 502 3228 573 τῷ
3260 503 3374 573 ίδίῳ
3404 502 3483 573 νῷ
3506 506 3841 575 φανταζόμε-

2270 590 2414 660 νονῆ
2450 590 2886 660 καταθεώμενον,
2940 592 3118 645 πάντα
3164 592 3222 645 δὲ
3250 592 3341 646 τὸν
3383 593 3618 665 φθαρτὸν
3640 598 3842 649 τουτονὶ

2271 682 2475 750 κόσμον
2499 680 2593 735 καὶ
2612 680 2679 734 τὰ
2699 682 2760 734 ἐν
2788 680 2939 753 αὑτῷ
2966 682 3177 751 μεγάλα
3208 686 3320 746 τοῖς
3338 683 3550 748 πολλοῖς
3567 670 3839 751 δοκοῦντα,

2273 773 2365 826 ίσα
2399 773 2493 825 καὶ
2524 772 2843 844 ἀραχναίοις
2894 776 3099 844 νήμασι
3124 776 3235 838 τοῖς
3274 775 3606 840 εὐδιαλύτοις
3624 776 3724 830 καὶ
3752 796 3842 831 σα-

2274 863 2555 934 θροτάτοις
2618 865 2882 934 παρορᾷν.
2930 866 3041 918 Καὶ
3087 865 3196 936 γὰρ
3230 866 3408 920 πάντα
3456 866 3554 936 μὲν
3586 867 3759 938 ἄρδην
3782 868 3845 922 τὰ

2273 948 2423 1001 τοῦδε
2477 947 2572 1001 τοῦ
2640 946 2755 1018 βίου
2788 949 2896 1001 τῶν
2936 947 3238 1022 ἀνθρώπων
3273 950 3456 1017 ἀγαθά
3481 950 3747 1023 ἀλλότριά
3789 970 3842 1005 τε

2272 1039 2450 1093 αὐτῶν
2477 1040 2573 1092 καὶ
2636 1038 2833 1104 ἔξωθεν
2867 1040 3081 1110 ὁρᾶται,
3115 1039 3251 1110 μόνη
3289 1040 3348 1093 δὲ
3376 1042 3413 1111 ἠ
3443 1040 3604 1112 ἀρετὴ
3637 1043 3845 1114 ἀνθρω-

2275 1132 2404 1203 πίνη
2427 1131 2563 1192 ἐστὶ,
2592 1132 2685 1183 καὶ
2708 1130 2844 1199 αὕτη
2871 1131 3008 1202 μόνη
3028 1131 3128 1200 τῆς
3152 1130 3385 1185 ἐνταῦθα
3404 1130 3637 1201 βιώσεως
3663 1134 3843 1204 ὄνησίς

2275 1224 2392 1275 ἐστι
2443 1223 2540 1275 καὶ
2597 1222 2831 1292 ὠφέλεια
2880 1225 2947 1292 τῇ
3003 1222 3171 1293 ψυχῇ.
3207 1222 3379 1276 Τοῦτο
3408 1224 3473 1295 δὴ
3518 1224 3613 1278 καὶ
3638 1224 3841 1289 αὑτδςό

2274 1313 2548 1385 ἄφθαρτος
2600 1315 2694 1368 καὶ
2748 1314 3015 1377 ἀθάνατος
3054 1314 3147 1368 τοῦ
3180 1314 3315 1369 Θεοῦ
3355 1315 3507 1384 λόγος
3537 1319 3673 1370 πᾶσι
3702 1318 3843 1380 λαοῖς

2276 1406 2450 1476 ὲμὸοᾷ
2499 1407 2594 1459 καὶ
2644 1406 3027 1475 συγκαλεῖται⁸
3065 1406 3223 1478 Δεῦρ’
3257 1406 3361 1475 ίτε,
3391 1409 3610 1474 πάντες,
3645 1409 3841 1473 ἔλθετε,

2276 1496 2413 1565 πρὸς
2443 1496 2541 1564 τὴν
2566 1496 2662 1566 τῆς
2689 1494 3082 1567 ὑπερθυρανίου
3119 1496 3347 1568 Τριάδος
3384 1498 3677 1566 ἐπίγνωσιν
3707 1498 3843 1550 ἐπεί-

2275 1584 2460 1652 γεσθε,
2487 1586 2583 1638 καὶ
2618 1586 2795 1639 πάντα
2838 1586 2929 1639 τὸν
2966 1585 3171 1655 κόσμον
3202 1588 3297 1640 καὶ
3320 1588 3388 1641 τά
3415 1589 3472 1641 ὲν
3493 1587 3642 1657 αὐτῷ
3661 1588 3739 1651 ὡς
3758 1588 3844 1641 ἁλι

2274 1676 2461 1747 λότρια
2494 1676 2623 1729 sm
2643 1677 3087 1749 ὑπερϐαίνοντες,
3122 1679 3209 1732 διὰ
3229 1680 3385 1748 λόγου
3424 1682 3517 1734 καὶ
3536 1678 3767 1752 θεωρίας
3788 1679 3843 1731 τὸ

2274 1770 2537 1841 ὑμέτερον
2566 1769 2904 1840 ὲκζητήσατε
2928 1769 3113 1824 καλόν.

2272 1923 2341 1977 33
2369 1920 2559 1978 Θέσθε
2612 1923 2778 1986 νόον,
2810 1922 2998 1987 βιότῳ
3043 1923 3163 1993 μὲν
3211 1923 3399 1991 ὅσους
3436 1924 3619 1995 γάμος
3664 1926 3842 1995 ἁγνὸς

2271 2060 2341 2116 54
2441 2060 2661 2130 Ληνοῖς
2687 2061 2996 2129 οὐρανίαις
3030 2064 3285 2119 πλείονα
3314 1993 3778 2134 καρπὸνξξτηῇῗ.

2342 2260 2541 2315 Τοῦτον
2594 2260 2723 2330 ὑμῖν
2750 2260 2841 2314 τδν
2879 2260 3035 2329 λόγον
3062 2261 3313 2317 ὶνθὲσθαι
3338 2262 3603 2345 βούλομαι
3642 2264 3726 2337 τῷ
3752 2265 3844 2337 νῷ,

2271 2350 2367 2404 καὶ
2402 2350 2605 2420 ταύτην
2634 2352 2755 2413 ταῖς
2782 2351 3075 2421 ὑμετέραις
3093 2352 3345 2423 καρδίαις
3367 2354 3723 2425 ἑνωτισθῆναι
3750 2357 3844 2427 τὴν

2273 2438 2495 2510 βουλήν.
2521 2441 2717 2502 Ὀσους
2743 2440 2841 2511 μὲν
2871 2441 3034 2510 ἀγνὸς
3053 2441 3230 2512 γάμος
3266 2445 3361 2498 καὶ
3393 2444 3615 2514 ἔννομος
3639 2446 3723 2516 τῷ
3755 2447 3849 2518 βίῳ

2273 2529 2583 2598 συνέδησεν,
2640 2530 2762 2583 ἐπεὶ
2806 2530 2882 2601 μὴ
2909 2533 3039 2601 ῥᾷον
3079 2532 3411 2588 ἀπολύεσθαι
3460 2536 3567 2590 τῶν
3610 2536 3846 2611 δεσμῶν.

2273 2623 2394 2682 ταῖς
2424 2622 2700 2691 οὐρανίαις
2734 2620 2915 2691 ληνοῖς
2945 2623 3041 2676 καὶ
3065 2626 3185 2689 ταῖς
3213 2624 3306 2679 τοῦ
3335 2626 3474 2679 Θεοῦ
3503 2627 3850 2701 Ἐκκλησίαις

2275 2711 2417 2767 κατά
2440 2712 2695 2766 τοσοῦτον
2723 2713 2948 2767 πλείονα
2964 2720 3335 2788 καρποφορεῖν
3367 2717 3611 2788 ὀφείλετε
3639 2721 3849 2793 Κυρίῳ,

2275 2801 2398 2855 καθ’
2461 2802 2587 2855 ὅσον
2642 2803 2737 2856 καὶ
2768 2802 3008 2857 πλεόνων
3068 2805 3199 2875 ὑμῖν
3228 2805 3450 2876 μέτεστι
3488 2809 3597 2861 τῶν
3621 2809 3739 2863 ἀπὸ
3763 2810 3851 2864 τοῦ

2275 2894 2482 2962 κόσμου
2536 2894 2900 2963 ἀγαθῶν.“Εκ
2942 2912 3004 2947 τε
3046 2896 3155 2967 γὰρ
3194 2897 3302 2950 τῶν
3334 2898 3618 2968 φυομένων
3648 2900 3854 2954 τέκνων

2275 2986 2335 3049 εξ
2365 2987 2541 3056 ὑμῶν,
2580 2987 2642 3039 ἐκ
2661 3004 2721 3039 τε
2759 2986 2866 3040 τῶν
2903 2988 3013 3040 ἀπὸ
3034 2991 3135 3059 τῆς
3163 2989 3268 3057 γῆς
3295 2992 3744 3062 περιουσιασμῶν
3767 2994 3854 3047 καὶ

2274 3078 2377 3148 τῆς
2424 3077 2533 3131 τῶν
2577 3078 2807 3148 καρπῶν
2849 3079 3106 3133 ἁπάντων
3148 3081 3421 3145 ποικιλίας
3480 3082 3550 3135 τά
3595 3083 3853 3138 κάλλιστα

2278 3170 2605 3241 προσφέρειν
2637 3169 2731 3221 καὶ
2784 3170 3140 3240 καρποδοτεῖν
3185 3171 3263 3241 τῷ
3285 3169 3536 3225 δεδωκότι
3572 3173 3644 3227 τὰ
3681 3175 3856 3228 πάντα

2275 3260 2494 3321 πάντως
2544 3257 2755 3329 χρεών’
2796 3259 2918 3313 ὅσαι
2965 3259 3023 3312 δὲ
3066 3260 3279 3332 ἀγαμίᾳ
3328 3264 3422 3314 καὶ
3454 3262 3731 3336 παρθενίᾳ
3762 3266 3857 3334 ζῇν

2275 3350 2693 3421 αἱρετισάμεναι
2723 3349 2913 3421 ψυχαὶ,
2932 3350 3023 3404 τὸν
3048 3352 3220 3421 μέγαν
3256 3351 3349 3406 τοῦ
3381 3352 3517 3406 Θεοῦ
3551 3354 3756 3423 Λόγον,
3786 3356 3856 3419 ὡς

2275 3441 2433 3507 ἁγναὶ
2463 3440 2673 3509 νύμφαι
2711 3441 2804 3493 καὶ
2834 3440 3021 3510 νοεραὶ
3062 3441 3156 3493 καὶ
3190 3440 3451 3512 καθαραὶ,
3480 3442 3675 3497 τοῦτον
3701 3447 3857 3513 ἐναγ-

2274 3526 2943 3597 καλίξεσθαιπροείλεσθε,
2974 3528 3151 3583 πάντα
3178 3528 3297 3599 Θεῷ
3329 3531 3651 3602 προσάγειν,
3682 3534 3859 3587 πάντα

2273 3614 2491 3686 Χριστῷ
2518 3617 2783 3687 προσήκει
2820 3620 3212 3688 καρποφορεῖν,
3234 3618 3401 3689 μηδὲν
3420 3619 3860 3693 ὑπολειπομένας

2272 3707 2489 3781 ἑαυταῖς
2518 3722 2534 3737 ·
2564 3706 2657 3760 καὶ
2685 3706 2778 3759 τὸν
2823 3708 2932 3760 ἀπὸ
2966 3706 3063 3762 τοῦ
3094 3709 3455 3777 νοσφίσασθαί
3500 3728 3554 3764 τι
3606 3714 3858 3768 κίνδυνον

2273 3798 2303 3849 ό
2336 3797 2584 3860 Ἀνανίας
2610 3797 2705 3850 καὶ
2748 3800 2781 3867 ή
2810 3797 2924 3869 (77)
2958 3798 3242 3870 Σάπφειρα
3269 3802 3719 3872 παραδεικνύτω.

2270 3888 2460 3959 ᾼῖγλη
2484 3888 2900 3957 παμφανόωσα
2925 3889 3318 3957 μονότροπος.

2273 3978 2428 4033 Πᾶσα
2492 3981 2640 4052 ψυχή
2707 3979 3029 4053 μονότροπον
3098 3979 3209 4048 βίον
3270 3979 3366 4033 καὶ
3397 3980 3735 4051 παρθενικὸν
3771 3984 3861 4037 καὶ

2271 4065 2451 4133 ἄζυγα
2488 4066 2759 4136 εὐξαμένη
2810 4066 2888 4137 τῷ
2912 4068 3101 4137 Κυρίῳ
3131 4068 3228 4121 καὶ
3270 4067 3413 4121 οὕτω
3445 4069 3594 4139 βιοῦν
3626 4074 3860 4143 προελο-

2276 4155 2432 4225 μένη,
2494 4153 2657 4224 αἴγλη
2691 4170 2775 4217 τις
2822 4155 2916 4207 καὶ
2948 4154 3226 4225 φωτισμδς
3254 4159 3556 4229 παμφανὴς
3580 4164 3703 4223 τοῖς
3722 4161 3860 4232 ὁρῶ-

2273 4264 2356 4299 σιν
2389 4246 2594 4315 ὀφείλει
2632 4245 3121 4300 καταδείκνυσθαιί
3172 4246 3287 4300 ἀλλ’
3334 4250 3857 4306 ἀποδιαστέλλουσαι

2271 4338 2370 4409 τὴν
2405 4337 2615 4391 ἑαυτῶν
2642 4336 2787 4407 ζωὴν
2831 4336 2925 4389 τοῦ
2960 4336 3165 4408 κόσμου
3192 4340 3286 4391 καὶ
3311 4339 3420 4392 τῶν
3444 4341 3739 4411 κοσμικῶν
3763 4343 3858 4397 ἀν-

2273 4427 2300 4480 θ
2310 4428 2507 4499 ρώπων
2540 4429 2634 4482 καὶ
2654 4428 2956 4501 σαρκικῶν,
2977 4427 3055 4491 ὡς
3086 4429 3277 4502 πόρρω
3300 4430 3737 4501 καθιστάμεναι,
3766 4435 3856 4487 καὶ

2269 4512 2369 4574 τὰς
2390 4512 2529 4583 πρὸς
2547 4514 2742 4578 αὐτοὺς
2756 4514 3041 4577 κοινωνίας
3069 4515 3146 4579 ὡς
3166 4515 3234 4569 τά
3264 4516 3435 4571 πολλά
3455 4519 3547 4571 καὶ
3569 4520 3856 4593 ἑταιρικάς

2266 4602 2561 4674 φιλότητας
2585 4605 2929 4659 ἑκκλίνουσαι
2949 4621 2965 4636 °
3000 4604 3191 4678 ὥσπερ
3218 4609 3297 4675 δὲ,
3319 4611 3475 4680 φησι,
3506 4612 3712 4681 ψευδὲς
3729 4614 3857 4667 κάλ·

2262 4695 2352 4758 λος
2385 4694 2639 4765 σώματος
2667 4696 2764 4749 καὶ
2792 4695 3118 4767 ὲφόὸριστον
3141 4698 3203 4751 τὸ
3220 4701 3278 4753 ὲν
3299 4700 3552 4771 χρώμασι
3584 4701 3858 4768 διανθιζό-

2265 4800 2444 4853 μενον,
2472 4784 2502 4836 δ
2533 4784 2895 4857 ἑταιρίστριαι
2923 4789 3037 4850 τοῖς
3068 4789 3249 4843 αὐτῶν
3285 4790 3601 4861 προσώποις
3626 4795 3854 4849 ὑπαλεί-

2261 4889 2478 4943 φουσαι,
2502 4874 2628 4938 τοὺς
2661 4876 2839 4930 αὐτῶν
2860 4877 3096 4947 ἐραστὰς
3114 4879 3481 4936 διαπλανῶσιν
3499 4898 3514 4913 ⁸
3537 4882 3723 4949 οὕτως
3743 4885 3857 4941 ἀτι-

2269 4980 2369 5033 μον
2402 4964 2495 5018 καὶ
2522 4964 2814 5034 θεοστυγὲς
2865 4966 2941 5039 μὴ
2980 4969 3038 5021 ὲν
3076 4970 3328 5041 καρδίαις
3360 4971 3852 5045 θεοφορουμὲναις,

2266 5055 2383 5109 ἀλλ’
2414 5057 2472 5109 ὲν
2522 5056 2809 5128 χρώμασιν
2850 5060 3231 5131 ἀσκουμένων,
3263 5064 3360 5117 καὶ
3400 5065 3851 5139 μελανοφορίαις,

2264 5146 2358 5200 καὶ
2385 5147 2629 5218 σχήμασι
2654 5148 2830 5217 ψιλοῖς
2863 5148 3047 5220 μόνοις
3064 5151 3165 5222 τὴν
3200 5152 3498 5226 μοναδικὴν
3518 5155 3734 5227 ἀρετὴν
3762 5159 3855 5210 καὶ

2263 5235 2445 5291 πίστιν
2490 5238 2915 5294 ἐπιδείκνυσθαι.
2960 5240 3146 5295 Ταῦτα
3202 5241 3311 5314 γὰρ
3356 5244 3427 5296 ἂν
3477 5243 3709 5314 ῥᾳδίως.
3745 5248 3854 5301 τῶν

2262 5329 2709 5399 ὑποκρινομένων
2728 5329 3063 5386 ὲκπλυθέντα
3076 5334 3170 5387 καὶ
3190 5333 3581 5402 ἀποξεσθέντα,
3604 5336 3713 5409 τὴν
3728 5338 3851 5392 λαν-

591 5429 855 5483 θάνουσαν
893 5420 1041 5477 ἔνδον
1098 5421 1486 5493 ἀσχημοσύνην
1524 5419 1823 5488 ἀπελέγξαι
1846 5436 1865 5452 ι
1914 5418 2039 5490 ἐμοὶ
2076 5417 2152 5481 δὲ,
2203 5420 2375 5489 φησιν
2406 5420 2434 5471 ὁ
2474 5420 2574 5475 τοῦ
2610 5421 2803 5493 νοητοῦ
2860 5425 3096 5496 νυμφίου
3152 5424 3523 5495 νυμφοστόλος
3597 5431 3675 5486 τὸ
3712 5429 3851 5482 κατὰ

591 5521 755 5594 βάθος
786 5516 981 5581 κάλλος
1011 5516 1111 5588 τῆς
1140 5514 1369 5587 καρδίας
1389 5514 1484 5568 καὶ
1514 5517 1549 5587 ἡ
1582 5514 1787 5588 φυσικὴ
1814 5512 1911 5569 τοῦ
1939 5514 2058 5576 νοὸς
2087 5512 2355 5590 ὡραιότης
2382 5518 2706 5591 προσφιλὴς,
2735 5520 2812 5589 ὼς
2832 5523 2927 5580 καὶ
2948 5520 3068 5593 Θεῷ
3095 5520 3282 5594 ἀρετή.

660 5697 776 5767 t7?)
803 5694 871 5751 ν.
905 5709 1073 5750 carm.
1108 5695 1161 5761 5,
1198 5693 1303 5750 452
1332 5701 1381 5747 et
1408 5708 1583 5761 γνωμ.
1614 5696 1680 5761 η’,

3746 300 3951 356 78ιί
