4020 6302
96 660 240 712 ,εν-ί

180 465 273 533 785

177 591 232 644 ιι
259 593 422 660 Μήτι
445 589 843 658 δικαιοσύνην
868 587 975 660 τιν’
991 586 1266 657 ἀκαμπέτι
1284 587 1436 659 μήτε
1450 591 1751 659 φρόνησιν

378 660 825 729 Ἀγκυλόεσσαν
857 659 1037 727 ἔχειν.

243 748 431 801 Πάντα
468 748 673 818 μέτρῳ,
709 749 886 798 πάντα
911 745 1137 815 σταθμῷ
1163 742 1233 798 τά
1260 761 1317 796 τε
1349 743 1451 814 ἢθη
1481 744 1574 797 καὶ
1601 743 1746 812 πάθη
1789 799 1792 804 κ

176 834 459 904 ῥυθμίζειν
509 836 607 903 τῆς
656 834 860 903 ψυχῆς,
901 833 996 886 καί
1038 849 1101 902 γε
1133 831 1234 896 τὰς
1260 832 1320 884 ὲν
1342 833 1525 894 αὐτοῖς
1551 848 1750 902 κατορ-

174 926 441 996 θουμένας
465 923 573 976 τῶν
607 923 815 993 ἀρετῶν
844 923 1134 976 διευθετεῖν
1162 923 1267 994 χρὴ
1296 924 1390 977 καὶ
1420 922 1634 975 τάττειν
1656 923 1751 974 καὶ

174 1017 420 1083 κοσμεῖν.
449 1014 512 1067 Et
545 1013 653 1082 γὰρ
685 1014 780 1069 καὶ
811 1013 976 1068 καλὸν
1007 1015 1039 1080 ἠ
1076 1012 1388 1083 δικαιοσύνη
1428 1013 1526 1077 καὶ,
1557 1013 1589 1082 ἡ
1614 1012 1750 1082 φρό-

171 1121 329 1172 νησις
371 1103 560 1173 (καλαὶ
614 1105 723 1174 γὰρ
779 1105 875 1157 καὶ
940 1103 1050 1156 τῶν
1093 1103 1304 1174 ἀρετῶν
1351 1105 1408 1155 αἱ
1463 1102 1748 1156 κάλλισται

175 1193 515 1264 ὐμνοῦνται),
560 1194 675 1248 ἀλλ’
706 1196 760 1247 εί
808 1212 891 1256 τις
921 1194 1369 1266 ὑπερϐαλλόντως
1392 1193 1500 1246 καὶ·
1521 1191 1680 1245 πλέον
1716 1190 1748 1260 ἢ

169 1286 249 1338 δεῖ
275 1284 342 1337 τὸ
370 1285 576 1338 δίκαιον
607 1284 804 1355 μετίοι,
866 1286 946 1349 είς
1000 1284 1234 1355 ἀκαμπῆ
1286 1285 1380 1337 καὶ
1415 1282 1750 1351 ἀνελεήμονα

171 1372 399 1443 γνώμην
420 1373 734 1426 διαπίπτων
775 1373 868 1426 καὶ
901 1373 1280 1444 διαμαρτάνων
1305 1373 1403 1444 τῇς
1431 1371 1750 1434 ἐπιεικείας,

170 1464 245 1526 ὡς
281 1464 348 1516 οὐ
402 1463 628 1526 δικαίως
676 1462 739 1515 τὸ
784 1462 992 1516 δίκαιον
1055 1463 1284 1526 διώκων,
1331 1462 1432 1514 οὐκ
1472 1460 1752 1523 ὲπαινετδς

173 1554 329 1610 ῐσται
347 1572 362 1586 ο
381 1555 540 1609 πάλιν
559 1569 572 1583 ⁶
616 1555 682 1607 Ἥ
707 1555 966 1625 φρόνησις
994 1554 1055 1607 τὸ
1092 1553 1364 1615 λυσιτελὲς
1389 1552 1474 1606 ἀεὶ
1503 1552 1596 1605 καὶ
1625 1568 1752 1604 συν-

170 1646 318 1697 οῑσον
346 1641 722 1713 ὲπινοουμένη,
778 1644 828 1694 εί
856 1642 932 1712 μὴ
957 1641 1096 1711 μετά
1131 1640 1438 1711 ἁπλότητος
1470 1640 1565 1693 καὶ
1588 1638 1752 1710 ὀρθοῦ

171 1732 362 1803 λόγου,
385 1732 522 1787 ἀλλά
542 1732 882 1804 σκολιότητος
906 1733 1000 1786 καὶ
1033 1732 1168 1803 πρὸς
1196 1730 1368 1786 ἀλλων
1391 1730 1594 1802 ζημίαν
1623 1729 1752 1785 ίδιον

128 1821 366 1894 ,κέρδος
419 1821 823 1895 ὲξευρίσκουσα,
871 1820 1065 1875 οὔκουν
1115 1822 1283 1892 ἀρετὴ
1324 1819 1467 1874 τοῦτ’
1515 1821 1584 1876 ἂν
1627 1819 1752 1890 air];

175 1910 280 1962 οὐδ’
313 1910 538 1965 ἐπαίνου
597 1910 794 1982 μᾶλλον
844 1910 878 1980 ἢ
925 1909 1092 1980 ψόγου
1153 1911 1248 1962 καὶ
1274 1910 1528 1980 διαϐολῆς
1567 1908 1749 1974 ἀξιον·

171 2000 312 2055 ἀλλὰ
344 2002 441 2055 καὶ
465 2001 528 2054 τὸ
561 2000 759 2072 Θάρσος
787 1999 942 2064 αὐτὸ,
984 2001 1137 2070 φησὶ,
1171 1999 1463 2071 νωμάσθω,
1495 2001 1589 2052 καὶ
1617 2017 1754 2070 συμ-

175 2092 394 2163 μέτρως
445 2089 636 2162 ἐχέτω,
659 2091 753 2144 καὶ
787 2088 1091 2160 μεριζέσθω
1136 2090 1314 2154 καλῶς
1335 2106 1348 2119 ο
1379 2081 1523 2143 οὕτω
1553 2089 1659 2161 γὰρ
1685 2089 1752 2144 ἂν

171 2181 369 2252 ἀνδρία
391 2183 619 2250 γένοιτο,
636 2185 732 2236 καὶ
755 2181 884 2246 ἀξία
908 2180 1128 2234 ἐπαίνου
1153 2181 1358 2258 ἀρετή-ο
1385 2181 1506 2234 είδέ
1525 2194 1589 2249 γε
1610 2180 1752 2250 πέρα

171 2270 264 2323 τοῦ
293 2270 510 2334 δέοντος
538 2267 700 2324 ἆττον
719 2269 1039 2341 ὐπερπέσοι,
1071 2268 1252 2322 οὐκέτι
1280 2268 1471 2339 ἀνδρία
1496 2271 1591 2322 καὶ
1621 2267 1756 2338 κρά-

170 2378 284 2424 τος,
310 2361 446 2414 ἀλλά
465 2362 663 2432 θράσος
689 2360 841 2413 ἔσται
863 2360 959 2413 καὶ
989 2359 1269 2430 μωμητόν.
1285 2357 1441 2412 Οὕτω
1469 2359 1560 2411 καὶ
1584 2359 1616 2428 ἡ
1650 2374 1755 2411 σω-

171 2451 418 2520 φροσύνη
447 2451 547 2503 οὐκ
573 2453 629 2503 ὲν
661 2448 740 2521 τῷ
771 2448 1050 2520 ὲμϐριθῶς
1079 2449 1217 2517 ἀγαν
1238 2448 1333 2501 καὶ
1365 2448 1638 2519 στιϐαρῶς
1669 2449 1756 2501 ἀεὶ

171 2543 268 2594 καὶ
324 2541 460 2612 πρὸς
514 2541 718 2603 πάντας
740 2540 819 2610 τῷ
868 2539 1250 2610 ἐπιθυμητικῷ
1289 2537 1612 2610 κεχρῆσθαι,
1641 2537 1755 2591 ἀλλ’

171 2632 324 2686 εστιν
356 2633 446 2684 ὅτε
475 2634 567 2685 καὶ
595 2631 733 2704 πρός
778 2648 832 2685 τι
867 2631 973 2685 τῶν
1006 2630 1358 2702 ὲπιθυμητῶν
1386 2628 1634 2700 γαληνῶς
1663 2629 1758 2682 καὶ

172 2721 358 2790 ἠπίως
390 2720 690 2773 διακεῖσθαι
726 2719 1081 2789 σωφροσύνης
1111 2718 1278 2770 ἐστίν.
1315 2717 1425 2770 Καὶ
1461 2715 1635 2768 ταῦτα
1658 2715 1756 2784 μὲν

171 2810 312 2880 πρός
343 2825 395 2862 τι
422 2808 679 2863 καὶκατὰ
705 2809 795 2861 τὸν
819 2811 1161 2879 προσήκοντα
1196 2805 1501 2877 μετρείσθω
1531 2804 1720 2875 καιρόν
1744 2821 1756 2834 '

170 2900 265 2953 τὸν
293 2899 425 2980 νοῦν
476 2899 532 2952 δὲ
577 2899 674 2961 τοῦ
713 2898 848 2952 Θεοῦ
898 2899 1099 2968 λογίοις
1147 2896 1464 2975 ὐπανοίγειν
1490 2894 1584 2948 καὶ
1640 2897 1766 2971 ταῖς

172 2971 630 3062 θείαιξμελέταις
676 2991 765 3044 ἀεὶ
819 2990 1212 3061 προσασχολεῖν
1246 2969 1530 3042 κάλλιστόν
1574 3000 1632 3040 τε
1667 2969 1763 3038 καὶ

171 3081 516 3158 τελειότατον
539 3083 656 3143 ταῖς
717 3080 1094 3142 θεοπνεύστοις
1155 3077 1474 3148 ίερολογίαις
1522 3076 1763 3139 ἀπάσαις

175 3174 542 3244 μαρτυρεῖται
565 3187 578 3201 ·
640 3170 782 3225 οὕτω
828 3170 938 3242 γὰρ
966 3171 1030 3223 ἄν
1057 3187 1143 3233 τις
1176 3169 1286 3222 τῶν
1315 3168 1582 3238 οὐρανίων
1615 3166 1762 3237 νομί-

176 3281 296 3332 μων
328 3260 425 3315 τοῦ
452 3259 752 3330 πνεύματος
802 3261 1125 3330 ἐπιστήμων
1171 3257 1543 3328 καθειστήκοι.
1580 3255 1758 3308 Σπεύ-

174 3351 292 3403 δειν
312 3347 522 3421 μὲνοῦν
545 3349 762 3431 ἄριστον
783 3345 944 3413 εἶναι,
965 3347 1250 3401 κάλλιστόν
1277 3364 1335 3399 τε
1358 3347 1450 3400 καὶ
1468 3345 1759 3414 παγκλεές·

173 3442 440 3512 ἀρέσκειν
461 3440 518 3494 δὲ
548 3439 622 3511 μὴ
656 3441 849 3493 πᾶσινσ
885 3441 945 3492 οὐ
977 3439 1086 3509 γάρ
1118 3439 1211 3492 καὶ
1246 3441 1360 3501 τοῖς
1393 3440 1582 3499 κακοῖς
1611 3437 1764 3489 δυνα-

174 3532 292 3596 τὸν,
325 3531 441 3584 ἀλλ’
489 3525 571 3594 οἷς
623 3529 772 3596 ἀξιον
813 3529 1088 3601 ἀρέσκειν,
1136 3531 1248 3591 τοῖς
1274 3528 1496 3596 ἀγαθοῖς
1525 3526 1762 3599 δηλαδή’

175 3623 390 3685 κακοὺς
407 3621 515 3693 γὰρ
534 3623 772 3691 τέρπειν,
790 3620 916 3688 δόξα
935 3619 1051 3671 ἐστὶ
1079 3617 1342 3688 δυσκλεὴς
1365 3618 1454 3670 καὶ
1483 3617 1761 3687 θεομισής.

183 3714 255 3769 49
295 3714 564 3780 Δὶσχρὸν
614 3696 862 3780 ἄριστον
920 3710 1118 3773 ἐόντα,
1189 3707 1531 3847 συνήπῑοὲλον
1564 3706 1765 3786 ἔμμεν*

1500 3793 1693 3843 ιτρων.

1500 3793 1693 3843 ιτρων.

255 3869 490 3942 Aiaxpr
513 3870 629 3940 ἅμα
655 3871 747 3924 καί
770 3869 952 3924 ἄδικον
978 3868 1074 3922 καὶ
1104 3875 1338 3938 πονηρὸν
1357 3909 1371 3933 ,
1407 3865 1608 3934 ἀγαθὸν
1638 3866 1768 3920 ὄντα

177 3968 356 4036 ἄνδρα
391 3963 486 4017 καὶ
514 3963 723 4016 δίκαιον
751 3961 901 4032 (78),
943 3963 1242 4034 συνήγορον
1272 3959 1501 4032 ὁρᾶσθαι
1524 3959 1631 4012 τῶν
1669 3979 1767 4014 πο-

184 4054 373 4125 νῖρῶν
420 4054 512 4106 καὶ
559 4049 764 4105 κακῶν.
803 4051 924 4107 ’Καὶ
966 4051 1074 4120 γὰρ
1111 4051 1316 4122 ὅμοιον,
1348 4051 1500 4122 φησὶ,
1533 4052 1625 4103 καὶ
1656 4051 1768 4105 ἴσον

181 4144 422 4214 ὑπάρχει
447 4143 508 4195 τὸ
536 4139 842 4210 φιλιοῦσθαι
871 4144 982 4204 τοῖς
1010 4144 1200 4204 κακοῖς
1227 4139 1323 4194 καί
1358 4158 1508 4209 σφισι
1548 4156 1770 4211 συνηγο-

176 4240 299 4306 ρεῖν
330 4233 410 4305 τῷ
451 4234 552 4304 τῆς
589 4232 768 4287 αὐτῶν
797 4232 993 4296 κακίας
1027 4232 1177 4296 ἐντὸς
1223 4226 1361 4287 εἶναι
1405 4232 1499 4286 καὶ
1551 4233 1608 4286 ἐν
1650 4235 1768 4296 ταῖς

173 4325 520 4390 ὁδοῖςαύτῶν
540 4323 884 4395 πορεύεσθαι.
917 4324 1116 4378 Πάλιν·
1146 4323 1286 4394 Πυρὶ
1311 4323 1407 4393 μὲν
1438 4323 1532 4376 καὶ
1563 4341 1769 4393 χωνευ-

184 4418 366 4489 τηρίῳ
392 4415 486 4469 τὸν
526 4414 729 4486 χρυσὸν
758 4413 1093 4485 δαμάζεσθαι
1133 4414 1543 4486 μεμαθήκαμεν.
1563 4416 1658 4468 καὶ
1687 4416 1771 4468 δο-

171 4507 522 4580 κιμάζεσθαι
548 4524 561 4537 ·
605 4507 772 4578 ἀνδρα
799 4507 855 4560 δὲ
879 4507 1082 4575 ἀγαθὸν
1108 4511 1221 4570 τοῖς
1246 4507 1465 4576 ἄλγεσιν
1492 4509 1648 4578 ἴσμεν
1675 4508 1769 4562 καὶ

174 4600 374 4661 πὸνοις
399 4596 802 4651 ταπεινοῦσθαι.
820 4597 910 4668 Μὴ
935 4592 1030 4650 οὖν
1055 4596 1154 4660 τὰς
1185 4596 1501 4667 ἀλγηδόνας,
1518 4593 1562 4650 ὦ
1590 4581 1764 4661 οὗτος,

174 4688 453 4750 πολλάκις
485 4687 688 4752 δεδιιξ,
719 4687 1021 4758 ὑπενεχθῇς
1051 4689 1117 4756 τῇ
1153 4686 1378 4758 ἀσεϐείᾳ
1413 4687 1505 4740 καὶ
1536 4703 1769 4757 συνηγο-

175 4779 295 4850 ρῶν
328 4778 504 4848 ὀφθῇς
527 4779 637 4840 τοῖς
665 4778 877 4839 κακοῖς.
917 4772 1048 4833 Οἶδα
1087 4775 1215 4849 γὰρ,
1252 4775 1408 4845 φησὶ,
1439 4775 1500 4828 τὸ
1520 4775 1769 4829 διέὐσέ-

174 4866 342 4920 ϐειαν
376 4866 542 4935 ἄλγος
581 4866 907 4936 κουφότερον
945 4864 1006 4918 δν
1033 4862 1135 4933 τῆς
1186 4863 1481 4926 εὐπαθείας
1512 4863 1619 4917 τῶν
1639 4863 1769 4916 ἀσε-

175 4957 297 5010 ϐῶν
353 4956 450 5009 καὶ
495 4952 557 5010 τὸ
588 4957 724 5026 μετά
774 4954 1010 5028 Χριστοῦ
1052 4954 1310 5022 πάσχειν,
1362 4955 1455 5007 τοῦ
1488 4954 1627 5025 μετά
1662 4953 1770 5008 τῶν

175 5045 588 5118 Χριστομάχων
623 5049 831 5117 τρυφᾷν
875 5043 1232 5116 αίρετώτερον
1268 5045 1364 5098 καὶ
1401 5043 1658 5115 ηδύτερον
1684 5043 1766 5097 ὅτι

178 5140 430 5211 μάλιστα
459 5136 540 5208 τῷ
564 5135 811 5191 εὐσεϐεῖ.
853 5136 1024 5190 Πάλιν
1051 5151 1067 5167 ο
1111 5135 1320 5206 Ῥᾴδιον
1349 5135 1414 5189 ἂν
1442 5133 1530 5204 εἴη
1559 5135 1653 5188 καὶ
1677 5135 1768 5187 τὸν

180 5218 374 5300 μέγαν
401 5223 743 5295 ἀρνήσασθαι
767 5224 898 5278 Θεὸν
920 5224 1081 5278 παντὶ
1106 5223 1184 5294 τῷ
1211 5224 1442 5293 ἑτοίμως
1471 5224 1644 5293 ἔχοντι
1676 5223 1769 5277 τὸν

174 5318 393 5373 οἰκεῖον
427 5314 636 5386 πατέρα
665 5315 1062 5387 ἀπαρνεῖσθαι·
1105 5314 1210 5385 χρὴ
1242 5315 1318 5380 δὲ,
1349 5314 1424 5385 μὴ
1449 5314 1523 5378 ὡς
1556 5314 1769 5382 φύσεως

180 5410 378 5482 μόνον,
406 5404 542 5459 ἀλλά
567 5406 662 5458 καὶ
688 5405 764 5467 ὡς
796 5404 1076 5468 εὐσεϐείας
1118 5405 1384 5475 γενετῆρα
1417 5406 1605 5458 τοῦτον
1636 5405 1770 5458 είδέ-

177 5519 273 5558 ναι
315 5514 385 5552 τε
422 5497 516 5550 καὶ
569 5499 764 5568 τιμᾷν,
806 5498 854 5549 εί
890 5493 1123 5566 μήτιγε
1167 5497 1446 5569 προδήλως
1480 5498 1769 5569 θεομαχεῖν

176 5587 598 5658 καταναγκάζοι
616 5603 629 5618 °
672 5586 814 5641 οὖτῶ
835 5588 944 5660 γὰρ
986 5588 1084 5658 οὐχ
1107 5588 1183 5650 ὡς
1211 5589 1490 5652 εὐσεϐείας
1518 5589 1766 5659 γενέτην,

178 5681 301 5736 ἀλλ’
329 5678 411 5740 ὡς
435 5678 682 5743 ἀσεϐείας
709 5680 1001 5751 συνήγορον
1029 5678 1268 5733 εὐσεϐεῖν
1297 5679 1612 5753 βουλόμενος
1634 5681 1768 5737 ἀπο-

181 5769 506 5840 "perflan-

253 5879 382 5953 (78)
414 5877 546 5934 Cod.
591 5879 753 5935 δίκον.

1186 468 1255 523 IN
1293 465 1606 526 CARMINA
1645 463 1924 522 ARCANA
1964 463 2020 520 S.
2067 458 2413 520 GREGORII.

3301 457 3409 514 786

1822 598 1823 601 ‘
1857 585 1918 638 4|
1971 582 2078 636 Nec
2099 583 2368 651 justitiam
2397 577 2759 648 inﬂexibilem,
2780 590 2939 647 neque
2967 570 3303 643 prudentiam

1857 654 1925 708 42
1966 651 2230 706 Callidum
2263 654 2470 708 habeat.

1924 744 2135 799 Cuncta
2167 757 2445 804 mensura,
2473 746 2673 796 cuncta
2704 745 2908 793 statera
2943 744 3057 791 tum
3091 750 3271 791 mores
3305 744 3419 789 tum

1856 833 2087 888 allectus
2136 831 2438 903 ponderare
2488 831 2683 883 animae
2735 837 2792 883 et
2849 828 3102 883 ordinata
3156 826 3419 880 virtutum

1849 924 1988 978 bene
2016 921 2311 992 disponere
2360 926 2577 990 oportet
2635 926 2690 972 et
2755 932 3063 982 exornare;
3118 917 3219 972 etsi
3275 915 3436 971 enim

1849 1013 2138 1083 pulchrum
2171 1012 2243 1067 sit
2266 1011 2480 1080 iustitia
2510 1017 2564 1063 et
2592 1007 3161 1078 prudentia,pulcbra:
3191 1006 3336 1062 enim
3369 1013 3425 1061 et

1850 1087 2113 1157 virtutum
2167 1100 2550 1171 pulcherrimae
2601 1099 2990 1162 celebrantur;
3042 1097 3141 1150 sed
3198 1098 3247 1152 si
3298 1099 3424 1166 quis

1851 1194 2176 1250 suﬂicienter
2202 1200 2258 1247 et
2274 1191 2508 1261 amplius
2528 1204 2692 1260 quam
2713 1197 2924 1258 oportet
2954 1191 3161 1258 justum
3211 1188 3432 1242 all'ectet

1851 1286 1906 1339 in
1950 1270 2300 1339 inflexibilem
2338 1289 2390 1337 et
2427 1279 2912 1336 lmmisericordem
2941 1293 3147 1333 morem
3221 1277 3424 1332 labitur

1836 1383 1904 1431 et
1935 1382 2126 1444 peccat
2153 1380 2347 1429 contra
2382 1371 2718 1442 aequitatem,
2743 1380 2799 1424 et
2834 1369 2906 1423 lta
2933 1368 3424 1438 injustejustitiam

1851 1478 2184 1533 persequens
2234 1476 2340 1516 non
2374 1460 2479 1515 erit
2514 1457 2826 1513 laudabilis.
2859 1458 3059 1511 lterum
3091 1476 3105 1511 :
3137 1457 3424 1526 prudentia

1851 1554 1982 1608 utile
2013 1567 2226 1621 semper
2245 1559 2300 1607 et
2336 1565 2638 1620 congruum
2674 1547 2954 1613 all‘ectans,
2985 1549 3031 1604 si
3064 1562 3172 1601 non
3204 1547 3258 1600 in
3289 1546 3426 1600 sim-

1850 1645 2095 1714 plicitate
2127 1651 2180 1717 et
2203 1652 2352 1698 recta
2384 1642 2619 1705 ratione,
2650 1639 2746 1696 sed
2770 1640 2826 1694 in
2864 1635 3226 1710 perversitate
3251 1647 3303 1693 et
3329 1652 3429 1708 per

1850 1724 2087 1787 alienum
2149 1732 2539 1787 detrimentum
2595 1731 2811 1785 lucrum
2885 1730 3166 1798 proprium
3209 1728 3425 1797 quaerit,

1851 1838 1981 1878 num
2020 1822 2198 1878 virtus
2229 1822 2336 1877 erit
2368 1821 2541 1875 illud?
2588 1836 2698 1875 non
2727 1817 2887 1874 laude
2927 1818 3100 1887 magis
3129 1833 3293 1887 quam
3347 1816 3428 1870 vi-

1852 1914 2194 1984 tuperatione
2233 1923 2288 1968 et
2318 1912 2673 1968 accusatione
2718 1911 2916 1980 digna;
2948 1908 3040 1964 sed
3074 1917 3130 1963 et
3159 1906 3443 1962 fortitudo

1852 2005 1968 2074 ipsa
2000 2004 2280 2075 reguletur
2309 2011 2363 2058 et
2410 2008 2746 2071 temperetur
2777 2008 2838 2055 et
2868 2001 3006 2054 bene
3042 1998 3429 2062 distribuatur,

1853 2095 1935 2152 sic
1958 2096 2103 2150 enim
2133 2095 2309 2150 virilis
2351 2095 2571 2149 animus
2602 2093 2694 2148 ﬁet
2723 2099 2779 2147 et
2823 2089 2982 2146 laude
3017 2090 3182 2160 digna
3218 2089 3429 2153 virtus;

1854 2187 1939 2242 sin
1970 2192 2153 2240 autem
2199 2185 2344 2239 ultra
2376 2185 2428 2238 id
2483 2183 2632 2252 quod
2684 2189 2897 2252 oportet
2942 2181 3168 2250 propius
3201 2177 3429 2241 incidat,

1847 2277 1961 2349 jam
1993 2289 2102 2331 non
2125 2275 2302 2330 virilis
2321 2276 2538 2336 animus
2555 2281 2608 2329 et
2639 2271 2928 2336 fortitudo,
2953 2271 3047 2328 sed
3075 2270 3430 2325 temerarium

1854 2368 1960 2422 erit
1992 2374 2048 2422 et
2075 2363 2494 2436 vituperandum
2531 2380 2545 2418 :
2579 2362 2660 2417 sic
2696 2368 2753 2417 et
2799 2361 3160 2430 temperantia
3209 2373 3319 2414 non
3376 2359 3432 2412 in

1857 2457 2099 2528 graviter
2124 2463 2179 2512 et
2201 2457 2367 2519 lente,
2415 2467 2634 2524 semper
2673 2461 2727 2507 et
2766 2453 2836 2507 ad
2871 2451 3076 2515 omnia,
3116 2447 3434 2520 cupiditatis

1857 2549 1958 2605 bus
1987 2548 2210 2610 utendo,
2245 2547 2340 2603 sed
2368 2551 2589 2600 constat
2633 2558 2758 2598 cum
2802 2542 2872 2596 ad
2912 2536 3285 2596 desideratum
3330 2539 3435 2592 ali-

1857 2638 1987 2710 quid
2006 2637 2220 2708 placide
2242 2643 2296 2692 ct
2323 2634 2618 2703 tranquille
2654 2645 2922 2702 paramur,
2953 2628 3055 2683 hoc
3072 2625 3435 2696 temperantia

1858 2733 1979 2792 est;
2026 2734 2083 2779 et
2123 2725 2238 2779 haec
2297 2723 2525 2777 relative
2554 2729 2609 2776 et
2649 2734 2749 2790 pro
2791 2727 3038 2788 tempore
3080 2724 3209 2786 apto
3251 2714 3439 2769 inodo-

1861 2826 2071 2871 rentur.
2106 2812 2339 2868 Mentem
2369 2818 2550 2866 autem
2582 2809 2675 2864 Dei
2709 2808 2935 2864 vocibus
2962 2806 3176 2876 aperire
3199 2813 3254 2860 et
3293 2804 3437 2860 divi-

1862 2906 1948 2960 nis
1980 2904 2430 2961 meditationibus
2454 2917 2670 2971 semper
2699 2914 2960 2956 exercere
3001 2898 3436 2970 pulcherrimum

1817 2985 1916 3050 “et
1943 2995 2410 3066 perfectissimum
2441 3008 2585 3056 esse,
2615 3007 2646 3045 a
2678 2990 2789 3044 Deo
2811 2989 3076 3058 inspirata
3100 2994 3290 3041 sancta
3324 2986 3440 3039 elo-

1863 3086 1992 3155 quia
2024 3093 2298 3140 testantur
2318 3084 2502 3138 omnia
2542 3101 2556 3136 :
2600 3082 2681 3137 sic
2717 3082 2861 3135 enim
2898 3077 3099 3147 aliquis
3131 3076 3439 3132 ctelcstium

1867 3176 2096 3245 spiritus
2136 3190 2348 3229 morum
2379 3174 2577 3228 doctus
2614 3178 2937 3241 appareret;
2995 3168 3180 3222 studio
3243 3165 3438 3220 inferri

1869 3275 1928 3320 ut
1960 3267 2132 3321 simus
2153 3266 2366 3335 optimi,
2391 3263 2820 3336 pulcherrimum
2847 3268 2900 3316 et
2921 3259 3079 3314 valde
3105 3259 3438 3330 gloriosum,

1867 3355 1962 3410 sed
1991 3370 2102 3409 non
2129 3356 2330 3409 bonum
2375 3363 2460 3411 est
2514 3355 2731 3425 placere
2773 3350 3054 3416 omnibus,
3101 3363 3229 3403 nam
3279 3349 3442 3404 malis

1865 3449 2078 3520 placere
2106 3463 2214 3502 non
2256 3447 2516 3516 possibile
2558 3454 2663 3510 est,
2711 3445 2848 3498 bene
2872 3456 3000 3496 vero
3044 3439 3114 3495 iis
3159 3439 3250 3509 qui
3291 3439 3442 3509 digni

1863 3544 2012 3600 sunt,
2061 3536 2272 3591 scilicet
2310 3537 2499 3602 bonis;
2551 3550 2684 3589 nam
2739 3532 2914 3587 malos
2951 3529 3227 3586 delectare
3263 3529 3443 3599 gloria

1864 3635 1950 3683 est
1997 3642 2108 3681 non
2131 3626 2273 3680 bona
2329 3633 2386 3678 et
2411 3623 2518 3678 Deo
2550 3624 2755 3680 odiosa.

1867 3717 1933 3772 49
1975 3715 2145 3785 Turpe
2190 3724 2268 3771 est
2315 3731 2434 3770 eum
2487 3714 2576 3785 qui
2611 3714 2837 3782 optimm
2865 3721 2943 3768 est
2994 3721 3278 3785 patronum
3326 3727 3452 3765 csse-

2999 3782 3383 3853 [nefariorum._

1936 3877 2120 3949 Turpe
2159 3876 2322 3934 simul
2351 3883 2406 3932 et
2431 3875 2696 3946 iniustum
2725 3884 2780 3931 et
2810 3874 3123 3940 molestum,
3152 3874 3200 3928 si
3232 3874 3318 3927 vir
3343 3873 3448 3928 ho.

1865 3985 1972 4025 nus
2005 3978 2061 4024 et
2090 3969 2278 4039 justus
2335 3967 2635 4023 advocatus
2671 3967 2926 4022 videatur
2957 3966 3226 4021 malorum
3249 3981 3282 4032 ;,
3319 3979 3443 4036 nam

1865 4073 2192 4131 congruum,
2221 4059 2420 4129 inquit,
2451 4068 2507 4115 et
2533 4058 2712 4114 simile
2741 4065 2827 4115 est
2854 4057 3128 4112 amicitias
3169 4071 3296 4112 cum
3328 4070 3445 4110 mt-

1865 4154 1934 4211 lis
1967 4153 2198 4225 iungere
2243 4161 2297 4208 et
2327 4153 2571 4222 ipsorum
2601 4164 2798 4206 causas
2826 4148 3118 4204 defendere
3143 4147 3294 4202 illum
3347 4146 3445 4215 qui

1867 4242 1938 4298 ab
1962 4242 2111 4297 intus
2143 4241 2349 4296 malitia
2379 4239 2574 4296 similis
2605 4238 2745 4309 ipsis
2768 4244 2853 4293 est
2882 4243 2936 4292 et
2961 4251 3056 4307 per
3070 4236 3296 4291 easdem
3325 4236 3444 4289 vias

1867 4333 2091 4388 incedit.
2110 4333 2311 4388 lterum
2343 4350 2357 4388 :
2392 4332 2520 4402 lgne
2546 4339 2602 4386 et
2641 4328 2962 4386 conflatorio
3017 4344 3213 4384 aurum
3258 4329 3444 4383 elabo-

1867 4423 1977 4475 rari
2011 4421 2307 4476 didicimus
2329 4428 2384 4476 et
2413 4419 2662 4489 probari,
2693 4418 2970 4473 hominem
3008 4427 3191 4474 autem
3237 4417 3443 4474 bonum

1868 4510 2318 4566 tribulationibus
2339 4520 2392 4567 et
2420 4510 2809 4566 alliictionibus
2828 4509 3122 4564 humiliari.
3181 4507 3258 4563 Ne
3291 4524 3443 4580 ergo.

1869 4612 2009 4669 otu,
2060 4601 2446 4656 tribulationes
2494 4602 2694 4670 saepius
2731 4600 2934 4656 timens
2985 4598 3054 4658 ad
3109 4599 3444 4668 impietatem

1866 4692 2148 4746 inclineris
2169 4699 2221 4746 et
2243 4691 2502 4748 defensor
2527 4694 2796 4747 malorum
2824 4690 3065 4746 videaris
3086 4707 3101 4755 ;
3121 4691 3249 4745 novi
3271 4691 3441 4754 enim,

1867 4780 2066 4851 inquit,
2120 4780 2534 4834 tribulationem
2571 4779 2642 4835 ob
2681 4775 2960 4846 pietatem,
3019 4778 3278 4836 leviorem
3321 4795 3449 4837 esse

1868 4886 2032 4942 quam
2073 4871 2368 4944 impiorum
2435 4870 2751 4932 felicitatem
2813 4878 2867 4926 et
2935 4870 3043 4940 pati
3120 4887 3245 4926 cum
3283 4871 3448 4926 Chri-

1869 4968 1956 5015 sto
1977 4959 2148 5029 magis
2172 4971 2336 5032 quam
2362 4974 2490 5020 cum
2516 4959 2757 5019 inimicis
2774 4958 2979 5015 Christi
2997 4960 3211 5030 epulari
3236 4961 3449 5032 eligem-

1872 5050 2000 5104 dum
2023 5064 2145 5106 esse
2187 5057 2242 5105 et
2275 5065 2439 5120 quam
2473 5049 2723 5105 maxime
2757 5050 2919 5106 dulce
2941 5053 3032 5122 pio
3067 5051 3296 5107 homini.
3325 5054 3450 5107 lte-

1874 5159 1992 5199 rum
2029 5161 2043 5198 :
2075 5141 2262 5197 Facile
2286 5150 2436 5199 esset
2466 5151 2520 5197 et
2550 5157 2807 5218 magnum
2846 5158 3044 5214 negare
3073 5141 3239 5199 Deum
3270 5143 3447 5200 cuivis

1873 5242 2064 5306 parato
2106 5234 2174 5290 ad
2228 5233 2539 5304 negandum
2586 5234 2872 5304 proprium
2925 5242 3164 5304 patrem.
3210 5233 3446 5304 Oportet

1874 5333 2054 5380 autem
2079 5340 2187 5379 non
2213 5325 2391 5384 solum
2423 5332 2482 5378 ut
2503 5333 2715 5381 natura:
2751 5325 2845 5379 sed
2877 5331 2932 5380 et
2973 5332 3027 5378 ut
3061 5324 3280 5395 pietatis
3303 5327 3452 5396 geni.

1874 5424 2045 5471 torem
2079 5416 2230 5469 illum
2260 5409 2558 5486 agnoscere
2600 5422 2655 5470 et
2689 5413 2981 5479 honorare,
3027 5415 3136 5471 nisi
3175 5414 3315 5472 forte
3364 5431 3448 5471 co-

1873 5516 1965 5578 gat
1997 5507 2052 5561 in
2076 5505 2259 5575 aliquo
2293 5505 2586 5562 manifeste
2621 5505 2890 5560 adversus
2933 5503 3101 5560 Deum
3150 5521 3396 5577 pugnare
3428 5526 3444 5563 :

1874 5599 1957 5653 sic
1979 5598 2125 5653 enim
2153 5611 2261 5651 non
2295 5604 2353 5650 ut
2381 5597 2602 5666 pictatis
2634 5596 3078 5665 genitorem,sed
3108 5604 3168 5651 ut
3192 5596 3447 5668 impieta-

1876 5689 1948 5744 tis
1976 5696 2264 5758 patronum
2301 5687 2388 5757 pic
2415 5686 2603 5743 volens
2628 5686 2811 5743 vivere
2835 5685 3063 5742 vitares.
