4020 6302
563 353 657 409 791

560 472 760 539 poterit
796 485 934 527 vera:
961 473 1242 544 sapientia:
1283 484 1334 529 et
1367 475 1670 546 spiritualis
1721 473 1894 539 visus,
1939 483 1998 529 ut
2032 475 2128 530 de-

560 569 668 624 cct,
713 562 986 632 particeps
1033 563 1175 630 ﬁeri;
1230 564 1352 619 ideo
1384 566 1516 620 dicit
1557 566 1953 620 :Percontetur
1993 564 2127 618 mibi

560 653 760 721 aliquis
807 654 1090 722 spirituale
1130 656 1371 710 studium
1422 659 1665 727 mystica:
1711 656 2130 728 contemplatio-

561 744 648 796 nis
682 733 1116 813 apprehendens,
1151 762 1251 817 ego
1274 748 1436 802 istum
1467 765 1576 803 non
1610 749 1814 804 mundo
1857 748 2023 803 corde
2055 747 2128 801 vi-

561 837 794 892 ventem,
842 830 935 885 sed
967 841 1018 886 et
1047 835 1302 903 turpibus
1355 835 1688 888 maculatum
1748 834 1962 897 videns.
2005 835 2128 889 dico

560 932 668 969 non
697 916 920 971 landum
952 934 1075 974 esse
1117 921 1358 982 studium
1408 923 1511 976 hoc
1540 923 1644 977 nisi
1694 924 1847 992 prius
1888 925 2125 993 teipsum

559 1007 936 1065 inundaveris.
1004 1009 1068 1063 Et
1128 1012 1217 1067 ille
1268 1014 1464 1067 iterum
1501 1013 1594 1068 :Si
1659 1014 1971 1069 maculatus
2027 1014 2123 1077 fui,

557 1095 652 1147 sed
676 1110 784 1148 non
816 1112 1002 1152 nunc:
1039 1099 1152 1154 brec
1193 1097 1337 1153 enim
1373 1115 1469 1170 per
1491 1103 1761 1156 sermonis
1809 1108 2124 1156 contextum

556 1183 980 1247 subaudiuntur.
1041 1187 1102 1241 Et
1147 1204 1248 1257 ego
1283 1189 1348 1244 ad
1403 1191 1552 1243 illum
1584 1210 1597 1244 :
1626 1189 1682 1244 Si
1712 1199 1766 1245 et
1809 1206 1955 1244 nunc
2001 1205 2124 1260 pru-

555 1276 770 1330 dentem
801 1287 853 1332 te
876 1278 1037 1339 dicis.
1077 1280 1170 1345 sit,
1199 1280 1292 1335 sed
1320 1281 1424 1336 nisi
1459 1281 1528 1335 de
1569 1283 1850 1337 veteribus
1895 1280 2124 1334 maculis

556 1365 852 1422 mundatus
887 1367 1077 1433 fueris,
1113 1369 1264 1425 nefas
1280 1378 1363 1425 est
1395 1372 1484 1424 tibi
1517 1372 1571 1426 in
1603 1371 1876 1441 mysteriis
1899 1371 2125 1439 spiritus

556 1464 758 1512 sortem
785 1459 944 1524 dare;
976 1475 1211 1531 namque
1239 1472 1458 1532 oportet
1493 1472 1550 1516 ut
1591 1477 1737 1516 nunc
1770 1477 1866 1531 per
1913 1461 2123 1530 praxim

553 1562 714 1601 omne
744 1549 1095 1628 vituperium,
1138 1565 1355 1606 omnem
1407 1553 1678 1606 maculam
1721 1551 1950 1621 spiritus
2028 1565 2126 1618 pu-

559 1633 733 1692 riﬁces
830 1647 885 1692 et
935 1640 1152 1705 animae,
1201 1649 1256 1697 et
1291 1643 1372 1697 sic
1394 1643 1650 1697 sublimis
1701 1642 1975 1711 particeps
2028 1638 2123 1694 ﬁas

553 1725 863 1782 divinorum
895 1733 1396 1802 contemplationis.
1449 1732 1514 1785 Et
1549 1733 1858 1802 exemplum
1901 1730 2122 1785 obvium

554 1829 893 1886 prorsusque
944 1819 1198 1873 idoneum
1232 1820 1286 1872 in
1332 1835 1462 1874 vase
1492 1819 1717 1874 fetorem
1771 1819 2035 1873 redolenti
2073 1827 2126 1872 et

551 1914 812 1975 corrupto
833 1915 887 1962 et
923 1923 1030 1962 non
1062 1909 1279 1965 sincero
1329 1925 1489 1965 nemo
1537 1912 1799 1983 unguenti
1849 1912 2125 1981 pretiosis-

549 1997 746 2050 simum
783 1997 1022 2053 infundit
1053 2001 1296 2054 odorem.

550 2086 584 2140 9
633 2084 746 2141 Nec
777 2087 973 2142 obsisto
1005 2104 1098 2143 nec
1131 2090 1250 2143 ccdc
1283 2091 1427 2143 omni
1464 2091 1718 2158 sermoni,
1750 2100 1856 2146 etc.

619 2358 917 2430 Postquam
968 2361 1155 2418 docuit
1211 2366 1561 2422 necessarias
1612 2366 1677 2420 ad
1731 2365 2121 2435 perfectionem

545 2463 673 2504 esse
705 2450 820 2518 pari
913 2455 1121 2510 ratione
1178 2465 1291 2510 tum
1352 2456 1598 2525 praxim,
1650 2463 1762 2510 tum
1825 2453 2122 2518 tbeoriam,

545 2541 744 2595 exinde
773 2540 841 2596 de
883 2541 1124 2610 generali
1160 2550 1215 2598 et
1260 2542 1552 2598 universali
1610 2542 1954 2613 pbilosOphia
2007 2553 2124 2598 tra-

548 2639 663 2683 ctat
689 2639 744 2684 et
771 2631 974 2686 virtute
1025 2648 1148 2702 qua:
1180 2633 1340 2702 quasi
1379 2632 1433 2686 in
1476 2633 1668 2703 ﬁguris
1706 2635 2126 2704 contemplatio-

549 2735 670 2774 nem
699 2729 746 2773 et
785 2721 998 2778 praxim
1025 2721 1313 2778 discernit.
1358 2721 1645 2787 Quomodo
1672 2738 1804 2794 ergo
1852 2724 1958 2778 illa
1993 2725 2128 2779 diri-

548 2815 736 2879 gendze
763 2812 875 2865 sint
912 2818 1008 2865 aut
1031 2811 1307 2880 quomodo
1336 2820 1588 2881 agentem
1629 2813 2127 2866 considerationem

551 2903 745 2959 otYerre
771 2901 881 2956 Deo
914 2909 1158 2972 oporteat
1192 2918 1286 2972 per
1310 2904 1588 2972 expositas
1626 2905 1866 2958 ostendit
1911 2913 2130 2958 senten-

552 2994 679 3054 tias.
707 3008 808 3048 nec
832 2992 1093 3048 resistere
1124 2995 1382 3048 omnibus
1426 2995 1773 3049 sermonibus
1820 2995 2128 3064 jnrgiorum

553 3093 850 3139 amatorem
879 3084 1258 3149 adversantem
1305 3099 1557 3149 monens,
1604 3085 1772 3154 impio
1801 3085 1948 3154 quod
1978 3084 2132 3139 ﬁeret

560 3189 727 3236 more,
750 3189 852 3230 nec
877 3190 1006 3244 ergo
1040 3175 1295 3230 omnibus
1344 3176 1548 3248 pariter
1612 3176 1896 3230 cedentem
1941 3191 2128 3230 aurem

557 3265 816 3338 praebere,
856 3265 1004 3335 quod
1041 3266 1160 3320 sine
1201 3265 1414 3334 judicio
1449 3265 1638 3330 ﬁeret;
1693 3265 1785 3320 sed
1841 3264 2126 3320 sciendum

555 3362 625 3414 .te
676 3358 1049 3426 contemplatu
1099 3364 1152 3411 et
1189 3366 1313 3411 actu
1357 3356 1481 3412 istis
1527 3359 1729 3428 opponi
1784 3366 1837 3411 et
1877 3356 2132 3410 resistere

556 3463 678 3516 quae
712 3447 910 3504 novisti
945 3447 1089 3500 dicta
1121 3447 1301 3501 aliena
1343 3448 1411 3502 ab
1440 3448 1755 3518 evangelica
1787 3447 2054 3517 sapientia
2078 3454 2132 3500 et

560 3535 938 3605 legislatione;
979 3535 1315 3604 ipsisautem
1339 3537 1597 3591 comitem
1656 3545 1711 3591 et
1778 3538 2128 3607 subsequen-

561 3634 668 3678 tem
695 3623 893 3678 adesse
921 3624 1011 3692 qui
1043 3623 1206 3694 digne
1247 3623 1454 3694 Spiritu
1502 3632 1694 3679 sancto
1735 3634 2135 3680 conversantur

560 3724 776 3780 tecum;
803 3724 856 3769 et
880 3714 1004 3769 istis
1034 3716 1087 3768 in
1121 3729 1378 3769 mensura
1418 3725 1474 3770 et
1509 3725 1775 3786 quantum
1821 3716 1998 3780 decet,
2045 3730 2130 3770 rc-

562 3805 867 3861 sistendum
901 3820 1026 3860 cum
1061 3806 1321 3861 resistere
1347 3807 1549 3859 bonum
1582 3813 1688 3871 est,
1725 3814 1778 3860 et
1813 3806 2134 3861 consocium

563 3906 615 3949 te
659 3894 1006 3964 przebendum
1044 3903 1310 3963 quantum
1375 3893 1632 3948 comitem
1673 3893 1786 3948 ﬁeri
1847 3895 2134 3960 convenit;

562 3999 616 4042 et
656 3988 921 4044 ambobus
971 3986 1195 4056 quando
1236 3991 1608 4055 opportunum
1657 3991 1742 4038 est
1775 3991 1990 4053 tempus
2019 3985 2138 4040 sive

564 4081 868 4138 obsistendi
902 4079 1019 4134 sive
1062 4077 1466 4133 consentiendi.
1521 4075 1811 4130 Subditqu
1860 4090 1986 4129 esse
2027 4073 2138 4129 Deo

567 4169 1076 4240 praescribitpotius
1103 4183 1268 4238 quam
1319 4167 1613 4229 dominari,
1663 4165 1875 4220 scilicet
1932 4166 2138 4220 bonum

568 4277 691 4317 csse
722 4276 818 4331 per
847 4261 1004 4316 ﬁdem
1036 4261 1318 4316 adhaerere
1348 4258 1480 4323 Deo,
1510 4273 1728 4314 omnem
1765 4257 1819 4311 in
1859 4258 1978 4328 ipso
2000 4258 2140 4312 ﬁdu-

567 4353 709 4404 ciam
735 4351 1018 4414 habentes,
1049 4351 1228 4421 potius
1261 4364 1422 4420 quam
1454 4349 1644 4403 multis
1675 4349 2024 4403 sermonibus
2047 4347 2144 4402 do-

569 4439 769 4494 minari
795 4440 851 4494 in
890 4440 1069 4509 ipsum
1098 4448 1152 4495 et
1179 4439 1352 4493 videri
1383 4439 1736 4494 reluctantes.
1755 4439 1973 4505 Quare?
2004 4439 2144 4504 Quia

570 4531 742 4585 multa
773 4531 1046 4598 loquentis
1089 4538 1144 4584 et
1174 4544 1367 4599 sapere
1419 4528 1748 4584 contldentis
1787 4531 1843 4583 in
1889 4531 2139 4585 multilo-

571 4622 706 4689 quio
731 4620 1006 4690 superﬂuo
1035 4637 1142 4674 non
1175 4621 1348 4676 deerit
1372 4633 1655 4692 peccatum
1674 4630 1727 4675 et
1756 4623 1937 4675 omnis
1958 4638 2141 4679 sermo

577 4714 632 4764 in
691 4712 979 4765 adversum
1036 4717 1228 4765 contra
1270 4711 1446 4780 ipsum
1484 4711 1849 4766 resistentiam
1902 4711 2141 4778 aﬂ‘erret,

1906 352 2204 410 NICETAS
2236 352 2438 408 DAVID

3703 339 3809 399 Ίθζ

2231 473 2407 543 χθείη,
2437 472 2537 524 οὐκ
2576 469 2640 524 ἀν
2667 469 2880 524 δύναιτο
2910 468 3010 538 τῆς
3043 465 3403 536 ἀληθοσοφίας
3431 462 3528 519 καὶ
3559 477 3806 530 πνευμαο

2229 563 2386 633 τικῆς
2405 562 2645 633 ὁράσεως
2665 561 2738 623 ὡς
2765 562 2870 630 χρὴ
2904 561 3195 630 μετασχεῖν
3213 575 3226 587 ·
3263 557 3328 610 δι’
3358 557 3385 609 ὃ
3409 555 3561 622 λέγει
3587 571 3600 584 ·
3647 550 3803 604 Ἐπεέ-

2229 651 2358 704 θετό
2395 669 2479 715 τις
2523 651 2657 722 ἐμοῦ
2694 650 2983 721 πρόδλημα
3023 646 3390 718 πνευματικὸν
3436 646 3533 698 καὶ
3571 641 3839 713 θεωρίας

2229 744 2485 813 ἐχόμενον
2509 744 2774 812 μυστικῆς
2790 759 2803 772 ο
2830 740 2939 804 ἐγὼ
2961 741 3017 794 δὲ
3042 741 3228 793 τοῦτον
3250 739 3347 806 οὐχ
3365 735 3546 804 ἁγνῶς
3562 734 3804 804 βιοῦντα.

2229 832 2363 886 ἀλλά
2396 833 2489 885 καὶ
2536 833 2747 901 αῖσχεσι
2779 831 3033 902 ῥυπῶντα
3063 829 3216 891 εἰδὼς
3237 867 3253 892 ,
3289 829 3446 896 ἔφην,
3484 824 3576 894 Μὴ
3610 824 3806 893 ῥητέον

2228 919 2368 975 εἶναι
2395 922 2454 975 τὺ
2487 921 2817 992 προϐληθὲν,
2858 920 2950 972 έάν
2977 919 3052 988 μὴ
3098 919 3312 989 πρῶτον
3344 914 3691 984 ἐκκαθαρθῇς
3714 929 3727 940 ·
3778 914 3805 963 ὁ

2231 1012 2287 1065 δὲ
2317 1012 2477 1065 πάλιν
2503 1028 2515 1042 ⁸
2549 1013 2616 1064 Ei
2639 1027 2768 1062 ποτε
2795 1012 2888 1063 καὶ
2917 1009 3104 1080 ῥυπῶν
3135 1004 3222 1078 ἦν,
3250 1006 3362 1059 ἀλλ’
3396 1006 3518 1074 οὑχί
3549 1004 3646 1056 καὶ
3671 1002 3764 1054 νῦν
3789 1016 3803 1029 ·

2227 1103 2400 1156 ταῦτα
2428 1103 2536 1172 γὰρ
2589 1101 2653 1172 τῇ
2683 1102 2779 1155 τοῦ
2827 1101 2986 1170 λόγου
3019 1097 3452 1152 συνυπακούεται
3481 1093 3804 1162 ἀκολουθίᾳο

2228 1193 2383 1262 κάγὼ
2430 1194 2563 1263 πρὸς
2606 1194 2804 1246 αὐτόν’
2852 1193 2914 1245 El
2953 1192 3045 1244 καὶ
3089 1189 3183 1242 νῦν
3215 1190 3508 1259 σωφρονεῖν
3533 1187 3641 1256 φῇς
3674 1184 3806 1254 (82),

2227 1284 2339 1336 ἀλλ’
2375 1282 2468 1335 ἐὰν
2515 1282 2589 1351 μὴ
2620 1282 2714 1334 καὶ
2749 1279 2856 1333 τῶν
2897 1280 3059 1333 πάλαι
3093 1279 3280 1349 ρύπων
3311 1275 3697 1347 ἀπορρνφθῇς,
3745 1275 3808 1326 οὐ

2228 1370 2384 1439 θέμις
2416 1386 2498 1422 σοι
2519 1369 2627 1421 τῶν
2654 1369 2745 1421 τοῦ
2774 1368 3081 1438 πνεύματος
3105 1367 3419 1438 μυστηρίων
3446 1364 3775 1435 μεταλαχεῖν
3793 1380 3807 1394 ·

2226 1461 2307 1514 δεῖ
2337 1461 2444 1531 γάρ
2477 1477 2535 1512 σε
2565 1459 2659 1513 νῦν
2685 1461 2773 1514 διά
2798 1460 3049 1531 πράξεως
3082 1461 3258 1514 πάντα
3286 1458 3477 1528 μῶμον
3503 1457 3596 1508 καὶ
3627 1455 3812 1507 σπῖλον

2227 1551 2346 1615 νοδς
2389 1551 2838 1621 ὲκκαθηράμενον
2878 1550 2971 1603 καὶ
3018 1549 3217 1619 ψυχῆς,
3270 1546 3412 1600 οὕτω
3452 1546 3555 1616 τῆς
3601 1543 3811 1613 ὑψηλῆς

2227 1639 2492 1711 ἐπήϐολον
2520 1636 2656 1693 εἶναι
2690 1639 2799 1692 τῶν
2837 1638 2996 1692 θείων
3019 1638 3271 1708 Θεωρίας.
3308 1637 3419 1690 Καὶ
3446 1637 3506 1688 τὺ
3545 1632 3811 1704 παράδει-

2227 1747 2342 1802 γμα
2376 1731 2572 1784 οἰκεῖον
2616 1730 2709 1782 καὶ
2757 1729 2951 1799 κομιδῇ
2991 1727 3269 1798 προσφυὲς
3295 1726 3441 1796 (85)·
3491 1726 3676 1777 σκεύει
3706 1721 3812 1792 γὰρ

2226 1803 2490 1880 δυσωδίας
2509 1818 2767 1880 ἀπόζοντι
2795 1819 2888 1871 καί
2914 1805 3276 1888 μεμιασμένῳ
3303 1819 3396 1870 καί
3423 1815 3619 1886 σαπρῷ
3639 1813 3812 1874 οὐδεὶς

2226 1909 2293 1962 ἂν
2325 1911 2390 1979 τῇ
2428 1907 2521 1961 τοῦ
2565 1907 2739 1979 μύρου
2774 1907 3218 1978 τιμαλφεστάτην
3261 1904 3692 1960 καταπιστεύσοι
3721 1902 3814 1954 e5-

2225 2000 2413 2053 ωδίαν.

2226 2090 2259 2142 9
2289 2089 2435 2154 Μήτ’
2459 2089 2753 2156 ἁνζίτεινε
2779 2088 2930 2144 πᾶσι
2953 2089 3093 2156 μήθ’
3122 2089 3274 2142 ἕπου
3298 2089 3505 2156 λόγοις
3525 2101 3541 2118 ·

2226 2107 2259 2142 υ
2289 2107 2432 2154 Μηττ
2459 2107 2753 2143 αντιτεινε
2779 2107 2930 2144 nam
3004 2107 3091 2152 ησ·
3122 2107 3274 2142 επου
3298 2107 3505 2156 νιοτοις
3525 2107 3541 2118 ·

2226 2159 2294 2210 10
2317 2159 2470 2211 Ἀλλ’
2507 2154 2598 2222 οἷς
2629 2159 2849 2224 ἐπίστῃ
2880 2107 3154 2210 καίεὸσον
3182 2156 3279 2210 καὶ
3313 2158 3540 2222 πηνίκα
3564 2172 3582 2189 ο

2228 2228 2286 2280 Η
2329 2228 2478 2280 Θεοῦ
2515 2227 2584 2278 δὲ
2621 2227 2867 2295 μᾶλλον
2896 2227 3112 2295 ἐξέχου
3143 2226 3181 2292 ἣ
3217 2224 3703 2295 προστάτειωηίγ

2227 2296 2295 2348 ιε
2321 2297 2488 2364 Λόγῳ
2521 2293 2763 2350 παλαίει
2794 2294 2914 2360 πᾶς
2943 2293 3147 2365 λόγος,
3172 2295 3292 2359 βιῳ
3321 2293 3389 2346 δὲ
3417 2295 3548 2358 dc;

2297 2377 2524 2449 Διδάξας
2560 2385 2866 2452 ἀναγκαίας
2890 2384 3057 2448 οὔσας
3085 2383 3162 2455 τῷ
3183 2383 3374 2452 τελείῳ
3404 2385 3504 2454 τήν
3529 2381 3819 2452 τεαπρᾰξιν

2227 2475 2428 2545 ὁμοίως
2456 2477 2546 2528 καὶ
2579 2475 2677 2546 τὴν
2715 2475 2950 2544 θεωρίαν
2969 2515 2984 2540 ,
3021 2473 3270 2526 ἐντεῦθεν
3308 2473 3436 2543 περὶ
3463 2473 3564 2540 τῆς
3593 2473 3817 2540 γενικῆς

2227 2565 2322 2619 καὶ
2377 2565 2608 2617 καθόλου
2660 2564 2978 2634 φιλοσοςςίας
3043 2562 3397 2632 διαλαμϐάνει
3451 2561 3548 2614 καὶ
3593 2561 3816 2631 ἀρετῆς,

2226 2653 2349 2722 ἣτις
2382 2652 2572 2722 ὥσπερ
2602 2653 2682 2714 είς
2720 2652 2835 2720 εἴδη
2868 2651 3101 2721 θεωρίαν
3136 2652 3230 2703 καὶ
3271 2650 3473 2721 πρᾶξιν
3500 2651 3813 2719 διαιρεῖται.

2231 2740 2356 2804 Πῶς
2383 2736 2475 2794 οὖν
2517 2741 2689 2804 αὑτὰς
2733 2741 3130 2811 κατορθωτέον,
3171 2741 3206 2810 ἢ
3234 2741 3349 2804 πῶς
3377 2740 3696 2810 ἔμπρακτον
3722 2739 3818 2807 τὴν

2232 2830 2465 2901 θεωρίαν
2507 2832 2815 2885 ἀποδιδόναι
2846 2833 2950 2902 χρὴ
2984 2831 3062 2901 τῷ
3087 2829 3366 2902 Θεῷ(85).
3413 2832 3500 2884 διὰ
3545 2833 3656 2885 τῶν
3684 2849 3820 2902 προ-

2236 2918 2504 2987 κειμένων
2535 2917 2867 2970 έπιδείκνυσι
2899 2916 3153 2987 γνωμῶν,
3185 2916 3313 2987 μήτ’
3341 2917 3664 2969 ἀντιτείνειν
3688 2917 3820 2967 πᾶσι

2235 3007 2412 3075 λόγοις
2428 3007 2744 3075 φιλονείκως
2761 3007 2999 3060 ἀντιτιθέ
3009 3025 3166 3076 μενον
3183 3006 3462 3073 παραινῶν
3484 3021 3497 3035 ·
3522 3005 3819 3068 ἀνευλαϐὲς

2236 3097 2372 3165 γάρ·
2407 3097 2529 3166 μήτ’
2559 3092 2654 3150 οὗν
2681 3098 2846 3149 πᾶσιν
2872 3097 3069 3166 ὁμοίως
3104 3097 3374 3165 ὑπέχοντα
3399 3093 3459 3147 τὸ
3493 3089 3586 3156 οὖς
3619 3095 3823 3146 ὲπακο⁴

2237 3186 2443 3238 λουθείν
2467 3201 2480 3215 °
2513 3187 2958 3257 ἀδιάκριτονεγάρ
2988 3203 3001 3216 ·
3045 3185 3158 3239 ἀλλ’
3210 3184 3408 3238 ειδέναι
3439 3183 3569 3253 περί
3610 3199 3670 3258 τε
3715 3183 3821 3235 τῶν

2238 3276 2552 3346 θεωρητέων
2598 3276 2690 3328 καὶ
2721 3275 3007 3344 πρακτέων
3035 3273 3260 3336 ἐκείνοις
3286 3273 3606 3326 ἀντιτείνειν
3631 3288 3691 3324 τε
3732 3272 3826 3323 καὶ

2237 3363 2627 3428 ἀνθίστασθαι,
2665 3358 2746 3426 οἷς
2793 3359 2937 3431 οἶδας
2984 3362 3279 3432 ἀλλοτρίως
3319 3361 3422 3430 τῆς
3461 3360 3825 3428 εύαγγελικῆς

2236 3455 2553 3523 λεγομένοις
2584 3454 2877 3523 θεοσοντςίας¹
2905 3453 2996 3506 καὶ
3023 3451 3366 3522 νομοθεσίας,
3389 3451 3661 3512 κάκείνοις
3694 3449 3826 3501 ἒπε-

2241 3544 2364 3596 σθαι
2407 3545 2502 3598 καὶ
2535 3545 2767 3612 στοιχεῖν
2802 3545 2912 3604 τοῖς
2954 3542 3120 3606 ἀξίως
3168 3539 3263 3594 τοῦ
3303 3541 3458 3608 ἁγίου
3504 3527 3827 3608 Πνεῖῗματος

2239 3633 2585 3704 λαλουμένοις
2617 3633 2754 3704 πρὸς
2786 3631 2867 3696 σὲ,
2909 3633 3004 3684 καὶ
3031 3630 3242 3692 τούτοις
3281 3632 3339 3682 ὲν
3368 3629 3551 3699 μέτρῳ
3578 3628 3673 3680 καὶ
3699 3629 3828 3680 ὅσον

2239 3725 2318 3776 δεῖ
2343 3724 2436 3776 καὶ
2463 3721 2785 3790 ἀντιλέγειν,
2809 3716 2889 3784 οἷς
2915 3720 3230 3774 ἀντιτείνειν
3262 3719 3433 3783 ἀξιον,
3461 3719 3557 3771 καὶ
3594 3716 3825 3771 ἕπεσθαι

2241 3815 2362 3868 ὅσον
2388 3813 2700 3867 ἀκολουθεῖν
2728 3812 2994 3883 προσῆκε,
3032 3810 3130 3862 καὶ
3156 3811 3360 3862 τούτων
3381 3811 3583 3878 ἀμφοῖν
3608 3807 3828 3875 ὁπηνίκ’

2245 3905 2370 3976 ἂνῆ
2405 3904 2595 3975 καιρὸς
2632 3903 3068 3975 ἀντιρρήσεωςῆ
3113 3901 3541 3970 ἀκολουθήσεως.
3579 3897 3717 3950 Θεοῦ
3769 3897 3829 3951 δὲ

2248 3996 2446 4065 μᾶλλον
2473 3994 2752 4066 ἐξέχερθαι
2793 3993 2828 4064 ἢ
2858 3996 3189 4059 προστατεῖν
3214 3989 3580 4044 διακελεύεται
3604 4008 3617 4020 ·
3659 3989 3829 4042 καλὸν

2246 4086 2497 4141 είναιδιά
2549 4087 2786 4147 πίστεως
2831 4085 3162 4157 ἐξηρτῆσθαι
3211 4084 3306 4136 τοῦ
3339 4083 3494 4146 Θεοῦ,
3546 4081 3645 4152 τὴν
3693 4079 3828 4150 ὅλην

2246 4178 2333 4229 ἐπ’
2359 4175 2507 4246 αύτῷ
2543 4174 2864 4244 πεποίθησιν
2895 4174 3114 4243 ἔχοντας
3134 4214 3148 4240 ,
3180 4173 3212 4243 ἢ
3243 4172 3453 4234 πολλοῖς
3487 4170 3663 4237 λόγοις
3684 4185 3828 4240 προ-

2249 4269 2459 4320 στατεῖν
2507 4263 2672 4318 αὐτοῦ
2712 4267 2806 4318 καὶ
2835 4264 2991 4334 δῆθεν
3021 4265 3377 4336 ὑπερμαχεῖν.
3413 4262 3569 4323 Τίνος
3602 4261 3834 4328 Evam;

2250 4359 2372 4410 Ὅτι
2411 4356 2488 4426 τῷ
2530 4356 2699 4409 πολλὰ
2733 4357 2942 4424 λέγοντι
2977 4357 3074 4408 καὶ
3112 4354 3449 4424 σοφιζομένῳ
3497 4353 3732 4423 περιστά
3764 4353 3833 4404 ὲκ

2249 4449 2346 4518 τῆς
2370 4449 2694 4516 πολυλογίας
2725 4448 2824 4500 οὐκ
2857 4447 3124 4515 ἐπιλείψει
3155 4447 3366 4517 μῶμος,
3405 4445 3502 4498 καὶ
3535 4446 3640 4508 πᾶς
3665 4443 3835 4512 λόγος

2247 4539 2326 4598 είς
2351 4536 2639 4591 ἀντίπαλον
2662 4535 2809 4604 αύτῷ
2834 4536 3242 4604 παραστήσεται
3260 4533 3394 4605 (86),
3413 4533 3506 4585 καὶ
3536 4532 3692 4586 τοῦτο
3722 4547 3831 4585 ποθ

2247 4628 2410 4697 νηρόν
2437 4644 2450 4657 ·
2487 4627 2585 4698 βίῳ
2613 4629 2668 4680 δὲ
2697 4628 2886 4698 ἡσύχῳ
2913 4628 3005 4680 καὶ
3037 4623 3393 4695 πνευματικῷ
3424 4625 3519 4678 καὶ
3551 4623 3619 4675 τὰ
3654 4622 3832 4676 πολλά

2250 4721 2377 4790 περὶ¹
2409 4719 2633 4791 πρᾶξιν,
2682 4715 2842 4792 ἦττον
2875 4719 2932 4772 δὲ
2970 4720 3097 4789 περὶ
3140 4719 3294 4785 λόγον
3327 4716 3632 4786 ποιουμένῳ
3667 4715 3757 4778 τίς
3802 4720 3834 4769 ό

574 4810 630 4854 ct
657 4800 943 4854 molestum
967 4811 1049 4856 est
1084 4801 1188 4855 hoc
1216 4819 1232 4860 ;
1287 4810 1478 4855 contra
1507 4802 1673 4856 vitam
1711 4803 2063 4871 tranquillam
2091 4813 2131 4858 el

2251 4811 2616 4866 ἀντιπαλαίων
2657 4812 2689 4882 ἢ
2735 4810 3252 4879 ἀντιδιατιθέμενος;
3305 4809 3522 4870 πάντως
3565 4809 3597 4877 ἢ
3647 4807 3832 4870 οὐδεὶς

575 4892 912 4960 spiritualem
947 4901 999 4947 et
1030 4892 1240 4946 actibus
1276 4892 1644 4947 abundantem
1672 4891 1911 4963 degenti,
1932 4894 2146 4950 minus-

2250 4900 2400 4955 ἔσται
2427 4903 2459 4972 ἢ
2491 4905 2584 4956 καὶ
2610 4899 2762 4966 οὗτος
2789 4901 2896 4954 τῶν
2922 4898 3405 4969 κατεγνωσμένων.

579 5004 685 5057 que
727 4988 896 5043 verbo
935 4987 1141 5058 potenti
1190 4987 1313 5056 quis
1366 4987 1598 5044 obsistet
1629 4995 1721 5042 aut
1758 4989 2104 5046 adversarius
2131 4993 2334 5052 stabit?
2355 4996 2608 5054 Profecto
2640 5007 2734 5053 aut
2765 4996 2946 5051 nullus
2980 5005 3072 5050 aut
3098 4993 3144 5050 si
3175 4994 3301 5064 quis
3321 5000 3406 5048 est
3437 5006 3466 5047 ο
3494 4990 3829 5046 cmtdemua-

581 5081 655 5136 tis
685 5079 774 5148 ille
812 5077 1158 5134 adversarius
1183 5078 1307 5134 erit.

659 5216 672 5265 ί
682 5210 770 5278 8'2)
801 5207 934 5278 (30d.
953 5209 1113 5278 Ῠφήις.

660 5273 770 5346 (83)
810 5277 900 5330 Sic
951 5273 1206 5330 Horatius
1231 5292 1270 5346 :7
1299 5273 1575 5346 Sincerttm
1612 5283 1693 5346 est
1716 5275 1817 5346 nisi
1844 5293 1954 5346 vos.
1987 5277 2144 5346 quod-

587 5343 785 5416 cunque
824 5347 1063 5412 infundis
1107 5345 1295 5416 acescit
1330 5343 1534 5416 _(_Epist.
1580 5346 1630 5416 ir,
1667 5343 1724 5403 2,
1759 5345 1866 5413 54).
1901 5345 1960 5398 Et
1992 5343 2153 5416 Clu-1-

589 5413 710 5474 stus
744 5422 855 5485 ipse
904 5419 956 5471 in
973 5415 1264 5480 Evangelio
1295 5413 1508 5485 (Matth.
1547 5415 1619 5481 Ix)
1658 5421 1843 5485 vetat,
1878 5429 1945 5468 ne
1968 5415 2152 5469 vinum

591 5481 790 5542 novum
834 5485 886 5537 in
923 5496 1134 5537 veteres
1169 5481 1318 5536 utres
1349 5484 1613 5535 mittatur.
1658 5481 1894 5538 BILIJUS.

2251 5210 2370 5280 Θεῷ
2387 5229 2401 5242 ·
2432 5211 2588 5264 τοῦτο
2610 5212 2718 5281 γάρ
2754 5209 2997 5281 ὲστιλτδ.
3014 5208 3148 5261 Θεοῦ
3169 5207 3226 5281 δὲ
3257 5206 3439 5260 πλεῖον
3461 5205 3654 5281 ’ἐξέχου

2252 5274 2594 5380 «paying;
2623 5274 2786 5351 ’παρὸ
2815 5279 3015 5351 δηλαδὴ
3053 5278 3357 5347 παρίστασο
3389 5276 3485 5329 καὶ
3518 5274 3831 5345 ὑπερμάχει

2251 5351 2412 5402 αὐτοῦ
2447 5353 2502 5405 έν
2532 5351 2730 5416 λόγοις.

2316 5421 2431 5490 ,(85)
2465 5420 2597 5474 (Ind.
2637 5419 2744 5490 χρῆ
2770 5416 2846 5486 τῷ
2871 5416 2920 5470 0.
2952 5424 3006 5490 et
3037 5432 3199 5490 supra
3228 5415 3260 5484 ἦ
3289 5413 3687 5490 scriptuin_va_t._

2345 5421 2431 5489 85)
2465 5421 2597 5474 (Ind.
2637 5421 2744 5490 χρῆ
2770 5421 2846 5486 τῷ
2871 5421 2920 5470 0.
2952 5424 3006 5470 et
3037 5432 3199 5485 supra
3228 5421 3260 5484 ἦ
3289 5421 3554 5484 scriptum
3584 5431 3687 5467 ναι.

2323 5421 2434 5556 ίὸϋ)
2470 5491 2906 5559 Παραστήσεται,
2931 5487 3012 5542 sic
3034 5487 3197 5559 etiam
3223 5485 3346 5538 cod.
3371 5482 3608 5559 Sirletti;
3639 5483 3832 5559 Billius

664 5557 774 5628 (84)
801 5555 932 5628 (ζοιι.
968 5551 1310 5628 προστάττει.
1345 5550 1730 5628 ιὶίιεηκπλεῖον.
1759 5551 1942 5628 Venet.
1971 5553 2131 5628 πλεῖθ’

2255 5550 2456 5612 mavult
2486 5550 2873 5628 περιστήσεται
2908 5564 3070 5624 atque
3091 5555 3334 5608 Nicetam
3362 5555 3651 5628 vituperat,
3677 5555 3827 5628 quod

593 5627 779 5691 ιξέχου
822 5625 853 5692 ἧ
888 5620 1214 5700 προστάττῃ.
1246 5620 1482 5706 Zonaras
1513 5620 1604 5706 fol.
1637 5621 1751 5706 ’ἵν’
1772 5621 1954 5706 ὲκξέχου
1983 5623 2038 5704 δὲ
2061 5639 2130 5704 κα

2263 5643 2390 5706 non_
2424 5620 2569 5684 Satis
2605 5620 2886 5699 perspicue
2919 5620 3175 5695 exponat,
3231 5639 3350 5692 qua:
3397 5620 3658 5679 sit—utens
3694 5626 3803 5682 (ire

596 5687 860 5761 ἐξῆρτησο
886 5687 976 5742 τὸῡ
1019 5687 1474 5761 Θεοῦξπεποιθῲς

1508 5691 1640 5757 μήτε
1674 5691 1762 5740 ἐπὶ
1794 5691 1964 5755 λόγων
1992 5690 2147 5742 δυνά-

603 5757 708 5828 ttat,
746 5757 877 5831 μήτε
913 5763 996 5812 ἐπ’
1025 5759 1319 5830 εύγλωττίξι
1346 5758 1375 5827 ἢ
1410 5758 1494 5812 ἐπ’
1523 5759 1664 5830 ἄλλῳ
1689 5760 1791 5812 τινὶ
1826 5760 1856 5828 ἣ
1886 5757 1975 5815 ἐπὶ
2007 5759 2149 5829 μόνῳ

2259 5699 2415 5766 gorii.
