4020 6302
229 436 330 494 7θό

227 555 296 612 13
328 557 392 609 Ἡ
417 554 504 624 μὴ
527 554 860 622 διδάσκειν,
894 553 1276 624 ἢιδιδάσκειν
1297 556 1377 621 τῷ
1407 557 1622 624 τρόπῳ.

301 645 480 698 Καλόν
521 648 555 714 ὴ
613 647 815 717 σιωπὴ,
866 646 1029 716 φησὶν
1057 649 1087 700 6
1116 647 1256 709 θεῖος
1281 645 1627 710 Διδάσκαλος,
1656 646 1812 718 δῆλον

222 735 309 790 ὃτι
339 739 450 798 τοῖς
481 737 805 808 ἀρχομένοις
833 736 1182 803 ἐξασκεῖσθαι
1204 737 1306 808 τὴν
1334 737 1555 809 ἀρετὴν,
1577 740 1672 792 καὶ
1702 738 1810 809 μή-

223 847 318 886 πω
336 831 538 902 ταύτην
556 831 828 884 διδάσκειν
852 829 1211 899 κεκλημένοις
1235 845 1249 859 ·
1275 822 1402 882 είδὲ
1425 829 1518 883 καὶ
1539 829 1811 882 διδάσκειν

221 923 506 992 ἐρωτικῶς
544 923 758 990 ἔχουσιν
796 914 980 984 οὗτοι,
1037 920 1115 991 τῷ
1151 903 1338 992 τρόπῳ
1371 922 1570 992 μᾶλλον
1607 923 1701 975 καὶ
1743 925 1808 992 τῇ

222 1013 558 1067 καταστάσει
598 1013 697 1081 τῆς
725 1012 844 1066 κατ’
889 1012 1089 1076 αὐτοὺς
1138 1013 1413 1076 πολιτείας
1450 1014 1548 1083 τὴν
1586 1013 1812 1085 διδαχὴν

222 1101 709 1156 ἐπιδεικνύτωσαν.
759 1103 915 1154 Δυοῖν
955 1102 1066 1172 γὰρ
1102 1102 1301 1175 χειρῶν
1335 1102 1527 1169 ὄντων,
1569 1103 1683 1172 βίου
1716 1105 1812 1156 καὶ

225 1191 408 1258 λόγου,
437 1192 499 1243 οὐ
523 1190 729 1243 δίκαιον
754 1189 861 1242 οὐδ’
882 1190 1100 1254 εὐσεϐὲς
1136 1190 1311 1263 ἀνείη
1334 1195 1399 1262 τῇ
1430 1194 1529 1262 μιᾷ
1546 1193 1643 1263 μὲν
1667 1193 1811 1263 χειρὶ

219 1284 352 1348 τοὺς
386 1283 758 1353 μανθάνοντας
791 1283 1145 1351 ἐφέλκεσθαι,
1207 1286 1274 1354 τῇ
1309 1283 1474 1356 ἐτέρᾳ
1502 1284 1560 1336 δὲ
1588 1283 1810 1346 τούτους

219 1373 563 1429 ἀπωθεῖσθαι
592 1393 606 1405 ·
635 1375 722 1428 διὰ
745 1374 839 1427 τοῦ
871 1374 985 1445 βίου
1017 1376 1118 1446 μὲν
1147 1376 1452 1447 προτείνειν
1483 1375 1807 1447 ἀμώμητον,

218 1468 378 1537 λόγον
403 1468 459 1521 δὲ
494 1469 791 1540 μωμητόν·
841 1467 874 1538 ἢ
911 1469 1057 1539 λόγῳ
1090 1465 1190 1540 μὲν
1224 1469 1371 1522 εὐθεῖ
1406 1469 1498 1523 καὶ
1529 1468 1809 1540 ὀρθοτόμῳ

217 1559 478 1631 χρῆσθαι,
515 1562 615 1631 βίῳ
651 1561 709 1613 δὲ
748 1561 1106 1632 ῥυπαίνεσθαι
1149 1561 1369 1632 ἀνάγνῳ
1393 1561 1491 1628 ,καὶ
1525 1559 1804 1632 μοχθηρῷ.

218 1651 332 1704 Καὶ
373 1650 483 1721 γὰρ
531 1651 822 1721 κράτιστον
865 1650 967 1721 μὲν
1010 1651 1341 1722 ἀμφοτέροις
1370 1651 1709 1720 εὐδοκιμεῖν·
1758 1649 1808 1702 εί

211 1739 264 1794 δ’
291 1740 494 1808 ἀμφοῖν
521 1741 822 1811 ἀμήχανον,
843 1741 943 1817 τῇς
969 1739 1111 1793 κατά
1135 1740 1333 1810 πρᾶξιν
1361 1740 1455 1792 καὶ
1483 1738 1598 1809 βίον
1621 1738 1808 1807 σεμνό-

212 1847 382 1902 meo;
422 1831 624 1902 μᾶλλον
658 1830 1038 1902 ἐπιμελητέον,
1083 1831 1176 1884 καὶ
1215 1829 1386 1900 ταύτῃ
1436 1829 1530 1882 τοῦ
1558 1828 1718 1897 λόγου
1747 1827 1810 1881 τὸ

213 1924 402 1976 λεῖπον
433 1922 876 1994 ἀναπληρωτέον,
922 1921 1011 1985 Ὠς
1055 1921 1165 1992 γὰρ
1207 1922 1236 1974 6
1289 1921 1581 1992 ζωγράφος
1623 1921 1685 1972 οὐ
1718 1936 1808 1972 το·-

215 2015 430 2078 σοῦτον,
463 2015 619 2083 φησὶ,
651 2017 765 2076 τοῖς
793 2013 972 2082 λόγοις
999 2013 1124 2066 ὅσον
1152 2014 1267 2075 τοῖς
1299 2011 1667 2089 ὑποδείγμασι
1698 2009 1808 2062 τῶν

213 2106 547 2178 ἀρχετύπων
574 2107 699 2169 τοὺς
737 2107 830 2158 ὐπ’
873 2104 1024 2174 αὐτῷ
1075 2104 1176 2174 τὴν
1201 2103 1480 2176 γραφικὴν
1511 2101 1808 2172 μανθάνον⁹

207 2214 316 2262 τας
349 2198 580 2269 ὠφελεῖ,
628 2199 803 2260 οὕτως
840 2199 891 2250 οἱ
918 2197 1008 2250 τὸν
1041 2199 1252 2268 μονήρη
1279 2195 1397 2266 βίον,
1429 2197 1487 2249 ἐν
1520 2195 1808 2265 ἀμωμήτῳ

211 2291 415 2363 πράξει
447 2290 862 2362 κατορθοῦντες,
887 2291 946 2342 ἐν
969 2287 1143 2360 τούτῳ
1170 2288 1370 2358 μᾶλλον
1397 2287 1806 2356 οἰκοδομοῦντες

205 2383 342 2445 τοὺς
385 2381 732 2449 ἐγγίζοντας,
781 2373 944 2451 ἦττον
981 2378 1076 2432 τοῦ
1119 2379 1280 2446 λόγου
1322 2377 1422 2448 τῆς
1457 2376 1806 2439 διδασκαλίας

209 2471 541 2527 ἑπιδέονται.

217 2567 284 2621 l7
319 2565 489 2633 Ὑμῖν
521 2564 677 2632 λέγω
710 2563 978 2630 μάλιστα
1003 2563 1127 2629 τοῖς
1156 2562 1264 2618 τοῦ
1285 2563 1583 2630 βήματος,

214 2637 284 2691 18
329 2634 668 2704 Ὀφθαλμὸν
689 2633 845 2691 εἶναι
872 2633 956 2704 μὴ
980 2635 1242 2700 σκότους
1281 2635 1738 2702 πεπλησμένον.

294 2726 488 2795 Ὑμεῖς
523 2727 574 2778 οί
613 2726 742 2796 περὶ⁸
768 2724 830 2777 τὸ
870 2723 1024 2794 βῆμα
1066 2721 1163 2776 καὶ
1191 2722 1291 2793 τὴν
1331 2722 1484 2793 ίεράν
1516 2722 1802 2792 τράπεζαν

207 2819 444 2882 ἑαυτοὺς
471 2817 819 2888 παρενείρειν
847 2815 944 2868 καὶ
974 2814 1224 2868 είσωθεῖν
1249 2817 1316 2870 ἐκ
1352 2814 1660 2882 φιλοδοξίας
1709 2814 1803 2866 καὶ

207 2909 511 2981 φιλαρχίας
549 2908 884 2979 βιαζόμενοι,
931 2906 1042 2958 τῶν
1082 2905 1177 2959 τοῦ
1217 2905 1458 2977 μεγάλου
1500 2906 1802 2976 ἀρχιερέως

207 3000 544 3065 ἐνωτίζεσθε
586 2999 782 3070 φωνῶν
801 3015 815 3030 ’
858 3001 988 3068 ὑμῖν
1014 3000 1128 3062 τοῖς
1156 2997 1265 3050 τῶν
1301 2997 1463 3066 ἱερῶν
1501 2996 1648 3049 λαῶν
1675 2997 1800 3048 ἐπι-

211 3094 443 3155 σκόποις
482 3091 581 3162 τὴν
633 3090 956 3160 παραίνεσιν
998 3089 1206 3158 ταύτην
1258 3087 1693 3157 ἐπιφθέγγομαι·
1726 3086 1801 3156 μὴ

205 3183 486 3255 ὀφθαλμοὶ
509 3181 882 3253 πεπλησμένοι
903 3181 1150 3245 σκότους,
1169 3180 1306 3234 ἀλλά
1335 3179 1565 3249 πλήρεις
1581 3177 1799 3245 γίνεσθε

208 3277 428 3348 φωτόςο
479 3277 554 3347 μὴ
588 3275 800 3338 ἀδικίας
827 3273 862 3344 ἢ
912 3273 1136 3342 ἀγνοίας
1167 3272 1200 3342 ἦ
1239 3271 1518 3333 ἀσεϐείας,
1551 3270 1688 3322 ἀλλὰ
1719 3268 1804 3321 δι-

210 3368 511 3439 καιοσύνης
544 3369 639 3420 καὶ
660 3365 918 3434 γνώσεως
948 3365 1043 3418 καὶ
1073 3363 1358 3424 εὐσεϐείας
1391 3362 1676 3432 ἀρχέτυπα
1712 3377 1804 3428 γε-

210 3464 449 3535 νήθητε·
496 3462 712 3532 ἀνάγκη
758 3459 868 3531 γὰρ
902 3459 1029 3522 τοὺς
1067 3458 1174 3511 ὐπὸ
1221 3460 1381 3529 χεῖρα
1433 3455 1617 3520 λαοὺς,
1667 3454 1804 3525 πρὸς

212 3555 366 3625 ὑμᾶς
396 3551 722 3623 ἀφορῶντας
750 3549 884 3619 (87),
918 3543 976 3601 εὖ
1007 3565 1068 3600 τε
1108 3548 1202 3600 καὶ
1234 3547 1310 3609 ὼς
1341 3545 1546 3615 ἑτέρως
1580 3543 1804 3614 ἔχοντας

211 3642 680 3716 ἐξομοιοῦσθαιτῇ
717 3642 979 3712 μιμήσειο
1012 3640 1172 3709 ὑμεῖς
1201 3639 1311 3708 γάρ
1340 3641 1466 3691 ἐστε
1490 3637 1683 3706 λύχνος
1707 3636 1802 3690 τοῦ

213 3735 472 3806 σώματος
505 3733 604 3804 τῆς
646 3731 996 3802 Ἐκκλησίας.
1043 3731 1257 3799 Ὥσπερ
1289 3723 1381 3781 οὖν
1417 3726 1572 3798 ὑμῶν
1614 3725 1804 3780 ἁπλῶν

213 3826 412 3888 ὄντων,
454 3825 562 3888 καὶ,
589 3822 919 3892 φωτοειδῶν,
964 3821 1061 3875 καὶ
1087 3819 1347 3890 καθαρῶν
1383 3817 1542 3885 ὅλων,
1575 3820 1633 3869 ἐν
1665 3817 1806 3886 φωτὶ

212 3919 280 3973 τὸ
321 3918 482 3987 σῶμα
515 3915 808 3986 πορεύεται
844 3914 938 3968 καὶ
969 3911 1296 3966 κατευθύνει
1321 3911 1422 3982 τὴν
1456 3910 1574 3963 ὁδὸν
1598 3907 1764 3962 αὐτοῦ
1787 3925 1801 3938 ·

208 4008 395 4072 οὕτως
421 4006 659 4078 ἔμπαλιν
706 4005 874 4075 ζόφου
910 4004 1189 4072 ἀγνωσίας
1225 4003 1319 4056 καὶ
1367 4001 1644 4073 ἁμαρτίας
1674 4001 1806 4054 ὑπο-

213 4098 492 4170 κειμένων
548 4096 1001 4169 αἱτιάμασιν,ὂλη
1021 4094 1208 4157 κακῶς
1245 4093 1446 4162 πάσχει
1494 4091 1589 4145 καὶ
1638 4107 1806 4160 πονη-

217 4191 445 4264 ρεύεται
487 4188 806 4259 Ἐκκλησία.
843 4184 1016 4258 Εῐπέρ
1053 4181 1169 4250 οὖν,
1203 4185 1391 4254 φησὶν,
1437 4185 1467 4236 6
1497 4181 1614 4256 φῶς
1661 4175 1805 4234 εἶναι

211 4283 394 4340 δοκῶν
423 4284 519 4338 καὶ
534 4282 812 4353 ὀφθαλμὸς
838 4281 948 4334 τῶν
975 4279 1079 4332 ὑπὸ
1102 4281 1257 4349 χεῖρα
1279 4278 1519 4340 πάντων,
1546 4278 1604 4329 ἐν
1630 4276 1805 4345 σκότῳ

215 4373 537 4446 πορεύεται,
573 4372 734 4435 αὐτὸς
762 4374 792 4426 6
825 4371 911 4424 ἀεὶ
932 4372 1043 4433 τοῖς
1072 4371 1263 4431 κακοῖς
1288 4367 1644 4437 ἐνισχημένος
1675 4366 1801 4430 λαὸς

214 4466 375 4538 πόσῳ
412 4463 611 4536 μᾶλλον
634 4456 897 4535 τῇκακίᾳ
921 4458 1477 4530 κατακρατηθήσεται
1502 4475 1515 4524 ;

211 4559 283 4616 21
333 4557 612 4625 Ἀφωνον
630 4554 808 4625 ἕρπον
828 4553 1117 4622 κρεῖσσον
1132 4551 1442 4619 ἀπράκτου
1458 4551 1646 4619 λόγου
1665 4547 1800 4619 (88).

291 4648 597 4703 Κάλλιστον
627 4646 746 4716 μὲν,
795 4646 961 4715 φησὶν
1000 4645 1030 4696 6
1063 4639 1608 4715 ίεροφαντικώτατος,
1640 4638 1717 4710 τῷ
1741 4655 1802 4690 τε

213 4741 367 4812 λόγῳ
398 4740 494 4794 καὶ
525 4737 625 4808 βίῳ
652 4737 743 4790 τὸν
779 4735 1108 4809 Ἐκκλησίας
1129 4734 1295 4798 ἀξίως
1320 4734 1648 4805 προστατεῖν
1689 4729 1807 4800 βου-

213 4836 450 4907 λόμενον
473 4829 996 4902 προκατωρθῶσθαιο
1010 4827 1104 4881 τοῦ
1122 4827 1239 4889 ἐνὸς
1251 4826 1307 4880 δὲ
1321 4825 1529 4879 τούτων
1546 4823 1807 4893 ὑστερού-

221 4941 411 4998 μενον,
445 4924 700 4994 κρεῖσσον
723 4919 789 4974 ἂν
815 4918 902 4988 είη
928 4917 1024 4971 καὶ⁵
1043 4914 1482 4985 λυσιτελέστερον
1507 4915 1574 4983 τῇ
1603 4910 1801 4982 πράξει

217 5019 322 5087 τῆς
344 5014 548 5085 ἀρετῆς
571 5011 667 5064 καὶ
697 5008 776 5080 τῷ
818 5010 920 5080 βίῳ
945 5006 1100 5078 ἵμετά
1129 5005 1398 5068 ἰδιωτείας
1434 5004 1530 5058 κα)⁸
1554 5001 1802 5071 ἀφωνίας

215 5107 384 5175 λόγου
407 5105 607 5175 μᾶλλον
624 5103 952 5172 εὐδοκιμεῖν,
969 5101 1002 5172 ἢ
1020 5099 1165 5169 λόγῳ
1180 5097 1320 5168 ψιλῷ
1337 5097 1431 5150 καὶ
1450 5094 1685 5164 ἀκάρπῳ
1708 5092 1803 5144 καὶ

218 5199 494 5270 ἀπράκτῳ
518 5183 822 5267 χρώμενον,
856 5192 984 5265 εἰκῆ
1017 5191 1332 5262 μεγαλορρη
1341 5190 1524 5258 μονεϊν
1545 5186 1640 5239 καὶ
1660 5184 1804 5237 διδά-

221 5303 378 5342 σκειν
397 5284 591 5346 ἀλλους
617 5281 1046 5352 ὐπολαμὸάνειν,
1081 5280 1224 5351 άπερ
1254 5278 1314 5331 οὐ
1334 5278 1593 5347 δέδρακεν
1617 5273 1798 5335 αὐτός.

219 5372 384 5434 Τίνος
419 5370 643 5436 ἓνεκεν;
679 5369 804 5422 Ὅτι
858 5368 974 5439 βίου
1033 5368 1134 5438 μὲν
1176 5367 1346 5439 χωρὶς
1377 5365 1473 5418 τοῦ
1520 5363 1662 5417 κατὰ
1703 5362 1802 5433 τὴν

220 5464 426 5534 πρᾶξιν
450 5462 552 5532 τῆς
582 5463 799 5532 ἐντολῆς
832 5462 927 5515 καὶ
954 5459 1054 5529 τῆς
1091 5458 1291 5530 ἀρετῆς
1336 5455 1510 5519 οὐδεὶς
1562 5453 1669 5508 ἀπὸ
1709 5454 1802 5507 τοῦ

218 5559 418 5621 αἰῶνος
462 5557 684 5628 ὑψηλὸς,
732 5554 907 5617 οὐδεὶς
945 5551 1204 5621 ἐδοξάσθη
1241 5549 1316 5611 ὡς
1343 5547 1569 5616 ἐγγίσας
1612 5546 1804 5617 Κυρίῳ

222 5650 320 5712 χαὶ
343 5649 598 5719 ἀγιασθεί
604 5666 631 5712 ς
650 5666 662 5680 ’
694 5647 789 5701 τοῦ
813 5645 1014 5717 σεμνοῦ
1039 5644 1097 5698 δὲ
1125 5643 1287 5713 λόγου
1322 5643 1416 5696 καὶ
1431 5640 1681 5710 τερπνῶς
1709 5639 1804 5692 καὶ

290 5828 404 5899 (S7)
440 5826 574 5899 Cod.
608 5824 952 5899 deopé'w‘rtag.

1229 438 1296 497 IN
1336 440 1657 498 CARMIMA
1695 438 1974 498 ARCANA
2011 440 2072 498 S.
2115 439 2466 498 GBEGORII.

3387 446 3505 516 τει

1917 557 1983 612 15
2035 557 2123 612 γει
2144 575 2246 612 non
2276 558 2404 612 doce
2442 558 2520 612 vel
2559 559 2685 614 doce
2713 558 2972 626 moribus,
2999 567 3107 614 etc.

1982 647 2196 704 Bonum
2232 651 2538 715 silentium,
2580 651 2716 704 dicit
2761 650 2984 707 divinus
3031 649 3311 721 Magister,
3354 657 3499 720 patet

1912 738 2058 810 quod
2104 740 2492 810 incipientibus
2526 756 2586 796 se
2619 756 2876 797 exercere
2911 741 2977 796 ad
3011 741 3265 796 virtutem
3296 750 3352 796 et
3391 755 3502 795 non

1910 834 2121 888 vocatis
2158 834 2226 888 ad
2261 833 2436 903 ipsam
2465 832 2806 899 docendam;
2838 840 2894 886 et
2925 833 2972 888 si
3002 830 3236 886 docendi
3258 845 3505 885 amorem

1910 925 2004 978 isti
2035 924 2295 991 habeant,
2330 925 2580 980 moribus
2613 925 2799 994 potius
2841 932 2895 979 et
2929 923 3277 978 institutione
3304 921 3501 993 agendi

1912 1009 2144 1096 rationis
2203 1015 2600 1070 documentum
2653 1014 2950 1070 ostendant
2994 1032 3008 1068 :
3062 1015 3299 1069 duarum
3353 1013 3500 1068 enim

1911 1124 2173 1164 manuum
2211 1109 2388 1165 instar
2427 1109 2572 1165 datis
2602 1109 2714 1162 vita
2744 1115 2799 1163 et
2842 1121 3119 1170 sermone,
3157 1121 3259 1160 nec
3283 1105 3500 1174 justum

1912 1215 2011 1254 nec
2047 1201 2195 1269 pium
2232 1209 2379 1255 esset
2409 1199 2456 1254 si
2483 1213 2588 1252 una
2621 1213 2787 1270 manu
2819 1199 3096 1253 discentes
3125 1196 3500 1259 traherentur,

1911 1291 2084 1345 altera
2137 1305 2269 1344 vero
2329 1271 2782 1360 repellerentur;
2827 1290 2874 1346 si
2921 1303 3020 1359 per
3066 1290 3233 1343 vitam
3273 1287 3499 1358 quidem

1894 1390 2313 1452 proponeretur
2359 1381 2869 1451 irreprebensibile,
2921 1393 3178 1434 sermone
3223 1392 3355 1432 vero
3408 1392 3501 1431 re-

1911 1472 2277 1541 prehensione
2327 1472 2598 1541 dignum;
2649 1477 2745 1524 aut
2787 1484 3040 1525 sermone
3077 1476 3228 1522 recto
3267 1475 3321 1521 et
3364 1480 3502 1521 sano

1909 1561 2167 1629 polleres,
2220 1562 2331 1615 vita
2363 1576 2493 1616 vero
2534 1560 2900 1614 maeulareris
2935 1573 3045 1611 non
3097 1568 3249 1611 casta
3289 1564 3343 1610 et
3376 1569 3502 1625 per-

1909 1666 2107 1707 versa:
2138 1651 2342 1723 etenim
2384 1666 2664 1705 summum
2693 1657 2778 1705 est
2821 1647 3090 1703 ambobus
3126 1641 3415 1716 praestare;
3451 1644 3500 1700 si

1910 1744 2179 1799 ambobus
2210 1750 2479 1813 praestare
2502 1741 2844 1813 impossibile
2865 1740 2971 1806 sit,
3004 1735 3258 1809 gravitati
3298 1752 3497 1792 secun-

1909 1837 2040 1892 dum
2088 1839 2304 1908 praxim
2340 1845 2397 1893 et
2427 1837 2594 1892 vitam
2638 1835 2812 1905 magis
2862 1832 3172 1889 curandum
3202 1846 3300 1900 per
3331 1844 3497 1900 quam

1908 1929 2151 1984 sermoni
2175 1928 2543 1999 supplendum
2574 1941 2673 1996 pro
2693 1926 2927 1993 reliquo.
2957 1922 3112 1977 Sicut
3141 1923 3287 1976 enim
3320 1920 3488 1992 picto:

1905 2033 2018 2073 non
2053 2026 2291 2082 tantum,
2338 2019 2541 2087 inquit,
2577 2031 2673 2087 per
2710 2030 2998 2072 sermones
3054 2027 3217 2083 quam
3267 2026 3361 2082 per
3403 2025 3493 2064 ar-

1906 2111 2264 2182 chetyporum
2293 2110 2631 2180 exemplaria
2670 2107 2965 2176 discipulis
3017 2107 3136 2161 suis
3179 2104 3235 2158 in
3282 2103 3494 2172 pietur

1905 2205 2158 2267 inservit,
2181 2206 2262 2260 sic
2279 2203 2623 2258 eremiticam
2646 2203 2818 2256 vitam
2843 2197 3317 2269 irreprehensibili
3339 2194 3496 2265 praxi

1906 2280 2205 2366 dirigentes
2254 2310 2321 2350 eo
2370 2295 2546 2365 magis
2596 2293 2723 2348 illos
2775 2293 2872 2362 qui
2919 2290 3057 2360 ipsis
3112 2287 3499 2359 approxitnaut

1905 2387 2174 2442 aediﬁcant
2197 2389 2497 2457 minusque
2524 2383 2876 2440 documentis
2901 2397 3000 2452 per
3029 2381 3196 2436 verba
3227 2377 3496 2448 indigent.

1907 2565 1973 2620 17
2022 2563 2177 2618 Vobis
2208 2562 2324 2616 dico
2362 2562 2612 2624 maxime,
2638 2560 2728 2631 qui
2756 2557 3084 2631 prwsidetu,

1906 2636 1972 2690 18
2014 2633 2136 2687 Νοη
2166 2634 2284 2686 sitis
2315 2633 2499 2686 oculus
2533 2628 2868 2685 tenebrarum
2905 2628 3115 2696 plenus.

1976 2724 2087 2779 Vos
2133 2723 2226 2794 qui
2266 2723 2335 2777 ad
2381 2723 2700 2778 cathedram
2749 2729 2806 2777 et
2854 2720 2923 2774 ad
2966 2725 3216 2776 sanctam
3251 2730 3499 2772 mensam

1904 2818 2270 2885 vosmetipsos
2305 2816 2592 2869 insinuare
2616 2820 2671 2868 et
2702 2811 3008 2883 provehere
3037 2825 3150 2880 pra
3180 2809 3420 2864 elatione
3446 2817 3501 2862 et

1903 2908 2198 2962 ambitione
2220 2905 2517 2969 conamini,
2537 2905 2715 2973 magni
2737 2915 2789 2960 et
2809 2902 3008 2958 summi
3031 2899 3337 2957 sacerdotis
3389 2915 3496 2953 au.

1902 2999 2014 3054 dite
2047 3013 2230 3052 voces.
2281 2996 2453 3051 Vobis
2506 3003 2824 3051 sanctorum
2873 2994 3199 3064 populorum
3223 2991 3501 3061 episc0pis

1903 3089 2337 3152 exhortationem
2367 3087 2525 3141 istam
2556 3086 2823 3156 pandam;
2844 3101 2912 3139 ne
2936 3086 3062 3142 sitis
3090 3084 3236 3138 oculi
3259 3082 3503 3138 tenebris

1905 3179 2114 3242 referti,
2157 3179 2252 3234 sed
2301 3179 2510 3232 lumine
2545 3177 2695 3248 pleni
2742 3177 2924 3243 ﬁatis;
2979 3190 3048 3229 ne
3077 3175 3372 3244 iniustitia:
3406 3181 3503 3227 aut

1907 3269 2292 3342 imprudentia:
2320 3278 2414 3323 aut
2452 3267 2780 3337 impietatis,
2819 3265 2917 3321 sed
2950 3265 3188 3336 justitiae
3223 3272 3280 3319 et
3319 3263 3520 3320 scien-'

1905 3363 1994 3416 tia:
2038 3370 2095 3417 et
2129 3360 2353 3431 pietatis
2408 3359 2709 3430 archetypa
2746 3357 2930 3423 ﬁatis;
2963 3371 3191 3412 necesse
3239 3363 3324 3410 est
3353 3356 3502 3410 enim

1907 3463 1966 3511 ut
2013 3455 2200 3526 populi
2237 3455 2332 3524 qui
2375 3453 2482 3508 sub
2528 3467 2695 3506 manu
2725 3460 2908 3507 vestra
2956 3460 3087 3507 sunt
3119 3465 3214 3505 vos
3247 3448 3504 3519 conside-

1905 3552 2031 3599 rent
2059 3554 2223 3614 atque
2251 3544 2412 3613 quasi
2443 3543 2600 3598 vobis
2627 3544 2787 3612 longe
2832 3541 2958 3597 aliis
2988 3540 3199 3597 similes
3230 3540 3363 3592 ﬁant
3405 3553 3504 3608 per

1904 3625 2294 3694 imitationem.
2356 3635 2506 3690 Estis
2552 3635 2699 3689 enim
2745 3634 2838 3687 lux
2898 3633 3150 3702 corporis
3215 3629 3499 3685 Ecclesiae.

1909 3731 2064 3787 Sicut
2103 3745 2235 3801 ergo
2280 3728 2440 3784 vobis
2485 3725 2829 3796 simplicibus
2861 3733 2917 3779 et
2965 3722 3280 3778 lucentibus
3325 3727 3378 3776 et
3431 3720 3502 3776 de

1907 3833 2026 3880 toto
2073 3823 2222 3895 puris
2300 3824 2357 3876 in
2411 3823 2619 3876 lumine
2679 3834 2883 3890 corpus
2936 3819 3187 3890 graditur
3233 3825 3288 3873 et
3341 3831 3501 3871 suam

1907 3915 2052 3969 viam
2119 3914 2343 3984 dirigit,
2396 3912 2472 3966 ita
2517 3927 2548 3967 e
2583 3920 2776 3966 contra
2827 3910 2986 3966 vobis
3029 3910 3084 3964 in
3145 3909 3499 3980 tenebrarum

1909 4005 2232 4075 ignorantia:
2277 4013 2341 4060 .et
2399 4003 2608 4073 peccati
2658 4001 2975 4072 iacentibus
3022 4003 3336 4071 vituperio,
3389 4011 3501 4058 tota

1908 4098 2050 4151 male
2086 4096 2294 4166 patitur
2327 4111 2391 4150 ac
2437 4096 2668 4150 moleste
2698 4093 2803 4149 fert
2840 4093 3104 4149 Ecclesia.
3137 4094 3195 4149 Si
3229 4110 3382 4165 ergo,
3415 4097 3502 4150 in-

1906 4187 2046 4257 quit,
2082 4189 2176 4258 qui
2221 4187 2312 4241 lux
2362 4194 2418 4241 et
2464 4186 2660 4241 oculus
2705 4199 2832 4239 esse
2865 4185 3081 4240 videtur
3114 4185 3360 4240 omnium
3402 4186 3496 4255 qui

1909 4282 2011 4334 sub
2060 4295 2224 4334 manu
2256 4280 2377 4348 ejus
2413 4285 2562 4345 sunt,
2591 4278 2644 4331 in
2684 4278 2929 4333 tenebris
2960 4279 3226 4342 ambulat,
3269 4279 3374 4333 iste
3401 4278 3498 4348 qui

1865 4399 1870 4404 -
1907 4385 2126 4440 semper
2158 4371 2323 4426 malis
2360 4379 2447 4426 est
2490 4373 2784 4429 obvolutus
2823 4374 3061 4444 pepultts
3085 4382 3291 4443 quanto
3323 4375 3499 4446 magis

1909 4478 1939 4516 a
1973 4462 2181 4516 malitia
2210 4462 2612 4518 dominabitur.

1908 4553 1972 4607 ει
2021 4552 2164 4620 Opus
2187 4554 2298 4607 sine
2325 4554 2477 4608 verba
2499 4562 2719 4623 proritat
2759 4555 2909 4608 verbo
2933 4556 3045 4609 sine
3067 4572 3240 4623 opere,
3270 4564 3376 4611 etc.

1982 4644 2447 4709 Pulclterrimum,
2503 4645 2684 4715 inquit
2735 4645 2954 4700 divinus
2987 4657 3034 4708 et
3077 4647 3277 4716 dignus
3323 4657 3496 4709 vates.

1913 4745 1966 4790 et
1997 4735 2167 4790 verbo
2197 4745 2252 4790 et
2290 4736 2400 4789 vita
2449 4735 2685 4806 primum
2733 4737 3045 4806 praecellere
3092 4753 3214 4793 eum
3262 4739 3355 4809 qui
3389 4737 3497 4794 Ec-

1913 4825 2096 4881 clesiae
2127 4825 2290 4896 digne
2329 4825 2448 4879 vult
2494 4841 2763 4895 praeesse;
2814 4827 2909 4882 sed
2946 4827 3117 4882 altero
3165 4829 3359 4883 horum
3403 4845 3498 4885 ca-

1911 4928 2119 4970 rentem
2153 4916 2349 4971 melius
2394 4925 2542 4972 esset
2572 4924 2628 4971 et
2658 4917 2853 4984 utilius
2889 4932 2987 4987 per
3026 4919 3245 4974 virtutis
3283 4921 3496 4990 praxim

1908 5015 1966 5061 et
1988 5007 2177 5074 vitam,
2207 5023 2331 5062 cum
2379 5007 2692 5078 ignorantia
2722 5014 2778 5062 et
2816 5009 2967 5062 verbi
3004 5009 3366 5080 incapacitate
3404 5027 3497 5066 no-

1911 5114 2034 5152 men
2070 5098 2270 5154 habere
2301 5099 2504 5152 bonum
2537 5115 2701 5169 quam
2751 5114 2999 5155 sermone
3040 5102 3278 5174 eleganti
3327 5113 3381 5157 et
3413 5103 3498 5158 in~

1912 5190 2194 5247 fructuoso
2241 5200 2294 5245 et
2343 5190 2606 5246 inefﬁcaci
2660 5199 2908 5248 utentem
2973 5195 3200 5262 grandia
3254 5195 3403 5265 loqui
3442 5204 3499 5252 et

1905 5281 2044 5336 alios
2090 5283 2378 5336 docturum
2420 5299 2480 5337 se
2519 5282 2656 5337 dare
2708 5297 2771 5337 ea
2810 5298 2932 5352 quae
2977 5300 3087 5338 non
3131 5285 3259 5340 fecit
3304 5286 3499 5342 doctor

1907 5371 2032 5428 iste.
2062 5373 2211 5428 Cur?
2243 5373 2396 5440 Quia-
2421 5374 2543 5430 sine
2575 5377 2683 5428 vita
2716 5391 2838 5445 qua:
2871 5386 2955 5431 est
2990 5377 3293 5432 secundum
3338 5393 3498 5433 man-

1855 5528 1859 5532 _
1905 5463 2156 5519 datorum
2179 5474 2234 5520 et
2257 5467 2478 5521 virtutis
2511 5468 2721 5536 praxim
2742 5483 2903 5522 nemo
2933 5482 2963 5521 a
2987 5467 3188 5523 saeculo
3217 5484 3492 5537 summus,

1907 5571 2070 5611 nemo
2088 5558 2482 5627 gloriﬁcabitur
2510 5559 2669 5629 quasi
2695 5557 2924 5614 Domino
2949 5561 3230 5630 proximus
3260 5569 3314 5615 et
3342 5577 3496 5619 sane-

1911 5648 2176 5713 tiﬁcatus,
2215 5648 2344 5703 dum
2376 5651 2495 5706 sine
2538 5665 2794 5706 sermone
2844 5651 3136 5723 magniﬁco
3161 5659 3216 5707 et
3262 5650 3486 5713 auribus

294 5885 407 5970 3.88)
450 5897 559 5954 llos
589 5885 784 5954 versus
823 5885 1005 5951 luuilut
1039 5891 1282 5955 Joannes
1323 5892 1518 5962 Georg.
1561 5889 1618 5945 in
1651 5885 1800 5945 Giton

1935 5889 1994 5946 V.
2032 5889 2353 5948 Auccd.‘(£r.
2390 5891 2710 5949 Boissonadi
2739 5891 2780 5965 l_.
2818 5893 2903 5948 ιι.
