4020 6302
257 392 367 451 791

334 610 461 664 Νόει
524 627 653 681 μοι,
710 602 755 663 ὧ
808 602 963 672 οὗτος
1009 608 1081 679 (η
1133 608 1399 681 θεηγόρος
1452 626 1536 664 σοι
1589 610 1837 677 θεσπίζει

252 699 521 768 γλῶσσα),
537 699 726 772 ὥσπερ
748 698 805 753 ἐν
825 716 933 752 τινι
960 699 1266 769 πανηγύρει
1292 700 1426 771 τῷδε
1443 700 1523 772 τῷ
1553 700 1651 773 βιῳ
1672 706 1839 757 ποιεῖ’

257 788 389 841 σθαι
421 788 517 859 τὴν
562 787 932 858 ἀναστροφήν.
987 787 1115 840 Ἐὰν
1157 787 1255 857 μὲν
1284 782 1379 842 οῦν
1402 789 1550 859 είδῇς
1577 806 1838 861 πραγμα-

251 874 577 940 τεύσασθαι,
629 876 818 947 κέρδος
875 874 1126 931 ἐντεῦθεν
1164 876 1259 930 καὶ
1288 876 1519 942 πλοῦτός
1551 896 1633 931 σοι
1670 896 1839 949 προσ-

254 967 414 1019 έσται
436 980 450 994 ⁸
482 964 788 1019 τούναντίον
834 966 912 1031 δὲ,
954 965 1142 1029 κακῶς
1176 967 1415 1037 μετιόντι
1446 970 1543 1039 τὴν
1589 973 1837 1041 πανήγυ-

257 1074 380 1127 ριν,
433 1056 607 1128 ζημία
650 1056 746 1110 καὶ
794 1057 1061 1127 πτωχεία.
1114 1056 1241 1120 Πῶς
1296 1052 1393 1111 οῦν
1438 1060 1837 1132 πραγματεύσῃ

256 1148 447 1210 καλῶς
468 1166 480 1213 ;
501 1148 675 1218 Είπερ
699 1146 773 1216 δὴ,
798 1146 865 1199 τὰ
890 1146 1104 1217 μεγάλα
1127 1149 1219 1201 καὶ
1239 1148 1470 1219 οὐράνια
1496 1150 1605 1201 τῶν
1623 1150 1837 1221 μικρῶν

256 1241 373 1293 καὶ
402 1239 605 1310 γηΐνων
636 1237 965 1311 ἀπαλλάξῃ.
1004 1239 1097 1292 καὶ
1127 1238 1198 1293 τὰ
1238 1239 1458 1310 φθαρτὰ
1494 1242 1634 1295 κατὰ
1675 1241 1837 1310 φύσιν

255 1330 361 1383 καὶ
394 1328 586 1399 ῥέοντα
633 1329 938 1400 προέμενος
965 1328 1037 1382 τά
1071 1330 1353 1400 ἀρῤευστα
1386 1326 1709 1402 κατακτήσῃ
1742 1332 1838 1384 κα)⁵

252 1419 429 1473 ἀΐδια.
467 1419 610 1471 Ὅσα
650 1417 761 1488 γὰρ
804 1418 941 1487 szpb;
982 1417 1198 1487 ἡδονὴν,
1234 1419 1328 1471 καὶ
1360 1419 1589 1492 τρυφὴν,
1621 1420 1719 1475 καὶ
1744 1421 1836 1474 θε-

256 1507 492 1577 ραπείαν
528 1507 864 1578 πρόσκαιρον
908 1506 1160 1577 σώματος
1192 1510 1307 1571 τοῖς
1337 1508 1405 1562 τὰ
1437 1509 1655 1578 ἐπίγεια
1700 1527 1836 1581 φρο-

249 1596 412 1649 νοῦσι
443 1595 827 1663 σπουδάζεται,
866 1598 1115 1669 τοαριείςο
1149 1599 1251 1652 ὅσα
1283 1582 1341 1652 δέ
1374 1600 1719 1670 πνευματικά
1743 1599 1837 1654 καὶ

248 1686 378 1756 Θεῷ
406 1688 557 1756 φίλα.
590 1688 690 1740 ὅσα
726 1686 888 1756 ἁγνὰ,
930 1688 1029 1740 ὅσα
1056 1686 1301 1760 εὔφημα,
1343 1688 1398 1741 εἴ
1420 1705 1507 1751 τις
1536 1689 1708 1761 ἀρετὴ
1739 1692 1837 1745 καὶ

248 1777 311 1831 ετ
340 1794 424 1839 τις
457 1777 700 1842 ἔπαινος,
746 1774 921 1831 ταῦτα
944 1768 1107 1833 πστντὶ
1136 1777 1311 1831 σθένει
1341 1779 1435 1833 καὶ
1462 1776 1610 1849 πάσῃ
1647 1795 1837 1851 κατερ-

250 1867 565 1937 γαζόμενος
619 1870 861 1939 μηχανῇ,
887 1868 1151 1922 κάλλιστα
1197 1869 1602 1939 πραγματεύση
1645 1868 1741 1924 καὶ
1769 1871 1838 1923 τά

252 1957 496 2027 μέγιστα
538 1959 819 2029 κερδανεῖς
844 1975 858 1988 ·
891 1958 1001 2014 τῶν
1026 1960 1320 2030 ἀκηράτων
1351 1959 1407 2013 δὲ
1436 1960 1527 2013 καὶ
1558 1962 1681 2014 κατ’
1707 1961 1840 2032 ἀρε-

247 2048 357 2117 τὴν
395 2048 648 2119 πράξεων
686 2050 1021 2121 παραμελῶν
1074 2051 1169 2104 καὶ
1213 2051 1593 2123 ὑπερφρονῶν,
1647 2052 1744 2105 καὶ
1778 2051 1841 2104 τὸ

130 2204 133 2205 ν
246 2139 379 2192 δλον
412 2138 1191 2212 θησαυρίζων,“θησαυρίζεις
1236 2142 1304 2196 τὰ
1352 2140 1703 2211 ἀπολλύμενα
1747 2143 1841 2196 ἐπὶ

247 2226 359 2297 τῆς
405 2228 531 2299 γῆς,
570 2227 727 2299 δῆλον
759 2227 841 2282 δτι
880 2226 1206 2301 ζημιωθήσῃ
1240 2230 1338 2302 τὴν
1384 2232 1498 2293 τοῖς
1533 2229 1842 2295 σπουδαίοις

248 2318 630 2389 ἀποκειμένην
668 2318 963 2389 σωτηρίαν.
1008 2321 1243 2390 Τοιαύτη
1271 2321 1426 2391 μὲνή
1461 2321 1555 2374 τοῦ
1594 2321 1714 2393 βίου
1736 2339 1843 2377 πα-

247 2405 510 2476 νήγυρις,
553 2406 647 2459 καὶ⁸
674 2406 769 2460 τὸν
794 2407 1087 2479 είρημινον
1114 2409 1317 2479 τρόπον
1338 2409 1636 2480 ἐπικερδής
1659 2427 1717 2464 τε
1746 2410 1842 2465 καὶ

249 2494 551 2566 ἐπιζήμιος
580 2494 940 2549 καθίσταταν
976 2494 1183 2567 ταύτης
1207 2496 1265 2549 δέ
1301 2496 1705 2569 παρελθούσης.
1737 2497 1839 2553 ἄλ-

247 2584 348 2649 λος
371 2587 471 2639 οὐκ
495 2586 563 2640 ἂν
589 2587 843 2659 εὑρεθείη
873 2588 1261 2658 πραγματείας
1287 2589 1501 2660 καιρός.

246 2677 323 2730 ‘57
357 2676 556 2745 Πολὺς
576 2678 694 2746 μέν
724 2678 895 2732 ἐστιν
926 2682 958 2731 ό
994 2679 1383 2747 προκείμενος
1406 2678 1648 2747 δρόμος.

339 2767 427 2829 Ὠς
460 2767 522 2832 ἐξ
554 2762 886 2830 ἀντιθέσεως
907 2767 1007 2837 τῆς
1038 2766 1340 2838 είρημένης
1370 2766 1595 2839 γνώμης
1635 2767 1842 2839 ταύτην

248 2855 573 2911 ἀκουστέον.
614 2856 755 2910 Ἀλλ’
790 2857 968 2927 ὲρείςν
1004 2858 1203 2926 φησὶνν
1246 2857 1323 2920 ὡς
1356 2857 1523 2920 πολὺς
1562 2860 1592 2909 ὁ
1618 2857 1839 2929 δρόμοθ

245 2948 282 2999 ὁ
317 2946 512 3018 χρόνος
543 2946 753 3017 μακρὸς
782 2948 876 3000 καὶ
918 2948 946 2999 ὸ
979 2947 1121 3017 ὑπὲρ
1155 2948 1257 3016 τῆς
1285 2947 1488 3017 ἀρετῆς
1532 2949 1693 3010 πόνος
1745 2945 1842 2999 καὶ

247 3040 425 3100 κόπος
454 3036 689 3107 σκληρὸς
716 3037 813 3090 καὶ
842 3035 1012 3107 βαρύς
1032 3052 1046 3066 ο
1078 3037 1170 3089 καὶ
1192 3036 1276 3101 τίς
1301 3037 1513 3090 ὑποίσει
1537 3038 1628 3091 τὸν
1655 3037 1840 3106 ἀγῶνα

247 3128 680 3198 διαγωνίσασθαι
708 3128 789 3192 είς
814 3127 993 3192 τέλος;
1028 3126 1163 3180 ἀλλὰ
1200 3127 1275 3199 μὴ
1311 3128 1445 3199 πρὸς
1491 3130 1584 3181 τὸν
1617 3129 1839 3193 σκοπὸν,

246 3220 395 3292 πρὸς
423 3219 481 3273 δὲ
527 3220 628 3291 τὴν
672 3218 783 3273 τῶν
830 3220 1006 3273 πόνων
1036 3219 1217 3291 ἀφόρα
1246 3220 1673 3290 μισθαποδοσίαν
1694 3237 1709 3252 ·
1746 3221 1840 3273 καὶ

245 3311 366 3380 γὰρ
388 3309 523 3363 πολὺ
555 3309 753 3363 πλείων
780 3310 927 3363 ἐστὶν
960 3312 989 3363 ὁ
1018 3308 1232 3379 μισθὸς,
1256 3310 1316 3361 οὐ
1345 3310 1642 3366 διπλασίων
1666 3311 1698 3381 ἢ
1723 3330 1842 3383 τρι-

247 3397 522 3461 πλασίων,
546 3397 988 3469 ἀπειροπλασίων
1016 3398 1092 3463 δὲ,
1127 3397 1251 3453 καθ’
1272 3398 1396 3452 ὅσον
1424 3400 1518 3452 καὶ
1542 3399 1604 3452 τὸ
1630 3401 1837 3467 ἀϊδίως,

246 3491 435 3544 εῖτουν
469 3489 582 3561 (ῦὸ)
628 3488 863 3552 αἱωνίως
888 3528 904 3552 ,
943 3487 1125 3559 μένειν
1165 3492 1225 3542 ὲν
1271 3488 1351 3559 τῷ
1399 3489 1591 3560 ἀγαθῷ
1634 3490 1731 3544 τοῦ
1785 3492 1842 3544 ἐν

250 3581 455 3655 βραχεῖ
478 3579 869 3651 περαινομένου
900 3579 1074 3651 χρόνῳ
1098 3577 1367 3651 λυπηροῦ.
1392 3581 1463 3634 Σὺ
1486 3576 1577 3633 οὖν
1608 3580 1683 3653 μὴ
1706 3582 1844 3653 πρὸς

245 3672 319 3726 τδ
366 3672 477 3725 πᾶν
520 3670 638 3742 ἅμα
681 3669 775 3724 τοῦ
826 3669 1021 3742 χρόνου
1056 3669 1158 3740 τῆς
1206 3670 1603 3741 inpransi-hnc
1641 3672 1845 3743 ἀρετῆς

250 3759 538 3823 ἐνωδύνως
566 3758 785 3830 ἀφορῶν
810 3798 825 3824 ,
867 3759 962 3811 καὶ
997 3757 1075 3829 τῷ
1126 3757 1660 3823 δέει“ἀποκναισθεὶς
1686 3800 1701 3825 ,
1749 3760 1846 3814 καὶ

249 3849 562 3915 ὼκλακὼς,
593 3848 853 3920 ἀποπήδα
896 3846 993 3902 τοῦ
1029 3846 1242 3918 ἀγῶνος
1266 3864 1281 3879 ο
1320 3848 1441 3902 οὐδὲ
1489 3847 1598 3927 γὰρ
1632 3851 1745 3921 (95)
1793 3852 1843 3904 οἱ

246 3942 360 4013 τὴν
384 3940 660 3995 θάλασσαν
695 3938 984 4006 πλέοντες,
1016 3939 1138 3994 ὅλον
1171 3938 1287 4010 ἅμα
1313 3938 1375 3993 τὺ
1408 3938 1643 4009 πέλαγος
1676 3939 1847 4011 ὁρῶν-

249 4046 389 4095 τες,
423 4030 518 4083 καὶ
563 4027 890 4092 ναυτιῶντες
909 4068 926 4094 ,
948 4026 1112 4093 εὐθὺς
1147 4026 1465 4083 ἁναδύονται
1515 4028 1609 4082 τὸν
1640 4028 1808 4084 πλοῦν
1827 4045 1841 4059 ·

248 4118 376 4174 ἀλλ’
394 4120 611 4192 ἡμέραν
639 4119 701 4183 ἐξ
728 4117 945 4189 ἡμέρας
976 4118 1038 4171 τὸ
1068 4118 1167 4189 τῆς
1193 4116 1554 4190 ποντοπορίας
1583 4116 1845 4171 κλέπτον-

247 4228 353 4275 τις
386 4210 681 4283 διάστημα,
706 4212 831 4273 ταῖς
862 4207 1005 4262 κατὰ
1048 4208 1241 4281 μικρὸν
1282 4208 1615 4281 μεταδάσεσι
1646 4208 1844 4265 λανθα-

248 4302 461 4366 νὸντως
502 4300 595 4357 τδν
628 4300 988 4373 προκείμενον
1032 4300 1215 4363 αὐτοῖς
1257 4298 1381 4353 ὅλον
1429 4299 1643 4355 δίαυλον
1682 4303 1848 4356 ἐκπεο

256 4392 567 4467 ραιοῦνται.
602 4393 710 4445 Καὶ
758 4390 868 4463 γὰρ
912 4386 1196 4443 καὶτοῦτο
1250 4389 1418 4461 πεῖρά
1463 4391 1548 4455 τίς
1591 4393 1709 4445 ἐστι
1750 4392 1846 4445 τοῦ

266 4481 503 4554 Ἐχθροῦ
530 4482 629 4536 καὶ
653 4482 1042 4553 κακομήχανος
1082 4478 1345 4551 ἐπιϐουλὴ
1372 4520 1387 4545 ,
1419 4482 1479 4535 ἐν
1516 4483 1713 4551 ἀρχαῖς
1750 4480 1846 4535 τοῦ

1210 402 1282 458 ΙΝ
1315 401 1623 461 CARMINA
1662 403 1944 463 ARCANA
1978 404 2039 464 Β.
2077 402 2425 462 GREGOBII.

143 564 153 571 .
258 513 335 573 33
368 517 716 589 Πανήγυριν
743 514 938 585 νόμιζε
970 515 1141 572 τόνδε
1178 517 1287 573 τὸν
1307 518 1453 583 βίον
1488 520 1623 591 (95).

3416 402 3518 464 798

1941 522 2012 578 33
2052 521 2336 576 Nundinas
2363 537 2475 576 esse
2507 520 2643 575 hanc
2685 522 2847 576 vitam
2878 521 3143 577 existima.

2008 612 2202 683 Cogita
2233 612 2388 677 mihi,
2435 612 2693 683 quisquis
2736 612 2834 678 sis,
2873 612 3132 680 przcdicat
3179 610 3279 665 tibi
3334 611 3521 682 lingua

1937 717 2100 774 quam
2129 701 2357 772 inspirat
2390 700 2553 765 Deus,
2577 701 2722 755 sicut
2750 701 2806 755 in
2836 714 3003 756 scena
3034 698 3294 769 quadam,
3329 700 3384 753 in
3416 700 3522 754 hac

1937 794 2050 847 vita
2096 791 2216 847 ﬁeri
2260 790 2594 847 curriculum
2628 808 2642 845 :
2685 790 2732 846 si
2774 796 3057 860 operatum
3103 787 3279 844 fuisse
3321 796 3377 843 te
3421 803 3521 843 co-

1937 879 2230 949 gnoveris,
2290 877 2507 934 lucrum
2558 876 2754 933 exinde
2809 884 2865 932 et
2923 875 3129 931 divitiae
3183 877 3280 931 tibi
3335 884 3518 942 erunt,

1936 978 2162 1025 econtra
2209 969 2351 1025 male
2397 969 2692 1040 negligenti
2736 983 2981 1033 scenam,
3033 967 3422 1023 detrimentum
3466 975 3521 1022 et

1938 1069 2231 1129 paupertas
2271 1068 2451 1114 erunt.
2498 1057 2783 1125 Quomodo
2810 1072 2943 1130 ergo
2982 1058 3120 1112 bene
3160 1058 3523 1127 operaberis?

1939 1149 1998 1206 Si
2040 1163 2237 1221 magna
2270 1162 2326 1206 et
2358 1149 2604 1205 cmlestia
2633 1151 2817 1219 parvis
2845 1156 2901 1205 et
2928 1149 3288 1205 terrestribus
3320 1156 3522 1218 pratu—

1938 1239 2088 1307 leris,
2118 1245 2173 1295 et
2200 1239 2577 1309 corruptibilia
2611 1238 2679 1293 de
2716 1246 2913 1293 natura
2940 1253 3041 1294 sua
3068 1247 3122 1292 et
3163 1239 3308 1291 ﬂuxa
3343 1237 3522 1307 negli-

1936 1344 2071 1399 gens
2110 1331 2487 1400 permanentia
2526 1339 2579 1385 et
2606 1316 2810 1387 ;etcrna
2854 1332 3215 1401 acquisieris;
3248 1338 3521 1401 quotquot

1934 1422 2079 1482 enim
2122 1428 2342 1490 propter
2398 1421 2733 1492 voluptatem
2788 1428 2843 1475 et
2886 1421 3115 1476 delicias
3169 1426 3226 1474 et
3272 1419 3523 1488 corporis

1936 1510 2309 1564 transitoriam
2329 1524 2518 1564 curam
2550 1509 2618 1563 ab
2649 1509 2719 1566 iis
2751 1510 2847 1579 qui
2879 1516 3097 1564 terrena
3122 1508 3340 1576 sapiunt
3368 1521 3521 1577 qum-

1936 1607 2131 1652 runtur
2161 1598 2607 1667 praetermittens,
2655 1613 2999 1669 quacunque
3041 1604 3223 1652 autem
3257 1596 3523 1667 spiritua-

1936 1688 2009 1743 lia
2060 1698 2114 1745 et
2162 1687 2277 1744 Deo
2332 1695 2510 1759 grata,
2560 1702 2925 1759 quascunque
2956 1697 3132 1753 casta,
3182 1701 3522 1757 quaecunque

1935 1768 2093 1835 bonae
2115 1779 2290 1843 fama.
2318 1778 2363 1834 si
2390 1793 2498 1849 qua
2530 1779 2723 1844 virtus,
2750 1780 2796 1834 si
2822 1791 2931 1848 qua
2947 1777 3212 1849 laughmc
3238 1776 3391 1831 omni
3418 1790 3523 1845 ope

1940 1876 1995 1924 et
2026 1884 2191 1938 opera
2219 1883 2499 1938 quarens,
2526 1867 2732 1938 optima
2764 1875 3025 1937 operatus
3052 1867 3163 1921 eris
3188 1872 3243 1920 et
3276 1863 3517 1918 maxima

1940 1956 2185 2011 lucratus
2224 1954 2423 2020 fueris;
2472 1968 2639 2026 Opera
2669 1968 2798 2010 vero
2835 1954 3046 2023 absque
3080 1952 3312 2009 mistura
3342 1958 3397 2006 et
3436 1966 3524 2007 se-

1940 2047 2182 2102 cundum
2217 2042 2495 2100 virtutem
2520 2045 2802 2115 negligens
2828 2051 2885 2097 et
2921 2043 3263 2113 despiciens;
3296 2041 3525 2095 omnino

1942 2133 2321 2189 tbcsaurizans
2369 2133 2712 2189 thesaurizas
2764 2132 3006 2202 peritura
3062 2145 3229 2200 super
3294 2139 3520 2191 terram,

1941 2232 2089 2297 patet
2120 2224 2267 2294 quod
2292 2225 2686 2280 detrimentum
2729 2223 2977 2295 patieris,
3018 2221 3304 2278 deﬁciente
3352 2218 3524 2275 ﬁdeli-

1941 2320 2045 2375 bus
2074 2320 2238 2375 obvio
2279 2319 2474 2375 salute.
2510 2318 2586 2372 Ea
2624 2325 2709 2375 est
2731 2318 2896 2389 hujus
2922 2318 3045 2372 vitm
3084 2312 3343 2385 Igura,et
3366 2312 3522 2383 juxta

1940 2408 2151 2464 dictum
2184 2424 2390 2465 morem
2421 2408 2683 2463 lncranda
2718 2417 2775 2465 et
2808 2407 3083 2477 perdenda
3111 2413 3361 2472 constat;
3387 2418 3523 2474 pm-

1941 2501 2101 2557 terita
2149 2508 2331 2556 autem
2362 2500 2479 2571 jam
2530 2515 2640 2555 non
2702 2500 2950 2556 invenies
2985 2498 3132 2553 aliud
3184 2493 3521 2568 operationis

1942 2602 2178 2661 tempus.

1942 2680 2012 2735 57
2049 2678 2241 2749 Ingens
2264 2679 2472 2749 quidem
2493 2679 2589 2733 tibi
2616 2679 2919 2749 propositus
2944 2694 3155 2733 cursus.

2013 2769 2183 2836 Qmsi
2202 2784 2267 2825 es
2292 2770 2549 2826 antitliesi
2574 2770 2734 2826 dicta:
2760 2760 3046 2826 sententié
3072 2769 3185 2823 haec
3204 2767 3478 2824 audienda
3503 2787 3519 2823 :

1946 2861 2052 2915 Sed
2070 2860 2241 2925 dices,
2262 2859 2461 2927 inquit,
2487 2860 2634 2928 quod
2659 2859 2892 2915 multum
2912 2857 3274 2923 curriculum,
3300 2856 3517 2929 longum

1942 2956 2158 3021 tempus
2198 2958 2251 3003 et
2288 2950 2436 3003 circa
2477 2949 2735 3002 virtutem
2763 2949 2915 3003 calor
2936 2958 2989 3003 et
3022 2948 3267 3019 fatigatio
3295 2948 3431 3001 dura
3468 2960 3524 3003 et

1942 3038 2126 3109 gravia
2148 3045 2230 3103 ;et
2245 3037 2369 3107 quis
2386 3036 2439 3090 in
2457 3051 2629 3106 agone
2645 3037 2977 3091 contendere
2999 3036 3068 3090 ad
3096 3036 3255 3090 linem
3281 3036 3523 3091 sustine-

1944 3129 2056 3183 bit?
2086 3127 2191 3183 Sed
2222 3143 2289 3182 ne
2330 3134 2549 3190 metam,
2591 3128 2730 3181 bene
2762 3139 2893 3182 vero
2923 3126 3175 3180 laborum
3218 3125 3523 3180 mercedem

1942 3218 2290 3282 consideres;
2338 3232 2573 3287 namque
2626 3217 2798 3271 multo
2841 3216 3017 3287 major
3047 3223 3132 3270 est
3176 3229 3524 3280 merces,non

1944 3307 2166 3378 duplex,
2203 3317 2295 3361 aut
2326 3306 2543 3375 triplex,
2573 3304 2665 3361 sed
2706 3320 2870 3374 supra
2901 3306 3119 3359 modum
3160 3302 3441 3373 multiplex
3469 3310 3525 3357 et

1942 3403 2208 3465 quantum
2231 3409 2446 3463 semper
2466 3402 2519 3448 et
2550 3394 2603 3447 in
2625 3404 2888 3447 mtcrnum
2912 3392 2966 3446 in
2989 3394 3133 3446 bono
3155 3393 3367 3446 mansio
3389 3406 3523 3461 pra:-

1944 3494 2054 3540 stat
2084 3487 2139 3540 in
2171 3486 2356 3541 brevis
2381 3485 2643 3554 temporis
2666 3484 2985 3540 transitoria
3012 3483 3265 3537 molesta.
3289 3480 3371 3535 Tu
3394 3498 3525 3552 ergo

1945 3592 2014 3631 ne
2042 3574 2193 3631 omni
2226 3582 2474 3645 tempore
2503 3574 2718 3644 agentis
2764 3572 2819 3627 in
2861 3572 3049 3627 dolore
3082 3572 3299 3625 virtutis
3343 3570 3523 3624 intert-

1945 3666 2082 3721 dens
2111 3671 2169 3720 et
2194 3675 2340 3719 metu
2365 3662 2651 3719 confectus
2696 3670 2751 3718 et
2782 3662 3023 3719 lassatus
3054 3660 3244 3733 pedem
3276 3660 3523 3713 retrahas

1946 3756 2015 3811 ab
2047 3770 2223 3826 agone
2252 3773 2267 3811 ε
2299 3770 2410 3810 non
2444 3754 2481 3809 ii
2520 3753 2616 3824 qui
2651 3769 2801 3809 mare
2829 3752 3114 3825 trajiciunt
3158 3751 3319 3808 simul
3356 3766 3419 3805 ac
3448 3750 3527 3804 al-

1946 3857 2060 3901 tum
2101 3861 2251 3901 mare
2277 3852 2579 3900 tenuerunt
2606 3851 2660 3898 et
2684 3857 2923 3899 nauseas
2952 3841 3183 3910 experti,
3217 3841 3468 3910 protinus
3493 3853 3527 3892 a

1946 3937 2179 4008 trajectu
2219 3935 2532 3999 discedunt,
2560 3933 2659 3990 sed
2688 3933 2757 3989 de
2775 3933 2867 3990 die
2906 3932 2963 3988 in
2986 3931 3131 3987 diem
3164 3928 3530 4001 navigationis

1947 4041 2161 4098 tempus
2184 4027 2343 4098 quasi
2391 4026 2709 4083 iraudantes
2752 4024 3016 4097 paulatim
3056 4038 3153 4095 per
3195 4021 3530 4077 mutationes

1948 4119 2146 4175 furtive
2192 4125 2458 4175 statutum
2508 4119 2643 4189 ipsis
2696 4124 2871 4174 totum
2927 4115 3168 4171 stadium
3214 4111 3530 4181 trajiciunt;

1948 4208 2181 4265 tentatio
2211 4209 2357 4265 enim
2385 4207 2634 4279 quaedam
2675 4215 2762 4264 est
2796 4206 2972 4262 hostis
3000 4214 3056 4261 et
3087 4206 3154 4259 ad
3206 4203 3408 4259 malum
3439 4202 3527 4256 in-

1948 4300 2203 4356 sidiantis
2250 4298 2528 4371 suggestio
2573 4299 2631 4354 in
2667 4297 2862 4369 agonis
2898 4295 3209 4367 principiis,
3241 4292 3529 4366 pusillani-

1950 4392 2191 4446 mitatem
2236 4391 2502 4455 insinuat,
2538 4388 2784 4445 acediam
2833 4387 3042 4443 inducit
3085 4394 3141 4442 et
3189 4384 3258 4439 ad
3305 4399 3367 4440 ea
3408 4398 3533 4453 quae

1950 4490 2099 4537 retro
2129 4489 2261 4537 sunt
2287 4481 2519 4536 reducit.

252 4574 471 4643 ἀγῶνος
513 4572 862 4643 ὀλιγοψυχίαν
912 4573 1301 4643 ἐμποιοῦντος,
1353 4576 1447 4627 καὶ
1506 4575 1737 4646 ἀκηδίαν
1784 4576 2324 4647 παρασκευάζοντος,
2370 4576 2464 4629 καὶ
2508 4576 2589 4638 είς
2647 4572 2715 4627 τὰ
2769 4571 2944 4626 ὀπίσω
3003 4569 3422 4638 ἀνατρέποντος.

250 4666 325 4722 ει
368 4662 461 4733 Μὴ
492 4663 729 4733 σφόδρα
765 4662 1005 4731 θαρῤεῖν
1037 4661 1176 4733 μηδ’
1216 4663 1563 4723 ἀπελπίζειν
1588 4664 1764 4734 ἄγαν.

334 4755 495 4825 Μήτε
530 4754 652 4807 λίαν
694 4752 1053 4824 τεθαρρηκὼς
1097 4753 1313 4807 καὶτοῦ
1352 4756 1715 4825 προκειμένου
1748 4756 1847 4827 τῆς

253 4846 466 4918 ἀρετῆς
488 4843 698 4914 ἀγῶνος
734 4843 809 4908 ὡς
836 4844 1055 4909 πάντως
1079 4844 1469 4917 περιεσόμενος
1499 4846 1593 4900 τοῦ
1622 4846 1850 4900 ἀντιπά-

252 4938 360 4993 λου
392 4935 724 5007 κατακαυχῶ
752 4952 767 4966 ·
809 4935 984 5007 θρασὺ
1012 4935 1151 5007 γάρ·
1182 4937 1313 5008 μήτ’
1338 4930 1435 4990 οῦν
1472 4938 1535 4991 ἐκ
1558 4936 1653 4990 τοῦ
1696 4938 1851 4991 ἐναν-

251 5030 382 5086 τίου
405 5028 565 5083 πάλιν
596 5027 800 5099 σφόδρα
832 5026 1186 5099 μικροψύχως
1217 5028 1546 5101 ἀπηλπικὼς
1596 5027 1733 5101 πρὸς
1758 5029 1851 5084 τὸν

252 5121 467 5195 δρόμον
513 5120 817 5192 ὑποχωρεῖν
853 5121 948 5175 καὶ
992 5119 1416 5175 ὑποστέλλεσθαι
1439 5136 1455 5151 ·
1497 5119 1670 5175 δειλὸν
1698 5120 1807 5192 γάρ
1833 5137 1849 5153 ·

254 5213 368 5269 καὶ
395 5211 680 5285 ἀμφότερα
724 5211 987 5275 ὡσαύτως
1018 5210 1324 5282 ἐπισφαλῆ·
1374 5210 1468 5264 καὶ
1494 5212 1605 5281 γὰρ
1659 5210 1720 5264 τὸ
1752 5211 1853 5283 μὲν

257 5302 433 5361 πλέον
456 5302 491 5373 ἠ
509 5303 592 5356 δεῖ
609 5301 828 5374 θαρσεῖν
858 5299 1078 5354 ἔκλυσιν
1106 5292 1246 5353 οἶδεν
1273 5300 1522 5369 ἐμποιεῖν
1555 5297 1649 5351 καὶ
1679 5295 1851 5367 ῥᾳθυ-

262 5392 405 5468 μίαν
428 5411 443 5426 ·
472 5394 535 5447 τὸ
574 5392 619 5446 δ’
652 5392 794 5459 ἄγαν
828 5389 1152 5460 ἀνελπιστίᾳ
1192 5386 1598 5457 καταφέρεσθαι
1640 5403 1854 5458 προφα-

208 5490 211 5491 ⁷
260 5485 370 5556 νὴς
404 5482 505 5552 τῆς
530 5480 768 5549 ἀγωνίας
792 5479 1073 5550 ἀνατροπὴ
1104 5478 1200 5532 καὶ
1224 5475 1599 5547 ὑποχώρησις·
1629 5474 1693 5528 σὺ
1733 5469 1851 5539 οῦν,

258 5579 293 5632 ὁ
317 5572 423 5646 τῆς
452 5571 793 5646 συμμετρίας
836 5572 929 5625 καί⁵
964 5572 1064 5644 τῆς
1111 5568 1314 5641 ἀρετῆς
1346 5566 1607 5637 ἀλείπτης
1639 5582 1852 5637 παραγ-

347 5731 463 5799 (93)
504 5729 602 5784 Est
625 5726 1154 5799 versus_Menandri,
1186 5726 1421 5783 Senum.
1452 5724 1645 5799 singnl.
1674 5723 1795 5779 444.

341 5794 461 5871 (94)
493 5799 629 5857 Cod.
668 5799 765 5855 εἶτ’
797 5794 922 5867 οὖν,
957 5805 1015 5853 ιιι
1044 5812 1296 5869 semper;
1327 5811 1378 5852 ν.
1408 5811 1459 5866 p.
1500 5794 1551 5864 5,
1582 5796 1633 5850 7.

1945 4666 2006 4719 41
2048 4664 2130 4719 Ne
2180 4666 2401 4719 nimium
2446 4665 2687 4734 conﬁdas
2729 4680 2821 4717 nec
2854 4662 3076 4716 nimium
3127 4660 3388 4727 desperes.

2016 4754 2207 4825 Neque
2269 4756 2426 4813 nimis
2491 4754 2701 4810 audens
2750 4761 2804 4808 et
2853 4753 2910 4809 in
2960 4752 3212 4824 praesenti
3235 4748 3303 4805 de
3332 4749 3537 4804 virtute

1948 4861 2122 4917 agone
2157 4853 2420 4917 tanquam
2474 4844 2699 4900 omnino
2746 4855 3014 4915 pmstans
3081 4850 3273 4897 contra
3322 4839 3534 4894 hostem

1951 4938 2227 5007 glorieris,
2265 4936 2591 5003 temerarie;
2637 4952 2817 5007 neque
2860 4950 2891 4991 e
2933 4942 3149 4997 contra,
3181 4933 3401 4993 iterum.
3445 4944 3536 4984 ve-

1954 5028 2236 5083 hementer
2314 5042 2425 5099 pra:
2497 5026 2953 5099 pusillaniniitate
3011 5023 3272 5093 desperes
3331 5030 3387 5076 et
3448 5020 3536 5074 in-

1952 5125 2142 5190 specto
2162 5118 2341 5174 stadio
2380 5118 2698 5174 retroeedas
2738 5124 2798 5174 et
2834 5116 3021 5182 abeas,
3055 5112 3289 5181 timide;
3378 5119 3534 5165 utra-

1952 5225 2061 5281 que
2096 5209 2351 5266 similiter
2380 5210 2693 5281 periculosa
2723 5228 2736 5265 :
2772 5222 3010 5278 namque
3053 5206 3176 5277 plus
3208 5218 3366 5275 aequo
3392 5216 3530 5257 con-

1959 5299 2129 5356 lidere
2193 5298 2629 5356 debilitationem
2688 5309 2742 5355 et
2800 5298 3204 5354 enervationem
3264 5291 3537 5348 adducere

1958 5389 2117 5458 solet,
2137 5395 2193 5443 et
2224 5388 2389 5445 nimis
2435 5378 2532 5459 sp'e
2559 5386 2717 5457 dejici
2755 5394 2940 5459 aperta
2970 5394 3054 5442 est
3091 5384 3161 5439 ab
3194 5396 3367 5453 agone
3394 5394 3534 5435 conc

1958 5476 2139 5534 versio
2181 5486 2239 5533 et
2280 5477 2427 5549 fuga.
2469 5476 2551 5532 Tu
2583 5492 2738 5548 ergo,
2783 5473 3175 5532 moderationis
3222 5480 3277 5527 et
3317 5468 3535 5525 virtutis

1958 5576 2013 5625 te
2050 5568 2245 5624 invitat
2294 5570 2573 5641 magister,
2619 5568 2749 5626 hinc
2801 5566 3084 5641 dispositis
3135 5564 3235 5621 tibi
3269 5562 3338 5617 ad
3386 5556 3529 5615 viam

2037 5730 2148 5802 (95)
2182 5729 2315 5784 Cod.
2359 5728 2408 5780 οἱ
2435 5726 2493 5781 δὲ
2526 5725 2652 5797 γάρ.
