4020 6302
478 404 586 462 799

480 518 676 576 mediis
733 521 986 592 dirigaris
1041 523 1108 578 ad
1146 532 1347 579 metam
1411 523 1629 588 bonam,
1676 523 1802 578 inde
1859 524 2057 578 cohibe

483 613 815 666 activitatem
863 614 1262 669 incessabiliter
1295 615 1371 668 tui
1402 622 1588 683 potens
1616 617 1715 668 nec
1744 613 2061 682 imperfecte

484 717 594 770 pra:
624 703 840 771 pigritia
867 719 1173 758 remaneas.
1232 723 1251 754 ι
1287 704 1413 758 Inde
1448 719 1547 758 nec
1590 704 1814 757 invidia.
1857 722 1873 753 ι
1914 704 1977 756 Et
2018 704 2063 758 si

486 807 740 861 magnum
797 794 926 860 quid
1008 795 1164 862 quasi
1226 811 1391 864 supra
1449 804 1701 849 naturam
1768 795 2066 851 secundum

487 880 655 936 Deum
685 884 779 937 tibi
813 886 1074 938 statuitur
1105 886 1170 938 ad
1215 887 1449 954 praxim,
1491 886 1728 954 judicas,
1753 903 1822 940 ne
1849 895 2071 956 propter

486 973 591 1026 hoc
641 981 869 1042 stupens
916 976 1266 1041 retrocedas;
1318 992 1426 1029 non
1475 978 1620 1030 enim
1672 977 1870 1031 invidia
1927 976 2070 1045 apud

489 1061 656 1115 Deum
707 1065 799 1132 qui
842 1065 1042 1118 bonum
1090 1083 1214 1120 vere
1262 1083 1385 1120 cum
1419 1071 1621 1136 pie-tate
1651 1075 1704 1121 et
1757 1067 1863 1120 fide
1891 1066 2072 1122 facere

489 1152 776 1219 eligentem
807 1154 861 1208 in
889 1169 1087 1208 vanum
1117 1157 1360 1209 remittat
1389 1166 1442 1210 ct
1485 1153 1728 1226 repellat.
1767 1176 1784 1207 ι
1827 1155 1938 1210 Nec
1976 1157 2069 1224 qui

490 1243 592 1297 viae
639 1243 886 1298 inutilem
939 1245 1129 1299 reddat
1182 1247 1452 1315 reliquum
1511 1246 1773 1300 laborem.
1842 1266 1859 1299 ι
1917 1245 2071 1311 Quod

489 1333 642 1398 dicit,
673 1336 778 1391 hoc
827 1339 959 1392 mibi
1012 1338 1228 1393 videtur
1257 1355 1379 1395 esse
1417 1339 1533 1395 :De
1593 1341 1709 1395 vias
1765 1341 1816 1394 in
1868 1340 2074 1393 mundo

492 1427 934 1494 aggredientibus
987 1429 1033 1482 si
1067 1429 1133 1484 ad
1171 1431 1269 1484 via:
1310 1442 1533 1495 metam,
1571 1431 1636 1485 ad
1683 1430 2073 1500 perfectionem

493 1531 602 1568 non
628 1516 879 1570 adveniat
908 1518 1102 1585 viator,
1141 1520 1350 1575 inutilis
1397 1521 1549 1574 labor
1585 1527 1890 1585 sustentus,
1935 1534 2075 1572 vana

493 1616 742 1674 reputata
770 1616 856 1662 est
907 1608 1152 1680 fatigatio
1198 1631 1210 1664 :
1247 1610 1351 1676 Qui
1386 1612 1452 1666 ad
1507 1611 1678 1666 Deum
1724 1614 2077 1669 ascensiones

489 1681 590 1762 per
647 1697 858 1764 praxim
907 1707 964 1752 et
1023 1698 1436 1754 meditationem
1483 1702 1750 1768 disponit,
1813 1701 1962 1766 hinc,
2019 1708 2078 1752 ut

491 1785 694 1838 dictum
727 1796 832 1850 est,
863 1788 977 1858 jam
1019 1793 1281 1854 correxit,
1312 1792 1438 1846 inde
1476 1808 1621 1846 nunc
1649 1793 1896 1862 corrigit,
1929 1806 2079 1846 nunc

494 1885 592 1941 spe
635 1889 734 1928 sua
771 1879 1054 1945 prmvenit,
1099 1881 1226 1934 licet
1256 1889 1437 1934 tamen
1478 1881 1545 1934 ad
1589 1897 1863 1938 summam
1912 1882 2080 1952 perfe-

493 1963 730 2017 ctionem
763 1969 1106 2024 ascensionis
1137 1971 1204 2024 ad
1250 1971 1416 2024 Deum
1466 1987 1574 2027 non
1620 1972 1924 2042 perveniat,
1976 1988 2086 2026 non

491 2051 743 2123 desperet
794 2075 807 2110 :
866 2073 976 2112 non
1031 2061 1174 2114 enim
1221 2061 1435 2116 inutilis
1484 2063 1585 2134 ipsi
1635 2063 1790 2118 labor
1835 2063 1976 2118 sicut
2011 2063 2086 2118 illi

491 2143 585 2211 qui
620 2159 650 2196 a
681 2147 1075 2216 via'declinat;
1115 2153 1170 2206 in
1211 2163 1475 2222 quantum
1510 2169 1836 2223 progressus
1862 2163 1943 2208 est
1967 2161 2088 2207 ten-

493 2234 630 2288 dens
717 2237 784 2290 ad
846 2237 1235 2308 perfectionem
1293 2251 1347 2297 et
1406 2243 1474 2297 ad
1522 2244 1766 2312 judicem
1829 2259 2082 2313 superna:

495 2324 801 2382 vocatiOuis
857 2332 1323 2402 appropinquans,
1379 2349 1474 2404 per
1509 2349 1662 2404 spem
1710 2335 1942 2390 salutem
1977 2334 2080 2390 ob-

494 2421 679 2477 tinuit.

495 2511 797 2585 λειπομένῳ
828 2515 930 2585 τῆς
984 2518 1103 2571 ὀδοῦ
1131 2536 1144 2549 ο
1192 2519 1314 2571 ὅσον
1341 2519 1396 2571 δὲ
1439 2520 1718 2590 προκόψας
1760 2521 1893 2591 ἔφθη
1920 2561 1936 2587 ,
1996 2522 2076 2591 τῷ
2124 2521 2273 2575 τέλει
2311 2521 2406 2574 καὶ
2427 2520 2504 2588 τῷ
2533 2520 2794 2592 ’βραϐείῳ
2815 2520 2913 2589 τῆς
2937 2520 3050 2574 ἄνω
3069 2517 3315 2588 κλήσεως
3358 2513 3783 2585 προσηγγικὼς.

494 2602 582 2656 διὰ
609 2605 709 2675 τῆς
734 2606 946 2671 ἐλπίδος
978 2610 1075 2678 τὴν
1103 2609 1376 2680 σωτηρίαν
1403 2612 1719 2682 ἐκομίσατο.

496 2711 567 2766 45
595 2715 672 2767 Ne
698 2715 925 2769 calidius
958 2717 1196 2770 assilias.

570 2803 768 2858 lterum
823 2814 1048 2861 sanctus
1101 2808 1322 2863 virtutis
1379 2810 1659 2878 legislator
1724 2810 1976 2866 hortatur
2020 2827 2088 2867 ne

500 2893 706 2964 impetu
741 2897 941 2960 irruas,
1001 2912 1176 2966 neque
1225 2898 1536 2967 petulanter
1613 2901 1872 2970 operibus
1923 2917 2091 2971 supra

501 2984 644 3038 vires
679 2993 772 3037 aut
810 2987 1366 3056 conteinplationibus
1409 2989 1735 3044 sublimibus
1771 2991 2088 3060 extollaris;

500 3073 556 3128 in
590 3075 790 3142 quibus
836 3085 1016 3130 autem
1054 3077 1214 3132 rebus
1241 3079 1441 3148 aliquis
1475 3095 1572 3148 per
1606 3081 1876 3150 judicium
1922 3092 1975 3137 et
1999 3098 2092 3138 co-

503 3161 798 3234 gitationcs
853 3167 1153 3235 prudentes
1203 3177 1258 3224 et
1311 3170 1699 3226 confidentiam
1753 3183 1911 3229 actus
1956 3191 2096 3244 quos

504 3257 782 3323 reputavit
845 3257 1211 3328 undequaque
1283 3259 1799 3329 irreprebensibiles
1849 3265 2098 3319 animad-

505 3355 722 3403 vertens
775 3349 1112 3416 cognoverit,
1177 3351 1230 3403 in
1286 3350 1373 3406 liis
1417 3353 1574 3406 decet
1609 3359 1667 3405 ut
1725 3354 1993 3409 stabiliter
2043 3359 2099 3411 et

506 3431 628 3486 sine
699 3435 998 3488 mutatione
1071 3445 1417 3504 permaneat,
1468 3437 1644 3493 donec
1701 3439 1811 3493 Deo
1864 3441 2085 3511 dignius

507 3521 710 3591 aliquid
743 3523 812 3575 ab
841 3525 952 3579 alto
982 3524 1082 3592 ipsi
1111 3525 1463 3594 designetur;
1489 3528 1663 3599 magis
1685 3529 1829 3582 enim
1863 3531 2084 3600 expedit

511 3611 798 3666 humiliora
825 3615 1010 3670 multis
1041 3618 1309 3671 :estimata
1347 3617 1641 3688 eligentem
1687 3635 1880 3689 parum
1912 3621 1965 3674 in
1999 3621 2086 3678 bis

510 3703 759 3772 progredi
786 3719 949 3773 quam
980 3706 1238 3761 sublimia
1261 3710 1640 3779 intempestive
1680 3718 1793 3766 tum
1815 3712 1866 3766 in
1897 3713 2086 3782 gradi-

510 3794 611 3849 bus
636 3796 811 3850 sacris
840 3804 955 3850 tum
989 3798 1042 3851 in
1071 3800 1194 3854 aliis
1230 3814 1342 3868 prae
1382 3800 1682 3856 ambitione
1730 3811 2085 3871 quaerentem,

511 3905 631 3942 mox
654 3905 976 3960 progressus
1004 3891 1246 3947 minuere
1266 3900 1320 3947 et
1345 3891 1595 3948 decidere
1610 3904 1662 3948 et
1682 3896 1944 3950 minorem
1973 3896 2089 3951 fieri

511 3977 566 4030 in
600 3979 780 4032 bono:
815 3981 940 4033 mali
980 3981 1126 4034 enim
1163 3980 1274 4036 Deo
1317 3993 1538 4038 auctore
1572 3995 1836 4040 vocantur
1859 4002 1967 4042 non
1995 3989 2093 4059 qui

513 4065 756 4120 intimum
789 4075 842 4121 et
891 4070 1252 4125 humillimum
1287 4072 1429 4126 inter
1467 4073 1720 4132 homines
1755 4079 1935 4133 sortiti
1964 4089 2092 4135 sunt

515 4155 716 4222 locum,
742 4159 836 4211 sed
866 4159 958 4229 qui
982 4161 1099 4214 zelo
1134 4163 1334 4217 rationi
1361 4179 1470 4218 non
1493 4177 1862 4224 consentaneo
1881 4170 2092 4240 seipsos

513 4250 754 4303 exaltant
791 4266 901 4320 pra:
950 4254 1208 4323 superbia
1263 4262 1317 4309 et
1350 4256 1501 4312 humi
1553 4257 1759 4313 cadunt
1789 4276 1900 4330 pra:
1936 4270 2094 4332 petu-

515 4338 705 4394 lantia.

513 4473 584 4528 49
633 4474 722 4529 νει
767 4476 891 4531 levis
928 4476 1167 4533 scintilla
1215 4478 1472 4549 ingentem
1521 4482 1794 4550 ﬂammam
1833 4483 2093 4540 accendit.

589 4632 1054 4698 Quemadmodum
1116 4638 1386 4692 seminum
1486 4642 1918 4712 unumquodque
1993 4644 2098 4698 mi-

515 4724 725 4781 nimum
784 4742 908 4781 cum
941 4729 1036 4795 sit,
1078 4729 1170 4783 ubi
1202 4728 1398 4783 cecidit
1448 4730 1502 4784 in
1532 4739 1730 4786 terram
1756 4743 1810 4788 et
1845 4733 2096 4789 idoneum

517 4816 835 4871 alimentum
863 4819 1074 4874 invenit
1098 4829 1152 4872 et
1181 4819 1536 4875 tumefactum
1560 4822 1726 4886 est,in
1754 4824 2098 4882 altitudinem

518 4907 778 4973 paulatim
813 4907 1014 4962 crescit
1044 4915 1096 4962 et
1123 4907 1279 4976 juxta
1303 4923 1476 4982 genus
1506 4924 1652 4964 nunc
1682 4912 2099 4981 multiplicatur,

518 4997 661 5050 sicut
686 5004 744 5052 et
787 4998 1026 5052 scintilla
1051 5014 1117 5053 ex
1148 4998 1304 5054 silice
1347 4999 1492 5068 quod
1523 4998 1667 5054 ferro
1702 5000 1965 5057 caedimus
1999 5001 2102 5057 mi-

519 5087 688 5155 nima,
716 5088 918 5158 agitata
950 5090 1004 5142 in
1038 5104 1286 5158 magnam
1337 5090 1587 5159 prorupit
1620 5089 1918 5156 ﬂammam,
1955 5093 2101 5148 sicut

516 5185 574 5231 et
624 5177 822 5246 viperae
877 5191 1149 5231 venenum
1190 5177 1414 5247 guttula:
1442 5177 1619 5232 simile
1652 5179 1885 5234 latenter
1923 5179 2101 5234 homi-

520 5268 604 5322 nis
632 5283 834 5338 corpus
881 5275 1146 5337 penetrat,
1177 5275 1406 5328 mortem
1433 5284 1577 5340 saepe
1606 5285 1704 5340 per
1745 5286 1990 5326 morsum
2009 5271 2094 5327 in-

519 5359 754 5428 vehens;
795 5360 876 5414 sic
907 5367 960 5412 et
1007 5367 1294 5428 peccatum
1323 5375 1548 5416 narvum
1597 5377 1658 5418 se
1691 5363 1927 5431 primum
1956 5363 2091 5419 insi-

522 5453 654 5498 nuat
693 5454 748 5499 ct
801 5445 1125 5515 despicitur,
1155 5461 1278 5502 mox
1322 5450 1580 5518 pauiatim
1629 5451 1982 5520 progrediens
2036 5461 2092 5509 et

522 5548 772 5596 crescens
798 5551 1051 5606 magnum
1082 5537 1283 5592 malum
1316 5546 1371 5592 et
1415 5540 1611 5594 anima:
1642 5541 1856 5596 ruinam
1913 5541 1967 5595 in
1997 5557 2092 5597 eos

519 5623 616 5691 qui
659 5625 789 5679 illud
818 5626 1111 5682 admittunt
1146 5627 1332 5684 infert.
1399 5629 1572 5700 liuius
1600 5633 1774 5702 gratia
1806 5633 2090 5688 mirandus

523 5714 870 5772 consiliarius
921 5718 1004 5771 vel
1053 5717 1332 5775 minimam
1377 5729 1724 5791 apparentem
1768 5725 1983 5794 culpam
2020 5726 2090 5778 ti-

528 5805 706 5857 uicndi
743 5806 835 5858 dat
880 5810 1188 5876 consilium,
1219 5823 1284 5868 ct-
1320 5813 1490 5870 donec
1539 5830 1705 5886 parva
1743 5826 1824 5872 cst
1853 5825 1904 5874 et
1932 5818 2116 5887 lovis,

1794 404 2091 464 NICETAS
2122 406 2330 463 DAVID

3641 392 3766 453 800

2162 526 2362 593 γέλλει,
2392 525 2453 577 τὸ
2481 524 2578 594 μὲν
2609 521 2874 592 κατόρθου
2897 520 3008 573 τῶν
3036 518 3154 572 καθ’
3181 517 3298 570 ὀδόν
3335 532 3415 569 σοι
3447 515 3772 584 προκειμέ·

2168 634 2275 669 νων
2304 616 2383 677 είς
2413 615 2586 684 πέρας
2611 613 2782 680 δεξιὸν
2807 613 2976 680 ἄγων,
3010 609 3104 662 τοῦ
3133 609 3178 662 δ’
3211 608 3335 677 ἔχου
3365 609 3463 676 τῆς
3483 601 3770 676 ἐργασίας

2170 706 2481 767 ἀδιακόπως
2512 707 2867 774 ἀντεχόμενος
2913 702 3007 755 καὶ
3047 701 3121 771 μὴ
3160 698 3448 753 ἀτέλεστον
3495 697 3564 751 δι’
3593 697 3772 748 δκνον

2172 793 2510 866 παρα-λιπών.

2393 887 2502 941 Τοῦ
2527 884 2580 938 δ’
2601 885 2674 938 οὐ
2701 885 2946 952 φθόνος.

2244 976 2306 1029 Ei
2338 977 2433 1032 καὶ
2466 976 2608 1045 μέγα
2634 992 2686 1027 τι
2723 971 2833 1027 οἷον
2871 972 2965 1026 καὶ
2995 971 3136 1042 ὑπὲρ
3163 970 3324 1040 φύσιν
3358 970 3421 1024 τδ
3448 969 3592 1024 κατά
3618 970 3774 1023 Θεόν

2176 1084 2259 1120 σοι
2288 1066 2705 1138 προτεινόμενον
2737 1065 2816 1127 εἰς
2856 1061 3054 1132 πρᾶξιν
3101 1061 3498 1127 ὑποπτεύεται,
3534 1060 3611 1130 μὴ
3672 1060 3775 1112 διὰ

2174 1155 2329 1208 τοῦτο
2357 1155 2791 1226 ἀναϐαλλόμενος
2818 1157 2896 1217 είς
2919 1154 2988 1207 τά
3023 1152 3197 1206 ὀπίσω
3221 1151 3492 1222 ὑποχώρει
3515 1168 3530 1182 ο
3562 1151 3622 1203 οὐ
3648 1150 3778 1220 γὰρ

2175 1246 2368 1315 φθόνος
2402 1245 2555 1316 παρὰ
2580 1245 2659 1316 τῷ
2705 1244 2858 1315 Θεῷ,
2894 1245 3034 1298 ὥστε
3063 1245 3156 1296 τὸν
3202 1241 3320 1312 μετ’
3351 1241 3632 1303 εὐλαϐείας
3667 1239 3777 1291 καὶ

2177 1338 2414 1400 πίστεως
2433 1337 2492 1388 τὸ
2519 1337 2688 1400 ὅντως
2709 1335 2910 1404 ἀγαθὸν
2946 1337 3119 1388 ποιεῖν
3161 1332 3588 1404 προαιρούμενον
3621 1333 3779 1384 ἁπο-

2179 1429 2502 1501 σκορακίσαι
2533 1429 2629 1482 καῖ¹
2663 1427 3010 1482 ἀπώσασθαι.

2360 1521 2482 1588 Οὐχ
2511 1521 2592 1586 ὡς
2627 1519 2770 1573 ὀδοῦ
2797 1520 2864 1573 τὸ
2885 1519 3100 1574 λεῖπον
3117 1517 3347 1588 ἀχρειοῖ
3364 1518 3573 1571 πόνον.

2255 1614 2320 1664 Ὃ
2349 1611 2406 1663 δὲ
2434 1610 2580 1678 λέγει
2605 1651 2620 1674 ,
2657 1609 2898 1663 τοιοῦτον
2947 1605 3084 1663 εῐναί
3130 1626 3219 1681 μοι
3256 1606 3448 1661 δοκοῦν
3473 1624 3487 1638 ·
3517 1605 3611 1658 ἐπὶ
3665 1606 3785 1678 μὲν

2177 1703 2286 1755 τῶν
2319 1703 2419 1764 τὰς
2465 1703 2775 1772 ὁδοιπορίας
2824 1703 2882 1755 ὲν
2928 1702 3121 1772 κόσμῳ
3163 1698 3530 1770 στελλομένων
3586 1698 3636 1750 εί
3697 1697 3780 1766 μὴ

2179 1793 2320 1846 κατά
2344 1791 2436 1844 τὸν
2473 1790 2672 1844 σκοπὸν
2704 1792 2803 1860 τῆς
2841 1789 2962 1844 ὀδοῦ
3015 1790 3076 1843 τὸ
3102 1790 3253 1853 τέλος
3281 1792 3311 1843 ὀ
3355 1788 3633 1858 ὀδοιπόρος
3671 1802 3788 1838 xa-

2181 1882 2440 1946 ταλάϐοι,
2468 1883 2687 1951 ἀχρεῖος
2732 1881 2832 1950 μὲν
2879 1880 2907 1933 6
2952 1879 3240 1952 προλαϐὼν
3271 1880 3432 1942 πόνος
3453 1919 3468 1944 ,
3503 1879 3785 1949 ἀνόνητος

2183 1974 2240 2028 δὲ
2269 1975 2580 2043 νενόμισται
2612 1973 2640 2024 ὀ
2671 1971 2839 2036 κόπος
2868 1989 2881 2002 °
2922 1974 2951 2026 6
2991 1971 3127 2044 πρδς
3161 1972 3294 2025 Θεὸν
3322 1971 3379 2025 δὲ
3416 1970 3515 2034 τὰς
3558 1969 3785 2024 ἀναϐά-

2189 2079 2302 2126 σεις
2332 2064 2423 2116 διὰ
2447 2063 2697 2134 πράξεως
2723 2063 2818 2116 καὶ
2841 2061 3075 2131 Θεωρίας
3095 2061 3354 2125 διατιθεὶς
3376 2060 3436 2114 τὸ
3459 2061 3556 2130 μὲν
3577 2059 3736 2112 diem
3749 2075 3785 2130 ρ

2186 2156 2398 2225 εἰρήκει
2432 2152 2814 2223 κατωρθωκὼς
2852 2152 2952 2223 ἢδη
2975 2191 2991 2216 ,
3017 2154 3078 2204 τὸ
3111 2151 3166 2204 δὲ
3202 2151 3321 2204 νυνὶ
3359 2151 3674 2223 κατορθῶν,
3715 2147 3785 2202 ab

2185 2247 2241 2300 δὲ
2269 2249 2335 2317 τῇ
2365 2246 2540 2298 ἑλπίδι
2566 2243 3127 2321 προκαταλαμϐάνων,
3160 2243 3208 2295 εί
3237 2243 3330 2294 καὶ
3367 2243 3442 2313 μὴ
3472 2241 3566 2295 τοῦ
3602 2242 3781 2311 ἀκρο-

2186 2337 2348 2390 τάτου
2394 2335 2581 2400 τέλους
2615 2333 2913 2406 ἐπιϐέϐηκε
2947 2334 3050 2402 τῆς
3085 2332 3222 2404 πρὸς
3253 2331 3386 2386 Θεδν
3439 2333 3778 2400 ἀναγωγίας,

2197 2430 2272 2501 μὴ
2299 2427 2606 2497 ἀπογνώτω
2628 2444 2641 2456 ·
2677 2427 2739 2478 οὐ
2768 2425 2879 2495 γὰρ
2907 2426 3126 2497 ἀχρεῖος
3158 2423 3308 2496 αὐτῷ
3333 2426 3362 2477 6
3393 2423 3552 2486 πόνος
3586 2423 3660 2486 ὡς
3698 2423 3784 2492 τῷ

2197 2723 2262 2778 45
2285 2721 2381 2789 Μὴ
2423 2719 2641 2790 θερμὸν
2673 2718 2892 2785 ᾆττειν.

2265 2814 2434 2868 Πάλιν
2475 2815 2502 2864 ό
2531 2811 2676 2882 ίερδς
2703 2814 2800 2881 τῆς
2846 2809 3045 2880 ἀρετῆς
3091 2808 3390 2880 νομοθέτης
3417 2812 3674 2882 παραινεῖ
3704 2811 3783 2882 μὴ

2195 2901 2397 2973 θερμὸν
2430 2901 2643 2973 ᾅττειν,
2683 2899 2819 2968 μηδὲ
2861 2897 3158 2968 προπετῶς
3199 2900 3320 2960 ταῖς
3365 2899 3505 2971 ὑπὲρ
3548 2897 3785 2969 δύναμιν

2199 2993 2462 3065 πράξεσιν
2498 2991 2531 3061 ἦ
2561 2990 2820 3060 θεωρίαις
2869 2988 3204 3060 ὑπερφυέσιν
3249 2989 3673 3060 ὑπεραίρεσυαιο
3700 2988 3784 3054 οἷς

2197 3085 2241 3137 δ’
2272 3084 2338 3139 ἄν
2382 3101 2465 3147 τις
2513 3083 2578 3134 ὲκ
2611 3080 2936 3153 διακρίσεως
2971 3079 3066 3132 καὶ
3109 3079 3504 3150 λελογισμένης
3545 3079 3788 3144 διανοίας

2201 3177 2296 3230 κα)⁸
2325 3172 2694 3245 πληροφορίας
2719 3170 3054 3241 πανταχόθεν
3084 3169 3146 3223 τὸ
3166 3170 3399 3241 ἄμωμον
3427 3169 3534 3225 τῶν
3560 3170 3786 3240 δοκιμα-

2204 3265 2447 3336 ζομένων
2489 3261 2962 3334 περισκεψάμενος
3014 3260 3464 3331 καταμανθάνοι,
3500 3262 3557 3314 ἐν
3601 3263 3786 3324 abs-oi;

2206 3356 2489 3427 ἀραρότως
2525 3353 2706 3424 μένειν
2754 3351 2958 3420 ὀφείλει
3009 3352 3104 3404 καί
3131 3350 3584 3421 δυσμεταθέτως,
3625 3351 3782 3421 ἄχρις

2191 3446 2256 3499 ἀν
2281 3463 2332 3498 τι
2369 3443 2638 3512 θειότερον
2671 3440 2880 3495 ἄνωθεν
2923 3439 3199 3508 ὑποφανῇ.
3237 3437 3348 3491 Καὶ
3378 3437 3486 3507 γὰρ
3518 3435 3786 3489 λυσιτελεῖ

2193 3536 2392 3608 μᾶλλον
2424 3536 2486 3588 τὸ
2527 3532 2910 3602 ταπεινότερον
2942 3533 3055 3592 τοῖς
3086 3529 3300 3592 πολλοῖς
3346 3527 3601 3599 νομισθὲν
3631 3527 3785 3580 ἐκλε-

2189 3629 2440 3697 γόμενον,
2471 3625 2589 3677 κατ’
2624 3622 2804 3690 ὀλίγον
2832 3624 3163 3692 προκόπτειν
3192 3622 3251 3672 ὲν
3283 3617 3467 3688 αὐτῷ,
3499 3617 3615 3688 ἢτδ
3643 3617 3782 3689 ὑψη-

2191 3716 2280 3768 λὸν
2310 3715 2553 3783 ἀκαίρως
2581 3713 2673 3765 ὲπί
2695 3728 2753 3764 τε
2786 3710 3010 3781 βαθμῶν
3036 3709 3220 3781 ἱερῶν,
3255 3708 3347 3762 ὲπί
3375 3725 3432 3760 τε
3466 3707 3577 3760 τῶν
3609 3707 3786 3762 ἄλλων

2192 3805 2256 3856 ὲκ
2292 3802 2584 3874 φιλαρχίας
2618 3799 2982 3871 προελόμενον
3007 3837 3023 3863 ,
3074 3794 3191 3853 εἶτα
3225 3801 3559 3869 προκόπτειν
3596 3797 3782 3861 ὲξατοο

2193 3896 2421 3959 νοῦντα,
2453 3893 2790 3947 ἀποκόπτειν
2834 3892 2929 3945 καὶ
2978 3889 3396 3945 ὲλαττονοῦσθαι
3447 3890 3544 3944 τοῦ
3595 3890 3780 3945 καλοῦ.

2193 3982 2352 4044 Οὗτοι
2389 3984 2499 4056 γὰρ
2525 3985 2618 4038 καὶ
2651 3983 2811 4038 κακοὶ
2837 3983 3041 4054 κυρίως
3075 3981 3454 4053 ὀνομάζονται,
3483 3983 3584 4052 οὺχ
3615 3984 3662 4035 oi
3683 3983 3783 4052 τὴν

2195 4080 2346 4132 κάτω
2399 4079 2496 4132 καὶ
2542 4075 2938 4145 ταπεινοτάτην
2986 4075 3046 4128 ὲν
3093 4073 3402 4145 ἀνθρώποις
3458 4072 3783 4142 διειληχότος

2192 4171 2367 4237 τάξιν,
2405 4169 2524 4224 ἀλλ’
2549 4170 2597 4222 οἱ
2628 4168 2925 4238 θερμότητι
2961 4165 3233 4236 ἀλογίστῳ
3265 4166 3493 4228 ἑαυτοὺς
3526 4163 3782 4234 ὑψοῦντες

2197 4266 2261 4318 ὲκ
2298 4261 2630 4334 φιλοδοξίας,
2656 4259 2752 4314 καὶ
2784 4256 3000 4329 χαμάζε
3036 4257 3329 4320 πίπτοντες
3354 4255 3415 4321 ἑξ
3436 4254 3745 4318 αὐθαδείας.

2199 4479 2266 4534 ιθ
2299 4477 2565 4545 Σπινθὴρ
2597 4474 2848 4530 ἀνάπτει
2889 4473 2990 4527 καὶ
3013 4471 3255 4542 ,βραχὺς
3285 4471 3532 4540 πολλὴν
3562 4473 3775 4544 φλόγα.

2274 4633 2484 4703 Ὥσπερ
2527 4629 2638 4684 τῶν
2683 4630 3018 4701 σπερμάτων
3045 4629 3278 4684 ἕκαστον
3320 4629 3662 4701 βραχύτατον
3698 4630 3774 4695 δν,

2203 4723 2270 4791 τῇ
2317 4724 2388 4791 γῇ
2422 4720 2479 4773 δὲ
2518 4717 2902 4790 καταϐληθὲν,
2940 4717 3034 4770 καὶ
3077 4717 3178 4788 τῆς
3221 4717 3534 4789 προσφυοῦς
3578 4719 3778 4789 τροφῆς

2207 4812 2461 4883 ὲπιτυχὺν
2484 4852 2500 4878 ,
2536 4813 2630 4865 καὶ
2660 4809 2927 4880 αὑξηθὲν,
2973 4811 3054 4873 είς
3109 4810 3338 4882 μέγεθος
3379 4799 3617 4882 πρόεισι.
3640 4811 3776 4865 κατά

2204 4902 2421 4975 μικρὸν,
2572 4903 2655 4965 είς
2683 4901 2887 4969 πλῆθος
2913 4901 3097 4972 ἡλίκον
3119 4901 3242 4954 ὅσον
3268 4901 3578 4954 ἐπιδίδωσιν
3598 4919 3612 4932 ο
3641 4901 3775 4956 οὕτω

2201 5000 2296 5053 καὶ
2343 4998 2578 5070 σπινθὴρ
2621 4999 2686 5051 ὲκ
2729 4997 2878 5051 λίθου
2934 4999 2998 5068 τῇ
3027 4994 3124 5048 τοῦ
3179 4993 3400 5064 σιδήρου
3446 4992 3773 5063 παρατρίψει

2199 5092 2479 5160 ἐλάχιστος
2507 5088 2949 5159 ἀποπαλλόμενος
2969 5126 2986 5152 ,
3018 5087 3099 5147 είς
3129 5083 3395 5156 μεγίστην
3419 5080 3769 5154 ἀνερῤιπίσθη

2200 5183 2374 5250 φλόγα
2393 5199 2407 5211 '
2439 5181 2582 5236 οὕτω
2606 5182 2701 5234 καὶ
2726 5179 2952 5251 σπέρμα
2987 5178 3089 5248 τῆς
3119 5175 3364 5246 ἐχίδνης,
3398 5170 3489 5228 οἷά
3523 5191 3608 5236 τις
3649 5173 3770 5245 βρα-

2201 5275 2406 5344 χυτάτη
2460 5273 2674 5342 σταγὼν
2726 5271 3031 5343 λεληθότως
3067 5267 3358 5341 ἀνθρώπου
3398 5267 3611 5337 σώματι
3643 5268 3771 5320 ἐνιε-

2201 5361 2338 5434 μένη
2357 5401 2373 5424 ,
2400 5361 2627 5415 θάνατον
2653 5357 3225 5430 ἐνεποίησε-πολλάκις
3269 5357 3347 5426 τῷ
3373 5354 3645 5426 δηχθέντι.
3674 5356 3768 5409 Τὸν

2197 5452 2360 5506 αὐτὸν
2409 5451 2610 5523 τρόπον
2656 5451 2750 5505 καὶ
2800 5451 2835 5522 ἡ
2883 5448 3127 5521 ἁμαρτία
3176 5447 3349 5518 μικρὰ
3398 5445 3767 5517 προσϐαλοῦσα

2198 5544 2416 5616 πρῶτον
2454 5544 2549 5596 καὶ
2600 5542 2997 5614 παροραθεῖσα,
3031 5538 3152 5595 εἶτα
3191 5543 3311 5594 κατ’
3341 5540 3520 5620 ὀλίγον
3576 5539 3765 5610 προκό-

2199 5651 2405 5687 πτουσα
2434 5632 2528 5686 καὶ
2556 5631 2814 5697 αὔξουσα,
2851 5631 2994 5707 μέγα
3019 5631 3190 5685 κακὸν
3222 5633 3318 5685 καὶ
3353 5630 3531 5702 ψυχῆς
3559 5631 3764 5703 ὀλεθρον

2197 5728 2308 5789 τοῖς
2333 5723 2534 5796 ταύτην
2563 5722 2958 5795 ἐργαζομένοις,
2985 5723 3253 5796 ἐπιφέρει.
3299 5723 3503 5775 Τούτου
3524 5722 3590 5793 δὴ
3617 5722 3763 5792 χάριν

2198 5819 2226 5869 ὀ
2251 5815 2560 5888 θαυμαστὸς
2591 5813 2888 5886 σύμϐουλος
2921 5814 3011 5869 καὶ
3051 5815 3148 5887 τὴν
3181 5815 3553 5889 σμικροτάτην
3591 5811 3761 5868 δοκοῦ-
