4020 6302
67 119 415 384 η

67 119 415 384 η

233 452 335 489 σαν
358 435 632 509 ἁμαρτίαν
656 436 982 491 ὑποπτεύειν
1008 434 1502 506 συμϐουλεύει,καὶ
1528 434 1636 495 ἓως
1657 433 1814 501 ὀλίγη

228 529 351 581 ἐστὶ
401 530 493 583 καὶ
530 528 803 601 ἀδρανὴς,
834 527 937 598 τὴν
971 528 1083 581 ἀπ’
1116 527 1287 596 αὐτῆς
1330 524 1692 596 φυλάττεσθαι
1723 523 1817 576 λύ-

225 634 364 688 μην,
396 619 489 671 καὶ
520 619 827 689 ὲξαναιρείν
851 620 916 688 τῇ
951 616 1211 688 μετανοίᾳ
1235 658 1249 682 ,
1284 617 1370 670 ἵνα
1418 615 1493 685 μὴ
1520 614 1829 685 χρονίσασα

222 709 329 762 καὶ
357 708 700 773 δυνασθείσα,
734 711 816 772 εἰς
844 708 1065 761 ἀνίατον
1098 706 1423 777 καταλήξειε
1458 705 1645 758 κακόν.

222 801 302 856 55
343 801 588 869 Ἐρεύνα
621 798 856 853 σαυτὸν
890 798 1103 852 π.ἰεῖον
1135 797 1173 866 ἢ
1206 796 1275 850 τὰ
1309 797 1427 850 τῶν
1458 795 1670 861 πέλας.

297 892 519 963 Ἐπειδὴ
551 891 845 963 πρόχειρον
882 889 1189 961 ἀνθρώποις
1221 890 1309 943 ἀεὶ
1342 890 1436 942 καὶ
1464 889 1559 960 ἡδὺ
1598 887 1717 941 λίαν
1746 887 1812 942 τά

220 982 485 1053 ἀλλότρια
518 984 875 1053 περισκοπεῖν
908 980 1050 1035 καλά
1076 999 1135 1034 τε
1183 982 1311 1035 ὄντα
1336 981 1370 1050 ἢ
1406 981 1571 1046 κακὰ,
1597 982 1706 1034 τῶν
1738 982 1815 1034 ol-

218 1073 397 1136 κείων
431 1072 487 1124 δὲ
510 1071 584 1135 ὡς
610 1072 812 1125 ἐπίπαν
842 1072 1140 1143 ύπερορᾷν,
1176 1074 1435 1141 παραινεῖ
1468 1074 1496 1124 ὁ
1524 1072 1667 1135 θεῖος
1704 1072 1814 1126 τῶν

216 1162 472 1225 εὐσεϐῶς
513 1162 805 1217 ἐθελόντων
849 1164 949 1233 ζῇν
998 1159 1313 1233 καθηγητὴς
1356 1163 1555 1232 μᾶλλον
1598 1164 1665 1216 τὰ
1706 1164 1814 1217 ἰδια

217 1254 621 1326 ἀνερευνᾶσθαι
657 1254 691 1326 ἢ
732 1255 800 1308 τὰ
832 1253 941 1307 τῶν
974 1254 1141 1320 πέλας
1175 1253 1674 1325 πολυπραγμονεῖν.
1704 1257 1813 1309 Καὶ

217 1343 340 1416 γὰρ
369 1346 437 1415 τῇ
471 1342 579 1396 τῶν
615 1344 761 1397 ἰδίων
791 1342 1181 1415 πλημμελειῶν
1212 1343 1561 1415 ὲξερευνήσει
1590 1345 1754 1408 αὐτὸς
1783 1346 1812 1398 ὀ

218 1434 423 1487 ἑαυτὸν
456 1435 764 1508 ἀνακρίνων
812 1426 1145 1504 ὠφελεῖται,
1174 1434 1251 1498 ὡς
1284 1435 1406 1503 διριν
1440 1434 1703 1506 κρυπτῶς
1744 1438 1811 1507 τῇ

215 1523 395 1578 αὐτοῦ
416 1524 614 1595 καρδίᾳ
637 1525 1024 1596 ἐμφωλεύοντα
1050 1524 1308 1594 ἐλέγχων,
1334 1528 1429 1577 καὶ
1452 1527 1518 1595 τῇ
1552 1524 1813 1597 ἑξηγορίᾳ

216 1614 533 1686 ἑξαναιρῶν
571 1615 668 1686 τὴν
702 1616 960 1687 ἀνομίαν’
990 1615 1059 1673 τὰ
1087 1614 1183 1668 τοῦ
1231 1614 1402 1677 πέλας
1428 1614 1484 1666 δὲ
1526 1612 1818 1685 διερευνώ-

220 1722 396 1776 μενος
415 1704 511 1758 καὶ
532 1704 862 1775 ἀνακρίνων,
889 1703 1084 1772 ἐκείνῳ
1107 1706 1205 1773 μὲν
1238 1703 1429 1774 κέρδος
1455 1703 1810 1773 προύξένησε,

217 1796 424 1851 ἑαυτὸν
446 1794 865 1866 ἀσφαλιζομένῳ
887 1794 975 1847 διὰ
996 1793 1093 1864 τὴν
1117 1793 1387 1862 ὲξέλεγξιν
1410 1793 1505 1847 καὶ
1523 1792 1616 1846 τοῦ
1643 1795 1815 1864 ἀμαρ-

218 1888 414 1941 τάνειν
458 1887 589 1949 ῐσως
621 1885 943 1955 παυομένῳ,
979 1884 1142 1947 αὐτὸς
1178 1884 1236 1937 δὲ
1285 1882 1612 1955 ζημιοῦται,
1663 1883 1717 1936 εί
1748 1900 1812 1951 γε

218 1980 339 2052 ἄρα
373 1980 448 2050 μὴ
482 1976 804 2049 κηδεμονία,
834 1977 970 2031 ἀλλά
1013 1976 1190 2047 φθόνῳ
1217 1976 1312 2029 καὶ
1347 1976 1581 2047 πονηρίᾳ
1614 1975 1683 2029 τά
1718 1974 1812 2029 τοῦ

218 2071 467 2140 γείτονος
498 2067 949 2140 περιεργάζοιτο·
981 2068 1049 2120 δι’
1077 2067 1106 2120 ὃ
1147 2067 1293 2135 λέγει
1340 2062 1579 2136 κρείσσω
1610 2065 1701 2119 τὸν
1727 2065 1813 2119 λο-

213 2163 423 2234 γισμὸν
449 2161 559 2217 τῶν
592 2160 846 2233 πράξεων
874 2154 1014 2214 εἶναι
1064 2159 1159 2211 καὶ
1196 2158 1483 2228 ἀνάκρισιν
1517 2159 1662 2230 ᾗπερ
1703 2158 1813 2211 τῶν

216 2254 548 2326 χρημάτων.
573 2252 761 2305 Ταῦτα
785 2252 884 2323 μὲν
918 2250 1027 2321 γὰρ
1052 2250 1163 2321 ὅσῳ
1193 2248 1293 2303 κᾶν
1316 2246 1507 2320 λογίζῃ
1532 2249 1624 2304 τὸν
1653 2247 1813 2302 πλιοο

215 2344 434 2415 νασμδν
458 2385 473 2409 ,
516 2344 628 2413 ὅσῳ
655 2343 759 2397 κᾶν
794 2340 1291 2413 ἑξακριὸαζόμενος
1320 2338 1583 2411 πληθύειν
1612 2339 1778 2411 δοκῇς
1796 2378 1811 2403 ,

214 2437 328 2507 τῆς
366 2435 539 2507 φορᾶς
583 2433 736 2497 ὄντα,
782 2431 960 2486 ἄλλοτ’
1001 2434 1082 2495 είς
1120 2432 1315 2496 ἄλλους
1358 2432 1687 2503 μταρῤέει,
1721 2429 1815 2484 καὶ

221 2524 670 2596 μετακινούμενα
715 2523 776 2577 ού
822 2523 1132 2594 παραμένει
1178 2538 1293 2588 σοι’
1331 2524 1364 2592 ἡ
1400 2522 1509 2575 τῶν
1561 2522 1813 2592 πράξεων

217 2617 283 2672 δὲ
327 2616 625 2686 συζήτησις
646 2654 661 2678 ,
696 2614 791 2667 καὶ
826 2611 937 2665 τῶν
970 2611 1249 2682 λογισμῶν
1278 2612 1377 2682 τῆς
1404 2609 1583 2683 ψυχῆς
1602 2611 1815 2682 διάκρι-

219 2726 313 2773 σις
343 2708 437 2761 καὶ
477 2705 745 2777 κάθαρσις
769 2744 783 2767 ,
834 2705 913 2775 εἰς
967 2702 1235 2758 ἀπάθειαν
1273 2701 1516 2771 ἄγουσα,
1574 2703 1810 2767 ἵσταται,

218 2800 329 2855 καὶ
363 2799 444 2862 είς
470 2778 563 2851 τὸν
592 2795 765 2852 αἰῶνα
794 2781 1059 2871 διαμένει.
1498 2852 1501 2855 _

224 2889 301 2946 57
344 2888 399 2941 '0
435 2886 585 2955 νοῦς
612 2886 707 2941 ἀεί
732 2901 833 2940 σοι
857 2872 1531 2955 καῖιὶλέτωντυπούμενος

222 2960 301 3017 58
335 2960 523 3024 Θεῐοις
549 2957 853 3026 νοήμασιν
880 2954 944 3008 τε
978 2954 1251 3033 κᾶλβίου
1272 2955 1495 3023 λόφοις.

317 3047 629 3118 Ἀκούωμεν
656 3048 707 3123 οἰ
727 3045 821 3099 τὸν
848 3042 1147 3115 ἀσκητικὸν
1176 3043 1271 3097 καὶ
1308 3043 1427 3095 κατ’
1472 3039 1671 3113 ἀρετὴν
1701 3040 1815 3110 βίον

224 3141 387 3215 βιοῦν
421 3138 861 3211 προαιρούμενοι,
895 3130 983 3189 οἷα
1004 3136 1136 3206 δρᾷν
1174 3136 1203 3189 ὁ
1223 3132 1554 3206 τῆςάρετῆς
1591 3132 1817 3204 νομοθέ.

217 3250 333 3303 της
364 3231 712 3300 εἰσηγεῖται.
742 3217 867 3280 Τὸν(
898 3225 997 3296 μὲν
1050 3223 1174 3278 νοῦν
1227 3225 1357 3294 ἡμῖν
1386 3224 1506 3293 (96)
1550 3222 1815 3292 διηνεκῶς

220 3323 571 3395 ὲμμέριμνον
601 3315 760 3383 εἶναι,
796 3320 907 3380 τοῖς
930 3334 990 3370 τε
1022 3316 1187 3386 ἱεροῖς
1214 3317 1307 3369 καὶ
1359 3315 1525 3379 θείοις
1552 3317 1816 3386 νοήμασιν

222 3413 624 3485 ἀδολεσχοῦντα
646 3450 660 3475 ,
692 3411 790 3464 καὶ
824 3412 937 3473 τοῖς
963 3408 1165 3477 λογίοις
1187 3408 1290 3478 τῆς
1320 3409 1541 3479 χάριτος
1579 3408 1815 3479 ἐμμελε-

220 3504 430 3565 τῶντα.
472 3502 568 3556 καὶ
592 3500 802 3565 τούτοις
837 3500 932 3553 τὸν
963 3498 1075 3568 βίον
1103 3498 1441 3568 τυπούμενον
1473 3499 1566 3551 καὶ
1598 3515 1813 3552 κανονι-

224 3597 459 3666 ζόμινον
478 3636 492 3660 ,
526 3594 664 3663 πρός
692 3608 751 3645 τε
782 3590 883 3661 τὴν
917 3586 1119 3661 πρᾶξιν
1145 3588 1543 3661 κατορθοῦσθαι
1584 3590 1680 3643 καὶ
1716 3590 1815 3661 τὴν

224 3688 498 3758 θεωρίαν·
538 3684 637 3754 τῆς
682 3682 935 3751 γλώσσης
966 3680 1024 3734 δὲ
1062 3680 1335 3749 φείδεσθαι
1382 3681 1477 3734 καὶ
1513 3680 1716 3750 ταύτης
1754 3682 1816 3733 τὸ

224 3777 472 3849 ἀκρατὲς
497 3773 829 3829 ἀνακόπτειν
857 3769 1229 3842 παραγγέλλει
1252 3810 1267 3834 ,
1299 3771 1376 3834 ὡς
1408 3771 1482 3841 μὴ
1507 3770 1815 3865 προχείρως

229 3868 372 3941 μηδι
403 3864 692 3938 προπετῶς
718 3862 889 3933 αὐτὴν
916 3863 996 3925 είς
1023 3860 1086 3914 τὸ
1110 3860 1383 3915 διδάσκειν
1414 3861 1447 3931 ἢ
1470 3860 1814 3931 δογματίζειν
1848 3858 1858 3873 ⁸

225 3956 638 4022 αὐθαδίξεσθαι.
669 3956 777 4009 Καὶ
826 3952 935 4024 γάρ
973 3950 1241 4021 ἀχαλίνως
1278 3950 1417 4020 αὓτη
1448 3951 1584 4023 πρὸς
1612 3967 1814 4007 παντο-

230 4048 550 4123 ρημοσύνας
608 4042 1041 4113 ὲξανισταμένη,
1097 4041 1178 4103 εἰς
1243 4040 1520 4104 ἀπωλείας
1569 4041 1815 4112 αἱρέσεις

223 4140 362 4199 τοὺς
395 4134 470 4206 μὴ
504 4133 605 4203 τὴν
637 4133 732 4186 ἀπ’
772 4130 945 4201 αὐτῆς
994 4128 1199 4200 βλάϐην
1234 4129 1653 4200 εὐλαϐουμένοις
1705 4126 1813 4184 οῐδε

225 4222 524 4291 γατασπᾷν
558 4220 654 4273 καὶ
685 4218 919 4280 εὐκόλως
946 4216 1215 4280 κινδύνοις
1260 4217 1555 4288 ὑποφέρειν
1582 4218 1682 4289 τὴν
1719 4221 1813 4289 ψυ-

225 4316 339 4386 χήν
362 4332 377 4343 ·
405 4312 585 4374 καλῶς
611 4311 669 4364 δὲ
690 4309 859 4377 αὐτῆς
886 4309 1242 4379 κινουμένης,
1274 4308 1368 4362 καὶ
1394 4309 1706 4380 ὀρθοτόμως
1724 4309 1813 4363 τὸν

226 4406 335 4477 τῆς
386 4402 669 4461 εὐσεϐείας
699 4399 856 4473 λόγον
907 4400 1429 4473 ἀποφθεγγομένης,
1466 4401 1515 4453 εἰ
1556 4401 1631 4471 μὴ
1666 4402 1760 4453 καὶ
1785 4402 1816 4455 ὁ

230 4496 351 4567 βίος
372 4492 673 4565 ἀμώμητος
708 4490 783 4545 ὢν
819 4490 993 4563 τύχοι,
1022 4486 1183 4563 ἧττον
1209 4491 1268 4545 τὸ
1296 4491 1405 4545 ἀπὸ
1448 4492 1546 4563 τῆς
1578 4492 1817 4562 εὐγλωτ-

228 4588 355 4652 τίας
388 4586 591 4657 ’κέρδος
618 4585 714 4639 καὶ
745 4585 806 4638 οὐ
853 4582 1022 4656 πολλὴ
1057 4585 1091 4656 ἡ
1123 4582 1359 4654 ὠφέλεια
1409 4586 1522 4648 τοῖς
1554 4583 1813 4639 ἀκούουσι

229 4678 587 4748 παρίσταται.

228 4770 297 4826 61
330 4771 501 4836 Ὀψις
532 4765 934 4836 συνήρπασθ*
956 4782 1054 4837 με,
1086 4765 1257 4833 πλὴν
1280 4764 1418 4821 ἀλλ’
1448 4765 1694 4835 ἐσχέθη.

302 4857 609 4919 Κανονίσας
639 4856 731 4909 τὸν
753 4856 879 4910 νοῦν
906 4856 1001 4909 καὶ
1030 4855 1128 4927 τὴν
1160 4856 1414 4923 γλῶσσαν
1434 4857 1464 4908 ὁ
1484 4855 1818 4910 θεοειδέστα-

227 4969 323 5015 τος
338 4991 355 5017 ,
387 4948 645 5003 ἐντεῦθεν.
664 4947 851 5002 λοιπὸν
876 4948 1080 5019 ἑκάστῃ
1100 4946 1209 5002 τῶν
1230 4946 1478 5017 ψυχικῶν
1509 4946 1815 5018 αἰσθήσεων

232 5040 528 5115 ῥυθμίζει,
570 5039 765 5110 Ὄψις,
823 5037 1028 5107 λέγων,
1088 5039 1433 5109 συνήρπασεν
1485 5036 1815 5103 ἐξαπιναίως

233 5131 491 5201 σώματος
522 5128 752 5194 κάλλος,
796 5127 1172 5201 ἀστραφθεῖσα
1204 5128 1312 5183 τῶν
1342 5130 1442 5183 ὅσα
1477 5130 1678 5201 λίχνοις
1711 5130 1813 5201 ὅμ-

234 5239 406 5294 μασιν
463 5219 760 5275 ὑποπίπτει
810 5220 1139 5291 Θαυμαστὰ·
1195 5220 1387 5291 ὅρασις
1430 5219 1570 5292 αὕτη
1634 5222 1818 5291 πάσης

232 5312 543 5383 αἰσθήσεως
590 5311 902 5383 κυριωτέρα
936 5312 1029 5364 καὶ
1079 5310 1413 5383 τιμιωτέρα,
1452 5310 1528 5374 ὡς
1580 5313 1673 5365 καὶ
1723 5312 1817 5365 τοῦ

235 5401 516 5466 καλλίονος
550 5400 659 5454 τῶν
688 5400 960 5472 αἰσθητῶν
997 5401 1254 5456 ἁπάντων
1281 5398 1415 5458 οὖσα
1449 5403 1627 5472 φωτὸς
1668 5402 1817 5457 ἀντι-

230 5496 498 5568 ληπτική.
530 5492 681 5565 Δΰτη
717 5492 897 5548 τοίνυν
929 5489 1319 5564 ἰξαίφνηςίθη
1360 5491 1544 5547 ἰδοῦσά
1569 5509 1625 5545 τι
1654 5491 1813 5564 σῶμα

234 5585 526 5659 φωταυγὲς
557 5584 593 5654 ἢ
621 5582 977 5653 περικαλλὶς,
1014 5581 1363 5655 συνήρπασεν
1408 5600 1477 5653 με
1501 5622 1517 5652 ,
1555 5581 1812 5655 ἐξέστησε

314 5740 422 5815 (58)
459 5739 593 5800 Cod.
632 5740 730 5811 μὶν
768 5733 860 5795 οὖν
889 5739 1043 5812 ἡμῖν.

1223 319 1288 375 IN
1326 316 1633 376 CARMINA
1657 317 1944 373 ARCANA
1982 317 2040 374 S.
2082 317 2432 375 GREGORII.

3399 327 3504 389 802.

1919 433 1988 488 ab
2015 434 2189 505 ipsius
2224 437 2428 490 damno
2465 438 2693 493 cavendi
2729 447 2783 493 ct
2822 438 3148 509 pmuitentia
3196 442 3372 513 ipsam
3402 445 3501 499 de-

1917 522 2086 587 lendi,
2125 540 2193 579 ne
2222 526 2522 583 inveterata
2552 535 2607 583 et
2628 528 2863 584 validior
2897 529 3041 584 facta
3080 532 3135 586 in
3175 533 3499 592 irremedia-

1917 612 2026 669 bile
2068 613 2284 669 desinat
2326 617 2553 672 malum.

1916 769 1987 824 55
2026 769 2278 825 Scrutare
2311 773 2486 840 potius
2518 784 2566 827 te
2599 774 2771 841 ipsum
2816 789 2973 845 quam
3010 794 3093 833 res
3123 780 3353 835 alienas.

1988 858 2269 931 Siquidem
2315 868 2419 918 sub
2465 880 2629 918 tnanu
2666 881 2883 935 semper
2940 876 3026 923 est
3075 870 3389 929 hominibus
3440 878 3496 927 et

1915 964 2131 1023 gratum
2158 952 2325 1010 nimis
2346 954 2522 1009 aliena
2542 956 2871 1026 investigare
2898 965 3013 1011 tum
3037 960 3177 1014 bona
3198 970 3310 1014 tum
3330 962 3492 1025 mala,

1914 1044 2137 1115 propria
2184 1060 2315 1099 vero
2345 1046 2503 1116 quasi
2538 1048 2794 1103 universe
2824 1048 2960 1104 nihil
2992 1065 3209 1114 curare,
3244 1050 3497 1105 hortatur

1915 1137 2076 1191 divus
2119 1138 2506 1208 magister.eos
2539 1140 2633 1209 qui
2672 1140 2759 1208 pie
2800 1140 2991 1193 volunt
3040 1141 3225 1196 vivere
3254 1143 3321 1196 ad
3378 1155 3499 1212 pro-

1914 1216 2033 1298 pria
2083 1229 2261 1298 magis
2306 1229 2613 1299 indaganda
2647 1246 2813 1300 quam
2860 1232 3092 1301 proximi
3124 1246 3289 1302 opera
3313 1230 3498 1287 curio-

1915 1319 2033 1373 sius
2088 1318 2416 1388 requirenda
2474 1338 2489 1374 :
2540 1321 2889 1389 propriarum
2958 1321 3107 1375 enim
3160 1334 3256 1391 per
3320 1317 3501 1390 negli-

1915 1409 2219 1478 gentiarum
2267 1425 2494 1466 examen
2544 1414 2778 1483 quisque
2824 1427 2884 1468 se
2911 1427 3314 1483 recognoscens
3348 1413 3498 1466 utili-

1916 1510 2078 1557 tatem
2126 1502 2379 1573 percipit,
2438 1512 2746 1573 serpentem
2796 1503 2997 1559 furtive
3057 1505 3113 1558 in
3176 1504 3349 1573 ipsius
3398 1518 3499 1558 cor

1915 1590 2245 1662 irrepentem
2293 1594 2551 1664 detegens
2612 1602 2667 1649 et
2710 1593 3059 1650 confessione
3112 1595 3372 1652 delictum
3407 1610 3500 1649 re-

1910 1680 2144 1750 jiciens;
2213 1683 2307 1754 qui
2368 1699 2502 1739 vero
2571 1700 2737 1756 opera
2802 1686 3036 1755 proximi
3091 1692 3375 1739 scrutatur
3443 1692 3499 1738 ct

1912 1772 2199 1838 discernit,
2267 1775 2344 1829 illi
2400 1775 2618 1845 quidem
2676 1776 2891 1830 lucrum
2956 1773 3196 1846 acquirit
3253 1775 3496 1845 seipsum

1913 1864 2088 1918 tuenti
2118 1874 2343 1935 propter
2383 1864 2827 1937 objurgationem
2868 1874 2921 1922 et
2968 1882 2999 1921 a
3054 1873 3282 1937 peccato
3334 1865 3497 1920 simul

1912 1957 2186 2023 cessanti;
2232 1956 2554 2029 objurgator
2607 1967 2785 2013 autem
2836 1958 3221 2013 detrimentum
3262 1956 3497 2028 patitur,

1912 2046 1959 2100 si
2000 2044 2139 2101 forte
2176 2063 2286 2102 non
2319 2049 2458 2113 zelo,
2519 2048 2614 2104 sed
2666 2048 2869 2105 invidia
2913 2059 2968 2105 et
3013 2049 3223 2104 malitia
3260 2048 3499 2118 proximi

1912 2152 2077 2208 opera
2110 2138 2476 2210 indagaverit;
2512 2139 2699 2211 itaque
2735 2140 2871 2195 dicit
2906 2139 3189 2195 meliorem
3225 2138 3497 2194 rationem

1912 2244 2137 2300 operum
2163 2244 2286 2286 esse
2319 2239 2374 2286 et
2419 2232 2892 2301 percontationem
2925 2246 3091 2302 quam
3125 2230 3444 2286 divitiarum
3478 2248 3493 2261 ·

1915 2320 2108 2374 harum
2133 2320 2277 2375 enim
2349 2329 2617 2392 quantum
2679 2324 3003 2393 supputabis
3078 2323 3498 2389 abundantiam,

1913 2414 2134 2481 quantis
2164 2427 2365 2470 curans
2414 2412 2637 2468 erocari
2660 2412 2955 2480 videberis,
3010 2415 3341 2469 transitoria:
3374 2429 3497 2484 qua:

1914 2511 2067 2569 sunt,
2096 2505 2216 2559 alia
2245 2504 2317 2560 ad
2336 2504 2474 2561 alios
2494 2505 2713 2561 ellluent
2738 2512 2791 2561 et
2821 2506 3039 2578 agitatae
3074 2522 3184 2561 non
3205 2506 3301 2562 tibi
3324 2520 3499 2561 rema-

1914 2595 2158 2662 nebunt,
2215 2610 2440 2667 operum
2508 2610 2639 2650 vero
2688 2598 3030 2668 comparatio
3102 2606 3158 2653 et
3218 2599 3496 2652 rationum

1914 2686 2110 2739 anima:
2155 2685 2421 2741 discretio
2468 2693 2523 2742 et
2571 2679 2879 2756 purificatio
2909 2688 2977 2742 ad
3018 2689 3499 2759 morigeratiouem

1914 2774 2123 2829 ducens
2155 2774 2483 2832 firmaturet
2506 2777 2559 2851 in
2590 2786 2859 2833 aeternum
2895 2788 3201 2849 permanet.

1915 2865 1981 2919 57
2015 2865 2310 2919 Continuus
2342 2867 2437 2919 tibi
2463 2864 2615 2919 labor
2656 2862 2805 2922 situt
2848 2886 2992 2922 mens
3050 2880 3141 2923 tua
3184 2871 3501 2940 infer-utetur

1917 2957 1987 3011 58
2040 2957 2244 3011 Divinis
2291 2959 2700 3028 cogitationibus
2767 2971 2817 3013 et
2864 2961 3199 3016 salutaribus
3260 2966 3500 3025 monitis.

1986 3047 2310 3114 Audiamus,
2345 3050 2441 3119 qui
2468 3051 2765 3104 asceticam
2788 3061 2841 3105 et
2868 3051 3027 3121 juxta
3055 3054 3313 3109 virtutem
3334 3059 3499 3115 vitam

1916 3141 2203 3210 elegimus,
2232 3154 2353 3211 quae
2378 3142 2575 3198 suadet
2621 3150 2679 3195 ut
2716 3141 2983 3198 faciamus
3027 3143 3245 3201 virtutis
3281 3148 3501 3217 legisla-

1918 3239 2024 3284 ιον.
2067 3230 2305 3299 Spiritus
2351 3230 2511 3285 nobis
2561 3230 2945 3285 indesinenter
2993 3232 3066 3287 sit
3116 3233 3386 3290 sollicitus
3430 3236 3499 3292 de

1917 3321 2124 3375 sanctis
2150 3328 2206 3375 et
2235 3320 2438 3385 diyinis
2469 3320 2897 3392 cogitationibus
2930 3324 3248 3379 conversari
3281 3322 3335 3380 el
3378 3342 3501 3397 qua:

1918 3411 2149 3481 gratiam
2181 3418 2432 3481 spectant
2462 3420 2642 3476 curet,
2698 3421 2863 3483 atque
2914 3414 3218 3469 secundum
3267 3416 3373 3472 ista
3415 3419 3502 3473 iu-

1919 3502 2114 3557 formet
2158 3511 2213 3557 et
2246 3504 2499 3558 instituat
2554 3504 2719 3557 vitam
2774 3503 3016 3575 diligens
3072 3504 3138 3560 ad
3188 3507 3398 3576 praxim
3444 3519 3501 3565 et

1917 3593 2366 3661 meditationem;
2424 3594 2623 3663 lingua:
2686 3609 2914 3664 parcere
2967 3603 3021 3652 et
3075 3597 3252 3667 ipsius
3288 3600 3499 3655 inordi-

1917 3692 2103 3738 natum
2136 3684 2433 3754 reprimere
2467 3686 2792 3755 praescribit,
2826 3687 2901 3740 ita
2938 3697 2993 3742 ut
3026 3702 3129 3743 nec
3184 3688 3346 3745 facile
3396 3706 3499 3747 nec

1919 3773 2226 3842 petulanter
2257 3782 2505 3842 erumpat
2532 3772 2587 3827 in
2622 3772 2871 3827 docendo
2894 3785 2989 3828 aut
3026 3776 3447 3845 dOgmatizando
3479 3800 3494 3836 :

1916 3879 2155 3935 namque
2193 3879 2319 3919 eum
2364 3880 2472 3919 non
2519 3864 2807 3919 refrmnata
2866 3875 3117 3922 movetur
3164 3867 3218 3922 in
3278 3884 3498 3925 omnem

1916 3971 2247 4019 sermonem,
2281 3957 2335 4009 in
2385 3955 2615 4012 lethales
2644 3957 2879 4013 haereses
2919 3958 3042 4013 illos
3071 3958 3163 4028 qui
3198 3974 3307 4014 non
3337 3975 3366 4013 a
3397 3959 3496 4016 de-

1900 4048 2059 4103 lictis
2106 4063 2203 4117 per
2249 4047 2421 4118 ipsam
2456 4057 2766 4117 prmcavent
2798 4050 2950 4108 novit
2970 4050 3231 4106 inducere
3259 4058 3313 4106 et
3340 4050 3500 4108 facile

1916 4137 2175 4209 periculis
2224 4153 2499 4206 exponere
2566 4140 2844 4216 animam;
2932 4141 3051 4211 ipsa
3106 4147 3287 4195 autem
3349 4150 3497 4196 recte

1916 4237 2205 4281 moveatur
2258 4235 2314 4281 et
2378 4227 2517 4283 bene
2570 4242 2880 4283 sermonem
2953 4230 3171 4300 pietatis
3229 4232 3492 4300 proferat,

1915 4319 1995 4374 sic
2066 4318 2513 4387 reprehensibilis
2590 4334 2701 4374 non
2776 4328 2862 4377 est
2952 4322 3082 4386 vita,
3150 4322 3334 4377 minus
3411 4330 3498 4377 est

1914 4409 2072 4463 bona;
2120 4410 2347 4478 loquelae
2403 4409 2618 4465 lucrum
2676 4425 2780 4470 nec
2818 4411 2987 4467 multa
3016 4412 3225 4469 utilitas
3268 4411 3497 4469 audien-

1914 4487 2063 4556 tibus
2095 4501 2391 4571 pmbetur.

1916 4766 1978 4822 6|
2014 4767 2268 4835 Aspecltts
2305 4782 2385 4822 me
2408 4766 2659 4835 abripuit,
2695 4766 2786 4821 sed
2825 4775 2997 4821 tamen
3021 4783 3101 4821 me
3122 4766 3353 4822 cohibui.

1991 4855 2307 4910 Moderatus
2351 4855 2606 4926 spiritum
2641 4864 2695 4910 et
2730 4857 2971 4927 linguam
3014 4856 3236 4912 divinus
3278 4856 3493 4923 doctor,

1918 4944 2118 5001 exinde
2152 4946 2394 5016 reliquos
2425 4960 2621 5001 sensus
2660 4946 2937 5002 naturales
2974 4948 3274 5017 componit.
3307 4946 3497 5013 Visus,

1918 5036 2133 5107 inquit,
2192 5037 2376 5091 subito
2416 5038 2597 5106 rapuit
2666 5051 2959 5106 corporum
3031 5038 3496 5109 pulchritudinem

1920 5128 2264 5196 illuminans,
2298 5137 2565 5200 quantum
2602 5129 2854 5184 miranda
2880 5131 3059 5187 oculis
3093 5130 3500 5201 concupiscen-

1920 5220 2010 5274 tia:
2037 5221 2197 5275 obvia
2232 5220 2393 5275 fiunt.
2424 5216 2590 5276 Visus
2628 5224 2745 5291 ipse
2774 5236 2965 5279 omnes
3006 5236 3202 5277 sensus
3229 5236 3496 5290 superans

1918 5312 2158 5367 eiiicaeia
2192 5318 2246 5367 et
2290 5312 2609 5368 reverentia:
2642 5313 2989 5379 necessitate,
3022 5312 3222 5382 quippe
3244 5311 3335 5381 qui
3377 5326 3497 5366 om-

1922 5403 2078 5458 nium
2119 5402 2463 5457 sensibilium
2508 5402 2879 5471 pulchriorem
2922 5402 3185 5472 fulgorem
3225 5400 3453 5472 percipit
3478 5417 3529 5465 ς’

1921 5492 2078 5547 visus
2124 5506 2257 5561 ergo
2307 5491 2495 5547 subito
2549 5507 2751 5563 corpus
2804 5493 3077 5564 quoddam
3134 5490 3350 5562 fulgens
3404 5496 3502 5544 aut

1924 5580 2313 5653 perpulchrum
2344 5595 2577 5637 cernens
2608 5596 2695 5639 me
2726 5582 2940 5654 rapuit,
2971 5581 3207 5638 alienum
3250 5595 3335 5636 me
3367 5578 3497 5636 abs—

1999 5737 2111 5810 (97)
2142 5737 2277 5795 Cod.
2312 5738 2576 5811 ὲξαίφνις.
