4020 6302
542 292 646 358 807

540 424 705 483 patur
732 411 1040 466 animorum
1065 409 1338 466 ordinatio
1364 428 1375 463 :
1414 409 1640 480 pulcher
1662 414 1744 463 est
1773 409 1955 463 cordis
1980 424 2111 463 can-

535 505 645 558 dor
671 512 725 558 et
755 504 983 572 spiritus
1003 502 1271 565 decentia,
1296 503 1388 556 sed
1411 516 1517 554 non
1548 500 1679 553 illud
1706 500 1923 569 proprie
1952 514 2114 554 voca-

545 602 694 647 retur
732 594 1080 662 pulchritudo
1120 593 1267 663 quod
1304 593 1583 646 hominum
1628 605 1825 645 manus
1871 590 2111 659 scripse-

542 690 673 735 runt
702 692 796 734 aut
827 682 1273 746 delineaverunt;
1308 680 1661 749 corruptibile
1690 677 1982 734 enim.Sed
2014 692 2113 731 nec

544 773 689 843 quod
726 781 921 826 natura
961 773 1118 826 tinxit
1151 782 1245 826 aut
1288 771 1578 837 formavit;
1623 771 1857 824 mortale
1887 771 2032 823 enim
2060 774 2115 822 et

547 859 934 924 marceseibile,
977 870 1222 933 tempore
1263 861 1490 916 solvitur
1522 868 1576 915 et
1606 860 1660 914 in
1695 868 1896 914 terram
1929 872 2113 913 rever-

544 951 701 1006 titur.
730 950 840 1006 Nec
861 953 1003 1022 quod
1029 955 1221 1007 oculus
1243 968 1273 1006 e
1295 963 1439 1007 terra
1467 950 1733 1005 oriundus
1765 950 1857 1019 qui
1890 958 2113 1003 externa

542 1043 951 1111 contemplatur,
974 1043 1243 1115 judicatur
1266 1043 1547 1111 pulchrum
1567 1083 1582 1109 ,
1612 1041 1706 1097 sed
1748 1040 2115 1111 quodcunque

545 1131 837 1201 prudentis
876 1132 1104 1201 spiritus
1158 1119 1445 1187 meditatio
1487 1132 1773 1201 intelligit,
1827 1138 1882 1184 et
1929 1130 2114 1183 divino

546 1218 774 1289 Spiritui
812 1220 1137 1276 illuminanti
1175 1224 1470 1287 consentit,
1502 1222 1554 1276 id
1584 1221 1867 1290 pulchrum
1899 1226 1952 1274 et
1994 1218 2115 1288 pul-

543 1309 817 1373 chritmio,
844 1310 895 1363 id
921 1312 1153 1366 amabile
1177 1311 1445 1365 nominari
1477 1318 1530 1364 et
1543 1309 1863 1365 aestimabile
1892 1309 2115 1376 dignum

543 1398 890 1468 praedicatur.
938 1399 1402 1466 Quemadmodum
1446 1414 1575 1469 ergo
1615 1398 1961 1467 pulchritudo
2005 1411 2114 1451 non

542 1490 867 1544 cstimanda
917 1493 970 1544 in
1013 1490 1381 1545 membrorum
1439 1490 1725 1544 harmonia
1763 1503 1887 1542 cum
1930 1489 2117 1542 colore

548 1579 745 1634 blando
766 1595 893 1635 cum
917 1581 983 1636 iis
1004 1583 1095 1650 qui
1127 1595 1392 1651 corporea
1427 1590 1634 1633 tantum
1664 1580 1979 1647 inspiciunt,
2018 1576 2113 1633 sed

545 1664 605 1720 in
653 1669 847 1722 animae
885 1682 1097 1722 morum
1134 1668 1476 1723 institutione
1524 1675 1580 1721 et
1633 1668 1891 1737 symetria
1938 1666 2113 1719 admi-

551 1757 744 1821 randa,
764 1759 909 1811 omni
945 1772 1173 1813 excessu
1199 1744 1526 1826 defectuque
1548 1757 1782 1818 sublato,
1814 1755 1989 1825 gratia
2020 1752 2115 1807 Dei

544 1850 772 1918 spiritus
791 1861 957 1914 supra
982 1846 1161 1901 omnis
1183 1848 1381 1901 coloris
1407 1847 1724 1901 suavitatem
1751 1845 2007 1913 fulgente,
2036 1842 2117 1897 sic

544 1947 600 1993 et
644 1935 881 1991 dedecus
922 1952 1034 1991 non
1076 1937 1129 1992 in
1172 1947 1395 2009 compto
1435 1948 1490 1993 et
1535 1938 1589 1992 in
1618 1937 2003 1997 [menibrorum
2036 1936 2117 1988 in-

544 2024 854 2093 mqualitate
886 2026 1167 2094 corporis,
1200 2028 1294 2081 sed
1328 2036 1545 2096 propter
1574 2025 1949 2093 intelligentia:
1980 2036 2114 2078 eon-

548 2115 814 2169 fusionem
846 2123 898 2167 et
929 2114 1354 2183 imprudentiam
1387 2116 1612 2186 spiritus
1642 2114 2005 2184 reputabitur.

546 2294 615 2346 83
654 2292 911 2347 Molesta:
941 2299 1183 2344 uenerunt
1205 2334 1217 2349 ,
1250 2290 1538 2358 voluptates
1560 2330 1572 2351 ,
1602 2290 1830 2357 ﬁduciis,
1864 2290 2077 2344 timores
2096 2331 2113 2357 ,

546 2364 616 2414 86
657 2362 894 2422 Divitiw,
925 2370 1228 2428 paupertas.
1268 2360 1473 2428 gloria,
1504 2359 1760 2424 dedecus,
1798 2360 2007 2413 throni:

546 2432 615 2485 87
658 2430 857 2483 Fluunt
879 2427 934 2481 ut
972 2430 1159 2481 volent.
1202 2427 1434 2481 Nihilex
1456 2430 1523 2481 iis

545 2501 616 2555 88
656 2502 786 2565 Quae
822 2510 1091 2551 transeunt
1117 2499 1287 2565 tangit
1311 2498 1481 2550 virum
1504 2506 1850 2551 constantem.

620 2590 881 2645 καιτοι-οε
902 2589 1143 2643 incidere
1171 2588 1346 2642 solent
1372 2587 1438 2641 de
1458 2602 1638 2642 rerum
1667 2596 1969 2642 amatarum
2003 2589 2118 2659 jac-

546 2687 670 2734 tura
714 2690 770 2733 et
804 2680 870 2733 de
916 2693 1098 2733 rerum
1141 2692 1260 2746 quae
1308 2685 1596 2746 sperantur
1634 2686 1689 2731 et
1733 2676 2119 2733 desiderantur

547 2773 775 2824 adverso
806 2782 1086 2834 successu;
1109 2767 1497 2823 delectationes
1523 2782 1554 2822 e
1576 2775 1789 2832 contra,
1818 2784 1942 2821 cum
1962 2768 2117 2838 juxta

546 2868 670 2913 vota
710 2859 1026 2929 attingimus
1060 2867 1153 2913 aut
1191 2874 1315 2913 cum
1362 2870 1537 2913 amata
1586 2859 1745 2915 nobis
1795 2870 2113 2916 occurrUnt.

546 2947 771 3004 Fiducia
803 2950 982 3020 agitur
1010 2965 1133 3004 cum
1156 2949 1311 3019 juxta
1336 2951 1672 3005 curriculum
1699 2953 1807 3006 vita
1835 2953 2037 3007 labitur
2063 2961 2117 3009 ct

545 3054 636 3094 res
652 3030 956 3093 occurrunt
983 3039 1283 3095 secundum
1316 3039 1707 3108 intentionem;
1734 3043 1957 3096 timores
1988 3042 2123 3097 infe.

546 3131 731 3186 licium
762 3136 956 3184 contra
980 3140 1130 3197 spem
1160 3129 1496 3183 obviantium
1526 3140 1578 3185 et
1599 3129 1897 3186 odientium
1934 3134 1989 3188 in
2020 3150 2119 3190 nos

547 3219 844 3273 valentium
871 3237 890 3272 ς
924 3217 1135 3272 Divitiae
1165 3228 1470 3273 evenerunt
1509 3219 1799 3287 superﬁais
1838 3223 2121 3277 abundan-

550 3311 729 3373 tibus,
769 3317 823 3362 et
854 3325 886 3363 e
933 3317 1126 3362 contra
1168 3317 1459 3379 paupertas
1500 3311 1803 3365 imminutis
1832 3320 1885 3366 et
1929 3327 2123 3367 caren-

460 3464 463 3469 _
549 3401 698 3455 tibus
730 3399 1083 3453 necessariis.
1122 3396 1335 3464 Gloria,
1382 3400 1450 3453 ab
1481 3405 1755 3457 extraneis
1805 3405 1945 3458 bona
1978 3405 2122 3457 fatua

547 3500 604 3545 et
648 3501 866 3560 propter
909 3491 1144 3544 honores
1187 3490 1470 3545 hominum
1516 3500 1569 3546 et
1618 3502 1809 3549 tronos
1861 3496 2119 3563 plausus,

548 3582 901 3647 obscuritas,
938 3581 1171 3649 ahjectio
1206 3581 1260 3634 in
1309 3581 1397 3636 his
1432 3589 1486 3635 et
1521 3582 1575 3635 in
1615 3583 1930 3651 ignominiis
1971 3601 2122 3640 como

552 3673 778 3740 puttctio
812 3679 867 3724 et
907 3670 1313 3725 condemnatio.
1346 3670 1469 3725 llaec
1495 3676 1709 3737 omnia,
1736 3675 1972 3729 ludibria
2002 3678 2124 3731 vita:

549 3771 604 3817 et
641 3762 922 3832 paululum
967 3761 1211 3831 jucunda
1258 3772 1352 3814 aut
1411 3762 1681 3830 molesta,
1731 3766 1986 3819 vexantia
2033 3778 2126 3822 aut

551 3853 842 3921 placentia,
871 3853 1165 3907 exaltantia
1190 3860 1283 3906 aut
1307 3854 1672 3918 humiliantia,
1700 3856 1949 3911 avolante
1973 3872 2124 3912 som-

551 3941 648 3995 nio
679 3941 1022 3995 transeuntis
1053 3944 1429 4009 praeterimus,
1462 3951 1516 3997 et
1548 3944 1689 3999 sicut
1712 3945 1911 4000 vellent
1940 3947 2125 4003 venire

550 4035 645 4082 aut
668 4028 835 4091 abire,
863 4028 1215 4097 negligentes,
1241 4027 1433 4083 borum
1457 4031 1854 4086 assecutionem
1874 4048 1941 4087 ne
1965 4035 2125 4091 nobis

549 4128 894 4172 assumamus
921 4116 1139 4187 quando
1163 4117 1266 4172 hoc
1291 4118 1371 4173 vel
1398 4118 1527 4173 illud
1559 4121 1866 4192 contigerit;
1894 4132 2124 4193 pereunt

548 4208 693 4262 enim
725 4221 885 4276 quam
914 4208 1180 4263 citissime
1209 4208 1299 4262 illa
1329 4226 1449 4279 quae
1487 4212 1690 4265 nullam
1720 4212 1917 4269 habent
1949 4215 2121 4269 tinui-

549 4306 718 4352 tatem
747 4306 840 4351 aut
870 4298 1237 4365 stabilitatem;
1266 4299 1501 4356 hominis
1536 4313 1620 4357 est
1661 4318 1782 4359 vero
1815 4305 2119 4377 philosOphi

549 4397 603 4444 et
642 4392 915 4458 sapienter
955 4389 1136 4459 gravis
1168 4398 1222 4444 et
1264 4389 1319 4445 in
1358 4392 1605 4450 veritatis
1645 4397 1986 4453 sermonibus
2031 4399 2122 4453 llr-

551 4480 711 4533 miter
738 4482 1027 4548 perstantis
1058 4494 1157 4534 nec
1186 4481 1255 4535 de
1294 4479 1501 4538 dextris
1534 4485 1716 4539 extolli
1745 4494 1799 4541 et
1836 4489 2120 4558 superbire

1904 289 2196 348 NICETAS
2229 291 2437 349 DAVID

2213 409 2307 463 καὶ
2353 409 2468 461 ἐστι
2518 408 2609 461 καὶ
2644 406 2956 477 ὠνόμασται
3007 406 3340 480 ήεύκοσμία
3385 408 3492 463 τῶν
3532 409 3815 481 φρενῶν⁹

2214 500 2408 561 κάλλος
2445 499 2593 551 ἐστὶν
2627 500 2659 568 ἡ
2696 500 2792 568 τῆς
2832 499 3057 570 καρδίας
3085 500 3355 571 ὡραιότης
3384 500 3480 552 καὶ
3514 502 3548 570 ἠ
3583 499 3814 570 εὐπρέ-

2216 606 2343 643 πεια
2374 588 2466 641 τοῦ
2512 588 2638 642 νοῦ’
2676 589 2793 642 ἀλλ’
2825 591 2886 643 οὐ
2927 590 3088 643 τοῦτο
3126 591 3329 659 κυρίως
3369 590 3436 643 ἀν
3459 590 3813 658 όνομασθείη

2214 684 2428 748 κάλλος,
2478 682 2508 734 δ
2553 684 2735 753 χεῖρες
2781 683 3069 753 ἀνθρώπου
3110 682 3563 752 διαγράφουσινῆ
3602 682 3815 735 διατυ-

2215 772 2411 826 ποῦσι’
2446 771 2682 843 φθαρτὸν
2730 773 2872 844 γάρ·
2919 773 3034 826 ἀλλ’
3061 772 3171 831 οὐδ’
3206 772 3236 825 δ
3280 772 3437 840 φύσις
3469 771 3814 843 ἐμόρφωσεν

2215 862 2247 931 ἢ
2311 862 2605 915 διέπλασε·
2670 861 2862 932 θνητὸν
2909 862 3019 930 γὰρ
3062 863 3155 915 καὶ
3204 861 3561 932 εὑμάραντον,
3606 860 3811 931 χρόνῳ

2215 951 2471 1021 λυόμενον
2516 952 2611 1003 καὶ
2662 952 2742 1015 είς
2801 951 2930 1022 χοῦν
2988 950 3417 1021 ἀφανιζόμενον·
3470 952 3577 1005 οὐδ’
3645 952 3812 1019 ὅπερ

2216 1042 2487 1113 ὀφθαλμὸς
2523 1044 2788 1111 γηγενοῦς
2822 1046 2852 1097 ό
2882 1043 2949 1096 τὰ
2969 1042 3167 1107 ἔξωθεν
3187 1042 3399 1112 βλέπων
3422 1042 3691 1113 διακρίνει
3718 1042 3808 1104 ὡς

2216 1134 2413 1186 καλόνο
2473 1134 2587 1186 ἀλλ’
2641 1136 2779 1205 ὅπερ
2818 1132 3092 1205 σώφρονος
3135 1133 3227 1187 νοῦ
3257 1132 3479 1202 θεωρίᾳ.
3505 1131 3809 1201 Πνεῦματτ

2218 1224 2581 1295 φωτιζομένου
2596 1223 2747 1296 θείῳ,
2765 1228 3107 1278 κατανοεῖται
3140 1224 3235 1278 καὶ
3263 1223 3605 1294 γνωρίζεται,
3630 1222 3808 1276 τοῦτο

2217 1315 2380 1368 καλὸν
2414 1315 2506 1367 καὶ
2537 1314 2751 1378 καλλος.
2806 1314 2965 1368 τοῦτο
3012 1316 3107 1369 καὶ
3138 1313 3422 1382 ἀγαπητὸν
3467 1312 3810 1382 ἀξιωνύμως

2219 1406 2312 1458 καὶ
2343 1404 2569 1473 ἐραστδν
2616 1405 3100 1475 προσαγορεύεται.
3130 1404 3342 1475 Ὠσπερ
3382 1398 3474 1458 οῦν
3506 1404 3565 1457 τὸ
3594 1403 3809 1465 κάλλος

2218 1492 2317 1545 οὐκ
2346 1495 2405 1545 ἐν
2442 1496 2507 1563 τῇ
2539 1492 2649 1545 τῶν
2686 1493 2864 1561 μελῶν
2913 1494 3226 1565 συμμετρίᾳ
3258 1495 3376 1564 μετ’
3404 1493 3658 1563 εὐχροίας
3680 1494 3810 1553 τοῖς

2218 1583 2287 1635 τά
2318 1583 2605 1652 σωματικά
2635 1584 2771 1653 μόνα
2812 1583 3100 1653 βλέπουσιν
3146 1582 3443 1655 δρώμενον,
3474 1583 3587 1635 ἀλλ’
3623 1583 3681 1635 ἐν
3730 1583 3807 1649 τῇ

2221 1673 2329 1725 τῶν
2354 1671 2502 1742 ἠθῶν
2545 1673 2644 1742 τῆς
2680 1672 2857 1742 ψυχῆς
2910 1672 3239 1726 καταστάσει
3271 1688 3332 1725 τε
3375 1671 3660 1740 θεωρεῖται
3700 1669 3812 1721 καὶ

2221 1767 2286 1834 τῇ
2318 1764 2648 1834 συμμετρίᾳ,
2699 1764 2879 1835 πάσης
2911 1764 3011 1834 μὲν
3040 1763 3347 1837 ὑπερβολῆς
3370 1762 3464 1816 καὶ
3500 1759 3805 1829 ἐλλείψεως

2223 1853 2608 1923 ἀποιχομένης,
2645 1855 2862 1923 χάριτος
2899 1853 2957 1906 δὲ
3004 1854 3139 1907 Θεοῦ
3171 1852 3487 1922 Πνεῦματος
3505 1850 3649 1919 ὑπὲρ
3692 1851 3811 1902 πει·

2226 1962 2321 1996 σαν
2351 1944 2605 2014 εὔχροιαν
2639 1944 2717 2013 τῷ
2745 1944 2893 2014 καλῷ
2928 1943 3376 2014 περιλαμπούσης
3395 1958 3409 1972 '
3442 1941 3585 1994 οὕτω
3614 1940 3714 1993 καὶ
3744 1939 3813 1992 τὸ

2222 2031 2431 2106 αἶσχος,
2467 2036 2566 2089 οὐκ
2590 2038 2648 2089 ἐν
2671 2040 2737 2107 τῇ
2767 2037 3007 2107 ἀκοσμίᾳ
3040 2037 3132 2089 καὶ
3164 2034 3446 2105 ἀνωμαλία
3480 2031 3587 2085 τῶν
3619 2030 3811 2101 μελῶν

2220 2127 2315 2179 τοῦ
2348 2127 2618 2197 σώματος,
2647 2128 2764 2182 ἀλλ’
2806 2129 2864 2181 ἐν
2906 2131 2972 2199 τῇ
3018 2128 3116 2199 τῆς
3160 2126 3397 2189 διανοίας
3424 2122 3813 2192 Mill-“3‘5?

2224 2219 2318 2272 καὶ
2345 2221 2623 2291 ἀφροσύνῃ
2652 2220 2968 2290 κριθήσεται
2992 2218 3087 2273 τοῦ
3120 2218 3232 2273 νοῦ.

2224 2310 2294 2377 85
2331 2311 2524 2363 Λύπαι
2557 2308 2907 2377 προσῆλθον
2940 2308 3075 2375 (99),
3112 2307 3347 2376 ἡδοναί,
3374 2306 3577 2377 θᾴρῤη,
3601 2305 3808 2373 φόϐοι,

2224 2376 2291 2431 86
2329 2376 2618 2443 Πλοῦτος,
2655 2379 2851 2441 πενία,
2883 2377 3053 2441 δόξα.
3084 2377 3393 2441 δύσκλεια,
3434 2376 3634 2442 θρόνοι
3654 2389 3669 2403 ·

2224 2448 2289 2499 87
2342 2448 2661 2501 Ῥείτωσαν
2690 2447 2770 2511 ὡς
2806 2447 3123 2501 θέλουσιν·
3160 2446 3342 2499 οὐδὲν
3375 2445 3621 2498 ἅπτεται

2225 2516 2295 2570 88
2336 2517 2459 2570 Τῶν
2488 2518 2560 2569 οὐ
2586 2510 2891 2585 μενόντων
2921 2515 3140 2584 ἀνδρὸς
3172 2510 3240 2569 εὖ
3267 2514 3619 2580 βεϐηκότος.

2296 2607 2478 2661 Λύπαι
2515 2606 2611 2675 μὲν
2637 2604 2860 2659 εἰώθασι
2890 2606 3223 2675 συμπίπτειν
3250 2604 3343 2657 ἐπί
3370 2620 3430 2656 τε
3453 2602 3562 2656 τῶν
3586 2602 3811 2671 ἀγαπη-

2224 2698 2330 2750 τῶν
2357 2700 2476 2760 ταῖς
2503 2697 2812 2763 ἀποδολαῖς,
2844 2696 2936 2750 ἐπί
2972 2712 3033 2749 τε
3060 2696 3169 2749 τῶν
3195 2694 3562 2766 ἐλπιζομένων
3606 2692 3810 2746 ἐπιθυ-

2230 2788 2415 2859 μητῶν
2456 2790 2575 2851 ταῖς
2604 2787 2910 2853 ἀτευξίαις·
2953 2788 3139 2859 ηδοναὶ
3178 2787 3234 2840 δὲ
3266 2786 3523 2856 ἔμπαλιν,
3551 2786 3682 2838 ὅταν
3711 2785 3809 2838 £5-

2228 2879 2504 2948 στοχῶμεν
2528 2881 2641 2941 τοῖς
2668 2880 2787 2931 κατ’
2825 2878 3011 2948 εὐχὴν,
3040 2878 3073 2948 ἢ
3102 2878 3228 2931 ὅταν
3252 2878 3363 2940 τοῖς
3393 2876 3643 2946 ἐραστοῖς
3665 2877 3809 2945 ἡμῖν

2225 2967 2730 3040 περιτυγχάνωμεν.
2787 2969 2897 3022 Kal.
2968 2967 3147 3039 θάρρη
3207 2966 3304 3037 μὲν
3351 2965 3603 3036 προσίασι
3658 2965 3808 3019 κατι

2222 3059 2351 3131 ῥοῦν
2392 3058 2688 3129 φερομένου
2720 3056 2815 3111 τοῦ
2851 3057 2966 3127 βίου
3003 3056 3097 3109 καὶ
3133 3055 3241 3107 τῶν
3272 3055 3615 3125 πραγμάτων
3647 3052 3807 3105 ἀντι-

2222 3150 2520 3203 ϐολούντων
2545 3148 2684 3203 κατὰ
2716 3149 2913 3201 σκοπόν
2935 3164 2951 3179 ·
2978 3146 3133 3216 φόϐοι
3155 3146 3209 3200 δὲ
3237 3143 3505 3199 ἀνάπαλιν
3532 3143 3642 3197 τῶν
3670 3142 3808 3213 παρ’

2222 3241 2412 3293 ἐλπίδα
2462 3236 2739 3308 δυσχερῶν
2790 3234 3154 3289 ἀπαντώντων
3195 3233 3289 3287 καὶ
3336 3232 3447 3285 τῶν
3494 3232 3810 3302 ἐχθραινὸν-

2222 3347 2329 3383 των
2362 3332 2492 3400 ἡμῖν
2518 3326 2949 3383 δυναστευόντων
2967 3342 2980 3357 ⁸
3010 3326 3105 3379 καὶ
3144 3322 3383 3387 πλοῦτος
3402 3322 3502 3393 μὲν
3526 3321 3809 3393 προσῆλθε

2221 3420 2331 3473 τῶν
2362 3418 2669 3491 προσόντων
2689 3418 2919 3483 ἐξάπινα
2942 3414 3353 3486 πληθυομένων,
3371 3413 3529 3466 πενία
3560 3412 3617 3464 δὲ
3644 3409 3809 3474 αὖθις

2224 3510 2628 3578 ἐλαττουμένων
2646 3508 2753 3560 πκαὶ
2783 3505 3152 3564 σπανιζόντων
3179 3504 3288 3558 τῶν
3320 3502 3674 3573 ἐπιτηδείων·
3710 3503 3811 3556 καὶ

2222 3600 2347 3664 δόξα
2397 3601 2495 3670 μὲν
2538 3599 2645 3652 τῶν
2675 3598 2874 3662 ἔξωθεν
2911 3599 2967 3651 ai
3017 3596 3280 3668 εὐφημίαι
3331 3596 3429 3649 καὶ
3470 3596 3504 3666 ἠ
3538 3595 3632 3647 ἐπὶ
3680 3596 3809 3657 ταῖς

2222 3692 2409 3759 τιμαῖς
2440 3688 2547 3741 τῶν
2576 3688 2876 3758 ἀνθρώπων
2920 3687 3017 3740 καὶ
3043 3689 3153 3752 τοῖς
3183 3685 3391 3756 θρόνοις
3420 3682 3805 3757 ἐπικράτησις,

2223 3780 2479 3833 δύσκλεια
2522 3778 2578 3831 δὲ
2621 3780 2655 3848 ἠ
2705 3777 3000 3850 ἀπόρριψις
3042 3775 3245 3830 τούτων
3278 3776 3373 3828 καὶ
3414 3775 3503 3827 ἐπ’
3553 3774 3807 3843 ἀτιμίαις

2224 3869 2511 3933 κατὰνυξις
2554 3870 2647 3922 καὶ
2692 3869 3053 3935 κατάγνωσις.
3112 3865 3296 3920 Ταῦτα
3334 3865 3510 3918 πάντα
3568 3864 3807 3933 παίγνια

2223 3961 2317 4014 τοῦ
2342 3961 2456 4030 βίου
2477 3961 2623 4022 ὅντα,
2661 3961 2754 4013 καὶ
2789 3943 2923 4030 πρὸς
2950 3958 3127 4026 ὀλίγον
3148 3959 3415 4029 τέρποντα
3462 3957 3494 4027 ἢ
3540 3958 3803 4025 ἀνιῶντα,

2223 4051 2491 4122 τρύχοντα
2524 4050 2556 4121 ἢ
2591 4050 2870 4121 ὴδὺνοντα,
2904 4048 3143 4118 ὑψοῦντα
3192 4049 3225 4119 ἢ
3262 4047 3641 4114 ταπεινοῦντα,
3663 4049 3806 4102 ὀνεί-

2230 4157 2325 4211 ρου
2373 4140 2752 4210 ἀφιπταμένου
2797 4142 2910 4212 ῥεῖν
2955 4138 3410 4210 παραχωρῶμεν,
3452 4138 3546 4192 καὶ
3602 4138 3683 4201 ὡς
3734 4137 3803 4191 ἂν

2227 4230 2460 4283 ἐθέλοιεν
2489 4230 2700 4283 ἐπιέναι
2730 4247 2790 4283 τε
2828 4228 2921 4282 καὶ
2943 4228 3166 4283 ἀπιέναι
3198 4228 3485 4296 παριέντες
3504 4267 3518 4293 ,
3549 4227 3651 4297 τὴν
3676 4228 3803 4281 τού-

2225 4337 2333 4373 των
2392 4320 2746 4390 προσέλευσιν
2803 4318 2876 4390 μὴ
2919 4318 3363 4389 προσποιῶμεθα,
3401 4318 3529 4371 ὅταν
3560 4317 3726 4371 τοῦτο
3764 4318 3799 4388 ἢ

2224 4408 2385 4462 τοῦτο
2438 4412 2621 4480 παρῇο
2668 4410 2871 4480 οίχεται
2932 4408 3041 4479 γὰρ
3096 4409 3179 4462 δτι
3236 4408 3467 4477 τάχιστα
3521 4408 3713 4461 στάσιν
3763 4408 3797 4480 ἢ

2225 4499 2431 4569 ἵδρυσιν
2475 4499 2781 4568 κεκτημένα
2822 4500 3113 4569 οὐδεμίαν·
3166 4498 3358 4570 ἀνδρὸς
3402 4498 3459 4551 δὲ
3504 4498 3799 4569 φιλοσόφου

553 4584 652 4637 pro
700 4568 923 4637 spiritus
979 4571 1111 4633 acie,
1162 4585 1259 4625 nec
1316 4571 1385 4627 de
1431 4574 1667 4630 sinistris
1724 4580 2115 4646 apparentibus

2223 4568 2297 4657 τῷ
2339 4588 2451 4642 ὖντι
2480 4590 2572 4642 καὶ
2603 4585 2663 4641 εὖ
2695 4588 2989 4660 βεϐηκότος
3019 4589 3114 4641 καὶ
3154 4568 3279 4651 τοῖς
3300 4588 3400 4657 τῆς
3427 4587 3685 4657 ἀληθείας
3714 4568 3802 4641 to.

551 4662 819 4714 coarctari
852 4668 903 4713 et
923 4660 1103 4712 animo
1130 4663 1344 4717 cadere.

2220 4678 2359 4745 γίοις
2394 4679 2674 4751 ἀραρότως
2703 4681 3062 4750 ἡδρασμένου,
3099 4680 3236 4749 μήτε
3275 4682 3388 4740 τοῖς
3420 4677 3612 4744 δεξιοῖς
3641 4679 3801 4731 ἐπαί-

554 4752 743 4821 ρεσθαι
788 4748 821 4820 ἢ
869 4750 1297 4819 ὕποχαυνοῦσθαι
1336 4754 1399 4808 τὸ
1442 4754 1650 4811 ἔντονον
1698 4757 1793 4812 τοῦ
1841 4758 1953 4825 νοῦ,
1988 4762 2112 4832 μήτ’
2139 4759 2233 4819 οῦν
2274 4770 2385 4832 τοῖς
2437 4748 2745 4841 ἀριστεροῖς
2773 4748 3000 4823 δοκοῦσι
3053 4748 3432 4823 συστέλλεσθαι
3480 4772 3576 4826 καὶ
3629 4787 3798 4824 κατα-

554 4843 796 4897 πίπτειν.

554 4938 623 4992 89
659 4937 855 4990 Attolle
889 4946 935 4991 te
964 4938 1069 4991 vita
1105 4938 1278 5007 potius
1307 4954 1463 5007 quam
1493 4940 1803 5009 cogitatione
1822 4980 1838 5007 ,
1871 4950 1979 4997 etc.

627 5026 749 5081 Vita
795 5028 1073 5082 extollitur
1108 5027 1201 5096 qui
1248 5044 1344 5097 per
1383 5028 1695 5099 diligentem
1741 5034 2121 5089 mandatorum

554 5118 955 5174 observantiam
984 5118 1167 5173 carnis
1187 5119 1495 5187 superbiam
1522 5121 1814 5177 mortiﬁcat
1844 5132 1897 5177 et
1925 5139 2123 5195 corpus

556 5209 861 5264 humilitate
912 5208 1025 5263 fere
1066 5208 1282 5274 domat;
1334 5214 1642 5281 arrogantia
1690 5228 1819 5268 vero
1850 5218 2125 5271 extollitur

555 5301 647 5371 qui
674 5315 782 5355 non
813 5315 872 5355 se
893 5315 922 5353 a
946 5303 1365 5371 prmsumptione
1385 5303 1628 5369 mundat,
1654 5305 1747 5359 sed
1780 5321 1916 5360 vana
1946 5307 2125 5361 homi-

556 5405 685 5467 num
718 5391 889 5461 gloria
931 5390 1152 5447 effertur
1191 5405 1359 5463 seque
1391 5393 1533 5447 inter
1561 5393 1873 5464 hypocritas
1904 5399 2125 5452 consti-

556 5480 680 5534 tuit.
706 5477 967 5535 Hortatur
991 5494 1124 5552 ergo
1154 5481 1374 5537 divinus
1400 5480 1695 5554 Gregorius
1724 5480 1782 5540 ut
1807 5486 1917 5541 vita
1950 5487 2123 5544 extol-

629 5670 742 5744 {99)
780 5671 902 5729 Ald.
935 5680 992 5730 et
1024 5672 1188 5731 Basil.
1225 5672 1511 5761 προῆλθον.

2224 4948 2292 5004 89
2334 4940 2517 5016 ’Υψοῦ
2550 4948 2669 5014 ,ϐίῳ
2709 4949 2775 5002 τὸ
2803 4947 3016 5002 πλεῖον
3041 4948 3079 5017 ἢ
3104 4949 3457 5019 φρονήματι.

2305 5027 2565 5106 ’Υψοῦται
2602 5039 2679 5108 τῷ
2710 5038 2809 5109 βίῳ
2841 5040 2869 5092 ό
2908 5041 2975 5110 τῇ
3009 5040 3228 5111 ἀκριϐεῖ
3254 5042 3351 5111 τῆς
3384 5042 3601 5113 ἐντολῆς
3620 5044 3795 5114 τηρή-

2225 5143 2307 5179 σει
2346 5128 2407 5180 τὸ
2450 5128 2701 5198 φρόνημα
2744 5128 3207 5194 καταθανατὼσας
3238 5131 3337 5202 τῆς
3368 5132 3572 5202 σαρκὸς
3612 5132 3709 5187 καὶ
3736 5135 3796 5187 τὺ

2226 5218 2385 5287 σῶμα
2413 5218 2512 5287 τῆς
2536 5217 2915 5281 ταπεινώσεως
2948 5220 3130 5289 όλίγου
3156 5222 3265 5274 δεῖν
3301 5222 3546 5292 ὑπερϐάς
3568 5239 3583 5253 ·
3632 5224 3797 5294 ὑψοῦ-

2226 5323 2318 5360 ται
2349 5307 2405 5359 δέ
2438 5309 2745 5379 φρονήματι
2779 5310 2807 5360 ὁ
2843 5309 2917 5379 μὴ
2945 5310 3045 5379 τῆς
3073 5311 3300 5379 οἰήσεως
3326 5310 3581 5382 καθαρῶς
3622 5314 3795 5379 om)!

2226 5397 2518 5465 λαγμένος,
2570 5398 2706 5452 ἀλλά
2752 5397 2830 5468 τῷ
2880 5398 3020 5468 κενῷ
3066 5398 3297 5471 δοξαρίῳ
3342 5400 3451 5457 τῶν
3492 5402 3792 5473 ἀνθρώπιον

2230 5485 2588 5559 ἐπαιρόμενος
2630 5491 2724 5546 καὶ
2763 5488 2954 5545 ἑαυτὸν
2998 5488 3139 5544 κατά
3168 5491 3293 5555 τοὺς
3336 5492 3636 5558 ὑποκριτὰς
3672 5510 3790 5548 συν-
