4020 6302
56 200 63 207 .

182 230 185 239 ι

236 246 313 259 .-ἐν

144 360 250 426 809

142 482 333 539 ιστῶν.
368 482 638 555 Παραινεῖ
662 483 841 538 τοίνυν
858 485 888 537 ὁ
915 482 1189 548 θειότατος
1230 484 1532 557 Γρηγόριος
1561 483 1729 555 ὑψοῦ-

141 573 273 630 σθαι
326 571 428 645 μὲν
471 571 551 644 τῷ
596 573 698 645 βίῳ
740 574 829 628 διὰ
879 573 1247 647 θεομιμησίας
1292 574 1610 644 ἐγγίζοντας
1654 575 1732 646 τῷ

131 668 315 737 επραεῖ
342 666 438 719 καὶ
462 665 706 737 ταπεινῷ
736 665 836 736 τὴν
878 667 1107 737 καρδίαν
1148 665 1347 738 Ἰησοῦ,
1382 667 1518 720 ἀλλὰ
1553 667 1628 737 μὴ
1654 667 1733 739 τῷ

136 755 460 825 φρονήματι
502 754 889 823 κατοιομένους
922 756 1017 807 καὶ
1049 755 1528 825 καταφρονοῦντας
1557 757 1731 826 ὕπερ-

137 845 404 918 αίρεσθαι
424 864 439 877 ’
488 846 602 900 θεοῖ
630 845 729 915 μὲν
756 844 863 917 γὰρ
894 848 922 899 ὁ
956 846 1070 916 βίος
1096 850 1161 919 τῇ
1201 850 1429 919 μιμήσει
1465 846 1562 901 τοῦ
1598 848 1733 919 Χρι-

140 936 297 1000 στοῦ.
331 941 398 1009 τῇ
444 936 892 1008 μεγαλοφροσύνῃ
940 937 997 991 δὲ
1045 939 1191 1008 μέγα
1237 939 1438 1007 πτῶμα
1476 939 1617 993 κατὰ
1663 938 1732 993 τὰ

141 1028 417 1101 θεαρχικὰ
465 1027 743 1099 μαρτύρια
785 1027 1293 1081 ἀκολουθεῖ.ηΠόθεν
1335 1024 1427 1083 οῦν
1475 1026 1729 1101 ἐπιτεύξῃ

135 1122 246 1193 ¹τῆς
287 1120 550 1190 ὐψούσης,
585 1120 705 1189 ἦτοι
744 1117 972 1189 θεούσης
995 1118 1531 1190 ταπεινοφροσύνηςς
1576 1120 1610 1190 ἢ
1652 1118 1731 1190 τῷ

140 1208 226 1281 μὴ
279 1210 390 1271 τοῖς
439 1210 658 1279 μικροῖς
700 1206 892 1261 ἑαυτὸν
937 1206 1241 1279 μετροῦντα
1279 1208 1376 1262 καὶ
1415 1208 1556 1279 πρὸς
1601 1208 1729 1273 τοὺς

133 1297 521 1371 χαμαιζήλους
555 1296 914 1370 συγκρίνοντα
948 1286 1071 1369 είκῆ
1106 1299 1469 1370 ὑπερφρονεῖν
1501 1300 1595 1353 καὶ
1627 1316 1728 1371 με-

138 1388 613 1461 γαλοῤῥημονεῖν·
669 1389 703 1459 ἡ
762 1390 870 1459 γάρ
921 1388 1060 1459 πρὸς
1104 1390 1233 1454 τοὺς
1282 1392 1482 1462 ἥττους
1532 1392 1728 1447 ἐαυτοῦ

135 1479 569 1551 παραμὲτρησις
598 1480 696 1532 καὶ
736 1477 1085 1544 ἀντεξέτασις
1111 1481 1172 1535 τὸ
1212 1483 1467 1554 φρόνημα
1513 1484 1729 1549 πάντως

136 1570 241 1624 καλ⁵
271 1570 363 1623 τὸν
383 1568 507 1622 νοῦν
539 1569 617 1633 ὼς
638 1566 745 1621 τῶν
775 1569 987 1622 πολλῶν
1010 1570 1345 1642 ὑπερέχοντα
1370 1574 1692 1644 μετεωρίζει
1711 1590 1725 1605 ο

144 1658 225 1711 Σὺ
240 1659 318 1723 δέ,
342 1657 499 1728 φησὶ,
531 1656 669 1728 πρὸς
693 1656 793 1719 τὴν
823 1657 1044 1729 ἐντολὴν
1074 1659 1296 1730 ἀφορῶν
1323 1662 1416 1717 καὶ
1449 1662 1613 1717 αὑτὸν
1637 1662 1728 1717 τὸν

134 1745 242 1809 τὰς
272 1746 549 1818 σωτηρίας
582 1745 957 1817 ἐντελλόμενον
995 1748 1100 1801 κάν
1140 1749 1236 1801 ἐπὶ
1264 1750 1399 1804 πολὺ
1436 1750 1546 1806 τῶν
1587 1750 1729 1805 ἐθνι-

135 1834 259 1897 κῶς
293 1834 513 1898 ζώντων
557 1834 751 1907 ἀρθῇς,
794 1834 896 1891 κᾶν
943 1836 1158 1902 πολλοῖς
1209 1839 1320 1894 τῶν
1366 1836 1426 1895 εὖ
1471 1842 1729 1911 βιούντων

134 1925 418 1997 δμοιωθῇς
442 1930 502 1981 ἐν
531 1927 787 2000 ἀληθείᾳ,
816 1930 935 1999 ὕψει
962 1931 1113 1985 κάτω
1144 1932 1392 2005 κείμενον
1420 1935 1612 1990 ἑαυτὸν
1641 1938 1736 1992 καὶ

137 2016 251 2086 τῆς
284 2018 462 2089 ἄκρας
492 2019 923 2090 ἀπολειπόμενον
954 2022 1314 2095 τελειότητος.

136 2109 213 2185 ξς)
250 2108 447 2185 ᾼρξρν
474 2110 651 2185 δίωκε
671 2109 826 2185 μήζε
852 2112 1226 2185 πᾶσαν-μήτέ
1255 2114 1413 2185 ἀναν
1431 2134 1445 2149 ’

135 2177 215 2233 91
253 2178 561 2246 Κρεῖσσον
589 2177 701 2251 γὰρ
744 2178 897 2237 εἶναι
926 2184 1033 2238 τοῦ
1057 2177 1275 2243 δοκεῖν.

216 2291 378 2344 Ἔστι
414 2292 542 2359 δόξα
591 2292 687 2348 καὶ
740 2293 897 2367 φήμη
947 2313 1031 2361 τις
1082 2296 1261 2369 ἀγαθὴ
1311 2297 1406 2352 καὶ
1448 2300 1540 2353 ἐπὶ⁸
1582 2298 1733 2371 ’πολὺ

139 2380 317 2452 μέρος
348 2381 443 2472 τοῦ
481 2383 687 2454 κόσμου
723 2386 862 2455 πρὸς
892 2386 1085 2457 καιρὸν
1112 2388 1346 2459 χεομένη
1381 2390 1475 2443 καὶ
1504 2390 1584 2452 είς
1632 2388 1737 2459 μά-

136 2490 300 2526 ταιον
328 2476 441 2533 τοῖς
474 2473 848 2546 δοξαζομένοις
868 2476 1218 2551 πληθυομένη
1248 2479 1343 2533 καὶ
1372 2479 1629 2551 κενόν,ἢν
1647 2481 1739 2534 ἐπὶ

139 2562 326 2635 βλάϐῃ
359 2564 617 2631 πλειόνων
648 2567 974 2637 μεγαλύνειν
1018 2566 1158 2621 οἶδεν
1190 2572 1218 2623 ὁ
1255 2568 1470 2642 ἐχθρός·
1506 2573 1602 2625 καὶ
1620 2570 1736 2624 ἔστι

136 2656 271 2721 δόξα
302 2655 410 2709 τῶν
443 2657 605 2721 ὁσίως
632 2657 889 2727 βιούντων
924 2659 1016 2713 ἐπὶ
1049 2660 1146 2729 τῆς
1176 2661 1278 2731 γῆς
1308 2663 1732 2734 κραταιουμένη,

137 2749 270 2818 ἥτις
311 2747 404 2801 καὶ
440 2747 576 2818 πρὸς
606 2748 894 2819 οἰκοδομὴν
927 2749 1036 2802 τῶν
1080 2750 1411 2816 δοξαζόντων
1463 2752 1600 2824 πρὸς
1640 2755 1735 2808 τοῦ

138 2837 287 2892 Θεοῦ
313 2842 713 2914 ,συγκροτεῖται
743 2840 837 2893 καὶ
882 2838 1144 2909 ὑψοῦταιο
1182 2841 1245 2894 σὺ
1280 2842 1337 2895 δὲ
1379 2844 1515 2914 μήτε
1554 2847 1735 2901 πᾶσαν

139 2928 286 3000 ἡγοῦ
310 2928 771 3001 περισπούδαστον
799 2932 893 2985 καὶ
920 2932 1096 3003 ἐαυτῷ
1125 2933 1457 3004 προσαύξειν
1485 2936 1735 3007 ἐπιζήτει

140 3022 293 3091 κατά
324 3027 453 3085 τοὺς
479 3021 777 3092 ὑποκριτὰς
803 3024 898 3075 καὶ
926 3021 1256 3094 δοξοχαρεῖς,
1291 3024 1416 3094 μήτ’
1443 3018 1536 3077 οὖν
1566 3025 1735 3095 αὐτῆς

140 3113 242 3184 τῆς
272 3112 342 3165 δι’
379 3112 581 3184 ἀρετὴν
608 3112 977 3184 κροτουμένης
1020 3113 1160 3181 ἄγαν
1192 3114 1422 3183 ἀντέχου
1456 3113 1551 3167 καὶ
1590 3115 1734 3168 ἀντι-

143 3200 310 3256 ποιοῦ
332 3218 347 3233 ⁸
395 3203 448 3254 τί
477 3202 591 3272 γάρ
627 3219 709 3255 σοι
752 3203 855 3284 καὶ)
879 3204 944 3274 τῇ
985 3203 1250 3273 ὑπολήψει
1285 3203 1393 3257 τῶν
1428 3203 1659 3269 πολλῶν,
1691 3197 1735 3273 ᾧ

141 3294 242 3348 τοῦ
279 3289 419 3349 εἶναι
456 3294 620 3358 πολὺς
655 3296 686 3347 ὁ
718 3293 909 3363 λόγος;
959 3296 1213 3364 κρεῖσσον
1250 3294 1358 3365 γὰρ
1391 3295 1737 3367 ἀσυγκρίτως

142 3374 209 3441 sb
236 3383 380 3441 εἶναι
428 3387 522 3441 τοῦ
555 3387 732 3441 δοκεῖν
754 3403 769 3417 °
814 3389 894 3451 είς
922 3387 977 3441 τί
1020 3382 1113 3441 οὖν
1146 3404 1228 3440 σοι
1262 3387 1414 3457 μέλει
1464 3388 1737 3458 σπουδαίῳ

145 3478 264 3531 ὅντε
293 3476 389 3530 τοῦ
432 3477 735 3540 σπουδαίως
778 3472 916 3529 εἶναι
955 3476 1171 3542 δοκεῖν;
1224 3476 1467 3547 πλουσίῳ
1496 3477 1611 3533 ὖντι
1644 3479 1739 3532 καὶ

149 3567 375 3620 πάντων
392 3566 586 3637 πλήρει
608 3564 825 3634 ἀγαθῶν
843 3566 895 3619 τί
917 3582 999 3619 σοι
1024 3566 1208 3637 μέλον,
1237 3568 1285 3619 εί
1314 3565 1459 3621 τοῦτ’
1480 3565 1739 3635 ἀγνοοῦν-

152 3672 245 3719 τες
276 3654 557 3726 ἄνθρωποι
588 3654 802 3725 πένητά
828 3671 885 3707 σε
919 3654 1013 3707 καὶ
1054 3654 1207 3725 ἐνδεῆ
1237 3654 1737 3725 ὑπολαμϐάνουσιν;

155 3746 320 3800 Οὕτω
356 3748 451 3801 καὶ⁷
490 3746 608 3817 Θεῷ
654 3746 806 3817 φίλον
840 3746 968 3800 ὄντα
993 3746 1119 3799 ποία
1158 3763 1241 3799 σοι
1284 3746 1522 3816 φροντὶς,
1567 3745 1613 3797 εί
1663 3744 1738 3815 μὴ

150 3838 317 3891 τοῦτο
347 3836 493 3890 ἴσασι
519 3836 705 3890 πολλοί
728 3853 743 3901 ;
765 3837 827 3890 Εἰ
856 3837 900 3889 δ’
928 3836 1166 3906 ἄμετρος
1186 3831 1256 3900 εἴ,
1286 3834 1511 3898 πολλοὺς
1535 3833 1737 3887 ἐθέλων

154 3928 288 3989 τοὺς
327 3926 618 3989 ἐπαινέτας
654 3924 820 3996 ἔχειν,
864 3924 1004 3979 ὥστε
1049 3925 1223 3997 ταύτῃ
1267 3925 1484 3989 πλείους
1538 3924 1741 3979 οἰκοδο-

159 4019 284 4085 μεῖν
328 4016 407 4080 είς
436 4016 655 4087 ἀρετὴν,
708 4013 842 4069 ἀλλὰ
886 4016 951 4069 σὺ
984 4016 1060 4087 μὴ
1106 4014 1205 4086 τὴν
1244 4015 1491 4085 ματαίαν
1543 4013 1741 4085 θήρευε

153 4109 320 4175 δόξαν
363 4108 463 4178 τὴν
514 4109 578 4161 ἐκ
621 4106 731 4160 τῶν
780 4100 913 4177 ἐίκῆ
970 4094 1382 4179 μακαριζόντων
1428 4124 1486 4160 σε
1533 4108 1741 4178 πλάνην

156 4194 623 4266 ἐγκομὸούμενος,
661 4194 797 4265 μηδὲ
828 4195 929 4265 τὴν
979 4195 1109 4249 νέαν
1152 4194 1244 4249 καὶ
1285 4194 1345 4263 ἐξ
1385 4194 1742 4266 ἀνθρωπίνων

159 4284 491 4355 ἀξιωμάτων
538 4284 633 4337 καὶ
676 4283 882 4355 θρόνων
924 4283 1357 4355 προστιθεμένην
1407 4284 1500 4338 καὶ⁸
1544 4286 1738 4357 τιμῶν.

156 4376 223 4429 Τί
253 4375 367 4447 γὰρ
392 4374 850 4447 κέρδος-πιθήκῳ,
882 4374 950 4429 ἂν
974 4374 1112 4429 λέων
1142 4376 1405 4448 νομισθῇς
1440 4375 1627 4441 Οῦτως
1655 4378 1743 4430 ού-

155 4466 325 4539 δεμία
366 4467 577 4537 ὅνησξ,
621 4466 842 4537 ἐμπαθῆ
886 4465 1015 4519 ὅντα
1059 4466 1151 4519 καὶ
1193 4466 1379 4537 ἀτελῆ,
1434 4467 1613 4537 ἀπαθῆ
1647 4468 1741 4521 καὶ

158 4559 367 4613 τέλειον
413 4558 721 4631 ἀνθρώποις
769 4553 908 4611 εῖναι
954 4556 1165 4611 δοκεῖν⁹
1214 4558 1439 4628 οὐδεμία
1485 4558 1741 4627 ὠφέλεια,

160 4652 381 4717 ἀνάξιον
412 4650 541 4704 ὄντα
574 4650 849 4722 βασιλείας
900 4650 933 4722 ἢ
988 4651 1293 4722 ίεραρχίας,
1338 4650 1489 4717 ἀξιον
1535 4649 1748 4721 νομίζε·

161 4741 286 4796 σθαι
310 4761 323 4774 ⁸
356 4741 545 4814 ὥσπερ
585 4742 708 4796 οὑδέ
740 4743 954 4814 πτωχὸν
978 4744 1073 4798 καὶ
1106 4742 1273 4815 ἄρτου
1306 4742 1496 4813 ἐπιδεῆ
1542 4742 1744 4813 τυγχά-

162 4852 343 4897 νοντα,
375 4834 529 4887 οὐδὲν
571 4834 724 4889 ἔσται
773 4836 910 4905 πρὸς
956 4836 1165 4907 κέρδος,
1196 4834 1398 4906 χρυσοῦ
1434 4834 1741 4905 θησαυροὺς

163 4922 464 4993 κεκτῆσθαι
499 4922 710 4987 πολλοῖς
738 4923 961 4976 ύπονοού
971 4939 1152 4993 μενον.

164 5036 231 5091 97
257 5036 427 5091 Ατνει
454 5035 572 5104 μὲν
609 5033 821 5098 ἄλλον,
854 5033 941 5103 μὴ
976 5034 1182 5102 φρόνει
1213 5033 1266 5087 δ’
1294 5033 1669 5103 αίνούμενος.

238 5148 434 5202 ’Δλλον
467 5149 585 5220 μὲν,
614 5132 778 5219 φησίν
816 5149 845 5201 ὁ
879 5146 1169 5219 μακάριος,
1201 5147 1444 5200 ἐπαινεῖν
1480 5148 1568 5204 ἐπ’
1595 5148 1742 5201 εὐσε-

168 5238 289 5311 ϐείᾳ
352 5239 446 5292 καὶ
502 5240 671 5311 ἀρετῇ
723 5238 907 5302 οὔπως
956 5239 1023 5293 ἂν
1066 5237 1407 5308 κωλύσαιμι,
1457 5238 1595 5291 ἀλλὰ
1647 5240 1740 5292 καὶ

167 5328 593 5399 παραινέσαιμι·
631 5327 691 5379 σέ
741 5326 797 5381 δὲ
840 5328 980 5396 πρὸς
1006 5327 1180 5383 ἄλλων
1207 5326 1618 5397 ἐπαινούμενον,
1668 5329 1743 5400 μὴ

173 5418 610 5489 μεγαλοφρονεῖν,
644 5419 779 5489 μηδέ
807 5421 922 5482 τοῖς
953 5419 1193 5482 ἐπαίνοις
1225 5419 1346 5488 εικῆ
1382 5418 1743 5489 φυσιούμενον

172 5510 561 5581 ὑψηλοφρονεῖν
621 5508 940 5581 παρεγγυῶ.
1003 5510 1241 5563 Δεδιέναι
1308 5509 1412 5581 γὰρ
1457 5511 1602 5576 ἀξιον
1653 5514 1744 5565 καὶ

172 5599 548 5663 εὐλαϐεῖσθαι,
630 5601 825 5670 μήπως
895 5599 1003 5652 τῶν
1070 5599 1446 5669 κρατουμένων
1512 5600 1745 5655 ἐπαίνων

174 5686 411 5761 ὑστερῶν
442 5688 803 5759 ἀπελεγχθῇς⁹
834 5688 967 5743 ἀλλά
997 5689 1089 5742 καὶ
1126 5689 1262 5759 πρὸς
1291 5688 1387 5758 τὴν
1419 5688 1528 5741 τῶν
1567 5690 1743 5745 ἄλλων

177 5780 445 5852 εὐφημίαν
474 5781 535 5833 οὐ
568 5780 852 5851 πρόχειρον
884 5780 991 5832 οὐδ’
1032 5780 1247 5848 ἕτοιμον
1281 5775 1420 5832 εἷναί
1465 5797 1519 5834 σε
1568 5783 1594 5834 ὁ
1640 5783 1741 5853 τῆς

449 5875 722 5936 ΡΑτιιοι..
757 5876 871 5936 Gn.
908 5873 1272 5936 XXXVIII.

1202 362 1271 420 IN
1292 359 1605 420 CARMINA
1638 356 1919 417 ARCANA
1954 355 2010 416 Β.
2042 357 2390 417 GREGORII.

3306 354 3410 414 810

1839 481 2015 538 iamur
2044 497 2140 552 per
2167 481 2528 537 imitationem
2558 479 2675 535 miti
2698 486 2751 535 et
2784 479 2974 536 humili
3003 478 3167 535 corde
3190 477 3408 535 Christo

1834 572 2340 644 appropinquantes
2365 612 2374 631 .
2402 571 2498 627 sed
2528 584 2819 627 caveamus
2847 586 2916 627 ne
2952 568 3281 626 conﬁdentia
3318 575 3408 623 tu-

1833 671 2045 717 mentes
2085 670 2139 717 et
2169 661 2552 731 superbientes
2593 674 2694 715 nos
2730 658 3161 729 magnificemus.
3198 655 3409 711 Etenim

1831 751 2049 808 deificat
2082 755 2197 808 vita
2223 751 2425 808 Christi
2466 750 2727 806 imitatrix
2748 790 2763 815 ,
2802 757 2857 805 et
2886 749 3052 804 animi
3084 745 3412 804 extollentiaz

1827 843 1985 913 juxta
2025 845 2345 902 testimonia
2385 843 2571 898 divina
2617 842 2804 897 clades
2852 854 3045 912 magna
3093 838 3409 893 comitatur.

1834 933 1987 990 Unde
2025 928 2157 1007 ergo
2202 934 2568 1006 comparanda
2612 948 2735 1003 qua:
2786 932 2991 987 exaltat
3043 946 3144 986 seu
3196 928 3411 983 dcificat

1784 1071 1787 1074 .
1834 1025 2155 1081 humilitas?
2188 1025 2337 1081 Hanc
2359 1024 2628 1080 obtinebit
2654 1024 2746 1095 qui
2773 1038 2880 1078 non
2904 1022 3142 1091 seipsum
3174 1019 3412 1074 minimis

1831 1118 2140 1189 quibusque
2176 1116 2522 1188 aequiparans
2562 1122 2617 1171 et
2654 1130 2777 1171 cum
2819 1113 3047 1182 abiectis
3078 1125 3412 1180 componens

1832 1217 2033 1263 temere
2071 1206 2354 1275 superbiet
2391 1215 2445 1261 et
2487 1219 2546 1260 se
2581 1202 2983 1274 magnificabit;
3020 1216 3257 1271 namque
3286 1215 3411 1255 cum

1830 1297 2188 1354 inferioribus
2225 1294 2583 1369 aequiparatio
2619 1296 2702 1351 sui
2756 1304 2807 1349 et
2852 1294 3072 1348 collatio
3108 1293 3413 1361 intelligen-

1829 1387 1960 1443 tiam
2006 1386 2233 1445 omnino
2264 1395 2319 1442 et
2362 1385 2605 1440 animum
2652 1384 2719 1440 ad
2763 1383 3131 1455 arrogantiam
3177 1382 3410 1444 inducit,

1829 1477 1985 1549 quasi
2019 1493 2184 1548 supra
2221 1478 2424 1532 multos
2464 1476 2775 1532 eﬂ'eramur.
2826 1474 2908 1530 Tu
2947 1482 3162 1537 autem,
3198 1473 3413 1544 inquit,

1830 1570 2145 1625 mandatum
2172 1570 2531 1626 considerans
2551 1577 2603 1625 et
2629 1584 2753 1625 eum
2777 1568 2870 1638 qui
2896 1566 3125 1623 salutem
3154 1565 3410 1636 iniungit,

1830 1660 1957 1715 licet
1997 1661 2156 1732 longe
2185 1660 2401 1717 ethnice
2428 1661 2679 1717 viventes
2708 1674 2934 1730 superes
2955 1697 2971 1723 ,
3006 1657 3129 1713 licet
3159 1657 3412 1727 plurimis

1833 1752 1971 1807 bene
1983 1753 2281 1809 viventium
2304 1752 2501 1813 similis
2522 1752 2578 1807 in
2594 1751 2824 1807 veritate
2842 1750 3157 1817 invenieris,
3176 1750 3410 1819 teipsqu

1838 1841 1989 1896 humi
2011 1843 2285 1912 iacentem
2313 1843 2523 1901 videbis
2537 1850 2591 1899 et
2610 1842 2767 1914 longe
2795 1857 2824 1897 a
2850 1858 3061 1899 summa
3079 1840 3414 1913 perfectione

1839 1931 2159 1991 distantem.
2562 1934 2567 1947 ”

1836 2105 1905 2179 95
1943 2104 2182 2179 gloriam
2210 2123 2513 2179 persequere
2561 2125 2664 2162 non
2691 2126 3009 2175 omnem,nrc
3044 2110 3366 2166 vehementer
3386 2129 3406 2167 :

1836 2174 1907 2230 94
1943 2174 2140 2232 Helius
2168 2174 2245 2233 est
2269 2174 2413 2233 enim
2439 2194 2554 2234 esse
2584 2180 2745 2248 quam
2769 2174 2955 2233 videri.

1909 2286 2003 2344 Est
2031 2297 2087 2345 et
2114 2290 2309 2361 gloria,
2332 2300 2417 2349 est
2444 2300 2501 2348 et
2530 2290 2672 2350 fama
2702 2292 2843 2349 bona
2876 2299 2931 2347 et
2959 2306 3057 2371 per
3076 2290 3265 2345 mundi
3296 2306 3413 2345 ma-

1838 2394 1999 2451 gnam
2032 2392 2240 2452 partem
2267 2392 2576 2454 opportune
2604 2385 2801 2442 diffusa
2825 2394 2881 2441 et
2901 2385 3224 2454 insipienter
3250 2394 3414 2455 atque

1838 2484 1977 2526 vane
2008 2471 2064 2525 in
2106 2472 2421 2531 hominibus
2471 2474 2757 2531 aestimatis
2790 2474 3105 2536 abundans,
3146 2488 3310 2543 quam
3345 2474 3413 2529 ad

1837 2563 2135 2619 multorum
2162 2565 2458 2635 perniciem
2483 2566 2833 2638 magnificare
2867 2566 3016 2622 novit
3046 2565 3330 2630 inimicus;
3359 2575 3416 2621 et

1838 2663 1924 2710 est
1954 2663 2142 2711 sancte
2164 2656 2463 2713 viventium
2487 2660 2661 2730 gloria
2690 2674 2851 2729 super
2880 2667 3081 2714 terram
3111 2660 3415 2729 praevalens

1837 2760 1961 2816 qua:
2009 2753 2065 2800 et
2113 2745 2182 2801 ad
2223 2746 2639 2803 aedificationem
2689 2748 3029 2802 laudantium
3075 2764 3258 2803 coram
3306 2747 3416 2803 Deo

1839 2837 2216 2907 spectaculum
2244 2844 2329 2894 est
2362 2845 2416 2893 et
2446 2839 2745 2903 exaltatio;
2774 2848 2831 2895 tu
2865 2848 3045 2895 autem
3077 2856 3176 2896 nec
3199 2856 3414 2896 omnem

1833 2926 2017 3000 judica
2049 2929 2230 2985 studio
2261 2928 2502 2999 dignam,
2535 2931 2626 3001 qui
2664 2931 2759 2985 tibi
2795 2940 3129 2989 crescentem
3170 2934 3418 3004 requiras

1835 3035 1955 3075 eam
1996 3020 2403 3090 hypocritarum
2438 3020 2613 3076 instar
2644 3029 2699 3076 et
2730 3008 2959 3092 gloriam
3000 3025 3413 3100 aucupantium,

1842 3124 1943 3163 nee
1974 3125 2105 3179 ergo
2134 3102 2309 3178 ipsam
2351 3118 2575 3181 prepter
2615 3112 2871 3167 virtutem
2906 3115 3421 3183 applausamnitnis

1842 3198 2112 3253 insectare
2144 3200 2245 3269 ipsi
2279 3199 2496 3255 obviam
2533 3216 2783 3257 currens.
2814 3201 2966 3268 Quid
3007 3204 3153 3259 enim
3190 3205 3284 3260 tibi
3319 3220 3421 3275 pu-

1838 3291 1978 3345 blica
2006 3292 2379 3358 existimatio,
2428 3293 2521 3347 cui
2564 3308 2687 3348 esse
2732 3308 2929 3364 magna
2956 3309 3046 3349 res
3073 3297 3194 3351 est?
3228 3295 3420 3351 Melius

1838 3382 1981 3434 enim
2028 3391 2115 3436 est
2165 3381 2284 3437 sine
2332 3382 2502 3437 dubio
2531 3397 2655 3437 esse
2686 3397 2849 3452 quam
2880 3382 3076 3439 videri.
3107 3383 3248 3462 Quid
3290 3401 3421 3455 ergo
3512 3409 3517 3414 ’

1841 3480 1928 3525 tua
1970 3472 2220 3537 interest,
2240 3472 2477 3544 diligens
2518 3475 2608 3543 qui
2641 3474 2741 3541 sis,
2773 3473 3004 3546 diligens
3046 3476 3091 3531 si
3142 3475 3420 3531 videaris?

1840 3562 2000 3617 Dives
2027 3576 2151 3617 cum
2170 3563 2247 3618 sis
2261 3569 2314 3618 et
2327 3565 2585 3621 omnibus
2598 3565 2758 3621 bonis
2772 3565 3082 3633 abundans,
3096 3566 3228 3639 quid
3256 3566 3423 3622 refert

1841 3655 1886 3710 si
1944 3656 2046 3709 hoc
2104 3654 2420 3723 ignorantes
2464 3654 2718 3709 homines
2771 3670 3061 3725 pauperem
3106 3665 3159 3711 te
3188 3665 3243 3710 et
3278 3657 3425 3711 indi-

1840 3752 2053 3815 gentem
2097 3745 2462 3800 existiment?
2500 3744 2768 3801 Similiter
2804 3746 2982 3801 amico
3030 3746 3120 3802 Dei
3161 3748 3255 3802 tibi
3300 3764 3424 3817 quae

1840 3848 2007 3896 cura,
2046 3833 2091 3888 si
2139 3832 2269 3887 illud
2314 3848 2426 3887 non
2484 3836 2735 3888 noverint
2778 3836 2971 3890 multi?
3003 3837 3059 3892 Si
3087 3837 3289 3892 nimius
3336 3854 3420 3901 es,

1843 3923 2043 3977 multos
2072 3922 2302 3991 cupiens
2333 3922 2648 3980 laudatores
2679 3924 2901 3989 habere,
2930 3926 3248 3995 quasiinde
3280 3930 3425 3982 mul-

1842 4021 2024 4067 torum
2069 4010 2233 4067 fuerit
2271 4012 2559 4068 adificatio
2591 4013 2659 4069 ad
2724 4014 3016 4080 virtutem,
3073 4017 3168 4072 sed
3211 4024 3267 4072 tu
3309 4020 3423 4074 noli

1841 4118 2037 4159 vanam
2097 4105 2281 4159 venari
2322 4104 2837 4174 gloriam,'errore
2886 4105 3168 4162 hominum
3221 4120 3424 4165 temere

1842 4195 2267 4250 beatificantium
2302 4202 2356 4251 te
2392 4195 2679 4251 involvens
2712 4211 2813 4251 nec
2842 4189 3014 4267 gloria
3051 4213 3189 4255 nova
3222 4202 3290 4254 ab
3319 4201 3423 4255 hu-

1843 4287 2023 4343 manis
2057 4286 2475 4357 dignationibus
2515 4300 2567 4344 et
2609 4288 2824 4355 thronis
2849 4299 2904 4343 et
2939 4288 3241 4345 honoribus
3274 4291 3426 4345 deri-

1843 4384 2025 4433 vante.
2066 4376 2206 4443 Quid
2241 4378 2388 4432 enim
2423 4378 2636 4432 lucrum
2673 4380 2870 4443 simio,
2921 4379 2965 4435 si
2998 4380 3082 4435 leo
3125 4381 3427 4436 credatur?

1848 4471 2115 4527 Similiter
2164 4472 2315 4527 nulla
2380 4472 2626 4538 utilitas,
2680 4473 3077 4545 cupiditatibus
3142 4476 3426 4546 obtempe--

1844 4570 2057 4617 rantem
2103 4570 2158 4617 et
2211 4562 2613 4633 imperfectum,
2643 4563 2964 4619 hominibus
3015 4572 3195 4622 tamen
3250 4568 3423 4623 videri

1843 4652 2234 4721 morigeratum
2261 4659 2315 4707 et
2339 4651 2671 4721 perfectum;
2703 4653 2853 4706 nulla
2879 4654 3108 4718 utilitas,
3139 4656 3422 4728 indignum

1842 4742 2173 4810 quemlibet,
2222 4743 2368 4812 regia
2425 4751 2519 4796 aut
2562 4742 2886 4798 sacerdotali
2922 4745 3186 4815 dignitate
3237 4764 3425 4817 parem

1841 4832 2124 4898 aestimari,
2161 4832 2304 4887 sicut
2340 4848 2441 4889 nec
2475 4834 2701 4904 pauperi
2731 4842 2785 4889 et
2810 4849 2949 4903 pane
2980 4836 3243 4907 indigenti
3272 4841 3424 4893 lucro

1845 4931 1956 4988 est,
1987 4923 2034 4978 si
2069 4923 2187 4977 auri
2223 4924 2512 4980 thesauros
2549 4926 2751 4979 multos
2792 4926 3083 4995 possidens
3117 4940 3422 4998 reputctur.

1846 5033 1912 5090 97
1928 5032 2117 5087 Lauda
2132 5034 2339 5103 quidem
2365 5034 2555 5099 alium,
2570 5044 2624 5088 at
2648 5035 2901 5090 laudatus
2919 5052 2981 5091 ne
2995 5039 3291 5106 superbius,
3312 5050 3421 5095 etc.

1918 5145 2098 5199 Alium
2131 5144 2390 5215 quidem,
2432 5145 2609 5216 inquit
2648 5148 2879 5216 beatus,
2932 5150 3158 5207 laudare
3184 5165 3426 5223 \propter

1850 5234 2102 5304 pietatem
2134 5243 2189 5291 et
2222 5236 2480 5291 virtutem
2513 5252 2621 5291 non
2655 5238 2999 5307 prohiberem
3020 5283 3035 5307 ,
3066 5242 3160 5296 sed
3189 5252 3241 5296 et
3267 5243 3335 5297 ad
3370 5244 3426 5299 id

1849 5326 2160 5395 provocabo
2186 5343 2201 5393 ;
2231 5334 2285 5381 te
2317 5334 2498 5380 autem
2524 5326 2595 5380 ab
2623 5328 2747 5384 aliis
2773 5328 2993 5383 laudato
3020 5346 3089 5385 ne
3114 5332 3423 5393 extollaris.

1847 5431 1981 5470 neve
2012 5424 2213 5471 temere
2241 5431 2349 5486 prae
2375 5416 2627 5472 laudibus
2654 5426 2929 5474 tumescas
2952 5421 3174 5475 suadeo.
3201 5420 3426 5478 Timen-

1846 5508 1974 5562 dum
2028 5509 2175 5562 enim
2226 5509 2527 5578 meritoque
2579 5508 2877 5563 verendum
2928 5519 3013 5565 est
3059 5527 3128 5566 ne
3171 5512 3425 5567 laudibus

1850 5598 2146 5655 celebratis
2179 5600 2359 5653 minor
2390 5601 2644 5669 arguuris
2672 5619 2687 5668 ;
2721 5600 2816 5656 sed
2847 5609 2902 5655 et
2928 5600 2994 5654 ad
3022 5603 3251 5656 aliorum
3284 5620 3426 5674 pra:-

1848 5691 2066 5744 couium
2094 5707 2199 5746 non
2229 5692 2441 5747 facilem
2469 5707 2569 5747 nec
2600 5678 2909 5763 promptum
2938 5708 3059 5749 esse
3084 5709 3264 5749 sermo
3296 5712 3425 5750 sau-

1848 5784 1917 5838 cti
1942 5783 2137 5853 iudicii
2164 5791 2214 5839 te
2243 5786 2545 5855 pracscribit
2575 5800 2588 5840 :
2617 5786 3075 5857 quemadmodum
3105 5788 3250 5841 enim
3281 5788 3423 5844 resti-

3029 5883 3107 5940 26
