4020 6302
141 370 244 426 8l3
1131 376 1202 430 ΙΝ
1249 376 1554 436 εΑιιιιιΝΑ
1594 377 1876 434 Α’ΠΟΑΝΑ
1944 383 2001 436 S.
2081 383 2428 444 GREGOB".
3293 409 3394 464 8H

139 500 227 549 τος
258 486 516 540 ἐκπεσεῖν
599 487 869 557 ἀσφάλεια
911 489 967 543 δὲ
1005 492 1311 566 ἑκατέροις,
1358 499 1469 558 τοῖς
1501 514 1562 551 τε
1618 497 1698 568 τὴ·

1826 507 1971 553 runt.
2017 499 2270 587 Utrisque
2310 512 2552 562 tutamen
2584 519 2668 565 est
2689 551 2702 577 ,
2739 519 2794 568 et
2829 516 2897 571 iis
2930 518 3022 587 qui
3055 519 3312 579 sensibile
3340 535 3397 581 et

134 570 402 644 αἰσθητὴν
440 575 670 646 ταυτηνὶ
699 575 990 643 Θάλασσαν,
1017 581 1131 643 τοῖς
1155 597 1214 634 τε
1247 582 1347 652 τὴν
1380 585 1578 654 νοητὴν
1608 584 1696 637 δια

1826 587 1895 642 iis
1921 589 2015 658 qui
2040 570 2334 660 'spirltuale
2372 601 2724 653 transmeant’
2765 570 3144 670 mare,iimere
3181 627 3400 683 semper

136 661 370 730 περῶσι,
422 663 545 734 μία,
592 665 655 718 τὸ
697 665 978 747 φοῦεῑσθαι
1022 669 1110 722 ἀεὶ
1144 671 1237 722 καὶ
1281 672 1565 743 προσέχειν
1607 675 1698 727 ὲαυ

1824 685 1880 733 et
1904 680 2013 736 sibi
2050 682 2498 754 circumspicere,
2521 687 2718 746 exinde
2750 707 2850 746 nec
2879 661 3320 764 periclitantibus
3343 704 3398 759 in

135 758 267 818 τοῖς,
318 757 396 820 ὼς
452 760 593 828 μήτε
638 761 751 822 τοῖς
799 758 941 812 κατά
987 759 1166 831 σάρκα
1216 763 1580 818 κινδυνεύουσι
1620 767 1698 819 τάι

1822 779 1986 853 carne
2009 782 2172 827 casus
2203 765 2559 842 exprobrare,
2593 792 2694 833 nec
2723 757 2989 839 adversus
3013 785 3274 854 Spiritum
3305 793 3396 846 Dei

138 845 306 915 τύχας
352 847 660 911 ὀνειδίζειν,
713 850 850 920 μήτε
881 852 994 913 τοῖς
1019 851 1161 905 κατά
1187 853 1413 924 Πνεῦμα
1446 855 1541 908 τοῦ
1584 855 1698 909 Θεοί

1821 849 2174 925 peccantibus
2222 871 2277 918 et
2309 863 2628 923 cadentibus
2644 869 2890 941 improbe
2929 845 3100 930 laetari
3135 887 3190 932 et
3220 879 3398 936 insui-

142 937 549 1008 ἁμαρτάνουσιν
569 941 662 993 καὶ
683 941 1079 995 ἀποπίπτουσιν
1097 945 1534 1014 ὲπιχαιρεκάκως
1558 948 1654 999 ὲπε
1662 966 1698 1018 μ

1816 952 1937 1002 tare
1970 952 2361 1020 accusatione;
2397 955 2493 1010 sed
2525 956 2593 1011 de
2631 937 3038 1020 calamitatibus
3073 968 3309 1036 proximi
3343 981 3398 1025 et

139 1028 346 1081 σαίνειν
394 1045 457 1080 τε
509 1029 603 1082 καὶ
646 1029 1015 1101 κατακρίνειν,
1059 1031 1196 1085 ἀλλά
1240 1035 1362 1096 ταῖς
1410 1034 1698 1106 δυστυχίαιι

1820 1034 2142 1094 infortuniis
2177 1050 2487 1100 metuentes
2510 1056 2573 1102 et
2601 1046 2864 1108 timentes
2897 1068 2996 1109 nos
3039 1028 3093 1108 in
3129 1063 3248 1112 tuto
3281 1067 3396 1114 sta-

138 1119 242 1172 τῶν
279 1119 455 1182 πέλας
487 1120 580 1172 καὶ
613 1123 733 1184 ταῖς
769 1125 1077 1193 συμφοραῖς
1103 1123 1407 1195 τρέμοντας
1443 1125 1539 1180 καὶ
1564 1127 1698 1196 φρίσ

1819 1129 1972 1180 tuere
2005 1139 2237 1197 oportet.

139 1225 327 1269 σοντας
358 1209 591 1273 ἑαυτοὺς
616 1212 1135 1281 κατασφαλίζεσθαι.

137 1338 234 1394 109
273 1340 581 1408 ιςρεῖσο-ον
612 1343 809 1410 καλῶς
834 1345 1112 1412 βιοῦντα,
1146 1364 1199 1404 κ.
1232 1364 1281 1402 τ.
1317 1351 1368 1404 λ.

199 1452 455 1506 Ἤκουσα
481 1454 662 1518 καλῶς
692 1454 950 1526 βιούντων
974 1459 1068 1532 καὶ
1091 1459 1256 1524 ἀξίως
1285 1461 1711 1534 πολιτευομένων

129 1540 263 1596 θεοῦ
297 1546 602 1616 προφητῶν
639 1549 734 1602 καὶ
760 1548 970 1603 πολλῶν
994 1551 1163 1619 ἁγίων
1199 1553 1340 1625 ὑπὲρ
1367 1569 1426 1607 τε
1453 1554 1554 1623 τῆς
1593 1555 1712 1608 ἑαυ-

132 1631 237 1686 τῶν
287 1637 570 1706 πτωχείας
610 1639 704 1692 καὶ
747 1639 1147 1713 ταλαιπωρίας,
1171 1644 1311 1715 ὑπέρ
1353 1661 1416 1698 τε
1462 1648 1562 1716 τῆς
1603 1646 1711 1700 τῶν

132 1723 376 1792 πενήτων
411 1723 868 1792 καταδυναστείῗη
917 1731 1010 1784 καὶ
1050 1731 1300 1803 θλίψεως,
1351 1728 1419 1806 ἧς
1467 1735 1571 1788 ὑπὸ
1600 1734 1710 1789 τῶν

132 1811 463 1869 ἀδικούντων
491 1816 691 1882 αὐτοὺς
736 1820 1086 1890 ὒπομὲνουσι,
1131 1823 1582 1894 διαπονουμένους
1627 1826 1708 1879 ὅτι

128 1902 387 1970 μάλιστα,
416 1907 511 1960 καὶ
534 1909 1060 1980 ἀποδυσπετοῦντας,
1087 1915 1184 1968 καὶ
1203 1915 1300 1985 τῆς
1328 1915 1709 1988 μακροθυμίας

129 1988 258 2059 Θεοῦ
310 1995 860 2063 καταγογγύζονταςο
917 1999 1138 2071 ἑώρακα
1181 2001 1239 2055 δὲ
1295 2003 1487 2066 ἄλλους
1542 2005 1709 2059 πᾶσιν

130 2080 618 2152 ὲνευθηνουμένους
679 2086 774 2140 τοῦ
843 2089 959 2158 βίου
1013 2092 1109 2144 καὶ⁸
1169 2093 1708 2156 κατασπαταλῶντας

127 2170 366 2239 ἀγαθοῖς,
398 2175 552 2237 οὐδὲν
573 2176 628 2228 δὲ
649 2177 849 2250 ἀρετῆς
873 2181 906 2250 ἢ
936 2182 1097 2252 εὐαρε
1107 2183 1347 2254 στήσεως
1368 2183 1518 2248 ἄξιον
1546 2200 1706 2236 κατα-

129 2264 535 2334 πραττομὲνους
567 2266 660 2320 τοῦ
689 2268 846 2335 Θεοῦ,
884 2270 1025 2343 πλὴν
1051 2275 1108 2326 ὲν
1137 2274 1299 2330 παντὶ
1329 2275 1704 2346 εὐχαριστοῦν·

129 2368 222 2417 τας
265 2357 363 2408 καὶ
408 2355 932 2432 ὲξομολογουμένους
976 2363 1054 2433 τῷ
1095 2365 1310 2437 Κυρίῳ,
1332 2367 1461 2419 ὅταν
1508 2365 1709 2434 ἀγαθύο

128 2459 342 2500 νωνται.
391 2449 662 2519 Κρείσσον
709 2446 802 2506 οὖν
838 2453 886 2524 (ὁ
930 2453 1029 2524 τῆς
1062 2437 1387 2526 διακρίσεως
1437 2454 1709 2525 ἀπεφθέγ-

127 2531 251 2597 ξατο
269 2539 544 2610 φωδτὴρ).
565 2541 744 2606 καλῶς
771 2543 865 2598 καὶ
890 2547 1242 2617 ἀγιοπρεπῶς
1267 2547 1702 2618 πολιτευόμενον,

131 2623 221 2677 καὶ
258 2624 360 2696 βίῳ
397 2628 616 2700 ἀμώμῳ
660 2632 1048 2702 πορευόμενον,
1084 2636 1278 2706 μικρόν
1304 2653 1356 2689 τι
1399 2636 1708 2708 παρρησιά-

130 2712 313 2776 ζεσθαι
353 2717 445 2771 διὰ
477 2719 575 2790 τὴν
608 2720 853 2793 πύρωσιν
897 2723 1004 2777 τῶν
1038 2725 1292 2796 θλίψεων,
1317 2727 1423 2780 -καὶ
1464 2727 1699 2796 μετρίως

1817 1339 1919 1396 409
1957 1342 2192 1399 Praestat
2226 1346 2357 1403 bene
2394 1352 2662 1424 viventem,
2691 1370 2802 1419 etc.

1881 1452 2082 1509 Audivi
2125 1457 2262 1514 bene
2305 1461 2636 1543 viventesret
2668 1466 2832 1539 digne
2865 1480 3091 1540 agentes
3121 1473 3218 1529 Dei
3265 1493 3394 1546 pro-

1811 1543 2005 1613 phetas
2040 1555 2093 1601 et
2123 1537 2345 1607 sanctos
2376 1555 2577 1612 multos
2608 1559 2676 1613 de
2704 1537 3022 1631 paupertate
3066 1573 3119 1619 et
3165 1537 3392 1624 miseria

1813 1633 2070 1705 propria,
2115 1648 2171 1694 et
2215 1639 2282 1697 de
2331 1656 2634 1714 pauperum
2669 1652 3028 1719 oppressione
3062 1663 3119 1710 et
3157 1658 3389 1712 tribula-

1811 1728 1963 1782 tione
1987 1734 2114 1798 q‘ute
2140 1731 2209 1785 ab
2243 1733 2468 1802 injustis
2501 1739 2971 1812 sustinemquam
3008 1748 3243 1806 maxime
3277 1751 3388 1806 las-

1814 1825 1964 1874 satos
1993 1821 2193 1890 aegrius
2224 1821 2460 1882 ferentes
2493 1837 2548 1884 et
2580 1830 2648 1884 de
2672 1831 3082 1902 longanimitate
3119 1838 3212 1893 Dei
3242 1857 3389 1896 mur-

1814 1916 2118 1986 murantes.
2148 1910 2268 1967 Vidi
2294 1924 2351 1969 et
2380 1916 2519 1972 alios
2541 1920 2801 1975 omnibus
2829 1922 2884 1976 in
2908 1926 3018 1978 vita
3049 1926 3390 1986 abundantes

1810 2005 1866 2051 et
1893 1997 2051 2056 bonis
2083 2000 2378 2072 eﬂ‘ocatos,
2411 2007 2548 2061 nihil
2578 2025 2707 2065 vero
2735 2012 2937 2070 virtute
2962 2026 3017 2070 et
3045 2012 3389 2089 beneplacite

1813 2084 1906 2142 Dei
1937 2087 2163 2158 dignum
2197 2090 2487 2160 facientes,
2503 2097 2608 2152 nisi
2639 2100 2784 2168 quod
2817 2101 2872 2155 in
2905 2104 3055 2158 omni
3084 2121 3150 2160 re
3185 2084 3388 2178 gratias

1808 2189 1976 2247 agunt
2000 2189 2066 2247 et,
2089 2181 2278 2238 laudes
2313 2183 2573 2246 Domino.
2622 2203 2746 2243 cum
2796 2195 3156 2251 cumulantur
3202 2199 3384 2257 bonis.

1807 2263 2002 2358 Melius
2031 2262 2197 2339 ergo,
2231 2272 2364 2327 dicit
2386 2274 2580 2343 judicii
2602 2279 2727 2346 lux,
2753 2282 2958 2352 optime
2986 2293 3041 2340 et
3065 2287 3226 2358 digne
3254 2305 3387 2345 san-

1807 2355 1913 2413 ctis
1964 2359 2234 2416 viventem
2281 2373 2340 2419 et
2385 2365 2903 2436 irreprehensibiles
2944 2373 3062 2432 dies
3099 2355 3384 2450 degentem

1803 2452 2010 2502 temere
2054 2451 2342 2520 paululum
2386 2469 2685 2526 erumpere
2733 2470 2962 2531 propter
3007 2466 3384 2525 tribulationis

1802 2544 1998 2593 uastum
2028 2548 2082 2594 et
2108 2556 2233 2596 cum
2265 2543 2643 2605 moderatione
2683 2551 2921 2621 quadam
2948 2554 3014 2610 de
3043 2555 3136 2612 Dei
3161 2557 3384 2627 iudiciis

1805 2641 2155 2703 murmurare
2175 2671 2189 2698 ,
2226 2647 2390 2703 quam
2419 2636 2681 2706 operibus
2705 2639 3147 2712 intemperantia
3184 2653 3239 2700 et
3265 2661 3384 2717 auio

1806 2717 2032 2776 bitionis
2083 2730 2138 2778 et
2171 2722 2412 2782 lascivia:
2443 2730 2623 2786 omnis
2653 2730 3040 2791 incumbentes
3085 2745 3144 2792 et
3187 2753 3247 2794 se
3284 2738 3384 2793 de-

129 2817 241 2865 πως
268 2805 361 2894 ἐπὶ
393 2808 505 2870 τοῖς
540 2809 770 2887 κρίμασι
800 2811 893 2864 τοῦ
927 2812 1062 2867 Θεοῦ
1087 2813 1484 2883 διαγογγύζειν,
1515 2814 1550 2885 ἦ
1580 2816 1698 2873 τοῖς

1805 2809 2108 2874 lectantes,
2161 2829 2355 2885 pmnas
2398 2817 2455 2872 in
2503 2820 2591 2876 die
2632 2821 2826 2891 iudicii
2861 2824 3029 2897 dare,
3066 2827 3195 2884 licet
3246 2829 3384 2884 nihil

129 2887 307 2959 ἔργοις
321 2883 437 2966 ⁸τῆς
481 2883 753 2967 ἀκρασίας
787 2899 882 2953 καὶ
932 2900 1242 2966 πλεονεξίας
1283 2905 1376 2958 καὶ
1411 2883 1698 2971 ἀσελγείας

1806 2883 2182 2960 irrationabile
2211 2916 2470 2976 operatos
2503 2883 2676 2968 fuisse
2708 2883 3065 2970 arbitrentur.
3177 2935 3183 2940 ’

130 2985 303 3070 πάσής
343 2989 703 3059 σχολάζοντας
753 2993 849 3062 καὶ
890 2993 1179 3060 θάλλοντας
1201 3037 1216 3061 ,
1250 2997 1404 3062 δίκας
1438 2999 1495 3051 ὲν
1531 2995 1719 3068 ἡμέρᾳ
1763 2992 2000 3061 κρίσεως
2029 2996 2413 3065 ἀποτιννύναι,
2446 3001 2494 3054 εί
2535 3004 2625 3056 καὶ
2655 3005 2821 3074 μηδὲν
2866 3007 3072 3076 ἀλόγως
3115 3011 3382 3080 νομίζοιεν

130 3074 474 3144 ἐργάζεσθαι.

132 3187 228 3243 1ίὸ
263 3193 459 3260 Πρόου
489 3194 562 3248 τὰ
588 3197 804 3266 πάντα,
816 3199 913 3254 καί
951 3199 1098 3254 Θεὸν
1128 3199 1346 3268 κτῆσαι
1380 3203 1590 3270 μόνον.

1806 3199 1909 3254 H3
1941 3198 2153 3269 Profice
2185 3202 2444 3265 omnia,et
2481 3204 2650 3257 Deum
2677 3207 2892 3271 posside
2925 3210 3120 3263 solum.

1873 3308 2011 3375 Tres
2055 3326 2191 3367 usus
2238 3327 2420 3366 rerum
2466 3329 2588 3382 quae
2645 3315 2698 3371 in
2747 3317 2954 3375 divitiis
3006 3325 3382 3394 corporalibus

1792 3409 1850 3456 et
1894 3401 2170 3455 bonorum
2223 3401 2636 3472 dispensatione
2682 3409 3046 3475 testimantur,
3098 3416 3382 3485 mirandus

1791 3491 2040 3546 ostendit
2083 3491 2412 3563 Gregorius.
2467 3493 2687 3551 Primus
2734 3508 2787 3552 et
2833 3501 3108 3568 perfectus
3152 3518 3207 3559 et
3252 3523 3380 3576 per-

1793 3579 1951 3636 fectis
1983 3590 2278 3649 assuetus,
2315 3583 2500 3637 omnia
2534 3585 2803 3655 projicere
2837 3598 2893 3644 et
2929 3591 3242 3662 relinquere
3287 3613 3379 3653 su-

1793 3671 2003 3741 perﬂua
2053 3679 2277 3742 prepter
2322 3672 2602 3728 Christum
2637 3684 2690 3732 et
2727 3678 3044 3737 mandatum
3097 3684 3253 3754 ejus,
3300 3687 3376 3742 ita

1796 3773 1856 3816 ut
1884 3778 2010 3817 cum
2055 3762 2439 3832 possidemus
2494 3775 2543 3821 et
2596 3768 2699 3838 ipsi
2746 3771 2854 3825 soli
2902 3788 3038 3841 pure
3085 3776 3374 3843 vivamus;

1797 3853 1972 3906 aliena
1998 3853 2144 3907 enim
2174 3865 2227 3908 et
2253 3853 2396 3908 bona
2420 3863 2474 3909 et
2496 3869 2758 3926 possessa
2780 3862 2938 3927 quasi
2963 3861 3124 3920 nobis
3150 3871 3376 3919 externa

1795 3949 1852 3996 et
1880 3958 1990 3998 non
2025 3952 2213 3998 nostra
2248 3945 2391 4000 sicut
2421 3959 2650 4016 corpus,
2681 3948 2777 4003 sed
2812 3950 2958 4005 circa
2994 3968 3096 4010 nos
3130 3964 3341 4010 versata
3362 3999 3380 4036 ε

1797 4048 2032 4102 quorum
2059 4034 2542 4092 administratores
2569 4046 2625 4093 et
2656 4039 3062 4109 dispensatores
3092 4034 3376 4102 constituti

1785 4138 2008 4179 sumus.
2041 4122 2320 4194 Optimum
2351 4136 2434 4181 est
2464 4141 2597 4197 ergo
2627 4136 2682 4183 et
2717 4128 2827 4185 Deo
2856 4133 3115 4202 placitum
3149 4145 3204 4190 et
3249 4147 3376 4206 per-

1790 4215 2044 4278 fectum,
2078 4217 2338 4272 omnibus
2379 4217 2500 4274 istis
2546 4218 2813 4290 abiectis.
2857 4206 2960 4278 soli
2997 4222 3108 4281 Deo
3153 4227 3375 4282 divitem

1796 4323 1923 4364 esse
1961 4318 2015 4362 et
2055 4308 2283 4364 lirmiter
2317 4311 2517 4366 vivere.
2563 4312 2854 4370 Secundus
2886 4331 3021 4372 usus
3056 4317 3213 4388 plura
3241 4302 3376 4375 dare

1788 4406 1847 4452 et
1877 4399 2227 4468 pulchriora,
2260 4409 2314 4455 et
2345 4401 2560 4457 minora
2607 4392 2907 4474 peioraque
2948 4409 3375 4466 necessitatibus

1795 4484 1913 4541 suis
1937 4485 2046 4542 sibi
2075 4487 2312 4543 retinere
2333 4529 2346 4552 ,
2373 4490 2484 4546 hoc
2511 4499 2566 4546 et
2596 4492 2887 4549 laudabile.
2920 4493 3076 4549 Pium
3112 4484 3292 4552 autem
3320 4509 3378 4554 et

1785 4577 1984 4633 minus
2013 4593 2142 4648 erga
2187 4578 2445 4637 homines
2489 4581 2797 4638 beneﬁcum
2839 4585 2906 4641 de
2945 4587 3242 4657 superﬂuis
3286 4593 3376 4661 pie

1788 4680 1954 4734 agere
1995 4676 2054 4720 et
2095 4667 2534 4723 misericordiam
2584 4672 2805 4740 operari
2856 4669 2909 4728 et
2964 4678 3371 4745 magnanimum

1791 4770 1850 4811 se
1876 4756 2186 4815 ostendere.
2214 4756 2322 4815 Sed
2351 4761 2420 4815 de
2443 4761 2738 4830 superﬂuis
2766 4778 2997 4833 parcum
3023 4781 3146 4822 esse
3167 4780 3220 4822 et
3244 4784 3374 4824 ava-

1787 4863 1912 4903 rum
1944 4857 2001 4903 et
2042 4849 2227 4905 tenuis
2273 4851 2474 4916 animi,
2506 4852 2579 4908 ita
2613 4863 2672 4907 ut
2697 4853 2791 4908 illa
2821 4853 2875 4909 in
2907 4866 3102 4911 aurum
3153 4867 3372 4914 muten-

1791 4945 1882 4991 tur
1903 4945 1963 4991 et
1996 4938 2412 5006 abstrudantur.
2427 4951 2690 5012 tanquam
2726 4945 2892 5000 nimis
2932 4946 3159 5016 impium
3182 4957 3236 5003 et
3272 4952 3364 5004 liu-

1788 5027 2040 5081 manitati
2065 5031 2379 5100 oppositum
2410 5041 2465 5087 et
2495 5032 2823 5090 idololatriae
2847 5051 3007 5106 opus,
3028 5037 3186 5107 juxta
3220 5042 3358 5111 Apo-

1788 5121 1994 5177 stolum
2023 5133 2081 5179 et
2107 5123 2264 5179 valde
2292 5135 2481 5196 aptum
2510 5127 2582 5181 ad
2612 5127 2961 5184 alienandum
2988 5145 3019 5184 a
3045 5130 3138 5188 Dei
3171 5148 3366 5205 regno,

1789 5213 1894 5267 sub
1922 5213 2147 5270 silentio
2178 5216 2549 5284 praetermisit.

193 3301 352 3371 Τρεῖς
380 3304 560 3369 τάξεις
587 3307 695 3361 τῶν
721 3309 814 3362 ἐπὶ
843 3309 918 3380 τῷ
945 3310 1242 3381 σωματικῷ
1265 3311 1478 3382 πλούτῳ
1506 3314 1598 3366 καὶ
1624 3316 1689 3384 τῇ

125 3388 232 3442 τῶν
263 3394 560 3464 χρημάτων
592 3397 873 3469 οἰκονομίᾳ
923 3398 1364 3471 δοκιμαζομένων
1408 3403 1436 3456 ὁ
1482 3402 1695 3473 θαυμά-

133 3493 239 3544 σιος
284 3484 614 3540 ἐπιδείκνυσι
651 3489 984 3562 Γρηγόριος·
1038 3490 1260 3562 πρώτην
1309 3493 1430 3562 μὲν,
1473 3494 1570 3547 καὶ
1606 3510 1694 3546 τε·

130 3567 292 3636 λείαν,
323 3573 418 3627 καὶ
451 3577 676 3642 τελείοις
714 3569 1115 3651 προσήκουσαν,
1141 3581 1200 3635 τὸ
1227 3583 1405 3637 πάντα
1432 3583 1694 3654 προέσθαι

131 3663 219 3717 καὶ
266 3667 589 3738 προπέμψαι
639 3667 709 3723 τά
748 3671 1020 3742 προσόντα
1062 3671 1180 3743 Οεῷ
1213 3673 1302 3727 διά
1335 3676 1569 3746 Χριστὸν
1602 3677 1696 3730 καὶ

128 3756 221 3829 τὴν
252 3759 488 3830 ἐντολὴν,
520 3757 661 3813 ὥστε
707 3759 895 3815 τοῦτον
938 3763 1385 3833 κατακτήσασθαι
1426 3766 1522 3819 καὶ
1546 3757 1696 3836 αὐτῷ

131 3850 273 3920 μόνῳ
321 3849 576 3922 καθαρῶς
624 3848 755 3924 ζῇν·
798 3851 1051 3924 ἀλλότρια
1081 3853 1190 3924 γάρ
1217 3853 1282 3907 τά
1329 3871 1389 3907 τε
1430 3857 1694 3926 χρήματα

133 3941 217 4006 καὶ
261 3945 537 4013 κτήματα,
585 3941 662 4007 ὼς
707 3941 906 4007 ἔξωθεν
957 3943 1113 4014 ἡμῶν
1155 3946 1248 3999 καὶ
1290 3946 1396 4016 οὐχ
1452 3947 1694 4018 ἡμέτερα

129 4025 309 4102 ῶσπερ
342 4030 400 4082 τὸ
427 4029 610 4100 σῶμα.
644 4029 780 4084 ἀλλά
809 4031 938 4102 περὶ
966 4033 1117 4103 ἡμᾶς
1135 4033 1290 4098 ὅντα,
1322 4028 1396 4088 ὧν
1422 4037 1696 4106 οἰκονόμοι

129 4116 218 4169 καὶ
263 4117 517 4188 μερισταὶ
562 4116 981 4190 καθεστήκαμεν
1026 4123 1217 4191 ἡμεῖς·
1269 4123 1552 4178 κάλλιστον
1597 4126 1695 4196 μὲν

131 4201 236 4270 οὖν,
289 4208 382 4280 καὶ
436 4208 863 4278 θεοφιλέστατονε
900 4210 994 4262 καὶ
1035 4210 1257 4278 τέλειον,
1295 4212 1526 4268 -ἄπαντα
1571 4232 1696 4286 προ-

127 4293 307 4360 δόντας
340 4278 535 4361 ταῦτα,
575 4296 721 4367 μόνῳ
746 4297 993 4350 πλουτεῖν
1020 4299 1113 4354 καὶ⁸
1133 4300 1562 4373 ἀπερισπάστως
1592 4278 1694 4374 ζῇν

131 4383 201 4454 τῷ
239 4385 376 4457 Θεῷ.
408 4375 650 4459 Δευτέρα
670 4383 728 4440 δὲ
749 4386 923 4452 τάξις,
945 4387 1020 4444 τὰ.
1040 4388 1210 4442 πλείω
1235 4389 1418 4445 δοῦναι
1451 4393 1546 4448 καὶ
1569 4393 1694 4446 καλ-

121 4470 240 4540 .)λω,
288 4477 358 4528 τὰ
405 4463 614 4530 tiaris)
659 4476 717 4531 δὲ
765 4477 861 4531 καὶ
894 4477 1065 4550 χείρω
1095 4482 1216 4544 ταῖς
1253 4481 1449 4534 ἑαυτοῦ
1482 4481 1693 4553 χρείαις

132 4564 582 4638 προσπορίζεσθαι
625 4566 724 4621 καὶ
757 4567 918 4624 τοῦτο
980 4570 1301 4624 ἐπαινετόν·
1360 4571 1584 4637 εὐσεϐὲς
1630 4573 1688 4627 δὲ

131 4656 216 4707 καὶ
268 4652 430 4730 ἦττον
455 4659 458 4662 ’
479 4656 913 4728 φιλανθρώπινον
963 4661 1068 4713 κάν
1116 4648 1231 4724 τοῖς
1284 4661 1692 4732 περιττεύουσιν

130 4741 378 4807 εὐσεϐεῖν,
413 4744 507 4798 καὶ
543 4743 640 4816 τὴν
673 4747 1018 4817 χρηστότητα
1053 4747 1207 4818 δρᾷν,
1242 4750 1336 4802 καὶ
1369 4749 1429 4802 τὸ
1468 4751 1694 4820 μεγαλό-

129 4829 286 4903 ψυχον
322 4833 533 4903 τούτοις
565 4836 975 4892 ἐπιδείκνυσθαι
998 4854 1013 4870 ο
1047 4836 1108 4890 τὸ
1131 4837 1188 4891 δὲ
1226 4840 1327 4892 κάν
1364 4842 1478 4903 τοῖς
1515 4857 1694 4919 περιτέ

123 4925 233 4986 τοίς
263 4923 521 4995 φειδωλὸν
553 4920 694 5002 εἶναι
725 4926 819 4978 καὶ
838 4926 1082 4995 γνίφωνα
1111 4927 1206 4980 καὶ
1242 4927 1596 4999 μικρόψυχον,
1617 4929 1692 4993 ὼς

132 5010 204 5074 είς
244 5012 620 5083 χρυσδνάύτά
649 5013 972 5085 διαμείϐειν,
1008 5017 1106 5070 καὶ
1152 5019 1576 5087 καταχωννύειν,
1615 5018 1693 5082 ὡς

133 5095 239 5154 λίαν
277 5099 497 5169 ἀσισὲς,
547 5102 642 5157 καὶ⁵
687 5105 865 5158 ἀπανθ
874 5105 1128 5176 ρὼπινον,
1169 5108 1263 5161 καὶ
1297 5107 1457 5179 ἔργον
1485 5109 1695 5166 εἰδωλο-

133 5179 411 5261 λατριίαςν
437 5192 580 5247 κατά
623 5194 715 5248 τδν
753 5194 1105 5262 ’Δπόστολον,
1147 5197 1239 5250 καὶ
1273 5198 1374 5268 τῆς
1421 5199 1515 5253 τοῦ
1554 5200 1690 5253 Θεοῦ

135 5277 394 5347 βασιλείας
423 5283 735 5355 ἀλλοτριοῦν
766 5271 1098 5363 ἱκανώτατον
1129 5286 1211 5352 ὃν,
1245 5288 1688 5361 παρεσιὼπησεν.

1741 5462 1753 5482 ,_
1799 5409 1898 5463 117
1943 5408 2275 5466 Ρι-ωείοναηι
2307 5422 2386 5466 est
2419 5413 2625 5488 aliquid
2657 5418 2913 5471 vermibus
2945 5428 2994 5478 et
3027 5421 3238 5476 ίιιυὶιίίω
3265 5426 3375 5477 ετξ.

137 5388 225 5444 ll'l
249 5396 453 5448 Καλόν
477 5411 534 5448 τι
565 5395 769 5463 σητῶν
796 5391 1064 5464 ἁρπιῐσαι
1095 5397 1192 5451 καὶ
1227 5399 1333 5453 τοῦ
1363 5402 1613 5467 φθόνου.

194 5567 359 5621 Ἰοίτο
384 5568 550 5622 καλὸν
577 5569 670 5622 καὶ
691 5569 796 5623 τῶν
827 5558 1006 5624 καλῶν
1033 5569 1336 5636 κάλλιστον,
1368 5574 1474 5627 τῶν
1500 5593 1557 5628 τε
1589 5593 1684 5646 σή-

133 5655 224 5710 τῶν
245 5659 586 5730 ὑφαρπάζειν
602 5658 692 5712 τὸν
724 5659 951 5714 πλοῦτον
980 5662 1073 5716 καὶ
1109 5662 1200 5715 τοῦ
1239 5664 1432 5732 φθόνου
1450 5705 1464 5728 ,
1491 5667 1579 5735 ὑφ’
1607 5661 1682 5721 ὦν

138 5746 321 5816 ἐκεῖνος
333 5753 542 5831 πέφυκε
558 5753 961 5826 διαφθείρεσθαι
989 5758 1080 5815 καὶ
1099 5757 1222 5812 δλλυ
1231 5757 1374 5815 σθαι·
1399 5760 1678 5830 φθείρεται

3132 5491 3293 5561 [μέγα.
3363 5517 3365 5520 ⁴

1864 5586 2153 5642 Pulchrum
2209 5591 2339 5646 illud
2399 5601 2454 5647 et
2520 5595 2872 5662 pulchrorum
2932 5600 3364 5667 pulcherrimum

1789 5676 2059 5729 vermium
2094 5679 2379 5748 subripere
2429 5683 2650 5740 divitias
2700 5696 2753 5740 et
2803 5688 3055 5752 invidia),
3103 5707 3199 5760 per
3242 5707 3364 5763 qua

1790 5769 2113 5824 naturaliter
2143 5771 2343 5828 divitire
2377 5785 2803 5847 corrumpuntur
2841 5789 2897 5848 et
2925 5792 3173 5850 pereunt.
3221 5783 3363 5838 Cor-
