4020 6302
135 478 232 543 817

133 597 288 650 αύτδν
320 599 551 671 προορᾷ,
589 600 717 672 παρ’
737 591 799 656 ού
820 599 916 672 τὴν
939 600 1127 673 ὀλίγην
1148 605 1214 663 ,ὲν
1240 604 1448 677 σώματι
1479 607 1705 678 ἤλπισεν

133 691 524 760 οἰκονομεῖσθαι
563 693 731 764 ζωὴν,
778 694 872 746 καὶ
913 696 1044 765 παρ’
1082 688 1142 749 οὗ
1181 696 1279 768 τὴν
1321 697 1380 750 ὲν
1429 698 1706 770 Πνεύματι

132 779 357 844 αἱωνίως
388 781 572 853 ζήσειν
605 784 900 856 προσδοκᾷ.
937 786 1008 839 Σὺ
1041 785 1098 838 δὲ
1126 786 1156 848 δ
1204 787 1418 859 πλούτῳ
1443 791 1650 860 κομῶν,
1678 793 1707 842 ὸ

133 871 261 922 πᾶσι
288 869 382 924 τοῦ
415 872 618 942 κόσμου
647 876 762 934 τοῖς
788 873 1016 941 ἀγαθοῖς
1044 876 1519 947 ὲνευθηνούμενος,
1549 881 1578 932 δ
1610 878 1707 950 μὲ-

131 973 230 1028 ra;
257 960 351 1014 καὶ
378 961 541 1025 πολὺς
568 963 626 1016 ὲν
653 961 731 1033 τῷ
766 962 866 1035 βίῳ
897 967 1012 1029 τοῖς
1040 965 1253 1030 πολλοῖς
1275 965 1383 1020 τῶν
1404 967 1708 1038 ἀνθρώπων

132 1051 502 1123 νομιζόμενος,
532 1053 830 1121 ἀγκαλίζου
850 1055 942 1108 τὸν
964 1057 1162 1128 μικρὸν
1181 1059 1369 1112 τοῦτον
1388 1060 1481 1112 καὶ
1501 1060 1709 1130 πένητα

133 1142 224 1194 καὶ
266 1144 501 1212 πτωχὸν,
529 1147 745 1217 τρέφων
784 1147 881 1200 καὶ
910 1148 1144 1214 σκέπων
1169 1151 1263 1204 καὶ
1296 1153 1474 1222 πάσης
1529 1151 1710 1219 ξενίας

138 1237 449 1306 μεταδιδοὺς
484 1239 579 1292 καὶ
613 1231 913 1310 θεραπείας
936 1279 952 1306 ,
988 1241 1070 1305 ὡς
1109 1242 1271 1297 αὐτὸν
1319 1244 1709 1315 ὑποδεχόμενος

131 1328 222 1381 τὸν
262 1329 518 1400 Χριστὸν,
563 1330 658 1384 καὶ
679 1330 772 1384 διὰ
808 1330 906 1384 τοῦ
941 1315 1221 1402 ὁρωμένου
1258 1334 1487 1406 πένητος
1513 1335 1604 1389 τὸν
1651 1336 1710 1390 ὲν

128 1417 279 1489 αύτῷ
303 1420 684 1492 κεκρυμμένον
709 1421 917 1492 Ἰησοῦν
931 1425 1043 1487 τοῖς
1062 1425 1352 1496 κρυφαίοις
1376 1427 1471 1479 τοῦ
1498 1427 1591 1480 σοῦ
1614 1427 1707 1482 νοῦ

74 1503 78 1506 ’
129 1508 388 1580 θαλάμοις
416 1510 502 1564 διὰ
541 1511 776 1575 πίστεως
802 1514 1226 1585 είσοικιξόμενος
1267 1516 1363 1570 καὶ
1390 1517 1706 1589 ἐνιδρυόμε-

128 1613 239 1661 νος·
278 1599 372 1651 καὶ
399 1599 588 1673 ὥσπερ
620 1601 649 1653 ὁ
677 1603 833 1668 ἀετὸς
857 1644 873 1670 ,
909 1603 1054 1658 κατὰ
1089 1605 1180 1660 τὸν
1216 1607 1366 1678 ἱερὸν
1394 1607 1574 1676 λόγον,
1610 1606 1710 1680 τὴν

129 1689 296 1743 αὐτοῦ
343 1691 622 1756 σκευάζων
670 1693 891 1748 νοσσιὰν
912 1737 927 1761 ,
957 1696 1054 1750 καὶ
1091 1698 1203 1760 τοῖς
1240 1700 1482 1762 νεοσσοῖς
1512 1699 1710 1751 ἐπιπο-

128 1769 270 1830 θῶν·
314 1778 457 1833 οὓτω
486 1781 580 1834 καὶ
611 1781 678 1835 σὺ
708 1783 877 1846 πολὺς
904 1783 1166 1855 ὑπάρχων
1198 1788 1265 1856 τῇ
1299 1786 1588 1860 περιουσίᾳ
1623 1781 1711 1840 οἷα

128 1866 324 1922 λεπτδν
357 1868 508 1940 δρνιν
547 1871 819 1942 ἀμφέπων
853 1874 945 1928 τὸν
974 1875 1182 1946 πένητα
1211 1876 1306 1930 καὶ
1335 1876 1708 1949 περισκέπων,

124 1959 188 2013 ἑν
219 1959 368 2032 αὐτῷ
393 1961 646 2034 εὑρήσεις
675 1962 932 2035 Χριστόν.

131 2093 233 2149 lit!
261 2093 569 2162 Κρεῖσσον
594 2099 774 2153 πενία
807 2098 897 2170 μὴ
931 2099 1168 2169 δικαίας
1198 2102 1488 2173 κτήσεως.

198 2231 368 2286 Πάλιν
406 2226 501 2287 καὶ
537 2233 626 2288 διὰ
663 2235 774 2289 τῶν
817 2238 1199 2310 προκειμένοιν
1232 2239 1324 2293 τὸν
1371 2240 1578 2312 πένητα
1613 2239 1712 2311 μὲν

125 2325 462 2394 παρακαλεῖ,
495 2327 592 2382 τοῦ
633 2328 889 2383 πλουσίου
921 2329 978 2384 δὲ
1009 2330 1364 2393 καταστέλλει
1392 2331 1491 2402 τὴν
1518 2331 1712 2403 ὀφρὺν,

124 2419 384 2485 κρεῖσσον
409 2415 548 2474 εἶναί
574 2435 628 2473 τι
655 2421 829 2490 λέγων
850 2422 1043 2493 χρῆμα
1058 2422 1161 2493 τὴν
1187 2422 1378 2477 πενίαν
1400 2421 1496 2477 τοῦ
1522 2421 1584 2488 ἑξ
1601 2423 1717 2476 ἁδι-

124 2509 254 2573 κίας
280 2512 670 2581 συνεστηκότος
701 2511 953 2578 πλούτου,
983 2511 1175 2586 ὥσπερ
1201 2530 1265 2583 γε
1298 2513 1393 2567 καὶ
1430 2513 1584 2568 νόσον
1613 2513 1717 2567 σώ-

128 2619 300 2671 ματος
326 2601 522 2674 βελτίω
544 2622 606 2658 τε
635 2600 774 2660 εἶναι
802 2605 881 2676 τῷ
906 2607 1148 2661 νοσοῦντι
1181 2609 1277 2662 καὶ
1317 2607 1453 2662 Θεοῦ
1485 2609 1716 2681 κρίμασι

127 2693 507 2766 πιιδευομένῳ
551 2695 1000 2769 λυσιτελεστέραν
1041 2699 1221 2769 κακῆς
1263 2700 1478 2767 εὐεξίας
1514 2717 1576 2754 τε
1621 2701 1717 2755 καὶ

126 2785 362 2854 ὑγιείας
397 2787 496 2851 Τίς
528 2787 579 2840 δ’
617 2774 686 2843 ἂν
731 2791 765 2859 ἡ
810 2788 956 2862 κακὴ
989 2791 1158 2843 νοοῖτο
1201 2790 1414 2858 εὐεξία,
1453 2791 1487 2864 ἢ
1523 2793 1556 2863 ἡ
1601 2778 1713 2856 τοῖς

123 2877 442 2947 ἀσελγείαις
472 2881 574 2935 καὶ
606 2880 945 2954 μιαιφονίαις
963 2882 997 2951 ἢ
1021 2881 1258 2945 ἀδικίαις
1279 2883 1530 2953 χαίρουσι
1561 2899 1706 2955 παρτ

123 2971 372 3042 επομὲνη
425 2973 538 3026 Καὶ
562 2972 671 3044 γὰρ
694 2972 772 3042 τῷ
802 2973 866 3026 ὲκ
892 2972 1156 3036 σιτοδείας
1187 2974 1285 3043 μὲν
1312 2973 1552 3044 ῆπενίας
1573 2974 1718 3046 λιμῷ

121 3060 302 3125 οὐδεὶς
333 3061 413 3132 τῷ
449 3062 668 3134 θανάτῳ
705 3063 1025 3134 περιπίπτει
1054 3065 1154 3135 τῆς
1192 3064 1405 3134 ψυχῆς,
1440 3064 1555 3118 ἀλλ’
1596 3066 1717 3119 οὐδὲ

123 3145 215 3217 τῷ
234 3146 334 3201 τοῦ
366 3148 620 3220 σώματος
648 3151 872 3222 ῥᾳδίως,
912 3153 1028 3215 τοῖς
1053 3151 1400 3222 ἁμαρτωλοῖς
1435 3152 1493 3206 δὲ
1521 3153 1616 3207 καὶ
1640 3153 1719 3225 τῷ

121 3240 246 3294 ὅντι
271 3243 464 3306 κακοῖς
491 3242 723 3306 θάνατος
743 3234 1083 3314 καθέστηκεν
1110 3244 1143 3314 ἡ
1173 3242 1436 3315 ἁμαρτία.

126 3376 236 3433 I33
269 3377 367 3443 nc
395 3377 473 3449 (τ)
503 3376 806 3464 δεσπότης
843 3380 882 3448 ἢ
925 3379 1167 3447 δοῦλος,
1202 3380 1241 3449 ὴ
1287 3380 1492 3449 φαύλη
1522 3379 1720 3451 rami;

202 3532 629 3603 Ρνωμοδοτήσας
677 3541 705 3586 ο
753 3532 1194 3602 φιλοσοφώτατος
1239 3535 1308 3588 τὰ
1355 3533 1484 3604 περὶ
1531 3535 1736 3601 πενίας-

122 3623 227 3678 καὶ
255 3622 492 3678 πλούτου
526 3623 920 3693 εύαγγελικῶς,
957 3623 1035 3687 ὡς
1074 3622 1263 3694 ἐχρῆν,
1303 3623 1397 3676 καὶ
1426 3623 1720 3693 θεοσόφως,

123 3715 263 3787 περὶ
293 3716 613 3779 δεσποτείας
645 3715 830 3769 λοιπὸν
861 3717 956 3770 καὶ
983 3714 1228 3778 δουλείας
1256 3713 1334 3786 τῷ
1369 3715 1722 3786 πνευματικῷ

121 3808 285 3878 νόμῳ
307 3807 403 3860 καὶ
424 3806 595 3860 ταῦτα
618 3807 908 3879 διακρίνει,
945 3808 1044 3872 Τίς
1072 3809 1188 3861 ἐστι
1213 3808 1502 3878 δεσπότης,
1526 3806 1720 3875 λέγων,

120 3899 215 3963 τίς
243 3898 303 3952 δὶ
331 3897 473 3952 κατὰ
498 3898 659 3967 φύσιν
684 3899 902 3966 δοῦλος;
928 3901 1042 3953 Οὐκ
1065 3898 1289 3970 ἐκτίσθη
1311 3899 1596 3970 δεσπότης,
1623 3898 1722 3952 οὐκ

122 3989 361 4061 ἐκτίσθη
397 3988 583 4054 δοῦλος
611 3991 706 4044 ἀπ’
735 3991 909 4062 ἀρχῆς
929 4006 945 4020 ·
979 3989 1119 4061 αὕτη
1157 3989 1333 4062 φαύλη
1364 3990 1536 4061 τομὴ,
1580 3990 1722 4059 αὕτη

122 4082 401 4153 διαίρεσις
432 4083 752 4152 τυραννική.
782 4083 893 4138 Καὶ
925 4083 1034 4154 γὰρ
1073 4084 1149 4146 ὡς
1178 4078 1258 4145 εἷς
1289 4082 1425 4136 πᾶσι
1466 4082 1716 4154 πλάστης

123 4173 362 4244 ὁμοίως,
407 4166 488 4236 εἷς
527 4175 663 4227 πᾶσι
704 4173 890 4244 νόμος,
939 4174 1122 4245 κρίσις
1163 4175 1263 4244 μία
1299 4175 1392 4227 καὶ
1420 4176 1519 4246 μία
1562 4175 1724 4244 φύσις

124 4265 344 4319 ἅπασιν
381 4263 690 4336 ἀνθρώποις
735 4267 768 4336 ἡ
808 4266 979 4337 αὑτή-
1016 4265 1160 4318 οὓτω
1192 4265 1286 4320 καὶ
1312 4265 1488 4321 δοῦλοι
1522 4267 1723 4332 πάντες

122 4357 340 4428 ὁμοίως
364 4355 645 4434 ἄνθρωποι
681 4357 773 4426 ὑφ’
799 4357 881 4411 ἑνὶ
911 4359 1114 4427 Ποιητῇ
1144 4357 1239 4410 καὶ⁸
1270 4359 1531 4432 Δεσπότῃ
1573 4375 1723 4412 τετα-

123 4447 339 4518 γμένοι
361 4446 441 4516 τῷ
468 4446 608 4519 Θεῷ.
645 4447 717 4501 Σὺ
745 4443 840 4500 οὖν
859 4488 874 4512 ,
903 4448 1110 4516 φησὶνὸ
1137 4447 1452 4516 φιλοσοφίας
1482 4448 1715 4519 ἀρίστης

121 4539 227 4593 καὶ
267 4537 534 4608 ἀληθείας
561 4529 736 4607 λόγων
772 4538 1027 4609 ἐραστὴς,
1064 4538 1169 4591 ὑπὸ
1201 4537 1310 4591 τῶν
1339 4537 1722 4609 περιεστώτων

120 4629 369 4686 οἰκετῶν
401 4628 863 4700 ὑπηρετούμενος,
909 4629 984 4700 μὴ
1023 4629 1236 4699 σεαυτῷ
1265 4629 1363 4699 μὲν
1391 4628 1490 4699 τὴν
1528 4628 1722 4683 δεσπο-

120 4721 311 4787 τείαν,
350 4723 464 4784 τοῖς
499 4721 557 4774 δὲ
593 4720 693 4792 τὴν
737 4721 979 4774 δουλείαν
1020 4720 1318 4792 ἀφορίζων,
1362 4721 1724 4790 ὑπερφρονεῖν

123 4816 267 4886 παρ’
315 4812 348 4866 δ
381 4813 464 4866 δεῖ
505 4814 723 4882 φρονεῖν
770 4811 1172 4883 ἐπιτολμήσας,
1223 4811 1366 4865 κατὰ
1406 4809 1498 4863 τοῦ
1541 4810 1722 4863 κοινοῦ

124 4905 416 4962 Δεσπότου
444 4903 553 4957 τῶν
585 4905 721 4958 ὅλων
756 4904 1083 4976 άπονοηθῇςτ
1122 4903 1257 4958 ἀλλὰ
1296 4902 1511 4974 φρονῶν
1545 4904 1626 4966 εἰς
1665 4901 1725 4955 τὺ

126 4999 449 5071 σωφρονεῖν
497 4996 590 5051 καὶ
637 4995 926 5064 γινώσκειν
975 4995 1200 5061 ἑαυτὸν,
1241 4994 1450 5058 πάντας
1496 4994 1553 5046 δὲ
1603 4993 1730 5056 τοὺς

124 5089 622 5166 ὑπηρετουμένους
652 5107 733 5141 σοι
770 5089 1088 5153 συνδούλους
1124 5089 1218 5142 καὶ
1243 5086 1385 5142 κατὰ
1412 5087 1575 5157 φύσιν
1600 5089 1732 5158 ὁμο-

125 5184 338 5256 τίμους
369 5181 531 5257 ὁρῶν,
567 5182 850 5250 συνεργοῖς
889 5180 1128 5252 κέχρησο
1152 5179 1363 5242 τούτοις
1386 5179 1478 5233 καὶ
1514 5178 1730 5233 συνδια-

125 5277 326 5338 κόνοις
370 5274 507 5343 πρὸς
538 5276 639 5346 τὴν
669 5273 762 5327 τοῦ
805 5272 1138 5326 Δεσποτικοῦ
1184 5271 1488 5342 θελήματος
1526 5270 1723 5341 ὲκπλή·

130 5383 338 5439 ρωσιν.
388 5364 481 5436 Μὴ
523 5359 616 5418 οὖν
664 5365 727 5417 τὸ
770 5364 988 5432 εὐγενὲς
1036 5362 1132 5416 τοῦ
1177 5363 1406 5434 τρόπου,
1454 5361 1546 5414 καὶ
1588 5361 1728 5416 κατὰ

129 5456 350 5527 πρᾶξιν
384 5455 425 5525 ἢ
462 5455 696 5526 θεωρίαν
737 5455 1073 5525 μεγαλοφυὲς
1109 5454 1203 5506 καὶ
1239 5453 1440 5524 τίμιον,
1481 5452 1587 5523 πρὸ
1629 5452 1729 5521 τῆς

127 5545 249 5599 ἀπὸ
273 5541 373 5597 τοῦ
395 5540 648 5614 σώματος
669 5543 874 5605 λύσεως
901 5543 995 5596 καὶ
1019 5541 1126 5613 πρὸ
1144 5541 1236 5594 τοῦ
1259 5539 1614 5609 κατανικῆσαι
1635 5538 1726 5591 τὸν

132 5640 356 5705 κόσμον
386 5633 831 5704 ἐνδεικνύμενος,
866 5634 958 5687 καὶ
997 5632 1242 5703 ἀκαίρως
1282 5630 1606 5700 ὑψούμενος,
1649 5630 1729 5692 είς

131 5727 482 5783 ταπείνωσιν
521 5726 908 5798 ἀποστραφῇςο
940 5723 1055 5778 ἀλλ’
1089 5725 1218 5778 ὅταν
1248 5723 1354 5778 τῶν
1391 5740 1448 5776 τε
1487 5738 1731 5793 σωματι-

1116 486 1185 543 IN
1221 487 1532 547 CARMINA
1570 490 1846 549 ARCANA
1891 493 1947 548 S.
1984 491 2330 549 GREGORIL

3288 476 3392 548 818

1813 609 1903 664 det
1932 624 1962 662 a
1986 625 2096 680 quo
2120 623 2290 678 pauca
2323 610 2564 678 speravit
2599 619 2697 675 pro
2741 615 2971 672 corpore
3009 599 3264 657 distribui
3299 617 3393 656 ne-

1809 704 2045 757 cessaria
2104 701 2251 765 vitae,
2287 705 2340 754 et
2396 699 2507 760 vita
2568 698 2622 752 in
2658 697 2866 768 Spiritu
2931 701 3136 750 aeterna
3205 692 3397 747 fruitu-

1813 808 1931 848 rum
1966 808 2026 848 se
2045 777 2348 861 exspectat.
2374 788 2456 843 Tu
2482 803 2614 843 vero
2642 787 2849 842 divitiis
2879 785 3089 850 fruens,
3137 782 3396 837 omnibus

1810 884 2000 940 mundi
2025 883 2187 939 bonis
2211 882 2520 946 abundans,
2555 893 2790 949 magnus
2811 883 2866 933 et
2898 876 3107 931 multus
3140 875 3197 929 in
3223 873 3331 928 vita
3363 888 3396 926 a

1814 973 2089 1044 plerisque
2134 971 2451 1026 hominibus
2519 968 2864 1032 aestimatus,
2917 966 2971 1021 in
3018 965 3176 1019 ulnas
3210 961 3398 1032 accipe

1815 1064 2100 1136 parvulum
2145 1064 2347 1129 istum,
2377 1075 2684 1132 pauperem
2731 1070 2785 1114 et
2825 1072 3053 1130 egenum
3105 1057 3394 1118 nutriens.

1816 1157 2070 1228 aperiens
2096 1164 2150 1211 et
2185 1156 2335 1211 omni
2361 1153 2740 1224 hospitalitate
2759 1153 3050 1207 cumulans
3088 1157 3252 1220 atque
3281 1164 3398 1204 ser-

1815 1248 1969 1314 vitio,
2001 1248 2158 1319 quasi
2190 1247 2367 1318 ipsum
2396 1246 2672 1316 recipiens
2695 1245 2994 1310 Christum,
3009 1241 3078 1298 'et
3123 1257 3218 1312 per
3249 1241 3397 1294 hunc

1814 1356 1979 1412 quem
2027 1339 2181 1395 vides
2231 1354 2528 1409 pauperem
2585 1339 2849 1392 latentem
2897 1335 2951 1389 in
2998 1348 3064 1389 eo
3105 1331 3292 1387 Jesuni
3341 1331 3396 1386 in

1817 1433 2002 1488 cordis
2046 1432 2123 1486 tui
2161 1430 2460 1501 penetralia
2501 1444 2598 1499 per
2643 1427 2803 1483 ﬁdem
2845 1425 3088 1496 hospitio
3124 1423 3306 1494 recipe
3344 1431 3402 1478 et

1815 1526 2077 1580 colloca:
2118 1531 2173 1580 et
2205 1525 2348 1579 sicut
2394 1522 2600 1593 aquila,
2645 1521 2802 1591 juxta
2845 1528 3096 1576 sanctum
3145 1517 3395 1579 verbum,

1817 1618 1998 1688 pullos
2048 1633 2183 1673 suos
2229 1617 2435 1671 mulcet
2483 1614 2729 1685 ipsisque
2793 1611 3064 1682 providet,
3107 1609 3189 1664 sic
3241 1616 3295 1663 et
3336 1618 3394 1662 tu

1813 1692 2019 1763 multus
2052 1707 2499 1778 possessionibus
2528 1705 2802 1761 exsistens
2851 1711 3117 1771 tanquam
3159 1699 3394 1755 debilem

1814 1813 1966 1854 avem
2015 1813 2217 1866 curans
2275 1809 2571 1870 pauperem
2598 1800 2652 1848 et
2677 1791 2869 1852 fovens
2896 1792 2954 1848 in
2985 1794 3105 1866 ipso
3151 1790 3400 1845 invenies

1813 1889 2121 1947 Christum.

1819 2107 1921 2165 129
1965 2107 2157 2163 Melior
2179 2117 2254 2162 est
2286 2116 2572 2176 paupertas
2603 2107 2803 2175 injuste
2835 2102 3181 2174 possessione.

1889 2240 2127 2297 Rursum
2158 2247 2212 2296 et
2235 2255 2331 2312 per
2346 2241 2635 2311 praesentia
2653 2255 2948 2310 pauperem
2966 2243 3184 2309 quidem
3203 2250 3407 2292 consc-

1817 2331 1982 2393 latur,
2022 2329 2210 2386 divitis
2240 2319 2369 2386 vero
2411 2331 2659 2401 reprimit
2693 2332 3083 2401 arrogantiam,
3119 2329 3397 2385 meliorem

1815 2435 1939 2476 eSSe
2006 2419 2198 2476 dicens
2248 2429 2623 2491 paupertatem
2687 2437 2854 2491 quam
2918 2421 3122 2476 divitiae
3201 2436 3267 2476 ex
3311 2419 3399 2474 inr

1815 2512 2028 2582 justitia
2053 2521 2398 2580 constantes;
2433 2511 2899 2582 quemadmodum
2934 2511 3160 2566 morbus
3201 2524 3401 2581 corpo-

1819 2607 1899 2661 ris
1929 2607 2127 2661 mclior
2155 2614 2242 2663 est
2284 2606 2599 2677 mgromnti,
2633 2612 2687 2661 et
2737 2604 3085 2674 judicio_Dei
3130 2603 3401 2674 castigato

1821 2696 2008 2749 utilior
2033 2704 2120 2750 est
2149 2707 2313 2765 quam
2343 2694 2600 2750 valetudo
2622 2695 2767 2749 mala
2795 2702 2850 2749 et
2871 2694 3099 2749 sanitas.
3143 2693 3275 2759 Quae
3303 2708 3407 2748 au-

1822 2792 1930 2841 tem
1960 2785 2329 2842 aestimaretur
2378 2785 2521 2839 mala
2545 2785 2819 2849 valetudo,
2855 2785 2960 2839 nisi
3005 2799 3070 2840 ea
3100 2799 3208 2854 qua
3243 2795 3406 2841 uten-

1822 2883 1905 2931 tes
1933 2877 2147 2930 lusuria
2200 2883 2256 2931 et
2302 2876 2615 2932 homicidiis
2663 2886 2717 2931 et
2768 2875 3065 2946 injustitiis
3108 2877 3413 2932 laetantur?

1820 2963 2067 3035 Namque
2098 2965 2240 3021 fame
2287 2966 2447 3035 panis
2490 2975 2546 3022 et
2593 2969 2810 3037 egentia
2867 2969 3052 3024 nul!us
3105 2969 3159 3022 in
3205 2969 3411 3024 animae

1820 3065 2051 3112 mortem
2083 3057 2251 3123 cadit,
2290 3055 2386 3111 sed
2420 3057 2509 3111 vix
2551 3058 2698 3114 ullus
2746 3059 2802 3113 in
2839 3058 3092 3128 corporis
3132 3066 3363 3114 mortem
3388 3103 3404 3127 ,

1822 3149 2205 3218 peccatoribus
2243 3157 2425 3206 autem
2456 3155 2511 3204 et
2539 3148 2763 3205 realiter
2818 3150 2977 3206 malis
3015 3158 3245 3206 mortem
3277 3167 3407 3223 peo-

1828 3251 2010 3297 eatum
2053 3240 2232 3296 aﬂ'ert.

1829 3374 1951 3430 155.
1994 3374 2129 3440 Quis
2175 3373 2457 3443 dominus,
2502 3375 2620 3446 quis
2670 3389 2882 3440 servus,
2936 3374 3040 3429 nisi
3077 3375 3230 3516 mafa-
3267 3375 3404 3502 dfici-

3185 3462 3264 3500 sto

3185 3462 3264 3500 810

1894 3532 2190 3603 Postquam
2221 3534 2548 3592 sententiam
2584 3535 2840 3604 exposuit
2865 3535 3242 3606 Philosophus
3292 3552 3407 3592 ma-

1825 3641 1965 3695 gnus
1997 3625 2064 3681 de
2105 3632 2424 3695 paupertate
2465 3635 2519 3680 et
2546 3626 2751 3681 divitiis
2779 3627 3098 3697 evangelice
3147 3634 3205 3680 ut
3241 3643 3409 3698 opor-

1824 3719 1994 3785 tebat,
2023 3726 2078 3775 et
2111 3734 2210 3789 pro
2240 3718 2336 3774 Dei
2361 3719 2633 3788 sapientia
2672 3720 2741 3774 de
2762 3719 2881 3774 beri
2932 3727 2988 3774 et
3025 3720 3171 3775 servi
3212 3721 3410 3776 condi-

1823 3813 1974 3868 tione
2027 3811 2098 3866 ad
2158 3811 2503 3882 spiritualem
2561 3826 2822 3866 normam
2888 3811 3103 3881 judicat
3168 3812 3398 3867 dicens:

1823 3901 1957 3968 Quis
1980 3909 2065 3956 est
2096 3901 2265 3956 herus
2296 3908 2351 3955 et
2389 3902 2515 3971 quis
2551 3909 2634 3956 est
2661 3911 2859 3955 natura
2885 3901 3106 3956 servus?
3141 3916 3250 3955 non
3275 3915 3409 3956 con-

1822 3990 1970 4046 ditus
2008 3999 2094 4047 est
2122 3991 2308 4055 herus,
2335 4007 2436 4046 nec
2469 3990 2722 4046 conditus
2746 4000 2832 4046 est
2849 4006 3043 4047 servus
3094 3991 3164 4045 ab
3209 3991 3370 4045 initio
3391 4009 3411 4045 :

1825 4083 1999 4138 sectio
2032 4082 2158 4139 vilis
2191 4083 2320 4147 ista,
2364 4083 2471 4138 ista
2502 4083 2700 4139 divisio
2735 4084 3063 4154 tyrannica;
3095 4084 3237 4140 sicut
3264 4083 3408 4137 enim

1825 4174 2084 4231 erunibus
2129 4190 2276 4230 unus
2310 4185 2363 4230 et
2401 4173 2546 4231 idem
2577 4176 2900 4246 plasmator,
2939 4189 3050 4230 una
3094 4174 3180 4230 lex
3227 4176 3411 4229 omni-
3445 4183 3458 4196 '

1825 4265 1952 4328 bus,
1980 4265 2251 4336 judicium
2278 4282 2451 4321 unum
2490 4275 2545 4323 et
2572 4282 2677 4322 una
2712 4278 2908 4324 natura
2949 4267 3209 4322 omnibus
3235 4267 3411 4321 homi-

1825 4355 1989 4410 nibus
2014 4356 2229 4421 eadem,
2265 4355 2347 4412 sic
2376 4366 2430 4412 et
2457 4358 2599 4413 servi
2632 4372 2825 4413 omnes
2859 4357 3114 4412 similiter
3158 4357 3413 4412 homines

1828 4447 1930 4501 sub
1955 4462 2063 4500 uno
2087 4444 2434 4502 Plasmatore
2457 4455 2510 4501 et
2526 4446 2759 4515 Demino
2789 4447 3078 4502 constituti
3115 4454 3245 4501 sunt
3277 4445 3409 4502 Deo.

1829 4535 1911 4592 Tu
1944 4551 2096 4608 ergo,
2118 4537 2253 4592 dicit
2272 4537 2496 4607 optimae
2528 4537 2890 4607 philosophia
2927 4546 2981 4592 et
3012 4539 3261 4593 veritatis
3296 4553 3413 4594 ser-

1835 4642 2062 4682 monum
2093 4637 2324 4694 amator,
2371 4642 2401 4682 a
2449 4626 2668 4684 famulis
2706 4629 3203 4685 circumstantibus
3245 4631 3411 4684 mini-

1833 4723 2062 4779 stratus,
2094 4733 2163 4772 ne
2190 4718 2289 4772 tibi
2321 4717 2540 4788 quidem
2586 4718 2704 4774 heri
2745 4720 3143 4786 conditionem,
3176 4719 3285 4775 iiiis
3316 4737 3414 4775 au-

1833 4814 1942 4861 tem
1986 4805 2308 4861 famulatum
2353 4822 2668 4872 reservans,
2715 4809 2907 4865 extolli
2953 4825 3122 4880 supra
3168 4811 3220 4865 id
3263 4812 3415 4881 quod

1836 4903 2052 4965 Oportet
2089 4895 2461 4962 audeas,ante
2494 4913 2844 4954 communem
2881 4901 3267 4955 universorum
3311 4901 3420 4956 Βο-

1835 4989 2046 5040 minum
2071 4987 2398 5057 insipienter
2430 4988 2701 5058 cogitans,
2753 4988 2850 5044 sed
2887 4989 3028 5044 bene
3068 4990 3312 5045 sentiens
3353 5000 3420 5046 ut

1837 5079 2060 5150 sapiens
2095 5082 2174 5136 sis
2203 5090 2256 5135 et
2282 5080 2515 5150 teipsum
2538 5081 2781 5141 noveris,
2807 5094 3000 5134 omnes
3028 5081 3415 5137 ministrantes

1836 5173 1936 5227 tibi
1985 5185 2288 5228 conservos
2330 5181 2388 5226 et
2435 5179 2634 5225 natura
2678 5172 2798 5242 pari
2842 5171 3051 5226 honore
3093 5173 3291 5243 dignos
3333 5174 3416 5228 vi-

1834 5263 1994 5328 dens,
2022 5261 2299 5317 consociis
2337 5262 2392 5315 in
2435 5277 2600 5331 opere
2637 5272 2693 5317 et
2737 5263 2966 5317 servitio
3014 5271 3169 5317 utere
3208 5262 3276 5316 ad
3316 5279 3418 5319 vo-

1839 5352 2067 5418 luntatis
2109 5350 2404 5407 Dominica:
2453 5352 2883 5408 observantiam.
2924 5350 3003 5408 Ne
3047 5367 3178 5421 ergo
3232 5367 3416 5410 mores

1842 5445 2055 5500 nobiles
2084 5454 2137 5500 et
2166 5445 2237 5499 ob
2258 5443 2469 5513 praxim
2501 5453 2554 5498 et
2597 5443 3102 5498 considerationem
3136 5444 3418 5514 egregiam

1840 5536 2080 5591 indolem
2127 5546 2183 5591 et
2235 5535 2444 5597 honore
2483 5533 2716 5604 dignam
2775 5542 2902 5589 ante
2948 5533 3330 5590 liberationem
3387 5548 3419 5589 ε

1842 5642 2092 5698 corpore,
2135 5637 2189 5684 et
2240 5637 2533 5696 antequam
2579 5627 2868 5680 victoriam
2932 5626 3199 5683 adversus
3257 5641 3420 5681 mun-

1850 5723 1978 5777 dum
2013 5723 2396 5794 consequaris,
2447 5737 2557 5791 prae
2593 5732 2645 5778 te
2692 5721 2839 5779 ferre
2882 5724 3079 5794 jactes,
3129 5731 3182 5777 et
3222 5722 3416 5776 intern-

209 5886 454 5959 (ηΑιά.
486 5886 624 5945 Ven.
663 5887 827 5947 Basil.
873 5887 1064 5946 Colon.
1103 5886 1197 5959 [et
1228 5885 1469 5959 Bened]
1510 5885 1581 5941 τί.
1615 5884 1739 5940 Ald.
1778 5882 1966 5940 Venet.
2003 5889 2056 5939 et
2096 5880 2261 5937 Basil.
2295 5881 2327 5953 ἣ
2358 5896 2455 5954 pro
2491 5883 2547 5954 ἡ,
2577 5888 2631 5939 et
2661 5891 2785 5955 post
2811 5897 2863 5940 γ.
2900 5882 3040 5953 τομή
3080 5889 3206 5936 nota
3245 5880 3416 5938 inter-

129 5958 472 6032 regatiOnis.
