4020 6302
661 377 765 433 819

658 498 864 568 pestive
938 499 1181 571 glorians
1241 500 1296 555 in
1345 499 1713 571 abjectiouem
1765 501 2076 572 dejieiaris,
2128 504 2226 559 sed

658 585 879 655 quando
908 589 977 644 de
1016 589 1367 647 ubviantihus
1409 592 1775 660 corporaliter
1820 593 2126 651 obstaculis
2174 603 2231 650 et

656 678 1043 747 spiritualibus
1071 682 1292 735 malitia:
1318 682 1763 750 oppositionihus
1791 684 1970 738 victor
1990 686 2231 740 evadens

658 768 873 823 solutus
911 767 1104 836 lueris,
1146 780 1278 827 tunc
1318 772 1388 825 ad
1424 771 1594 826 Deum
1633 774 1822 829 venies
1860 775 2034 845 gloria
2072 776 2234 831 deco-

658 868 811 913 ratus
840 875 1057 930 magna.

657 967 757 1019 £57
798 966 947 1021 Servi
1001 980 1178 1023 auem
1222 971 1370 1041 quid,
1408 988 1475 1024 ac
1517 972 1781 1042 prccipu
1817 974 1909 1041 qui
1968 972 2068 1113 lDei
2095 976 2232 1097 εἴτε

1993 1055 2114 1095 sunt

1993 1055 2114 1095 III"

726 1141 1024 1214 Postquam
1057 1151 1227 1217 legem
1259 1148 1428 1203 dictis
1447 1149 1689 1205 dominis
1720 1150 2232 1219 posuit,humiliare

656 1247 717 1286 se
744 1242 799 1288 et
830 1238 1112 1291 conservis
1148 1237 1229 1291 uti
1264 1238 1507 1302 famulis,
1542 1239 1784 1295 scientes
1825 1240 1975 1309 quod
2015 1250 2073 1295 et
2122 1242 2230 1312 ipsi

657 1323 948 1382 Dominum
985 1328 1189 1384 habent
1217 1331 1275 1383 in
1320 1329 1500 1394 ctelis,
1532 1338 1592 1384 ut
1632 1331 1721 1386 isti
1766 1332 1897 1385 talia
1942 1333 2230 1392 audientes

654 1418 801 1471 sicut
836 1422 958 1489 pari
988 1420 1185 1490 dignos
1230 1422 1439 1477 honore
1478 1437 1587 1477 non
1622 1423 1914 1494 insurgant
1957 1426 2014 1479 in
2050 1424 2225 1479 domi-

653 1525 775 1574 nos,
802 1511 934 1579 quid
970 1511 1037 1566 de
1077 1513 1339 1570 famulis?
1385 1530 1486 1584 pro
1533 1513 1691 1569 vobis
1732 1514 1880 1570 enim
1922 1516 2230 1586 spiritualis

653 1600 935 1669 legislator
978 1617 1290 1659 sermonem
1333 1605 1628 1676 protrahit.
1674 1604 1817 1671 Quid
1865 1620 1997 1677 ergo
2037 1616 2229 1671 vos,et

654 1693 960 1758 praesertim
985 1694 1079 1765 qui
1112 1693 1204 1749 Dei
1236 1697 1381 1750 servi
1412 1712 1537 1752 esse
1561 1696 1734 1751 vultis
1751 1697 1776 1749 ἲ
1802 1712 1911 1751 non
1938 1697 2226 1768 indignum

650 1779 1015 1846 iudicandum
1040 1790 1127 1837 est
1153 1782 1399 1838 dominis
1419 1786 1628 1839 servire
1647 1799 1663 1849 ;
1682 1790 1735 1838 et
1753 1782 1887 1837 illud
1912 1784 2232 1854 quomodo?

651 1883 760 1921 non
795 1870 863 1923 ad
913 1871 1135 1925 oculum
1192 1872 1513 1929 obedientes
1550 1873 1696 1929 sicut
1742 1874 2061 1930 hominibus
2114 1876 2231 1944 pla-

650 1968 857 2024 centes,
881 1960 981 2017 sed
1005 1977 1073 2016 ea
1101 1962 1290 2016 animo
1332 1976 1459 2017 eam
1502 1962 1671 2018 corde
1725 1964 1993 2019 benevolo
2023 1973 2079 2019 et
2104 1962 2226 2031 ﬁde,

648 2046 953 2101 secundum
984 2049 1350 2117 apostolicum
1382 2052 1791 2122 przscriptum,
1817 2052 1963 2109 sicut
1993 2051 2229 2108 Domino

647 2146 705 2192 et
738 2154 848 2194 non
889 2141 1230 2208 hominibus,
1261 2144 1346 2200 sic
1388 2146 1632 2203 dominis
1665 2150 1868 2205 vestris
1917 2149 2227 2205 inservien-

649 2238 756 2284 tem
782 2230 1046 2287 honorem
1071 2242 1125 2288 et
1155 2233 1484 2289 famulatum
1514 2236 1663 2303 date,
1699 2253 1802 2293 nec
1827 2239 2227 2295 exhibitionem

649 2318 947 2377 famulatus
976 2324 1323 2391 erubescite;
1353 2326 1593 2382 liberum
1624 2329 1771 2383 enim
1799 2339 1855 2384 et
1882 2344 2103 2385 servum
2141 2332 2227 2387 lex

646 2411 873 2484 dirigit:
907 2415 1001 2485 qui
1033 2416 1398 2485 dispositione
1432 2420 1629 2475 anima:
1657 2434 1781 2490 quze
1821 2420 2046 2477 Christo
2094 2437 2228 2477 con-

647 2506 832 2559 veniat
859 2514 913 2562 et
934 2508 1169 2562 consilio
1197 2523 1364 2579 agens
1388 2510 1537 2580 quod
1574 2509 1683 2566 Deo
1715 2514 2222 2582 conveniat,coram

646 2594 758 2651 Deo
790 2608 843 2653 et
862 2598 1180 2656 hominibus
1209 2601 1355 2656 bona
1387 2602 1707 2666 meditatur,
1744 2604 1835 2659 ille
1866 2606 2051 2675 reipsa
2084 2606 2222 2659 liber

644 2693 767 2751 est;
798 2690 893 2759 qui
922 2699 1106 2745 autem
1146 2706 1271 2745 cum
1316 2691 1442 2746 dolo
1472 2702 1527 2747 et
1560 2694 1769 2748 malitia
1807 2696 1974 2749 vitam
2019 2696 2226 2765 degens

647 2792 824 2843 suam,
883 2788 1072 2835 contra
1131 2780 1303 2835 Deum
1331 2788 1387 2836 et
1428 2781 1681 2838 homines
1727 2793 1917 2854 peccat
1975 2794 2226 2841 contem-

646 2875 790 2935 ptor,
821 2867 911 2923 hic
941 2884 1065 2925 vere
1115 2883 1311 2924 servus
1348 2876 1434 2925 est
1480 2870 1853 2940 castigandus.
1900 2871 2072 2941 igitur
2115 2887 2222 2926 non

647 2959 846 3012 malum
880 2970 965 3015 est
997 2974 1216 3015 servum
1250 2974 1395 3024 esse,
1439 2960 1533 3015 sed
1588 2976 1820 3031 peccare
1866 2962 2069 3016 malum
2116 2971 2221 3025 est,

646 3063 771 3104 cum
807 3050 1061 3107 Christus
1093 3052 1211 3123 ipse
1240 3069 1435 3109 servus
1466 3054 1748 3125 hominum
1796 3067 1959 3108 verus
2004 3054 2096 3120 sit,
2127 3054 2221 3109 sed

646 3143 910 3197 servitute
960 3144 1182 3200 realiter
1236 3144 1400 3207 mala,
1452 3148 1813 3213 peccato,eos
1855 3145 1953 3215 qui
1996 3145 2053 3199 in
2093 3159 2219 3199 eum

644 3228 877 3286 credunt
898 3238 1158 3302 tanquam
1187 3232 1332 3287 Deus
1358 3232 1576 3288 liberat.

645 3378 742 3433 ιιι
788 3377 996 3434 Pudeat
1050 3389 1099 3433 te
1136 3380 1184 3433 si
1221 3379 1394 3433 malus
1423 3379 1639 3445 audias,
1675 3395 1782 3432 non
1823 3395 1941 3432 vero
1982 3380 2223 3519 .ligno-

2042 3465 2150 3503 iis.

2042 3465 2150 3503 ms.

713 3536 909 3591 Adhuc
940 3537 1131 3590 eadem
1155 3536 1537 3606 propositione
1569 3551 1805 3607 pergens
1834 3536 2057 3592 divinus
2091 3538 2214 3591 illu-

643 3629 885 3683 minatur
931 3627 1128 3683 suadet
1168 3643 1235 3682 ne
1266 3628 1569 3683 erubescas
1613 3636 1667 3683 te
1696 3636 1948 3683 vocatum
1993 3628 2225 3683 audiens

645 3734 864 3774 servum
912 3726 1008 3773 aut
1055 3717 1310 3774 obscurae
1353 3718 1624 3788 prosapia:
1672 3718 1983 3785 hominem,
2035 3717 2104 3774 ne
2132 3735 2224 3775 ex-

645 3809 773 3864 inde
810 3816 1054 3864 mutatus
1098 3809 1363 3863 adversus
1396 3824 1520 3863 eum
1559 3809 1654 3879 qui
1688 3791 2081 3865 contumeliam
2123 3810 2225 3864 im-

644 3912 848 3967 ponere
868 3898 1433 3969 videlurindignaris.
1468 3898 1613 3964 Quid
1646 3899 1792 3954 enim
1840 3908 1924 3953 est
1967 3901 2224 3971 prosapia

642 3999 698 4047 et
730 3991 857 4059 quis
880 3991 948 4046 de
980 3990 1151 4045 nobili
1178 4006 1378 4061 genere
1416 3991 1779 4045 celebratus?
1823 3990 1941 4045 Non
1979 3992 2073 4062 qui
2107 3994 2223 4061 jam

646 4078 855 4147 pridem
893 4076 1093 4131 mortui
1128 4084 1257 4130 sunt
1280 4085 1335 4131 et
1366 4074 1420 4130 in
1451 4078 1707 4146 sepulcro
1763 4086 2224 4145 putruerunt,nec

646 4165 737 4219 isti
781 4179 1016 4233 quorum
1071 4163 1321 4232 dispersa
1368 4171 1501 4217 sunt
1528 4164 1689 4234 juxta
1728 4164 2047 4234 Scripturas
2094 4180 2222 4221 ossa

646 4266 741 4322 per
788 4250 1085 4307 infernum.
1122 4249 1325 4319 thuid
1376 4265 1507 4320 ergo
1568 4250 1794 4322 grandia
1834 4251 2107 4321 cogitares
2152 4253 2225 4308 ob

644 4341 991 4413 putredinem
1024 4348 1078 4396 et
1115 4340 1384 4397 fetentes‘i
1411 4340 1518 4396 Sed
1557 4341 1761 4395 malum
1792 4348 1847 4396 et
1882 4341 2146 4409 injustum
2174 4352 2225 4397 te

644 4433 878 4489 audiens
938 4440 1033 4487 aut
1084 4432 1310 4501 impium
1364 4432 1780 4501 exprobratum,
1831 4434 2121 4499 ernbesce,
2169 4443 2224 4489 et

642 4541 741 4596 per
780 4524 1159 4594 ptenitentiam
1197 4532 1445 4578 mutatus
1472 4523 1649 4579 bonus
1680 4524 1776 4579 llas
1811 4524 1865 4578 in
1901 4525 2144 4590 Christo,
2168 4534 2222 4581 et

645 4617 728 4669 sic
756 4616 871 4685 ipse
903 4615 1208 4669 honoratus
1235 4622 1290 4669 et
1316 4629 1415 4683 per
1444 4615 1701 4670 virtutem
1724 4614 1943 4669 celeber
1970 4612 2220 4679 eﬂ'ectus,

644 4704 829 4773 generi
859 4704 1075 4757 initium
1109 4703 1270 4758 dabis
1310 4711 1363 4757 et
1405 4703 1661 4773 gloriatio
1692 4702 1749 4757 in
1792 4703 1959 4757 vitam
1998 4705 2223 4759 venien-

644 4795 791 4849 tibus
820 4800 946 4864 post
973 4802 1027 4850 te
1055 4796 1189 4859 eris,
1225 4794 1374 4863 quod
1403 4794 1576 4848 multo
1608 4794 1807 4849 melius
1840 4796 2016 4866 magis
2056 4810 2221 4865 expe-

644 4884 723 4937 dit
756 4884 850 4938 tibi
878 4898 1044 4954 quam
1079 4884 1297 4954 generis
1331 4883 1581 4937 ultimum
1613 4900 1738 4941 esse
1766 4893 1824 4941 et
1849 4900 1945 4956 per
1996 4887 2218 4942 nimiam

643 4978 908 5032 malitiam
932 4976 1172 5031 dedecus
1200 4985 1255 5031 et
1279 4976 1632 5031 abolitionem
1657 4992 1799 5033 esse.
1835 4978 2022 5048 Itaque
2056 4979 2103 5034 si
2140 4980 2219 5036 sis

643 5068 861 5138 integer
899 5073 954 5121 et
987 5067 1168 5123 bonus
1200 5067 1255 5121 in
1299 5067 1451 5121 omni
1501 5067 1704 5139 pietate
1740 5076 1796 5123 et
1842 5069 2043 5124 virtute
2088 5084 2221 5125 con-

644 5160 893 5229 spicuus,
923 5158 1101 5214 multo
1128 5154 1324 5215 melius
1353 5167 1407 5215 et
1436 5160 1817 5216 honorabilius
1836 5162 1939 5215 erit
1961 5176 2126 5232 quam
2150 5178 2214 5219 ex

644 5250 802 5305 bonis
828 5257 883 5305 et
912 5250 1133 5319 optimis
1162 5256 1319 5306 ortus
1352 5250 1445 5320 qui
1475 5252 1602 5305 talis
1628 5266 1733 5305 non
1768 5252 1863 5306 sis.

644 5343 748 5399 H5
817 5342 914 5397 Dei
981 5342 1148 5397 solius
1193 5358 1469 5413 rerumque
1532 5345 1833 5396 divinarum
1895 5343 2216 5483 iniiatiabilis

1984 5429 2037 5467 es
2066 5430 2118 5466 ο.

1984 5429 2118 5467 esto.

715 5502 814 5557 Est
840 5511 896 5558 et
919 5498 1158 5557 aviditas
1211 5500 1504 5557 laudabilis
1544 5511 1597 5555 et
1619 5500 1951 5559 desiderium
1995 5505 2219 5560 insatia-

642 5595 752 5650 bile
782 5610 893 5666 quo
931 5593 1125 5650 ardere
1187 5578 1424 5664 oportet,
1477 5592 1625 5664 quod
1663 5594 1882 5651 divinus
1922 5611 2103 5653 sermo
2147 5612 2217 5652 ne

644 5688 975 5756 repellamus
1006 5686 1214 5739 incitat.
1242 5685 1385 5751 Quid
1424 5694 1505 5741 est
1555 5686 1747 5741 istud?
1792 5687 1872 5741 Ad
1918 5686 2082 5743 Deum
2124 5703 2215 5743 so-

657 5778 763 5832 lum
793 5785 847 5835 et
888 5778 1070 5834 divina
1096 5778 1483 5836 insatiabiliter
1517 5778 1927 5850 concupiscere.
1962 5778 2081 5836 Haec
2106 5796 2211 5837 am-

2016 380 2314 439 FICETAS
2354 384 2561 442 DAYID

3818 379 3935 435 8'20

2331 505 2445 569 κῶς
2472 504 3015 577 ὲμποδοατατοιέντων
3042 506 3405 575 κωυμᾶτων,
3432 505 3539 560 τῶν
3568 524 3631 562 τε
3662 518 3929 575 mpl-

2330 598 2500 649 τικῶν
2535 597 2636 666 τῆς
2674 598 2940 667 πονηρίας
2983 598 3309 652 ἀντιθέσεων
3346 598 3700 669 ὑπεραναδὲς
3725 638 3743 657 ,
3782 597 3929 649 ἁπο-

2330 685 2516 756 λυθῇς,
2548 688 2667 740 τότε
2697 687 2831 759 πρδς
2850 688 2943 741 τὸν
2973 688 3105 741 Θεὸν
3136 689 3417 760 εἰσελεὺσῃ
3455 689 3597 759 μετὰ
3628 690 3802 759 δόξης
3842 702 3929 741 τι-

2335 794 2622 847 μιωτατος.

2334 970 2435 1025 157
2465 974 2530 1024 οι
2561 970 2615 1023 δ’
2638 972 2859 1027 είκέται
2874 972 3356 1044 cumulatam
3386 978 3439 1028 οι
3472 976 3657 1037 Θεοῦ;

2399 1144 2785 1215 Νομοθετήσας
2821 1147 2949 1209 τοὺς
2977 1147 3302 1217 λεγομένους
3348 1146 3612 1211 δεσπότας
3656 1164 3928 1201 ταπεινο-

2332 1237 2547 1305 φρονεῖν
2575 1238 2669 1289 καὶ
2698 1238 3001 1300 συνδούλοις
3020 1238 3254 1309 χρῆσθαι
3278 1241 3390 1303 τοῖς
3413 1240 3667 1304 οίκέταις,
3696 1240 3927 1304 εἰδότα-ς

2330 1326 2412 1379 ὅτι
2465 1326 2560 1379 καὶ
2602 1327 2757 1379 αὐτοὶ
2799 1326 2999 1396 Κύριον
3029 1327 3244 1397 ἔχουσιν
3281 1328 3340 1381 ιν
3369 1329 3649 1399 οὐρανοῖς,
3685 1331 3785 1383 ενα
3845 1330 3928 1399 μὴ

2329 1414 2482 1468 ταῦτ’
2506 1416 2795 1480 ἀκούοντες
2820 1418 3049 1481 ἐκεῖνοι,
3082 1415 3159 1478 ὡς
3200 1419 3477 1489 ὁμοτίμων
3520 1420 3927 1491 κατεπαρθῶσι

2329 1504 2439 1558 τῶν
2470 1505 2769 1571 δεσποτῶν,
2801 1506 2853 1559 τί
2890 1505 2977 1559 δαὶ
3005 1509 3054 1560 οί
3097 1508 3344 1574 alits-rat;
3381 1511 3516 1581 πρὸς
3558 1510 3705 1579 ὑμᾶς
3746 1510 3862 1580 γὰρ
3898 1514 3927 1562 ὀ

2330 1597 2696 1668 πνευματικὸς
2727 1596 3023 1668 νομοθέτης
3042 1598 3134 1650 τὸν
3159 1598 3315 1668 λόγον
3338 1601 3673 1654 ἀποτείνεται
3696 1618 3713 1628 ⁸
3744 1603 3801 1653 τί
3826 1597 3925 1653 οὖν

2331 1690 2508 1760 ὑμεῖς,
2548 1690 2644 1743 καὶ
2683 1690 2918 1760 μάλιστα
2964 1692 3013 1743 oi
3059 1692 3154 1744 τοῦ
3206 1692 3343 1745 Θεοῦ
3392 1694 3569 1747 δοῦλοι
3618 1696 3923 1763 τυγχάνειν

2333 1781 2638 1846 ἔθέλοντεςς
2672 1783 2765 1852 Μὴ
2812 1782 3103 1847 ducito-31s
3139 1784 3409 1837 δουλεύειν
3446 1788 3559 1848 τοῖς
3584 1786 3885 1848 δεσπόταις
3905 1805 3919 1816 ·

2336 1872 2429 1924 καὶ
2456 1870 2612 1924 τοῦτο
2640 1870 2757 1934 πῶς
2774 1888 2789 1934 ;
2808 1871 2899 1941 Μὴ
2916 1870 3537 1942 κατ’ὁφθαλμοδουλείαν
3560 1872 3635 1937 ὡς
3660 1872 3925 1944 ἀνθρωπ-

2331 1961 2574 2031 άρεσκοι,
2624 1961 2739 2014 ἀλλ’
2772 1964 2835 2014 ὲκ
2884 1962 3063 2031 ψυχῆς
3101 1964 3219 2032 μετ’
3256 1964 3469 2027 εὐνοίας
3508 1966 3603 2016 καὶ
3647 1964 3923 2026 πίστεως.

2328 2052 2470 2105 κατὰ
2507 2054 2607 2122 τὴν
2645 2052 3005 2123 ἁποστολικὴν
3028 2054 3423 2122 παραγγελίαν,
3454 2054 3531 2118 ὡς
3573 2053 3653 2125 τῷ
3692 2056 3920 2125 Κυρίῳ,

2327 2142 2423 2195 ui.
2463 2142 2564 2195 οὐκ
2610 2140 2940 2212 ἀνθρώποις,
2991 2140 3133 2195 οὕτω
3182 2145 3296 2205 τοῖς
3336 2142 3548 2212 κυρίοκ
3603 2144 3763 2213 ὑμῶν
3818 2147 3924 2215 τὴν

2328 2231 2683 2302 ὀφειλομένην
2713 2231 2882 2303 τιμὴν
2922 2232 3018 2285 καὶ
3058 2230 3299 2285 δουλείαν
3340 2232 3640 2296 ἀποδίδοτε,
3682 2234 3793 2286 καὶ
3844 2236 3921 2304 μὴ

2326 2322 2388 2375 τὸ
2417 2322 2710 2393 πρόσχημα
2750 2321 2850 2391 τῆς
2874 2321 3120 2386 δουλείας
3166 2322 3560 2394 ἐπαισχύνεσθε
3580 2341 3593 2353 ·
3622 2324 3921 2396 ἐλεύθερον

2326 2414 2433 2483 γὰρ
2465 2413 2557 2465 καὶ
2596 2411 2781 2465 δοῦλον
2807 2413 2837 2465 ὀ
2872 2412 3073 2481 τρόπος
3101 2413 3363 2479 ὁρίζεται.
3410 2414 3507 2476 Ὃς
3542 2413 3641 2483 μὲν
3675 2415 3921 2484 Χριστο-

2326 2505 2528 2571 πρεπεῖ
2553 2501 2734 2571 ψυχῆς
2762 2501 2998 2554 διαθέσει
3027 2502 3123 2555 καὶ
3151 2502 3343 2573 γνώμῃ
3374 2502 3653 2574 χρώμενος
3678 2502 3919 2571 θεοπρε-

2326 2599 2420 2647 πεῖ
2457 2593 2688 2647 ἐνώπιον
2722 2594 2856 2647 Θεοῦ
2896 2595 2990 2648 καὶ
3024 2594 3326 2665 ἀνθρώπων
3355 2597 3665 2664 προνοεῖται
3706 2596 3919 2664 ἀγαθὲ..

2325 2682 2478 2749 οὗτος
2504 2684 2788 2756 ἐλεύθερος
2810 2684 2888 2754 τῷ
2918 2685 3030 2738 δντι
3063 2684 3211 2737 ἐστίν
3234 2703 3245 2714 ·
3278 2685 3336 2747 δς
3366 2686 3423 2738 δὲ
3459 2684 3648 2747 δολίως
3685 2687 3791 2738 καὶ
3820 2702 3919 2737 κα-

2325 2779 2609 2849 κοτρόταυς
2639 2777 2733 2830 τὸν
2773 2776 2939 2829 αὑτοῦ
2986 2775 3331 2829 διαδιώσκων
3367 2776 3511 2845 βίον,
3545 2776 3683 2847 πρός
3725 2793 3791 2829 τε
3830 2775 3919 2829 τὶν

2323 2869 2457 2922 Θεὸν
2478 2868 2641 2921 αὑτὸν
2668 2868 2763 2921 καὶ
2788 2868 2913 2929 τοὺς
2943 2865 3263 2938 ἀνθρώπους
3286 2868 3614 2939 ἁμαρτάνων
3644 2884 3916 2939 καταςρο

2323 2962 2425 3025 νεῖ,
2452 2955 2607 3024 οὗτος
2630 2958 2845 3030 ἀληθῶς
2868 2957 3053 3022 δοῦλος
3085 2958 3323 3032 ὑπάρχει
3356 2959 3670 3029 μαστιγίας.
3698 2959 3915 3013 Οὔκουν

2322 3052 2385 3104 τὸ
2416 3051 2603 3105 δοῦλον
2633 3046 2773 3104 εἶναι
2803 3051 2973 3104 κακὸν
2997 3092 3011 3117 ,
3041 3052 3104 3105 τὸ
3150 3051 3485 3121 ἁμαρτάνειν
3524 3051 3613 3114 δὶ,
3642 3050 3777 3103 ἐπεὶ
3824 3052 3916 3103 καὶ

2326 3143 2560 3216 Χριστὸς
2594 3141 2757 3205 αὐτὸς
2772 3142 2956 3204 δοῦλος
2980 3142 3280 3224 ἀνθρώπων
3303 3137 3504 3209 ὦπται,
3529 3141 3662 3196 ἀλλὰ
3687 3141 3795 3195 καὶ
3820 3142 3915 3209 τῆς

2324 3232 2491 3293 ὅντως
2520 3230 2766 3293 δουλείας
2795 3231 2990 3301 κακῆς,
3020 3232 3120 3303 τῆς
3148 3229 3446 3302 ἁμαρτίας,
3478 3230 3602 3293 τοὺς
3638 3230 3798 3298 αὐτῷ
3830 3248 3915 3281 πι-

2326 3321 2614 3383 στεύοντας
2634 3320 2711 3381 ὠς
2734 3320 2870 3385 Θεὸς
2897 3320 3193 3393 ἐλευθεροῖ.

2328 3416 2422 3470 Ml
2456 3417 2654 3480 Καλὸς
2684 3414 2735 3467 δ’
2766 3415 3001 3469 ἀκοίοων
3024 3416 3347 3483 αίσχύνου,
3380 3413 3469 3483 μὴ
3504 3414 3848 3483 δυσγενής.

2399 3571 2517 3624 Ἔτι
2547 3570 2646 3640 τῆς
2671 3570 2840 3639 αὐτῆς
2869 3569 3076 3634 ἑννοίας
3097 3569 3350 3641 ίχόμενος
3372 3572 3403 3623 ὁ
3429 3567 3751 3641 θεοφάντωρ
3777 3590 3911 3641 παρ-

2324 3665 2466 3717 αινεῖ
2510 3664 2585 3734 μὴ
2628 3662 3072 3732 ἐπαισχύνεσθαι,
3099 3660 3283 3715 δοῦλον
3302 3660 3567 3714 ἀκούοντα
3592 3660 3626 3730 ἢ
3650 3660 3905 3731 δυσγενῆ,
3978 3720 3983 3729 1

2327 3755 2449 3825 μηδ’
2487 3755 2579 3808 ἐπὶ
2632 3755 2808 3824 τούτῳ
2839 3752 3289 3824 διατρεπόμενον,
3324 3752 3466 3805 κατὰ
3514 3750 3606 3804 τοῦ
3658 3753 3905 3823 ὑϐρίζειν

2324 3844 2607 3905 δοκοῦντος
2638 3844 2989 3911 ἀγανακτεῖν.
3035 3842 3100 3895 Τί
3137 3843 3245 3913 γάρ
3277 3844 3393 3894 ἔστι
3426 3842 3599 3907 γένος,
3641 3843 3742 3895 καὶ
3776 3843 3857 3905 τίς
3885 3845 3909 3894 ὀ

2326 3933 2696 4004 φημιζόμενος
2724 3932 2982 4001 εὐγενής;
3018 3930 3131 4001 Οὐχ
3162 3932 3211 3983 οἱ
3247 3930 3416 3985 πάλαι
3454 3930 3702 3993 θανόντες
3726 3934 3829 3985 καὶ
3857 3934 3907 3983 ὲν

2324 4025 2479 4095 τάφῳ
2511 4023 2830 4094 σεσηπότες,
2860 4023 2959 4093 οὐχ
2982 4014 3057 4075 ὧν
3086 4020 3443 4092 ἀσκορπίσθη,
3469 4022 3611 4075 κατὰ
3636 4021 3740 4091 τὴν
3772 4024 3904 4093 1‘9:-

2326 4116 2451 4189 φῂν,
2479 4117 2547 4170 τὰ
2566 4116 2700 4168 ὁστᾶ
2728 4113 2877 4185 παρὰ
2896 4114 2988 4168 τὸν
3018 4113 3151 4184 ᾅδην
3171 4131 3183 4144 ο
3210 4113 3264 4165 τί
3295 4108 3389 4166 οὖν
3427 4130 3509 4166 σοι
3530 4111 3623 4166 καὶ
3650 4113 3711 4165 τὸ
3739 4132 3899 4184 μέγα.

2326 4209 2603 4279 λοφρονεῖν
2624 4206 2715 4259 ἐπὶ
2738 4207 2803 4275 τῇ
2830 4204 3039 4276 σαπρίᾳ
3063 4204 3290 4272 καὶτοῖς
3318 4204 3601 4270 ὀδωδόσινς
3629 4205 3825 4269 Κακδς
3851 4204 3898 4258 δί

2326 4301 2419 4352 καὶ
2444 4299 2626 4362 ἄδικος
2651 4297 2863 4351 ἁκούων
2888 4296 2921 4367 ἢ
2948 4294 3167 4365 ἀσεϐὴς,
3201 4296 3478 4367 αἱσχύνου,
3496 4298 3589 4350 καὶ
3612 4297 3697 4349 διὰ
3740 4316 3899 4369 μετα-

2326 4389 2472 4451 νοίας
2514 4386 2890 4457 ἀλλοιούμενος
2923 4385 3195 4454 ἀγαθύνου
3245 4387 3302 4439 ὲν
3346 4386 3583 4457 Χριστῷ,
3609 4390 3703 4440 καὶ
3734 4388 3898 4449 οὕτως

2330 4478 2489 4541 αὐτὸς
2508 4477 2790 4549 τιμηθεὶς,
2821 4477 2912 4530 καὶ
2941 4476 3008 4529 δι’
3036 4477 3236 4548 ἀρετῆς
3260 4477 3547 4547 γενόμενος
3580 4478 3895 4547 ὀνομαστὸς,

2324 4568 2514 4638 γένους
2559 4568 2854 4641 προάρξεις
2904 4569 2998 4621 καὶ
3049 4567 3316 4638 καύχησις
3361 4570 3476 4630 τοῖς
3522 4570 3602 4631 είς
3649 4568 3745 4621 τὸν
3793 4570 3894 4639 βίον

2327 4658 2495 4711 ἰοῦσιν
2527 4658 2625 4729 ἔσῃ
2655 4656 2795 4728 μετὰ
2825 4657 2906 4718 σὲ.
2936 4656 2964 4709 ὃ
2993 4657 3128 4712 πολὺ
3156 4657 3367 4727 βέλτιον
3396 4660 3492 4712 καὶ
3529 4658 3893 4714 λυσιτελέστευ

2323 4749 2417 4819 ρόν
2460 4748 2541 4801 σοί
2586 4749 2754 4813 ἐστιν,
2797 4746 2831 4818 ἢ
2877 4748 2939 4801 τὸ
2970 4748 3124 4816 γένος
3153 4747 3307 4801 λύειν
3353 4749 3449 4801 καὶ
3494 4749 3559 4802 δι’
3590 4749 3892 4821 ὑπερϐολὴν

2322 4839 2518 4903 κακίας
2556 4839 2785 4909 ἄτιμοῦν
2814 4838 2907 4892 καὶ
2945 4836 3251 4907 ἀφανίζεινο
3285 4839 3473 4910 ὥσπερ
3514 4841 3605 4894 καὶ
3646 4840 3707 4893 τὸ
3738 4842 3890 4895 αὑτὸν

2320 4923 2459 4983 εἶναι
2485 4927 2648 4981 καλὸν
2679 4929 2773 4982 καὶ
2799 4927 3000 4996 ἀγαθὸν
3024 4927 3093 4981 δι’
3124 4927 3407 4992 εὐσεδείας
3437 4929 3615 4999 πάσης
3645 4930 3744 4982 καὶ⁵
3770 4932 3886 5003 ἀρε-

2318 5017 2419 5089 τῆς
2442 5017 2712 5088 ἐπίσημον
2733 5017 3125 5090 καθεστηκότα,
3141 5017 3277 5072 πολὺ
3300 5018 3507 5089 βέλτιον
3528 5020 3622 5072 καὶ
3642 5021 3885 5089 τιμιώτεο

2323 5124 2433 5178 ρον,
2473 5107 2506 5178 ἢ
2552 5109 2616 5161 τὸ
2647 5108 2708 5172 ἐξ
2742 5107 2964 5176 ἀγαθῶν
3016 5108 3109 5162 καὶ
3152 5108 3334 5164 καλῶν
3380 5110 3790 5182 βεδλαστηκὸτα
3819 5110 3882 5183 μὴ

2316 5198 2555 5253 τοιοῦτον
2590 5195 2750 5255 εἶναι.

2320 5352 2423 5407 145
2448 5346 2596 5406 Θεοῦ
2614 5352 2805 5421 μόνον
2827 5352 3001 5407 θείων
3023 5369 3088 5406 τε
3112 5352 3443 5421 ἀπλήστως
3463 5355 3643 5423 ἔχειν.

2392 5508 2548 5561 Ἔστι
2584 5507 2679 5560 καὶ
2707 5506 2980 5577 ἀπληστία
3000 5505 3258 5577 ἐπαινετὴ
3285 5506 3379 5560 καὶ
3405 5507 3673 5579 ἐπιθυμία
3693 5508 3869 5579 ἀκόρε-

2319 5615 2440 5661 στος
2462 5598 2648 5668 δεητὴ,
2671 5592 2739 5669 ἧς
2759 5600 2788 5651 ὀ
2809 5596 2951 5661 θεῖος
2973 5595 3128 5664 λόγος
3156 5597 3474 5666 ἀντέχεσθαι
3498 5598 3867 5668 προτρέπεται-

2317 5691 2413 5753 Τίς
2441 5683 2533 5741 οὖν
2559 5690 2705 5743 ἐστιν
2731 5687 2904 5758 αὖτης
2934 5686 3070 5741 Θεοῦ
3096 5687 3254 5758 μόνον
3282 5689 3377 5741 καὶ
3399 5688 3507 5741 τῶν
3533 5686 3695 5743 θείων
3716 5689 3866 5754 anlt-

2326 5795 2461 5843 στως
2491 5779 2621 5850 ὲρᾷν
2646 5796 2658 5808 ·
2695 5776 2831 5849 αὕτη
2866 5776 3143 5844 πλεονεξία
3174 5777 3331 5850 καλὴ,
3365 5779 3426 5831 τὸ
3455 5778 3543 5834 ἀεὶ
3584 5779 3764 5837 metit!
3791 5776 3864 5834 ιιι
