4020 6302
218 438 299 510 ατη
314 440 415 492 τείν
437 437 498 492 τι
529 437 822 510 πρόσωπον
847 437 941 493 τοῦ
967 437 1104 493 Θεοῦ
1149 441 1343 496 Ἰακὼό
1366 446 1423 497 έν
1444 445 1665 517 Χριστῷ
1700 447 1804 517 Ἰη-

221 528 352 594 σόῦ,
376 529 436 593 δς
461 532 573 592 τοῖς
599 530 964 600 λαμϐάνουσιν
996 531 1156 584 αὑτὸν
1195 531 1275 586 ῑτι
1316 535 1638 606 προσδίδωσι
1669 537 1806 607 μᾶλ-

219 619 322 673 λον
355 621 571 674 ἑαυτόν·
602 622 855 675 τοσοῦτον
890 621 1000 692 γάρ
1041 623 1236 692 ἀπέχει
1273 624 1369 678 τοῦ
1401 627 1808 697 ἀποτρέπεσθαι

219 713 258 782 ἢ
291 712 730 783 ἀποστρέφεσθαι
759 715 885 778 τοὺς
913 714 1229 785 ὲγγίζοντας
1259 715 1427 786 αὐτῷ,
1451 717 1534 770 ὅτι
1561 719 1659 772 καὶ
1679 718 1810 789 μάλ-

217 804 325 857 λον
355 803 485 875 διψᾷ
507 805 567 858 τό
591 805 868 874 διψᾶσθαι,
902 807 931 860 ὅ
955 806 1071 860 ἐστι
1105 806 1260 860 ποθεῖ
1283 806 1344 860 τὸ
1372 807 1676 874 ποθεῖσθαι,
1714 807 1809 862 καὶ

223 895 385 964 φιλεῖ
423 897 482 950 τὸ
523 896 871 963 ἀγαπᾶσθαι,
900 896 987 950 καὶ
1038 895 1287 966 ἀφθόνως
1337 897 1423 950 ἀεὶ
1466 897 1655 952 ἑαυτὸν
1695 899 1808 961 τοῖς

225 987 495 1056 ἐρασταῖς
528 987 691 1041 αὑτοῦ
714 987 1032 1057 χαρίζεται·
1077 986 1289 1042 τοιοῦτο
1316 989 1425 1063 γὰρ
1457 989 1491 1061 ἡ
1527 989 1808 1060 ὕπεράγα-

225 1075 328 1139 θος
339 1076 672 1148 ἀγαθαρχία,
699 1078 787 1132 διὰ
811 1077 922 1131 τῶν
947 1078 1280 1146 ωναγάθων
1305 1079 1399 1133 καὶ
1423 1079 1808 1150 πνευματικῶν

222 1168 406 1237 αὐτῆς
454 1167 673 1238 δωρεῶν
729 1171 842 1232 τοῖς
890 1167 1232 1240 ἀπληρὼτως
1278 1167 1446 1238 αὐτῆς
1497 1169 1810 1239 ἐφιεμένοις

223 1258 716 1328 συνεισερχομένη.
758 1257 847 1311 Ἐν
884 1258 1094 1321 τούτοις
1132 1259 1314 1329 μόνοις
1342 1260 1376 1329 ὴ
1412 1257 1689 1328 ἀπληστία
1712 1257 1808 1312 καὶ

224 1347 514 1412 πλεονεξία
545 1349 828 1403 κάλλιστον
853 1350 936 1403 ὅτι
967 1349 1222 1420 μάλιστα,
1253 1351 1347 1404 καὶ
1375 1351 1810 1421 ἀγιοπρεπέστα-

219 1458 346 1507 τον,
385 1443 480 1494 καὶ
512 1442 718 1496 τέλειον
740 1460 752 1472 ’
789 1443 849 1495 ὲν
883 1445 994 1506 τοῖς
1031 1447 1363 1513 σωματικοῖς
1387 1444 1444 1498 δὲ
1482 1445 1579 1497 καὶ
1618 1443 1809 1515 ζηλου-

223 1533 417 1601 μένοις
440 1532 690 1596 πλούτοις
720 1533 821 1586 καὶ
843 1531 1022 1608 δόξαις
1051 1534 1146 1587 καὶ
1174 1536 1306 1588 πᾶσι
1342 1537 1456 1599 τοῖς
1491 1533 1676 1606 ῥέουσι
1716 1534 1810 1587 καὶ

222 1622 663 1693 παρερχομένοις
702 1620 796 1674 τοῦ
826 1621 922 1676 νῦν
959 1621 1153 1687 αἰῶνος
1193 1622 1418 1691 ἀγαθοῖς
1446 1624 1712 1694 ἡττᾶσθαί
1746 1642 1809 1678 τε

219 1711 328 1763 καὶ
375 1710 436 1762 τὸ
481 1709 699 1763 ἔλαττον
748 1709 914 1780 ἔχειν,
964 1709 1112 1774 ἀξιον
1159 1710 1416 1782 εὐμαρῶς
1471 1711 1810 1780 ὑπομένοντα

218 1797 390 1869 χάριν
417 1797 614 1852 ειδέναι
634 1800 701 1869 τῇ
735 1798 914 1869 ἀγαθῇ
939 1799 1035 1852 καὶ
1058 1798 1382 1871 παντουργῷ
1407 1799 1662 1871 Προνοίᾳ.

221 2016 335 2072 149
360 2014 455 2084 Μὴ
483 2013 680 2068 πάντα
707 2011 900 2080 νικᾷν,
919 2017 1062 2088 μηδ’
1076 2011 1166 2068 ἀεὶ
1194 2012 1479 2082 σπουδὴν
1513 2012 1641 2083 ἔχε.

303 2127 510 2196 Ὥσπερ
532 2124 679 2179 ἐστιν
705 2123 970 2195 ἡττᾶσθαι
998 2123 1179 2188 καλῶς
1201 2124 1295 2177 καὶ
1321 2121 1528 2191 κακῶς,
1551 2121 1694 2178 οὕτω
1713 2123 1806 2176 καὶ

220 2218 386 2287 νικᾷν
409 2216 687 2286 ένθέσμως
723 2215 819 2269 καὶ
844 2214 1100 2284 ἀθέσμως
1123 2230 1137 2245 ⁸
1163 2216 1392 2284 ἡττᾶται
1422 2213 1524 2283 μὲν
1559 2210 1741 2275 καλῶς
1777 2212 1807 2264 ό

223 2306 518 2377 φιλοσοφίᾳ.
567 2307 766 2378 ἀρίστῃ
819 2306 913 2359 καὶ
956 2303 1420 2376 ταπεινοφροσύνῃ
1474 2301 1805 2373 εὐαγγελικῇ

223 2398 396 2449 πᾶσιν
445 2396 686 2449 ὑπείκων
719 2398 830 2459 τοῖς
867 2393 1112 2450 ἀδικοῦσι
1137 2434 1154 2460 ,
1201 2393 1295 2447 καὶ
1355 2393 1432 2462 μὴ
1464 2392 1807 2463 ἀμυνόμενος

220 2488 354 2550 τοὺς
402 2485 807 2557 ἐπηρεάζοντας
856 2485 1047 2539 αὐτόν·
1103 2483 1329 2550 ἡττᾶται
1375 2483 1432 2536 δὲ
1480 2480 1664 2545 κακῶς
1712 2481 1807 2534 καὶ

219 2577 428 2641 ἀθλίως
465 2580 493 2630 ό
525 2577 627 2630 ὑπὸ
660 2574 833 2648 θυμοῦ
881 2576 913 2645 ἢ
961 2575 1256 2644 ἐπιθυμίας
1294 2574 1489 2641 ἀλόγου
1515 2572 1809 2643 τυραννοῦ-

225 2683 413 2738 μενος,
443 2665 538 2718 καὶ
569 2663 809 2732 ἀγεννῶς
837 2661 973 2735 πρὸς
1009 2665 1108 2734 τὴν
1144 2663 1422 2733 ἁμαρτίαν
1454 2663 1805 2733 ἀπαγόμενος

224 2755 324 2809 καὶ
356 2753 910 2826 έκτύολιορκούμενος·
944 2752 1205 2816 ὡσαύτως
1241 2754 1370 2824 νικᾷ
1403 2753 1501 2823 μὲν
1529 2753 1808 2824 ὲνθέσμως

223 2847 324 2900 καὶ
351 2845 607 2914 ἀσφαλῶς
651 2846 680 2898 ό
712 2842 790 2914 τῷ
838 2843 1030 2913 ἀγαθῷ
1060 2845 1155 2898 καὶ
1180 2843 1457 2914 εὐαρέστῳ
1487 2843 1581 2896 καὶ
1618 2843 1808 2912 τελείῳ

224 2937 367 2990 Θεοῦ
412 2936 678 3007 θελήματι
721 2937 850 3008 ἀχρι
894 2936 1084 2999 τέλους
1133 2934 1551 3005 ἀμετακινήτως
1588 2933 1806 3004 ἱδρυμέ-

226 3045 342 3091 νος,
371 3029 497 3098 νικᾷ
523 3027 580 3080 δὲ
613 3027 869 3097 ἀθέσμως
895 3025 987 3078 καί
1014 3023 1298 3095 σφαλερῶς
1323 3027 1351 3077 ό
1368 3025 1446 3096 τῷ
1471 3024 1571 3094 τῆς
1599 3024 1812 3086 ἀδικίας

225 3116 328 3170 καὶ
357 3116 667 3187 τυραννίδος
691 3115 882 3186 κράτει
904 3113 1347 3184 κατευμεγεθῶν,
1379 3114 1473 3166 καὶ
1496 3113 1606 3165 τῶν
1619 3110 1809 3167 ἀθώων

227 3207 657 3278 καθυπερτερῶν
687 3206 781 3260 καὶ
807 3204 1187 3267 κατακτιννύς.
1217 3205 1288 3257 Σὺ
1317 3198 1432 3269 οὖν,
1461 3197 1508 3256 ὢ
1531 3203 1809 3272 ἀγωνιστά

226 3295 326 3352 τοῦ
356 3296 641 3350 saxeam»
674 3293 932 3367 Χριστοῦ,
966 3295 996 3348 ό
1026 3294 1290 3365 ἀλείπτης
1329 3293 1430 3364 τῆς
1461 3293 1662 3364 ἀρετῆς
1701 3309 1809 3346 πα-

233 3388 482 3462 ρακαλεῖ,
519 3389 594 3459 μὴ
628 3389 709 3452 είς
742 3389 924 3441 πάντα
973 3387 1045 3440 τά
1083 3386 1416 3458 νομιζόμενα
1448 3382 1588 3441 εἶναι
1630 3384 1817 3454 ἀγαθά

231 3482 390 3549 νικᾷν
422 3476 765 3545 διαγωνίζου,
793 3477 907 3532 ἀλλ’
926 3480 1008 3542 είς
1044 3477 1180 3549 μόνα
1205 3477 1273 3531 τά
1302 3477 1471 3542 όντως
1499 3476 1627 3530 ὄντα
1651 3474 1811 3542 καλὰ,

232 3570 303 3623 τά
335 3569 459 3623 θεῖα
489 3569 690 3640 δηλαδὴ
724 3569 818 3622 καὶ
861 3566 1231 3638 πνευματικὰ,
1269 3567 1364 3621 καὶ
1411 3568 1492 3630 είς
1527 3565 1700 3620 ταῦτα
1737 3565 1813 3637 μὴ

231 3660 324 3715 ἀεὶ
369 3661 467 3714 καὶ
511 3659 788 3732 ἀκαίρως,
833 3658 948 3713 ἀλλ’
1002 3660 1130 3713 ὅταν
1181 3661 1208 3712 ό
1256 3658 1444 3722 δεκτὸς
1579 3657 1806 3729 καιρός*

235 3752 491 3822 κρεῖσσον
523 3751 634 3823 γάρ
683 3750 1003 3819 κρατεῖσθαι
1040 3751 1138 3803 καὶ
1179 3748 1435 3804 νικᾶσθαι
1458 3787 1474 3812 ,
1505 3746 1586 3818 τῷ
1638 3747 1814 3817 Ἰησοῦ

234 3841 332 3896 καὶ
358 3842 466 3895 τῶν
495 3842 660 3896 αὑτοῦ
683 3841 937 3912 μαθητῶν
952 3841 1309 3912 ὑποδείγματι
1332 3839 1813 3911 ταπεινουμένους,

233 3929 271 4004 ἢ
307 3931 462 3999 νικᾷν
492 3930 586 3984 καὶ
615 3931 840 3999 κρατεῖν
866 3930 1262 4001 ἐπαιρομένους
1289 3930 1385 3984 καὶ
1417 3928 1561 3984 κατά
1585 3928 1685 3999 τὴν
1708 3930 1816 3982 τῶν

234 4019 448 4074 ἀσεὸὦν
493 4019 815 4090 ἱξομοίωσιν
851 4019 1270 4090 κατακυριεύειν
1301 4019 1412 4073 τῶν
1455 4017 1694 4073 εὐσεϐῶν
1723 4019 1817 4071 καὶ

233 4108 526 4163 ταπεινῶν.
563 4106 740 4172 Ἔστι,
776 4106 932 4177 φησι,
977 4107 1073 4161 καὶ
1104 4108 1231 4171 τοὺς
1261 4108 1321 4161 έν
1361 4105 1442 4178 τῷ
1484 4106 1676 4178 κόσμῳ
1711 4125 1814 4161 πα-

235 4198 485 4261 λαίοντας
526 4198 659 4269 όρᾷν
703 4197 766 4251 οὐ
813 4197 1031 4263 πάντως
1086 4197 1492 4268 κρατουμένους
1533 4197 1614 4267 τῷ
1665 4197 1816 4250 κάτω

236 4292 443 4342 πεσεῖν·
476 4287 974 4358 ὐποητακλιθῆναι
1003 4288 1114 4360 γὰρ
1135 4286 1283 4341 εστιν
1309 4289 1399 4341 ὅτε
1425 4285 1676 4354 δόξαντες
1697 4291 1814 4352 τοῖς

236 4379 550 4441 ἀντιπάλοις
580 4378 677 4432 καὶ
708 4376 924 4448 χαμᾶζε
955 4381 1163 4442 πεσεῖν,
1203 4375 1300 4431 εἶτ’
1338 4377 1674 4441 ἐξαπιναίως,
1715 4377 1815 4443 λὰξ

236 4472 356 4524 κατ’
396 4468 574 4523 αὐτῶν
616 4469 936 4539 ὲναλάμενοι
985 4468 1083 4522 ml.
1112 4467 1488 4540 ἀναθορόντες,
1524 4468 1812 4539 ὑπέρθετοι

235 4561 440 4614 τούτων
487 4559 934 4612 καταδείκνυνται
958 4574 971 4587 ·
1003 4557 1176 4626 οὕτως
1207 4560 1257 4611 oi
1305 4558 1395 4612 διὰ
1438 4559 1530 4612 τὸν
1577 4559 1814 4630 Χριστὸν

240 4650 332 4702 καὶ
362 4649 459 4719 τὴν
493 4649 714 4719 ἐντολὴν
746 4650 860 4712 τοῖς
885 4649 1172 4718 τυραννεῖν
1204 4647 1450 4702 εἰωθόσιν
1483 4648 1817 4702 ὑποπίπτον-

236 4757 350 4804 τες,
379 4741 438 4792 ὲν
462 4741 528 4812 τῇ
556 4739 883 4794 ταπεινώσει
917 4739 1097 4793 αὐτῶν
1117 4737 1518 4810 ὑπερνικῶσιν.

243 4853 342 4908 155
370 4849 476 4904 Καὶ
494 4849 697 4920 ζημιοῦ
723 4866 804 4903 τιν
835 4849 1011 4904 τοῦτο
1036 4849 1250 4918 κέρδος
1271 4847 1591 4915 πολλάκις.

313 5004 518 5073 Ὥσπερ
545 5003 646 5056 οὐκ
673 5003 752 5064 είς
784 5000 961 5056 πάντα
988 5001 1097 5055 οὐδ’
1124 5000 1294 5054 ἀεὶτὸ
1320 5000 1478 5071 νικᾷν
1508 4995 1811 5063 ἐπαινετὸν,

244 5095 356 5149 ἀλλ’
397 5093 521 5147 οὐδὲ
561 5093 622 5146 τὸ
663 5091 918 5146 νικᾶσθαι
947 5094 965 5162 (
990 5093 1148 5162 νικᾷν
1184 5090 1294 5162 γάρ
1341 5091 1400 5143 ὲν
1431 5087 1509 5159 τῷ
1536 5086 1723 5158 ἀγαθῷ
1753 5086 1814 5140 τὸ

246 5184 432 5252 κακὸν,
457 5184 570 5237 ἀλλ’
599 5184 659 5236 οὐ
687 5182 940 5237 νικᾶσθαι
969 5183 1076 5235 ὑπὸ
1107 5182 1206 5234 τοῦ
1231 5181 1404 5236 κακοῦ
1441 5178 1812 5250 παραγγελλό-

249 5276 385 5346 μεθα
405 5273 423 5342 )
443 5291 457 5304 ·
480 5272 652 5337 οὕτως
672 5273 793 5325 οὐδὲ
813 5273 875 5326 τὺ
903 5271 1206 5345 κερδαίνειν
1227 5273 1314 5325 ἀεὶ
1327 5255 1566 5341 ἀγαθὸν,
1589 5272 1622 5343 ἢ
1645 5270 1812 5326 κακὸν

245 5373 307 5418 το
346 5363 703 5434 ζημιοῦσθαι·
746 5363 1020 5418 ἀνάπαλιν
1049 5363 1107 5416 δὲ
1157 5363 1454 5433 συμσαῖνον
1500 5355 1809 5434 θεωρεῖται.

250 5453 454 5525 Ὠσπερ
486 5453 596 5524 γὰρ
626 5456 659 5525 ὴ
689 5454 835 5525 κακὴ
864 5453 989 5524 νίκη
1014 5493 1029 5519 ,
1058 5446 1196 5523 ἧττα
1243 5455 1524 5526 προφανὴς
1544 5494 1558 5518 ,
1585 5448 1725 5526 ἧττα
1755 5454 1813 5507 δὲ

249 5539 402 5612 καλὴ,
425 5541 550 5611 νίκη
580 5541 813 5612 ὑπάρχει
843 5541 1049 5613 ἀληθής
1069 5559 1082 5572 ο
1118 5541 1290 5606 οὕτως
1317 5542 1506 5614 κέρδος
1533 5543 1632 5613 μὲν
1665 5541 1812 5595 ἔστιν

246 5635 334 5686 ὅτε
359 5633 668 5701 σωματικὸν
701 5635 873 5704 ζημία
899 5635 1129 5704 μεγίστη
1151 5635 1228 5705 τῷ
1258 5635 1614 5705 κερδαίνοντι,
1641 5633 1814 5703 ζημία

246 5725 301 5778 cit
339 5720 489 5789 αὖθις
523 5725 602 5788 είς
629 5722 815 5794 κέρδος
843 5725 1022 5798 ἀπέϐη
1053 5725 1129 5797 τῷ
1160 5726 1525 5798 ζημιουμένῳ.
1564 5725 1672 5779 Καὶ
1699 5723 1806 5795 γὰρ

1231 330 1302 386 IN
1338 329 1649 390 CARNINA
1686 333 1966 393 ARCANA
2005 335 2068 394 8.
2101 337 2453 396 αιιεσοῐιιι.

1908 448 2044 506 bitio
2074 449 2240 513 bona,
2279 457 2494 520 semper
2523 448 2873 506 desiderandi
2899 458 2955 507 et
2979 439 3262 524 quaerendi,
3286 457 3481 516 faciem

1911 535 2013 590 Dei.
2039 535 2212 593 Jacob
2241 538 2297 592 in
2325 536 2544 594 Christo
2582 537 2711 594 Jesu
2761 540 2856 609 qui
2912 543 3343 612 suscipientibus
3394 549 3482 618 ip-

1909 640 2032 681 sum
2063 628 2243 698 magis
2274 627 2455 683 adhuc
2482 643 2543 684 se
2565 630 2753 694 tradit,
2801 639 3016 686 tantum
3069 635 3217 689 enim
3262 637 3486 695 absistit

1907 731 1978 771 ne
2028 715 2097 770 ad
2129 717 2236 772 alia
2283 732 2344 774 se
2385 728 2604 774 vertant
2634 720 2728 789 qui
2780 721 2959 791 ipsum
2999 725 3484 797 apprOpinquant,

1909 813 1968 861 ut
2008 806 2186 878 magis
2218 808 2372 864 sitiat
2392 814 2454 864 ut
2489 807 2564 865 sit
2590 809 2714 866 sitis
2743 809 2811 866 de
2851 810 2994 882 ipso,
3028 813 3135 869 hoc
3179 826 3284 880 est,
3333 818 3482 876 desio

1906 899 2088 954 derari
2127 895 2426 966 desiderat,
2462 911 2612 957 amat
2639 902 2900 957 amarivet
2931 903 3111 968 ipsum
3169 909 3490 964 amantibus

1907 990 2113 1061 absque
2139 989 2344 1046 invidia
2371 1007 2590 1064 semper
2621 1008 2684 1050 se
2711 993 2962 1065 largitur.
3011 994 3195 1066 Usque
3230 1012 3298 1052 eo
3338 1000 3486 1055 enim

1908 1083 2351 1152 superexcellens
2402 1085 2739 1157 principium
2799 1087 2984 1145 omnia
3062 1088 3326 1147 bonitatis
3389 1106 3488 1161 per

1905 1170 2052 1226 dona
2081 1188 2146 1227 ex
2172 1174 2326 1228 omni
2360 1181 2516 1245 parte
2548 1176 2694 1231 bona
2729 1184 2786 1232 et
2803 1176 3115 1250 spiritualia
3145 1180 3232 1234 bis
3265 1181 3360 1250 qui
3409 1181 3491 1236 in-

1907 1261 2238 1318 satiabiliter
2277 1264 2483 1321 tonum
2535 1265 2807 1324 bonitatis
2839 1268 3184 1334 desiderant,
3213 1285 3274 1327 se
3305 1272 3488 1326 immi-

1907 1357 2044 1406 scet.
2070 1350 2130 1406 ln
2158 1352 2246 1408 bis
2275 1353 2408 1410 solis
2435 1354 2600 1413 donis
2628 1356 2960 1413 insatiabilis
2980 1357 3216 1414 aviditas
3242 1366 3297 1414 et
3319 1361 3489 1416 ambi-

1905 1439 1986 1492 tio
2023 1454 2188 1510 quam
2223 1443 2461 1498 maxime
2489 1444 2632 1499 bona
2683 1453 2773 1501 est
2809 1452 2865 1502 et
2909 1448 3118 1502 sanctis
3139 1449 3488 1510 :cunveniens

1906 1536 1960 1583 et
1986 1526 2260 1598 perlecta;
2293 1529 2348 1584 in
2385 1533 2776 1601 corporalibus
2799 1547 2930 1590 vero
2949 1541 3004 1590 et
3039 1535 3198 1591 avide
3238 1537 3487 1606 quasitis

1907 1618 2114 1674 divitiis
2138 1627 2192 1674 et
2221 1619 2394 1690 gloria
2425 1628 2480 1677 ct
2508 1623 2765 1681 omnibus
2791 1621 3087 1680 ﬂuentibus
3115 1634 3170 1681 et
3204 1635 3490 1683 transeun-

1907 1705 2057 1762 tibus
2115 1707 2217 1762 a-vi
2243 1707 2388 1778 quod
2422 1725 2571 1765 nunc
2599 1718 2684 1768 est
2710 1712 2894 1776 bonis.
2931 1713 3167 1770 minoris
3209 1716 3385 1785 partis
3431 1724 3489 1771 et

1909 1793 2274 1863 gradusesss,
2304 1797 2529 1868 dignum
2570 1805 2658 1856 est
2704 1799 2939 1860 tolerare
2975 1809 3032 1858 et
3077 1804 3282 1872 gratias
3325 1818 3489 1874 agere

1909 1885 2072 1941 bona:
2094 1895 2151 1942 et
2173 1887 2422 1944 omnium
2467 1891 2767 1960 operatrici
2795 1890 3182 1949 Providentia.

1909 2019 2012 2078 N9
2051 2000 2498 2090 Neciomniamec
2533 2040 2738 2094 semper
2760 2026 2960 2082 uincere
2983 2026 3220 2084 studeas.

1985 2115 2458 2212 Quemadmodum
2504 2136 2592 2184 est
2623 2129 2774 2199 vinci
2806 2130 2922 2193 sive
2957 2129 3118 2196 bene,
3157 2132 3273 2187 sive
3307 2139 3485 2200 male,

1921 2215 1999 2271 sic
2031 2225 2114 2274 est
2157 2217 2387 2274 victoria
2435 2221 2680 2292 legitime
2711 2227 2804 2278 aut
2841 2220 3033 2288 illicite
3069 2240 3084 2277 :
3129 2221 3271 2281 bene
3311 2227 3490 2282 victus

1905 2301 2054 2359 cedit
2069 2303 2162 2372 (lui
2177 2301 2527 2373 philosophia
2541 2303 2747 2373 optima
2771 2310 2826 2357 et
2841 2300 3149 2367 humilitate
3174 2305 3489 2370 evangelica

1906 2392 2253 2464 obtemperat
2296 2391 2555 2455 omnibus
2591 2391 2798 2464 injuste
2841 2391 3130 2463 agentibus
3173 2401 3227 2446 et
3262 2391 3330 2446 de
3380 2389 3489 2445 sibi

1907 2484 2235 2539 nocentibus
2265 2481 2529 2540 ultionem
2551 2496 2660 2538 non
2691 2471 2909 2553 exigit;
2931 2483 3072 2536 male
3094 2485 3277 2536 autem
3296 2487 3351 2536 et
3382 2481 3456 2536 mi
3474 2509 3489 2520 -

1908 2571 2219 2627 serabiliter
2247 2564 2489 2636 vincitur
2518 2586 2681 2641 quem
2713 2571 2791 2626 ira
2810 2579 2866 2626 et
2897 2569 3172 2626 desideria
3204 2584 3234 2622 a
3275 2569 3492 2623 ratione

1909 2677 2100 2719 aversa
2120 2662 2474 2722 dominantur
2497 2672 2551 2719 et
2584 2664 2776 2736 ignave
2803 2662 2870 2717 ad
2901 2669 3185 2733 peccatum
3223 2660 3492 2714 inducunt

1909 2764 1963 2811 et
2006 2765 2339 2827 expugnant.
2391 2755 2517 2815 Pari
2570 2755 2734 2811 modo
2773 2755 3016 2826 legitime
3059 2761 3116 2810 et
3154 2761 3273 2808 tuto
3323 2753 3496 2806 vincit

1910 2847 2004 2915 qui
2040 2847 2096 2900 in
2125 2847 2269 2902 bona
2294 2856 2350 2902 et
2393 2846 2630 2917 placenti
2684 2854 2739 2901 et
2789 2845 3030 2917 perlecta
3078 2843 3174 2900 Dei
3210 2846 3495 2899 voluntate

1913 2952 2088 3006 usque
2117 2937 2184 2992 ad
2217 2936 2607 3006 perfectionem
2637 2937 2849 3007 absque
2876 2936 3259 2991 immutatione
3284 2935 3491 2991 conﬁr-

1914 3035 2123 3094 matur;
2161 3027 2335 3082 vincit
2376 3043 2506 3082 vero
2558 3027 2752 3083 illicite
2774 3035 2829 3083 et
2866 3027 3180 3098 periculose
3225 3027 3318 3096 qui
3351 3025 3498 3096 inju-

1916 3117 2079 3173 stitia:
2102 3125 2156 3172 et
2183 3118 2490 3189 tyrannidis
2522 3117 2901 3176 dominatione
2943 3117 3198 3185 praevalet
3246 3125 3301 3172 et
3338 3117 3498 3172 inno-

1913 3215 2103 3262 centes
2159 3205 2421 3276 opprimit
2479 3212 2534 3260 et
2595 3214 2820 3259 mactat.
2879 3204 2963 3259 Tu
3012 3219 3224 3274 ergo,o
3293 3203 3500 3259 athleta

1915 3295 2120 3352 Christi
2146 3295 2353 3367 judicia
2388 3295 2448 3351 in
2467 3295 2792 3360 certamine,
2838 3295 3030 3351 incitat
3079 3294 3304 3350 virtutis
3337 3294 3497 3349 insti—

1916 3394 2086 3451 tutor,
2117 3403 2187 3442 ne
2217 3387 2274 3442 in
2325 3386 2582 3442 omnibus
2627 3401 2752 3456 quae
2781 3393 3042 3458 putantur
3089 3385 3232 3440 bona
3279 3384 3503 3439 vincere

1915 3485 2115 3544 certes,
2152 3477 2249 3533 sed
2285 3478 2340 3531 in
2389 3477 2478 3534 his
2534 3477 2670 3532 solis
2729 3492 2852 3547 qua:
2914 3476 3058 3532 bona
3107 3490 3297 3530 revera
3346 3481 3496 3538 sunt,

1916 3567 2128 3622 scilicet
2157 3567 2343 3622 divina
2373 3575 2430 3622 et
2452 3567 2789 3638 spiritualia;
2820 3576 2874 3622 et
2898 3566 2952 3621 in
2978 3567 3064 3621 bis
3101 3580 3172 3622 ne
3206 3580 3423 3634 semper
3443 3573 3499 3619 et

1917 3658 2303 3729 intempestive
2353 3657 2696 3722 contendas,
2738 3657 2835 3714 sed
2879 3657 3104 3729 quando
3159 3662 3380 3726 tempus
3413 3665 3498 3712 est

1918 3749 2273 3820 acceptabile.
2320 3749 2514 3809 Melius
2551 3756 2637 3806 est
2676 3748 2823 3804 enim
2877 3765 2907 3802 a
2948 3747 3080 3804 Jesu
3125 3755 3180 3802 et
3232 3747 3499 3818 exemplis

1918 3839 2314 3910 discipulorum
2383 3841 2504 3910 ejus
2568 3839 2891 3895 humiliatos
2963 3836 3108 3893 vinci
3145 3843 3201 3892 et
3221 3835 3493 3905 superari,

1918 3946 2081 4000 quam
2111 3946 2234 3987 sese
2260 3931 2586 3987 extollentes
2615 3931 2896 3986 vincereet
2917 3943 3185 4002 superare
3215 3935 3268 3981 et
3293 3926 3362 3980 ad
3391 3925 3498 3981 im-

1919 4022 2134 4091 piorum
2171 4036 2422 4077 normam
2453 4022 2509 4076 in
2545 4021 2665 4091 pios
2698 4029 2752 4078 et
2784 4020 3027 4075 humiles
3050 4017 3343 4074 dominari.
3377 4015 3497 4080 Est,

1919 4111 2120 4180 inquit,
2153 4117 2207 4164 et
2239 4110 2294 4164 in
2329 4109 2533 4165 mundo
2571 4116 2851 4164 certantes
2901 4106 3090 4162 videre
3115 4120 3226 4158 non
3269 4102 3498 4156 omnino

1917 4202 2096 4256 victos
2143 4215 2210 4255 eo
2253 4200 2400 4270 quod
2449 4199 2682 4255 inferius
2732 4198 3085 4262 ceciderunt;
3128 4195 3308 4249 evenit
3350 4193 3497 4248 enim

1917 4288 2135 4360 quando
2168 4291 2529 4345 succubuisse
2555 4289 2808 4344 hostibus
2839 4287 2943 4342 visi
2985 4294 3115 4341 sunt
3148 4290 3202 4339 et
3231 4283 3380 4339 humi
3411 4283 3497 4353 ja-

1919 4383 2124 4448 cuisse,
2157 4382 2252 4451 qui
2281 4381 2468 4436 subito
2510 4380 2645 4451 pede
2689 4379 2998 4434 insilientes
3041 4378 3096 4431 in
3149 4373 3497 4430 adversarios

1921 4482 1977 4529 et
2007 4481 2294 4543 surgentes
2323 4473 2639 4542 superiores
2665 4478 2966 4541 apparent;
2991 4469 3072 4524 sic
3121 4468 3214 4538 qui
3272 4475 3495 4537 propter

1922 4563 2201 4619 Christum
2231 4573 2285 4619 et
2316 4563 2574 4618 mandata
2607 4562 2711 4618 sub
2743 4561 2812 4616 iis
2840 4561 2936 4630 qui
2971 4557 3318 4628 tyrannidem
3340 4571 3498 4611 excr-

1917 4671 2043 4711 cere
2072 4656 2252 4712 solent
2279 4655 2742 4719 succumbunt,in
2763 4652 3071 4707 humilitate
3101 4664 3202 4706 sua
3221 4650 3494 4705 vicerunt.

1917 4832 2023 4888 153
2075 4831 2458 4886 Detrimentum
2524 4826 2740 4898 aliquod
2788 4828 3031 4897 patiare;
3069 4826 3132 4898 id
3183 4826 3322 4879 enim
3361 4841 3498 4895 sirpe

3068 4894 3300 4966 [lucrum
3323 4907 3422 4950 est.

1989 4991 2148 5046 Sicut
2181 5005 2281 5046 nec
2310 4992 2367 5046 in
2398 4988 2656 5045 omnibus
2699 5004 2804 5044 nec
2848 5003 3067 5058 semper
3111 4988 3330 5042 vincere
3375 4987 3498 5040 lau-

1915 5084 2116 5148 dabile,
2149 5082 2244 5139 sed
2301 5096 2402 5137 nec
2449 5081 2613 5146 vinci,
2664 5095 2902 5151 namque
2952 5078 3020 5132 ad
3066 5077 3395 5132 vincendum
3438 5076 3496 5133 in

1912 5176 2058 5230 bono
2086 5175 2310 5238 malum,
2347 5187 2454 5227 non
2487 5187 2616 5227 vero
2648 5171 2795 5226 vinci
2827 5185 2860 5224 a
2897 5169 3041 5224 malo
3068 5168 3389 5224 invitamur:
3415 5168 3497 5223 sic

1916 5281 2020 5322 nec
2085 5264 2286 5318 lucrari
2340 5277 2556 5332 semper
2615 5261 2850 5330 bonum,
2905 5267 2999 5314 aut
3074 5258 3277 5312 malum
3324 5256 3494 5310 detri-

1914 5363 2164 5412 mentum
2213 5354 2361 5425 pati;
2405 5359 2461 5408 et
2517 5367 2734 5407 rursum
2779 5351 2926 5422 quod
2978 5350 3163 5405 evenit
3223 5348 3491 5402 videmus.

1916 5445 2385 5513 Quemadmodum
2419 5443 2564 5496 enim
2612 5441 2754 5494 mala
2785 5439 3013 5495 vietoria
3058 5438 3243 5493 clades
3269 5445 3354 5492 est
3382 5435 3496 5491 evi-

1917 5538 2074 5602 dens,
2105 5535 2288 5590 clades
2313 5549 2443 5589 vero
2491 5532 2631 5587 bona
2683 5545 2811 5586 vera
2859 5529 3086 5584 victoria
3139 5537 3242 5593 est,
3294 5527 3375 5580 sic
3408 5531 3494 5582 est

1915 5629 2129 5684 lucrum
2162 5625 2306 5696 quod
2339 5625 2406 5680 de
2458 5622 2837 5692 corporalibus
2879 5635 3135 5691 magnum
3190 5617 3490 5674 detrimen-

1915 5733 2031 5776 tum
2064 5718 2217 5776 all‘ert
2247 5717 2517 5784 lucranti,
2551 5731 2580 5773 e
2615 5723 2808 5772 contra
2838 5713 3226 5770 detrimentum
3259 5707 3402 5783 quod
3432 5707 3487 5761 in
