4020 6302
579 392 695 452 823

576 510 786 564 lucrum
845 522 945 578 pro
994 509 1218 579 patienti
1271 524 1489 566 versum
1550 519 1652 567 est.
1710 511 1955 584 Namque
2002 514 2147 570 sicut

577 601 888 668 plantarum
920 601 1332 669 germinationis
1370 602 1643 671 superﬂua
1690 611 1962 671 secantes,
1998 603 2146 659 fruc-

578 701 729 744 tuum
781 690 994 745 lucrum
1048 692 1226 760 majus
1273 693 1602 758 obtinemus,
1654 696 1734 750 sic
1781 697 2146 766 corporalium

585 795 729 850 saepe
756 781 1136 836 detrimentum
1185 782 1365 843 facere
1416 785 1699 856 eligentes,
1748 787 1803 841 in
1849 788 2150 858 spirituali-

580 871 682 923 ltus
714 871 1090 936 abundamus;
1136 879 1190 926 et
1233 889 1428 929 rursus
1470 875 1523 928 in
1571 876 1735 930 rebus
1773 879 2147 933 materialibus

578 961 853 1014 lucrantes
902 975 1008 1013 non
1055 961 1191 1016 bene
1243 970 1296 1016 et
1344 963 1705 1029 abundantes,
1759 981 1847 1022 res
1897 967 2146 1023 immate-

579 1051 740 1105 riales
786 1058 838 1105 et
883 1062 1164 1108 manentes
1217 1053 1516 1122 perdimus.
1546 1054 1650 1109 Per
1682 1071 1803 1126 quae
1848 1058 1991 1113 enim
2036 1075 2147 1114 non

574 1141 723 1209 juste
763 1145 845 1196 vel
898 1144 1059 1197 etiam
1111 1145 1260 1214 juste
1312 1147 1689 1214 praevalemus,
1741 1152 1829 1220 qui
1867 1167 1973 1206 non
2011 1151 2168 1218 bene,

578 1233 673 1288 sed
705 1233 906 1302 injuste
952 1250 1168 1304 semper
1195 1236 1456 1293 addentes
1489 1239 1810 1310 augebimus
1853 1241 2072 1296 divitias
2097 1252 2150 1296 et

579 1320 632 1372 iu
665 1322 820 1376 vanis
874 1323 1402 1392 superabundamus,
1437 1328 1718 1383 materiam
1765 1330 1904 1400 ignis
1937 1330 2034 1384 ira:
2066 1330 2151 1385 di-

578 1413 715 1467 vinae
739 1416 1176 1471 thesaurizamus
1211 1425 1264 1471 et
1291 1418 1542 1473 morbum
1578 1422 1793 1492 corpori
1825 1437 1920 1492 per
1953 1423 2151 1477 intent-

579 1503 880 1571 perantiam
920 1505 972 1557 in
1006 1505 1089 1560 his
1122 1505 1478 1568 acquit‘imus.

814 1595 1015 1651 nullam
1047 1595 1152 1650 Deo
1184 1615 1387 1666 patriam
1421 1599 1596 1663 debes,

579 1662 683 1733 1ξὸ
726 1661 835 1733 Nec
872 1666 978 1730 ipse
1007 1667 1059 1718 in
1089 1661 1348 1720 debitores
1378 1661 1673 1724 misericors
1702 1671 1807 1733 sis;

580 1725 682 1786 159
732 1725 920 1808 Verum
952 1736 999 1786 si
1026 1735 1208 1808 Διίείνὶιὶ
1258 1737 1353 1788 tibi
1399 1739 1642 1793 conscius
1701 1725 1801 1803 es;
1829 1740 1977 1808 prior
2040 1739 2148 1808 ipse

797 1803 1072 1856 clementia
1099 1815 1261 1858 utere.

581 1869 685 1924 160
719 1868 1053 1948 Miserationi
1098 1875 1237 1927 enim
1285 1875 1556 1930 miseratio
1595 1877 1759 1931 etiam
1803 1878 1944 1948 apud
1978 1877 2146 1932 Deum

792 1941 1116 2009 rependitur.

651 2028 727 2084 De
757 2032 1018 2100 patientia
1048 2044 1100 2086 et
1132 2033 1892 2106 mansuctudinepvangelice
1929 2038 1984 2093 in
2029 2040 2153 2095 istis

582 2134 611 2172 a
646 2119 754 2176 Deo
789 2121 1089 2188 procedens
1136 2129 1191 2176 et
1244 2122 1475 2194 loquens
1527 2127 1702 2195 gratia
1758 2127 2032 2184 admonet.
2093 2128 2152 2184 Si

583 2212 818 2274 noveris,
853 2213 1052 2281 inquit,
1078 2213 1221 2282 quod
1253 2228 1425 2285 purus
1466 2222 1519 2271 et
1548 2217 1771 2272 omnino
1811 2217 2153 2288 irreprchen-

580 2302 759 2357 sibilis
782 2302 919 2356 nihil
953 2301 1064 2358 Deo
1093 2304 1292 2358 debeas
1336 2315 1529 2373 preme,
1575 2306 1972 2362 rationabiliter
2014 2307 2157 2364 forte

578 2401 633 2447 et
682 2397 754 2446 tu'
795 2393 1001 2463 absque
1052 2393 1428 2450 misericordia
1477 2411 1602 2450 cum
1663 2396 2002 2454 debitoribus
2040 2399 2152 2455 tuis

581 2490 787 2548 tracta;
827 2483 872 2537 si
919 2496 1046 2537 vero
1095 2481 1398 2537 debitorem
1435 2492 1489 2539 te
1521 2485 1809 2554 agnoveris
1851 2486 2153 2542 innumeris

578 2573 1021 2643 cogitationibus,
1059 2573 1236 2630 verbis
1286 2580 1340 2628 et
1384 2573 1668 2643 operibus,
1711 2573 1959 2643 profecto
1989 2575 2154 2631 debes

580 2674 633 2718 et
660 2664 954 2734 patientem
1003 2663 1113 2718 Deo
1153 2661 1402 2718 fenerare
1444 2678 1573 2732 erga
1616 2678 1963 2730 conservum,
2001 2680 2157 2719 man-

580 2753 870 2809 suetudine
912 2752 1210 2807 Dominica:
1267 2753 1363 2807 irae
1409 2752 1766 2812 intolerabile,
1811 2755 2049 2825 placare,
2101 2762 2151 2811 et

581 2844 934 2899 miseratione
956 2859 1083 2914 erga
1108 2845 1420 2913 proximum
1447 2837 1976 2900 animadversionem
2002 2861 2145 2901 aver-

580 2944 722 3001 tens,
770 2934 1205 2990 benevolentiam
1243 2949 1386 3006 erga
1434 2942 1489 2991 te
1539 2935 1814 2991 hominem
1867 2938 1950 2993 sic
1993 2938 2158 2994 bene-

579 3026 820 3081 volentia
877 3034 966 3080 tua
1021 3040 1146 3096 erga
1215 3026 1351 3081 alios
1408 3027 1654 3083 obtinere
1706 3046 1719 3081 :
1781 3029 2156 3084 misericordia

580 3117 728 3172 enim
757 3125 811 3172 et
840 3117 1180 3186 benignitate
1226 3116 1388 3172 nobis
1432 3117 1569 3187 ipsis
1619 3118 2049 3174 misericordiam
2100 3127 2155 3174 et

584 3207 975 3276 benignitatem
1029 3203 1270 3261 divinam
1333 3208 1677 3273 attraltimus,
1734 3208 1922 3264 eadem
1985 3210 2160 3266 abun-

584 3297 771 3353 dantia
803 3311 909 3366 qua
939 3297 1188 3352 dedimus
1212 3298 1465 3352 collatam
1498 3299 1685 3364 nobis;
1713 3308 1767 3353 et
1793 3299 1981 3356 eadem
2003 3315 2156 3356 men-

586 3397 717 3441 Sura
752 3401 856 3456 qua
885 3387 1058 3441 mensi
1095 3385 1298 3442 fuimus
1330 3388 1489 3443 nobis
1527 3389 1829 3443 remetitur.

589 3479 685 3533 161
730 3478 791 3534 Si
815 3479 1024 3548 quando
1052 3474 1258 3548 injuria
1307 3478 1603 3534 accenderit
1649 3492 1870 3535 mentem
1913 3489 2081 3547 luant,

588 3549 691 3604 162
731 3547 989 3602 Memento
1019 3547 1220 3602 Christi
1253 3549 1466 3620 ejusque
1499 3551 1788 3604 vulnerum.

660 3639 887 3706 Quando
919 3639 988 3694 ab
1012 3654 1122 3692 uno
1155 3654 1186 3693 e
1216 3639 1413 3695 vicinis
1443 3640 1641 3709 injuria
1676 3648 1909 3696 aestuare
1943 3640 2077 3696 facit
2109 3650 2163 3696 et

588 3733 832 3785 animum
860 3731 1091 3785 multum
1130 3743 1355 3784 movens
1386 3737 1550 3798 atque
1573 3729 1921 3783 vehementer
1955 3737 2163 3784 tumere

590 3823 820 3888 faciens,
863 3836 1117 3892 magnum
1143 3827 1202 3875 ut
1233 3823 1361 3874 ver‘o
1384 3819 1562 3874 simile
1594 3831 1678 3874 est
1699 3820 1919 3874 malitiae
1945 3819 2161 3874 inﬂam-

590 3922 701 3968 mat
757 3905 1066 3968 incendium
1128 3921 1182 3966 et
1239 3919 1387 3965 tuam
1451 3918 1686 3965 mentem
1737 3909 1802 3964 ad
1866 3911 2162 3967 vindictam

591 4005 793 4067 adurit,
841 4002 1130 4058 confestim
1179 4008 1454 4056 memento
1503 4000 1709 4056 Christi
1739 4019 1754 4056 :
1788 4001 2165 4056 recordatione

593 4101 841 4166 prompta
865 4100 918 4148 et
945 4093 1065 4147 viva
1093 4091 1234 4161 finge
1266 4091 1364 4144 tibi
1386 4090 1505 4158 ejus
1535 4090 1769 4159 injurias
1791 4097 1848 4145 et
1881 4090 2165 4148 illusiones

592 4195 646 4240 et
678 4185 887 4255 ﬂagella
917 4191 970 4238 et
1001 4184 1225 4238 vulnera
1253 4195 1374 4252 quae
1403 4182 1459 4234 iu
1510 4195 1674 4235 cruce
1714 4190 1937 4252 propter
1967 4190 2019 4236 te
2040 4197 2165 4252 pas-

596 4289 690 4329 sus
716 4281 819 4336 est,
864 4281 920 4328 et
978 4272 1255 4343 aequipara
1299 4272 1352 4325 in
1400 4271 1598 4340 spiritu
1646 4284 1756 4339 qua
1798 4284 2053 4326 mensura
2090 4270 2166 4324 tui

592 4364 812 4418 dolores
864 4371 1013 4417 retro
1059 4361 1275 4416 dolores
1324 4359 1537 4414 Domini
1585 4361 1931 4430 relinquunt;
1988 4362 2167 4431 cogita

597 4467 708 4507 non
761 4452 937 4506 solum
981 4450 1233 4506 dolorum
1269 4449 1655 4518 differentiam,
1684 4452 1976 4521 quomodo
2018 4468 2166 4507 com-

601 4545 885 4616 paratitui
917 4542 1197 4599 minimam
1221 4552 1446 4613 partem
1487 4542 1740 4597 dolorum
1785 4544 1958 4613 ipsius
1985 4553 2172 4599 osten-

599 4637 776 4698 dunt,
839 4634 935 4691 sed
984 4642 1037 4688 et
1072 4648 1363 4705 personam
1406 4633 1701 4689 recordare
1748 4636 2021 4704 patientis,
2047 4637 2173 4706 quia

598 4727 717 4797 ipse
740 4726 881 4781 Deus
915 4733 968 4780 et
996 4725 1273 4795 magister,
1305 4723 1430 4794 quia
1457 4724 1540 4779 vel
1573 4739 1681 4778 non
1727 4740 1888 4794 quam
1927 4725 2172 4790 minime,

600 4834 702 4873 nec
746 4819 1076 4887 cogitatione
1127 4832 1226 4872 nec
1274 4817 1460 4887 lingua
1503 4832 1743 4886 unquam
1780 4818 2042 4886 peccavit.
2095 4816 2177 4871 Tu

601 4925 734 4963 vero
766 4916 820 4964 et
845 4909 1009 4963 homo
1037 4923 1097 4962 es
1118 4919 1171 4963 et
1200 4923 1415 4970 servus,
1463 4915 1517 4960 et
1546 4907 1814 4963 obnoxius
1841 4908 2028 4963 multis
2057 4908 2179 4962 mil-

602 5002 746 5057 libus
796 4999 1146 5070 negligentiis
1195 4999 1439 5069 quotidie
1487 4998 1709 5065 laberis,
1757 5006 1811 5053 et
1855 4999 1934 5055 sic
1979 4999 2178 5055 talibus

603 5090 1031 5160 cogitationibus
1068 5089 1227 5159 quasi
1267 5089 1422 5160 aquis
1468 5086 1769 5143 Salvatoris
1805 5089 2094 5144 incantans
2124 5097 2180 5145 et

605 5182 844 5252 irrigans
881 5181 1117 5233 animam
1163 5189 1335 5246 tuam,
1379 5180 1604 5235 ardores
1646 5179 1953 5236 alﬂictionis
1987 5188 2040 5235 et
2084 5181 2179 5234 irae

606 5271 907 5337 exstingue.

963 5417 966 5420 ί
1274 5377 1300 5408 \

603 5450 708 5504 165
749 5449 934 5513 Amor,
968 5448 1214 5514 ebrietas,
1253 5448 1402 5512 livor,
1445 5458 1494 5503 et
1535 5449 1760 5512 daemon,
1789 5447 2034 5518 aequalia.

679 5540 931 5606 Quatuor
983 5538 1096 5594 haec
1147 5541 1463 5594 summatim
1513 5554 1774 5611 apparere
1811 5537 2177 5606 insipientiam

605 5643 660 5691 et
692 5633 1098 5689 aberrationem
1133 5633 1360 5702 spiritus
1401 5631 1468 5687 ad
1514 5631 1702 5702 pejora
1737 5638 1790 5685 et
1847 5628 2182 5681 immutatio-

609 5740 734 5779 nem
759 5724 1076 5779 inducentia
1100 5723 1541 5794 cognoscendum
1571 5730 1675 5785 est,
1699 5735 1850 5773 amor
1881 5732 2174 5788 corporum

607 5818 906 5877 effrenatus
950 5825 1001 5875 et
1038 5817 1426 5876 immoderatus
1475 5825 1526 5874 et
1584 5816 1804 5880 ardens,
1849 5813 2083 5868 ebrietas
2126 5819 2177 5866 et

1944 394 2244 454 NICETAS
2262 397 2472 454 DAVID

3737 397 3840 456 826

2255 517 2444 588 ὥσπερ
2463 517 2530 571 τά
2560 517 2787 589 περιττά
2817 517 2914 588 τῆς
2928 516 3164 588 βλάστης
3178 516 3288 570 τῶν
3303 515 3486 587 φυτῶν
3515 515 3840 586 περιτεμὼ-

2246 620 2358 669 τες,
2383 605 2442 657 τὺ
2467 604 2574 657 ἀπὸ
2588 604 2688 674 τῆς
2715 605 3020 674 εὐκαρπίας
3043 606 3233 677 κέρδος
3256 605 3417 659 πλέον
3444 603 3795 675 ποριζόμεθα

2248 693 2466 746 οὕτωτά
2481 693 2764 763 σωματικά
2777 693 3036 757 πολλάκις
3047 693 3370 764 ζημιοῦσθαι
3387 689 3831 764 προαιρούμενοι,

2247 785 2362 844 τοῖς
2391 784 2779 851 πνευματικοῖς
2808 781 3239 852 ἐνευθηνοὺμεθα
3263 797 3276 810 ·
3311 782 3403 834 καὶ
3427 778 3687 850 ἔμπαλιν,
3719 781 3838 842 τοῖς

2249 868 2358 921 ἀπὸ
2382 869 2480 938 τῆς
2507 868 2638 936 ὕλης
2669 869 3038 941 κερδαίνοντες
3067 869 3128 922 οὑ
3155 868 3334 931 καλῶς
3354 868 3448 920 καὶ
3477 865 3832 935 πληθυνόμε-

2249 979 2329 1014 νοι
2348 1001 2363 1024 ,
2386 961 2452 1013 τὰ
2476 961 2609 1014 ἄῦλα
2633 960 2976 1031 ζημιούμεθα
2991 960 3084 1013 καὶ
3111 960 3362 1028 μένοντα·
3391 960 3479 1027 ἐφ’
3511 953 3590 1021 οἷς
3616 958 3727 1028 γὰρ
3763 959 3834 1010 οὐ

2249 1051 2472 1113 δικαίως
2517 1049 2548 1120 ἢ
2583 1051 2678 1102 καὶ
2715 1051 2938 1114 δικαίως
2976 1051 3304 1121 προέχομεν,
3340 1050 3500 1118 εἴπερ
3536 1049 3594 1102 οὐ
3649 1049 3834 1111 καλὰ

2251 1140 2370 1193 ἀλλ’
2395 1139 2598 1201 ἀδίκως
2627 1139 2713 1192 ἀεὶ
2739 1139 3122 1209 προστιθέντες
3149 1138 3532 1209 προσαύξομεν
3549 1138 3642 1191 τὸν
3673 1138 3836 1191 πλοῦ-

2249 1248 2340 1284 τον
2371 1231 2465 1283 καὶ
2511 1230 2693 1300 μάτην
2719 1227 3248 1300 ὑπερπλεονάζομεν,
3292 1228 3425 1298 ὕλην
3455 1229 3552 1299 μὲν
3575 1227 3657 1298 τῷ
3697 1227 3841 1297 πυρὶ

2249 1323 2349 1392 τῆς
2377 1322 2525 1385 Θείας
2551 1319 3066 1391 ἀποθησαυρίζομεν
3105 1320 3273 1391 ὀργῆς
3293 1360 3308 1383 ,
3341 1320 3495 1373 νόσον
3519 1318 3575 1371 δέ
3608 1316 3688 1389 τῷ
3721 1316 3833 1370 σώ-

2256 1431 2383 1484 ματι
2410 1412 2498 1466 διὰ
2528 1411 2627 1482 τῆς
2665 1411 2935 1483 ἀμετρίας
2959 1410 3192 1464 ἐνταῦθα
3223 1408 3616 1482 προξενοῦμεν.

2254 1613 2358 1666 157
2387 1615 2456 1666 Εἰ
2479 1610 2676 1680 μηδὲν
2697 1613 2904 1680 deum
2925 1609 3003 1675 τῷ
3034 1608 3155 1675 Θεῷ
3182 1606 3488 1678 τιμωρίας,

2255 1683 2357 1736 158
2381 1673 2528 1749 Mn}?
2552 1673 2748 1749 ‘aetoé
2777 1673 2899 1734 ἴσθι
2926 1673 3052 1745 τοῖς
3083 1673 3340 1749 {igniscat
3379 1673 3727 1749 (γυλοιεινᾳθήςιζ

2255 1753 2359 1808 159
2391 1741 2471 1806 Εί
2493 1749 2544 1804 δ’
2567 1741 2739 1817 cidae
2757 1750 2980 1819 ὀφλων,
3012 1741 3490 1816 καϊπρόχρησοὶρ
3515 1743 3585 1796 τὸ
3605 1741 3842 1811 πρᾶογο

2255 1885 2358 1941 160
2396 1885 2583 1951 Οῑκτῳ
2608 1884 2716 1955 γὰρ
2746 1879 2948 1948 οῖκτος
2975 1877 3073 1936 καί
3111 1876 3232 1944 Θεῷ
3257 1875 3657 1946 σταθμίζεται.

2324 2039 2457 2110 Περὶ
2495 2037 2847 2102 ἀνεξικακίας
2878 2037 2972 2090 καὶ
3012 2036 3318 2107 πραότητος
3354 2029 3732 2102 εὑαγγελικῶς
3781 2029 3843 2080 ἐν

2250 2130 2472 2193 τούτοις.
2488 2131 2523 2199 ἡ
2550 2127 2838 2199 θεόδρυτος
2862 2121 3143 2198 χάριςκαὶ
3167 2123 3429 2194 θεηγόρος
3455 2121 3721 2175 νουθετεῖ.
3747 2119 3842 2172 Εἷ-

2254 2238 2358 2292 περ
2383 2215 2551 2284 οἶδας,
2580 2218 2763 2290 φησὶν,
2794 2218 2868 2280 ὡς
2899 2215 3141 2287 καθαρὸς
3159 2213 3235 2268 ὣν
3255 2214 3350 2267 καὶ
3378 2215 3556 2280 πάντη
3583 2208 3838 2280 ἀναμάρ-

2251 2328 2434 2381 τητος,
2481 2309 2632 2363 οὐδὲν
2672 2308 2752 2378 τῷ
2799 2305 2917 2376 Θεῷ
2971 2306 3205 2373 ὀφείλεις
3241 2304 3546 2374 τιμωρίας,
3599 2301 3838 2368 εὐλόγως

2257 2401 2415 2471 τυχὸν
2443 2400 2537 2454 καὶ
2563 2399 2725 2461 αὑτὸς
2749 2395 3089 2467 ἀωμπαθῶς
3113 2396 3351 2467 κέχρησο
3374 2397 3489 2457 τοῖς
3522 2392 3836 2461 ὀφειλέταις

2252 2495 2365 2556 τοῖς
2390 2495 2531 2554 σοξο
2570 2492 2617 2543 εί
2643 2490 2700 2543 δὲ
2739 2488 3023 2558 ὀφειλέτην
3077 2486 3323 2549 σύνοιδας
3351 2485 3550 2538 σαυτὸν
3585 2484 3643 2534 ἐν
3677 2482 3839 2535 ἀπεί-

2260 2599 2370 2653 ροις
2394 2597 2452 2633 τε
2484 2579 2764 2648 λογισμοῖς
2807 2578 2900 2630 καὶ
2942 2577 3124 2644 λόγοις
3160 2573 3256 2628 καὶ
3302 2573 3567 2644 πράξεσι,
3619 2571 3840 2633 πάντως

2256 2670 2490 2739 ὀφείλεις
2509 2669 2601 2723 καὶ
2625 2668 2686 2720 τὸ
2707 2667 3031 2733 ἀνεξίκακον
3053 2664 3424 2735 προδανείσειν
3444 2661 3522 2730 τῷ
3547 2661 3690 2731 Θεῷ,

2258 2761 2392 2830 πρὸς
2415 2760 2506 2814 τὸν
2530 2757 2812 2812 σύνδουλον
2832 2757 3100 2826 πραότητι
3125 2755 3185 2807 τδ
3209 2754 3341 2807 πολὺ
3369 2753 3472 2823 τῆς
3497 2750 3843 2820 Δεσποτικῆς

2256 2851 2424 2924 ὀργῆς
2457 2850 2620 2901 ὑποτε
2630 2849 2770 2919 μεῖν,
2792 2847 2885 2900 καὶ
2907 2849 2974 2916 τῇ
3003 2843 3314 2914 συμπαθείᾳ
3331 2844 3398 2912 τῇ
3424 2842 3563 2912 πρὸς
3583 2840 3676 2893 τὸν
3706 2837 3844 2910 πλη-

2270 2943 2374 2995 σίον
2401 2940 2803 3010 ὑφαιρούμενος
2838 2935 2937 3008 τὴν
2966 2936 3362 3006 ἀγανάκτησιν,
3391 2934 3494 3004 τὴν
3525 2931 3842 3002 φιλανθρωο

2259 3030 2388 3082 πίαν
2417 3028 2559 3080 οὕτω
2585 3027 2672 3080 διὰ
2700 3023 3108 3094 φιλανθρωπίας
3136 3021 3474 3075 ἐπισπᾶσθαι
3495 3034 3510 3048 ·
3538 3022 3709 3088 οῐκτῳ
3733 3018 3845 3088 γὰρ

2259 3118 2353 3173 τδν
2385 3114 2563 3171 οἵκτον
2591 3116 2686 3171 καὶ
2710 3114 2845 3184 ἐλέῳ
2869 3112 2960 3166 τὸν
2989 3113 3135 3166 ἔλεον
3156 3112 3366 3173 ἑαυτοῖς
3398 3111 3490 3164 τὸν
3513 3109 3656 3162 θεῖον
3676 3107 3846 3177 ἐφελ-

2260 3210 2488 3281 κόμεθα,
2513 3208 2788 3276 ἀναλόγως
2809 3201 2853 3274 ᾧ
2868 3205 3082 3276 δίδομεν
3106 3203 3362 3258 ἀντισταθ
3372 3200 3664 3274 μιζόμενον
3683 3202 3844 3270 ἡμῖν,

2262 3301 2356 3355 καὶ
2392 3293 2436 3368 ᾧ
2470 3299 2653 3370 μέτρῳ
2680 3294 2988 3368 μετροῦμεν
3023 3292 3524 3366 ἀντιμετροὺμενον
3557 3293 3715 3363 ἡμῖν.

2263 3480 2359 3536 itii
2397 3481 2583 3533 Ὅταν
2606 3479 2738 3532 ποθ’
2769 3477 2936 3544 ὕϐρις
2957 3475 3144 3544 ἐκκὰῃ
3169 3474 3286 3542 τὴν
3309 3472 3433 3540 σὴν
3453 3471 3667 3542 φρένα,

2265 3550 2368 3605 162
2379 3549 2690 3615 Mar-15001111
2717 3541 2974 3616 Χριστοῦ
2993 3541 3176 3599 τῶν-τ’
3206 3541 3442 3597 ἐκεινσυ
3465 3541 3840 3610 τραυμάτων.

2343 3636 2513 3690 Ἦνίκ*
2541 3636 2605 3690 ἀν
2641 3651 2732 3688 του
2762 3637 2826 3688 ἐκ
2847 3633 3105 3702 γειτόνων
3127 3633 3161 3702 ἡ
3191 3631 3348 3702 ὕϐρις
3389 3628 3725 3693 ἀναζέσασα,
3750 3626 3846 3680 καὶ

2265 3732 2344 3794 είς
2369 3728 2502 3798 ὕψος
2537 3725 2766 3798 ἀρθεῖσα
2800 3725 2943 3796 μέγα
2968 3764 2984 3786 ,
3012 3724 3106 3778 καὶ
3137 3722 3342 3792 σφόδρα
3385 3718 3840 3792 μετεωρισθεῖσα,

2265 3819 2486 3890 πολλὴν,
2514 3818 2590 3882 ὠς
2623 3817 2791 3880 εἰκὸς,
2813 3817 2912 3886 τὴν
2943 3817 3043 3886 τῆς
3067 3814 3265 3876 κακίας
3296 3811 3638 3884 ἀναρριπίσῃ
3664 3809 3844 3878 φλόγα

2264 3911 2359 3964 καὶ
2387 3913 2486 3982 τὴν
2521 3909 2618 3978 σὴν
2656 3903 2941 3978 ἀνακαύνσῃ
2973 3905 3214 3959 διάνοιαν
3263 3902 3399 3974 πρὸς
3433 3901 3664 3971 ἄμυναν.
3711 3897 3846 3951 ὑπο-

2269 3999 2534 4071 μνήσθητι
2575 3996 2827 4067 παραυτὰ
2873 3995 2966 4047 τοῦ
3007 3990 3275 4066 Χριστοῦ,
3313 3987 3721 4059 φαντασιώθητι
3768 3985 3845 4039 δι’

2266 4090 2523 4163 ἐνεργοῦς
2555 4087 2906 4161 μνημοσύνης
2934 4085 3094 4149 εὐθὺς
3120 4083 3229 4136 τῶν
3259 4081 3470 4152 ὕϐρεων
3505 4079 3718 4163 ἐκείνοι)
3750 4077 3848 4130 καὶ

2267 4159 2598 4252 ἐμπαιγμῶν
2645 4177 2739 4231 καὶ
2795 4175 3079 4246 μαστίγων
3120 4173 3212 4226 καὶ
3262 4169 3613 4241 τραυμάτων.
3663 4159 3740 4222 ὧν
3785 4167 3850 4219 ἐν
3928 4249 3931 4251 _

2271 4270 2488 4342 σταυρῷ
2532 4269 2732 4338 ὑπέσχε
2779 4267 2867 4320 διὰ
2894 4266 2982 4328 σὲ,
3018 4263 3114 4318 καὶ
3147 4261 3462 4330 ἀναλόγισαι
3511 4259 3591 4328 τῷ
3624 4258 3703 4311 νοῒ
3750 4273 3848 4310 σου

2267 4361 2488 4432 νοερῶς,
2514 4360 2663 4430 πόσῳ
2682 4357 2866 4429 μέτρῳ
2882 4354 2948 4408 τὰ
2962 4354 3030 4408 σά
3052 4352 3197 4424 πάθη
3213 4351 3322 4404 τῶν
3347 4350 3693 4404 Δεσποτικῶν
3719 4350 3848 4403 ἀπο-

2271 4455 2594 4524 λιμπάνεται
2613 4466 2626 4480 ·
2651 4449 2931 4520 ἐννοήθητι
2960 4446 3033 4518 μὴ
3061 4444 3168 4498 τῶν
3188 4443 3529 4515 παθημάτων
3560 4440 3721 4512 μόνον
3752 4441 3852 4512 τὴν

2268 4543 2548 4616 διαφορὰν,
2585 4541 2659 4604 ὼς
2681 4539 2744 4593 τὸ
2773 4537 3062 4592 πολλοστὸν
3100 4536 3264 4608 μέρος
3292 4534 3402 4588 τῶν
3433 4533 3642 4586 ἐκείνου
3671 4547 3848 4602 παρα-

2271 4636 2528 4706 τιθέμενα
2565 4633 2840 4685 δείκνυται
2887 4628 2953 4681 τά
2999 4627 3103 4690 σά,
3136 4626 3270 4680 ἀλλά
3313 4625 3407 4677 καὶ
3451 4623 3514 4676 τὸ
3551 4623 3846 4694 πρόσωπον

2278 4725 2546 4799 μνήσθητι
2566 4723 2658 4775 τοῦ
2685 4723 3003 4790 πάσχοντος,
3043 4719 3124 4771 ὅτι
3156 4720 3184 4770 ὀ
3221 4717 3319 4786 μὲν
3348 4714 3478 4777 Θεὸς
3513 4714 3608 4766 καὶ
3640 4713 3845 4766 Δεσπό-

2274 4816 2497 4885 της,καὶ
2529 4799 2634 4866 οὑδ²
2673 4813 2796 4864 ὅσον
2829 4809 3007 4876 ὀλίγον
3041 4808 3148 4860 οὐδ’
3187 4809 3272 4859 ἐπ’
3296 4804 3525 4866 ἐννοίαις
3557 4803 3592 4873 ἢ
3627 4802 3844 4873 γλώσσῃ

2276 4906 2494 4958 πώποτε
2539 4900 2819 4972 ἁμαρτὼν,
2868 4899 2930 4950 σὺ
2975 4898 3030 4949 δὲ
3062 4897 3156 4950 xui.
3203 4895 3490 4964 ἄνθρωπος
3539 4894 3632 4945 καὶ
3667 4891 3847 4954 δοῦλος

2277 4996 2369 5049 καὶ
2407 4995 2587 5064 ἔνοχος
2625 4991 2840 5062 μυρίοις
2875 4989 2996 5042 καθ’
3028 4989 3266 5064 ἐκάστην
3297 4986 3622 5039 ὑποπίπτων
3670 4984 3847 5054 πλημ-

2280 5083 2411 5153 μελή
2422 5098 2572 5151 μασι,
2599 5079 2693 5131 καὶ
2721 5077 2863 5130 οὕτω
2889 5075 2954 5145 δὴ
2983 5070 3113 5136 ταῖς,
3137 5071 3416 5134 τοιαύταις
3439 5070 3550 5124 τῶν
3572 5069 3848 5138 λογισμῶν

2276 5171 2503 5232 ἐννοίαις
2530 5169 2604 5231 ὼς
2633 5167 2818 5220 ὕδασιν
2849 5162 3041 5217 ἐαυτοῦ
3075 5161 3394 5231 κατεπᾴδων
3424 5159 3520 5212 καὶ
3546 5158 3725 5227 ἄρδων
3754 5159 3852 5228 τὴν

2277 5264 2477 5333 ψυχὴν,
2516 5260 2576 5312 τὸ
2627 5257 2956 5327 φλεγμαῖνον
2993 5255 3091 5322 τῆς
3138 5252 3314 5321 λύπης
3362 5249 3728 5305 κατασϐέσαιο
3758 5250 3849 5303 καὶ

2279 5356 2378 5423 τῆς
2406 5352 2592 5423 ὀργῆς»
3491 5373 3494 5377 ’

2284 5445 2382 5500 1ϋὸ
2414 5446 2622 5509 Ἔρως,
2641 5438 2812 5508 μέθη,
2845 5437 3021 5504 ζῆλός
3041 5451 3105 5487 τε
3130 5432 3226 5487 καί
3243 5431 3468 5498 δαίμων
3486 5425 3614 5484 ἶσα.

2354 5535 2606 5601 Τέσσαρα
2636 5529 2827 5593 ταῦτα,
2869 5525 3253 5595 κεφαλαιωδῶς
3285 5523 3468 5590 φάναι,
3500 5521 3852 5593 παραφροσύ-

2282 5643 2378 5696 νης
2413 5624 2506 5677 καὶ
2531 5624 2628 5690 τῆς
2660 5622 2750 5673 ἐπὶ
2773 5621 2833 5672 τὸ
2863 5620 3042 5688 χεῖρον
3069 5616 3374 5677 ἐκστάσεως
3405 5613 3500 5665 τοῦ
3535 5611 3623 5665 νοῦ
3655 5631 3848 5681 γνωριι

2284 5716 2434 5768 στέον
2485 5713 2579 5765 καὶ
2627 5709 2987 5782 παρατροπῆς
3040 5706 3336 5776 ποιητικὰ,
3392 5704 3555 5774 ἔρως.
3585 5705 3851 5774 σωμάτων

2284 5805 2578 5868 ἀκόλαστος
2615 5804 2706 5859 καὶ
2746 5799 2993 5875 ἀκρατὴς
3023 5799 3117 5854 καὶ
3150 5796 3454 5871 μανιώδης,
3487 5793 3623 5859 μέθη
3654 5794 3745 5852 καὶ
3775 5800 3854 5852 οι.
