4020 6302
182 417 283 485 825

189 544 468 615 νοφλυγία,
493 544 630 615 πρὸς
657 543 714 598 δὲ
739 543 832 598 καὶ
863 543 1024 616 ζῆλος
1057 546 1321 618 φονὼδης,
1352 548 1410 611 ὃς
1429 549 1575 602 ἐστιν
1595 549 1764 621 ὀργῆς

194 636 380 705 ἔξαψις
418 637 511 690 καὶ
542 635 714 689 λύσσα
735 653 748 666 ·
793 635 867 698 ὼς
901 637 1090 707 πόρρω
1130 637 1229 707 μὲν
1269 638 1363 690 τοῦ
1393 639 1598 708 ἀγαθοῦ
1627 641 1763 692 ἀποο

190 725 556 797 διοικιζόμενα
579 768 595 791 ,
631 727 859 797 δαίμονα
896 726 953 779 δὲ
996 725 1201 780 τούτων
1234 729 1462 784 ἕκαστον
1515 730 1763 801 ἀνάπτην

191 818 284 871 καὶ
331 818 770 888 ὲπισπουδαστὴν
810 817 1252 888 κεκληρωμένον,
1282 814 1364 883 οἷς
1396 819 1462 874 ἂν
1492 822 1762 889 ἐπισφρα-

193 909 395 976 γίσειεν
433 907 655 977 ἀφανῶς
695 907 1094 977 ἐπιτιθέμενον,
1125 907 1222 979 τὴν
1256 909 1516 980 φρόνησιν
1555 911 1765 974 τούτοις

194 1001 494 1065 ἐπικλύζει,
526 1000 621 1053 xal.
647 999 738 1053 τὸν
769 984 1105 1071 ὀρθόνίλόγον
1133 1003 1504 1073 παραιρεῖται.
1538 1002 1636 1064 Τίς
1667 997 1764 1056 οὖν

193 1095 225 1164 ἠ
261 1091 469 1145 τούτων
505 1090 645 1155 ἴασις
695 1092 787 1146 καὶ
834 1091 1140 1161 θεραπείας
1182 1093 1348 1163 Τῆξις
1396 1092 1648 1163 σώματος
1697 1093 1763 1145 δι’

193 1183 366 1253 ἀκρας
389 1181 640 1252 νηστείας
658 1197 717 1234 τε
741 1181 834 1234 καὶ
860 1182 1184 1257 ἀγρυπνίας,
1208 1183 1485 1254 προσευχὴ
1512 1181 1768 1252 διηνεκὴς

194 1275 286 1329 καὶ
311 1273 686 1344 ἀνατεταμένη
718 1274 855 1344 πρὸς
872 1274 965 1327 τὸν
993 1273 1220 1345 Κύριον,
1256 1274 1492 1345 δάκρυον
1524 1273 1585 1338 ἐξ
1614 1274 1767 1343 ἱερᾶς

194 1365 285 1419 καὶ¹
316 1363 642 1435 εἰλικρινοῦς
683 1363 1033 1437 κατανύξεως
1069 1364 1162 1418 καὶ
1205 1364 1492 1435 μετανοίας
1526 1365 1768 1418 ἀποστά-

195 1458 286 1522 ζον
329 1457 440 1510 τῶν
490 1455 785 1526 ὀφθαλμῶν
812 1471 825 1484 ·
875 1454 1054 1509 ταῦτά
1092 1457 1210 1509 ἐστι
1243 1456 1354 1510 τῶν
1398 1455 1550 1527 ἐμῶν
1598 1457 1769 1510 νόσων

194 1547 463 1618 φάρμακα
507 1546 752 1616 σωτήρια
782 1544 876 1598 καὶ
905 1544 1013 1599 τῶν
1051 1544 1150 1611 τῆς
1192 1544 1418 1616 καρδίας
1449 1543 1773 1616 ἀρρωστιῶν

195 1630 543 1706 ἀλεξητήρια.

197 1723 298 1779 169
328 1723 550 1791 Ὅρκον
571 1721 642 1775 δὲ
670 1721 852 1793 φεῦγε
879 1720 1077 1775 πάντα
1114 1719 1274 1792 (8-9).

263 1812 509 1867 Καθόλου
536 1812 629 1865 τὸν
661 1813 821 1902 ςρκον
855 1809 1146 1882 ἀπώμοτον
1175 1812 1276 1864 καὶ
1307 1811 1674 1882 ἀποτρόπαιον
1704 1810 1774 1866 τά
1825 1861 1831 1868 .

191 1919 254 1959 τε
306 1903 430 1974 ἱερά
477 1896 788 1971 Εὑαγγέλια
837 1902 934 1956 καὶ
985 1903 1016 1955 6
1065 1902 1567 1971 εὐαγγελικὼτατος
1617 1896 1772 1965 οὗτος

197 1992 445 2061 θεολόγος
470 1993 854 2063 ἀποφαίνεται,
891 1993 1070 2047 πάντα
1096 1993 1319 2063 φεύγειν
1356 1996 1520 2065 ὅρκον
1559 2011 1773 2067 παρεγ-

195 2084 367 2154 γυῶν,
417 2083 492 2148 ὡς
540 2083 824 2154 ἐπιορκίας
870 2084 1186 2155 ὑπάρχοντα
1226 2085 1439 2156 πατέρα
1466 2103 1481 2118 ο
1533 2085 1620 2151 τίς
1664 2086 1773 2158 γάρ

196 2176 361 2248 ὅρκου
388 2175 644 2242 καθάπαξ
683 2178 1023 2248 ἀπεχόμενος
1056 2175 1372 2247 ὲπιὼρκησε
1406 2175 1630 2230 πώποτε
1650 2193 1668 2245 ;
1691 2178 1694 2180 ⁷
1716 2177 1776 2228 ὐ

197 2269 253 2323 δὲ
285 2267 504 2339 ὀμνύων
530 2268 564 2339 ἢ
589 2267 649 2332 ἐξ
677 2269 921 2336 ἀγνοίας,
953 2268 986 2338 ἢ
1019 2267 1084 2322 ικ
1107 2284 1252 2330 τινος
1283 2267 1540 2320 ἀκουσίου
1575 2267 1714 2337 βίας,
1740 2266 1774 2335 ἢ

199 2362 660 2432 καταφρονήσεως
698 2359 792 2411 καὶ
828 2357 965 2412 Θεοῦ
1014 2358 1243 2428 ἀφοϐίας
1283 2358 1777 2429 παρακινούμενος.

201 2453 278 2516 είς
303 2450 590 2522 ἐπιορκίαν
622 2449 828 2502 ἐπίπαν
848 2448 1200 2523 ὑποφέρεται,
1236 2449 1330 2502 καὶ
1357 2448 1531 2512 οὕτως
1560 2450 1588 2501 6
1616 2449 1779 2518 ὅρκος

201 2540 489 2611 ἐπιορκίας
517 2538 729 2608 γίνεται
775 2537 980 2610 πατήρ.
1026 2538 1084 2595 '0
1114 2538 1212 2610 μὲν
1239 2534 1332 2590 οὖν
1357 2536 1586 2600 παλαιὸς
1620 2537 1782 2607 νόμος

200 2629 576 2700 ἀτελεστέροις
600 2627 1123 2700 προσδιαλεγόμενος
1147 2628 1204 2680 ὲν
1231 2627 1371 2690 θεοῖς
1391 2629 1485 2680 καὶ
1509 2626 1781 2696 δαίμοσιν,

200 2716 284 2786 οἷς
300 2719 617 2790 ἑλάτρευον,
643 2718 864 2789 ὀμνύειν
885 2717 1233 2786 εἰθισμένοις,
1255 2717 1441 2788 ὥσπερ
1459 2716 1556 2778 τὰς
1582 2715 1784 2778 ζωοθυο

203 2811 322 2876 σίας
365 2813 446 2874 εἰς
475 2809 666 2864 ἑαυτὸν
707 2808 939 2880 μεθιστᾷ
961 2807 1060 2872 τάς
1102 2807 1547 2876 εἰδωλολατρείας
1600 2805 1788 2860 ἐπικό-

203 2920 378 2965 Ιιετων,
401 2900 544 2954 οὕτω
571 2901 666 2952 καὶ
691 2901 816 2963 τοὺς
850 2899 1068 2970 ὅρκους,
1092 2897 1279 2967 ἐπειδὴ
1295 2895 1548 2963 καθάπαξ
1580 2893 1788 2950 ἀνελεῖν

205 2994 304 3048 οὐκ
337 2987 451 3063 εἶχε
497 2989 710 3063 καιρὸν,
732 2989 982 3060 μετάγων
1024 2990 1103 3053 είς
1135 2988 1227 3041 τὸν
1259 2987 1503 3050 Θεὸν,είς
1535 2987 1789 3056 εὐορκίαν

203 3081 297 3135 ὼν
320 3083 486 3152 ὅρκον
518 3080 901 3152 περιίστησιν-⁸
933 3077 1207 3147 εὐκαίρως
1235 3075 1292 3130 δὲ
1334 3078 1367 3147 ἠ
1399 3077 1563 3146 χάρις
1609 3074 1788 3144 Ἰησοῦ

204 3158 445 3238 Χριστοῦ
465 3208 482 3230 ,
521 3166 596 3230 ὡς
628 3167 657 3218 ὀ
681 3165 832 3235 ἥλιος
860 3163 1317 3228 ὲξανατὲλλουσα,
1361 3163 1458 3217 καὶ
1488 3161 1565 3233 τῷ
1613 3162 1785 3232 ὕπερ-

206 3256 459 3312 ϐἀλλοντι
499 3255 602 3324 τῆς
633 3253 892 3324 ἀληθείας
925 3255 1123 3322 φέγγει
1151 3253 1245 3306 τὸν
1268 3252 1460 3323 λύχνον
1489 3252 1581 3305 τοῦ
1620 3252 1785 3323 νόμου

206 3347 562 3419 καταργοῦσα
601 3345 658 3398 ἐν
708 3363 767 3398 τε
816 3349 928 3409 τοῖς
964 3346 1271 3416 θεαρχικοῖς
1308 3343 1694 3413 Εὑαγγελὶοις,
1735 3341 1792 3396 ἐν

207 3457 271 3495 τι
307 3440 422 3502 τοῖς
453 3437 836 3513 εύαγγελι-κοῖς
893 3437 1244 3508 ἱεροφάνταις
1268 3475 1283 3501 ,
1329 3435 1519 3506 ὥσπερ
1563 3434 1791 3489 καθόλου

209 3528 514 3596 ζωοθυσίαν
563 3529 766 3594 πᾶσαν,
813 3525 958 3580 οὕτω
999 3528 1092 3579 καὶ
1137 3527 1318 3582 πάντα
1367 3526 1528 3598 ὅρκον
1572 3525 1794 3596 φεύγειν

209 3613 467 3686 καθάπαξ
516 3618 910 3689 παραγγέλλει.
965 3617 1090 3680 Πῶς
1135 3612 1250 3682 οὖν,
1303 3619 1472 3689 φησι,
1525 3617 1795 3686 πείσομεν

208 3713 340 3777 τοὺς
377 3711 506 3782 περὶ
547 3705 622 3764 ὧν
665 3709 933 3779 λαλοῦμεν
974 3709 1450 3777 ἀμφιϐάλλοντας;
1495 3707 1652 3777 Λόγῳ
1696 3707 1794 3777 μὲν

209 3803 369 3874 δῆλον
396 3803 478 3855 ὅτι
505 3798 993 3870 διαϐεϐαιούμενοι,
1025 3798 1117 3851 κοιλ¹
1144 3798 1221 3868 τῷ
1244 3797 1432 3868 τρόπῳ
1457 3796 1513 3849 δὲ
1539 3797 1642 3866 τῆς
1672 3795 1793 3848 κατ’

211 3895 419 3968 ἀρετὴν
453 3893 694 3964 βιώσεως
725 3891 820 3945 καὶ
847 3889 1211 3960 ἀληθευτικῆς
1240 3888 1407 3953 ἕξεως
1449 3887 1796 3956 πιστουμένῳ

213 3984 316 4040 τοῦ
352 3984 514 4053 λόγου
542 3984 639 4054 τὴν
667 3980 978 4054 ἀκρίϐειαν,
1011 3978 1244 4049 ἑτοίμως
1269 3978 1529 4048 ἐνάξομεν
1565 3977 1644 4039 είς
1672 3993 1798 4045 συγ-

215 4075 533 4132 κατάθεσιν.
565 4071 659 4135 Τίς
695 4071 806 4141 γὰρ
830 4068 988 4138 λόγον
1021 4069 1149 4140 παρ’
1177 4067 1369 4140 ἀνδρὸς
1399 4066 1634 4131 ἀκούων,
1669 4067 1800 4137 ἀλήι

215 4168 371 4223 θειαν
427 4166 515 4219 ἀεὶ
560 4162 835 4225 ποιοῦντος
882 4163 976 4215 καὶ
1031 4159 1323 4222 λαλοῦντος
1350 4198 1365 4220 ,
1414 4157 1718 4224 ἀντιλέγειν
1764 4156 1796 4228 ἢ

219 4260 470 4315 ἀπιστεῖν
508 4256 659 4327 ἓχοι;
697 4255 809 4309 Καὶ
832 4254 943 4325 γὰρ
985 4245 1031 4320 ᾧ
1075 4248 1400 4321 φιλοψευδὴς
1428 4252 1456 4302 6
1481 4248 1681 4320 τρόπος
1706 4248 1801 4301 καὶ

219 4348 664 4420 φιλαμαρτήμων
709 4347 831 4409 ὅλος
855 4346 886 4398 ὀ
930 4342 1043 4414 βίος
1076 4339 1445 4413 χρηματίζει,
1479 4336 1656 4406 τούτῳ
1689 4335 1800 4389 οὐδ’

218 4441 483 4514 ὀμνύοντι
517 4440 646 4509 ῥᾷον
676 4437 742 4492 ἀν
770 4455 852 4500 τις
895 4433 1255 4507 ὲμπιστεύσαι
1274 4450 1288 4464 ο
1317 4422 1473 4495 οὗτος
1503 4428 1598 4482 καὶ
1641 4431 1804 4498 ἀρνη-

215 4535 320 4603 τής
343 4534 464 4585 ἔστι
496 4530 590 4585 καὶ
616 4529 924 4601 ὲμπαίκτης
955 4524 1092 4580 Θεοῦ
1127 4523 1223 4578 καὶ
1255 4517 1801 4592 καταφρονητὴςμώ⁷

217 4626 323 4696 τῆς
366 4623 646 4693 ἀρνήσεως
680 4621 900 4690 ἔλεγχος
931 4619 965 4688 ἠ
1000 4614 1316 4688 ψευδορκία.
1359 4614 1452 4676 Εἰς
1483 4611 1536 4664 τί
1565 4609 1675 4681 γάρ
1721 4625 1803 4662 σοι

220 4714 458 4785 ὀμνύναι
478 4714 569 4765 τὸν
601 4712 735 4765 Θεὸν
755 4712 850 4764 καὶ
872 4710 932 4763 τὸ
958 4708 1187 4778 φοϐερὸν
1213 4706 1383 4776 ὄνομα
1405 4704 1500 4758 καὶ
1529 4701 1803 4774 οὐρανίοις

223 4808 401 4864 ἀπασι
443 4806 584 4867 νόοις
637 4800 1080 4874 φρικωδέπατὸν
1115 4816 1175 4853 τε
1215 4797 1313 4852 καὶ
1353 4793 1802 4865 σεϐασμιὼτατον

224 4899 321 4953 ἐπὶ
358 4895 608 4968 ματαίοις
639 4892 1044 4964 παρειλῆφθαι;
1086 4891 1150 4944 Ei
1179 4889 1244 4960 δὴ
1275 4891 1371 4941 καὶ
1403 4888 1530 4962 περὶ
1573 4886 1683 4939 τῶν
1721 4886 1801 4949 είς

226 4987 504 5060 σωτηρίαν
539 4983 855 5054 ἀναγκαίων
902 4999 985 5035 σοι
1017 4982 1047 5035 6
1087 4980 1246 5049 λόγος
1288 4980 1376 5048 εἴη
1399 5017 1414 5041 ,
1444 4981 1473 5031 6
1515 4977 1715 5049 τρόπος
1748 4978 1808 5029 ὲν

230 5081 386 5154 μέσῳ
412 5075 979 5148 παραλαμϐανόμενος
1003 5072 1308 5142 ἀποχρήσει
1341 5070 1418 5140 τῷ
1453 5069 1640 5123 ἀσεϐεῖ
1672 5067 1808 5138 πρὸς

227 5170 436 5226 πίστιν.
469 5166 600 5223 Οἶδα
639 5171 733 5224 καὶ⁵
763 5170 1063 5238 πέπεισμαι
1108 5165 1415 5235 ὲνᾜριστῷ
1462 5161 1674 5233 Ἰησοῦ·
1719 5161 1812 5214 καὶ

235 5263 426 5323 πάλιν,
457 5257 893 5330 Ἀλήθειανλέγω
910 5259 965 5309 ὲν
984 5254 1199 5328 Χριστῷ
1227 5255 1497 5324 Ἰησοῦ,ού
1522 5256 1806 5328 ψεύδομαι⁹

236 5356 266 5408 6
284 5355 385 5422 τῆς
406 5347 664 5419 ἀληθείας
694 5345 1010 5408 ’Δπόστολός
1025 5360 1204 5417 φησιν·
1228 5345 1322 5398 καὶ
1340 5344 1513 5415 τούτῳ
1533 5346 1610 5417 τῷ
1625 5347 1812 5419 τρόπῳ

236 5446 331 5500 τὸν
383 5441 540 5509 λόγον
597 5439 760 5494 αὑτοῦ
810 5435 1323 5507 πιστοποιούμενος,
1371 5435 1546 5490 πάντα
1592 5439 1810 5510 δημώδη

240 5539 406 5606 ὅρκον
438 5533 822 5601 ἀποτρέπεται.

239 5625 338 5682 173
374 5624 437 5678 TI
466 5621 870 5693 χρηστότητος
900 5615 1090 5681 δόγμα
1121 5613 1609 5683 συντομώτατονῖ

314 5710 380 5766 θί
415 5709 516 5780 μὲν
553 5706 684 5778 περὶ
707 5697 1122 5776 φιλανθρωπίας
1149 5699 1243 5751 καὶ
1272 5697 1491 5767 ἀγάπης
1523 5697 1674 5763 λόγοι
1705 5693 1820 5755 τοῖς

1211 421 1278 478 IN
1316 422 1623 483 CARMINA
1657 429 1934 488 ARCANA
1971 429 2029 488 S.
2070 430 2421 490 CREGORII.

3337 429 3475 489 828·

1870 554 2188 623 vinolentia,
2218 563 2479 625 praeterea
2507 551 2712 609 invidia
2747 511 2979 609 mort'em
3024 547 3293 608 meditans
3325 566 3446 620 quae

1870 656 1955 701 est
1982 649 2077 701 iraa
2111 648 2443 702 incentivum
2490 653 2546 702 et
2591 646 2801 713 rabies;
2848 645 3006 716 longe
3034 659 3064 697 a
3090 644 3234 698 bono
3269 657 3448 696 remo-

1869 744 2021 798 vent,
2074 737 2268 790 horum
2328 736 2760 806 unumquodque
2807 736 3107 790 dattnonem
3161 733 3448 802 impellen-

1872 830 1982 877 tem
2009 833 2061 880 et
2086 827 2390 880 studiosum
2428 828 2683 880 sertitum
2723 835 2808 881 est
2857 825 2995 879 clam
3040 821 3447 893 aggredientem

1873 929 1969 969 eos
1989 914 2080 985 qui
2113 930 2171 970 se
2191 904 2291 970 his
2320 915 2598 984 obsignari
2623 915 2834 979 sinunt,
2859 915 3062 984 quibus
3085 909 3447 981 intelligentia

1874 1006 2227 1060 obnubilatur
2255 1014 2308 1061 et
2338 1018 2484 1061 recta
2516 1006 2655 1060 ratio
2687 1005 2912 1059 tollitur.
2945 1003 3077 1069 Quae
3096 1018 3226 1073 ergo
3250 1002 3448 1055 horum

1875 1095 2148 1150 medicina
2180 1104 2235 1150 et
2266 1095 2436 1149 cura?
2475 1095 2820 1150 mortificatio
2865 1093 3114 1164 corporis
3163 1107 3261 1160 per
3308 1090 3450 1160 jeju-

1875 1187 2027 1240 nium
2061 1193 2117 1242 et
2155 1185 2385 1256 vigilias,
2425 1187 2668 1255 precatio
2698 1185 2920 1240 assidua
2953 1192 3016 1239 'et
3051 1183 3117 1237 ad
3160 1181 3451 1236 Dominum

1874 1276 2085 1345 prolixe
2112 1275 2364 1346 supplex,
2399 1277 2653 1345 lacryma:
2685 1291 2717 1331 e
2760 1283 2951 1331 sancta
2976 1282 3030 1329 et
3056 1274 3272 1327 sincera
3301 1287 3453 1327 com-

1875 1368 2173 1436 pnnctione
2208 1375 2262 1423 et
2289 1368 2610 1438 paenitentia
2651 1367 2719 1421 ab
2759 1367 2936 1422 oculis
2985 1365 3256 1420 stillantes
3291 1381 3305 1416 :
3338 1362 3455 1417 inec

1877 1467 2007 1513 sunt
2039 1461 2353 1514 morborum
2391 1475 2636 1515 meorum
2670 1459 2910 1515 remedia
2948 1457 3213 1514 salutaria
3240 1465 3294 1511 et
3331 1469 3455 1512 cor-

1876 1551 1963 1607 dis
1996 1551 2377 1608 inllrmitatum
2413 1550 2645 1609 medela.

1879 1723 1984 1782 £69
2026 1725 2194 1781 Omne
2208 1724 2599 1796 jusjurandum
2627 1722 2774 1795 fuge.

1948 1813 2204 1871 Profecto
2228 1813 2614 1885 jusjurandum
2647 1811 2964 1884 fugiendum
2995 1823 3050 1870 et
3071 1812 3458 1870 detestandum

1879 1913 1994 1960 tum
2026 1920 2185 1960 sacra
2217 1905 2534 1974 Evangelia,
2572 1911 2687 1958 tum
2720 1902 3012 1976 Evangelia
3043 1904 3200 1958 valde
3222 1919 3461 1959 consen-

1875 1994 2016 2049 tiens
2049 1993 2141 2048 ille
2164 1990 2477 2062 'l‘heologus
2523 1993 2750 2060 revelat,
2796 1993 3037 2048 suadens
3083 2002 3142 2047 ut
3177 1992 3462 2064 jusjuran-

1874 2083 2002 2138 dum
2033 2098 2194 2139 omne
2225 2094 2484 2153 tanquam
2518 2083 2743 2153 perjurii
2775 2094 2983 2153 patrem
3021 2083 3297 2162 vitemus;
3335 2085 3462 2154 quis

1874 2173 2021 2230 enim
2063 2189 2092 2227 a
2120 2173 2482 2243 jurejurando
2515 2175 2684 2230 semel
2730 2173 3016 2230 abstinens
3059 2175 3325 2245 pejeravit
3363 2191 3466 2230 un-

1878 2265 2078 2335 quam?
2117 2264 2222 2319 Sed
2268 2265 2360 2334 qui
2405 2265 2560 2334 jurat
2605 2265 2724 2321 sive
2770 2266 3025 2331 inscitia,’
3044 2267 3160 2321 sive
3203 2265 3466 2321 violentia

1879 2355 2117 2425 quadam
2156 2356 2358 2418 invita,
2406 2355 2520 2411 sive
2571 2358 2890 2426 contemptu
2942 2357 3058 2414 sive
3108 2354 3322 2411 timoris
3371 2354 3467 2412 Dei

1880 2443 2096 2502 defectu
2122 2445 2378 2512 motus,in
2400 2446 2705 2516 pcrjurium
2729 2449 3052 2522 plerumque
3083 2446 3385 2513 inducitur,
3412 2453 3469 2506 es

1883 2538 1964 2595 sic
1987 2535 2377 2608 jusjurandum
2423 2537 2650 2607 perjurii
2685 2536 2742 2590 fit
2772 2521 2946 2607 pater.
2980 2536 3148 2607 Igitur
3186 2537 3272 2592 lex
3312 2546 3470 2592 vetus

1885 2628 2222 2698 imperfectis
2267 2629 2570 2698 proposita,
2617 2627 2713 2697 qui
2768 2643 2865 2698 per
2915 2620 3049 2683 deos
3098 2637 3149 2684 el
3195 2627 3475 2682 daemones

1886 2735 2026 2792 quos
2056 2721 2360 2774 adorabant
2401 2720 2592 2790 ju-rare
2641 2727 3069 2784 consueverant,
3123 2709 3474 2774 mactatioui-

1889 2812 1992 2868 bus
2015 2811 2333 2865 animalium
2378 2820 2573 2866 contra
2614 2810 2786 2882 legem
2840 2811 3112 2866 assimilat
3143 2825 3259 2874 eos,
3295 2810 3476 2865 idolo-

1887 2895 2105 2957 latriam
2139 2901 2474 2971 reprimens;
2511 2903 2594 2958 sic
2622 2910 2676 2957 et
2722 2901 3058 2971 juramenta,
3093 2900 3222 2954 dum
3256 2901 3479 2969 penitus

1890 2991 2108 3046 auferre
2142 3007 2252 3046 non
2277 2999 2644 3060 opportunum
2669 2992 2883 3053 habuit,
2915 2990 3161 3046 referens
3187 2991 3253 3045 ad
3284 2990 3476 3057 Deum,

1891 3083 1958 3137 ad
2015 3082 2334 3152 religiosum
2389 3082 2780 3151 jusjurandum
2833 3083 3100 3136 restituit.
3157 3081 3480 3151 Opportune

1893 3182 2074 3226 autem
2110 3172 2284 3240 gratia
2320 3168 2449 3226 Jesu
2483 3170 2691 3226 Christi
2738 3171 2882 3226 sicut
2919 3171 3002 3242 sol
3042 3171 3229 3227 Oriens
3260 3179 3316 3225 et
3341 3170 3482 3227 vivi-

1893 3263 2032 3318 diori
2063 3262 2306 3317 veritatis
2338 3263 2459 3317 luce
2481 3263 2624 3334 legis
2655 3264 2933 3318 lucernam
2969 3277 3332 3332 exsuperans,
3364 3273 3481 3316 tum

1895 3355 1951 3409 in
1991 3355 2190 3410 divinis
2222 3353 2555 3426 Evangeliis,
2600 3365 2712 3410 tum
2758 3356 2812 3409 in
2859 3356 3194 3425 evangelicis
3233 3353 3480 3412 doctori-

1895 3444 2019 3507 bus,
2070 3445 2213 3500 sicut
2264 3458 2481 3498 onmem
2531 3445 2851 3498 animalium
2901 3459 3130 3514 prorsns
3172 3443 3482 3510 victimam,

1897 3538 1977 3592 sic
2007 3546 2061 3591 et
2093 3552 2256 3591 onme
2289 3536 2663 3605 juramentum
2702 3552 2809 3590 una
2850 3536 2971 3606 lege
3008 3534 3304 3605 explodere
3336 3548 3483 3605 prae—

1897 3627 2113 3682 scribit.
2134 3626 2420 3692 Quomodo
2447 3642 2600 3697 ergo,
2633 3627 2834 3697 inquit,
2865 3627 3024 3681 fidem
3055 3625 3335 3680 interillos
3356 3639 3484 3678 cum

1897 3719 2097 3789 quibus
2131 3720 2411 3788 loquimur
2457 3719 2864 3778 obtinebimus?
2903 3717 3054 3772 Patet
3086 3717 3304 3787 quidem
3337 3716 3486 3785 quod

1898 3811 2066 3865 verbo
2107 3825 2237 3864 vero
2282 3809 2510 3866 stabiles
2560 3818 2615 3865 et
2652 3808 2870 3887 vivendi
2921 3810 3135 3864 ratione
3176 3806 3486 3862 secundum

1899 3900 2156 3954 virtutem
2202 3908 2257 3954 et
2289 3915 2543 3954 veracem
2597 3915 2808 3955 morem
2859 3898 3018 3953 ﬁdem
3068 3897 3327 3964 faciente,
3371 3912 3490 3952 ser-

1901 3992 2080 4046 monis
2143 3993 2481 4045 accurationi
2555 3998 2679 4060 apte
2749 4005 3110 4060 assequemur
3176 4001 3488 4045 assensum.

1902 4083 2037 4150 Quis
2071 4083 2215 4137 enim
2259 4097 2570 4138 sermonem
2618 4082 2721 4136 viri
2766 4081 2996 4136 audiens
3039 4095 3255 4150 semper
3285 4079 3492 4134 verita-

1903 4184 2009 4230 tem
2044 4175 2295 4230 facientis
2344 4184 2399 4229 et
2447 4176 2705 4238 dicentis,
2753 4171 3135 4228 obsistendum
3189 4181 3284 4226 aut
3328 4170 3490 4225 dubi-

1903 4266 2130 4321 tandum
2172 4266 2468 4321 habuerit?
2511 4266 2584 4320 sit
2626 4265 2714 4319 cui
2753 4280 2872 4320 mos
2907 4263 3254 4318 mendacium
3297 4261 3491 4317 fovens

1902 4367 1958 4411 et
1991 4355 2229 4424 peccatis
2281 4365 2400 4409 tota
2424 4355 2534 4408 vita
2563 4355 2874 4425 indulgens,
2898 4353 2990 4407 isti
3020 4353 3106 4407 vel
3135 4352 3345 4422 juranti
3376 4367 3488 4406 non

1908 4446 2069 4501 facile
2102 4446 2408 4501 conlideret
2447 4447 2628 4515 quivis
2663 4465 2676 4497 :
2722 4459 2856 4500 ecce
2904 4458 3112 4514 negans
3153 4430 3213 4497 et
3253 4441 3495 4497 irridens

1913 4536 2078 4594 Deum
2110 4547 2164 4592 et
2194 4545 2558 4607 contemptor,
2610 4543 2664 4590 et
2717 4536 3065 4604 negationem
3110 4542 3347 4588 testatur
3388 4532 3493 4586 fal-

1913 4646 2033 4688 sum
2061 4630 2460 4700 juramentum.
2491 4629 2572 4683 Ad
2617 4626 2750 4698 quid
2785 4627 2934 4680 enim
2971 4625 3067 4680 tibi
3106 4625 3275 4679 Deum
3302 4625 3496 4694 jurare

1909 4730 1962 4775 et
1995 4718 2338 4776 tremendum
2376 4734 2595 4784 nomen,
2638 4717 2958 4771 cmlestibus
3004 4715 3260 4770 omnibus
3292 4715 3495 4769 intelli~

1907 4812 2108 4884 gentiis
2137 4811 2488 4867 metuendum
2519 4819 2571 4864 et
2599 4808 2978 4873 reverendum,
3001 4809 3054 4862 in
3093 4823 3292 4862 vanum
3335 4821 3496 4861 assu-

1908 4903 2093 4958 mere?
2118 4902 2175 4957 Si
2207 4902 2274 4958 de
2308 4901 2640 4972 necessariis
2670 4901 2737 4954 ad
2783 4900 3014 4954 salutem
3051 4899 3146 4954 tibi
3181 4915 3364 4954 sermo
3389 4908 3494 4963 est,

1911 4992 2110 5048 modus
2147 4991 2203 5046 in
2244 4991 2422 5046 medio
2472 4993 2792 5062 propositus
2842 4991 3011 5059 impio
3049 4989 3119 5044 ad
3150 4988 3308 5044 tidem
3342 4988 3495 5044 sufﬁ-

1911 5085 2039 5139 ciet.
2079 5083 2214 5138 Novi
2247 5092 2302 5138 et
2344 5099 2664 5154 persuasum
2703 5083 2877 5137 hath
2914 5082 2966 5136 in
2994 5081 3216 5137 Christo
3246 5080 3374 5136 Jesu
3399 5099 3413 5147 ;
3442 5091 3498 5136 ct

1914 5191 2156 5245 rursum,
2179 5174 2461 5229 Veritatem
2483 5175 2604 5228 dico
2635 5176 2684 5227 in
2705 5172 2922 5229 Christo
2940 5173 3092 5234 Iesu,
3121 5189 3223 5226 nor:
3251 5174 3495 5237 mentior,

1915 5268 2049 5322 dicit
2087 5267 2335 5321 veritatis
2354 5267 2667 5336 ,Apostolus
2699 5263 2749 5336 (l
2791 5263 2925 5317 Tim.
2968 5279 3025 5328 ιι,
3055 5262 3149 5332 7);
3189 5263 3292 5316 hoc
3333 5262 3493 5321 modo

1917 5374 2221 5414 sermonem
2264 5374 2421 5412 suum
2458 5357 2559 5412 ﬁde
2587 5357 2809 5426 dignum
2856 5355 3110 5418 reddens,
3151 5369 3311 5408 omne
3344 5367 3491 5406 cem-

1918 5468 2084 5507 mune
2119 5453 2486 5521 juramentum
2519 5451 2738 5505 avertit.

1975 5609 2076 5663 175
2120 5608 2332 5678 Ecquod
2358 5609 2673 5678 Benignilale
2697 5615 3010 5676 praeceptum
3044 5602 3289 5657 brevius?

1998 5691 2294 5746 Sermones
2327 5691 2395 5744 de
2422 5690 2692 5745 charitate
2720 5699 2774 5746 et
2810 5689 3103 5746 dilectione
3140 5703 3281 5758 quos
3321 5688 3497 5746 sant-tl

317 5825 466 5898 (8—9)
492 5824 724 5892 ’Ὅρκον
751 5821 819 5876 δὲ
845 5817 1032 5891 φεῦγε
1065 5827 1149 5876 cst
1187 5814 1596 5872 hemistichium
1626 5812 1784 5869 Mena

1894 5811 1932 5866 i.
1967 5812 2202 5868 Scnlcnt.
2246 5808 2441 5878 sil-gul.
