4020 6302
525 339 634 399 827

524 453 758 522 theologi
803 452 1001 522 partim
1059 451 1390 520 habuerunt,
1441 453 1597 508 multi
1646 462 1797 519 sunt,
1849 464 1904 510 et
1935 470 2104 525 supra

524 559 818 598 numerum
853 559 866 594 :
905 543 1159 599 universc
1190 561 1318 600 vero
1343 554 1396 600 et
1422 547 1737 602 summatim
1765 546 1835 600 de
1864 547 2106 601 bonitate

522 631 965 701 intelligendum,
999 633 1112 687 hate
1141 642 1227 690 est
1260 635 1529 690 sententia
1562 633 1898 690 abbreviata.
1933 636 2104 701 Talis,

523 723 726 792 inquit,
748 722 826 777 sis
853 722 1046 778 amicis
1081 723 1193 779 tuis
1213 731 1267 779 et
1291 724 1508 784 vicinis.
1538 724 1729 794 quales
1757 723 1959 780 eos'vis
1984 741 2108 780 esse

525 815 655 875 tibi;
700 813 878 868 simile
911 813 1044 867 illud
1075 814 1391 884 evangelica
1421 822 1694 884 praecepto
1738 815 2108 885 pronuntiavit

525 904 734 957 «licenti
775 923 788 957 :
827 904 1025 959 Omnia
1067 921 1387 975 quacunque
1419 906 1577 960 vultis
1611 917 1668 959 ut
1711 908 1912 975 faciant
1965 907 2107 962 vobis

525 995 786 1057 homines,
805 1006 856 1048 ct
885 1013 973 1052 vos
1005 997 1253 1050 similiter
1279 997 1441 1065 facite
1459 999 1573 1052 illis
1607 999 1824 1067 (Matth.
1859 1015 1955 1064 vlt,
1986 1000 2106 1066 12);

527 1097 932 1156 consequenter
970 1093 1025 1142 et
1074 1087 1205 1141 illud
1249 1089 1302 1142 in
1363 1089 1646 1145 Dominico
1681 1101 1952 1162 praecepto
1996 1100 2109 1148 sta-

525 1178 722 1242 tuitur,
759 1179 992 1241 scilicet,
1027 1181 1209 1234 omnia
1230 1197 1570 1252 quacunque
1591 1185 1777 1240 nolitis
1808 1200 1834 1236 a
1864 1185 2109 1255 proximo

529 1269 645 1323 lteri
674 1270 850 1336 vobis,
894 1285 993 1324 nec
1043 1286 1141 1327 vos
1184 1271 1347 1326 facite
1385 1273 1515 1328 illis.
1545 1273 1743 1328 Adhuc
1771 1285 1822 1329 et
1853 1282 1977 1344 post
2005 1275 2110 1329 hoc

531 1360 796 1414 bonitatis
825 1362 1096 1414 sententia
1131 1362 1300 1432 magis
1332 1365 1648 1418 abbreviata
1675 1372 1804 1419 sunt
1826 1366 2111 1436 passiones

531 1450 736 1504 Christi
770 1466 908 1520 quas
944 1463 1166 1522 propter
1205 1470 1305 1510 nos
1335 1453 1515 1510 adhuc
1568 1456 1767 1526 impios
1819 1472 2112 1526 perpessus

524 1549 696 1606 est,et
725 1557 1066 1614 quaecunque
1115 1549 1408 1616 opprobria
1451 1556 1507 1603 et
1561 1550 1788 1604 vulnera
1840 1550 1892 1602 in
1947 1565 2114 1605 cruce

538 1631 692 1698 tulit;
720 1649 840 1701 qua:
867 1636 958 1703 qui
1021 1637 1076 1690 in
1125 1638 1386 1692 memoria
1439 1640 1604 1694 habet
1651 1655 1869 1709 semper
1892 1648 1946 1695 et
1981 1650 2110 1697 ante

534 1723 726 1775 oculos
755 1723 858 1778 sibi
890 1729 1183 1795 proponit;
1217 1728 1365 1783 mitis
1384 1728 1613 1786 effectus
1631 1739 1684 1785 et
1708 1733 1849 1785 maia
1876 1732 2113 1787 tolerare

532 1820 756 1878 paratus
805 1815 871 1867 ad
921 1816 1244 1872 charitatem
1277 1835 1405 1892 erga
1449 1823 1758 1891 proximum
1783 1832 1838 1878 et
1864 1822 2112 1878 dilectio-

531 1917 654 1956 nezn
681 1903 933 1960 similiter
955 1907 1248 1963 excitatur.

536 2074 639 2128 17⁸1
677 2073 853 2129 Ρὶιίειὶ
881 2078 1052 2131 amico
1083 2079 1216 2132 nihil
1242 2095 1342 2142 par
1367 2095 1479 2134 esse
1509 2081 1778 2136 existima.

608 2165 826 2223 Venalis
852 2179 934 2222 est
963 2170 1175 2225 amicus
1209 2186 1410 2226 mensas
1439 2179 1493 2224 et
1520 2173 1726 2241 gaudii,
1760 2173 1862 2228 iste
1894 2173 2111 2230 infidus.

531 2251 650 2309 Jam
689 2256 978 2312 deﬁciente
1034 2260 1275 2314 convivii
1319 2262 1667 2329 jucunditate
1716 2273 1770 2320 et
1820 2268 2116 2337 voluptatis

534 2347 860 2401 delectantis
889 2357 943 2403 et
985 2351 1103 2419 ipse
1133 2351 1339 2407 deﬁcit.
1375 2353 1472 2408 Est
1506 2355 1718 2411 amicus
1765 2373 1929 2426 quem
1989 2375 2116 2428 ege-

534 2448 647 2491 stas
673 2439 901 2492 attrahit
931 2448 981 2493 et
1013 2439 1080 2494 ad
1111 2441 1267 2510 juxta
1303 2443 1602 2499 sedendum
1629 2445 1820 2508 allicit,
1841 2445 2038 2502 inﬁdus
2063 2454 2118 2501 et

536 2527 660 2589 iste,
692 2536 934 2595 egestate
957 2533 1103 2584 enim
1132 2531 1370 2588 abeunte
1399 2541 1454 2586 et
1493 2532 1612 2601 ipse
1639 2533 1930 2587 confestim
1961 2535 2114 2588 abiit.

535 2613 634 2670 liis
678 2620 1091 2685 praetermissis,
1123 2630 1208 2674 est
1248 2622 1456 2676 amicus
1508 2631 1729 2692 propter
1754 2623 2007 2677 virtutem
2064 2632 2120 2678 et

540 2705 633 2762 Dei
682 2710 907 2762 verbum
959 2711 1212 2776 obvians,
1265 2712 1368 2767 iste
1418 2712 1560 2768 ﬁdus
1594 2729 1756 2782 quem
1791 2729 1899 2768 non
1931 2730 2119 2770 mensa

537 2808 632 2851 aut
671 2802 1046 2854 conviviorum
1097 2801 1356 2856 illecebra
1399 2803 1638 2859 ostendit
1670 2801 1800 2874 (hoc
1832 2805 2118 2875 scyphus),

537 2890 632 2959 qui
679 2905 788 2944 non
841 2893 1101 2961 egestatis
1153 2907 1321 2948 causa
1377 2894 1627 2950 assidens
1677 2902 1732 2950 et
1790 2899 2117 2965 parasitans,

537 2995 884 3050 quacunque
913 2983 981 3036 ad
1011 2984 1243 3053 gratiam
1277 2992 1332 3038 et
1360 2985 1510 3040 auris
1556 2985 1887 3041 lenocinium
1921 3001 2118 3041 vanum

541 3086 667 3125 cum
703 3073 772 3126 iis
806 3073 897 3141 qui
931 3074 1109 3142 ipsum
1131 3073 1386 3144 diligunt,
1419 3087 1809 3146 conversatur;
1839 3079 1933 3133 sed
1968 3094 2118 3147 qure-

540 3177 758 3231 cunque
800 3163 954 3218 utilia
1007 3175 1156 3230 sunt,
1205 3180 1549 3236 quacunque
1581 3168 1780 3222 decent
1829 3178 1882 3223 et
1931 3185 2118 3223 coram

542 3251 655 3307 Deo
684 3253 984 3323 expediunt
1027 3255 1291 3310 consulit.
1353 3255 1455 3311 ilic
1499 3258 1712 3312 amicus
1767 3257 1907 3313 ﬁdus
1961 3273 2123 3327 quem

547 3348 847 3411 tempestas
873 3351 930 3397 et
977 3345 1206 3398 teutatio
1253 3353 1349 3398 aut
1396 3354 1620 3416 propter
1650 3347 1904 3416 pietatem
1935 3364 2122 3417 perse-

545 3432 698 3485 cutio
737 3433 996 3487 ostendit.
1040 3432 1180 3488 Huic
1214 3435 1352 3489 nihil
1395 3443 1481 3490 est
1529 3436 1975 3505 :equiparandum
2027 3453 2124 3491 su-

545 3535 645 3592 per
673 3530 903 3588 terram,
951 3524 1088 3578 nihil
1141 3524 1522 3580 honorabilius
1569 3525 1710 3581 inter
1755 3527 2123 3593 honorabilia,

549 3613 686 3666 nihil
723 3614 866 3669 inter
889 3616 1148 3671 amabilia
1178 3616 1470 3672 amabilius
1502 3616 1664 3688 digne
1689 3625 1924 3673 testante
1954 3618 2126 3672 verbo

551 3710 768 3755 saneto.
802 3701 1109 3758 inimicitiae
1137 3704 1302 3775 igitur
1355 3720 1498 3775 sepe
1528 3720 1594 3762 ex
1633 3705 1867 3761 diversis
1906 3706 2126 3765 casibus

551 3795 1014 3864 supervenientis,
1041 3797 1258 3866 regulas
1290 3797 1514 3867 dignum
1555 3803 1640 3852 est
1669 3798 1911 3852 amicitia
1941 3814 2122 3865 nosse,

550 3896 604 3941 et
636 3886 874 3955 pondere
919 3895 974 3942 et
1019 3895 1266 3957 tempore
1309 3895 1624 3959 opportuno
1674 3887 1981 3946 discordias
2014 3891 2126 3945 dis-

549 3991 798 4039 cernere,
827 3977 1084 4031 amicitiaa
1107 3988 1286 4032 autem
1315 3979 1518 4033 limites
1538 3979 1764 4035 minime
1796 3995 2128 4050 cognoscere

547 4083 674 4137 opm
691 4075 786 4121 tet.
822 4055 941 4139 Ipsa
986 4077 1070 4124 est
1115 4069 1262 4124 enim
1317 4070 1373 4123 in
1426 4067 1632 4123 Christi
1686 4069 1978 4127 dilectione
2008 4087 2130 4143 quae

544 4173 830 4227 nunquam
865 4159 1093 4214 excidit.

549 4270 647 4324 181
683 4268 889 4325 Cetera
922 4272 1098 4325 videns
1130 4271 1314 4326 oculus
1345 4288 1399 4326 se
1425 4289 1529 4328 non
1561 4274 1717 4328 videt.

622 4381 827 4436 Oculus
877 4383 1127 4452 corporis
1160 4385 1399 4455 seipsum
1447 4388 1773 4442 naturaliter
1802 4387 1985 4441 videre
2031 4402 2127 4441 ne-

550 4474 690 4544 quit,
730 4488 853 4543 qua:
889 4489 1018 4528 vero
1055 4485 1206 4528 extra
1255 4477 1431 4544 ipsum
1472 4484 1524 4530 et
1573 4479 1721 4530 circa
1757 4478 1932 4546 ipsum
1977 4486 2126 4543 sunt,

553 4574 826 4636 quotquot
876 4581 1060 4620 coram
1107 4582 1171 4621 eo
1227 4571 1447 4632 adsunt,
1490 4567 1729 4623 eﬂicacia
1776 4571 1927 4624 visus
1978 4585 2125 4624 com-

553 4657 867 4727 prehendit.
897 4656 952 4711 Si
983 4674 1104 4728 qua
1134 4669 1316 4714 autem
1351 4662 1556 4730 gramia
1581 4668 1675 4714 aut
1708 4661 1905 4732 alhngo
1935 4661 2130 4731 prodat

551 4758 608 4802 et
640 4749 866 4803 sanitati
905 4759 1123 4814 noceat,
1148 4766 1248 4803 nec
1283 4751 1388 4803 alia
1426 4751 1607 4804 videre
1626 4751 1770 4804 valet
1792 4752 1935 4805 sicut
1964 4767 2130 4822 opor-

549 4848 650 4894 tet.
681 4840 883 4894 Eodem
916 4843 1077 4896 modo
1097 4850 1151 4896 et
1188 4842 1426 4897 hominis
1459 4842 1685 4912 spiritus
1713 4843 1923 4911 absque
1945 4843 2133 4898 labore

545 4948 675 5000 qua:
697 4933 988 5001 subjacent
1023 4934 1168 4987 videt
1202 4934 1454 4988 veritatis
1485 4935 1986 5003 contemplatione;
2015 4950 2131 5005 pro~

554 5024 687 5078 ximi
747 5025 995 5080 defectus
1043 5035 1098 5080 et
1144 5037 1367 5095 peccata
1428 5025 1626 5094 aspicit
1671 5033 1767 5080 aut
1817 5027 2132 5097 investigat,

554 5132 654 5171 nec
688 5131 833 5185 saepe
880 5118 1050 5184 juste,
1094 5119 1273 5186 ipsum
1318 5118 1768 5173 obnubilantibus
1811 5117 2132 5187 cupiditati-

554 5209 660 5263 hus
691 5210 965 5280 prapriis;
998 5225 1119 5278 qua:
1151 5224 1281 5264 vero
1316 5211 1538 5279 propria
1574 5218 1703 5264 sunt
1741 5224 1805 5264 eo
1834 5209 2009 5280 magis
2039 5225 2134 5263 co-

552 5313 824 5367 gnoscere
858 5315 966 5354 non
1008 5303 1276 5370 pervenit,
1315 5309 1521 5370 quanto
1555 5302 1732 5372 magis
1767 5302 2000 5370 propriis
2044 5316 2136 5354 cu-

553 5389 880 5459 piditatibus
926 5393 1271 5448 incrassatus
1309 5393 1642 5447 obcaecatur.
1678 5391 1804 5445 ideo
1833 5393 1900 5446 ad
1947 5393 2132 5445 omnia

552 5480 654 5534 tibi
688 5482 780 5550 qui
817 5483 942 5536 talis
989 5499 1048 5537 es
1078 5498 1218 5552 opus
1247 5491 1332 5539 est
1375 5483 1693 5538 consiliario
1736 5483 1831 5552 qui
1867 5482 1999 5537 utile
2032 5484 2129 5537 do-

549 5580 678 5625 ceat
731 5583 786 5626 et
834 5573 888 5625 in
935 5574 1374 5630 recordationem
1422 5574 1796 5630 faciendorum
1866 5574 2128 5640 inducat;

554 5675 684 5715 nam
722 5677 843 5729 qure
879 5677 1083 5731 corpus
1130 5665 1332 5719 creavit
1379 5665 1644 5736 sapientia
1694 5674 1746 5721 ct
1786 5665 2128 5735 providentia

631 5752 681 5821 (Ι
696 5753 749 5821 0)
789 5753 922 5809 Cod.
954 5755 1183 5825 δυνάμη.

1863 338 2160 398 NICETAS
2213 337 2422 397 DAVID

2212 456 2255 508 ίε
2267 459 2376 525 ροῖς
2405 452 2677 522 θεολόγοις
2709 454 2848 507 κατά
2883 453 3047 525 μέρος
3088 451 3574 523 ύπαγορευόμενοι,
3605 451 3785 505 πολλοί

2204 562 2265 600 τε
2299 546 2664 615 καθεστήκασι
2697 547 2788 599 καὶ
2822 547 2842 598 -.‘
2862 547 2956 616 πὲρ
2981 545 3243 616 ἀριθμόν
3278 539 3656 611 ὁλοσχερῶςᾶ
3681 539 3786 608 φά-

2205 655 2296 690 ναι
2333 638 2452 707 ἦτοι
2489 636 2875 705 κεφαλαιωδῶς
2917 636 3047 705 περὶ
3090 634 3453 704 χρηστότητος
3489 629 3789 693 διαλαϐεῖν,

2206 727 2362 779 τοῦτό
2394 730 2507 778 ἐστι
2539 726 2714 795 δόγμα
2747 723 3466 794 συντομώτατον.Τοιοῦτος,
3492 721 3618 789 ἔφη,
3636 719 3789 785 γίνου

2207 818 2318 878 τοῖς
2358 815 2532 883 φίλοις
2579 832 2672 868 σου
2710 815 2802 868 καὶ
2858 815 3133 882 γείτοσιν,
3173 813 3317 876 οἴους
3369 812 3564 874 αὐτοὺς
3615 808 3791 870 θέλεις

2207 905 2454 974 γίνεσθαι
2485 906 2620 975 πρὸς
2652 905 2712 958 σέ
2733 922 2746 935 ο
2776 908 2889 958 ἴσον
2920 904 2977 957 δὲ
3002 903 3161 957 τοῦτο
3187 903 3264 973 τῷ
3288 901 3628 973 εύαγγελικῷ
3650 917 3793 968 παρ-

2209 994 2514 1064 αγγέλματι
2549 993 2856 1064 καθέστηκε
2881 1036 2897 1059 ,
2934 992 3168 1056 Πάντα,
3193 991 3312 1046 ὅσα
3342 992 3419 1046 ἂν
3451 992 3658 1055 θέλητε
3686 990 3794 1041 ἵνα

2210 1084 2463 1139 ποιῶσιν
2492 1085 2636 1154 ὑμῖν
2675 1089 2729 1139 οι
2783 1084 3099 1153 ἄνθρωποι,
3135 1084 3430 1147 κελεύοντι,
3477 1081 3572 1134 καί
3619 1079 3797 1148 ὑμεῖς

2210 1177 2431 1230 ποιεῖτε
2485 1178 2692 1242 αὐτοῖς
2743 1177 2977 1244 ὁμοίως.
3027 1175 3340 1229 Ἀκόλουθον
3378 1174 3437 1226 δὲ
3484 1173 3576 1226 καὶ
3631 1171 3796 1226 τοῦτο

2213 1266 2528 1337 προσθεῖναι
2581 1269 2645 1338 τῇ
2698 1269 3001 1337 Δεσποτικῇ
3056 1261 3422 1337 παραγγελία,
3445 1265 3528 1318 ὅτι
3581 1263 3794 1326 Πάντα,

2210 1355 2312 1408 ὅσα
2351 1355 2412 1408 ού
2460 1354 2643 1408 θέλετε
2678 1356 2831 1426 παρὰ
2865 1357 2976 1409 τῶν
3005 1355 3176 1420 πέλας
3203 1356 3448 1425 γίνεσθαι
3472 1356 3624 1425 ὑμῖν,
3657 1352 3796 1423 μηδὲ

2214 1447 2372 1515 ὑμεῖς
2397 1449 2600 1499 ποιεῖτε
2639 1446 2840 1508 αὐτοῖς.
2862 1445 2982 1499 Ἔτι
3024 1446 3081 1499 δὲ
3109 1445 3296 1498 τούτου
3319 1444 3688 1516 χρηστότητος
3715 1442 3799 1497 δό-

2213 1547 2330 1600 γμα
2386 1532 2796 1603 συντομώτερον
2848 1535 2988 1586 αὐτά
3019 1535 3114 1587 τοῦ
3160 1533 3398 1603 Χριστοῦ
3443 1533 3512 1586 τά
3556 1532 3731 1602 πάθη,
3761 1531 3799 1585 ἃ

2214 1621 2352 1692 ύπὲρ
2385 1623 2542 1693 ἡμῶν
2571 1623 2652 1676 ἔτι
2677 1624 2846 1676 δντων
2865 1623 3078 1677 ἀσεϐῶν
3113 1625 3330 1695 ἀνέτλη,
3368 1625 3464 1677 καὶ
3489 1625 3592 1678 ὅσα
3616 1622 3794 1692 ὀνείδη

2215 1716 2308 1767 καὶ
2355 1715 2646 1786 τραύματα
2681 1715 2819 1787 πρὸς
2850 1717 2928 1786 τῷ
2969 1715 3187 1788 σταυρῷ
3214 1718 3507 1787 γενόμενος
3531 1715 3793 1784 ὑπέσχεν,

2217 1807 2246 1860 ὁ
2270 1807 2364 1860 ἐπὶ
2395 1809 2615 1878 μνήμης
2647 1808 2787 1879 ἔχων
2809 1809 2896 1862 ἀεὶ
2928 1810 3024 1862 καὶ
3052 1810 3158 1880 πρὸ
3198 1809 3306 1861 τῶν
3331 1805 3628 1876 ὀφθαλμῶν
3659 1806 3800 1874 λαμ-

2216 1898 2394 1952 ϐάνων
2423 1901 2798 1971 πραῢνόμενος
2822 1901 2917 1954 καὶ
2948 1901 3285 1968 ἀνεξικακῶν
3305 1900 3382 1971 τῷ
3414 1899 3646 1967 πλησίον
3664 1895 3799 1968 πρὸς

2216 1988 2627 2060 φιλανθρωπίαν
2659 1989 2795 2061 όμοῦ
2832 1992 2927 2044 καὶ
2965 1989 3318 2060 φιλαδελφίαν
3345 1987 3692 2041 συνωθεῖται.

2216 2080 2315 2134 177
2351 2079 2577 2134 Πιστοῦ
2621 2084 2806 2150 φίλου
2845 2080 3041 2150 νόμιᾶ
3084 2080 3277 2149 μηδὲν
3315 2079 3512 2143 ἀξιον.

2290 2169 2446 2224 Ἐστι
2497 2170 2650 2239 φίλος
2673 2171 2950 2242 τραπέζης
2974 2171 3129 2234 ὤνιος
3170 2170 3262 2224 καὶ
3288 2168 3506 2240 ἡδονῆς,
3528 2167 3624 2221 καὶ
3649 2158 3801 2227 οὗτος

2215 2260 2442 2324 ἄπιστος
2462 2277 2476 2290 ·
2498 2261 2883 2331 ἐπιλειπούσης
2920 2262 3025 2331 γὰρ
3045 2262 3145 2331 τῆς
3169 2260 3277 2314 τῶν
3304 2259 3625 2329 συμποσίων
3647 2258 3803 2327 χάριο

2215 2369 2307 2414 τος
2337 2351 2430 2405 καὶ
2460 2352 2705 2422 τέρψεως
2730 2353 3057 2423 ἡδυπαθοῦς,
3077 2353 3172 2405 καὶ
3198 2351 3361 2412 αύτδς
3387 2350 3620 2417 ἀπέστη.
3643 2349 3800 2400 Ἐστι

2217 2441 2367 2510 φίλος
2395 2442 2494 2511 τῆς
2529 2444 2718 2511 χρείας
2743 2443 2908 2496 αὐτὸν
2928 2442 3296 2512 ὲφελκομένης
3327 2441 3421 2493 καὶ
3444 2436 3801 2508 παρεδρεύειν

2219 2532 2666 2602 προτρεπούσης,
2713 2533 2936 2596 ἄπιστος
2968 2533 3024 2585 δὲ
3065 2532 3164 2586 καὶ
3207 2531 3369 2594 αὐτός
3402 2547 3416 2561 ·
3456 2531 3575 2600 ἃμα
3623 2528 3734 2598 γὰρ
3767 2527 3802 2598 ἡ

2218 2623 2376 2690 χρεία
2421 2622 2665 2692 παρῆλθε
2699 2623 2796 2675 καὶ
2839 2623 3002 2686 αὐτὸς
3047 2623 3183 2694 αὐτῇ
3221 2621 3536 2693 παραυτίκα
3593 2636 3804 2672 συναπ-

2216 2709 2411 2779 ῴχετο.
2450 2712 2606 2764 Ἔστι
2643 2712 2780 2782 πρὸς
2807 2715 2919 2775 τοῖς
2961 2712 3274 2784 είρημένοις
3322 2710 3475 2777 φίλος
3503 2710 3570 2762 δι’
3602 2708 3805 2781 ἀρετὴν

2217 2798 2314 2850 καὶ
2359 2798 2494 2851 Θεοῦ
2544 2799 2698 2868 λόγον
2747 2800 3158 2870 εὑρισκόμενος.
3190 2794 3358 2862 Οὗτος
3401 2797 3623 2858 πιστὸς.
3654 2795 3713 2848 δν
3742 2796 3804 2847 οὐ

2218 2887 2470 2960 τράπεζα
2497 2890 2529 2958 ἢ
2560 2893 2881 2962 συμποσίων
2910 2893 3071 2963 χάρις
3101 2890 3475 2945 ἀναδείκνυσιν
3496 2887 3680 2957 (τοῦτο
3699 2887 3807 2956 γὰρ

2219 2981 2247 3032 ό
2280 2979 2605 3052 κρατὴρ),ὃς
2629 2985 2690 3036 ού
2713 2985 2902 3055 χρείας
2926 2984 3112 3037 εἵνεκα
3138 2981 3488 3055 παρεδρεύων
3509 2979 3606 3033 καὶ
3630 2995 3809 3049 παραι

2223 3069 2422 3134 σιτῶν,
2463 3071 2566 3123 ὅσα
2607 3072 2744 3141 πρὸς
2786 3072 2948 3143 χάριν
2995 3072 3092 3124 καὶ
3129 3071 3298 3141 ἀκοῆς
3332 3067 3526 3148 τέρψιν
3569 3064 3809 3138 ματαίαν

2224 3163 2335 3224 τοῖς
2363 3162 2525 3214 αὐτὸν
2554 3161 2799 3231 φιλοῦσιν
2820 3158 3378 3231 ἀποφθέγγεται,ἀλλ’
3407 3159 3509 3210 ὅσα
3526 3154 3810 3223 λυσιτελῆ,

2222 3251 2322 3304 ὅσα
2358 3249 2612 3322 σύμφορα
2633 3253 2728 3304 καὶ
2755 3251 2893 3306 κατά
2925 3250 3058 3303 Θεὸν
3087 3247 3400 3318 ὠφελοῦντα
3425 3243 3812 3314 συμϐουλεύειο

2221 3336 2375 3404 οὗτος
2407 3343 2560 3411 φίλος
2601 3343 2811 3408 πιστὸς,
2849 3343 2908 3397 δν
2953 3340 3089 3412 ζάλη
3132 3340 3224 3392 καὶ
3259 3337 3566 3408 πειρασμὸς
3601 3336 3634 3405 ἢ
3669 3334 3814 3404 ὑπὲρ

2223 3434 2506 3496 εὐσεϐείας
2550 3433 2888 3488 ἀναδεικνύει
2935 3430 3206 3501 διωγμόςο
3231 3428 3323 3483 τοῦ
3365 3426 3609 3480 τοιούτου
3645 3424 3817 3494 μηδὲν

2225 3519 2364 3576 εἷναι
2412 3523 2774 3593 ἀντάλλαγμα
2799 3523 2909 3576 τῶν
2940 3522 3048 3576 ἀπὸ
3081 3522 3205 3592 γῆς,
3249 3520 3417 3591 μηδὲν
3456 3519 3566 3571 τῶν
3613 3517 3818 3587 τιμίων

2224 3613 2568 3685 τιμιώτερον,
2586 3613 2727 3684 μηδὲ
2750 3612 2856 3666 τῶν
2878 3611 3156 3682 ἑρασμίων
3177 3608 3587 3682 ἐρασμιώτερον
3608 3608 3636 3659 ό
3667 3605 3819 3676 ἱερὸς

2225 3691 2384 3774 λόγος
2417 3707 2583 3771 ἀξίως
2631 3708 2920 3776 μαρτυρεῐ.
2956 3703 3198 3774 Ἔχθρας
3249 3703 3349 3773 μὲν
3398 3697 3494 3754 οὖν
3551 3699 3822 3764 πολλάκις

2227 3797 2292 3850 ὲκ
2327 3798 2752 3868 συμπτωμάτων
2783 3795 3044 3848 ποικίλων
3094 3791 3591 3864 παρεμπιπτούσης
3624 3793 3691 3860 τῇ
3724 3806 3819 3856 φι-

2227 3893 2339 3963 λίᾳ,
2375 3892 2526 3956 ἀξιον
2555 3893 2714 3964 ὅρους
2745 3890 2966 3954 εἰδέναι,
3015 3889 3114 3944 καὶ
3156 3887 3344 3960 μέτρῳ
3383 3887 3481 3940 καὶ
3505 3883 3683 3955 καιρῷ
3733 3884 3820 3953 τῷ

2227 3983 2364 4052 ἀξίῳ
2411 3980 2511 4045 τὰς
2571 3981 2884 4044 διαστάσεις
2935 3979 3176 4051 κρίνεινσ
3211 3976 3394 4046 φιλίας
3445 3974 3504 4027 δὲ
3551 3970 3824 4044 ἀληθινῆς

2227 4075 2386 4145 ὅρους
2409 4074 2611 4144 ἥκιστα
2645 4069 2938 4140 γινώσκειν
2969 4071 3074 4141 χρή
3097 4089 3111 4101 ·
3135 4071 3169 4140 ἡ
3199 4068 3337 4138 αὐτὴ
3366 4066 3476 4137 γάρ
3507 4067 3626 4119 ἔστι
3652 4065 3722 4136 τῇ
3755 4065 3821 4118 εν

2228 4166 2449 4237 Χριστῷ
2471 4165 2682 4238 ἀγάπῃ,
2711 4165 2835 4235 ἥτις
2865 4162 3122 4216 οὐδέποτε
3149 4160 3429 4215 ἐκπίπτει.

2233 4280 2326 4334 181
2377 4279 2575 4332 TWa
2599 4278 2851 4342 ,βλέπων
2893 4275 3199 4346 ὀφθαλμὸς
3227 4273 3416 4329 αὑτὸν
3455 4274 3530 4327 οὐ
3568 4269 3814 4336 βλέπει.

2316 4395 2374 4446 '0
2422 4393 2523 4462 μὲν
2561 4391 2836 4461 ὀφθαλμὸς
2880 4389 2976 4444 τοῦ
3008 4389 3258 4460 σώματος
3288 4386 3479 4440 ἑαυτὸν
3521 4385 3620 4456 μὲν
3669 4383 3818 4438 κατὰ

2237 4483 2398 4552 φύσιν
2430 4484 2704 4545 ἀδυνάτως
2740 4483 2854 4552 ἔχει
2905 4481 3175 4552 καθορᾷν,
3204 4479 3276 4534 τὰ
3313 4477 3418 4543 ἔξω
3448 4479 3506 4532 δὲ
3546 4479 3642 4532 καὶ
3685 4478 3817 4548 περὶ

2235 4576 2415 4638 αὐτὸν,
2442 4577 2543 4630 ὅσα
2573 4576 2809 4629 κατευθὺ
2845 4576 3146 4646 πρόκειται,
3183 4576 3249 4643 τῇ
3275 4573 3503 4645 ὁρατικῇ
3545 4568 3820 4641 περιλαμ-

2239 4668 2389 4721 ϐάνει
2409 4667 2632 4738 δυνάμει
2651 4667 2767 4737 (10)
2796 4666 2995 4736 δηλαδή
3017 4683 3029 4696 ·
3051 4664 3145 4718 ὲάν
3161 4664 3218 4717 δέ
3236 4679 3320 4726 τις
3348 4661 3499 4731 αὐτῷ
3516 4660 3580 4730 λή
3591 4677 3664 4731 μη
3684 4661 3718 4730 ἢ
3737 4659 3821 4713 06-

2238 4759 2402 4821 λωσις
2438 4758 2692 4828 ἔπιχυθῇ,
2724 4757 2819 4811 καὶ
2857 4755 3032 4827 πάθῃ,
3058 4753 3181 4807 οὐδὲ
3223 4752 3392 4806 τᾶλλα
3435 4749 3674 4813 δυνατῶς
3702 4750 3818 4818 ἔχει.

2232 4851 2529 4921 καταθρείν
2559 4851 2635 4912 ὡς
2675 4851 2802 4920 χρή.
2838 4847 2942 4900 Τὸν
2964 4846 3151 4917 ὅμοιον
3174 4844 3375 4916 τρόπον
3397 4843 3493 4897 καὶ
3520 4841 3817 4910 ἀνθρώπου

2232 4942 2355 5006 νοῦς
2383 4941 2589 5006 ἀτελῶς
2622 4941 2716 4994 καὶ
2758 4939 2976 5010 φαύλως
3013 4939 3081 4992 τά
3124 4939 3263 5010 πρὸς
3303 4936 3404 5008 τὴν
3428 4937 3527 5006 τῆς
3557 4934 3818 5006 ἀληθείας

2231 5033 2573 5105 διακειμένου
2603 5032 2859 5102 θεωρίαν,
2888 5031 2956 5084 τά
3004 5029 3114 5084 τῶν
3161 5028 3387 5100 πλησίον
3433 5026 3533 5098 μὲν
3581 5023 3820 5080 ἐλαττώ-

2236 5143 2379 5195 ματα
2403 5127 2435 5196 ἢ
2459 5126 2677 5196 ἀμαρτή
2687 5141 2832 5196 ματα
2869 5119 3277 5192 καταμανθάνει
3307 5120 3341 5191 ἢ
3365 5113 3815 5189 περιεργάξεται,

2239 5220 2330 5272 καὶ
2350 5217 2471 5271 οὐδὲ
2497 5216 2670 5270 ταῦτα
2706 5215 2965 5278 πολλάκις
2999 5213 3242 5286 ἀκριϐῶς
3270 5210 3376 5265 ὑπὸ
3407 5209 3517 5263 τῶν
3553 5206 3819 5276 ἐμφύτων

2236 5308 2568 5378 ξθφούμενος
2608 5307 2797 5360 παθῶν
2830 5321 2843 5334 ·
2879 5305 2947 5358 τά
2978 5302 3172 5356 ἑαυτοῦ
3212 5302 3270 5354 δὲ
3308 5297 3563 5352 τοσοῦτον
3602 5297 3816 5364 ἀγνοεῖ,

2232 5401 2341 5470 ὅσῳ
2386 5401 2480 5453 καὶ
2535 5398 2736 5469 μᾶλλον
2770 5398 2883 5458 τοῖς
2929 5393 3154 5454 οἰκείοις
3197 5389 3392 5443 πάθεσι
3439 5387 3819 5458 παχυνόμενος

2233 5492 2579 5562 ἀμϐλυωπεῖ·
2631 5490 2697 5542 δι’
2739 5489 2768 5542 δ
2808 5489 2872 5559 δὴ
2906 5487 3000 5540 καὶ
3048 5481 3350 5554 συμϐούλου
3398 5479 3534 5550 πρὸς
3597 5478 3818 5531 ἅπαντα

2235 5583 2408 5653 χρεὼν
2454 5581 2592 5636 εἶναι
2632 5579 2711 5650 τῷ
2743 5577 3002 5646 τοιούτῳ,
3033 5573 3094 5627 τὸ
3123 5575 3366 5627 συνοῖσον
3395 5565 3814 5638 ὕποτιθεμένου,

2234 5674 2327 5728 ’καὶ
2356 5675 2433 5738 είς
2463 5672 2768 5743 ὑπόμνησιν
2808 5668 2914 5724 τῶν
2959 5664 3245 5738 πρακτέων
3288 5659 3672 5728 ἐπανάγοντος.
3705 5657 3818 5713 Καὶ
