4020 6302
269 394 381 454 829

264 511 381 581 τάρ
413 509 505 565 καὶ
531 510 566 583 ἡ
596 509 725 582 περὶ
754 511 813 566 τὸ
853 510 1013 584 σῶμα
1043 512 1371 584 δημιουργὸς
1404 515 1566 585 σοφία
1598 517 1692 570 ml.
1722 534 1855 588 προ-

266 596 471 667 μήθεια
497 601 563 668 τῇ
595 601 737 671 χειρὶ
757 592 1058 669 χεῖρα,καὶ
1088 599 1168 670 τῷ
1192 600 1313 654 ποδὶ
1341 602 1496 668 πόδα,
1531 604 1625 656 καὶ
1651 604 1855 672 ὀφθαλ-

265 687 375 760 μὸν
412 688 491 759 τῷ
534 688 832 760 ὀφθαλμῷ,
862 691 955 744 καὶ
1006 691 1174 744 τᾶλλα
1218 692 1417 763 ὁμοίως
1437 732 1453 757 ,
1483 694 1575 747 δύο
1622 694 1715 748 δύο
1749 734 1764 759 ,
1798 694 1855 748 ἓν

264 776 558 830 κατέναντι
616 776 710 829 τοῦ
762 778 913 843 ἑνὸς,
939 779 1081 832 κατὰ
1123 779 1186 833 τὸ
1227 778 1407 848 λόγιον
1449 782 1583 855 (Η),
1611 783 1693 847 είς
1732 782 1857 855 βοή-

265 863 427 917 θειαν
455 864 650 918 δέδωκε
674 866 769 921 καὶ
800 870 1112 938 συνεργίαν.

523 950 645 1027 τοῖς
677 952 887 1027 καλοῖς
918 954 1086 1027 ἕποίο
1118 959 1608 1027 νουθετούμενος,

269 1020 378 1073 186
417 1021 540 1073 Οὐκ
572 1022 922 1091 ἐντραπήσῃ
947 1024 1070 1090 τοῖς
1107 1027 1317 1090 κακοῖς
1354 1020 1709 1097 γέλώμένος.

308 1136 311 1137 ν
340 1105 493 1160 Πάνυ
526 1106 696 1167 καλὴν
733 1109 828 1162 καὶ
866 1109 1299 1183 ὠφελιμωτάτην
1328 1114 1425 1167 καὶ
1444 1114 1649 1184 ταύτην
1680 1116 1710 1168 ό
1742 1114 1857 1169 θεό⁸

268 1215 440 1267 σοφος
472 1201 783 1268 ηείσηγεῖται
826 1202 1177 1273 συμϐουλίαν,
1212 1205 1405 1277 Εἴπερ,
1428 1206 1637 1276 λέγων,
1666 1203 1713 1262 ὧ
1739 1206 1857 1279 βέλ-

266 1304 459 1354 τιστε,
488 1292 600 1352 τοῖς
647 1291 831 1353 καλοῖς
872 1309 930 1344 τε
974 1292 1235 1360 κάγαθοῖς
1289 1294 1631 1359 διδασκάλοις
1676 1299 1860 1351 νουθε-

266 1375 427 1430 τοῦσι
457 1378 519 1429 τὸ
570 1374 663 1441 οὖς
718 1377 969 1449 ὑποσχὼν
1008 1380 1464 1452 ἀκολουθήσειας,
1496 1383 1598 1436 οὐκ
1652 1382 1719 1437 ἂν
1764 1383 1857 1437 τοῦ

270 1469 645 1539 προσήκοντος
674 1470 1031 1539 ἀποσφαλεὶς,
1069 1472 1164 1524 καὶ
1210 1470 1305 1525 τοῦ
1326 1471 1486 1544 ὀρθοῦ
1520 1474 1859 1545 παραρρυεὶς

267 1558 457 1628 λόγου,
483 1559 589 1612 ὑπὸ
615 1558 725 1612 τῶν
771 1560 959 1615 κακῶν
1006 1562 1152 1633 μετά
1188 1563 1362 1618 ταῦτα
1394 1562 1702 1634 γελώμενος
1742 1565 1859 1618 δια⁹

268 1650 567 1721 τραπείης.
611 1650 675 1702 Τί
711 1647 825 1716 οὖν,
856 1652 1025 1723 φαίης
1052 1652 1119 1705 ἂν
1154 1653 1302 1717 ἴσως,
1333 1652 1710 1716 ῶδιδάσκαλε,
1740 1654 1859 1708 δια-

269 1741 619 1812 πραξαίμην,
652 1742 727 1805 ὡς
775 1742 841 1796 ἂν
874 1742 951 1813 μὴ
991 1743 1191 1814 ἐπέλθῃ
1222 1744 1308 1796 ἐπ’
1343 1745 1442 1814 ἐμὲ
1471 1744 1634 1814 μηδὲν
1671 1738 1746 1798 ὧν
1780 1745 1860 1796 εἵ-

272 1847 489 1902 ρηκας;
523 1833 690 1885 Ὅταν
742 1832 861 1886 ποτ’
887 1835 1114 1905 αίσχρὸν
1152 1836 1360 1905 ἒννοῇς,
1396 1835 1491 1887 καί
1533 1852 1585 1887 τι
1616 1834 1724 1887 τῶν
1754 1836 1861 1889 ἀπ-

268 1922 581 1993 ειρημένων
624 1922 706 1993 τῷ
746 1924 899 1995 νόμῳ
941 1923 1036 1975 τοῦ
1092 1922 1408 1994 πνεύματος
1459 1923 1860 1997 διαπράξασθαι

266 2005 485 2078 λογίζῃ,
524 2008 599 2079 μὴ
639 2010 828 2083 είπῃςδ
877 2008 993 2076 Νύξ
1045 2011 1200 2073 ἔστι,
1237 2012 1332 2065 καὶ
1370 2011 1454 2073 τίς
1495 2029 1562 2083 με
1601 2014 1703 2084 ὁρᾷ
1734 2030 1747 2080 ;
1775 2015 1863 2067 ἐπ’

266 2099 510 2170 ἐρημίας
544 2101 638 2153 καὶ
670 2101 985 2171 καταμόνας
1018 2101 1131 2171 ἐγὼ
1150 2144 1165 2167 ,
1196 2103 1337 2156 καὶὸ
1366 2102 1603 2173 ἐλέγχων
1630 2106 1691 2157 οὐ
1722 2105 1862 2175 «cipe

264 2204 391 2240 εστι
418 2188 532 2259 (12)
554 2207 565 2217 ·
586 2190 661 2259 μὴ
698 2188 842 2243 οὕτω
873 2190 1197 2261 διανοηθεὶς,
1246 2191 1345 2261 τῆς
1377 2192 1581 2244 ἀτόπου
1608 2192 1862 2263 πράξεως

267 2277 647 2350 ἀπιτολμήσῃς
666 2295 680 2308 ·
710 2278 940 2342 πολλοὺς
966 2279 1024 2332 δέ
1076 2296 1160 2333 σοι
1187 2278 1569 2350 παρεστῶτας.
1605 2282 1714 2335 Καὶ
1752 2281 1861 2353 γὰρ

266 2369 611 2438 παρεστᾶσιν
645 2367 867 2438 ἄγγελοί
889 2386 948 2423 τε
988 2368 1191 2431 πάντες
1221 2370 1315 2421 καὶ
1333 2369 1497 2433 αὐτὸς
1519 2370 1547 2421 ὀ
1579 2372 1860 2442 Δεσπότης

265 2457 385 2510 τῶν
414 2457 677 2526 ἀγγέλων·
710 2459 807 2514 κα)⁸
825 2459 998 2524 οὕτως
1048 2462 1514 2531 ὑπολογισάμενος
1547 2462 1626 2532 τῷ
1662 2462 1751 2533 νῷ.
1762 2480 1859 2533 με·

1284 393 1356 450 ΙΝ
1394 394 1700 452 CARMINA
1735 397 2014 455 ARCANA
2050 398 2108 457 S.
2150 397 2494 454 CREGORH.

3434 394 3543 453 830

1964 516 2150 571 manui
2191 531 2413 571 manum
2451 522 2506 571 et
2535 515 2655 586 pedi
2710 514 2899 586 pedem
2949 521 3005 571 et
3039 512 3257 570 oculum
3292 513 3457 569 oequ
3490 524 3550 572 et

1957 603 2061 658 alia
2106 603 2362 658 similiter
2400 603 2511 658 duo
2555 609 2609 658 et
2643 602 2776 666 duo.
2810 617 2980 657 unum
3018 617 3087 658 ex
3142 601 3375 658 adverso
3406 602 3547 657 alte-

1956 691 2077 747 rius
2128 690 2436 747 secundum
2496 692 2831 763 scripturam
2868 692 2929 747 in
2956 690 3307 762 .adjntorium
3353 698 3408 747 et
3449 704 3548 745 co-

1956 785 2334 856 operationem
2372 782 2544 838 dedit.

1959 954 2061 1025 185
2094 953 2155 1025 Si
2189 955 2353 1025 bonos
2388 929 2993 1025 sequarisadmonitus,

1960 1024 2064 1079 186
2100 1024 2307 1078 Pudari
2346 1023 2444 1077 tibi
2456 1021 2583 1077 'novt
2614 1024 2713 1076 erit
2743 1040 2776 1077 a
2808 1024 2979 1087 malis
2998 1021 3236 1076 irrideri.

2029 1103 2201 1166 Valde
2228 1112 2429 1165 bonum
2462 1120 2516 1165 et
2546 1110 2903 1166 utilissimum
2931 1119 2985 1165 et
3018 1109 3165 1166 istud
3196 1109 3549 1165 commendat

1959 1202 2144 1258 divine
2187 1204 2406 1273 sapiens
2438 1202 2761 1267 consilium,
2813 1203 3073 1273 inquiens
3103 1220 3117 1257 :
3151 1200 3196 1257 0
3238 1202 3466 1271 optime,
3497 1198 3559 1255 si‘

1957 1291 2121 1349 bonis
2151 1301 2207 1348 et
2246 1294 2411 1349 rectis
2441 1294 2727 1365 magistris
2756 1293 3085 1349 docentibus
3128 1306 3315 1347 aurem
3357 1291 3548 1343 admo-

1960 1399 2094 1439 vens
2125 1384 2616 1454 obtemperaveris,
2654 1399 2935 1454 nunquam
2958 1384 3026 1439 ab
3048 1381 3225 1439 oﬂicio
3258 1382 3548 1438 declinans

1959 1482 2016 1529 et
2064 1489 2093 1528 a
2143 1483 2294 1529 recta
2340 1477 2423 1529 via
2459 1490 2677 1539 errans,
2719 1485 2986 1545 praeterea
3028 1490 3057 1528 a
3111 1475 3302 1529 multis
3348 1473 3549 1527 irrisus

1960 1565 2235 1622 deviabis.
2272 1568 2415 1634 Quid
2462 1583 2616 1639 ergo,
2657 1566 2913 1624 similiter
2962 1567 3135 1633 dices,
3178 1581 3212 1619 ο
3263 1564 3545 1633 magister,

1962 1656 2237 1714 faciamne
2283 1660 2415 1726 quid
2467 1661 2601 1715 mibi
2647 1660 2865 1716 accidat
2913 1660 2980 1715 de
3013 1659 3101 1712 his
3150 1672 3273 1728 qua:
3320 1654 3553 1710 dixisti?

1960 1750 2193 1817 Quando
2229 1751 2418 1808 forsan
2463 1760 2627 1823 turpe
2656 1752 2787 1824 quid
2838 1754 3050 1821 cogitas
3083 1759 3138 1806 et
3179 1748 3474 1804 vetitorum
3518 1761 3550 1800 a

1962 1842 2082 1912 lege
2128 1843 2357 1912 spiritus
2387 1843 2597 1913 aliquid
2630 1844 2977 1898 committere
3016 1839 3323 1901 meditaris,
3363 1853 3432 1892 ne
3467 1836 3553 1889 di-

1963 1945 2084 1997 cas,
2112 1930 2232 1987 Nox
2262 1939 2367 1994 est,
2401 1939 2458 1987 et
2487 1932 2614 2003 quis
2644 1948 2732 1988 me
2768 1933 2957 1987 videt?
2988 1930 3047 1985 in
3078 1931 3296 1985 deserto
3328 1935 3383 1987 ct
3429 1926 3553 1981 sine

1965 2021 2196 2076 arbitris
2242 2021 2411 2079 sedeo
2438 2032 2494 2079 et
2527 2025 2894 2094 exprobrator
2930 2022 3107 2077 abest.
3146 2021 3230 2074 Ne
3274 2019 3357 2073 sic
3386 2032 3554 2085 repu-

1962 2117 2088 2164 tans
2129 2110 2397 2181 insipiens
2436 2108 2709 2181 quoddam
2742 2111 2989 2178 audeas;
3036 2116 3166 2165 sunt
3211 2107 3357 2162 enim
3394 2104 3553 2158 multi

1964 2198 2314 2263 assistentes,
2352 2199 2716 2254 circumstant
2745 2197 2927 2268 angeli
2964 2210 3159 2250 omnes
3193 2204 3248 2248 et
3288 2194 3401 2261 ipse
3436 2190 3555 2244 Rex

1964 2288 2307 2358 angelorum,
2350 2298 2404 2344 et
2435 2290 2517 2345 sic
2552 2304 2677 2344 cum
2709 2288 2814 2344 [Ide
2848 2287 3144 2341 conferens
3180 2286 3233 2339 in
3277 2283 3459 2337 animo
3497 2288 3554 2334 et

1967 2377 2204 2448 teipsum
2226 2396 2255 2433 a
2280 2382 2578 2449 propositis
2600 2395 2842 2435 avocans
2860 2373 3369 2433 eohibebiszdeinde
3391 2370 3552 2441 quasi

1966 2467 2250 2523 beneﬁciis
2281 2470 2471 2525 fruens
2504 2472 2713 2539 gratias
2746 2485 2899 2539 ages.

264 2546 344 2601 τὰ
392 2548 657 2614 πίστεως,
709 2550 805 2603 καλ⁵
857 2551 1081 2605 σεαυτὸν
1128 2552 1442 2622 ἐντραπείς,
1494 2551 1589 2605 τοῦ
1649 2554 2049 2625 ἐγχειρήματος
2099 2559 2453 2632 ἀνακοπήση,
2498 2561 2593 2613 καὶ
2642 2558 2783 2631 μετά
2829 2556 3005 2612 ταῦτα
3048 2556 3124 2620 ὡς
3173 2549 3555 2625 εὐεργετηθεὶς

267 2643 639 2713 εὐχαριστήσε
650 2661 718 2707 ις.

270 2738 382 2794 189
432 2740 534 2793 Ἀεὶ
559 2740 816 2809 προτίμα
836 2740 979 2807 τοὺς
1011 2740 1239 2809 καλοὺς
1274 2740 1392 2795 τῶν
1414 2742 1500 2811 μὴ
1530 2742 1753 2800 καλῶν.

364 2850 474 2903 ’Ᾱεὶ
504 2850 533 2901 ό
577 2848 692 2919 βίος
740 2849 941 2914 καλοὺς
990 2848 1105 2920 ἔχει
1156 2850 1251 2903 καὶ
1292 2850 1518 2915 κακοὺς,
1565 2849 1654 2903 ἀεὶ
1700 2867 1867 2905 σπου-

268 2940 457 3003 δαίους
486 2942 579 2994 καί
613 2942 1046 3013 καταφρονητάς,
1065 2942 1291 3004 πιστοὺς
1314 2940 1432 3010 Θεῷ
1454 2941 1548 2995 καὶ
1578 2942 1879 3009 ἀπίστους,

270 3033 522 3096 δικαίους
560 3034 657 3087 καὶ
687 3032 925 3097 ἀδίκους,
954 3032 1244 3104 ἀληθινούς
1288 3050 1346 3085 τε
1388 3033 1483 3086 καὶ
1520 3032 1755 3101 ψευδεῖς.
1791 3035 1864 3086 Σὺ

271 3118 375 3178 οὖν
390 3122 530 3177 κατά
551 3124 649 3195 τὴν
669 3122 864 3191 γενεάν
895 3140 988 3177 σου
1014 3123 1140 3185 τοὺς
1171 3122 1460 3186 ἐκλεκτοὺς
1488 3120 1732 3193 προτίμα
1758 3117 1867 3173 τῶν

275 3214 577 3287 στρεϐλῶν,
603 3215 731 3279 τοὺς
771 3214 1017 3279 εὐσεὸεἶς
1058 3214 1170 3267 τῶν
1193 3213 1407 3267 ἀσεϐῶν
1448 3215 1543 3269 καὶ
1578 3212 1707 3275 τοὺς
1734 3212 1866 3284 ἀλη-

270 3307 463 3371 θινοὺς
490 3306 598 3360 τῶν
632 3306 943 3376 ὑποκριτῶν
962 3324 977 3337 ·
1000 3308 1191 3369 κακοῖς
1217 3306 1275 3359 δὲ
1307 3306 1514 3376 ὁμιλῶν
1540 3305 1634 3359 καὶ
1659 3321 1872 3375 συμποο

278 3400 602 3471 σιαζόμενος
638 3401 733 3453 καὶ
765 3397 1356 3469 συναναστρεφόμενος,
1388 3396 1464 3460 ὡς
1495 3398 1524 3448 ό
1566 3396 1871 3467 ἁπτόμενος

278 3489 487 3559 πίσσης
530 3487 957 3558 μολυνθήσεται,
1004 3488 1099 3541 καὶ
1143 3488 1172 3541 ὁ
1209 3485 1484 3540 κοινωνῶν
1538 3484 1873 3556 ὑπερηφάνῳ

279 3579 682 3651 ὁμοιωθήσεται
715 3578 886 3648 αὐτῷ,
929 3578 1075 3631 κατά
1104 3576 1203 3649 τὴν
1241 3572 1663 3649 Γραφὴν,οὖτω
1684 3575 1779 3629 καὶ⁵
1808 3576 1872 3629 σὺ

277 3672 398 3732 1τοῖς
422 3673 610 3734 κακοῖς
640 3668 1004 3739 κολλώμενος.
1028 3668 1196 3733 κακὸς
1219 3667 1337 3741 ἔσῃ.
1356 3666 1498 3720 Ἀλλ’
1522 3668 1667 3736 ἐρεῖς
1686 3668 1869 3737 τυχόν·

281 3758 591 3827 Εὐεργέτης
639 3753 793 3821 οὗτός
844 3760 991 3810 ἐστιν
1024 3757 1175 3827 ἐμὸς,
1214 3756 1310 3809 καὶ
1361 3752 1421 3809 εὖ
1459 3772 1549 3826 μοι
1604 3756 1874 3826 πεποίηκε

280 3846 566 3909 πολλάκις,
608 3844 850 3908 καὶπῶς
896 3845 1088 3905 τούτου
1124 3845 1223 3916 τὴν
1252 3844 1538 3898 κοινωνίαν
1587 3845 1877 3899 ἀποσείσο·

284 3954 425 4010 μαι;
464 3938 659 3991 ’Ἄκουε
682 3937 739 3990 δὲ
772 3935 915 3989 θείου
947 3936 1107 4004 λόγου
1138 3936 1393 4007 βροντῆς.

282 4027 488 4084 Κακοΰ
520 4028 655 4097 παρ’
685 4028 906 4095 ἀνδρὸς
932 4026 1167 4095 μήποτε
1206 4026 1479 4095 χρηστὸν
1506 4028 1727 4096 πάθῃς.

356 4118 494 4188 Παρ’
512 4116 700 4187 ἀνδρὸς
726 4117 807 4176 είς
832 4114 965 4170 Θεὸν
994 4116 1457 4187 ἐμπαροινοῠντος
1483 4117 1649 4188 μηδὲν
1672 4115 1875 4184 ἀγαθὸν

283 4208 633 4280 ἰπιθυμήσῃς
659 4206 873 4271 παθεῖν,
899 4206 1029 4277 παρ’
1053 4204 1341 4278 ἀνθρώπου
1366 4200 1697 4277 ψευδομένου
1720 4206 1871 4271 Θεὸν,

284 4302 381 4355 καὶ
406 4299 691 4371 ὑποκρίσει
727 4298 886 4372 μόνῃ,
922 4298 1016 4351 καὶ
1052 4296 1152 4351 οὐκ
1180 4298 1408 4370 ἀληθείᾳ
1443 4298 1762 4369 σεϐομένου,
1799 4300 1874 4368 μὴ

285 4390 625 4462 ὲπιποθήο-ῃς
652 4390 907 4460 δωρεᾶς·
935 4387 1031 4441 τοῦ
1064 4387 1284 4459 γλώσσῃ
1322 4389 1459 4460 μόνῃ
1499 4390 1596 4443 καὶ
1638 4389 1876 4460 χείλεσιν

286 4482 638 4552 εὐλογοῦντος
670 4482 761 4535 τὸν
786 4480 918 4534 Θεὸν
948 4478 1024 4550 μὴ
1056 4479 1297 4552 ζητήσεις
1320 4480 1590 4549 εὐλογίας.
1622 4478 1869 4551 Kal-7&9

288 4577 351 4630 οὐ
399 4573 810 4646 λυσιτελήσουσί
862 4589 980 4627 σοι’
1034 4574 1117 4626 δτι
1151 4572 1305 4643 ζητεῖ
1348 4572 1677 4642 συγγνώμην
1728 4570 1877 4642 αὐτῷ

289 4664 531 4747 δίδοσθαι
582 4664 668 4735 ἐφ’
699 4658 781 4728 οἷς
832 4666 1185 4735 παρανομεῖ*
1226 4662 1568 4716 ἐπαινεῖσθαι
1615 4663 1770 4733 ζητεῖ
1820 4663 1879 4716 ὲν

290 4760 413 4822 ταῖς
452 4756 771 4827 ἐπιθυμίαις
801 4756 902 4826 τῆς
941 4756 1121 4826 ψυχῆς
1154 4754 1321 4809 αὐτοῦ
1344 4794 1359 4819 ,
1400 4755 1592 4807 ἑαυτόν
1635 4772 1695 4807 τε
1747 4770 1883 4826 προ-

295 4849 612 4922 ηγουμένως
647 4850 738 4902 καὶ
775 4848 991 4911 πλείους
1025 4847 1215 4912 ἀλλους
1244 4846 1469 4911 ἀδικῶν,
1486 4844 1882 4915 ὲνευλογεῖσθαι

294 4942 393 4997 καὶ
420 4940 832 5010 συνηγορεῖσθαι
858 4944 971 5004 τοῖς
1004 4941 1103 5010 τῆς
1118 4940 1331 5003 ἀδικίας
1360 4939 1523 4992 αὐτοῦ
1554 4939 1735 5010 ἔργοις
1755 4940 1881 5002 τοὺς

294 5030 449 5102 αὐτῷ
477 5032 803 5101 προσιόντας
830 5031 926 5085 καὶ
958 5032 1050 5084 ὑπ’
1082 5028 1249 5084 αὐτοῦ
1281 5030 1441 5101 δῆθεν
1482 5028 1880 5101 εὐεργετουμέο

296 5136 425 5183 νους
468 5118 563 5172 καὶ
610 5117 983 5188 ξενιζομένους
1015 5116 1085 5171 τά
1138 5116 1331 5189 ῥέοντα
1372 5116 1467 5170 καὶ
1509 5116 1879 5187 ἀπολλύμενα,

297 5209 375 5275 ὡς
422 5210 795 5280 ἀπαραίτητον
832 5208 1131 5278 πράττεται
1164 5208 1261 5261 καὶ
1290 5207 1591 5276 ἀναγκαίαν
1620 5206 1845 5277 ὀφειλὴν
1864 5223 1878 5236 '

301 5300 633 5370 συγγνώμην
672 5300 814 5351 αἰτεῖ
839 5297 1055 5352 πολλῶν
1084 5297 1179 5351 καὶ
1215 5297 1631 5369 βαρυταλάντων
1658 5296 1835 5367 χρεῶν
1864 5310 1879 5326 ·

236 5432 239 5435 .
300 5388 704 5443 εὐτελεστάτων
739 5388 939 5443 δόσεων
965 5388 1060 5442 καὶ⁵
1091 5387 1389 5458 ἐλαχίστων
1417 5388 1512 5441 καὶ
1539 5385 1751 5457 μικρῶν
1782 5387 1881 5459 τὴν

301 5477 532 5549 ἄπειρον
559 5478 651 5531 τοῦ
685 5477 822 5531 Θεοῦ
865 5478 1211 5550 χρηστότητα
1236 5478 1332 5531 καί¹
1367 5478 1467 5548 τὴν
1496 5476 1883 5547 ἀκατάληπτον

302 5569 645 5641 δικαιοσύνην
668 5571 1031 5642 ἐκπειράζων,
1048 5572 1142 5625 καὶ
1169 5572 1281 5633 τοῖς
1316 5570 1565 5641 ματαίοις
1597 5569 1625 5620 ὁ
1653 5568 1882 5639 μάταιος

381 5678 492 5745 (Hi
531 5677 728 5733 Nescio
791 5695 863 5734 an
914 5681 1182 5745 intelligat
1239 5681 1371 5736 illud
1417 5679 1727 5745 Epicharmi
1802 5680 1877 5743 (v.

381 5696 492 5745 uti
532 5696 728 5733 nescio
791 5696 863 5734 an
915 5696 1084 5736 intem
1127 5696 1182 5735 at
1239 5696 1371 5736 tuua
1417 5696 1460 5733 ιι
1503 5696 1727 5734 Icnarmt
1802 5696 1877 5743 (ν.

306 5746 754 5831 ξηαιωξνΑαὶοείι.
776 5766 862 5831 ηρ.
894 5750 1042 5815 366),
1161 5751 1230 5831 Δδὲ
1268 5696 1528 5831 χεὶρ-τὲν
1559 5749 1882 5831 χεῖραινίξει

312 5821 382 5887 μ.
411 5817 604 5890 κνίζει)
636 5825 736 5875 aut
776 5817 920 5876 illam
963 5817 1309 5889 sententiam,
1337 5817 1457 5890 χεὶρ
1496 5817 1668 5889 χεῖρα
1699 5820 1877 5873 νίπτει

1974 2743 2079 2800 189
2116 2744 2289 2799 Bonos
2324 2760 2529 2813 semper
2555 2758 2800 2825 prapone
2828 2756 2932 2795 non
2966 2741 3135 2794 bonis.

2045 2851 2275 2923 Semper
2319 2853 2483 2909 babet
2518 2853 2626 2907 vita
2664 2852 2842 2909 bonos
2872 2858 2927 2906 et
2966 2848 3167 2912 malos,
3217 2856 3437 2913 semper
3472 2840 3557 2896 di-

1971 2944 2206 3015 ligentes
2238 2954 2293 2999 et
2325 2951 2759 3014 contemptores,
2804 2940 2915 2997 Deo
2963 2939 3155 2995 ﬁdeles
3188 2944 3243 2991 et
3282 2933 3556 2995 inﬁdeles,

1967 3036 2153 3107 justos
2182 3044 2238 3092 et
2282 3036 2546 3105 injustas,
2580 3050 2808 3090 veraces
2836 3041 2891 3089 et
2936 3030 3255 3087 mendaces.
3296 3024 3380 3081 Tu
3426 3040 3558 3094 ergo

1976 3127 2281 3183 secundum
2316 3126 2693 3182 conditionem
2722 3132 2873 3179 tuam
2905 3139 3018 3194 pra:
3041 3120 3317 3193 perversis
3348 3119 3558 3173 honora

1972 3220 2203 3283 electos,
2232 3220 2355 3290 pios
2398 3234 2509 3289 prae
2539 3219 2725 3288 impiis
2758 3224 2813 3272 et
2844 3214 3119 3271 veridicos
3149 3227 3262 3285 pra
3296 3208 3559 3281 hypocri-

1974 3309 2077 3373 tis;
2120 3309 2265 3363 inter
2293 3308 2470 3362 malos
2497 3308 2841 3362 consortium
2872 3313 2928 3359 et
2960 3301 3277 3359 convivium
3304 3308 3360 3353 et
3400 3296 3561 3351 iami-

1975 3400 2271 3454 liaritatetn
2306 3398 2537 3462 habens,
2569 3397 2715 3453 sicut
2757 3404 2991 3467 tangens
3023 3394 3201 3464 picem
3233 3387 3562 3460 inquinabi-

1975 3499 2085 3557 tur,
2135 3499 2191 3547 et
2243 3490 2665 3546 communieans
2712 3486 2955 3558 superbo
3004 3482 3205 3541 similis
3253 3470 3360 3552 ipsi
3402 3478 3560 3550 juxta

1976 3579 2318 3649 Scripturam
2380 3577 2503 3643 lict,
2550 3584 2605 3633 et
2654 3586 2711 3631 tu
2758 3576 2919 3630 malis
2958 3573 3334 3645 agglutinatus
3377 3567 3561 3622 malus

1973 3674 2107 3730 eris.
2145 3671 2253 3726 Sed
2290 3672 2436 3726 [orte
2464 3670 2617 3724 dices
2645 3688 2658 3723 :
2707 3665 3036 3723 Benefactor
3071 3664 3183 3719 iste
3214 3676 3369 3717 meus
3383 3665 3483 3713 'est
3504 3664 3563 3712 et

1975 3780 2122 3835 saepe
2143 3765 2282 3819 bene
2310 3762 2443 3816 mibi
2476 3759 2605 3816 fecit
2634 3766 2689 3815 et
2723 3755 3001 3828 quomodo
3031 3754 3211 3824 ipsius
3238 3751 3563 3808 societatem

1975 3854 2221 3925 rejiciam
2243 3852 2266 3907 τ
2290 3851 2432 3907 Audi
2462 3851 2636 3905 divini
2665 3849 2817 3904 verbi
2858 3847 3069 3902 tonitru
3098 3863 3111 3899 :
3151 3863 3171 3897 ι
3201 3841 3345 3898 Malo
3384 3856 3415 3895 a
3441 3839 3565 3893 viro

1978 3961 2047 4000 ne
2094 3958 2336 4013 unquam
2376 3941 2704 3999 beneﬁcium
2746 3938 3012 4009 accipias.
3054 3955 3073 3988 ι
3100 3934 3145 3989 Α
3172 3935 3297 3988 viro
3315 3931 3408 4002 qui
3449 3945 3562 4001 pne

1976 4035 2239 4093 ebrietate
2269 4034 2325 4088 in
2358 4034 2525 4088 Deum
2560 4032 2799 4102 assurgit
2822 4045 2891 4085 ne
2919 4025 3249 4085 beneﬁcium
3278 4020 3563 4078 desideres

1979 4118 2246 4195 accipere,
2288 4124 2357 4177 ab
2402 4124 2628 4178 homine
2674 4122 2735 4176 in
2774 4119 2943 4176 Deum
2992 4115 3281 4173 mentienti
3333 4118 3388 4168 et
3442 4110 3564 4165 sola

1979 4216 2254 4287 hypocrisi
2300 4230 2409 4268 non
2454 4214 2683 4268 veritate
2726 4210 2897 4266 Deum
2938 4207 3209 4263 reverenti
3258 4219 3329 4258 ne
3364 4200 3563 4273 cupias

1978 4310 2205 4372 donum,
2233 4306 2304 4361 ab
2332 4305 2427 4361 illo
2452 4305 2555 4375 qui
2577 4305 2762 4375 lingua
2787 4310 3001 4355 tantum
3024 4307 3077 4355 et
3096 4297 3255 4351 labiis
3284 4293 3568 4349 benedicit

1979 4398 2171 4463 Deum,
2200 4412 2267 4453 ne
2295 4411 2512 4466 quaeras
2532 4380 2968 4459 benedictiones;
2994 4406 3100 4445 non
3131 4387 3279 4465 enim
3307 4383 3562 4457 expediet

1977 4490 2073 4545 tibi
2107 4490 2236 4560 quin
2268 4489 2483 4544 veniam
2517 4487 2715 4557 quaerit
2754 4485 2874 4539 dari
2904 4491 3131 4552 propter
3173 4480 3269 4534 illa
3302 4493 3399 4548 per
3438 4491 3563 4547 quae

1970 4591 2185 4651 peccat.
2229 4580 2470 4634 Laudari
2511 4577 2710 4648 qumrit
2748 4578 2803 4631 in
2848 4572 3142 4631 desideriis
3181 4571 3377 4625 anima:
3421 4582 3558 4631 sum,

1974 4674 2080 4729 sibi
2116 4672 2351 4743 primum
2384 4677 2437 4727 et
2473 4669 2664 4724 multis
2696 4667 2819 4722 aliis
2850 4664 3074 4735 injuste’
3103 4675 3327 4724 nocens,
3370 4672 3439 4714 ex
3474 4656 3561 4711 in-

1972 4763 2202 4834 iustitiae
2234 4776 2347 4817 sua:
2379 4758 2641 4831 operibus
2669 4757 2772 4812 sibi
2801 4754 2973 4825 exigit
2994 4752 3429 4808 benedictionem
3457 4746 3562 4801 tri-

1979 4855 2076 4911 bui
2122 4865 2177 4909 et
2220 4852 2621 4924 protectionem
2666 4862 2697 4902 a
2742 4842 3215 4903 circumdantibus
3257 4848 3314 4895 et
3369 4837 3438 4893 ab
3472 4836 3562 4891 bis

1978 4946 2185 5015 quibus
2214 4944 2395 5014 palam
2427 4938 2696 4997 beneﬁcia
2725 4933 2961 4991 contulit
2992 4941 3047 4987 et
3076 4928 3425 5001 hospitaliter
3449 4924 3562 4995 egit

1979 5035 2046 5091 de
2072 5034 2235 5089 ﬂuxis
2255 5040 2308 5088 et
2338 5029 2698 5102 pereuntibus
2724 5023 2981 5096 negotiis.
3010 5028 3065 5078 et
3092 5020 3265 5090 exigit
3297 5026 3559 5086 tanquam

1978 5125 2225 5181 debitum
2264 5120 2643 5178 necessarium
2671 5124 2727 5171 et
2758 5114 2910 5169 nullo
2952 5111 3115 5167 modo
3146 5106 3558 5163 dimittendum.

1979 5215 2207 5286 veniam
2242 5198 2377 5286 petit
2406 5212 2706 5266 multorum
2740 5218 2794 5263 et
2831 5205 3077 5277 gravium
3110 5203 3441 5264 debitorum,
3479 5196 3561 5250 vi-

1986 5281 2216 5365 lissimis
2244 5296 2408 5363 don'is
2440 5313 2497 5361 et
2532 5302 2777 5357 minimis
2803 5308 2859 5355 et
2897 5299 3083 5370 parvis
3116 5296 3439 5350 immensam
3466 5288 3561 5343 Dei

1986 5400 2287 5456 bonitatem
2340 5406 2395 5452 et
2449 5390 3058 5463 incomprehensibiletn
3102 5385 3375 5457 justitiam
3440 5387 3563 5434 ten-

1986 5501 2132 5557 tans,
2170 5496 2225 5543 et
2250 5489 2407 5544 vanis
2435 5502 2610 5542 vanus
2642 5484 2909 5539 cmlorum
2942 5493 3172 5551 regnum
3208 5488 3391 5531 emere
3417 5470 3560 5527 arbi-

1988 5590 2163 5647 trans,
2199 5587 2255 5635 et
2278 5577 2414 5633 nihil
2446 5577 2662 5631 illorum
2692 5589 2815 5646 quae
2848 5572 3204 5643 requiruntur
3229 5563 3486 5624 oﬂercns,
3508 5567 3568 5622 et

1988 5691 2247 5753 δάκτυλός
2283 5707 2341 5743 τε
2374 5686 2652 5747 δάκτυλον,
2682 5684 2965 5741 Menandri
3002 5680 3147 5738 Sent.
3196 5678 3326 5748 sing.
3364 5672 3489 5731 5-13..

2062 5763 2173 5835 (12)
2204 5761 2338 5818 Cod.
2370 5757 2657 5829 παρέσται.
