4020 6302
473 410 572 492 831

475 550 632 606 nullo
680 551 842 608 modo
870 550 1032 622 digna
1067 566 1229 624 opera
1283 570 1466 612 coram
1505 559 1613 614 Deo
1656 559 2053 630 jactat,tamen

472 647 532 693 et
571 641 655 697 his
686 642 1012 698 benevolum
1041 659 1188 710 eum,
1221 648 1314 716 qui
1341 649 1430 704 dat
1452 653 1658 715 omnia.
1691 653 1893 708 lucrari
1925 670 2058 709 con-

477 730 732 797 tendens,
779 731 948 788 Deum
995 749 1103 790 non
1155 736 1416 800 oblectat.
1466 740 1560 795 sed
1613 757 1646 798 e
1701 755 1892 798 contra
1935 745 2060 802 aliis

475 833 762 892 peccatum
794 840 956 879 suum
987 840 1282 882 commune
1318 828 1516 886 reddit.

480 1104 584 1159 193
617 1105 728 1176 Ego
761 1107 896 1160 lucri
925 1107 1138 1178 aliquid,
1171 1107 1242 1161 ab
1273 1109 1580 1162 adversario
1610 1111 1824 1180 colligo.

550 1193 647 1247 Est
677 1201 730 1249 et
763 1195 907 1264 apud
943 1197 1126 1250 hostes
1155 1197 1352 1264 gratia,
1393 1198 1467 1250 ait
1499 1200 1869 1264 proverbium.
1920 1197 2058 1255 liuic

477 1283 752 1355 theologia
785 1285 966 1340 simile
1010 1286 1182 1340 dicit:
1220 1285 1330 1356 Ego
1361 1296 1412 1341 et
1455 1288 1524 1342 ab
1567 1289 1726 1343 hoste
1766 1289 2055 1342 utilitatem

479 1373 722 1442 percipio
740 1381 794 1428 et
821 1374 1040 1428 lucrum
1065 1374 1224 1430 vobis
1245 1375 1616 1431 communico.
1646 1377 1784 1443 Quid
1810 1377 2058 1432 lucrum?

477 1460 915 1532 Redargutiones
943 1479 1135 1520 eorum
1172 1467 1264 1536 qui
1317 1482 1403 1522 me
1446 1468 1683 1523 oderunt
1724 1479 1777 1524 et
1808 1470 2057 1525 convicia

474 1553 783 1610 observans
817 1562 871 1609 et
902 1556 1144 1625 ipsorum
1173 1555 1587 1628 obiurgationes
1617 1560 1794 1614 vitans
1825 1559 1943 1630 ipse
1966 1574 2058 1614 ac-

474 1642 725 1700 curatius
755 1645 923 1698 vitam
959 1644 1196 1718 dispono
1242 1663 1418 1703 meam
1468 1657 1522 1706 et
1555 1650 1712 1706 vobis
1748 1651 1881 1706 illud
1927 1666 2055 1705 sua-

473 1734 579 1790 deo
621 1753 636 1790 :
677 1733 750 1792 Ut
797 1737 1051 1793 securius
1083 1738 1304 1803 vivatis,
1354 1749 1409 1794 et
1446 1755 1514 1796 ne
1555 1741 1924 1796 contemnatis
1969 1740 2054 1794 vel

473 1827 814 1882 levissimam
846 1843 877 1882 a
905 1829 1048 1885 bono
1075 1830 1519 1897 declinationem,
1549 1848 1658 1887 non
1689 1840 1899 1887 tantum
1926 1847 2054 1902 pro-

476 1926 599 1992 pter
621 1917 966 1987 mandatum,
1005 1919 1099 1975 sed
1124 1929 1177 1976 et
1205 1931 1429 1992 propter
1457 1921 1850 1976 maledicorum
1882 1921 2052 1976 auda-

473 2009 638 2073 ciam,
671 2010 978 2065 cavendum
1009 2012 1169 2066 nobis
1199 2022 1285 2067 est
1315 2012 1464 2066 omni
1499 2011 1802 2084 diligentia.
1848 2012 2050 2067 Reme-

474 2099 625 2154 dium
656 2107 742 2155 est
784 2100 986 2170 injuria
1021 2101 1288 2170 hostium,
1329 2104 1632 2159 remedium
1663 2102 1894 2158 affectus
1922 2117 2051 2173 pra-

473 2205 572 2246 vos
597 2192 786 2247 cordis
820 2193 1130 2263 detergens,
1163 2209 1411 2248 amarum
1443 2196 1664 2266 quidem
1689 2195 1829 2250 sicut
1857 2204 1910 2250 et
1930 2209 2056 2248 eor-

474 2297 667 2352 porum
713 2283 996 2353 purgativa
1037 2301 1053 2339 :
1103 2282 1290 2354 itaque
1341 2285 1474 2340 illud
1507 2289 1710 2342 veritus
1756 2286 2052 2356 prohibeor

473 2390 542 2429 ne
590 2376 644 2428 in
709 2376 896 2431 multis
945 2375 1283 2446 delinquam,
1343 2385 1398 2433 et
1463 2378 1662 2432 iterum
1715 2377 2049 2446 voluptatem

473 2471 733 2536 tanquam
807 2481 1031 2522 causam
1090 2474 1145 2520 et
1203 2467 1577 2524 adductriccm
1648 2468 2051 2539 obiurgationis

473 2568 673 2611 amarae
705 2557 976 2626 redarguo
1008 2566 1063 2612 et
1097 2559 1308 2630 rejicio.

1823 441 2116 500 NICETAS
2151 443 2237 499 DA
2248 442 2354 500 \'lD

3631 441 3740 503 833

2163 567 2262 635 τὴν
2292 564 2400 618 τῶν
2426 563 2670 634 οὐρανῶν
2698 561 2970 633 βασιλείαν
3013 559 3433 632 ἐξαγοράζεσθαι
3468 561 3748 633 οἰόμενος,

2163 657 2258 710 καὶ
2287 656 2451 724 μηδὲν
2478 648 2554 710 ὦν
2577 657 2784 717 ἐκεῖνος
2809 655 2963 725 ζητεῖ
3000 655 3390 725 παρεχόμενος,
3417 655 3515 708 καὶ
3556 654 3624 706 τᾶ
3652 653 3748 707 οὐ·

2157 746 2308 809 δενὸς
2348 745 2473 812 ἀξια
2511 746 2640 816 παρ’
2668 745 2814 816 αὐτῷ
2857 743 3356 815 πλειπηριάξεται,
3387 744 3484 797 καὶ
3526 744 3746 809 τούτοις

2157 839 2248 891 τὸν
2271 837 2480 891 διδόντα
2500 837 2568 890 τά
2591 838 2768 891 πάντα
2798 836 3460 906 καταπραγματευόμενος
3485 833 3620 886 Θεὸν
3639 835 3748 888 οὐκ

2157 929 2426 995 ἀρκεῖται,
2445 927 2580 982 ἀλλά
2605 929 2696 981 καί
2718 928 2908 991 ἀλλους
2931 926 3220 989 κοινωνοὺς
3246 925 3345 995 τῆς
3365 923 3530 979 αὑτοῦ
3557 925 3748 994 ἀμαρι

2156 1018 2276 1082 τξας
2306 1019 2710 1088 συνεφέλκεται.

2159 1108 2260 1162 193
2310 1107 2450 1177 Ἐγώ
2497 1123 2553 1161 τι
2591 1106 2802 1175 κέρδος
2829 1107 3057 1176 ἐκλέγω
3088 1105 3188 1158 καί
3219 1103 3595 1173 δυσμενοῦς.

2231 1197 2390 1251 Ἔστι
2433 1197 2528 1249 καὶ
2556 1199 2687 1267 παρ’
2719 1195 2930 1267 ἐχθρῶν
2962 1195 3195 1265 χάρις,ή
3232 1192 3501 1262 παροιμία
3530 1191 3700 1260 φησίν
3723 1207 3742 1222 ⁶

2155 1288 2338 1358 ὅμοιον
2378 1287 2550 1357 ταύτῃ
2576 1287 2669 1340 καὶ
2702 1289 2736 1355 ὴ
2779 1286 3026 1355 θεολογία
3063 1285 3213 1353 λέγει
3231 1324 3247 1347 ,
3275 1287 3418 1357 Ἐγὼ
3439 1286 3533 1340 καὶ
3553 1284 3618 1336 ἐκ
3642 1281 3757 1334 τοῦ¹

2157 1375 2454 1447 δυσμενοῦς
2481 1375 2748 1445 ὠφέλειαν
2780 1375 3097 1446 καρποῦμαι
3122 1374 3218 1428 καὶ
3248 1376 3309 1426 τὸ
3337 1374 3529 1445 κέρδος
3562 1389 3747 1425 statvo-

2159 1467 2418 1538 ποιοῦμαι
2465 1468 2600 1538 πρὸς
2635 1467 2799 1537 ὑμᾶς.
2854 1467 3068 1520 Ὀποῖον
3110 1466 3167 1519 δὲ
3215 1463 3363 1518 τουτὶ
3409 1463 3471 1516 τὸ
3507 1463 3742 1534 κέρδοςς

2157 1561 2268 1623 Τὰς
2301 1557 2408 1629 γὰρ
2439 1559 2590 1629 παρά
2615 1559 2722 1612 τῶν
2744 1559 3135 1630 ἐχθραινόντων
3164 1554 3439 1628 μοιλαϐἀς
3467 1554 3561 1608 καὶ
3595 1555 3750 1623 μὲμο

2163 1653 2276 1722 ἕεις
2309 1651 2652 1716 ὖπῡπτεύων,
2693 1651 2787 1703 καὶ
2822 1649 2923 1713 τὰς
2963 1649 3142 1703 αὐτῶν
3172 1647 3460 1718 ἐπιλήψεις
3496 1643 3744 1712 impegi.

2158 1759 2268 1814 γῳν
2294 1784 2308 1808 ,
2344 1742 2506 1805 αὑτός
2537 1759 2597 1795 τε
2631 1741 3026 1812 ἀκριϐέστερον
3051 1741 3141 1793 τὸν
3191 1736 3429 1813 ἐμαυτοῦ
3479 1734 3744 1809 διευθετῶ

2161 1834 2273 1905 βίον
2303 1835 2399 1888 καὶ
2441 1833 2570 1903 ὑμῖν
2616 1822 2772 1886 αὑτό
2794 1829 2950 1884 τοῦτο
2993 1828 3246 1902 παραινῶ
3269 1867 3286 1893 ,
3316 1825 3745 1895 ἀσφαλεστέρως

2162 1920 2311 1993 βιοῦν
2348 1921 2444 1974 καὶ
2483 1920 2558 1991 μὴ
2607 1921 2968 1993 καταφρονεῖν
3011 1918 3143 1989 μηδὲ
3181 1917 3280 1988 τῆς
3317 1915 3610 1985 ἐλαχίστης
3653 1914 3743 1966 δι-

2158 2032 2274 2085 αμα
2282 2014 2434 2086 ρτίας
2461 2011 2554 2067 τοῦ
2579 2009 2830 2073 καλοῦ,εί
2851 2010 2945 2063 καὶ
2976 2008 3051 2080 μὴ
3070 2008 3158 2062 διὰ
3181 2008 3282 2078 τὴν
3303 2006 3522 2078 ἐντολὴν
3544 2003 3748 2058 τοσοῦο

2157 2123 2269 2169 τον,
2299 2105 2437 2159 ἀλλά
2478 2121 2541 2172 γε
2573 2103 2662 2157 διὰ
2705 2101 2805 2173 τὴν
2834 2100 2943 2154 τῶν
2983 2099 3270 2171 βασκάνων
3291 2097 3558 2168 λοιδορίαν
3587 2097 3745 2167 πάσῃ

2157 2194 2422 2266 τηρητέον
2475 2192 2702 2256 ἑαυτοὺς
2749 2191 2984 2262 φυλακῇ.
3020 2189 3311 2260 Φάρμακόν
3343 2189 3495 2241 ἐστιν
3524 2188 3554 2240 ὁ
3602 2186 3746 2257 πρὸς

2157 2285 2263 2338 τῶν
2297 2283 2508 2355 ὲχθρῶν
2548 2281 2866 2351 ὀνειδισμὸς,
2911 2280 3200 2351 φάρμακον
3240 2279 3350 2331 τῶν
3377 2275 3476 2347 τῆς
3508 2276 3745 2348 καρδίας

2160 2376 2379 2429 παθέων
2425 2373 2821 2444 καθαρτήριον,
2855 2370 3050 2442 πικρὸν
3078 2369 3135 2423 δὲ
3185 2369 3336 2439 ὅμως
3357 2409 3374 2434 ,
3404 2368 3595 2438 ὥσπερ
3642 2364 3744 2419 καὶ

2157 2467 2226 2520 τὰ
2261 2465 2371 2519 τῶν
2421 2464 2688 2533 σωμάτων
2742 2462 2981 2533 ρυπτικά
3017 2476 3033 2491 ⁸
3064 2460 3131 2514 δι’
3157 2459 3186 2512 δ
3219 2459 3313 2513 καὶ
3342 2457 3530 2520 δεδιὼς
3577 2454 3746 2510 τοῦτο

2160 2545 2518 2622 συστέλλομαι
2544 2551 2614 2604 τά
2636 2548 2807 2604 πολλά
2833 2550 3191 2621 παρανομεῖν,
3219 2547 3313 2600 καὶ
3332 2540 3401 2600 αὖ
3433 2545 3598 2599 πάλιν
3635 2542 3740 2613 τὴν

473 2645 666 2719 ἡδονὴν
713 2649 790 2712 ὡς
828 2649 1006 2704 αἰτίαν
1062 2667 1152 2719 μοι
1211 2650 1305 2706 καὶ
1351 2650 1608 2723 πρόξενον
1656 2651 1756 2723 τῆς
1803 2651 1914 2704 τῶν
1961 2646 2281 2719 ὀνειδισμῶν
2319 2643 2542 2716 πικρίας
2583 2642 2874 2713 γινομένην
2923 2635 3306 2710 ἐπιμέμφομαι
3349 2636 3445 2690 καὶ
3480 2633 3739 2690 ἀποσείον-

518 2754 597 2792 αι.

518 2755 597 2792 αι.

475 2755 579 2886 ῗθῗ
616 2830 792 2885 Bonos
824 2847 1126 2898 remanere,
1165 2834 1332 2888 motos
1364 2833 1591 2900 despice.

521 2919 709 2975 Simile
725 2928 856 2991 puto
875 2922 1253 2977 tetrastichum
1269 2923 1415 2978 istud
1439 2923 1747 2992 apostolico
1766 2925 2044 2981 mandato:

474 3004 536 3062 Si
549 3006 669 3076 fieri
681 3015 872 3075 potest,
894 3007 1034 3077 quod
1051 3023 1118 3062 ea:
1132 3007 1275 3062 vobis
1291 3017 1391 3076 est,
1414 3025 1531 3063 cum
1557 3008 1796 3064 omnibus
1822 3008 2050 3062 homini-

473 3099 568 3151 bus
587 3112 770 3165 pacem
789 3099 1035 3152 habentes
1058 3097 1246 3169 (Rom.
1279 3115 1375 3162 xit.
1409 3100 1498 3169 {8)
1528 3117 1540 3152 :
1563 3113 1690 3153 cum
1716 3097 1877 3152 bonis
1896 3112 2051 3168 ergo,

474 3192 776 3246 mansuetis
803 3198 857 3246 et
875 3178 1155 3248 benevolis
1179 3206 1306 3263 erga
1329 3206 1430 3247 nos
1453 3190 1843 3246 convenienter
1874 3190 2050 3244 vicem

473 3280 679 3347 referre
710 3282 921 3351 justum
951 3289 1058 3349 est,
1104 3282 1218 3338 sive
1248 3297 1347 3353 per
1376 3281 1564 3346 verba,
1607 3281 1723 3337 sive
1758 3295 1855 3352 per
1883 3280 2048 3344 dona,

472 3373 590 3427 sive
608 3387 704 3441 per
722 3381 926 3427 rectam
949 3373 1369 3439 conscientiam,
1393 3372 1553 3427 aliter
1570 3373 1791 3444 dignam
1823 3370 2054 3427 reddere

472 3463 705 3533 gratiam
727 3471 978 3534 oportet;
1008 3463 1180 3520 malos
1211 3479 1347 3518 vero
1377 3474 1432 3518 et
1470 3479 1725 3533 perverse
1756 3470 1980 3536 agentes
1998 3469 2053 3519 et

471 3557 880 3613 calumniantes
921 3571 1024 3613 nos
1070 3556 1376 3628 despicere,
1417 3557 1571 3611 nihili
1622 3556 1824 3621 facere,
1871 3556 1924 3612 id
1967 3563 2053 3613 est

474 3648 752 3720 negligere
788 3655 1039 3719 oportet;
1073 3648 1169 3703 sed
1202 3650 1367 3703 etiam
1407 3649 1543 3718 ipsis
1574 3650 1803 3716 gratiam
1839 3647 2051 3703 tribue-

472 3753 553 3806 re,
579 3753 645 3795 eo
673 3739 819 3808 quoi
862 3738 999 3793 nihil
1030 3739 1160 3793 mali
1193 3739 1261 3794 ab
1286 3739 1422 3808 ipsis
1445 3741 1737 3809 patiamur,
1762 3739 1890 3794 licet
1918 3738 2053 3794 allii-

473 3846 601 3902 gere
632 3830 881 3886 mediani
926 3832 1074 3897 sint;
1106 3832 1312 3887 idcirco
1361 3831 1648 3902 paciﬁcum
1681 3840 1734 3887 et
1777 3831 2051 3902 placidum

471 3935 598 3978 esse
629 3906 755 3976 cum
787 3921 923 3995 ipsis
953 3929 1201 3993 oportet;
1236 3921 1362 3977 inde
1392 3928 1655 3992 sequetur
1693 3920 2051 3977 diuturnitate

475 4012 740 4083 temporis
776 4021 832 4068 et
884 4012 1296 4083 longanimitate
1341 4013 1485 4083 quod
1534 4027 1630 4068 eos
1674 4011 1908 4067 suadeas
1956 4011 2051 4081 qui

474 4103 606 4159 boni
640 4101 774 4156 ﬁant
811 4110 905 4157 tua
938 4102 1213 4172 probitate
1234 4103 1395 4169 victi;
1427 4102 1634 4157 nemini
1669 4102 1816 4155 enim
1847 4099 2051 4154 malum

477 4207 580 4264 pro
623 4193 768 4247 malo
820 4193 1076 4258 reddens,
1127 4193 1424 4248 bonitatem
1472 4200 1527 4248 et
1576 4180 2051 4247 mansuetudinem

476 4290 740 4354 tanquam
779 4285 1046 4354 optimum
1079 4285 1189 4340 illis
1215 4284 1537 4355 impertiens
1559 4283 1788 4347 donum,
1817 4285 1898 4340 sic
1920 4299 2054 4355 pau-

477 4373 646 4427 lulum
670 4374 1004 4442 meliorabis,
1020 4382 1075 4432 et
1091 4376 1264 4433 malos
1282 4385 1335 4433 et
1355 4376 1618 4433 molestos
1655 4376 1829 4432 bonos
1868 4376 1964 4431 tibi
1996 4383 2052 4432 et

478 4459 682 4534 probes
711 4463 982 4535 perﬁcies.

475 4639 585 4696 201·
619 4639 889 4712 Bcnignus
922 4651 1034 4698 esto
1066 4643 1331 4710 omnibus,
1361 4645 1408 4699 si
1435 4654 1601 4714 potes.

550 4752 607 4808 Si
628 4761 783 4809 tanta
808 4757 906 4811 tibi
926 4758 1101 4828 gratia
1136 4758 1205 4813 ab
1227 4758 1510 4814 Altissimo
1531 4758 1734 4814 tributa
1767 4769 1853 4815 est
1872 4772 1926 4816 et
1947 4764 2054 4831 vis,

476 4845 570 4917 qui
608 4845 776 4901 Deum
812 4848 1045 4904 imiteris
1080 4864 1241 4920 quem
1265 4850 1521 4906 omnibus
1548 4852 1885 4907 celebramus
1909 4853 2058 4922 opti-

478 4951 652 5001 mum,
675 4943 727 4992 et
752 4930 869 5006 ipse
886 4937 984 4993 llas
1002 4938 1257 4995 omnibus
1280 4939 1458 4995 bonus
1481 4951 1536 4996 et
1552 4941 1735 4996 utilis:
1758 4945 1888 5012 quid
1905 4945 2051 4998 enim

477 5043 612 5082 sane
637 5027 940 5084 imitatione
970 5027 1063 5083 Dei
1081 5030 1315 5086 melius?
1341 5030 1448 5086 Sed
1472 5031 1634 5086 homo
1653 5048 1777 5087 cum
1813 5017 2058 5104 sis,quo-

479 5117 645 5172 modo
674 5120 878 5188 poteris
911 5120 1142 5176 bonitati
1172 5121 1274 5191 ipsi
1307 5121 1502 5177 similis
1521 5123 1635 5178 tieri
1663 5131 1718 5178 et
1744 5123 1810 5178 ad
1838 5138 2055 5180 omnem

480 5210 688 5278 pariter
719 5225 941 5266 carnem
973 5212 1410 5267 misericordiam
1442 5216 1736 5270 extendere
1763 5224 1819 5269 et
1841 5216 2057 5270 bonita-

482 5301 632 5354 tem?
661 5301 910 5372 Simplici
937 5303 1100 5358 corde
1129 5304 1562 5360 misericordiam
1597 5316 1650 5362 et
1681 5322 1925 5361 amorem
1957 5307 2057 5359 ba-

481 5393 612 5447 bere
637 5385 692 5447 et
721 5393 788 5448 de
818 5395 995 5448 salute
1014 5394 1560 5453 omniumhominum
1588 5398 1828 5453 studium
1853 5398 2056 5454 sentire

478 5498 578 5555 per
610 5482 818 5540 Christi
862 5483 1208 5542 dilectionem
1257 5503 1386 5559 erga
1446 5504 1547 5545 nos
1597 5504 1925 5562 possumus;
1959 5486 2054 5544 sed

481 5575 806 5631 benefacere
836 5578 1092 5634 omnibus
1127 5579 1443 5652 hominibus
1473 5580 1680 5635 homini
1715 5579 2059 5650 impossibile

481 5662 709 5722 omnino
736 5675 854 5732 est;
891 5667 1013 5723 ideo
1041 5669 1188 5725 dicet
1223 5673 1482 5728 omnibus
1510 5670 1624 5726 fieri
1673 5671 1837 5739 utiles
1872 5672 2058 5726 animo

482 5758 683 5811 volenti
731 5758 982 5815 homines
1014 5760 1342 5831 diligentes;
1371 5772 1422 5817 et
1458 5762 1761 5833 praesertim
1795 5762 2058 5832 proximis

483 5849 715 5922 nostris,
746 5850 910 5909 corde
941 5851 1087 5911 bono
1112 5861 1168 5910 et
1197 5855 1546 5914 sermonibus
1579 5863 1632 5913 et
1673 5854 1931 5926 operibus
1964 5853 2051 5910 be-

2145 2821 2244 2876 197
2283 2819 2521 2885 Καλοὺς
2547 2817 2816 2886 ἀμείϐου,
2849 2817 2993 2880 τοὺς
3038 2814 3261 2880 κακοὺς
3306 2814 3669 2883 περιφρόνει.

2217 2911 2443 2981 Ὅμοιον
2469 2903 2624 2977 οἶμαι
2657 2906 2816 2960 τοῦτο
2855 2907 2916 2960 τὸ
2954 2907 3306 2977 τετράστιχον
3341 2905 3419 2976 τῷ
3458 2902 3746 2959 ἀποστολι-

2151 3003 2229 3073 κῷ
2257 3002 2452 3070 ἐκείνῳ
2490 2998 2932 3071 παραγγέλματι,
2968 3000 3038 3052 Et
3069 2994 3354 3057 δυνατὸν,
3375 2994 3441 3049 τὸ
3473 2994 3544 3058 ἐξ
3568 2994 3763 3065 ὑμῶν,

2152 3093 2295 3164 μετὰ
2337 3091 2578 3147 πάντων
2623 3089 2949 3158 ἀνθρώπων
2981 3088 3418 3156 ειρηνεύοντες.
3445 3085 3592 3156 Πρὸς
3636 3084 3744 3157 μὶν

2157 3181 2249 3238 οὖν
2277 3185 2402 3249 τοὺς
2435 3182 2635 3245 καλοὺς
2660 3181 2756 3234 καὶ
2789 3182 3051 3242 ἐπιεικεῖς
3074 3180 3169 3233 καὶ
3195 3178 3383 3241 clivom;
3413 3178 3549 3248 ἡμῖν
3575 3192 3746 3247 προσ-

2156 3275 2398 3346 ηκόντως
2444 3272 2716 3328 ποιεῖσθαι
2748 3270 2954 3325 δίκαιον
2983 3271 3082 3334 τὰς
3111 3267 3366 3340 ἀμοιϐάς,
3395 3270 3506 3322 εἴτε
3533 3266 3622 3321 διὰ
3649 3266 3744 3320 λό-

2152 3384 2286 3437 γων,
2320 3365 2427 3418 εἴτε
2448 3364 2537 3418 διὰ
2569 3365 2778 3432 δώρων,
2803 3362 2980 3414 εῐτουν
3012 3358 3186 3423 ἄλλως
3215 3360 3283 3412 δι’
3317 3357 3529 3428 ἀγαθῆς
3561 3375 3742 3412 συνει-

2152 3459 2361 3530 δήσεως
2404 3457 2505 3528 τὴν
2557 3454 2715 3519 ἀξίαν
2763 3450 3109 3507 ἀποτιννύναι
3155 3451 3316 3522 χάριν
3361 3448 3538 3521 χρεών
3565 3467 3580 3481 ·
3607 3448 3742 3512 τοὺς

2153 3549 2358 3611 κακοὺς
2385 3546 2442 3600 δὲ
2466 3547 2560 3600 καὶ
2583 3543 3050 3615 πονηρευομένους
3065 3543 3160 3596 καὶ
3184 3539 3574 3612 βασκαίνοντας
3602 3541 3741 3609 ἡμῖν

2153 3627 2507 3710 περιφρονεῖν
2550 3637 2646 3689 καὶ
2676 3633 3005 3700 ἐξουδενοῦν,
3034 3635 3062 3686 ὅ
3089 3633 3234 3686 ἐστιν
3273 3633 3569 3703 ὐπερορᾷν,
3599 3632 3734 3703 χρή·

2153 3729 2289 3782 ἀλλὰ
2338 3728 2433 3782 καὶ
2482 3726 2690 3790 τοὺ-τοις
2749 3726 2909 3796 χάριν
2958 3724 3157 3777 εἰδέναι
3203 3723 3280 3794 τῷ
3331 3723 3497 3793 μηδὲν
3522 3721 3740 3776 ’παθεῖν

2155 3819 2286 3892 παρ’
2315 3818 2495 3884 αὐτῶν
2527 3815 2724 3879 κακὸν,
2764 3818 2814 3869 εί
2865 3816 2960 3870 καὶ
2991 3815 3175 3880 ἔδοξαν
3213 3813 3405 3866 λυπεῖν
3429 3829 3443 3841 ⁸
3473 3814 3539 3867 δι’
3571 3812 3599 3866 ὃ
3637 3813 3738 3865 καὶ

2152 3908 2441 3981 εἰρηνικῶς
2471 3909 2563 3961 καὶ
2591 3907 2818 3978 ἀμάχως
2849 3905 2970 3958 δέον
3008 3903 3312 3959 διακεῖσθαι
3346 3904 3480 3974 πρὸς
3513 3904 3735 3969 αὐτοὺς,

2151 4001 2226 4064 ὡς
2271 4001 2336 4054 ἂν
2369 4000 2445 4072 τῷ
2483 3998 2663 4070 πολλῷ
2711 3997 2889 4069 χρόνῳ
2920 3996 3016 4050 καὶ
3041 3999 3110 4066 τῇ
3148 3994 3499 4066 μακροθυμίᾳ
3538 3995 3742 4064 πείσῃς

2153 4093 2246 4144 καὶ
2272 4091 2469 4154 αὐτοὺς
2513 4089 2768 4159 γενέσθαι
2809 4088 3100 4161 χρηστοὺς,
3121 4087 3221 4157 τῆς
3256 4087 3360 4156 σῆς
3397 4085 3734 4157 ἡττημένους

2154 4180 2575 4248 καλοκάγαθίας.
2624 4179 2829 4250 Μηδενὶ
2875 4179 2985 4250 γὰρ
3029 4177 3197 4231 κακὸν
3229 4177 3351 4231 ἀντὶ
3391 4175 3562 4232 καχοῦ
3593 4176 3731 4229 ἀπο-

2151 4261 2346 4334 διδοῖις,
2382 4271 2726 4342 χρηστότητα
2766 4271 2822 4324 δὲ
2862 4270 2955 4323 καὶ
2986 4267 3289 4322 ἐπιείκειαν
3327 4267 3402 4331 ὡς
3438 4266 3738 4336 καλλίστην

2153 4363 2335 4426 αὐτοῖς
2363 4361 2741 4433 ὲπιὸραόεύων
2769 4360 2999 4433 δωρεὰν,
3028 4359 3171 4412 οὕτω
3205 4358 3346 4412 κατά
3379 4356 3573 4429 μικρὸν
3591 4357 3736 4426 ἀγασ-

2154 4454 2464 4520 θυνεῖς,καὶ
2489 4457 2617 4518 τοὺς
2637 4456 2839 4515 κακοὺς
2872 4452 2966 4505 καὶ
2999 4451 3269 4523 πονηροὺς
3290 4451 3490 4514 καλοὺς
3519 4449 3734 4524 σεαυτῷ

2160 4543 2256 4597 καὶ
2288 4544 2558 4616 χρηστοὺς
2587 4543 2957 4604 ἀποτελέσεις.

2150 4655 2249 4711 201
2295 4653 2453 4711 Πᾶσι
2496 4654 2614 4727 μὲν
2677 4631 2802 4710 Imm
2838 4655 3139 4726 χρηστὸς,
3173 4663 3227 4711 ει
3266 4673 3440 4712 τουτο
3489 4663 3730 4724 σθένος.

2221 4770 2285 4822 El
2321 4769 2420 4840 μὲν
2462 4768 2698 4838 τοσαύτη
2759 4786 2840 4822 σοι
2893 4769 3053 4840 χάρις
3106 4769 3312 4824 ἀνωθεν
3353 4768 3726 4842 ὲπεϐρασεύθη

2152 4861 2247 4914 καὶ
2280 4861 2454 4929 ἰσχὺς,
2484 4858 2632 4931 time
2681 4860 2814 4915 Θεὸν
2866 4859 3147 4931 μιμεῖσθαι
3177 4859 3268 4914 τὺν
3309 4862 3420 4923 τοῖς
3453 4860 3729 4930 σύμπασιν,

2148 4949 2390 5021 ἀνυμνού
2399 4966 2560 5020 μενον
2588 4949 2846 5023 χρηστὸν,
2874 4949 2967 5003 καὶ
2996 4948 3160 5011 αὐτὸς
3181 4947 3332 5015 γίνου
3363 4948 3499 5018 πρὸς
3524 4950 3729 5012 πάντας

2152 5041 2355 5110 ἀγαθὸς
2389 5042 2482 5095 καί
2525 5040 2760 5112 χρηστός
2779 5056 2795 5072 ·
2822 5040 2876 5093 τί
2905 5040 3014 5110 γὰρ
3050 5039 3148 5109 τῆς
3178 5039 3346 5101 ὅντως
3369 5036 3727 5109 θεομιμησίας

2152 5132 2502 5203 ἀγαθὼτερον
2551 5130 2618 5186 ἀν
2647 5131 2770 5200 εἴης
2815 5128 2973 5208 Ἀλλί
2989 5115 3274 5204 ἄνθρωπον
3319 5126 3448 5206 ὄντα
3475 5129 3591 5191 πῶς
3620 5125 3726 5185 οἷόν

2151 5240 2210 5275 τε
2265 5225 2331 5292 τῇ
2376 5221 2772 5291 αὐταγαθότητι
2823 5217 3233 5291 ἐξομοιοῦσθαι,
3263 5217 3357 5271 καὶ
3391 5219 3529 5287 πρὸς
3553 5220 3726 5273 πᾶσαν

2154 5313 2239 5365 ἐπ’
2271 5313 2392 5382 ἴσης
2423 5311 2598 5380 σάρκα
2633 5309 2727 5364 τὸν
2764 5309 2910 5362 ἔλεον
2961 5309 3312 5384 ἐπιχορηγεῖν
3337 5307 3430 5359 καὶ
3460 5307 3562 5377 τὴν
3597 5325 3720 5378 χρη-

2157 5402 2425 5472 στότητα;
2466 5402 2539 5454 Τὸ
2588 5401 2686 5472 μὲν
2718 5396 2810 5454 οὖν
2843 5399 3030 5463 ἁπλῶς
3057 5398 3246 5461 ἐλεεῖν,
3273 5397 3370 5450 καὶ
3411 5395 3604 5465 φιλεῖν.
3634 5399 3727 5453 καὶ

2156 5493 2371 5547 πάντων
2417 5494 2719 5566 ἀνθρώπων
2761 5484 2981 5562 ἀγαπᾷν
3036 5491 3135 5562 τὴν
3191 5489 3465 5558 σωτηρίαν.
3491 5489 3580 5542 διὰ
3629 5490 3728 5560 τῆς

2151 5583 2392 5653 Χριστοῦ
2439 5583 2573 5652 πρὸς
2626 5583 2774 5652 ἡμᾶς
2836 5578 3113 5647 δυνάμεθα
3158 5575 3567 5645 φιλανθρωπίας
3604 5591 3617 5604 ο
3649 5575 3721 5646 τῷ

2156 5674 2463 5741 εὐεργετεῖν
2518 5672 2617 5743 μὲν
2651 5673 2859 5733 πάντας
2905 5668 3226 5740 ἀνθρώπους
3268 5665 3541 5736 ἀνθρώπῳ
3591 5683 3713 5719 πανο

2157 5765 2392 5818 τάπασιν
2424 5766 2726 5833 ἀμήχανον,
2749 5765 2813 5816 δι’
2829 5764 2858 5816 ὃ
2880 5762 3025 5829 λέγει
3053 5762 3185 5832 nec:
3215 5760 3312 5830 μὲν
3331 5757 3575 5827 γίνεσθαι
3593 5775 3724 5832 χρη-

2160 5857 2315 5919 στοὺς
2352 5858 2417 5928 τῇ
2455 5856 2690 5910 διαθέσει
2743 5853 3352 5927 φιλανθρωπευομένους
3392 5851 3489 5919 τῆς
3518 5850 3724 5926 ψυχῆς,
