4020 6302
252 341 358 399 832)

244 457 479 530 μάλιστα
509 450 567 505 δὲ
602 449 715 513 τοῖς
754 444 1061 515 ἐγγίζουσιν
1094 442 1226 514 ἡμῖν
1256 482 1272 507 ,
1302 439 1377 503 ὡς
1429 438 1524 494 καὶ
1562 435 1819 510 προθέσει

238 526 470 620 καρδίας
498 543 594 598 καὶ
618 542 797 612 λόγοις
827 537 921 591 καὶ
948 534 1267 607 πράγμασιν
1290 532 1599 603 εὐεργετεῖν
1627 526 1825 581 πολλά-

243 618 335 702 κις
390 633 718 704 δυναμένους
744 631 773 682 ό
804 626 951 700 ἱερὸς
997 624 1155 693 λόγος
1194 624 1484 695 παραινεῖ⁹
1514 620 1745 689 ἔγγιστα
1768 618 1825 671 δὲ

240 728 373 791 τοὺς
404 724 496 778 τὸν
516 723 716 795 τρόπον
742 718 838 772 τοῦ
872 717 1017 772 κατὰ
1043 714 1176 769 Θεὸν
1210 713 1349 785 βίου,
1385 714 1419 785 ἢ
1449 713 1512 766 τὸ
1538 709 1682 765 κατὰ
1728 706 1829 776 φύ-

245 835 333 872 σιν
355 817 530 887 γένος,
562 815 593 885 ἦ
619 812 713 867 καὶ
748 811 837 865 τὸν
867 809 1034 863 τόπον
1058 805 1411 877 γειτνιῶντας
1430 803 1528 874 τῆς
1559 800 1829 871 οἰκήσεως

241 908 573 980 διαγορεύει.
598 904 741 975 Πρὸς
769 902 897 966 τοὺς
927 898 1203 962 τοιούτους
1238 895 1331 951 οὖν
1354 893 1452 964 τὴν
1486 890 1829 964 χρηστότητα

246 998 449 1071 χρῆναι
500 994 700 1067 μᾶλλον
746 990 1173 1046 ἐπιδείκνυσθαι.
1231 989 1387 1052 Τίνος
1434 986 1666 1048 ἓνεκεν;
1716 981 1832 1037 Καὶ

246 1090 369 1153 πῶς
398 1087 506 1160 γὰρ
549 1086 617 1141 ἂν
657 1084 1006 1157 πιστευθείης
1040 1085 1151 1148 τοῖς
1190 1082 1384 1147 ξένοις,
1430 1079 1585 1150 φησι,
1610 1075 1705 1130 καὶ
1738 1074 1833 1128 ἀλ-

246 1180 481 1252 λοτρίως
527 1177 667 1251 πρὸς
710 1178 770 1230 σὲ
816 1174 1183 1246 διακειμένοις
1219 1172 1421 1242 ἀγαθὸς
1468 1167 1608 1225 εἶναι
1646 1168 1830 1241 ἢφιλ-

248 1266 562 1342 ἅνθρωπος,
590 1272 704 1332 τοῖς
747 1268 970 1331 οἰκείοις
1011 1266 1201 1329 ἄδικος
1239 1262 1617 1333 δεικνύμενοςς
1659 1260 1833 1315 Ἐκεί-

248 1378 363 1426 νοις
398 1360 496 1430 μὲν
533 1357 644 1430 γὰρ
694 1358 868 1423 ξένοις
920 1352 1070 1411 οὖσιν
1110 1357 1241 1421 ἴσως
1284 1354 1393 1407 οὐδ’
1423 1352 1657 1422 ὀφείλειν
1689 1354 1836 1423 ἐρεῖς

248 1454 419 1518 καλὸς
444 1449 604 1516 εἶναι,
626 1453 739 1515 τοῖς
770 1449 1043 1519 ἰγγίζουσι
1061 1446 1116 1500 δὲ
1145 1446 1269 1500 καθ’
1299 1444 1576 1499 ὁποιονοῦν
1606 1445 1714 1498 τῶν
1746 1446 1837 1499 ,είς-

253 1547 512 1621 ρημένων
557 1546 757 1618 τρόπον
802 1543 1018 1606 πάντως
1060 1540 1297 1610 ὀφείλεις
1323 1536 1464 1591 εἶναι
1510 1536 1833 1609 περιδέξιος.

254 1640 431 1711 Εἴπερ
468 1634 561 1693 οὖν
590 1637 801 1703 τούτοις
832 1635 894 1688 οὐ
933 1632 1139 1696 δίκαιος
1167 1630 1580 1705 καταλαμϐάνῃ,
1603 1630 1715 1693 τοῖς
1749 1628 1839 1683 άλ-

255 1730 489 1803 λοτρίοις
516 1729 614 1782 καὶ
648 1724 864 1799 μακράν
897 1723 1097 1790 πόσον;

253 1820 364 1875 205
408 1820 468 1873 Τί
506 1817 704 1872 πάντα
744 1816 851 1870 τὸν
894 1814 1201 1883 δύστηνον
1239 1810 1549 1882 αἰτιώμεθα

254 1890 363 1946 206
418 1890 682 1959 Ἐχθρόν;

331 1980 454 2034 Ὅτι
502 1980 565 2033 οὐ
596 1976 703 2050 χρὴ
736 1976 915 2032 πάντα
945 1976 1146 2047 τρόπον
1180 1974 1273 2029 τὸν
1322 1972 1636 2045 δυσώνυμον
1662 1973 1861 2027 «ind--

256 2066 387 2119 σθαι
407 2065 669 2132 Σατανᾶν,
695 2064 772 2127 ὡς
795 2064 894 2134 τῆς
911 2066 969 2117 ἐν
987 2064 1121 2134 ἡμῖν
1140 2062 1416 2135 ἁμαρτίας
1446 2061 1507 2115 τὸ
1531 2060 1651 2117 ὅλον
1680 2061 1843 2116 αὐτὸν

254 2156 434 2210 αἴτιον
466 2155 778 2226 ὑπάρχοντα
794 2171 811 2229 ζ
827 2153 1001 2223 τούτῳ
1030 2152 1140 2224 γάρ
1162 2152 1241 2223 τῷ
1264 2153 1451 2225 τρόπῳ
1473 2152 1549 2217 ὡς
1567 2152 1843 2214 ἀναιτίους

254 2248 489 2311 ἑαυτοὺς
519 2245 964 2317 ὑπολογιζόμενοι
989 2241 1243 2315 ἀκρατῶς
1269 2262 1326 2297 τε
1348 2244 1441 2297 καὶ
1466 2242 1737 2314 ἀχαλίνως
1765 2241 1844 2313 τῷ

257 2335 580 2407 φιληδόνωςο
590 2324 761 2405 βιοῦν,
794 2333 895 2404 τὴν
914 2332 1175 2405 ῐὲξουσῐαν
1204 2331 1635 2403 stativi-reg.an
1663 2334 1844 2386 πᾶσαν

256 2424 717 2496 ὐποχαυνούμεμθα
762 2423 1129 2495 παρανομίαν.
1166 2422 1232 2475 Τί
1277 2415 1372 2475 οὖν
1418 2421 1670 2493 ποιητέον
1714 2423 1844 2493 ἡμῖν

258 2520 296 2592 ἢ
349 2518 467 2582 πῶς
500 2515 872 2592 ὑποληπτέονς
901 2514 1229 2587 Μέμφεσθαι
1261 2513 1362 2586 μὲν
1395 2514 1429 2584 ἢ
1456 2513 1517 2568 τδ
1565 2516 1674 2569 πᾶν
1707 2514 1741 2585 ἢ
1784 2513 1845 2566 τὸ

259 2588 430 2665 πλέον
473 2588 565 2662 καὶ
609 2588 961 2678 κατακρίνειν
1010 2606 1287 2677 προσῆκεν
1334 2604 1523 2658 ἑαυτὸν
1550 2642 1567 2668 ,
1610 2604 1687 2669 ὡς
1740 2604 1845 2677 ἰδίᾳ

258 2700 443 2771 ψυχῆς
466 2698 805 2771 προαιρέσει,
834 2698 948 2750 ἀλλ’
986 2697 1213 2768 οὐδεμιᾷ
1233 2713 1338 2749 τινι
1371 2694 1570 2761 ἔξωθεν
1598 2696 1687 2767 βίᾳ
1709 2696 1848 2767 πρὸς

260 2791 369 2864 τὴν
400 2790 600 2846 κακίαν
635 2786 1039 2858 συνωθούμεθα,
1073 2788 1166 2839 καὶ
1216 2785 1360 2840 οὕτω
1396 2786 1573 2855 πάντη
1618 2786 1873 2849 ἑαυτοὺς

260 2874 653 2943 ταπεινοῦντες
679 2879 773 2934 καὶ
798 2876 1207 2943 ὲξουθενοῦντες
1258 2877 1483 2947 σφόδρα,
1512 2875 1810 2947 ἑλεούμεθα
1829 2892 1843 2908 ο

260 2974 328 3029 τὸ
353 2972 515 3027 πλέον
544 2971 605 3024 δὲ
648 2970 896 3035 ἑαυτοὺς,
932 2968 1045 3022 ἀλλ’
1068 2970 1126 3021 οὐ
1158 2969 1217 3021 τὸ
1246 2968 1369 3021 ὅλον
1396 2967 1733 3037 αἰτιώμενοι,
1752 2967 1848 3021 καὶ

262 3060 445 3127 οὕτως
496 3055 657 3132 ἦττον
706 3060 803 3131 μὲν
832 3056 1259 3127 ταπεινούμεθα,
1291 3055 1623 3127 συγγνώμης
1671 3057 1715 3109 δ’
1754 3051 1846 3109 οὖν

263 3156 422 3226 ὅμως
457 3154 551 3207 καὶ
596 3151 747 3205 ἐλέου
796 3148 1111 3219 ἀξιούμεθα.
1147 3147 1362 3201 Εἰδέναι
1392 3147 1448 3200 δὲ
1477 3147 1649 3212 ἀξιον,
1682 3147 1759 3209 ὡς
1790 3140 1853 3199 τὸ

265 3246 386 3315 πῦρ
426 3245 525 3314 μὲν
550 3242 643 3295 τοῦ
665 3239 840 3311 θυμοῦ
862 3241 955 3291 καὶ
976 3239 1076 3308 τῆς
1099 3238 1395 3309 ἐπιθυμίας
1429 3238 1561 3307 παρ’
1580 3238 1613 3306 ἡ
1623 3235 1739 3306 μῶν
1760 3234 1853 3289 καὶ

264 3335 373 3403 τῆς
407 3330 682 3403 ἡμετέρας
716 3329 948 3399 φύσεως,
982 3327 1125 3397 ἅπερ
1162 3328 1218 3380 ὲν
1244 3326 1322 3397 τῷ
1351 3326 1710 3397 αὐτοκράτορι
1742 3326 1855 3377 κεῖ-

264 3440 365 3477 ται
412 3420 693 3490 λογισμῷ,
722 3418 856 3491 πρὸς
893 3418 922 3470 ὃ
952 3415 1197 3485 βούλεται
1253 3416 1453 3487 ἀρετήν
1484 3414 1543 3468 τέ
1586 3431 1726 3484 φημι
1761 3413 1855 3465 καὶ

269 3513 497 3577 κακίαν,
527 3510 789 3573 οἱακίξειν
829 3526 889 3561 τε
926 3508 1019 3562 καὶ
1062 3506 1342 3573 διιθύνειν,
1374 3507 1466 3559 καὶ
1516 3503 1854 3559 ὑπανιέντων

273 3606 379 3677 μὲν
405 3604 671 3674 θελήματι
729 3602 825 3655 καὶ
873 3600 1136 3669 ἐφιέντων
1169 3597 1511 3667 ὐφάπτεσθαι
1554 3596 1614 3649 τὸ
1651 3594 1785 3667 πῦρ,
1826 3596 1855 3648 ό

282 3695 510 3767 Ἐχθρὸς
546 3694 765 3765 ὲμφυσᾷ
798 3689 1123 3762 παρὼν,καῑ
1160 3692 1239 3753 εἰς
1264 3689 1507 3760 μεγάλην
1539 3685 1696 3741 τοῦτο
1722 3686 1853 3740 πολ-

268 3786 432 3848 λάκις
480 3781 827 3854 άναρῤιπίζει
880 3781 1054 3851 φλόγα
1080 3796 1097 3813 ⁵
1122 3782 1425 3851 ἐπεχόντων
1473 3779 1530 3832 δὲ
1571 3779 1856 3852 φιλοσοφίᾳ

272 3876 373 3928 καὶ
400 3868 709 3943 φιλοπονίᾳ,
737 3869 829 3923 καὶ
862 3871 929 3939 τῇ
963 3869 1235 3938 προσφυεί
1256 3868 1367 3921 τῶν
1405 3865 1656 3937 δακρύων
1686 3883 1858 3921 κατα-

272 3962 612 4019 σϐεννῦντων
646 3962 897 4034 ἐπιρροῇ,
919 3961 1012 4015 καί
1045 3978 1109 4030 γε
1136 3959 1296 4013 τοῦτο
1328 3959 1698 4031 μαραινόντων
1734 3959 1857 4023 ταῖς

270 4052 416 4125 πρὸς
445 4054 506 4106 τὸ
529 4053 777 4123 οὐράνιον
808 4051 920 4122 πῦρ
936 4049 1027 4104 τοῦ
1048 4048 1141 4103 νοῦ
1174 4050 1528 4119 ἀναγωγίαις,
1550 4050 1713 4114 αὑτός
1739 4067 1798 4103 τε
1827 4051 1857 4103 ὁ

267 4144 596 4211 ἐξανάπτων
626 4142 923 4197 ἀπόλλυται
957 4142 1238 4215 Δυσμενὴς
1257 4183 1271 4207 ,
1302 4142 1397 4196 καὶ
1443 4143 1605 4213 ἡμεῖς
1645 4142 1858 4196 ἐλευθε-

273 4237 543 4311 ρούμεθα.
568 4266 573 4269 τ

267 4417 384 4473 209
422 4413 519 4481 Μὴ
566 4412 778 4482 σφόδρ’
800 4412 1053 4467 ἔπεσθαι
1096 4410 1392 4487 παιγνίοις
1427 4411 1748 4466 ἐνυπνίων.

349 4505 526 4577 Πολλὴ
557 4505 651 4559 καὶ
679 4502 957 4575 ἀμύθητος
983 4505 1018 4573 ἡ
1071 4500 1178 4555 τῶν
1228 4502 1496 4557 ἐνυπνίων
1546 4502 1855 4573 καθέστηκε

265 4598 530 4671 διαφορά.
568 4597 725 4656 Ἔστι
746 4595 848 4668 μὲν
866 4593 1115 4647 ἐνύπνιον
1142 4593 1230 4646 διὰ
1257 4591 1577 4663 Πνεύματος
1596 4593 1855 4665 ἀληθείας

266 4688 674 4760 ἐνεργούμενον
696 4726 713 4753 ,
758 4686 859 4739 οὐκ
901 4685 959 4738 ὲν
1006 4686 1315 4756 προφήταις
1341 4686 1435 4739 καὶ
1462 4684 1640 4753 ἁγίοις
1670 4684 1854 4756 μόνον,

266 4781 393 4838 ἀλλ’
437 4779 583 4833 ἔστιν
626 4779 715 4832 ὅτε
756 4778 853 4832 καὶ
894 4777 953 4831 ὲν
999 4776 1278 4847 βασιλεῦσι
1324 4777 1418 4831 καὶ
1459 4777 1686 4849 ἄρχουσι
1729 4776 1854 4847 γῆς,

266 4870 469 4945 ὃρασίν
502 4882 643 4944 ,τινα
690 4867 759 4922 δι’
804 4868 1125 4938 αἰνίγματος
1177 4867 1489 4922 ὑποτυποῦν
1514 4908 1529 4932 ,
1582 4870 1679 4923 καὶ
1727 4885 1855 4922 ow—

268 4962 653 5032 εσκιασμένως
678 4960 741 5013 τὸ
777 4959 967 5031 μέλλον
998 4958 1078 5031 τῷ
1104 4958 1298 5034 ὁρῶντι
1325 4959 1654 5033 προδηλοῦν·
1698 4960 1857 5015 τοῦτο

266 5056 332 5109 δὲ
366 5055 431 5107 οὐ
460 5052 596 5106 πολὺ
625 5051 745 5105 οὐδὲ
772 5051 1032 5115 πολλάκις
1076 5051 1197 5105 οὐδὲ
1227 5053 1340 5115 τοῖς
1382 5051 1636 5123 τυχοῦσιν
1659 5092 1674 5117 ,
1718 5051 1857 5107 ἀλλὰ

268 5146 392 5208 τοῖς
424 5141 595 5208 ἀξίοις
642 5141 934 5213 συμϐαῖνον
974 5142 1292 5214 καθορᾶται.
1334 5145 1489 5198 Ἔστι
1520 5144 1577 5197 δὲ
1605 5144 1854 5210 ἐνύπνια,

268 5232 484 5307 μᾶλλον
509 5232 565 5286 δὲ
599 5231 759 5303 βυθὸς
793 5233 1059 5287 ἐνυπνίων
1088 5233 1345 5305 ἄρρητος,
1377 5234 1624 5308 ἄπειρος,
1654 5236 1856 5301 ἁδιεξί-

271 5340 461 5397 τητος,
488 5322 622 5395 ὄναρ
645 5326 755 5386 τοῖς
797 5323 1105 5395 ἀνθρώποις
1131 5325 1391 5380 ὑπνοῦσιν
1422 5326 1773 5392 ὑποπίπτων,
1798 5327 1857 5383 ὃν

270 5413 624 5487 ματαιότητα
658 5416 1033 5487 ματαιοτήτων
1064 5416 1271 5487 κυρίως
1316 5416 1383 5470 ἄν
1420 5429 1508 5480 τις
1552 5418 1815 5487 ὀνομάσαι
1841 5435 1853 5449 ·

274 5507 458 5563 πάντα
498 5508 594 5578 μιν
635 5509 745 5580 γὰρ
782 5507 857 5580 τῷ
891 5509 1007 5563 ὄντι
1034 5510 1332 5582 ματαιότης
1362 5511 1596 5582 ὑπάρχει
1638 5514 1709 5568 τὰ
1760 5514 1855 5567 ἁν-

271 5596 561 5671 θρώπινα·
612 5598 681 5651 τὰ
708 5599 764 5653 δὲ
808 5600 1015 5653 τούτων
1047 5602 1303 5671 ὀνείρατα
1356 5603 1389 5673 ἢ
1435 5603 1543 5657 ἀπὸ
1586 5604 1678 5659 τοῦ
1728 5604 1856 5675 θρε-

274 5687 476 5743 πτικοῦ
512 5689 710 5760 μέρους
741 5690 837 5759 τῆς
868 5690 1047 5763 ψυχῆς
1062 5691 1413 5764 λαμϐάνοντα
1446 5695 1543 5766 τὴν
1578 5696 1855 5770 ἀφορμὴν,

281 5776 320 5846 ἦ
349 5778 455 5834 άπὸ
486 5778 581 5857 τοῦ
628 5779 940 5852 αἰσθητικοῦ
989 5783 1079 5836 καὶ
1116 5784 1212 5853 τῆς
1238 5784 1346 5839 τῶν
1383 5786 1653 5859 αἰσθητῶν
1683 5772 1859 5844 ποικι-

1311 319 1379 376 1N
1416 316 1727 375 ιιΑιιιυΝΑ
1765 311 2045 371 ΑιιοΑΝΑ
2078 298 2136 369 S.
2166 303 2519 367 caecos".

3405 286 3517 346 835

1925 430 2183 487 nefacere
2213 441 2358 497 saepe
2386 424 2654 491 valentes,
2692 433 2795 476 nos
2832 422 3087 477 sanctum
3128 411 3355 497 verbum
3379 411 3514 465 hor.-
3556 492 3562 497 _

1926 528 2111 587 tatur;
2150 495 2430 588 proximos
2459 530 2588 571 vere
2618 518 2673 569 et
2725 510 2821 581 qui
2862 505 3121 581 moribus.
3145 495 3272 560 vitae
3312 500 3512 559 secun-

1926 614 2058 668 dum
2094 608 2287 672 Deum,
2312 614 2369 663 et
2409 606 2501 678 qui
2537 612 2735 660 natura
2763 609 2820 658 et
2848 598 3077 665 familia,
3113 606 3168 652 et
3207 594 3303 666 qui
3345 593 3513 647 domo

1928 702 2099 758 vicini
2128 706 2259 756 sunt
2286 694 2664 777 habitationis,
2699 698 2984 764 supputat.
3014 687 3155 760 Erga
3196 681 3512 777 hujusmodi

1929 792 2218 864 proximos
2253 775 2428 859 magis
2458 787 2759 842 bonitatem
2789 781 3082 839 ostendere
3110 785 3357 853 oportet,
3377 775 3520 833 cur?

1933 883 2000 937 Et
2044 881 2322 954 quomodo
2369 879 2531 937 fidem
2582 876 2860 933 obtinebis
2905 875 2975 930 ab
3023 872 3169 939 aliis,
3213 868 3411 940 inquit,
3460 875 3517 923 ct

1933 977 2101 1048 longe
2122 991 2153 1030 a
2181 983 2233 1030 te
2256 971 2595 1036 viventibus,
2620 960 2778 1041 quod
2807 969 2989 1023 bonus
3020 966 3121 1029 sis,
3155 973 3249 1017 aut
3277 958 3521 1016 cbarita-

1931 1074 2043 1125 tem
2084 1067 2287 1123 habeas
2333 1078 2464 1135 erga
2512 1063 2795 1123 homines,
2832 1058 2937 1130 qui.
2973 1054 3238 1127 proximis
3276 1053 3518 1122 injustus

1936 1156 2279 1230 appareres?
2308 1154 2434 1209 istis
2468 1152 2692 1224 quidem
2733 1146 2928 1203 alienis
2964 1142 3103 1198 nihil
3132 1139 3338 1196 referre
3357 1136 3522 1230 dices

1934 1229 2021 1305 te,
2051 1263 2177 1305 esse
2236 1247 2468 1308 bonum,
2523 1256 2650 1313 erga
2695 1238 2976 1312 proximos
3042 1247 3173 1290 vero
3219 1229 3369 1286 omni
3411 1241 3522 1297 qua

1934 1339 2203 1403 diximus,
2257 1320 2476 1391 ratione
2522 1333 2748 1390 omnino
2803 1329 2972 1386 debes
3018 1323 3350 1382 benevolens
3375 1334 3521 1376 esse.

1938 1431 1996 1488 Si
2041 1431 2210 1502 igitur
2242 1443 2353 1483 non
2396 1426 2585 1498 justus
2615 1422 2761 1495 apud
2792 1423 2943 1493 ipsos
2976 1417 3298 1483 inveniaris,
3329 1411 3528 1470 alienis

1905 1515 1987 1579 ὀι
2023 1522 2110 1577 his
2137 1521 2232 1592 qui
2267 1534 2298 1574 a
2335 1520 2496 1590 longe
2525 1525 2655 1574 sunt
2686 1513 2966 1587 quomodo
2994 1511 3146 1570 eris!

1944 1799 2052 1854 205
2081 1797 2193 1854 Cur
2226 1798 2281 1851 in
2310 1795 2552 1851 omnibus
2586 1795 2836 1850 miserum
2870 1804 3149 1847 cantemus

1928 1869 2051 1925 306
2085 1867 2407 1924 Inimicum?

2014 1961 2157 2028 Quia
2186 1974 2296 2015 non
2328 1966 2544 2030 oportet
2567 1958 2717 2012 omni
2748 1955 2909 2011 modo
2950 1952 3240 2010 sinistrum
3279 1948 3533 2007 accusari

1946 2050 2205 2106 Satanam
2232 2050 2390 2121 quasi
2422 2050 2602 2105 omnis
2644 2049 2853 2118 peccati
2888 2048 2944 2101 in
2977 2046 3139 2102 nobis
3168 2060 3337 2100 causa
3382 2044 3535 2098 inve-

1945 2143 2133 2211 niatur
2149 2159 2165 2208 ;
2191 2142 2295 2196 hoc
2338 2143 2501 2196 modo
2529 2142 2674 2196 enim
2701 2143 2857 2211 quasi
2885 2139 3142 2194 innoxios
3166 2136 3535 2207 nosmetipsos

1945 2228 2319 2299 absolventes,
2358 2231 2415 2284 in
2460 2229 2831 2299 voluptatibus
2862 2244 2965 2285 nec
3006 2228 3268 2283 domitam
3309 2241 3412 2283 nec
3447 2240 3537 2281 re-

1946 2321 2214 2378 frenatam
2257 2324 2424 2376 vitam
2461 2321 2749 2392 degentes,
2802 2321 2965 2377 nobis
3012 2320 3239 2375 nimium
3289 2318 3537 2390 indulge-

1948 2432 2073 2472 mus
2114 2422 2170 2471 et
2204 2414 2508 2471 secundum
2539 2428 2757 2468 onmem
2792 2411 3184 2483 praesumimus
3228 2417 3539 2481 transgres-

1948 2506 2180 2562 sionem.
2216 2504 2359 2572 Quid
2386 2519 2520 2575 ergo
2550 2503 2714 2560 nobis
2752 2501 3092 2567 faciendum,
3136 2508 3233 2557 aut
3260 2499 3538 2572 quomodo

1946 2593 2332 2668 cogitandum?
2356 2605 2608 2651 nostrum
2633 2602 2720 2651 est
2773 2586 3296 2664 nosmetipsossive
3325 2590 3393 2646 de
3425 2600 3540 2647 toto

1948 2687 2064 2742 sive
2099 2685 2169 2741 de
2215 2683 2412 2754 majori
2461 2697 2615 2754 parte
2663 2698 2896 2755 arguere
2930 2690 2986 2739 et
3030 2682 3399 2737 condemnare
3441 2682 3537 2751 qui

1948 2776 2170 2847 propria
2201 2775 2371 2829 animi
2418 2776 2733 2841 voluntate,
2787 2775 2881 2831 sed
2932 2775 3081 2830 nulla
3119 2770 3380 2831 exiranea
3422 2776 3541 2828 vio-

1936 2869 2118 2924 -lentia
2171 2866 2239 2922 ad
2282 2867 2487 2922 malum
2532 2870 2902 2933 concitamur,
2944 2875 3000 2923 et
3040 2867 3122 2923 sic
3172 2867 3569 2938 nosmetipSos

1950 2959 2187 3013 humiles
2210 2965 2265 3013 et
2286 2959 2729 3030 contemptibiles
2758 2960 3115 3030 agnoscimus
3141 2960 3404 3030 omnique
3434 2960 3539 3017 mi-

1960 3050 2258 3107 sericordia
2292 3051 2491 3121 dignos
2514 3050 2820 3105 reddimus.
2846 3050 2952 3118 Qui
2982 3066 3113 3107 vero
3138 3050 3333 3121 majori
3360 3062 3540 3121 parte,

1959 3142 2057 3199 sed
2083 3157 2192 3197 non
2222 3143 2467 3198 totaliter
2520 3142 2899 3212 nosmetipsos
2945 3156 3293 3209 accusamus,
3327 3144 3408 3198 sic
3437 3144 3543 3196 mi-

1955 3252 2062 3291 nus
2094 3235 2478 3299 humiliamur,
2516 3234 2732 3289 veniam
2772 3242 2954 3289 tamen
3000 3245 3056 3289 et
3102 3234 3543 3289 miscricordiam

1956 3326 2159 3397 pariter
2204 3339 2631 3394 consequemur.
2686 3322 2860 3379 Porro
2912 3323 3197 3378 sciendum
3254 3323 3412 3379 nobis
3458 3331 3546 3378 est

1954 3417 2232 3487 quomodo
2265 3416 2360 3470 irae
2391 3415 2556 3471 ardor
2582 3408 2644 3471 et
2662 3413 3125 3486 concupiscentia:
3170 3414 3417 3470 in'nobis
3444 3429 3546 3467 na-

1955 3509 2208 3565 turaliter
2239 3509 2440 3569 insitm,
2464 3506 2529 3561 ad
2559 3521 2622 3561 ea
2650 3520 2773 3577 quae
2804 3506 2859 3559 in
2882 3504 3244 3577 intelligentia
3266 3506 3438 3561 libera
3458 3522 3546 3561 re-

1956 3609 2361 3671 pmsentantur
2395 3605 2558 3669 prout
2588 3596 2847 3653 virtutem
2882 3596 3036 3668 eligit
3077 3607 3172 3652 aut
3214 3599 3541 3669 nequitiam,

1957 3690 2350 3763 gubernandus
2380 3699 2463 3745 est
2500 3697 2554 3744 et
2586 3688 2928 3760 dirigendus.
2955 3686 3031 3744 De
3064 3689 3311 3760 diligenti
3349 3691 3545 3745 volun-

1956 3789 2069 3838 tate
2096 3780 2505 3837 remittentibus
2533 3787 2588 3837 et
2630 3778 3066 3836 desciscentibus
3097 3788 3241 3837 astat
3285 3781 3547 3837 inimicus

1957 3873 2135 3944 ignem
2171 3871 2429 3930 ardenter
2467 3872 2740 3935 excitans,
2777 3885 3034 3941 saepeque
3090 3871 3144 3927 in
3181 3887 3436 3946 magnum
3462 3872 3545 3927 in-

1956 3962 2209 4017 cendium
2260 3976 2620 4032 prorumpere
2680 3958 2856 4026 facit;
2920 3976 2951 4015 a
3000 3961 3386 4018 resistentibus
3436 3978 3549 4033 pra:

1958 4054 2302 4125 philosophia
2344 4060 2399 4109 et
2426 4052 2736 4124 diligentia,
2782 4052 3154 4123 lacrymarnm
3197 4057 3410 4125 copiam
3452 4056 3551 4110 ad-

1953 4146 2315 4217 jungentibus
2338 4152 2394 4199 et
2418 4159 2530 4215 prae
2558 4145 2761 4200 mentis
2794 4145 2860 4199 ad
2898 4145 3077 4215 ignem
3111 4146 3391 4211 caelestem
3435 4148 3552 4202 ela-

1959 4237 2110 4292 tione
2140 4236 2579 4303 tabescentibus,
2608 4236 2728 4305 ipse
2752 4236 2895 4305 perit
2924 4236 3103 4293 hostis
3128 4238 3220 4307 qui
3255 4237 3550 4302 incendere
3580 4290 3583 4293 .

1960 4328 2283 4391 conabatur,
2311 4334 2366 4383 et
2394 4327 2500 4396 ipsi
2529 4328 2848 4384 liberamur.

1963 4419 2072 4476 209
2105 4417 2218 4473 Nec
2252 4418 2406 4474 valde
2432 4422 2645 4474 secteris
2674 4419 2909 4473 ludibria
2932 4421 3279 4476 somniorum.

2028 4510 2195 4565 Multa
2219 4520 2274 4565 et
2295 4509 2508 4565 infinita
2536 4514 2874 4566 somniorum
2900 4514 3115 4583 species
3138 4522 3257 4569 :est
3275 4516 3553 4573 somnium

1958 4604 2102 4676 quod
2136 4611 2397 4675 operatus
2439 4612 2524 4659 est
2553 4606 2805 4660 veritatis
2846 4603 3110 4676 Spiritus,
3143 4622 3252 4662 non
3281 4608 3461 4665 solum
3493 4612 3550 4669 in

1957 4695 2242 4767 praphetis
2271 4702 2325 4749 et
2362 4694 2596 4760 sanctis,
2627 4694 2723 4750 sed
2752 4696 2916 4750 etiam
2960 4694 3017 4750 in
3052 4696 3275 4768 regibus
3316 4706 3370 4754 et
3402 4699 3551 4771 prin—

1958 4784 2176 4855 cipibus
2208 4790 2388 4847 terrm,
2421 4797 2549 4838 cum
2576 4784 2633 4838 in
2663 4788 2954 4856 aenigmate
2983 4793 3039 4841 et
3068 4786 3303 4845 confuse
3340 4790 3551 4848 videnti

1958 4874 2201 4929 futurum
2241 4872 2534 4943 panditur;
2595 4873 2743 4928 istud
2793 4882 2975 4928 autem
3027 4890 3136 4930 non
3168 4876 3403 4931 multum
3449 4892 3553 4933 nec

1958 4980 2105 5035 swpe
2156 4978 2260 5020 nec
2295 4964 2352 5019 in
2391 4964 2685 5035 cujusque,
2718 4964 2817 5021 sed
2856 4964 2913 5020 in
2959 4964 3206 5022 favorem
3257 4967 3552 5040 dignarum

1957 5060 2224 5128 contingit
2250 5057 2444 5112 videri.
2466 5057 2608 5113 Sunt
2632 5056 2870 5124 somnia,
2894 5057 2979 5113 vel
3000 5058 3183 5129 potius
3209 5061 3553 5118 somniorum

1958 5146 2083 5204 fons
2113 5154 2200 5202 est
2228 5144 2545 5214 ineﬁ‘abilis,‘
2570 5146 2895 5215 immensus,
2928 5148 3397 5220 incommeabilis,
3424 5151 3557 5208 dore

1957 5238 2253 5295 mientibus
2270 5238 2415 5294 visio
2428 5237 2745 5294 hominibus
2758 5240 3153 5311 advenitquam
3170 5240 3385 5298 Domini
3400 5260 3559 5301 more

1934 5319 2255 5386 'vanitatem
2304 5324 2607 5385 vanitatum
2643 5337 2864 5387 vocaret
2912 5332 3118 5402 quivis.
3143 5332 3356 5391 Cuncta
3403 5338 3552 5393 enim

1956 5424 2173 5479 vanitas
2196 5422 2381 5492 reipsa
2408 5421 2649 5475 humana
2682 5428 2846 5486 sunt,
2876 5424 2993 5477 sive
3024 5438 3093 5477 ex
3119 5423 3315 5479 alenda
3350 5427 3552 5482 animm

1956 5523 2113 5585 parte
2169 5515 2520 5569 occasionem
2580 5512 2954 5585 accipientes,
3016 5517 3133 5573 sive
3180 5533 3248 5573 ex
3304 5520 3555 5584 sensibili

1957 5613 2113 5677 parte
2154 5615 2210 5662 et
2262 5605 2612 5662 sensibilium
2674 5606 2941 5663 varietate
2997 5608 3302 5678 procedunt
3356 5611 3557 5668 horum

1966 5700 2213 5755 fictiones
2242 5714 2380 5768 quas
2414 5712 2629 5768 semper
2663 5698 2933 5768 evigilans
2978 5700 3332 5757 multifariam
3378 5706 3559 5761 sensi-

1966 5791 2179 5851 bilitate
2212 5790 2313 5847 sibi
2355 5790 2458 5862 ipsi
2509 5788 2693 5863 eiiingi
2734 5791 2880 5849 videt
2912 5792 3113 5849 anima.
3146 5791 3319 5853 Porro
3345 5798 3560 5869 specie-
