4020 6302
215 395 312 454 αττ

213 511 531 584 συστοχοῦσι
572 508 662 564 τοῦ
702 507 1076 580 ἐλπιζομένου.
1108 510 1168 562 Ei
1198 511 1306 582 γᾴρ
1327 509 1406 567 ad
1438 513 1667 580 σάρκινα
1699 513 1791 566 καὶ

211 603 447 674 φθαρτὰ,
474 602 721 663 πλοῦτος,
754 601 917 669 φημὶ,
963 599 1056 652 καὶ
1083 600 1244 671 ἡδονὴ
1280 603 1374 655 καὶ
1400 599 1546 665 δόξα,
1581 603 1692 664 τοῖς
1724 601 1790 654 τὰ

211 693 432 760 ἐπίγεια
453 690 739 761 φρονοῦσιν
763 690 842 750 εἰς
864 688 1052 741 ἐλπίδα
1091 688 1456 759 προτιθέμενα
1483 693 1594 754 τοῖς
1615 689 1793 744 αὐτῶν

212 781 563 854 συνεργοῦσιν
593 782 848 855 ἐρασταῖς
879 780 970 831 καί¹
1001 778 1407 844 κατευθύνουσι,
1439 779 1554 842 πῶς
1583 780 1643 832 ού
1676 778 1796 832 πολ-

209 873 291 944 λῷ
345 873 677 943 δικαιότερον
724 871 816 923 καὶ
859 872 970 933 τοῖς
999 869 1093 923 τοῦ
1126 870 1288 922 καλοῦ
1324 872 1415 922 καὶ
1457 870 1560 939 τῆς
1597 870 1796 941 ἀρετῆς

212 963 475 1035 ἐργάταις
516 964 614 1032 τὴν
643 961 781 1014 κατὰ
808 961 940 1013 Θεὸν
968 960 1155 1013 ἐλπίδα
1183 962 1492 1031 συνεργεῖν,
1531 962 1623 1013 καὶ
1661 962 1796 1032 πρὸς

211 1054 275 1108 τὸ
304 1054 555 1124 βραϐεῖον
599 1053 697 1123 τῆς
742 1052 853 1106 ἄνω
889 1051 1130 1120 κλήσεως
1174 1051 1465 1104 συντείνειν
1514 1052 1655 1104 κατά
1705 1051 1795 1104 τὸν

212 1144 450 1208 σκοπόν;
486 1143 759 1214 ἀφόρητον
788 1143 896 1212 γὰρ
921 1141 1082 1209 ἄλγος
1112 1141 1299 1210 ἔμοιγε
1326 1142 1419 1195 καὶ
1445 1142 1666 1215 ἀνιαρὸν
1699 1142 1796 1211 οὐχ

212 1236 414 1306 ἥκιστα
441 1233 771 1303 παρίσταται
802 1231 1087 1301 νικωμένῳ
1126 1230 1232 1282 ὑπὸ
1257 1230 1351 1284 τοῦ
1384 1230 1567 1285 καλοῦ.
1601 1233 1797 1302 Είγὰρ

211 1327 282 1381 τὰ
326 1324 567 1396 μωμητά
612 1324 719 1377 τῶν
780 1313 1121 1393 ἁμαρτωλῶν
1149 1321 1284 1392 ἔργα
1341 1323 1434 1375 καὶ
1479 1322 1626 1376 κακά
1675 1339 1800 1375 συν·

213 1414 504 1487 εργοῦνται
540 1414 634 1468 καὶ
673 1411 1108 1476 κατευοδοῦνται,
1142 1411 1211 1466 τά
1241 1411 1392 1478 δεξιά
1416 1411 1471 1464 δὲ
1497 1415 1590 1465 καὶ
1623 1411 1800 1480 ἀγαθὰ

212 1504 566 1557 διαπίπτουσι
613 1505 726 1564 τοῖς
775 1499 1162 1571 ἐργαζομένοις
1190 1499 1331 1554 αὔτά
1368 1500 1463 1553 καὶ
1489 1500 1797 1570 ἀστοχοῦσι,

214 1595 336 1659 πῶς
361 1595 588 1659 ὑποίσω,
617 1593 771 1665 φησὶ,
797 1591 895 1663 τὴν
927 1587 1096 1664 ἧτταν
1122 1591 1215 1645 τοῦ
1244 1591 1408 1646 καλοῦ
1430 1610 1445 1654 ;

211 1685 324 1742 217
390 1685 567 1755 Ἡγοῦ
601 1664 791 1754 τύχης
816 1686 1116 1753 φρόνησιν
1142 1681 1632 1752 ἀσφαλεστέραν.
1693 1664 1697 1669 ⁵

286 1777 441 1848 Τύχη
476 1777 574 1848 μὲν
620 1775 678 1828 τὺ
719 1761 1041 1844 αὑτοῖιάτως
1079 1773 1277 1828 οὑτωσὶ
1306 1773 1400 1826 καὶ
1442 1773 1602 1840 λόγου
1634 1769 1801 1841 χωρὶς

215 1868 518 1940 συμϐαῖνον
543 1865 844 1937 ἐπεκλήθη,
873 1866 1134 1935 φρόνησις
1159 1865 1215 1918 δὲ
1254 1864 1315 1916 τὸ
1347 1863 1485 1934 μετὰ
1511 1861 1668 1931 λόγου
1710 1861 1799 1933 ὀρ-

214 1961 314 2016 θοῦ
349 1961 443 2014 καὶ
474 1960 742 2022 συνέσεως
767 1957 1069 2028 γινόμενον,
1107 1957 1165 2008 ἐν
1260 1955 1512 2024 καθάπερ
1542 1952 1721 2010 πλοῖον
1747 1953 1804 2005 ἐν

215 2053 463 2124 θαλάσσῃ
489 2052 568 2123 τῷ
588 2051 734 2104 οῐακι
762 2050 1201 2121 πηδαλιουχεῖται
1227 2049 1318 2102 καὶ
1345 2048 1422 2118 τῷ
1445 2043 1620 2117 λιμένι
1645 2060 1808 2115 προσο
1846 2062 1850 2064 ‘

215 2142 529 2217 ορμίζεται,
565 2141 736 2204 οὕτως
760 2143 787 2194 ὁ
814 2140 940 2203 νοῦς
972 2143 1032 2193 ἐν
1066 2143 1133 2211 τῇ
1165 2141 1424 2217 φρονήσει
1452 2139 1520 2192 τὰ
1548 2138 1651 2208 ἤθη
1691 2138 1808 2190 δια-

215 2214 502 2306 κυϐερνῶν
531 2234 645 2302 πῆς
690 2231 868 2302 ψυχῆς
912 2231 1005 2284 καὶ
1051 2214 1525 2301 οἰακίζων,’πρὸς
1565 2229 1657 2282 τὸν
1694 2227 1808 2281 ἀνω

213 2324 420 2397 λιμένα
442 2322 779 2378 κατευθύνει.
825 2321 1043 2392 Ἐπειδὴ
1071 2321 1247 2373 τοίνυν
1267 2320 1356 2374 διὰ
1376 2320 1473 2390 τῆς
1495 2312 1808 2390 φρονήσεως

216 2416 255 2489 ἡ
280 2416 489 2488 ἀληθὴς
521 2415 763 2485 σωτηρία
792 2417 906 2476 τοῖς
932 2412 1258 2482 σωζομένοις
1285 2413 1608 2481 ἐνεργεῖται,
1637 2412 1711 2482 μὴ
1739 2413 1807 2481 τῇ

215 2505 406 2575 ἀλόγῳ
448 2502 681 2574 πρόσεχε
724 2501 880 2575 τύχῃ.
912 2499 1006 2556 καὶ
1037 2503 1105 2570 τῇ
1146 2497 1324 2572 κούφῃ
1350 2499 1444 2553 καὶ
1466 2500 1674 2570 ἀκρίτῳ
1699 2498 1810 2553 τῶν

217 2594 398 2666 λόγων
440 2594 536 2648 καὶ
568 2593 674 2647 τῶν
713 2592 992 2662 λογισμῶν
1024 2591 1341 2662 ματαιότητι
1387 2590 1809 2661 περιφερόμενος

219 2686 361 2757 φέρε
378 2685 472 2739 καὶ
489 2685 677 2755 φέρου,
691 2687 756 2754 τῇ
775 2681 881 2736 τῶν
901 2682 998 2736 ἀνθ
1007 2681 1202 2752 ρώπων
1219 2681 1413 2749 κυϐείᾳ
1427 2680 1812 2751 συνελκόμενος

221 2777 322 2832 καὶ
339 2775 738 2846 δελεαζόμενος·
766 2773 1032 2843 σφαλερὸν
1050 2771 1178 2842 γάρ’
1202 2770 1340 2824 ἀλλά
1360 2770 1460 2840 τῆς
1478 2769 1814 2833 παιδεύσεως

223 2867 328 2938 τῆς
352 2869 410 2920 ἐν
443 2869 552 2930 τοίς
604 2865 801 2933 λόγοις,
857 2863 1056 2933 μᾶλλον
1105 2862 1162 2914 δὲ
1189 2861 1289 2931 τῆς
1330 2859 1572 2922 παιδείας
1606 2860 1810 2930 Κυρίου

218 2959 328 3030 τῆς
364 2956 455 3011 διά
477 2957 586 3009 τῶν
614 2953 843 3007 ἐντολῶν
882 2953 978 3006 καὶ
1015 2952 1214 3023 ἀρετῆς
1251 2950 1414 3021 μηδὲν
1452 2943 1591 3002 εῖναι
1623 2951 1812 3019 κρεῖσ-

226 3065 324 3103 σον
360 3048 598 3114 ὑπονόει,
627 3045 694 3098 δι’
724 3037 798 3100 ὧν
832 3046 865 3114 ἡ
892 3042 1096 3114 ἀληθὴς
1132 3041 1391 3111 φρόνησις
1429 3039 1522 3094 κα)⁵
1566 3039 1815 3110 ἀσφαλὴς

226 3137 476 3210 σωτηρία
494 3139 606 3200 τοῖς
634 3134 960 3205 σωζομένοις
983 3130 1339 3202 περιγίνεται.
1363 3128 1541 3184 Τάλλα
1562 3129 1658 3199 μὲν
1679 3128 1808 3199 γὰρ,

224 3230 332 3285 ὅσα
372 3245 458 3291 τις
501 3228 568 3280 ἂν
596 3227 689 3279 καὶ
723 3224 887 3277 οῐοιτο
932 3220 1267 3292 κεκτῆσθαι,
1313 3219 1416 3273 κᾶν
1450 3219 1637 3290 κτῆμα
1659 3260 1675 3283 ,
1709 3220 1815 3273 κᾶν

227 3320 462 3401 χρῆμα,
515 3317 618 3370 κᾶν
671 3315 968 3387 ἱματισμὸν
1021 3314 1179 3384 εἴπῃς
1214 3311 1514 3381 πολυτελῆ,
1568 3309 1714 3365 ναῶν
1755 3327 1814 3362 τε

228 3399 519 3479 οίκοδομὰς
545 3409 639 3462 καὶ
670 3406 929 3477 κειμήλια
949 3404 1043 3458 καὶ
1076 3404 1431 3474 μοναστήρια,
1454 3402 1545 3455 καὶ
1566 3399 1824 3467 καθάπαξ

231 3503 430 3564 εἰπεῖν,
457 3501 558 3552 ὅσα
580 3498 687 3551 ἀπὸ
715 3497 818 3566 γῆς
858 3495 1046 3549 ἄλλοτε
1079 3493 1280 3555 ἀλλοις,
1315 3490 1408 3544 καὶ
1439 3490 1500 3543 ού
1529 3491 1641 3551 τοῖς
1673 3487 1817 3558 ἐχειν

229 3589 483 3644 δοκοῦσιν
503 3583 875 3656 ἐτοιμάζεται·
915 3582 1049 3653 μόνη
1075 3582 1131 3634 δέ
1151 3583 1184 3651 ἠ
1209 3579 1489 3642 παίδευσις
1515 3576 1690 3631 οίκεία
1710 3575 1817 3629 τῶν

235 3679 593 3749 κεκτημένων
625 3677 798 3748 μόνων
828 3675 945 3728 ἐστὶ
1008 3674 1104 3728 καὶ
1155 3672 1361 3742 βιοῦσιν
1414 3668 1647 3724 ἐνταῦθα
1690 3669 1819 3740 ἄχρι

232 3769 423 3832 τέλους
516 3767 933 3839 συνυπάρχουσα
1022 3766 1118 3818 καὶ
1215 3761 1617 3817 ἀποϐιώσκουσι
1695 3777 1821 3812 συνρ

235 3860 502 3932 επομένη.

234 3997 338 4056 ΞἮ
390 3997 460 4052 Τὸ
487 3994 813 4062 δραστικὸν
840 3992 1080 4046 δείκνυε
1101 3989 1188 4059 μῆ
1212 3987 1293 4054 τῷ
1325 3985 1475 4056 δρᾷν
1496 3983 1712 4050 κακῶς,

239 4069 353 4123 222
397 4066 482 4131 Τῷ
504 4061 557 4120 δ’
589 4061 658 4119 εὖ
687 4081 743 4117 τι
769 4062 983 4116 ποιεῖν.

317 4177 468 4231 Εἰσὶν
499 4176 774 4247 ἄνθρωποι
805 4173 1131 4243 θερμότατοι
1183 4169 1242 4222 ἐν
1293 4168 1474 4239 ἔργοις
1520 4167 1698 4220 αὐτῶν
1730 4166 1824 4220 καὶ

239 4271 560 4345 δραστήριοι
628 4266 722 4322 καὶ
774 4263 1152 4336 ἐνεργέστατοι
1179 4281 1193 4294 ο
1242 4260 1461 4325 ὀξύτητι
1511 4259 1570 4312 δὲ
1613 4258 1863 4327 φύσεως,

241 4361 518 4437 χρώμενοι
551 4358 645 4412 καὶ
673 4355 1039 4427 μγαλοφυτᾳ,
1081 4350 1488 4424 χρησιμώτατοι
1517 4350 1824 4420 κληΐζονται

245 4450 466 4515 πολλοῖς
486 4467 502 4482 ο
534 4451 584 4502 οἳ
613 4448 709 4503 καὶ
739 4445 1036 4517 βασιλείας,
1068 4443 1163 4497 καὶ
1190 4441 1702 4514 στρατοπεδαρχίας.
1733 4440 1825 4494 καὶ

241 4540 546 4616 ἡγεμονίας
574 4521 665 4591 ἐν’
689 4534 881 4606 κόσμῳ
908 4534 1252 4604 διαφέροντες
1302 4531 1551 4596 ἐπιπολὺ,
1717 4529 1829 4583 θεοὶ

241 4629 510 4703 τιμᾶσθαι
537 4626 671 4698 πρὸς
708 4624 817 4678 τῶν
861 4622 1187 4693 ὑποχειρίων
1216 4620 1479 4686 ἀξιοῦσιν.
1526 4621 1667 4692 Πρὸς
1703 4621 1830 4683 τοὺς

241 4702 521 4781 τοιούτους
555 4718 584 4770 δ
617 4702 969 4777 θεόπνευστος
1008 4711 1133 4775 νοῦς
1160 4711 1596 4784 ἀποτεινόμενος,
1629 4711 1720 4782 Μὴ
1752 4710 1831 4782 τῷ

243 4811 402 4885 δρᾷν,
436 4808 562 4877 ἔφη.
593 4805 779 4868 κακῶς
808 4805 904 4858 καὶ
941 4802 1053 4856 τῶν
1084 4800 1326 4855 ἀσθενῶν
1353 4800 1709 4871 κατατρέχειν
1739 4802 1833 4854 καὶ

246 4899 485 4971 πτωχῶν
505 4899 566 4952 τὸ
589 4895 960 4968 μεγαλουργὸν
989 4893 1325 4948 ἐπιδείκνυσο
1347 4892 1409 4945 τὸ
1430 4892 1727 4962 δραστικὸν
1741 4893 1833 4946 καὶ

248 4989 494 5062 ἐνεργὲς,
527 4986 604 5057 τῷ
645 4984 950 5057 εὐεργετεῖν
983 4984 1041 5037 δὲ
1065 4983 1158 5038 καὶ
1184 4982 1324 5037 κατὰ
1352 4983 1578 5054 μίμησιν
1601 4982 1695 5036 τοῦ
1726 4982 1833 5036 τῶν
1875 5055 1878 5058 γ

246 5083 391 5138 ὅλων
433 5068 569 5132 Θεοῦ
607 5077 670 5131 τδ
711 5076 874 5131 καλὸν
924 5078 1099 5130 ποιεῖν
1133 5075 1225 5129 καὶ
1254 5074 1478 5143 ἀγαθόν.
1528 5074 1701 5127 Τοῦτο
1739 5072 1835 5126 καὶ

253 5173 382 5230 θεὸν
411 5171 506 5226 καὶ
531 5170 648 5224 υἱόν
681 5186 741 5222 σε
769 5166 904 5221 Θεοῦ
935 5167 1175 5221 δείκνυσι
1203 5167 1272 5220 δι’
1303 5164 1642 5236 ὁμοιώσεως
1677 5162 1836 5217 τοῦτό

252 5268 383 5320 ἐστι
407 5265 502 5318 καὶ
530 5261 722 5332 ἀνδρὸς
742 5258 941 5322 εἰδότος
961 5259 1021 5312 τὸ
1045 5258 1312 5327 συγγενὲς
1328 5255 1649 5329 ἀνθρώπου·
1679 5254 1838 5308 τοῦτο

253 5359 418 5428 εργον
443 5352 562 5408 ἐστὶ
586 5354 687 5424 τὴν
718 5350 1064 5421 ἀνθρωπίνην
1112 5347 1487 5418 ταλαιπωρίαν
1514 5345 1834 5414 ἐγνωκότος,

254 5448 357 5503 καὶ
380 5448 479 5518 οὐχ
503 5444 937 5516 ὑπεραιρόμενου
968 5439 1111 5495 κατά
1136 5441 1262 5504 τοὺς
1295 5437 1555 5511 ὑϐριστὰς
1583 5438 1678 5490 καὶ
1708 5436 1841 5490 ἀλα-ι

258 5539 443 5608 ζόνας,
465 5535 603 5592 ἀλλά
625 5535 1088 5608 Χριστομιμήτως
1115 5535 1296 5597 αὐτοῖς
1319 5531 1840 5603 συγκαταϐαίνοντος

259 5631 361 5686 καὶ
385 5630 482 5693 τὰς
508 5627 688 5682 αὐτῶν
710 5626 993 5690 ἀσθενείας
1019 5625 1354 5696 διανέχοντος
1372 5639 1386 5654 °
1416 5624 1476 5677 τὸ
1501 5624 1841 5677 ἀποκτείνειν

262 5721 322 5775 δὲ
349 5720 442 5775 καὶ
469 5717 759 5789 πτωχίζειν
783 5717 878 5771 καὶ
900 5717 1282 5787 ταλαιπωρεῖν,
1300 5714 1434 5768 Θεοῦ
1454 5716 1552 5785 μὲν
1569 5716 1669 5768 οὐκ
1694 5712 1841 5778 ἀξιον

265 5810 710 5884 φιλανθρωπίας,
758 5807 962 5878 θηρίων
1007 5806 1062 5861 δὲ
1114 5806 1334 5862 ἰοϐόλων
1371 5807 1566 5860 οἰκεῖον
1601 5805 1658 5858 τὸ
1705 5807 1839 5861 ἀπο-

1227 391 1291 448 ΙΝ
1330 391 1644 451 CARMINA
1685 392 1962 449 ARCANA
2004 392 2062 447 S.
2106 391 2455 450 GREGORII.

1902 511 1972 566 lia
2002 520 2052 565 et
2085 509 2487 581 corruptibilis,
2516 507 2740 573 divitias,
2773 502 3021 579 inquam,
3061 517 3116 566 et
3147 513 3491 585 voluptaset

1894 601 2088 671 gloria,
2135 602 2202 658 iis
2235 602 2328 671 qui
2369 600 2652 655 terrestria
2685 600 2932 671 cogitant
2976 602 3031 656 in
3077 619 3230 673 spem
3284 622 3484 677 propo-

1899 690 2028 754 sita,
2054 692 2428 760 operationem
2466 692 2750 746 concitant
2782 702 3092 746 amatorum
3126 695 3376 766 ipsisque
3399 699 3487 752 di-

1894 782 2194 836 rectionem
2228 780 2568 851 imprimunt,
2602 781 2882 852 quontodo
2915 798 3036 838 non.
3063 787 3236 841 multo
3282 786 3492 856 justius

1894 880 1949 924 et
1981 873 2112 927 boni
2143 874 2472 943 virtutisque
2501 874 3205 943 Operariisincitamentsum
3229 879 3340 933 erit
3365 895 3498 950 spes

1897 962 1952 1016 in
1998 961 2270 1028 Deum,et
2293 964 2428 1019 eniti
2483 963 2551 1018 ad
2595 965 2846 1019 bravium
2901 981 3154 1037 superne
3191 970 3488 1026 electionis

1891 1052 2049 1121 juxta
2077 1066 2303 1121 scopum
2335 1053 2538 1108 faciet?
2559 1051 2808 1125 Namque
2839 1056 3204 1114 intolerabilis
3234 1059 3399 1116 dolor
3429 1070 3490 1117 et-

1899 1144 2218 1213 impatibilis
2245 1145 2372 1198 mihi
2404 1160 2513 1200 non
2545 1146 2769 1202 minime
2798 1149 3070 1205 incumbit
3085 1151 3232 1206 victo
3257 1168 3286 1206 a
3321 1155 3489 1209 bono.

1902 1234 1961 1289 Si
1994 1235 2138 1289 enim
2176 1236 2343 1290 noxia
2373 1241 2725 1306 peccatorum
2759 1252 2924 1308 opera
2950 1248 3007 1295 et
3035 1241 3178 1295 mala
3221 1242 3357 1314 ipsis
3385 1247 3493 1298 uti—

1898 1327 1969 1380 lia
2002 1336 2134 1381 sunt
2167 1334 2220 1381 et
2247 1329 2386 1383 bene
2437 1338 2852 1399 prosperantur,
2887 1340 3035 1386 recta
3059 1341 3242 1391 autem
3275 1343 3330 1390 et
3348 1337 3492 1391 bona

1900 1418 2044 1473 male
2073 1420 2380 1474 succedunt
2403 1419 2762 1489 operantibus
2793 1428 2848 1490 et
2893 1419 3188 1477 infeliciter
3218 1440 3496 1495 peraguno

1902 1509 2301 1579 tur,quomodo
2329 1513 2458 1565 boni
2493 1512 2790 1568 adversum
2835 1526 3026 1568 casum
3062 1513 3207 1571 ferre
3266 1517 3494 1586 potero?

1911 1686 2019 1741 217
2058 1685 2302 1742 Fortuna
2328 1690 2666 1756 prudentiam
2710 1693 2964 1747 existima
2989 1695 3256 1747 tutiorem.

1887 1849 1898 1858 .
1973 1775 2106 1832 Sors
2129 1778 2353 1846 quidem
2386 1780 2530 1849 quod
2565 1789 2760 1852 sponte
2789 1792 2842 1837 et
2883 1783 3250 1840 indeliberate
3296 1787 3498 1842 accidit

1905 1877 2154 1931 vocatur,
2185 1869 2477 1938 prudentia
2511 1887 2642 1926 vero
2674 1871 2821 1942 quod
2854 1888 2981 1927 cum
3004 1874 3405 1931 deliberatione
3436 1879 3493 1931 tit

1905 1963 1960 2008 et
1989 1959 2349 2012 conscientia.
2379 1958 2552 2014 Porro
2581 1961 3046 2029 quemadmodum
3088 1965 3245 2020 navis
3274 1966 3329 2019 in
3358 1967 3498 2021 mari

1906 2059 2004 2114 per
2051 2047 2485 2116 gubernaculum
2522 2049 2733 2118 regitur
2768 2059 2820 2103 et
2858 2048 2926 2103 ad
2973 2058 3188 2119 portum
3232 2053 3504 2110 subduciv

1905 2146 2014 2197 tur.
2041 2135 2121 2190 sic
2153 2135 2383 2205 spiritus
2423 2137 2713 2206 prudentia
2747 2137 2922 2200 frctus
2948 2153 3129 2194 mores
3175 2141 3374 2197 animae
3399 2157 3499 2213 gu-

1905 2227 2099 2280 bernat
2131 2233 2184 2279 et
2215 2226 2431 2279 clavum
2479 2236 2672 2282 tenens
2709 2227 2775 2286 ad
2819 2243 3120 2300 supernum
3157 2239 3374 2299 portum
3415 2231 3504 2288 di-

1909 2319 2061 2380 rigit.
2094 2317 2231 2371 Cum
2261 2331 2395 2388 ergo
2441 2333 2537 2388 per
2568 2318 2919 2388 prudentiam
2960 2320 3188 2376 salvatis
3230 2337 3494 2392 coepere-

1909 2417 1998 2462 tur
2027 2409 2178 2464 salus
2203 2423 2352 2472 vera,
2386 2424 2456 2464 ne
2511 2409 2817 2465 irrationali
2853 2409 3018 2465 cedas
3054 2411 3191 2465 sorti
3217 2428 3320 2467 nec
3357 2413 3500 2468 futili

1910 2504 1964 2552 et
1990 2497 2411 2553 inconsideratae
2439 2499 2730 2554 verborum
2762 2506 2824 2554 et
2851 2500 3128 2554 rationum
3157 2503 3389 2556 vanitati
3415 2503 3504 2574 ja-

1910 2595 2095 2644 ctatus
2125 2597 2178 2642 te
2213 2588 2380 2651 feras,
2411 2604 2512 2643 nec
2558 2587 2691 2644 ferri
2726 2591 2960 2659 patiaris
2993 2591 3280 2647 hominum
3337 2595 3508 2652 vicis-

1912 2678 2249 2734 situdinibus
2283 2689 2476 2749 raptus
2517 2687 2573 2734 et
2604 2681 2864 2746 illectus;
2914 2681 3290 2751 periculosum
3328 2686 3501 2749 enim,

1911 2769 2006 2826 sed
2032 2770 2380 2824 documentis
2403 2772 2456 2825 in
2485 2772 2704 2834 litteris,
2737 2773 3024 2845 magisque
3048 2774 3362 2846 disciplinis
3397 2778 3506 2832 Do-

1912 2863 2046 2916 mini
2076 2863 2378 2916 secundum
2425 2861 2681 2917 mandata
2729 2871 2784 2918 et
2821 2864 3077 2919 virtutem
3126 2867 3261 2920 nihil
3303 2869 3504 2926 melius

1912 2966 2038 3007 esse
2063 2960 2276 3022 reputa,
2313 2968 2411 3021 per
2445 2967 2568 3021 quae
2590 2967 2718 3008 vera
2753 2954 3047 3023 prudentia
3096 2963 3155 3014 et
3188 2967 3305 3012 tuta
3352 2961 3505 3017 salus

1915 3041 2139 3096 salvatis
2169 3041 2246 3096 fit.
2301 3042 2376 3097 De
2405 3043 2530 3097 aliis
2580 3058 2713 3098 vero
2759 3045 2950 3110 rebus,
2999 3054 3270 3118 quotquot
3316 3052 3503 3117 possi-

1932 3129 2064 3184 dere
2093 3132 2273 3200 quivis
2312 3132 2703 3196 arbitraretur,
2732 3134 2850 3188 sive
2883 3134 3171 3192 facultates
3215 3139 3332 3194 sive
3364 3141 3507 3196 bona

1917 3215 2033 3272 sive
2057 3218 2445 3287 epulentorum
2496 3222 2954 3278 vestimentorum
3005 3239 3300 3295 apparatus
3348 3231 3509 3285 dixe-

1917 3307 2015 3370 ris,
2054 3308 2380 3377 templorum
2415 3317 2731 3366 structuras
2774 3321 2830 3368 et
2878 3312 3174 3370 thesauros
3207 3326 3261 3370 et
3313 3333 3506 3373 mona-

1925 3398 2110 3462 steria,
2143 3406 2194 3452 et
2224 3414 2342 3453 uno
2373 3399 2547 3454 verbo
2588 3409 2921 3470 quaecunque
2938 3414 3103 3472 super
3117 3407 3341 3471 terram,
3369 3410 3506 3466 alias

1918 3485 2040 3539 aliis
2071 3493 2124 3539 et
2153 3486 2221 3542 iis
2250 3487 2341 3556 qui
2378 3501 2488 3541 non
2511 3487 2769 3542 videntur
2801 3503 2864 3542 ea
2899 3488 3105 3546 habere
3147 3492 3201 3547 in
3243 3507 3505 3568 promptu

1920 3586 2082 3644 sont;
2118 3579 2234 3632 sola
2285 3579 2583 3647 disciplina
2632 3581 2855 3650 prepria
2885 3588 2970 3636 est
3000 3581 3222 3640 illorum
3261 3588 3508 3645 solorum

1919 3670 2009 3739 qui
2051 3684 2170 3724 eam
2228 3669 2535 3737 possident,
2582 3679 2638 3724 et
2689 3670 3006 3728 viventibus
3062 3674 3116 3727 in
3151 3676 3256 3730 hoc
3300 3680 3510 3736 mundo

1921 3773 2154 3814 consors
2205 3773 2385 3828 usque
2439 3759 2506 3813 ad
2567 3758 2731 3816 linem
2776 3769 2884 3828 est,
2936 3761 3380 3838 decedentesque
3416 3783 3510 3826 se-

1921 3850 2131 3920 quitur.

1921 3983 2029 4063 ἓῂ
2067 3984 2831 4063 [lat-entiam‘tuumpstends,
2863 4006 2969 4045 non
3001 3994 3143 4048 male
3170 3994 3438 4063 faciendo,

1924 4053 2033 4108 222
2072 4053 2184 4108 Sed.
2204 4058 2328 4109 bene
2361 4056 2637 4124 faciendo.

1999 4164 2140 4219 Sunt
2186 4161 2448 4221 homines
2499 4164 2875 4222 ardentissimi
2929 4165 2983 4221 in
3029 4169 3247 4227 actibus
3295 4173 3412 4229 suis
3456 4182 3514 4230 et

1926 4256 2165 4328 operarii
2187 4264 2248 4311 et
2276 4255 2437 4310 valde
2468 4256 2807 4320 laborantes.
2827 4257 3040 4329 ingenii
3070 4263 3326 4317 acumine
3358 4271 3516 4319 uteno

1925 4356 2013 4403 tes
2062 4355 2116 4401 et
2174 4345 2624 4414 magnanimitate
2671 4346 2987 4413 superiores
3035 4361 3069 4401 a
3126 4349 3317 4414 multis
3370 4351 3517 4406 celer

1931 4435 2185 4511 brantur,
2216 4433 2309 4502 qui
2338 4432 2487 4502 regia
2519 4438 2795 4501 potestate
2830 4441 2885 4488 et
2919 4435 3260 4494 exercituum
3285 4437 3522 4506 imperio

1932 4533 1985 4581 et
2007 4524 2384 4579 dominatione
2410 4524 2698 4578 inmundo
2739 4525 2970 4585 multum
3005 4535 3349 4594 praestantes,
3388 4534 3515 4582 tan-

1933 4632 2096 4687 quam
2141 4615 2218 4670 dii
2261 4629 2290 4668 a
2336 4614 2574 4670 subditis
2626 4614 2890 4670 honorari
2941 4615 3199 4672 aﬂ‘cclant
3232 4635 3245 4671 :
3284 4618 3338 4672 in
3375 4635 3520 4688 quos

1935 4709 2070 4764 tales
2094 4706 2401 4779 procedens
2439 4706 2669 4776 spiritus
2697 4721 2726 4759 a
2751 4705 2860 4760 Deo
2889 4705 3190 4776 inspiratus
3220 4707 3360 4763 dixit
3393 4728 3407 4763 :
3437 4707 3518 4764 No

1933 4803 1988 4857 in
2043 4800 2185 4854 male
2233 4797 2487 4853 faciendo
2535 4805 2590 4852 et
2635 4797 2848 4852 debiles
2899 4811 3283 4867 pauperesque
3333 4799 3533 4869 oppri-

1935 4887 2136 4946 mendo
2167 4889 2427 4944 ostendas
2453 4896 2506 4942 te
2536 4888 2606 4941 ad
2653 4901 2849 4958 magna
2895 4895 3208 4957 promptum
3254 4897 3308 4942 et
3358 4888 3520 4941 fortia

1934 4997 2123 5053 opera,
2160 4981 2255 5036 sed
2302 4983 2360 5036 in
2416 4978 2832 5044 benefaciendo,
2881 4984 2935 5031 et
2978 4977 3046 5031 ad
3088 4975 3182 5033 Dei
3228 4978 3528 5034 universo-

1934 5089 2054 5128 rum
2090 5072 2451 5127 imitationem
2481 5070 2686 5124 bonum
2731 5075 2788 5123 et
2831 5076 3042 5123 rectum
3073 5069 3287 5134 agendo
3324 5087 3338 5124 :
3374 5069 3520 5136 quod

1935 5170 1990 5218 et
2034 5165 2194 5219 deum
2227 5168 2284 5217 et
2345 5159 2515 5214 filium
2547 5159 2641 5214 Dei
2673 5167 2726 5213 te
2761 5173 2858 5226 per
2888 5157 3305 5214 similitudinem
3335 5167 3526 5213 osten-

1936 5253 2052 5318 dit;
2088 5252 2190 5306 hoc
2227 5257 2312 5307 est
2345 5249 2448 5304 viri
2478 5249 2706 5304 seientis
2731 5248 2863 5318 quid
2899 5248 3106 5302 homini
3141 5247 3388 5301 innatum
3417 5256 3524 5308 est,

1940 5343 2043 5397 hoc
2065 5357 2206 5413 opus
2249 5342 2398 5397 illius
2428 5341 2522 5410 qui
2570 5341 2867 5394 humanam
2909 5338 3190 5394 miseriam
3232 5335 3386 5390 novit
3423 5351 3526 5390 nec

1939 5434 2223 5490 extollitur
2280 5447 2434 5488 more
2485 5432 2861 5502 arrogantium
2912 5439 2967 5485 et
3021 5428 3398 5491 insolentium,
3432 5424 3530 5482 sed

1941 5526 2010 5580 ad
2039 5524 2244 5579 Christi
2279 5523 2560 5594 exemplar
2599 5522 2904 5578 humilibus
2946 5536 3007 5576 se
3057 5517 3527 5573 accommodantis

1942 5630 2247 5690 eorumque
2291 5614 2699 5669 imbecillitate:
2741 5612 2976 5684 benigne
3022 5609 3360 5670 suﬂ'erentis.
3417 5605 3532 5676 Ma:

1944 5717 2097 5765 ctare
2118 5721 2250 5763 vero
2279 5714 2334 5762 et
2363 5706 2601 5776 spoliare
2634 5712 2688 5760 et
2714 5704 2781 5759 ad
2817 5703 3098 5760 miseriam
3126 5699 3394 5765 redigere,
3432 5696 3527 5752 Dei

1947 5798 2326 5858 benevolentia
2373 5797 2598 5865 dignum
2646 5811 2759 5851 non
2808 5801 2913 5857 est,
2993 5797 3382 5848 vcncnatarum
3431 5786 3527 5840 be-
