4020 6302
548 348 654 405 839

542 464 773 522 uiarum
791 456 1069 531 proprium
1088 462 1171 512 est
1192 452 1476 519 occidere;
1509 450 1625 505 raia
1647 459 1915 504 venenata
1948 448 2120 502 maris

542 563 599 611 et
633 552 919 622 scorpione
939 551 1077 605 clam
1108 550 1258 602 virus
1287 543 1688 606 evomentibus,
1730 540 1891 596 facile
1918 540 2117 595 morsis

546 646 724 699 adstat
758 642 949 695 fatum.

543 733 652 786 225
692 732 863 797 Turpe
883 740 959 783 est
984 728 1221 798 jurenem
1257 744 1376 782 sene
1406 727 1750 794 inﬁrmiorem

544 802 650 855 ΕΟ
692 801 842 862 Esse.
878 797 1151 867 senemque
1170 797 1826 867 juveueinsipieuliorem.

612 888 1082 956 Quemadmodum
1116 887 1337 957 juventa
1389 894 1443 939 et
1498 885 1676 940 {etatis
1717 882 1995 938 viriditate
2040 880 2120 933 vi-

540 991 779 1052 gentem,
798 995 931 1035 sene
955 966 1231 1049 decrepito
1256 977 1573 1032 debiliorem
1594 991 1717 1032 esse
1740 984 1897 1044 turpe
1917 974 2119 1029 videre-

543 1078 637 1125 tur
656 1078 708 1126 et
732 1071 1120 1139 incongruum,
1139 1068 1241 1131 sic,
1261 1067 1457 1137 inquit,
1480 1075 1535 1121 et
1559 1069 1612 1121 in
1632 1067 1816 1121 ultima
1835 1075 2119 1121 senectute

545 1162 953 1233 pervenientem
1008 1161 1497 1227 imprudentiorem
1550 1158 1771 1228 iuniore
1832 1172 2116 1228 apparere,

547 1254 907 1323 incongruum
936 1266 1189 1322 prorsus.
1215 1262 1270 1307 et
1318 1250 1599 1305 indecens.
1658 1250 1923 1305 Similiter
1950 1264 2119 1305 senex

541 1344 655 1400 vita
687 1352 742 1399 et
772 1353 933 1399 aetate
963 1352 1217 1414 provecta
1262 1342 1443 1398 factus
1477 1343 1547 1397 sit
1585 1342 1733 1396 omni
1764 1341 2031 1411 sapientia
2063 1347 2118 1396 et

544 1437 839 1507 prudentia
888 1437 1103 1505 plenus.
1152 1436 1419 1506 optimum
1474 1442 1530 1490 et
1582 1432 1917 1488 conveniens
1961 1431 2116 1496 illud,

542 1531 821 1603 iuniorem
852 1543 983 1583 vero
1029 1538 1083 1583 et
1123 1538 1249 1583 ante
1289 1526 1682 1589 maturitatem,
1718 1525 1773 1579 in
1799 1524 1977 1580 etatis
2008 1538 2117 1577 non

543 1618 819 1692 provecta:
851 1618 1087 1671 decursu
1124 1616 1425 1686 sapientem
1469 1629 1528 1669 se
1568 1613 1811 1683 pnebere
1842 1618 1897 1665 et
1934 1610 2119 1665 senio-

546 1725 669 1763 rum
704 1706 1051 1779 prudentiam
1083 1707 1304 1770 habere,
1335 1703 1853 1760 excellentissimum
1884 1709 2033 1756 esset
2064 1708 2118 1756 et

547 1800 793 1854 omnium
833 1799 1071 1855 maxime
1096 1798 1451 1854 conveniens.

545 1968 652 2023 329
688 1966 904 2036 Semper
935 1969 1141 2036 quidem
1186 1968 1415 2021 salutem
1463 1981 1703 2033 operare.

618 2059 781 2114 Omni
808 2067 1060 2127 tempore
1092 2067 1146 2113 et
1174 2056 1322 2111 cunni
1349 2056 1589 2112 hominis
1616 2063 1775 2110 aetate
1800 2055 2006 2111 bonum
2036 2062 2122 2110 est

548 2152 669 2207 viro
696 2151 925 2205 salutem
948 2149 1187 2219 cperari,
1218 2164 1339 2219 quae
1368 2157 1473 2213 est,
1516 2161 1547 2200 a
1587 2146 1729 2201 malo
1761 2146 2038 2201 declinare
2067 2154 2122 2201 et

547 2242 753 2299 bonum
783 2242 991 2307 facere;
1019 2242 1317 2309 praesertim
1340 2238 1817 2309 appropinquante
1849 2238 2123 2293 solutione

551 2349 581 2387 a
613 2334 741 2387 vita.
792 2330 933 2396 Quid
987 2329 1132 2383 aliud
1182 2329 1375 2398 majori
1426 2328 1784 2382 sollicitudini
1830 2336 1979 2383 esset
2034 2330 2123 2398 pio

549 2424 669 2477 viro
697 2430 749 2477 et
781 2437 1003 2477 sensum
1037 2419 1453 2489 habenti.quam
1498 2419 1803 2488 praeteritas
1838 2418 2030 2487 culpas
2069 2426 2123 2472 et

549 2514 795 2569 maculas
830 2513 1085 2582 lacrymis
1136 2518 1190 2566 et
1240 2509 1681 2566 confessionibus
1726 2508 2009 2573 mundare,
2067 2515 2123 2562 et

549 2616 671 2673 quia:
711 2615 773 2655 ex
833 2598 1098 2669 iniustitia
1150 2598 1497 2668 proveniunt,
1542 2588 1608 2652 iis
1648 2597 1740 2667 qui
1795 2596 2120 2664 iniustitiam

552 2690 697 2761 passi
730 2700 879 2753 sunt,
907 2705 1027 2757 qua:
1064 2704 1191 2743 vero
1220 2702 1251 2741 a
1286 2689 1436 2757 inato
1470 2688 1622 2741 lucro
1666 2702 1790 2741 cum
1826 2693 1975 2740 recta
2002 2701 2122 2739 mo—

553 2780 838 2835 deratione
866 2778 1084 2833 Christo
1118 2782 1269 2844 prius
1295 2777 1528 2839 mittere,
1560 2783 1615 2830 et
1647 2776 1725 2831 sic
1758 2775 2035 2828 fructuosa
2069 2781 2123 2828 et

468 2872 471 2875 ’
554 2870 788 2925 sollicita
815 2869 1133 2937 poenitentia
1164 2869 1404 2936 iudicem
1438 2866 1677 2937 placare.
1718 2864 1924 2920 Merces
1950 2879 2121 2935 appa-

555 2967 654 3019 ret,
686 2971 865 3027 prmco
896 2965 1091 3011 metam
1134 2957 1369 3010 clamat:
1406 2956 1653 3024 Apostoli
1680 2962 1734 3009 et
1768 2954 2043 3025 prepbetae
2070 2961 2123 3009 et

550 3047 731 3102 omnis
760 3046 975 3103 divinus
995 3046 1253 3117 magister
1272 3084 1289 3109 ,
1329 3046 1707 3115 paenitentiam
1734 3046 1899 3115 agite,
1924 3056 2121 3114 magna

552 3139 811 3206 praedicat
852 3152 1003 3192 voce.
1038 3138 1361 3206 Quicunque
1409 3150 1573 3191 aures
1619 3134 1877 3190 audiendi
1926 3136 2119 3199 babes,

554 3242 684 3297 para
707 3230 773 3280 ad
808 3235 1000 3282 metam
1032 3242 1196 3298 Opera
1244 3238 1368 3295 tua;
1417 3226 1685 3297 iudicium
1737 3241 1907 3297 prope
1943 3234 2028 3282 est
2067 3234 2124 3281 et

553 3319 612 3375 in
646 3318 857 3375 foribus
884 3321 1039 3374 adest
1065 3318 1253 3389 iudex.

557 3503 666 3557 235
707 3499 860 3553 Finis
888 3500 1167 3555 sermonis.

624 3591 808 3647 Multis
831 3591 987 3647 bonis
1014 3599 1068 3645 et
1111 3590 1449 3662 sapientibus
1480 3590 1661 3647 verbis
1702 3590 1757 3645 in
1787 3587 1965 3643 anima
1989 3588 2123 3644 aedi-

556 3682 861 3737 ﬁcationem
895 3690 949 3735 et
982 3681 1211 3736 salutem
1238 3696 1269 3734 a
1294 3690 1485 3736 sancta
1519 3690 1574 3736 et
1603 3682 1908 3751 theologica
1938 3681 2121 3751 lingua

558 3772 806 3844 prolatis,
845 3773 990 3825 hunc
1023 3769 1280 3840 loquendi
1329 3770 1487 3825 tinem
1540 3772 1852 3826 summatim
1916 3779 2122 3825 rectum

556 3873 611 3919 et
635 3865 921 3919 concisum
960 3864 1243 3917 sententiis
1269 3871 1322 3917 et
1344 3864 1673 3918 testimoniis
1704 3864 1819 3918 suis
1847 3862 2123 3932 apposuit,

554 3952 767 4015 dicens,
791 3950 1059 4021 duplicem
1094 3964 1217 4005 esse
1250 3950 1596 4020 apostatandi
1646 3966 1677 4004 a
1728 3950 1841 4005 Deo
1895 3966 2121 4015 morem,

557 4041 788 4095 alterum
813 4054 994 4108 opere,
1024 4040 1251 4095 alterum
1282 4042 1471 4097 verbo.
1499 4040 1675 4111 Opere
1703 4042 1924 4112 quidem
1956 4044 2123 4112 igitur

558 4120 939 4199 apostatantur
975 4143 1005 4182 a
1053 4127 1257 4183 divinis
1298 4130 1392 4199 qui
1442 4131 1745 4185 secundum
1776 4130 2123 4198 insipientem

557 4222 721 4274 istum
776 4219 1090 4289 hypocrita,
1126 4220 1180 4274 in
1230 4220 1393 4275 corde
1442 4236 1544 4275 suo
1594 4222 1786 4276 sinon
1838 4222 2020 4292 lingua
2044 4222 2127 4276 di-

558 4318 691 4363 cunt
726 4326 739 4362 :
768 4307 883 4362 Non
910 4318 993 4363 est
1022 4307 1198 4373 Deus;
1223 4319 1507 4379 propterea
1535 4312 1779 4381 corrupti
1815 4320 1965 4379 sunt,
1997 4314 2124 4369 etin

559 4399 940 4469 iniquitatibus
963 4399 1355 4455 abominabiles
1379 4399 1506 4455 facti
1529 4411 1657 4457 sunt
1682 4420 1696 4457 :
1723 4403 1825 4458 hoc
1847 4412 1933 4459 est
1959 4420 2125 4475 opere

560 4496 874 4560 apostatare
916 4504 946 4541 a
999 4487 1125 4542 Deo.
1164 4486 1343 4544 Verbo
1387 4501 1563 4546 autem
1617 4494 1975 4562 apostolicam
2026 4496 2126 4550 do-

558 4580 792 4633 ctrinam
812 4589 863 4633 et
882 4577 1188 4633 divinorum
1216 4577 1434 4633 Patrum
1454 4581 1778 4651 theologiam
1797 4594 1993 4652 negant
2010 4585 2127 4639 sive

559 4670 653 4740 qui
676 4669 955 4723 .luduicam
991 4670 1047 4723 in
1095 4669 1529 4726 incredulitatem
1572 4671 1845 4741 feruntur,
1883 4678 1999 4730 sive
2026 4678 2122 4746 qui

559 4760 625 4813 ad
655 4759 905 4830 gentilem
935 4761 1355 4830 polytheismum
1380 4772 1434 4817 et
1472 4764 1797 4833 impietatem
1834 4766 2120 4834 inclinant,

558 4851 676 4907 sive
703 4849 795 4921 qui
841 4852 906 4904 ad
951 4851 1256 4907 haereticam
1282 4853 1577 4923 perniciem
1607 4856 1936 4925 impiumque
1964 4859 2122 4914 aber-

559 4943 824 4997 rationem
880 4941 1144 4997 incidunt.
1174 4940 1255 4996 Tu
1305 4958 1435 5015 ergo
1483 4945 1842 5016 undequaqne
1875 4950 2117 5005 circum-

559 5033 798 5102 spiciens
830 5034 897 5087 de
927 5033 1120 5102 teipso.
1154 5049 1221 5087 ne
1248 5035 1537 5104 decipiaris
1579 5028 1648 5089 ab
1682 5038 1837 5095 hoste
1872 5040 2117 5097 invisibi-

560 5126 682 5180 liter
714 5118 910 5179 astanti
943 5132 995 5180 et
1022 5124 1230 5195 iugiter
1254 5126 1469 5184 furtivis
1516 5130 1727 5186 insidiis
1762 5133 2033 5189 obsidenti
2071 5144 2124 5189 ct

557 5213 903 5283 perscqnenti
969 5219 1022 5267 et
1079 5214 1132 5267 in
1201 5219 1602 5285 apostasiarum
1679 5226 2121 5293 snpradictarum

557 5302 877 5356 barathrum
916 5303 1100 5357 venari
1128 5312 1180 5360 te
1211 5313 1265 5358 et
1310 5308 1535 5374 perdere
1562 5312 1711 5365 omni
1741 5328 1844 5383 ope
1872 5325 1923 5369 et
1958 5331 2123 5384 Opera

555 5394 776 5445 conanti
805 5413 819 5445 ;
851 5392 967 5446 haec
1014 5402 1193 5449 monet
1233 5397 1471 5466 optimus
1502 5400 1681 5456 Pater.
1728 5403 1871 5459 Cave
1899 5422 2027 5478 ergo
2057 5424 2123 5465 ne

560 5484 669 5537 ullo
692 5482 849 5537 modo
878 5484 933 5537 in
978 5483 1240 5541 ambabus
1260 5490 1552 5557 apostasiis
1585 5493 1899 5552 distinearis
1937 5490 2001 5552 et.
2021 5501 2123 5555 im-

560 5572 797 5643 pliceris,
834 5588 931 5629 nec
985 5574 1281 5634 immundis
1328 5588 1379 5635 te
1424 5581 1746 5652 immisceas,
1787 5598 1855 5639 ne
1889 5588 2025 5647 forte
2056 5608 2123 5648 ex

626 5741 743 5813 (l5)
781 5741 995 5801 Litterae
1018 5757 1249 5819 quatuor
1273 5759 1359 5809 aut
1388 5753 1624 5828 quinque
1649 5755 2047 5816 desiderantur.

1807 330 2106 391 NICETAS
2142 329 2347 387 DAVID

3703 336 3835 391 840

2224 442 2503 502 κτιννύναι
2526 458 2540 472 ·
2573 442 2670 514 τῆς
2695 457 2755 495 τε
2787 440 3078 504 θαλαττίας
3106 442 3363 512 τρυγόνος
3389 443 3484 497 καί
3501 442 3598 497 τοῦ
3634 461 3827 515 σκορ-

2220 537 2345 589 πίου
2393 534 2667 603 λαθραίως
2720 533 2814 586 τὸν
2868 532 2945 585 ίὸν
2995 532 3397 603 ἐναπεμοῦντος
3420 574 3435 599 ,
3463 537 3641 607 ῥᾷστα
3666 552 3832 608 παρ-

2224 628 2359 695 έστη
2381 627 2492 687 τοῖς
2521 624 2794 695 δηχθεῖσιν
2825 624 2853 676 ὁ
2891 623 3077 692 μόρος.

2218 716 2327 769 235
2381 712 2645 783 Αζονχρὸν
2672 714 2815 767 νέον
2848 712 3129 783 γέροντος
3150 712 3592 782 ἀσθενέστερον

2219 784 2325 838 Ξίϐ
2380 781 2568 845 ETW,
2604 781 2862 853 γέροντα
2883 782 2937 833 δ’
2966 783 3408 851 ἀφρονέστερον
3445 781 3608 839 νέου.

2296 877 2503 945 Ὠσπερ
2533 874 2625 927 τὸν
2662 874 2872 944 νεότητι
2900 873 2993 926 καὶ
3031 875 3183 944 ἀκμῇ
3214 876 3529 945 σφριγῶντα
3561 877 3823 947 ἡλικίας,

2222 964 2433 1036 σαπροῦ
2483 963 2737 1033 γέροντος
2789 961 3184 1035 ἀδρανέστερον
3234 961 3375 1019 εἶναι
3403 1007 3416 1031 ,
3465 969 3695 1038 αἰσχρὸν
3748 970 3825 1024 ἂν

2221 1056 2397 1126 ὁρῷτο
2418 1056 2511 1107 καὶ
2528 1055 2796 1108 ἀνοίκειον
2818 1071 2833 1084 ·
2867 1054 3029 1117 οὕτω,
3053 1056 3207 1124 φησὶ,
3238 1056 3334 1109 καὶ
3358 1059 3450 1110 τὸν
3476 1060 3554 1122 είς
3575 1060 3823 1130 ἔσχατον

2220 1146 2519 1215 ἐληλακότα
2571 1146 2817 1217 γήρους,
2864 1146 3263 1215 ἀφρονέστερον
3302 1147 3398 1201 τοῦ
3426 1150 3696 1221 νεωτέρου
3732 1151 3826 1221 τῷ

2222 1238 2397 1309 χρόνῳ
2425 1236 2899 1305 καταδείκνυσθαι,
2930 1238 3201 1293 ἀνοίκειον
3230 1240 3405 1312 πάντη
3444 1244 3537 1295 καί⁵
3567 1246 3827 1316 ἀνάρμο-

2223 1343 2369 1380 στον,
2405 1326 2593 1396 "om
2633 1326 2664 1378 ὁ
2701 1327 2882 1399 γέρων
2917 1330 3016 1398 μὲν
3047 1328 3170 1382 καθ’
3205 1330 3357 1402 ὥραν
3388 1336 3484 1385 καὶ
3513 1336 3652 1389 κατὰ
3708 1338 3823 1409 τὴν

2222 1417 2587 1489 πρεσϐυτικὴν
2616 1417 2768 1487 ἥκων
2798 1418 3037 1488 ἡλικίαν,
3065 1418 3205 1473 ἔστω
3237 1422 3511 1491 πάνσοςος
3547 1426 3640 1478 καί
3678 1443 3821 1481 συν-

2224 1507 2390 1570 έσεως
2417 1507 2649 1579 πλήρης·
2689 1508 2958 1563 καὶτοῦτο
2975 1509 3177 1578 ἀγαθόν
3201 1528 3260 1565 τε
3279 1514 3370 1566 καὶ
3390 1514 3686 1585 εὐπρεπές-
3718 1518 3821 1572 τὸν

2227 1597 2493 1670 νεώτερον
2543 1598 2602 1651 δὶ
2658 1599 2736 1670 τῷ
2782 1599 2958 1671 χρόνῳ
3000 1603 3094 1654 καὶ
3140 1602 3247 1674 πρὸ
3287 1602 3437 1676 ὧρας
3476 1606 3536 1660 ὲν
3584 1608 3662 1679 τῷ
3708 1611 3824 1681 τῆς

2225 1688 2440 1760 ἡλικίας
2487 1690 2670 1744 ἀτελεῖ
2704 1696 3004 1762 σωφρονεῖν
3033 1692 3128 1746 καὶ
3177 1696 3547 1769 πρεσϐυτικὴν
3592 1699 3820 1757 σύνεσιν

2205 1780 2605 1852 ἀνειληφέναι,
2653 1780 2813 1836 τοῦτο
2859 1783 3150 1855 κράτιστον
3196 1785 3265 1840 ἀν
3312 1785 3399 1858 είη
3453 1789 3547 1842 καὶ
3589 1794 3822 1847 πάντων

2221 1872 2685 1945 εὐπρεπέστατον.

2221 1964 2329 2018 229
2392 1965 2509 2018 Ἀεὶ
2525 1966 2643 2033 μὲν
2661 1964 2922 2036 ἐργάζοιο
2950 1965 3066 2035 τὴν
3090 1970 3414 2037 σωτηρίαν.

2294 2056 2451 2108 Κατά
2483 2057 2662 2110 πάντα
2695 2058 2792 2126 μὲν
2824 2058 3016 2127 χρόνον
3045 2060 3139 2111 καὶ
3169 2062 3348 2114 πᾶσαν
3380 2060 3669 2132 ἀνθρώπου
3691 2065 3819 2134 ἠλι-

2223 2144 2367 2210 κίαν,
2400 2146 2606 2214 ἀγαθὸν
2653 2147 2810 2217 ἀνδρὶ
2848 2149 2946 2218 τὴν
2990 2149 3157 2203 αὑτοῦ
3213 2153 3487 2223 σωτηρίαν
3536 2156 3820 2226 κατεργά-

2223 2240 2432 2309 ζεσθαι,
2462 2242 2584 2312 ἥτις
2616 2243 2783 2310 ἐστὶν,
2825 2232 3099 2297 ἐκκλίνειν
3135 2246 3234 2317 μὲν
3276 2248 3386 2301 ἀπὺ
3412 2250 3603 2309 κακοῦ,
3633 2254 3817 2305 ποιεῖν

2222 2331 2279 2384 δὲ
2325 2332 2386 2385 τὸ
2430 2333 2652 2401 ἀγαθὸν,
2690 2334 2923 2404 μάλιστα
2966 2334 3024 2389 δὲ
3054 2336 3130 2407 ’δὴ
3160 2337 3261 2407 τῆς
3307 2335 3400 2391 τοῦ
3449 2339 3567 2408 βίου
3600 2338 3819 2403 λύσεως

2225 2424 2680 2494 προσηγγικυίας.
2724 2424 2789 2477 Τί
2832 2425 2899 2479 ἂν
2922 2425 3052 2479 ἄλλο
3083 2426 3171 2496 είη
3211 2431 3816 2503 περισπουδαστότερον
3885 2464 3889 2468 ›

2223 2516 2299 2586 τῷ
2332 2517 2547 2570 εὐσεϐεῖ
2595 2518 2690 2570 καὶ
2744 2517 2871 2571 νοῦν
2920 2519 3118 2589 ἔχοντι,
3172 2520 3203 2590 ἢ
3252 2522 3322 2574 τά
3369 2524 3819 2594 προῦπηργμένα

2226 2608 2373 2678 ρύπη
2420 2609 2516 2661 καὶ
2568 2608 2891 2678 μολύσματα
2938 2610 3171 2679 δάκρυσι
3214 2612 3311 2663 καὶ
3356 2613 3817 2684 ἑξομολογήσεσιν

2225 2696 2637 2766 ἀνακαθαίρειν,
2675 2700 2770 2750 καὶ
2796 2699 2863 2754 τὰ
2896 2698 2954 2765 ἐξ
2988 2699 3205 2763 ἀδικίας
3256 2703 3355 2772 μὲν
3392 2707 3508 2767 τοῖς
3544 2705 3820 2776 ἠδικημέο

2223 2804 2355 2850 νοις,
2381 2787 2451 2840 τὰ
2482 2790 2546 2841 ὲκ
2581 2789 2805 2857 δικαίων
2830 2789 2889 2841 δὲ
2926 2789 3112 2859 πόρων
3145 2794 3553 2864 προσγινόμενα
3585 2795 3674 2851 διά
3702 2796 3818 2852 τῶν

2228 2877 2464 2948 μετρίων
2492 2877 2816 2948 προπέμψαι
2847 2879 2925 2950 τῷ
2952 2881 3191 2952 Χριστῷ,
3224 2884 3319 2936 καὶ
3343 2883 3519 2949 οὕτως
3546 2888 3820 2959 ὲγκάρπῳ

2224 2964 2319 3021 καὶ
2348 2970 2804 3043 μεμεριμνημένῃ
2836 2970 3094 3044 μετανοίᾳ
3115 2971 3449 3036 ὲξιλεοῦσθαι
3477 2974 3571 3028 τὸν
3590 2979 3817 3048 κριτήν.

2228 3058 2303 3112 Τὸ
2354 3058 2530 3128 γῆρας
2564 3059 2866 3129 πάρεστιν.
2919 3062 2947 3112 ὁ
2994 3061 3172 3131 κῆρυξ
3202 3061 3302 3134 τὴν
3346 3063 3526 3129 ἔξοδον
3577 3066 3819 3138 ὲπιδοᾷν

2242 3146 2552 3201 Ἀπόστολοι
2586 3150 2680 3201 καὶ
2728 3151 3003 3221 προφῆται
3042 3152 3139 3204 καὶ
3166 3152 3275 3215 πᾶς
3300 3151 3444 3217 θεῖος
3470 3152 3818 3220 διδάσκαλος.

2230 3241 2566 3309 μετανοεῖτε,
2597 3240 2808 3313 μεγάλῃ
2843 3240 3212 3312 παραγγέλλει
3246 3246 3422 3315 φωνῇ.
3462 3246 3578 3310 Πᾶς
3616 3248 3645 3300 ὀ
3675 3246 3821 3319 ἔχων

2223 3327 2319 3398 οὖς
2340 3331 2581 3397 ἀκούειν,
2604 3332 2893 3403 εὐτρέπιζε
2916 3333 3049 3403 πρὸς
3085 3332 3183 3403 τὴν
3211 3334 3390 3400 ἔξοδον
3415 3335 3483 3389 τά
3508 3336 3648 3407 ἔργα
3681 3356 3784 3391 σου
3800 3356 3819 3373 ’

2224 3423 2257 3491 ἡ
2293 3420 2401 3492 γὰρ
2431 3423 2616 3494 κρίσις
2640 3424 2809 3492 ἐγγὺς
2830 3425 2926 3478 καὶ
2953 3424 3046 3477 ἐπὶ
3079 3423 3271 3495 θύραις
3304 3425 3412 3480 ἰδοὺ
3441 3428 3470 3480 ὁ
3499 3429 3719 3498 κριτής.

2223 3511 2331 3565 255
2402 3510 2596 3579 Πέρας
2630 3515 2836 3583 λόγου.

2299 3604 2516 3657 Πολλῶν
2549 3605 2643 3658 καὶ
2672 3605 2892 3673 ἀγαθῶν
2923 3606 3018 3660 καὶ
3055 3607 3238 3677 σοφῶν
3265 3606 3438 3677 λόγων
3464 3609 3573 3665 τῶν
3619 3613 3703 3676 εἰς
3742 3614 3823 3667 οί-

2224 3696 2459 3767 κοδομὴν
2487 3696 2667 3768 ψυχῆς
2696 3698 2793 3751 καὶ
2823 3699 3101 3770 σωτηρίαν
3126 3702 3233 3754 ὑπὸ
3260 3702 3359 3772 τῆς
3388 3703 3541 3774 ίερᾱς
3566 3707 3663 3759 καὶ
3694 3708 3819 3761 θεο-

2224 3786 2387 3857 λόγοι)
2412 3787 2663 3858 γλώσσης
2694 3788 3021 3859 είρημένων,
3055 3788 3217 3843 τοῦτο
3257 3791 3435 3862 πέρας
3476 3793 3640 3861 λόγου
3682 3812 3819 3865 συγ-

2227 3877 2689 3948 κεφαλαιούμενος
2714 3922 2717 3923 ν
2740 3880 2862 3941 ταῖς
2892 3879 3057 3933 αὑτοῦ
3076 3879 3337 3950 ,γνώμαις
3369 3884 3464 3935 καὶ
3503 3883 3818 3957 διαμαρτυ-

2230 3968 2371 4038 ρίαις
2404 3968 2574 4031 δεξιὸν
2604 3968 2699 4021 καὶ
2725 3968 2989 4039 σύντομον
3022 3970 3281 4040 ἐπέθηκε,
3322 3972 3507 4043 διττὴν
3541 3970 3684 4028 εἶναι
3726 3976 3819 4029 λέ-

2226 4077 2339 4128 γων
2368 4060 2467 4130 τὴν
2508 4060 2736 4131 ἄρνησιν
2765 4059 2924 4127 Θεοῦ,
2955 4061 3066 4133 ’τὴν
3100 4064 3197 4132 μὲν
3237 4064 3297 4116 ὲν
3336 4064 3501 4134 ἔργῳ,
3535 4066 3635 4137 τὴν
3670 4068 3732 4120 δὲ
3760 4070 3819 4122 ἐν

2226 4150 2389 4220 λόγῳ.
2427 4150 2615 4220 Ἐργῳ
2657 4150 2756 4220 μὲν
2797 4146 2889 4205 οὖν
2918 4151 3211 4223 ἐξήρνηται
3251 4153 3311 4207 τὺ
3352 4155 3507 4208 Θεῖον
3542 4158 3739 4229 ῶσπερ
3765 4161 3815 4213 ot

2228 4240 2369 4293 κατά
2392 4241 2483 4293 τὸν
2510 4239 2720 4311 ἄφρονα
2746 4244 2954 4320 ἐκεῖνον
2998 4245 3306 4315 ὑποκριταὶ,
3343 4247 3542 4311 οἵτινες
3571 4244 3731 4304 εἶπον
3759 4253 3816 4304 ὲν

2228 4329 2447 4402 καρδίᾳ,
2478 4332 2525 4383 εί
2551 4333 2643 4385 καὶ
2677 4331 2752 4403 μὴ
2780 4336 2844 4405 τῇ
2884 4334 3104 4407 γλώσσῃ
3132 4338 3364 4401 ἑαυτῶν,
3389 4339 3467 4409 μὴ
3496 4337 3634 4393 εἶναι
3657 4341 3812 4404 Θεὸν,

2231 4422 2352 4486 δι’,ὃ
2381 4424 2474 4475 καὶ
2499 4422 2867 4496 διεφθάρησαν
2892 4427 2987 4479 καὶ
3013 4428 3071 4479 ὲν
3096 4429 3345 4500 ἀνομίαις
3371 4430 3777 4503 ὲὸδελύχθησαν
3796 4448 3812 4465 ·

2230 4512 2377 4583 ἔργῳ
2429 4513 2529 4584 μὲν
2574 4514 2747 4578 οὕτως
2800 4518 2834 4586 ἡ
2884 4517 3113 4587 ἄρνησις
3155 4520 3505 4574 ἐπιτελεῖται.
3559 4522 3722 4592 Λόγῳ
3760 4522 3815 4577 δὲ

2233 4603 2396 4658 πάλιν
2440 4604 2519 4677 τῷ
2562 4606 2661 4675 τὴν
2687 4608 3312 4681 ἀποστολικὴνδιδαχὴν
3365 4612 3456 4663 καὶ
3496 4613 3605 4666 τῶν
3652 4614 3814 4668 θείων

2233 4692 2490 4763 Πατέρων
2532 4694 2645 4766 τὴν·
2671 4695 2949 4765 θεολογίαν
2995 4700 3409 4767 ἀπαναίνεσθαι,
3446 4704 3480 4774 ἢ
3513 4703 3649 4773 πρὸς
3690 4705 3815 4757 Ἰου-

2232 4783 2424 4853 δαῖκὴν
2454 4785 2710 4840 ἀπιστίαν
2739 4789 3204 4861 ὑποφερομένους,
3241 4794 3274 4863 ἢ
3320 4795 3456 4866 πρὸς
3492 4795 3813 4866 Ἑλληνικὴν

2234 4872 2594 4938 ἀπονεύοντας
2648 4877 2933 4933 πολυθεϊαν
2977 4882 3074 4934 καὶ
3125 4883 3414 4948 ἀσέϐειαν,
3460 4886 3492 4956 ἢ
3539 4884 3678 4957 πρὸς
3728 4887 3813 4939 αἱς

2236 4966 2456 5036 ρετικὴν
2504 4968 2779 5023 ἀπώλειαν
2818 4972 2911 5025 καὶ
2957 4972 3277 5029 δυσσέϐειαν
3325 4942 3811 5041 ἐξολιάθαίνοντας.
3890 5013 3897 5017 ~

2233 5054 2305 5107 Σὺ
2340 5053 2432 5110 οὖν
2470 5060 2803 5129 πανταχόθεν
2834 5063 3056 5117 σεαυτὸν
3079 5067 3458 5135 περισκοπῶν,
3494 5066 3571 5139 μὴ
3599 5066 3815 5139 κλαπῇς

2234 5143 2337 5196 ὑπὸ
2393 5145 2487 5198 τοῦ
2540 5148 2847 5217 Δυσμενοῢς
2899 5150 3182 5231 ἀοράτως,
3229 5156 3325 5208 καὶ
3380 5155 3469 5209 ἀεὶ
3520 5155 3813 5225 λαθριδίοις

2232 5235 2606 5306 παλαίσμασιν
2649 5238 3049 5313 ἐνεδρεύοντας,
3093 5243 3188 5298 καὶ
3233 5245 3537 5309 διώκοντος,
3590 5246 3691 5298 καὶ
3739 5247 3813 5307 είς

2234 5326 2453 5395 βόθυνον
2485 5328 2595 5381 τῶν
2634 5331 2939 5400 εἰρημένων
2985 5334 3267 5404 ἀρνήσεων
3310 5334 3571 5405 θηρεῦσαί
3620 5352 3685 5388 σε
3723 5337 3810 5389 καὶ

2231 5418 2339 5469 ἀπο
2387 5415 2615 5489 [λέσαι]
2664 5422 2776 5491 (15)
2828 5423 2977 5492 πάσῃ
3034 5425 3426 5493 μηχανωμένου
3485 5426 3692 5498 σπουδῇ
3720 5468 3735 5492 ,
3783 5428 3811 5479 ὸ

2231 5509 2580 5577 ἀγαθώτατος
2604 5513 2792 5585 Πατὴρ
2820 5517 3080 5570 νουθετεῖ.
3108 5518 3345 5589 Πρόσεχε
3363 5515 3457 5574 οὖν
3479 5522 3687 5590 ἀμφοῖν
3709 5521 3809 5575 τῶν

2228 5602 2576 5659 ἀποπασιῶν
2611 5607 2922 5663 παντάπασι
2952 5608 3464 5671 ἀποδιαστέλλεσθαι
3501 5612 3595 5666 καὶ
3622 5612 3809 5687 ἀφορί-
