4020 6302
241 389 342 448 δτι

241 507 558 578 ιυστοχοῦσι
601 502 694 558 τοῦ
734 503 1110 575 ἐλπιζομένου.
1141 507 1202 558 Ei
1231 507 1339 577 γὰρ
1361 504 1440 562 τὰ
1471 508 1700 576 σάρκινα
1733 509 1826 561 καὶ

239 597 476 668 φθαρτὰ,
503 597 754 659 πλοῦτος,
787 597 950 665 φημὶ,
996 595 1089 647 καὶ
1116 595 1280 666 ἡδονὴ
1314 598 1407 650 καὶ
1433 595 1579 661 δόξα,
1615 599 1726 660 τοῖς
1758 597 1824 650 τά

240 687 462 754 ἐπίγεια
484 685 772 756 φρονοῦσιν
797 686 876 746 εἰς
897 683 1086 736 ἐλπίδα
1124 685 1490 755 προτιθέμενα
1517 689 1628 749 τοῖς
1648 685 1827 739 αὐτῶν

241 775 594 848 συνεργοῦσιν
624 777 882 850 ἐρασταῖς
913 775 1003 827 καὶ
1034 774 1441 840 κατευθύνουσι,
1473 775 1587 838 πῶς
1617 776 1676 827 ού
1710 774 1829 828 πολ-

239 867 319 938 λῷ
372 868 710 938 δικαιότερον
756 867 850 919 καὶ
893 867 1003 929 τοῖς
1032 865 1126 919 τοῦ
1159 866 1322 918 καλοῦ
1357 867 1449 918 καὶ
1491 865 1593 935 τῆς
1630 866 1829 936 ἀρετῆς

232 959 506 1029 ἐργάταις
548 960 646 1027 τὴν
675 957 814 1010 κατά
841 956 973 1009 Θεὸν
1001 956 1189 1009 ὲλπίδα
1216 957 1525 1027 συνεργεῖν,
1565 957 1656 1009 κα)⁸
1695 958 1829 1028 πρὸς

240 1049 303 1102 τὸ
333 1048 588 1118 βραϐεῖον
631 1048 730 1118 τῆς
775 1047 886 1102 ἄνω
922 1047 1164 1115 κλήσεως
1207 1047 1498 1100 συντείνειν
1547 1048 1689 1101 κατά
1738 1047 1829 1101 τὸν

242 1139 482 1204 σκοπόνς
518 1138 792 1209 ἀφόρητον
821 1138 929 1208 γὰρ
954 1137 1115 1205 ἄλγος
1145 1137 1332 1206 ἔμοιγε
1359 1138 1452 1190 καὶ
1479 1138 1700 1212 ἀνιαρὸν
1732 1138 1830 1207 οὐχ

241 1231 444 1300 ἥκιστα
472 1229 804 1299 παρίσταται
835 1227 1121 1297 νικωμένῳ
1160 1226 1265 1279 ὑπὸ
1290 1226 1384 1280 τοῦ
1417 1227 1602 1281 καλοῦ.
1635 1229 1831 1298 Είγάρ

239 1321 311 1375 τὰ
355 1319 600 1391 μωμητά
646 1320 752 1372 τῶν
813 1309 1154 1389 ἁμαρτωλῶν
1182 1317 1318 1388 ἔργα
1375 1320 1468 1371 καὶ
1513 1319 1659 1373 κακά
1709 1336 1833 1372 συν-

242 1408 536 1482 εργοῦνται
574 1409 668 1463 καὶ
705 1407 1141 1472 κατευοδοῦνται,
1175 1407 1244 1461 τὰ
1274 1407 1425 1474 δεξιά
1449 1408 1504 1460 δὲ
1530 1411 1623 1461 καὶ
1656 1407 1833 1476 ἁγαθά

241 1499 600 1552 διαπίπτουσι
645 1500 760 1560 τοῖς
808 1495 1195 1566 ἐργαζομένοις
1223 1495 1364 1550 αὐτὰ
1401 1496 1496 1549 καὶ
1522 1497 1830 1567 ἀστοχοῦσι,

243 1590 368 1654 πῶς
391 1591 620 1656 ὑποίσω,
649 1588 804 1661 φησι,
830 1587 928 1659 τὴν
960 1583 1129 1658 ἧτταν
1155 1587 1249 1641 τοῦ
1277 1587 1440 1642 καλοῦ
1463 1606 1478 1650 ;

241 1679 355 1736 217
421 1680 600 1750 Ἡγοῦ
633 1682 823 1749 τύχης
849 1681 1149 1748 φρόνησιν
1175 1677 1666 1747 ἀσφαλεστέραν.
1726 1661 1730 1664 ν

318 1772 473 1842 Τύχη
507 1771 607 1843 μὲν
653 1771 711 1824 τὸ
751 1756 1074 1840 αὐτοῖιάτως
1111 1769 1310 1823 οὑτωσὶ
1339 1770 1433 1822 καὶ
1476 1768 1634 1836 λόγου
1667 1765 1834 1837 χωρὶς

246 1863 550 1935 συμϐαῖνον
576 1860 877 1931 ἐπεκλήθη,
907 1861 1168 1931 φρόνησις
1192 1861 1248 1914 δὲ
1288 1860 1348 1912 τὸ
1380 1859 1518 1930 μετά
1545 1857 1702 1927 λόγου
1743 1858 1832 1928 ὀρ-

246 1955 347 2011 θοῦ
381 1956 476 2008 καὶ
507 1955 774 2017 συνέσεως
799 1953 1102 2023 γινόμενον,
1141 1953 1198 2004 ὲν
1224 1944 1259 2024 ᾖ
1293 1950 1544 2020 καθάπερ
1575 1948 1755 2007 πλοῖον
1781 1949 1837 2001 ὲν

247 2048 496 2118 θαλάσσῃ
522 2047 601 2118 τῷ
621 2047 766 2100 οῐακι
795 2046 1234 2116 πηδαλιουχεῖται
1260 2044 1352 2098 καὶ
1378 2044 1455 2114 τῷ
1479 2039 1653 2113 λιμένι
1678 2056 1841 2111 προσ-
1881 2058 1884 2061 ·

248 2137 561 2213 ορμίξεται,
598 2136 770 2200 οὕτως
792 2139 820 2190 ὁ
847 2135 972 2199 νοῦς
1006 2139 1066 2189 ὲν
1100 2139 1167 2207 τῇ
1199 2137 1457 2213 φρονήσει
1485 2134 1553 2188 τά
1580 2134 1684 2204 ἤθη
1724 2135 1842 2187 δια-

249 2211 534 2301 πυδερνῶν
563 2229 678 2298 έτῆς
723 2227 901 2297 ψυχῆς
944 2227 1038 2280 καὶ
1084 2211 1559 2297 «summa»;
1598 2225 1690 2277 τὸν
1728 2223 1841 2277 ἀνω

248 2319 454 2391 λιμένα
475 2318 812 2373 κατευθύνει.
858 2317 1076 2388 Ἐπειδὴ
1104 2316 1281 2370 τοίνυν
1299 2315 1389 2370 διὰ
1409 2316 1506 2386 τῆς
1529 2307 1841 2386 φρονήσεως

251 2411 289 2482 ἡ
314 2411 523 2482 ἀληθὴς
555 2411 795 2481 σωτηρία
825 2413 939 2472 τοῖς
965 2408 1291 2478 σωζομένοις
1318 2409 1640 2477 ἐνεργεῖται,
1670 2407 1744 2477 μὴ
1772 2409 1840 2477 τῇ

250 2499 439 2569 ἀλόγῳ
481 2497 714 2569 πρόσεχε
757 2497 911 2570 τύχῃ.
945 2495 1039 2553 καὶ
1070 2499 1138 2566 τῇ
1178 2493 1357 2568 κούφῃ
1383 2495 1477 2549 καὶ
1499 2495 1707 2566 ἀκρίτῳ
1732 2494 1842 2548 τῶν

252 2589 432 2660 λόγων
473 2589 568 2643 καὶ
601 2589 708 2642 τῶν
745 2587 1024 2658 λογισμῶν
1057 2587 1375 2658 ματαιότητι
1419 2586 1842 2657 περιφερόμενος

253 2681 395 2752 (pip:
410 2680 505 2734 καὶ
521 2680 710 2750 φέρου,
724 2682 790 2750 τῇ
808 2677 914 2732 τῶν
933 2677 1235 2748 ἀνθρώπιον
1251 2677 1446 2745 κυδείᾳ
1460 2677 1845 2747 συνελκόμενος

255 2772 358 2827 καὶ
372 2770 772 2840 δελεαζόμενος·
798 2769 1064 2838 σφαλερὸν
1083 2767 1211 2837 γάρ·
1235 2765 1372 2821 ἀλλά
1393 2766 1493 2836 τῆς
1511 2765 1847 2828 παιδεύσεως

256 2862 364 2933 τῆς
385 2864 444 2915 ὲν
476 2864 585 2925 τοῖς
637 2860 834 2928 λόγοις,
890 2859 1088 2928 μᾶλλον
1139 2858 1194 2910 δὲ
1223 2857 1322 2926 τῆς
1363 2856 1606 2917 παιδείας
1640 2856 1844 2927 Κυρίου

252 2953 363 3024 τῆς
397 2951 488 3005 διὰ
509 2952 618 3004 τῶν
647 2948 875 3003 ἐντολῶν
915 2948 1010 3001 καὶ
1047 2947 1247 3018 ἀρετῆς
1283 2946 1447 3017 μηδὲν
1485 2939 1624 2997 εἶναι
1656 2947 1845 3015 κρεῖσ-

259 3060 360 3097 σον
393 3043 631 3109 ὑπονόει,
660 3041 727 3094 δι’
757 3032 832 3095 ὧν
866 3038 1129 3110 ήάληοὴς
1165 3036 1423 3107 φρόνησις
1462 3036 1556 3090 καὶ
1600 3035 1848 3106 ἀσφαλὴς

259 3131 508 3204 σωτηρία
527 3134 639 3196 τοῖς
667 3129 992 3200 σωζομένοις
1015 3126 1373 3199 περιγίνεται.
1396 3125 1574 3180 Τάλλα
1595 3125 1691 3196 μὲν
1711 3124 1842 3194 γὰρ,

256 3224 368 3279 ὅσα
406 3241 490 3286 τις
533 3223 601 3275 ἂν
629 3222 722 3274 καὶ
756 3219 920 3272 οῐοιτο
965 3216 1300 3288 κεκτῆσθαι,
1347 3215 1450 3270 κᾶν
1482 3215 1671 3286 κτῆμα
1692 3256 1708 3279 ,
1743 3216 1847 3270 κᾶν

259 3314 496 3392 χρῆμα,
547 3312 652 3365 κᾶν
704 3310 1001 3382 ἱματισμὸν
1054 3310 1212 3380 είπῃς
1246 3306 1546 3377 πολυτελῆ,
1602 3306 1747 3361 ναῶν
1789 3323 1847 3358 τε

259 3404 552 3474 οἰκοδομὰς
577 3404 672 3456 καὶ⁵
703 3401 962 3473 κειμήλια
983 3400 1076 3453 καὶ
1109 3400 1463 3470 μοναστήρια,
1486 3398 1578 3451 καὶ
1599 3395 1858 3462 καθάπαξ

261 3497 464 3558 ε-ίπεϊν,
491 3495 590 3547 ὅσα
613 3493 720 3546 ἀπὸ
748 3493 851 3562 γῆς
892 3490 1079 3544 ἀλλοτε
1111 3489 1313 3551 ἀλλοις,
1348 3486 1442 3540 καὶ
1472 3485 1534 3538 ού
1562 3486 1675 3547 τοῖς
1706 3483 1850 3554 ἔχειν

260 3583 516 3639 δοκοῦσιν
536 3579 909 3651 ἑτοιμάζεται’
948 3577 1082 3648 μόνη
1107 3577 1217 3647 δὲὴ
1242 3574 1522 3638 παίδευσις
1548 3572 1722 3626 οίκεία
1743 3571 1850 3625 τῶν

266 3674 626 3745 κεκτημένων
658 3672 832 3742 μόνων
861 3670 978 3723 ἐστὶ
1041 3669 1137 3722 καὶ
1189 3667 1393 3738 βιοῦσιν
1447 3664 1680 3720 ἐνταῦθα
1723 3664 1851 3735 ἀχρι

262 3764 458 3827 τέλους
549 3762 966 3834 συνυπάρχουσα
1055 3762 1151 3814 καὶ
1248 3757 1650 3812 ἀποδιώσκουσι
1728 3772 1854 3808 συνρ

264 3855 534 3926 ετοομένη.

264 3993 371 4050 2‘21
423 3992 493 4047 Τὸ
519 3989 846 4058 δραστικὸν
873 3987 1114 4042 δείκνυε
1135 3984 1221 4054 μὴ
1245 3982 1326 4049 τῷ
1359 3980 1508 4052 δρᾷν
1529 3979 1746 4046 κακῶς,

269 4064 386 4118 ΞΒ
430 4060 515 4126 Τῷ
537 4056 589 4114 δ’
621 4056 691 4114 εὖ
719 4076 775 4112 τι
803 4058 1016 4111 ποιεῖν.

351 4172 501 4226 Εἰσὶν
531 4171 808 4242 ἄνθρωποι
838 4168 1164 4238 θερμότατοι
1216 4165 1275 4217 ἐν
1326 4163 1508 4234 ἔργοις
1553 4163 1731 4216 αὐτῶν
1763 4161 1857 4216 καὶ

269 4265 592 4340 δραστήριοι
660 4261 754 4317 καὶ
808 4258 1186 4332 ὲνεργέστατοι
1213 4275 1226 4289 ·
1275 4255 1495 4320 ὀξύτητι
1544 4254 1603 4307 δὲ
1647 4253 1897 4322 φύσεως,

272 4355 550 4432 χρώμενοι
583 4353 677 4406 καὶ
704 4350 1073 4422 μγαλοφυῖᾳ,
1113 4345 1521 4419 χρησιμώτατοι
1550 4345 1857 4415 κληΐζονται

276 4445 499 4510 πολλοῖς
519 4461 534 4477 ’
566 4445 616 4498 οἶ
646 4443 742 4521 καὶ
771 4440 1069 4512 βασιλείας,
1101 4439 1196 4493 καὶ
1223 4436 1736 4508 στρατοπεδαρχίας.
1765 4435 1859 4489 καὶ

272 4535 578 4610 ἡγεμονίας
628 4534 686 4586 εν
723 4530 914 4600 κόσμῳ
942 4528 1286 4600 διαφέροντες
1335 4526 1584 4590 ἐπιπολὺ,
1750 4524 1862 4578 θεοὶ

273 4623 543 4696 τιμᾶσθαι
569 4621 704 4694 πρὸς
741 4618 850 4672 τῶν
894 4617 1220 4688 ὑποχειρίων
1249 4616 1512 4681 ἀξιοῦσιν.
1559 4617 1700 4687 Πρὸς
1736 4616 1864 4678 τοὺς

274 4713 552 4776 τοιούτους
587 4713 616 4765 δ
649 4697 1002 4772 θεόπνευστος
1041 4706 1166 4770 νοῦς
1193 4707 1629 4779 ἀποτεινόμενος,
1661 4707 1753 4778 Μὴ
1786 4705 1864 4777 τῷ

275 4806 434 4880 δρᾷν,
468 4803 593 4872 ἔφη,
626 4800 812 4863 κακῶς
840 4800 937 4853 καὶ
974 4797 1087 4851 τῶν
1117 4795 1358 4850 ἀσθενῶν
1387 4795 1742 4867 κατατρέχειν
1771 4797 1866 4849 καὶ

280 4894 517 4966 πτωχῶν
537 4894 598 4947 τὸ
622 4891 993 4963 μεγαλουργὸν
1021 4888 1358 4943 ἑπιδείκνυσο
1380 4888 1442 4940 τδ
1464 4888 1866 4957 δραστικὸνκαὶ

281 4985 527 5056 ὲνεργὲς,
559 4981 637 5052 τῷ
677 4980 983 5053 εὐεργετεῖν
1015 4980 1074 5033 δὲ
1098 4979 1192 5033 καὶ
1216 4977 1358 5032 tta/r3:
1385 4978 1611 5049 μίμησιν
1634 4977 1728 5031 τοῦ
1760 4978 1866 5032 τῶν

280 5078 423 5133 δλων
465 5064 602 5128 Θεοῦ
641 5072 702 5126 τὸ
744 5072 907 5127 καλὸν
956 5073 1132 5126 ποιεῖν
1166 5070 1258 5124 καὶ
1288 5069 1511 5138 ἀγαθόν.
1561 5069 1734 5122 Τοῦτο
1772 5067 1868 5122 καὶ

287 5167 414 5224 θεὸν
442 5166 539 5220 καὶ
563 5165 681 5218 υἱόν
714 5181 774 5217 σε
801 5161 937 5216 Θεοῦ
968 5162 1208 5216 δείκνυσι
1236 5162 1305 5216 δι’
1337 5160 1675 5231 ὁμοιώσεωςο
1710 5159 1869 5213 τοῦτό

285 5262 414 5313 ἔστι
439 5259 535 5322 καὶ
563 5257 754 5327 ἀνδρὸς
775 5253 973 5318 εἰδότος
993 5253 1054 5307 τὸ
1078 5253 1345 5321 συγγενὲς
1361 5250 1682 5324 ἀνθρώπου·
1711 5249 1871 5304 τοῦτο

287 5353 451 5422 ἔργον
476 5347 595 5402 ἐστὶ
619 5349 720 5418 τὴν
751 5345 1097 5416 ἀνθρωπίνην
1145 5343 1520 5413 ταλαιπωρίαν
1547 5340 1867 5410 ἐγνωκότος,

287 5442 389 5498 καὶ
411 5441 512 5512 οὐχ
535 5438 970 5511 ὑπεραιρομένου
1001 5434 1145 5490 κατὰ
1170 5436 1295 5499 τοὺς
1329 5432 1588 5506 ὑϐριστὰς
1615 5434 1711 5485 καὶ
1741 5431 1874 5484 ἀλα-

289 5533 474 5603 ζόνας,
497 5529 637 5587 ἀλλά
658 5531 1122 5604 Χριστομιμήτως
1149 5529 1330 5592 αὐτοῖς
1353 5525 1874 5598 συγκαταϐαίνοντος

289 5625 392 5682 καὶ
417 5624 517 5687 τὰς
542 5622 721 5676 αὐτῶν
743 5621 1026 5685 ἀσθενείας
1051 5621 1386 5691 διανέχοντος
1405 5634 1420 5650 ο
1449 5619 1509 5672 τὸ
1534 5619 1874 5672 ἀποκτείνειν

291 5715 355 5770 δὲ
381 5715 477 5770 καὶ
503 5711 793 5784 πτωχίξειν
817 5712 912 5766 καὶ
933 5712 1315 5781 ταλαιπωρεῖν,
1333 5710 1466 5763 Θεοῦ
1487 5710 1584 5779 μὲν
1603 5710 1703 5762 οὐκ
1727 5707 1874 5773 ἀξιον

291 5805 744 5878 φλανθρωπίας,
792 5802 995 5873 θηρίων
1039 5801 1096 5856 δὲ
1147 5801 1368 5856 ἰοϐόλων
1405 5802 1600 5854 οίκεῖον
1633 5800 1692 5852 τὸ
1738 5801 1872 5854 ἀπο-

1260 387 1324 443 IN
1363 387 1678 447 CARMlNA
1718 388 1997 444 ARCANA
2038 388 2096 443 S.
2139 387 2489 445 GREGORII.

3415 394 3528 450 κειιι

1936 508 2005 562 lia
2035 516 2086 561 et
2119 505 2522 576 corruptibilia,
2550 503 2774 569 divitiae,
2807 503 3052 576 inquam,
3095 514 3150 562 et
3181 509 3454 582 voluptas
3468 523 3526 569 et

1928 597 2123 667 gloria,
2168 598 2236 654 iis
2270 597 2362 668 qui
2403 596 2686 651 terrestria
2719 596 2966 667 cogitant
3010 599 3065 652 in
3111 615 3264 670 spem
3319 618 3519 673 prepo.

1933 686 2062 750 sita,
2089 688 2463 756 operationem
2500 688 2784 742 concitant
2817 698 3126 742 amatorum
3161 691 3410 762 ipsisque
3433 694 3521 748 di-

1928 778 2228 832 rectionem
2263 777 2602 847 imprimunt,
2636 777 2916 848 quomodo
2950 794 3071 834 non
3097 783 3274 836 multo
3317 782 3526 852 justius

1928 877 1982 921 et
2015 869 2146 924 boni
2176 870 2505 940 virtutisque
2534 870 2802 940 cperariis
2819 871 3240 928 incitamentum
3264 875 3374 929 erit
3400 891 3532 946 spes

1930 958 1986 1012 in
2032 957 2304 1025 Deum,et
2327 960 2462 1015 eniti
2518 960 2585 1014 ad
2629 961 2880 1016 bravium
2935 978 3188 1034 superne
3226 966 3522 1023 electionis

1923 1048 2082 1117 juxta
2111 1063 2336 1117 scopum
2369 1048 2842 1121 faciet?Namque
2872 1052 3238 1110 intolerabilis
3268 1056 3433 1112 dolor
3463 1066 3522 1114 et

1933 1140 2251 1210 i‘mpatibilis
2278 1142 2407 1195 mihi
2438 1156 2547 1195 non
2579 1143 2802 1199 minime
2832 1144 3104 1201 incumbit
3120 1147 3266 1203 victo
3292 1164 3321 1202 a
3356 1151 3522 1205 bono.

1935 1230 1995 1286 Si
2028 1230 2171 1285 enim
2210 1232 2377 1286 noxia
2406 1237 2764 1310 peccatorum,
2793 1249 2957 1304 opera
2984 1244 3042 1292 et
3069 1238 3212 1291 mala
3255 1239 3391 1311 ipsis
3419 1243 3528 1294 uti—

1932 1323 2002 1377 lia
2036 1333 2168 1377 sunt
2200 1330 2253 1377 et
2281 1325 2419 1379 bene
2470 1334 2887 1394 prosperantur,
2920 1336 3069 1382 recta
3093 1337 3277 1385 autem
3308 1339 3364 1386 et
3382 1332 3526 1387 bona

1934 1415 2077 1469 male
2107 1416 2412 1470 succedtmt
2436 1415 2796 1485 operantibus
2827 1424 2881 1488 et
2927 1416 3222 1473 infeliciter
3252 1437 3530 1490 peragunt.

1936 1506 2334 1576 tur,quomodo
2362 1509 2492 1562 boni
2526 1509 2824 1565 adversum
2869 1523 3060 1564 casqu
3096 1510 3241 1567 ferre
3300 1513 3528 1583 potero?

1944 1682 2052 1737 217
2091 1681 2335 1738 Fortuna
2362 1686 2700 1752 prudentiam
2743 1689 2998 1743 existima
3022 1691 3290 1743 tutiorem.

1920 1845 1931 1854 _
2006 1772 2140 1828 Sors
2163 1775 2386 1842 quidem
2419 1776 2563 1846 quod
2598 1784 2793 1848 sponte
2823 1787 2876 1834 et
2917 1779 3283 1836 indeliberate
3329 1783 3532 1838 accidit

1939 1873 2187 1928 vocatur,
2218 1866 2510 1934 prudentia
2545 1883 2676 1922 vero
2708 1867 2855 1938 quod
2887 1884 3014 1924 cum
3038 1870 3438 1927 deliberatione
3470 1874 3527 1927 lit

1938 1959 1992 2005 et
2023 1954 2383 2008 conscientia.
2412 1954 2585 2010 Porro
2614 1957 3080 2026 quemadmodum
3123 1961 3279 2016 navis
3307 1962 3362 2015 in
3392 1963 3532 2017 mari

1939 2056 2037 2110 per
2085 2043 2518 2113 gubernaculum
2555 2045 2766 2115 regitur
2801 2056 2854 2100 et
2891 2045 2960 2099 ad
3006 2054 3221 2116 portum
3266 2049 3536 2105 subduci~

1938 2141 2047 2193 tur,
2073 2132 2154 2186 sic
2186 2131 2417 2201 spiritus
2457 2133 2747 2202 prudentia
2781 2133 2957 2197 frctus
2981 2150 3163 2191 mores
3208 2136 3408 2192 animus
3432 2153 3533 2208 gu-

1938 2223 2132 2276 bernat
2165 2229 2218 2276 et
2248 2223 2465 2276 clavum
2512 2232 2705 2278 tenens
2743 2224 2809 2284 ad
2853 2239 3154 2296 supernum
3190 2235 3407 2296 portum
3449 2228 3537 2284 di-

1941 2315 2095 2375 rigit.
2127 2313 2264 2367 Cum
2295 2328 2428 2385 ergo
2474 2330 2570 2385 per
2601 2314 2952 2384 prudentiam
2994 2316 3222 2372 salvatis
3264 2333 3526 2388 cooperc-

1943 2413 2032 2458 tur
2060 2405 2211 2459 salus
2237 2420 2386 2468 vera,
2419 2421 2490 2461 ne
2544 2406 2850 2461 irrationali
2886 2406 3052 2462 cedas
3088 2406 3225 2461 sorti
3251 2424 3354 2463 nec
3390 2409 3534 2464 futili

1943 2500 1997 2549 et
2023 2493 2444 2549 inconsiderata:
2473 2496 2764 2550 verborum
2796 2503 2854 2550 et
2885 2496 3162 2550 rationum
3191 2499 3422 2552 vanitati
3448 2499 3538 2570 ja-

1943 2591 2128 2640 ctatus
2158 2593 2212 2638 te
2246 2584 2414 2648 l'eras,
2444 2599 2545 2639 nec
2591 2584 2725 2640 l'crri
2759 2587 2993 2656 patiaris
3026 2587 3313 2643 hominum
3371 2591 3540 2647 vicis-

1945 2674 2282 2730 situdinibus
2316 2684 2510 2745 raptus
2551 2683 2606 2730 et
2637 2677 2897 2743 illectus;
2948 2677 3324 2746 periculosum
3361 2682 3534 2746 enim,

1945 2764 2039 2822 sed
2064 2766 2413 2820 documentis
2436 2767 2489 2820 in
2518 2767 2738 2830 litteris,
2771 2769 3058 2840 magisque
3082 2770 3396 2842 disciplinis
3431 2773 3539 2828 Do-

1945 2859 2087 2912 mini
2109 2859 2412 2912 secundum
2458 2857 2714 2913 mandata
2763 2867 2818 2914 et
2855 2860 3111 2915 virtutem
3159 2863 3294 2916 nihil
3337 2865 3538 2922 melius

1945 2962 2070 3003 esse
2096 2956 2309 3018 reputa,
2346 2964 2444 3017 per
2479 2963 2602 3017 quae
2625 2963 2751 3004 vera
2787 2951 3080 3020 prudentia
3130 2960 3188 3010 et
3221 2963 3338 3008 tuta
3386 2957 3539 3012 salus

1948 3037 2172 3092 salvatis
2201 3037 2279 3092 lit.
2333 3038 2409 3093 De
2438 3040 2563 3094 aliis
2614 3055 2746 3094 vero
2793 3041 2983 3105 rebus,
3031 3051 3303 3113 quotquot
3349 3048 3537 3113 possi-

1965 3125 2096 3180 dere
2125 3127 2306 3196 quivis
2345 3129 2736 3192 arbitraretur,
2766 3130 2883 3184 sive
2917 3130 3204 3187 facultates
3248 3135 3365 3190 sive
3397 3136 3540 3192 bona

1949 3211 2066 3268 sive
2090 3214 2478 3283 opulentorum
2529 3218 2988 3273 vestimentorum
3039 3235 3334 3291 apparatus
3381 3227 3543 3282 dixe-

1949 3303 2048 3366 ris,
2087 3305 2414 3373 templorum
2448 3314 2764 3362 structuras
2807 3316 2862 3364 et
2911 3307 3207 3366 thesauros
3241 3321 3294 3366 et
3346 3329 3540 3369 mona-

1958 3394 2143 3458 steria,
2176 3403 2227 3448 et
2257 3411 2377 3449 uno
2406 3395 2586 3450 verbo
2621 3405 2954 3466 quaecunque
2971 3409 3137 3467 super
3150 3403 3375 3467 terram,
3402 3406 3540 3462 alias

1951 3481 2073 3534 aliis
2103 3489 2158 3535 et
2187 3482 2254 3538 iis
2283 3483 2374 3552 qui
2411 3498 2520 3537 non
2545 3483 2802 3538 videntur
2834 3499 2897 3538 ea
2932 3484 3138 3541 habere
3181 3488 3234 3542 in
3277 3503 3538 3563 promptu

1953 3581 2115 3639 Sunt;
2151 3575 2267 3628 sola
2319 3575 2616 3644 disciplina
2665 3578 2888 3646 propria
2917 3584 3004 3633 est
3032 3577 3255 3635 illorum
3294 3584 3541 3641 solorum

1952 3665 2042 3735 qui
2083 3680 2202 3719 eam
2261 3664 2568 3733 possident,
2616 3674 2671 3720 et
2723 3667 3038 3724 viventibus
3095 3670 3149 3724 in
3185 3673 3290 3726 hoc
3333 3675 3543 3732 mundo

1954 3769 2186 3810 consors
2238 3769 2418 3824 usque
2473 3755 2540 3809 ad
2600 3754 2764 3812 tinem
2809 3766 2917 3825 est,
2969 3758 3414 3834 decedentesque
3449 3779 3543 3821 se-

1954 3845 2164 3916 quitur.

2099 3980 2864 4059 ljotenliam‘tuompstende,
2897 4003 3002 4041 non
3034 3990 3176 4044 male
3203 3990 3471 4059 ludendo,

1957 4048 2066 4104 222
2105 4049 2217 4104 Sed
2237 4053 2362 4105 bene
2395 4052 2671 4120 faciendo.

2032 4160 2174 4214 Sunt
2219 4159 2481 4217 homines
2533 4160 2908 4217 ardentissimi
2963 4161 3016 4217 in
3062 4165 3280 4223 actibus
3329 4169 3446 4226 suis
3490 4178 3546 4226 et

1959 4252 2197 4324 operarii
2221 4259 2281 4307 et
2310 4251 2471 4306 valde
2503 4251 2840 4316 laborantes,
2863 4253 3073 4324 ingenii
3103 4259 3360 4313 acumine
3391 4268 3549 4315 uten-

1958 4351 2046 4398 tes
2095 4351 2149 4396 et
2207 4341 2658 4409 magnanimitate
2704 4341 3021 4408 superiores
3069 4357 3102 4396 a
3159 4344 3350 4410 multis
3403 4347 3550 4401 celer

1963 4430 2218 4494 bran-tur,
2249 4428 2343 4497 qui
2372 4428 2521 4498 regia
2552 4434 2828 4497 potestate
2863 4437 2919 4484 et
2952 4431 3293 4490 exercituum
3318 4433 3556 4502 imperio

1965 4528 2018 4576 et
2040 4519 2418 4575 dominatione
2443 4519 2731 4574 inmundo
2772 4520 3003 4580 multum
3038 4531 3382 4590 pmstantes,
3421 4530 3548 4578 tan-

1966 4628 2129 4682 quam
2174 4610 2251 4665 dii
2294 4625 2323 4664 a
2370 4609 2608 4666 subditis
2658 4610 2923 4665 honorari
2974 4611 3232 4666 ali‘cctant
3265 4630 3278 4666 :
3317 4613 3371 4667 in
3409 4630 3552 4682 quos

1968 4705 2103 4760 tales
2127 4701 2435 4774 procedens
2472 4702 2702 4772 spiritus
2731 4716 2759 4754 a
2785 4701 2894 4756 Deo
2922 4701 3223 4770 inspiratus
3253 4702 3393 4758 dixit
3425 4723 3440 4757 :
3470 4702 3550 4760 Ne

1966 4799 2022 4852 in
2077 4795 2218 4850 male
2267 4792 2520 4848 faciendo
2569 4800 2624 4847 et
2669 4792 2881 4847 debiles
2933 4805 3315 4862 pauperesquc
3366 4794 3565 4863 Oppri-

1968 4883 2169 4941 mendo
2201 4885 2460 4939 ostendas
2487 4892 2539 4937 te
2570 4883 2639 4936 ad
2687 4897 2883 4953 magna
2928 4889 3240 4952 promptum
3287 4892 3340 4937 et
3390 4882 3552 4936 fortia

1967 4991 2156 5048 opera,
2193 4976 2288 5032 sed
2336 4977 2393 5031 in
2450 4973 2865 5043 benefaciendo,
2914 4979 2968 5027 et
3011 4972 3079 5026 ad
3121 4971 3214 5028 Dei
3261 4972 3560 5028 universo-

1967 5085 2088 5123 rum
2123 5067 2485 5123 imitationem
2515 5065 2720 5119 bonum
2765 5070 2823 5118 et
2864 5070 3074 5118 rectum
3106 5063 3320 5129 agendo
3357 5081 3370 5119 :
3407 5063 3553 5131 quod

1968 5166 2024 5214 et
2067 5160 2228 5214 deum
2261 5164 2317 5212 et
2378 5155 2548 5209 ﬁlium
2580 5153 2675 5210 Dei
2707 5163 2760 5208 te
2795 5168 2891 5221 per
2921 5152 3338 5208 similitudinem
3368 5162 3558 5208 osten-

1970 5248 2086 5313 dit;
2120 5247 2223 5301 hoc
2261 5253 2345 5302 est
2379 5245 2480 5299 viri
2512 5244 2740 5300 scientia
2765 5243 2896 5314 quid
2931 5243 3139 5297 homini
3174 5243 3422 5296 innatum
3450 5251 3557 5303 est,

1972 5339 2076 5392 hoc
2099 5353 2238 5408 opus
2283 5337 2432 5392 illius
2461 5336 2556 5406 qui
2602 5336 2900 5390 humanam
2942 5332 3223 5388 miseriam
3266 5330 3420 5385 novit
3455 5347 3560 5384 nec

1972 5429 2255 5486 extollitur
2313 5443 2467 5483 more
2518 5427 2895 5498 arrogantium
2945 5433 3000 5480 et
3053 5423 3431 5485 insolentium,
3465 5419 3564 5476 sed

1975 5521 2044 5575 ad
2072 5519 2277 5575 Christi
2312 5517 2593 5588 exemplar
2632 5517 2936 5573 humilibus
2979 5530 3040 5571 se
3089 5511 3561 5587 accommodantis

1976 5626 2280 5681 eorumque
2324 5608 2732 5664 imbecillitates
2775 5607 3009 5679 benigne
3055 5603 3392 5666 suil‘erentis.
3451 5599 3565 5672 Ma:

1977 5711 2130 5760 ctare
2153 5716 2283 5758 vero
2313 5709 2367 5757 et
2396 5701 2634 5771 spoliare
2667 5708 2721 5755 et
2747 5700 2814 5754 ad
2850 5699 3131 5755 miseriam
3160 5695 3427 5761 redigere,
3466 5691 3561 5747 Dei

1980 5793 2359 5853 benevolentia
2407 5792 2631 5861 dignum
2680 5805 2793 5846 non
2841 5796 2946 5853 est,
3026 5794 3414 5843 t'cncnatarum
3465 5782 3560 5836 bc-
