4020 6302
503 348 608 406 839

496 465 728 522 stiarum
746 456 1023 531 proprium
1040 461 1125 511 est
1145 451 1430 517 occidere;
1463 448 1579 503 raia
1601 456 1869 502 venenata
1901 445 2073 499 maris

498 564 554 612 et
588 552 873 622 scorpione
894 551 1031 605 clam
1063 549 1211 601 virus
1241 541 1641 604 evomentihus,
1684 537 1844 593 facile
1871 536 2070 591 morsis

500 647 679 700 adstat
712 642 903 696 fatum.

498 733 608 787 225
647 732 818 798 Turpe
839 740 915 783 est
939 729 1176 797 juvenem
1212 742 1331 781 sene
1360 726 1705 798 inﬁrmiorem

500 801 606 857 226
648 794 797 863 Esse,
834 794 1106 867 seriemque
1124 794 1780 866 juveueinsipienliorem.

568 888 1037 957 Quemadmodum
1070 886 1292 956 juventa
1343 892 1398 938 et
1452 883 1630 938 :etatis
1672 879 1951 935 viriditate
1994 876 2074 930 vi-

497 991 735 1053 gentem,
755 996 887 1036 sene
911 966 1186 1048 decrepito
1211 975 1528 1031 debiliorem
1549 988 1672 1029 esse
1695 981 1852 1041 turpe
1872 971 2073 1026 videre-

499 1079 593 1126 tur
613 1078 664 1127 et
688 1072 1076 1139 incongruum,
1094 1067 1197 1130 sic,
1215 1066 1412 1135 inquit,
1435 1073 1490 1119 et
1514 1067 1567 1118 in
1587 1064 1772 1118 ultima
1791 1072 2073 1119 senectute

503 1161 909 1235 pervenientem
963 1160 1453 1226 imprudentiorem
1505 1156 1727 1226 juniore
1787 1168 2071 1225 apparere,

504 1255 865 1323 incongruum
893 1265 1146 1322 prorsus,
1171 1259 1226 1305 et
1272 1248 1555 1303 indecens.
1614 1246 1879 1302 Similiter
1906 1260 2075 1301 senex

498 1344 613 1400 vita
644 1351 699 1399 et
730 1353 890 1399 aetate
919 1351 1173 1413 provecta
1218 1341 1399 1396 factus
1432 1341 1503 1395 sit
1540 1338 1689 1393 omni
1720 1337 1987 1408 sapientia
2019 1343 2074 1392 et

502 1437 796 1509 prudentia
844 1437 1059 1504 plenus,
1108 1435 1375 1504 optimum
1430 1439 1487 1488 et
1537 1429 1873 1486 conveniens
1917 1427 2072 1492 illud,

500 1531 779 1603 juniorem
810 1542 940 1583 vero
986 1536 1039 1583 et
1080 1536 1205 1581 ante
1245 1524 1639 1587 maturitatem,
1674 1522 1729 1576 in
1755 1520 1933 1576 atatis
1964 1534 2073 1572 non

500 1617 776 1692 provectae
809 1617 1044 1671 decursu
1081 1614 1382 1685 sapientem
1426 1627 1485 1666 se
1524 1610 1766 1681 pnebere
1799 1615 1853 1663 et
1891 1606 2075 1662 senio-

506 1724 627 1763 rum
662 1706 1008 1779 prudentiam
1040 1706 1261 1769 habere,
1292 1701 1809 1758 excellentissimum
1841 1705 1988 1753 esset
2020 1704 2075 1753 et

506 1799 751 1854 omnium
792 1798 1029 1855 maxime
1053 1796 1408 1853 conveniens.

504 1967 611 2023 229
649 1965 863 2035 Semper
893 1966 1100 2035 quidem
1144 1965 1373 2019 salutem
1420 1980 1661 2031 operare.
1698 1982 1699 1985 ‘

578 2058 741 2113 Omni
767 2066 1019 2126 tempore
1050 2066 1103 2111 et
1132 2054 1280 2109 onmi
1307 2054 1547 2110 hominis
1573 2060 1733 2108 aetate
1757 2052 1963 2109 bonum
1994 2059 2080 2107 est

507 2151 628 2206 viro
656 2150 885 2204 salutem
908 2146 1146 2217 cperari,
1177 2161 1297 2216 quae
1326 2154 1431 2211 est,
1474 2159 1505 2199 a
1545 2144 1687 2199 malo
1719 2144 1995 2198 declinare
2024 2150 2079 2197 et

508 2241 713 2299 bonum
742 2240 951 2305 facere;
978 2240 1276 2307 praesertim
1300 2236 1774 2306 appropinquante
1807 2235 2080 2289 solutione

511 2348 541 2386 a
572 2332 701 2386 vita.
752 2327 893 2395 Quid
946 2328 1092 2381 aliud
1142 2326 1334 2396 majori
1385 2325 1742 2381 sollicitudini
1788 2332 1935 2379 esset
1992 2326 2080 2393 pio

509 2423 629 2477 viro
656 2429 709 2477 et
741 2435 963 2476 sensum
996 2417 1412 2486 habenti.quam
1456 2416 1761 2486 praeteritas
1796 2414 1988 2483 culpas
2026 2422 2081 2468 et

509 2512 755 2568 maculas
790 2512 1045 2581 lacrymis
1096 2516 1151 2564 et
1200 2506 1640 2563 confessionibus
1684 2505 1967 2569 mundare,
2025 2510 2082 2558 et

510 2615 631 2673 quae
671 2614 735 2654 ex
792 2597 1059 2668 injustitia
1111 2595 1457 2666 proveniunt,
1500 2584 1567 2649 iis
1606 2594 1699 2664 qui
1753 2592 2078 2661 iniustitiam

513 2690 659 2761 passi
691 2699 839 2751 sunt,
868 2703 987 2756 quae
1024 2702 1151 2741 vero
1181 2700 1211 2738 a
1246 2686 1396 2755 justo
1430 2686 1581 2738 lucro
1624 2699 1749 2739 cum
1784 2690 1933 2737 recta
1961 2696 2081 2735 mo—

513 2780 798 2835 deratione
827 2776 1045 2831 Christo
1079 2779 1231 2842 prius
1256 2775 1488 2836 mittere,
1521 2781 1574 2827 et
1606 2772 1685 2828 sic
1717 2772 1995 2825 fructuosa
2028 2777 2083 2824 et

428 2872 431 2873 ⁷
514 2869 750 2925 sollicita
775 2867 1094 2937 pmnitcntia
1125 2866 1365 2935 judicem
1398 2864 1637 2934 placare.
1677 2862 1882 2917 Merces
1909 2875 2080 2932 appa-

515 2966 615 3019 ret,
646 2970 826 3027 praeco
857 2963 1052 3009 metam
1095 2955 1329 3007 clamat:
1369 2952 1614 3021 Apostoli
1640 2958 1695 3006 et
1728 2950 2002 3021 prophetae
2029 2957 2082 3005 et

511 3047 692 3102 omnis
721 3046 936 3101 divinus
956 3044 1214 3115 magister
1233 3080 1250 3107 ,
1290 3043 1667 3113 ptenitentiam
1693 3042 1858 3111 agite,
1883 3052 2080 3111 magna

513 3138 965 3207 praedicatvoce.
999 3136 1323 3204 Quicunque
1371 3148 1534 3188 aures
1580 3131 1837 3186 audiendi
1886 3132 2078 3196 habes,

515 3240 645 3297 para
669 3228 734 3280 ad
770 3234 962 3280 metam
994 3240 1158 3296 Opera
1206 3237 1331 3292 tua;
1378 3222 1646 3294 judicium
1698 3236 1867 3294 prope
1903 3230 1989 3277 est
2027 3230 2084 3277 et

515 3318 574 3374 in
608 3317 819 3374 foribus
846 3320 1001 3373 adest
1027 3317 1215 3388 judex.

519 3502 629 3556 2‘53
670 3498 822 3553 Finis
851 3498 1129 3553 sermonis.

586 3590 771 3646 Multis
793 3589 950 3645 bonis
977 3598 1030 3644 et
1073 3587 1411 3660 sapientibus
1443 3586 1623 3644 verbis
1664 3586 1719 3641 in
1749 3584 1927 3639 anima
1950 3584 2085 3640 aedi-

519 3681 824 3737 ficationem
858 3689 912 3734 et
944 3679 1173 3734 salutem
1200 3694 1232 3732 a
1257 3687 1448 3733 sancta
1482 3686 1537 3733 et
1566 3677 1869 3748 theologica
1899 3677 2082 3747 lingua

520 3772 769 3843 prolatis,
807 3771 954 3823 hunc
986 3767 1243 3839 loquendi
1292 3768 1451 3822 liiicm
1502 3768 1814 3823 summatim
1878 3775 2083 3821 rectum

520 3872 575 3918 et
599 3863 884 3917 concisum
923 3861 1206 3915 sententiis
1232 3869 1286 3914 et
1307 3862 1636 3915 testimoniis
1666 3860 1781 3915 suis
1809 3857 2085 3928 apposuit,

518 3951 729 4014 dicens,
755 3948 1023 4019 duplicem
1058 3962 1180 4003 esse
1214 3948 1559 4017 apostatandi
1609 3962 1640 4001 a
1692 3946 1804 4002 Deo
1857 3962 2084 4010 morem,

521 4040 752 4093 alterum
776 4053 958 4106 opere,
988 4037 1216 4093 alterum
1246 4039 1435 4094 verbo.
1462 4038 1638 4108 Opere
1666 4038 1888 4109 quidem
1920 4040 2085 4108 igitur

522 4119 902 4197 apostatantur
938 4141 970 4180 a
1017 4124 1221 4180 divinis
1261 4127 1356 4196 qui
1406 4128 1708 4182 secundum
1739 4125 2086 4195 insipientem

520 4220 685 4273 istum
740 4216 1054 4288 hypocrita,
1090 4218 1145 4271 in
1194 4216 1358 4273 corde
1406 4232 1507 4273 suo
1558 4219 1602 4273 si
1641 4234 1749 4272 non
1802 4218 1983 4288 lingua
2007 4218 2090 4273 di-

522 4316 656 4361 cunt
691 4324 704 4361 :
732 4306 847 4361 Non
875 4316 958 4362 est
987 4305 1162 4372 Deus;
1188 4316 1472 4377 propterea
1500 4309 1744 4378 corrupti
1779 4316 1928 4375 sunt,
1960 4320 2014 4363 et
2033 4310 2087 4365 in

524 4398 905 4467 iniquitatibus
928 4397 1319 4453 abominabiles
1343 4397 1470 4452 facti
1494 4408 1622 4454 sunt
1646 4417 1661 4454 :
1686 4400 1789 4454 hoc
1810 4408 1895 4456 est
1922 4415 2088 4471 Opere

525 4495 839 4559 apostatare
880 4502 911 4540 a
964 4485 1090 4541 Deo.
1129 4485 1307 4542 Verbo
1352 4498 1527 4544 autem
1582 4490 1938 4560 apostolicam
1990 4491 2091 4546 do-

522 4579 757 4633 ctrinam
777 4588 829 4632 et
847 4576 1154 4631 divinorum
1180 4575 1399 4632 Patrum
1420 4578 1742 4649 theologiam
1762 4589 1957 4649 negant
1974 4581 2091 4635 sive

524 4670 618 4740 qui
642 4668 920 4723 Judaicam
956 4668 1012 4723 in
1060 4668 1495 4724 incredulitatem
1538 4669 1810 4738 feruntur,
1847 4674 1964 4727 sive
1990 4673 2086 4742 qui

524 4759 591 4814 ad
620 4759 871 4830 gentilem
900 4759 1320 4830 polytheismum
1346 4770 1399 4815 et
1438 4761 1761 4830 impietatem
1799 4763 2085 4831 inclinant,

523 4852 642 4907 sive
668 4849 761 4921 qui
806 4851 872 4904 ad
916 4850 1221 4906 liaareticam
1247 4838 1542 4921 perniciem
1572 4852 1901 4921 impianique
1929 4854 2086 4910 aber-

525 4943 790 4997 rationem
846 4940 1109 4995 incidunt.
1140 4939 1221 4994 Tu
1271 4956 1400 5012 ergo
1448 4941 1806 5013 undequaque
1840 4946 2083 5001 circum-

525 5033 763 5103 spiciens
796 5032 863 5085 de
893 5032 1085 5101 teipse,
1120 5047 1187 5086 ne
1214 5034 1503 5102 decipiaris
1544 5026 1614 5087 ab
1647 5034 1801 5091 hoste
1838 5037 2082 5094 invisibi-

525 5126 648 5180 liter
680 5119 876 5178 astanti
908 5132 961 5178 et
988 5123 1195 5193 jugiter
1220 5124 1435 5181 furtivis
1482 5128 1693 5184 insidiis
1727 5130 1998 5186 obsidenti
2036 5141 2089 5187 ct

522 5212 869 5283 pcrsequenti
935 5219 1012 5266 ct'
1044 5213 1098 5266 in
1167 5217 1568 5284 apostasiarum
1644 5223 2086 5291 supradictarum

523 5302 843 5355 barathrum
883 5302 1066 5356 venari
1094 5312 1146 5359 te
1177 5311 1231 5357 et
1276 5305 1501 5373 perdere
1529 5310 1676 5362 omni
1707 5326 1810 5380 ope
1837 5322 1889 5365 et
1923 5327 2089 5380 Opera

521 5393 744 5446 conanti
772 5413 786 5445 ;
818 5392 934 5445 haec
980 5400 1159 5448 monet
1199 5396 1438 5464 Optimus
1468 5398 1647 5453 Pater.
1693 5400 1835 5455 Cave
1865 5418 1993 5474 ergo
2023 5420 2089 5461 ne

526 5484 635 5537 ullo
658 5482 816 5536 modo
845 5482 900 5536 in
944 5481 1206 5539 ambabus
1226 5488 1518 5555 apostasiis
1552 5490 1865 5548 distinear-is
1903 5487 1967 5549 ct'
1988 5498 2089 5551 im-

526 5573 763 5644 pliceris,
800 5586 897 5628 nec
952 5574 1247 5633 immundis
1294 5587 1346 5634 te
1391 5579 1712 5648 immiseeas,
1752 5596 1821 5637 ne
1855 5584 1991 5643 forte
2022 5604 2089 5644 ex

593 5741 710 5812 (l3)
748 5740 963 5800 Litterae
985 5755 1216 5818 quatuor
1240 5758 1326 5806 aut
1355 5750 1591 5825 quinque
1616 5752 2014 5813 desiderantur.

1760 327 2058 388 NICETAS
2095 325 2300 383 DAVID

3646 330 3769 384 8ιῦ

2177 437 2456 498 κτιννύναι
2480 452 2493 467 ·
2527 436 2625 509 τῆς
2649 451 2707 489 τε
2730 434 3031 499 ,θαλαττίας
3058 435 3315 507 τρυγόνος
3342 436 3438 489 καὶ
3454 435 3550 490 τοῦ
3585 454 3765 509 σκορ-

2173 532 2299 585 πίου
2347 530 2621 598 λαθραίως
2674 527 2767 580 τὸν
2822 526 2899 579 l6v
2950 525 3389 596 ἐναπεμοῦντος,
3416 529 3593 601 ῥᾷστα,
3615 544 3769 601 παρ-

2179 623 2312 691 ἐστη
2335 623 2446 683 τοῖς
2475 618 2748 689 δηχθεῖσιν
2779 618 2808 670 ό
2846 617 3031 687 μόρος.

2172 712 2281 765 225
2335 706 2600 778 Αζσχρὸν
2616 708 2769 778 ,νέον
2802 706 3083 778 γέροντος
3104 706 3546 778 ἀσθενέστερον

2173 780 2280 835 2ἰῦ
2333 776 2522 840 Εἶναι,
2559 777 2808 847 ’γέροντα
2838 776 2891 827 δ’
2920 776 3362 845 ἀφρονέστεροι*
3398 779 3563 833 νέου.

2251 872 2458 940 Ὠσπερ
2487 869 2579 922 τὸν
2616 868 2827 938 νεότητι
2855 866 2948 920 καὶ
2986 868 3137 938 ἀκμῇ
3169 869 3485 939 σφριγῶντα
3516 871 3765 941 ἡλικίας,

2176 959 2388 1032 σαπροῦ
2438 958 2692 1029 γέροντος
2744 955 3139 1029 ἀδρανεστερον
3188 954 3330 1012 εἶναι
3358 1000 3371 1025 ,
3420 962 3643 1032 αἰσχρὸν
3689 964 3767 1018 ἂν

2176 1052 2352 1122 ὁρῷτο
2373 1051 2466 1102 καὶ
2482 1050 2751 1103 ἀνοίκειον
2773 1064 2789 1078 ⁸
2822 1047 2985 1111 οὕτω,
3009 1049 3163 1117 φησὶ,
3193 1050 3289 1101 καὶ
3312 1051 3405 1103 τὸν
3432 1053 3511 1115 είς
3532 1054 3766 1124 ἔσχατον

2176 1141 2474 1211 ἐληλακότα
2526 1140 2736 1212 γήρους
2756 1179 2772 1206 ,
2820 1140 3219 1209 ἀφρονέστερον
3258 1140 3354 1195 τοῦ
3382 1143 3647 1214 νεωτέρου
3676 1144 3768 1215 τῷ

2176 1234 2352 1305 χρόνῳ
2380 1231 2854 1299 καταδείκνυσθαι,
2886 1231 3156 1286 ἀνοίκειον
3186 1232 3361 1304 πάντη
3400 1236 3495 1287 καὶ
3526 1238 3773 1309 ἀνάρμο-

2178 1339 2323 1375 στον.
2360 1321 2548 1391 Ὅμως
2588 1321 2619 1373 6
2656 1321 2837 1392 γέρων
2872 1324 2972 1392 μὲν
3003 1321 3125 1375 καθ’
3162 1323 3313 1395 ὥραν
3345 1328 3441 1378 καὶ⁸
3470 1327 3612 1381 κατὰ
3659 1329 3769 1401 τὴν

2178 1412 2543 1484 πρεσϐυτικὴν
2572 1412 2723 1482 ἥκων
2753 1412 2992 1483 ἡλικίαν,
3021 1411 3161 1467 ἔστιν
3193 1414 3469 1484 πάνσοςςος
3508 1417 3601 1470 καὶ
3636 1435 3769 1473 συν-

2180 1503 2347 1565 έσεως
2372 1503 2605 1574 πλήρηςο
2645 1502 2913 1557 καὶτοῦτο
2930 1503 3133 1571 ἀγαθόν
3157 1522 3217 1558 τε
3235 1506 3327 1559 καὶ
3347 1507 3516 1578 εὐπρε
3526 1508 3642 1573 πές’
3670 1509 3770 1564 τὺν

2184 1593 2450 1665 νεώτερον
2500 1593 2559 1646 δὲ
2614 1593 2692 1663 τῷ
2738 1593 2913 1665 χρόνῳ
2955 1596 3051 1648 καὶ
3096 1596 3203 1667 πρὸ
3243 1596 3395 1668 ὧρας
3435 1599 3494 1652 ὲν
3542 1600 3619 1671 τῷ
3663 1602 3772 1673 τῆς

2180 1684 2397 1756 ἡλικίας
2444 1684 2626 1738 ἀτελεῖ
2661 1690 2960 1755 σωφρονεῖν
2989 1686 3084 1740 καὶ
3134 1688 3505 1762 πρεσϐυτικὴν
3549 1691 3772 1748 σύνεσιν

2161 1775 2521 1847 -ἀνειληφέναι
2545 1816 2561 1840 ,
2609 1773 2770 1829 τοῦτο
2816 1777 3106 1848 κράτιστον
3153 1778 3222 1833 ἂν
3269 1778 3356 1851 εῖη
3410 1781 3504 1834 καὶ
3548 1786 3773 1839 πάντων

2177 1868 2642 1940 εὐπρεπέστατον.

2178 1959 2285 2014 229
2348 1960 2467 2014 Ἀεὶ
2483 1960 2600 2028 μὲν
2618 1959 2879 2030 ἐργάζοιο
2907 1959 3023 2029 τὴν
3047 1963 3371 2031 σωτηρίαν.

2251 2052 2408 2103 Κατὰ
2440 2052 2620 2105 πάντα
2653 2053 2750 2121 μὲν
2783 2052 2972 2121 χρόνον
3002 2053 3096 2105 καὶ
3125 2056 3306 2107 πᾶσαν
3338 2052 3626 2125 ἀνθρώπου
3649 2057 3774 2127 ηλι-

2180 2139 2324 2205 κίαν,
2357 2140 2563 2209 ἀγαθὴν
2611 2142 2767 2213 ἀνδρὶ
2806 2143 2903 2212 τὴν
2948 2143 3114 2196 αὑτοῦ
3170 2145 3446 2216 σωτηρίαν
3495 2148 3776 2219 κατεργά-

2180 2236 2389 2304 ζεσθαι,
2419 2237 2542 2308 ἥτις
2574 2239 2741 2304 ἐστὶν,
2784 2227 3056 2292 ἐκκλίνειν
3093 2239 3191 2310 μὲν
3234 2241 3344 2294 ἀπὸ
3371 2243 3562 2303 κακοῦ.
3590 2246 3771 2299 ποιεῖν

2179 2326 2236 2380 δὲ
2282 2328 2343 2380 :6
2387 2328 2609 2396 ἀγαθὸν,
2648 2328 2881 2399 μάλιστα
2923 2328 2981 2383 δὲ
3012 2329 3089 2400 δὴ
3118 2330 3219 2401 τῆς
3264 2328 3359 2385 τοῦ
3408 2332 3526 2402 βίου
3560 2331 3774 2396 λύσεως

2183 2419 2639 2490 προσηγγικυίας.
2682 2419 2748 2472 Τί
2791 2419 2857 2473 ἂν
2880 2419 3010 2472 ἄλλο
3042 2419 3129 2490 εἴη
3170 2424 3773 2495 περισπουδαστότερον
3854 2458 3863 2462 -

2180 2512 2257 2581 τῷ
2290 2512 2505 2565 εὐσεϐεῖ
2554 2513 2649 2565 καὶ
2702 2512 2829 2565 νοῦν
2878 2513 3076 2583 ἔχοντι,
3129 2514 3161 2584 ἢ
3210 2516 3280 2567 τὰ
3328 2516 3774 2587 προῦπηργμένα.

2184 2603 2331 2673 ρύπη
2379 2604 2475 2656 καὶ
2527 2602 2850 2673 μολύσματα
2896 2603 3130 2673 δάκρυσι
3173 2605 3269 2658 καὶ
3317 2606 3775 2677 ἑξομολογήσεσιν

2184 2690 2597 2761 ἀνακαθαίρειν,
2634 2694 2728 2745 καὶ
2754 2693 2821 2748 τὰ
2855 2692 2912 2759 ἐξ
2947 2693 3165 2757 ἀδικίας
3215 2696 3315 2766 μὲν
3352 2700 3467 2759 τοῖς
3503 2697 3777 2769 ἡδικημέο

2182 2800 2314 2845 νοις,
2339 2782 2410 2835 τὰ
2441 2785 2505 2836 ὲκ
2540 2784 2765 2851 δικαίων
2790 2783 2848 2836 δὲ
2886 2783 3071 2854 πόρων
3104 2788 3511 2857 προσγενόμενα
3544 2788 3632 2843 διὰ
3660 2788 3775 2845 τῶν

2188 2873 2423 2944 μετρίων
2451 2872 2776 2943 προπέμψαι
2806 2874 2884 2944 τῷ
2912 2876 3151 2947 Χριστῷ,
3184 2878 3280 2931 καὶ
3303 2877 3478 2942 οὕτως
3506 2881 3776 2953 ὲγκάρπῳ

2184 2960 2279 3017 καὶ
2308 2965 2764 3039 μεμεριμνημένῃ
2795 2964 3054 3038 μετανοίᾳ
3075 2965 3409 3030 ὲξιλεοῦσθαι
3437 2968 3530 3021 τὸν
3550 2971 3773 3041 κριτήν.

2188 3054 2263 3108 T6
2314 3054 2490 3124 γῆρας
2523 3054 2787 3125 πάρεστιν
2812 3058 2847 3118 .“
2879 3056 2908 3107 6
2955 3055 3132 3125 κῆρυξ
3162 3055 3263 3128 τὴν
3307 3056 3485 3123 ἔξοδον
3536 3058 3773 3130 61:56:3-

2202 3142 2512 3197 Ἀπόστολοι
2546 3145 2639 3197 καὶ
2687 3146 2963 3217 προφῆται
3003 3145 3098 3197 καὶ
3126 3145 3234 3208 πᾶς
3260 3144 3403 3210 θεῖος
3430 3146 3773 3212 διδάσκαλος.

2191 3236 2526 3305 μετανοεῖτε,
2558 3235 2768 3308 μεγάλῃ
2803 3235 3173 3307 παραγγέλλει
3207 3239 3382 3309 φωνῇ.
3422 3240 3538 3303 Πᾶς
3574 3241 3603 3292 6
3631 3239 3776 3310 ἔχων

2184 3322 2279 3393 οὖς
2302 3326 2542 3391 ἀκούειν,
2565 3326 2853 3405 εὐτρέπιζε
2876 3327 3011 3397 πρὸς
3045 3326 3143 3398 τὴν
3173 3326 3351 3394 ἔξοδον
3376 3328 3444 3382 τὰ
3469 3330 3605 3401 ἔργα
3638 3348 3733 3383 σου
3750 3348 3772 3365 ο

2185 3419 2219 3487 ἡ
2254 3416 2362 3488 γὰρ
2392 3418 2576 3489 κρίσις
2602 3418 2770 3485 ἐγγὺς
2790 3419 2886 3471 καὶ
2913 3418 3007 3471 ἐπὶ
3039 3417 3231 3488 θύραις
3265 3419 3373 3473 ἰδοὺ
3402 3422 3431 3473 6
3461 3421 3673 3491 κριτής.

2185 3506 2292 3561 255
2362 3506 2557 3574 Πέρας
2591 3509 2797 3577 λόγου.

2260 3599 2477 3653 Πολλῶν
2510 3599 2605 3653 καὶ
2633 3599 2852 3667 ἀγαθῶν
2885 3599 2979 3655 καὶ
3017 3600 3200 3670 σοφῶν
3226 3599 3399 3670 λόγων
3425 3602 3534 3658 τῶν
3580 3605 3658 3667 είς
3694 3605 3779 3658 oi—

2186 3690 2421 3762 κοδομὴν
2449 3691 2628 3763 ψυχῆς
2658 3692 2753 3745 καὶ
2784 3692 3062 3765 σωτηρίαν
3089 3694 3194 3747 ὑπὸ
3223 3695 3319 3765 τῆς
3350 3696 3500 3766 ἱερᾶς
3528 3698 3620 3751 καὶ
3650 3699 3773 3752 θεο-

2186 3782 2349 3853 λόγου
2374 3782 2623 3852 γλώσσης
2656 3782 2983 3854 εἰρημένων,
3017 3782 3179 3837 τοῦτο
3218 3783 3397 3855 πέρας
3438 3784 3600 3853 λόγου
3639 3803 3775 3855 συγ-

2189 3872 2483 3943 κεφαλαιού
2492 3889 2651 3943 μενος
2676 3916 2677 3919 η
2702 3874 2823 3936 ταῖς
2853 3872 3019 3927 αὑτοῦ
3038 3872 3298 3943 ,γνώμαις
3332 3876 3425 3928 καὶ
3464 3874 3551 3928 δια
3559 3893 3772 3947 μαρτυ-

2193 3964 2333 4034 ρίαις
2366 3962 2535 4026 δεξιόν
2566 3963 2660 4015 καὶ
2687 3962 2951 4033 σύντομον
2984 3963 3242 4034 ἐπέθηκε,
3285 3964 3469 4035 διττὴν
3503 3961 3640 4019 εἶναι
3680 3966 3776 4020 λέ-

2188 4072 2301 4124 γων
2331 4056 2430 4125 τὴν
2470 4055 2698 4125 ἄρνησιν
2728 4054 2886 4122 Θεοῦ,
2917 4056 3027 4127 ’τὴν
3062 4057 3159 4127 μὲν
3200 4058 3259 4109 ὲν
3298 4056 3462 4126 ἔργῳ,
3498 4058 3595 4128 τὴν
3627 4058 3686 4111 δὲ
3714 4060 3777 4114 ἐν

2189 4145 2352 4215 λόγῳ.
2390 4146 2577 4215 Ἐργῳ
2619 4145 2718 4215 μὲν
2759 4140 2851 4200 οὖν
2880 4145 3172 4217 ἐξήρνηται
3214 4146 3273 4200 τὸ
3314 4147 3468 4200 Θεῖον
3504 4148 3694 4220 ὥσπερ
3721 4152 3773 4205 οῖ

2191 4235 2332 4289 κατά
2356 4235 2446 4287 τὸν
2473 4234 2683 4306 ἄφρονα
2709 4238 2916 4314 ἐκεῖνον
2959 4239 3267 4309 ὑποκριταὶ,
3305 4240 3503 4303 οἵτινες
3534 4236 3686 4295 εἶπον
3715 4244 3775 4296 ὲν

2192 4324 2411 4397 καρδίᾳ,
2440 4327 2488 4378 εί
2515 4327 2606 4379 καὶ
2640 4326 2714 4397 μὴ
2742 4330 2807 4399 τῇ
2846 4328 3065 4400 γλώσσῃ
3094 4330 3324 4393 ἑαυτῶν,
3352 4331 3429 4402 μὴ
3458 4329 3595 4385 εἶναι
3616 4332 3773 4397 Θεὸν,

2195 4416 2316 4481 δι’-ὃ
2344 4418 2437 4470 καὶ
2462 4416 2829 4489 διεφθάρησαν
2855 4420 2950 4472 καὶ
2975 4422 3033 4472 ὲν
3058 4422 3307 4492 ἀνομίαις
3334 4422 3733 4495 ἐϐδελύχθησαν
3754 4440 3773 4457 ·

2195 4507 2341 4578 ἔργῳ
2393 4507 2492 4578 μὲν
2538 4508 2709 4571 οὕτως
2763 4511 2797 4580 ἠ
2847 4509 3074 4581 ἄρνησις
3118 4513 3467 4566 ἐπιτελεῖται.
3521 4514 3679 4583 Λόγῳ
3717 4514 3777 4569 δὲ

2197 4598 2360 4653 πάλιν
2404 4598 2483 4671 τῷ
2526 4600 2624 4669 τὴν
2650 4601 3274 4674 ἀποστολικὴνδιδαχὴν
3327 4605 3418 4656 καὶ
3459 4606 3568 4659 τῶν
3613 4606 3775 4660 θείων

2198 4688 2454 4757 Πατέρων
2495 4689 2611 4761 τὴνι
2635 4689 2913 4759 θεολογίαν
2958 4693 3372 4761 ἀπαναίνεσθαι,
3410 4695 3443 4767 ἢ
3476 4695 3611 4765 πρὸς
3648 4696 3778 4749 Ἰου-

2196 4778 2388 4848 δαῖκὴν
2418 4779 2674 4835 ἀπιστίαν
2702 4783 3167 4855 ὑποφερομένους,
3204 4787 3236 4857 ἢ
3282 4787 3419 4859 πρὸς
3455 4788 3775 4858 Ἑλληνικὴν

2198 4868 2558 4933 ἀπονεύοντας
2612 4872 2897 4927 πολυθεῖαν
2941 4876 3037 4927 καὶ
3089 4878 3376 4942 ἀσέϐειαν,
3423 4879 3455 4949 ἢ
3502 4877 3637 4949 πρὸς
3686 4879 3775 4932 αἱ-

2201 4960 2421 5031 ρετικὴν
2470 4963 2743 5017 ἀπώλειαν
2782 4966 2876 5019 καὶ
2921 4966 3241 5022 δυσσέϐειαν
3288 4969 3774 5034 ὲξολισθαίνοντας.
3873 5012 3884 5020 .

2199 5050 2271 5103 Σὺ
2305 5048 2397 5105 οὖν
2436 5054 2767 5123 πανταχόθεν
2798 5057 3019 5111 σεαυτὸν
3043 5060 3421 5129 περισκοπῶν,
3457 5059 3534 5132 μὴ
3563 5059 3778 5131 κλαπῇς

2199 5139 2303 5191 ὑπὸ
2359 5140 2452 5193 τοῦ
2504 5142 2811 5211 Δυσμενοῦς
2864 5145 3110 5216 ἀοράτως
3132 5186 3146 5210 ,
3194 5149 3288 5201 καὶ
3344 5148 3433 5202 ἀεὶ
3484 5148 3777 5218 λαθριδίοις

2197 5231 2571 5301 παλαίσμασιν
2616 5230 3013 5307 ἐνεδρεύοντοῇ
3058 5237 3153 5292 καὶ
3199 5237 3501 5302 διώκοντος,
3554 5238 3649 5291 καὶ
3697 5240 3777 5301 εἰς

2200 5322 2419 5392 βόθυνον
2451 5322 2560 5376 τῶν
2600 5325 2903 5395 εἰρημένων
2949 5328 3232 5398 ἀρνήσεων
3274 5327 3535 5398 θηρεῦσαί
3584 5345 3644 5381 σε
3682 5330 3777 5383 καὶ

2196 5414 2305 5465 ἀπο
2352 5410 2580 5484 [λέσαι]
2630 5417 2743 5485 (15)
2794 5417 2942 5487 πάσῃ
2999 5418 3390 5487 μηχανωμένου
3449 5419 3695 5491 σπουδῇ,
3747 5422 3777 5473 6

2197 5505 2545 5573 ἀγαθώτατος
2572 5508 2758 5580 Πατὴρ
2786 5512 3045 5564 νουθετεῖ.
3073 5512 3311 5582 Πρόσεχε
3328 5508 3423 5566 οὖν
3443 5514 3647 5583 ἀμφοῖν
3668 5515 3777 5571 τῶν

2195 5597 2543 5654 ἀποστασιῶν
2578 5602 2889 5657 παντάπασι
2918 5602 3429 5665 ducenariorum
3465 5604 3557 5658 καὶ
3584 5604 3778 5678 ἀφορί-
