4020 6302
178 360 268 417 873

794 474 1158 542 Ἀπόκρισις.

242 568 458 639 Ἕροιμι
511 564 675 635 κὰγὼ
721 565 884 635 ὑμᾶς,
926 563 1264 632 ἁξιάγαστοι,
1312 562 1407 625 Τίς
1457 560 1678 632 μείζων,
1722 562 1754 632 ή

182 661 349 733 ἣμερα
380 659 479 713 καὶ
500 662 537 730 ἡ
566 659 687 729 ὥρα
711 652 918 729 ἐκείνη,
952 658 985 727 ἥ
1021 658 1049 709 6
1078 655 1268 726 Πατήρ
1285 670 1298 719 ;

252 820 310 874 '0
331 821 528 892 Πατὴρ
547 749 1178 890 δηλονότὲ1
1200 816 1294 869 καὶ
1320 816 1642 890 προαιὼνιος
1665 813 1758 865 καὶ

180 912 555 985 ὼιατάληπτός
582 929 645 965 τε
678 912 773 965 καὶ
805 909 1023 963 πάντων
1054 908 1301 975 ποιητής.

804 1044 1167 1111 Ἀπόκρισις.

243 1137 304 1190 El
327 1135 512 1190 τοίνυν
545 1133 746 1207 μείζων
779 1134 806 1186 6
849 1133 1039 1203 Πατὴρ
1068 1132 1168 1202 τῆς
1194 1130 1342 1204 ὥρας
1370 1130 1463 1184 καὶ
1494 1129 1593 1201 τῆς
1622 1129 1762 1200 ὴμέ-

186 1244 273 1300 ρας
308 1229 407 1282 καὶ
432 1229 670 1290 πάντων,
711 1225 848 1291 πῶς,
881 1225 943 1279 τὸ
962 1224 1149 1296 μεῖζον
1181 1225 1539 1293 ἐπιστάμενος
1561 1225 1589 1275 6
1611 1221 1760 1285 Υἱὸς,

182 1321 238 1372 τὸ
268 1319 496 1373 ἔλασσον
526 1319 745 1386 ἀγνοεῖ;
796 1317 890 1371 καὶ
936 1316 1028 1369 τὸν
1074 1316 1304 1387 ποιητὴν
1326 1312 1630 1383 γινώσκων,
1670 1312 1764 1365 καὶ

186 1408 456 1481 συνεργῶν
481 1406 631 1478 αὐτῷ
667 1408 725 1461 ὲν
754 1407 908 1472 πᾶσι,
936 1405 1330 1475 πῶς’ἁγνοήσει
1372 1403 1440 1457 τὰ
1482 1403 1573 1456 ὑπ’
1597 1401 1763 1455 αὐτοῦ

186 1498 513 1570 ποιηθέντας
547 1497 752 1563 Καθὼς
805 1497 933 1568 γὰρ,
970 1498 1125 1567 φησὶ,
1163 1495 1441 1565 γινώσκει
1466 1510 1540 1563 με
1582 1496 1615 1548 d
1650 1497 1765 1546 Πα-

184 1589 311 1658 τὴρ,
336 1589 503 1659 κάγὼ
528 1587 800 1658 γινώσκω
838 1587 946 1640 τὸν
988 1587 1240 1654 Πατέρα.
1278 1584 1403 1648 Πῶς
1433 1580 1526 1638 οὖν
1571 1585 1768 1657 ἀγνοή-

185 1695 267 1732 σει
286 1679 350 1733 τὸ
380 1676 562 1752 ἦττον,
594 1680 623 1732 6
650 1679 711 1731 τὸ
739 1679 921 1749 μεῖζον
951 1678 1343 1748 ὲπιστάμενοςὲ
1403 1660 1409 1665 Δ

784 1849 1033 1902 ΠΕΥΣΙΣ
1070 1850 1177 1903 IH'.

261 1958 408 2013 Ἀλλ’
438 1962 598 2031 ἡμεῖς
637 1958 955 2031 νομίζομεν,
984 1962 1078 2014 καὶ
1104 1958 1198 2013 τοῦ
1235 1959 1366 2013 Υἱοῦ
1405 1956 1605 2030 μείζον’
1630 1954 1771 2012 εἶναι

182 2048 281 2127 τὸν.
321 2051 577 2122 Πατέρα,
630 2052 812 2117 καθὼς
867 2053 1031 2117 αὐτός
1068 2069 1263 2124 φησιν·
1309 2053 1362 2105 Ὁ
1413 2050 1623 2122 Πατήρ
1676 2064 1782 2118 μου

178 2143 397 2213 μείζων
417 2145 537 2215 μού
570 2143 762 2199 ἐστιν.

604 2302 607 2307 Α
808 2236 1163 2305 Ἀπόκρισις.

249 2326 372 2394 Οὐχ
404 2325 547 2379 ὅσιον
576 2326 773 2386 οἴεσθε,
801 2316 1034 2393 μείζονα
1079 2325 1343 2395 ὑπάρχειν
1379 2324 1474 2378 τοῦ
1516 2322 1643 2377 Υἱοῦ
1684 2324 1776 2376 τὸν

183 2416 428 2486 Πατέρα,
454 2416 487 2487 ἢ
514 2416 881 2488 περιφερείᾳ,
924 2416 957 2487 ἢ
1003 2416 1229 2485 δγκῳ,ἢ
1263 2414 1460 2485 χρόνῳ,
1495 2414 1527 2485 ἢ
1577 2412 1774 2483 καιρῷ,

181 2506 214 2576 ἢ
249 2504 406 2577 ἀξίᾳ,
435 2506 468 2576 ἧ
494 2506 673 2577 ῥώμῃ,
704 2507 739 2576 ἦ
786 2506 1019 2576 θεότητι,
1062 2506 1094 2578 ἢ
1143 2506 1383 2576 μεγέθει,
1422 2506 1454 2577 ἢ
1496 2506 1636 2576 ὄψει.
1675 2505 1778 2557 Οὑ-

179 2599 269 2652 δὲν
299 2598 413 2669 γὰρ
440 2600 646 2651 τούτων
685 2600 742 2652 ὲν
778 2602 843 2669 τῇ
894 2599 1013 2671 θείᾳ
1046 2600 1255 2669 Τριάδι.
1298 2598 1459 2651 Ἀλλὰ
1499 2598 1638 2652 καθὸ
1664 2600 1779 2651 [Ia-

180 2687 285 2760 τὴρ
322 2691 354 2741 6
380 2689 568 2759 Πατήρ
594 2691 763 2747 ἐστιν.
808 2688 949 2742 οὕτω
987 2691 1301 2761 γνησιότητι
1327 2690 1356 2741 6
1396 2689 1519 2752 Υἱὸς
1544 2689 1634 2742 τὸν
1664 2689 1778 2743 Πα-

181 2780 322 2851 τέρα
346 2780 501 2849 τιμᾷ.
529 2780 604 2831 UO
633 2779 741 2849 γὰρ
773 2778 924 2848 ὄγκῳ
960 2778 1183 2849 φέρεται
1212 2780 1272 2831 τὸ
1291 2779 1464 2840 Θείον,
1490 2778 1598 2832 οὐδ’
1620 2779 1784 2851 ὑπέρ-

180 2886 350 2939 ογκος
376 2865 510 2938 εἷςϐ)
552 2866 648 2921 τοῦ
668 2868 865 2932 Παιδὸς
881 2871 909 2921 6
926 2871 1136 2943 Πατήρ·
1154 2870 1216 2923 οὐ
1240 2869 1454 2940 χρόνοις
1471 2870 1778 2931 ὑπόκειται,

185 2960 276 3013 ἵνα
316 2954 711 3032 ὑπέρχρονοςῇ
760 2960 789 3012 6
826 2962 1105 3030 γεννήτωρ
1137 2957 1231 3012 τοῦ
1258 2958 1610 3029 γεννηθέντος
1630 2976 1644 2989 ·
1675 2959 1781 3011 οὐδ’

186 3046 255 3104 αὖ
281 3050 451 3103 πάλιν
473 3049 549 3120 τῷ
576 3050 702 3119 ὕψει
731 3050 973 3122 μερικῶς
996 3049 1252 3103 τάττεται
1298 3051 1327 3102 6
1354 3051 1564 3121 Πατὴρ,
1608 3050 1786 3103 πάντα

188 3141 489 3215 περιέχων,
541 3143 634 3195 ὑπ’
673 3142 886 3205 οὐδενὸς
935 3141 991 3194 δὲ
1044 3140 1464 3215 περιεχόμενος,
1508 3140 1787 3214 ἀμεγέθης

186 3233 459 3306 ὑπάρχων
492 3234 587 3286 καὶ
612 3233 833 3295 ἄποσος.
928 3266 939 3271 ς

820 3460 1068 3573 nam:
1093 3501 1195 3582 te.

262 3602 334 3654 Εἰ
368 3594 461 3652 οὖν
486 3592 601 3659 ἶσος
628 3594 707 3664 τῷ
735 3594 855 3664 Θεῷ
877 3592 972 3646 καὶ
1000 3591 1173 3664 Ila.th
1199 3592 1227 3644 6
1258 3591 1407 3655 Υἱὸς,
1436 3592 1531 3644 καὶ
1554 3591 1628 3654 ὡς
1651 3591 1793 3643 Exsi-

189 3710 285 3754 νος
319 3688 548 3759 ἀγαθὸς,
584 3687 702 3750 πῶς
735 3685 896 3748 αὐτὸς
930 3684 1100 3754 λέγει,
1136 3684 1350 3750 οὐδεὶς
1376 3684 1600 3754 ἀγαθὸς
1631 3685 1683 3736 εὶ
1705 3680 1792 3751 μὴ

189 3778 287 3851 εἷς
316 3820 346 3837 δ
386 3780 562 3846 aede;
817 3844 1178 3914 Ἀπόκρισις.

282 3942 428 3997 Ἀλλ’
463 3942 563 3995 οὐκ
591 3937 925 4011 ἀρνούμενος
959 3936 1149 3990 ἑαυτὸν
1178 3935 1272 4007 τῆς
1298 3934 1656 4008 ἀγαθὸτητος,
1687 3936 1796 3989 οὐδ’

192 4032 651 4104 ὑπεκφερόμενος
700 4029 802 4096 τῆς
856 4025 1319 4097 θεότητος-μόνον
1373 4026 1536 4095 φησὶν
1597 4026 1799 4093 ἀγαθὸν

190 4125 475 4194 ὑπάρχειν
508 4120 597 4172 τὸν
623 4119 755 4171 Θεὸν
785 4118 880 4170 καὶ
914 4118 1154 4187 Πατέρα.
1197 4115 1532 4184 Ἀκροτάτης
1562 4113 1618 4167 δὲ
1645 4132 1801 4185 στορ-

191 4215 311 4285 γῆς
356 4214 450 4266 καί
469 4210 805 4280 ἀγαθότητος
827 4206 1058 4278 ἐναργὴς
1088 4200 1384 4281 ἀπόδειξις,
1411 4206 1472 4257 τὸ
1501 4205 1576 4276 μὴ
1599 4205 1798 4273 ἐαυτῷ,

191 4306 344 4360 ἀλλὰ
385 4304 462 4374 τῷ
498 4302 676 4374 Πατρὶ
716 4299 1011 4373 ἀναφέρειν
1052 4299 1151 4368 τὴν
1193 4298 1380 4367 τιμὴν,
1432 4297 1802 4367 φιλοπάτορας

190 4397 359 4469 ἡμᾶς
386 4391 652 4447 παιδεύων
682 4389 967 4459 ὑπάρχειν.
999 4385 1345 4457 Αὺθαιρέτως
1371 4385 1477 4456 γὰρ
1496 4382 1803 4457 μετριάζων

197 4489 261 4542 οὐ
320 4481 607 4554 φιλοδοξεῖ,
659 4472 783 4532 οὐδὲ
834 4476 914 4548 τῷ
968 4475 1243 4547 ἀξιώματι
1284 4473 1615 4545 κορυφοῦται
1663 4474 1805 4527 κατὰ

188 4578 335 4640 τοὺς
366 4573 633 4644 σοϐαροὺς
662 4569 758 4624 καὶ
778 4568 1044 4633 ἀλαζόνας
1064 4566 1313 4636 ἀμυδρᾶς
1335 4564 1803 4636 ὲπιλελημμένους

190 4668 410 4741 ἀρχῆς,
450 4664 538 4717 διὰ
576 4662 676 4733 τῆς
707 4652 843 4734 πρὸς
874 4660 936 4713 τὸ
969 4658 1189 4729 ἀμειδὲς
1212 4658 1305 4710 καὶ
1345 4656 1701 4726 δυσπρόσιτον
1734 4656 1800 4725 τῇ

188 4758 297 4814 τοῦ
338 4758 582 4828 κήρυκος
602 4755 755 4824 φωνῇ
787 4749 1193 4820 ἐξογκούμενοι.
1233 4745 1485 4817 καὶπρὸς
1516 4745 1804 4799 ἀτίθασσον

192 4851 358 4923 θῆρα
396 4844 860 4917 μετατυπούμενοι
882 4862 894 4873 ·
932 4842 1029 4911 οὐχ
1056 4840 1355 4911 ἡμερότητι
1385 4839 1478 4892 καὶ
1504 4837 1800 4908 φιλανθρω.

194 4942 308 5012 πίῃ
328 4938 430 5008 τὴν
457 4935 705 5000 ἐξουσίαν
725 4932 1000 5003 κρίνοντες
1017 4931 1113 5000 τῆς
1136 4929 1368 4999 ἀλήκτου
1390 4927 1565 4998 δόξης,
1584 4926 1808 4987 εἰκότως

194 5029 647 5101 ἑπαχθήσονται.
691 5027 755 5078 Ei
803 5024 859 5077 δὲ
899 5023 1208 5094 προχείρως
1260 5022 1368 5073 πᾶν
1420 5018 1621 5087 ἀγαθὸν
1674 5018 1809 5081 ζωο-

195 5112 423 5176 ττοιεῖτε
446 5158 460 5181 ,
491 5117 778 5179 πλείστους
800 5117 858 5167 ὲν
882 5114 959 5183 τῷ
991 5114 1147 5183 μέρει
1177 5111 1351 5181 τούτῳ
1376 5109 1530 5172 θεοὺς
1579 5108 1771 5178 ἕξομεν
1791 5148 1805 5166 .

196 5210 490 5281 πολλαχοῦ
524 5212 625 5279 τῆς
650 5207 800 5271 θείας
815 5207 1041 5278 Γραφῆς
1075 5205 1212 5276 μετὰ
1244 5204 1375 5256 Θεὸν
1404 5202 1613 5271 βοώσης
1636 5201 1808 5271 ὑπάρ-

196 5324 329 5379 χειν
383 5304 476 5355 καὶ
516 5302 681 5369 ἕτερα
729 5298 946 5367 ἀγαθά·
1004 5296 1079 5367 πὴ
1135 5298 1232 5366 μὲν
1276 5296 1562 5365 φάσκουσα
1607 5293 1809 5361 ἀγαθὸν

198 5396 387 5451 παῖδα
418 5392 629 5464 πτωχὸν
653 5391 745 5445 καὶ
770 5390 931 5458 σοφὸν
962 5388 1052 5441 τὸν
1092 5388 1363 5457 Σαμουὴλ,
1393 5386 1469 5457 πὴ
1497 5387 1573 5447 δὲ,
1614 5384 1813 5452 ἀγαθὸς

197 5483 400 5542 Σαοὺλ
430 5484 545 5543 υἱὸς
572 5482 759 5542 Κίσου,
784 5481 813 5531 6
846 5478 1060 5549 πρῶτος
1081 5476 1173 5529 τοῦ
1206 5475 1422 5546 Ἰσραὴλ
1449 5475 1602 5540 ἄναξ.
1626 5473 1732 5527 Καὶ
1750 5475 1815 5541 τῇ

200 5581 395 5649 Ἀννῃ
411 5574 634 5643 ἀπαιδίᾳ
656 5574 749 5625 καὶ
764 5570 1046 5642 στειρώσει
1068 5568 1409 5641 ποτνιωμένῃ
1424 5569 1585 5637 φησιν
1602 5569 1628 5619 6
1644 5568 1825 5619 Ἐλκα·

1517 350 1867 410 DIALOGUS
1905 350 1943 405 I.

3337 337 3441 402 874

2494 459 2803 528 Responsio.

1930 556 2123 614 Merito
2156 557 2486 625 interrogem
2527 561 2580 607 et
2620 564 2720 621 ego
2760 561 2858 603 vos
2883 583 2897 612 ,
2935 562 2970 601 ο
2993 544 3272 619 praeclari,
3305 542 3445 611 Quis

1858 650 2033 721 major
2057 649 2081 703 ’ἔ
2105 663 2237 704 num
2269 622 2387 701 dies
2415 653 2470 698 et
2497 642 2633 697 hora
2665 642 2787 704 illa,
2821 656 2891 695 an
2917 637 3128 694 Pater?
3443 622 3454 633 ’

2296 731 2819 792 INTERROGATIO
2854 729 3021 786 XVII.

1930 811 2094 867 Pater
2132 809 2353 879 utique,
2394 806 2487 874 qui
2527 813 2612 860 est
2652 805 2861 874 absque
2904 800 3210 870 principio,
3251 801 3307 853 et
3343 810 3448 853 sa:—

1861 900 2001 955 culis
2057 896 2316 953 omnibus
2372 895 2546 965 prior,
2606 899 2661 948 et
2719 886 3329 961 incomprehensibilis,
3394 892 3453 941 et

1862 991 2109 1046 omnium
2143 985 2416 1042 conditor.

2499 1052 2809 1125 Responsio.

1934 1147 1993 1202 Si
2022 1162 2152 1219 ergo
2200 1145 2374 1215 major
2417 1136 2600 1207 Pater,
2645 1155 2810 1214 quam
2841 1139 2975 1194 hora
3006 1144 3061 1195 et
3089 1137 3209 1194 dies
3240 1135 3332 1191 ille
3352 1174 3365 1198 ,
3398 1143 3453 1191 et

1864 1240 2083 1311 quidem
2124 1236 2294 1305 major
2339 1234 2641 1290 omnibus:
2694 1231 2970 1303 quomodo
3016 1228 3199 1300 majus
3245 1241 3451 1298 cogno-

1866 1345 2028 1387 scens
2061 1328 2266 1394 Filius,
2303 1324 2576 1399 ignorabit
2616 1322 2845 1378 minus?
2879 1321 3066 1389 quieet
3107 1318 3453 1377 conditorem

1866 1420 2191 1492 cognoscit,
2251 1424 2307 1473 et
2364 1424 2622 1487 operatur
2678 1428 2804 1469 cum
2861 1412 2983 1483 ipso
3039 1412 3095 1467 in
3148 1410 3452 1475 omnibus,

1867 1510 2143 1582 quomodo
2196 1508 2475 1579 ignorabit
2530 1521 2563 1560 a
2612 1520 2673 1561 se
2716 1502 2907 1560 facta?
2960 1500 3453 1569 Quemadmodum,

1869 1605 2065 1673 inquit,
2097 1601 2236 1655 novit
2276 1615 2356 1653 me
2399 1598 2582 1662 Pater,
2624 1596 2787 1650 etiam
2829 1595 2940 1664 ipse
2977 1596 3098 1648 novi
3134 1591 3351 1647 Patrem
3382 1590 3451 1643 ⁵³.

1870 1693 2156 1759 Quomodo
2217 1691 2386 1762 igitur
2442 1687 2715 1759 ignorabit
2768 1686 2986 1752 minus,
3040 1685 3135 1756 qui
3196 1684 3346 1739 novit
3398 1681 3453 1736 id

1870 1782 2017 1854 quod
2070 1781 2252 1851 majus
2309 1779 2440 1836 est?
3166 1777 3171 1781 ’

2292 1867 2816 1926 INTERROGATIO
2854 1866 3042 1921 XVIII.

1943 1964 2106 2036 Atqui
2140 1979 2242 2020 nos
2273 1964 2613 2018 arbitramur
2640 1962 2806 2018 etiam
2848 1960 2987 2014 Filio
3029 1959 3295 2027 majorem
3336 1971 3461 2013 esse

1874 2054 2089 2109 Patrem
2109 2092 2123 2118 ,
2159 2051 2623 2122 quemadmodum
2682 2049 2861 2120 inquit
2916 2049 3033 2119 ipse
3064 2065 3079 2101 :
3111 2047 3276 2101 Pater
3306 2060 3462 2101 meus

1876 2145 2052 2216 major
2087 2162 2167 2200 me
2195 2152 2275 2199 est
2306 2144 2373 2199 “.

2514 2233 2821 2303 Responsio.

1948 2326 2067 2382 Non
2114 2327 2251 2383 satis
2301 2326 2389 2396 pie
2438 2325 2643 2395 putatis
2692 2325 2956 2393 majorem
3005 2339 3131 2380 esse
3177 2324 3316 2379 Filio
3359 2323 3465 2380 Pa-

1881 2433 2031 2490 rem,
2082 2417 2170 2472 vel
2219 2417 2462 2472 ambitus
2511 2417 2759 2480 ratione,
2810 2416 2901 2469 vel
2945 2415 3144 2479 molis,
3192 2417 3279 2470 vel
3328 2423 3466 2471 tem-

1881 2509 2033 2579 poris
2053 2548 2069 2573 ,
2099 2507 2183 2563 vel
2231 2506 2517 2578 dignitatis
2540 2548 2553 2574 ,
2594 2508 2679 2561 vel
2719 2507 2935 2562 roboris
2956 2546 2971 2571 ,
3001 2508 3085 2561 vel
3126 2508 3431 2562 divinitatis
3452 2547 3466 2569 ,

1881 2599 1968 2654 vel
2026 2598 2477 2668 magnitudinis,
2541 2597 2627 2651 vel
2683 2597 3040 2653 excellentiae.
3109 2596 3258 2668 Nihil
3320 2598 3468 2652 enim

1883 2687 2154 2757 ejusmodi
2204 2687 2261 2741 in
2312 2694 2505 2742 sancta
2552 2684 2822 2740 Trinitate
2880 2685 3061 2739 locum
3116 2686 3298 2741 habet.
3360 2684 3469 2740 Sed

1885 2786 2157 2847 quatenus
2195 2775 2382 2840 Pater,
2434 2775 2597 2831 Pater
2643 2785 2758 2840 est,
2798 2774 3042 2845 legitimo
3085 2776 3324 2847 quodam
3374 2775 3473 2830 ho-

1888 2883 2027 2925 nore
2076 2867 2252 2925 Filius
2303 2868 2520 2924 Patrem
2567 2866 2757 2922 allicit.
2801 2865 2921 2921 Non
2970 2867 3115 2921 enim
3157 2868 3299 2922 mole
3340 2882 3473 2937 qua-

1887 2959 2014 3012 dam
2052 2963 2300 3027 gestetur
2338 2954 2644 3022 Diviuitas,
2703 2964 2761 3009 ut
2810 2955 2955 3010 mole
3007 2964 3228 3025 superet
3276 2956 3475 3011 Filiqu

1888 3046 2094 3101 Pater:
2129 3060 2309 3112 neque
2335 3044 2567 3114 tempori
2605 3044 2888 3114 subjacet,
2936 3051 2998 3098 ut
3039 3047 3191 3115 prior
3233 3056 3479 3116 tempore

1892 3135 1964 3191 sit
1994 3134 2211 3204 genitor
2242 3132 2468 3203 genito:
2508 3148 2688 3202 neque
2722 3133 2852 3187 item
2890 3132 3252 3188 sublimitatis
3294 3134 3477 3190 habita

1890 3223 2104 3278 ratione
2136 3222 2436 3292 separatim
2473 3223 2699 3293 ponitur
2732 3220 2915 3289 Pater,
2959 3223 3053 3291 qui
3097 3224 3281 3278 omnia
3322 3241 3478 3281 com-

1892 3315 2199 3384 plectatur,
2265 3314 2382 3385 ipse
2438 3328 2468 3368 a
2524 3315 2677 3375 nullo
2745 3314 3223 3384 comprehensus,
3279 3333 3480 3388 expers

1893 3405 2290 3476 magnitudinis
2321 3411 2375 3461 et
2411 3402 2768 3475 quantitatis.

2333 3492 2862 3551 INTERROGA'I'IO
2906 3496 3044 3550 XIX.

1968 3584 2026 3640 Si
2062 3584 2230 3654 igitur
2259 3584 2490 3655 aequalis
2520 3584 2633 3641 Deo
2660 3600 2727 3642 ac
2749 3584 2902 3642 Patri
2936 3586 3111 3642 Filius
3147 3597 3253 3652 est,
3289 3598 3342 3644 et
3384 3591 3482 3644 lm-

1898 3687 2001 3727 nus
2061 3671 2529 3741 quemadmodum
2603 3673 2716 3739 ille,
2793 3677 3073 3745 quomodo
3130 3678 3313 3749 inquit
3344 3682 3483 3752 ipse,

1896 3766 2063 3819 Nemo
2093 3763 2257 3818 bonus
2291 3771 2391 3830 est,
2414 3772 2606 3834 praeter
2640 3780 2800 3819 unum
2826 3766 3104 3821 Deum"?

2537 3854 2843 3923 Responsio.

1970 3946 2087 4002 Non
2122 3946 2267 4015 quod
2298 3955 2457 4017 neget
2481 3946 2550 4022 in
2582 3949 2883 4020 semetipso
2929 3951 3263 4020 bonitatem,
3311 3972 3485 4026 neque

1901 4037 1971 4093 de
2002 4036 2293 4091 divinitate
2323 4051 2384 4092 se
2418 4038 2689 4101 eximens,
2718 4041 2900 4094 solum
2930 4041 3112 4114 inquit
3135 4044 3335 4098 bonum
3366 4062 3489 4101 esse

1904 4126 2073 4182 Deum
2108 4134 2164 4181 et
2192 4125 2435 4182 Patrem.
2463 4127 2676 4182 Summi
2711 4130 2972 4186 nimirum
2996 4134 3201 4187 amoris
3234 4146 3285 4189 et
3322 4137 3485 4191 boni-

1907 4218 2039 4271 tatis
2086 4212 2313 4271 evidens
2342 4222 2736 4289 argumentum
2773 4229 2879 4285 est,
2916 4237 3024 4277 non
3064 4225 3192 4290 sibi,
3219 4224 3314 4279 sed
3340 4226 3491 4283 Patri

1908 4308 2125 4363 deferre
2145 4308 2430 4373 honorem,
2454 4324 2567 4378 quo
2594 4310 2714 4379 ipso
2736 4326 2839 4366 nos
2862 4326 3051 4367 amore
3077 4323 3334 4382 parentes
3364 4333 3493 4386 pro-

1912 4399 2066 4469 sequi
2116 4399 2317 4455 dcbere
2367 4400 2547 4455 docet.
2594 4401 2731 4455 Nam
2775 4410 2974 4473 sponte
3017 4402 3085 4459 de
3137 4420 3196 4461 se
3246 4408 3493 4463 modeste

1912 4494 2165 4561 loquens,
2198 4507 2307 4546 non
2341 4492 2559 4551 inanem
2591 4503 2777 4565 captat
2800 4496 3049 4565 gloriam,
3086 4514 3261 4568 neque
3309 4499 3491 4569 digni-

1909 4582 2041 4637 tatis
2087 4581 2499 4637 existimatione
2544 4582 2791 4649 eﬂ‘ertur,
2842 4594 2902 4638 ut
2953 4586 3131 4641 solent
3172 4580 3407 4658 superbi
3440 4600 3495 4647 et

1912 4681 2259 4742 arrogantes,
2292 4672 2383 4742 qui
2416 4681 2578 4728 tenue
2598 4689 2660 4727 ac
2685 4674 2986 4729 obscurum
3026 4676 3316 4747 imperium
3347 4681 3492 4735 nacti

1913 4779 1978 4819 eo
2010 4765 2128 4833 ipso
2164 4763 2230 4817 ad
2269 4764 2602 4819 inamabiles
2641 4779 2849 4829 mores,
2895 4776 2949 4821 et
2975 4768 3123 4822 omni
3168 4785 3195 4823 a
3237 4771 3497 4825 comitate

1916 4856 1968 4907 in
2004 4856 2397 4925 congressibus
2434 4856 2642 4911 alienos
2668 4874 2764 4928 per
2802 4874 2990 4914 vocem
3033 4862 3303 4929 praeconis
3341 4864 3495 4927 elati,

1916 4948 2212 5003 immanem
2262 4948 2556 5017 quamdam
2594 4950 2653 5003 in
2705 4950 2874 5005 feram
2919 4958 3226 5017 mutantur,
3266 4952 3499 5023 ideoque

1916 5054 2024 5092 non
2042 5054 2108 5093 ex
2128 5038 2556 5093 mansuetudine
2577 5055 2639 5093 ac
2662 5040 3004 5096 humanitate
3025 5052 3298 5113 perpetua:
3316 5044 3499 5111 gloria:

1915 5136 2245 5199 potestatem
2302 5131 2625 5193 metientes,
2669 5132 2855 5186 odium
2905 5133 2958 5186 in
2997 5149 3128 5188 sese
3160 5149 3268 5187 non
3314 5135 3411 5192 abs
3444 5152 3500 5190 ro

1922 5221 2304 5276 concitabunt.
2347 5222 2503 5304 Quod
2541 5222 2587 5277 si
2634 5232 2840 5279 temere
2879 5224 3114 5294 quodvis
3140 5226 3345 5279 bonum
3388 5225 3498 5279 dci-

1922 5312 2177 5377 ﬁcabitis,
2240 5314 2505 5382 plurimos
2538 5315 2593 5369 in
2626 5316 2726 5369 hac
2768 5324 2921 5386 parte
2949 5316 3081 5371 deos
3111 5317 3351 5371 habituri
3404 5332 3498 5371 su-

1924 5419 2068 5469 mus,
2111 5406 2299 5460 multis
2327 5406 2381 5461 in
2415 5407 2554 5462 locis
2585 5408 2861 5462 clamante
2897 5408 3182 5476 Scriptura
3208 5422 3386 5473 sacra,
3415 5423 3498 5461 sc-

1929 5497 2169 5549 cuudum
2236 5494 2404 5551 Deum
2458 5506 2510 5551 et
2564 5498 2667 5551 alia
2709 5497 2956 5567 quadam
2991 5514 3112 5553 esse
3145 5498 3306 5561 bona,
3352 5498 3505 5551 verti

1934 5589 2129 5657 gratia,
2158 5604 2322 5657 quum
2365 5590 2600 5658 quodam
2634 5592 2707 5645 ait
2736 5591 2789 5645 in
2828 5590 2949 5645 loco
2981 5590 3049 5657 ⁸⁸,
3099 5590 3298 5643 bonum
3338 5588 3508 5644 fuisse

283 5730 341 5763 ⁵³
377 5727 536 5783 Ioan.
574 5744 631 5791 ι,
671 5729 756 5783 15.
839 5729 884 5759 ⁸ο
907 5725 1067 5781 Joan.
1107 5744 1215 5793 xxv,
1247 5727 1336 5781 28.
1416 5726 1459 5758 ⁵⁵
1490 5724 1654 5781 Marc.
1689 5742 1739 5790 κ,
1778 5726 1789 5777 l

1943 5727 1986 5756 ⁸⁵
2021 5725 2190 5797 lllog.
2225 5743 2281 5791 υ,
2310 5727 2400 5784 26.

284 5841 377 5915 (6)
412 5837 498 5896 Εἴ.
536 5838 676 5911 Lege
707 5843 845 5904 ἐστι,
875 5840 979 5903 vel,
1010 5840 1113 5905 εἴη.
1146 5839 1305 5893 Emr.

435 5936 711 5995 I’A'rnot.
747 5935 863 5999 Gn.
901 5934 1258 5996 XXXVIII.
