4020 6302
577 440 687 499 m
1668 428 1726 485 s.
1768 425 2066 485 CAESAR"
2107 424 2433 484 cneconu
2466 421 2765 483 FRATlilS
3739 421 3841 478 sso

578 564 859 625 dormiret,
886 567 934 613 et
964 557 1156 627 foveret
1182 569 1318 609 eum.
1356 550 1421 605 Et
1452 552 1656 605 iuventa
1683 559 1760 604 est
1787 549 1955 602 Abisa
1984 536 2158 603 Sima-

2266 548 2701 617 συγκαθεύδειν
2724 543 2884 611 αὐτῷ
2909 547 3007 598 καί
3036 544 3444 602 συνθάλπων.
3474 546 3580 600 Καὶ
3607 545 3838 614 εὑρέθη,

555 633 770 718 ἰηὶιίσ,
840 666 999 721 quam
1063 662 1164 700 non
1226 644 1464 714 cognovit
1529 640 1756 695 Davides
1812 639 2139 695 dormiente»

2266 641 2451 711 φησὶν,
2486 638 2737 693 Ἀσισσὰ
2774 639 2810 705 ἡ
2845 638 3191 706 Σωναμῖτις,
3214 639 3311 692 καί
3339 640 3449 692 οὐκ
3477 638 3631 709 ἔγνω
3650 636 3844 701 αὐτὴν

586 759 763 800 secum
783 722 1033 795 ".‘Num
1081 739 1247 807 igitur
1283 741 1505 805 propter
1551 732 1663 791 hoc.
1702 731 1975 794 dicemus,
2012 730 2157 800 quod

2264 728 2462 790 Διιϐὶὸ,
2480 726 3019 795 συγκαθεύδουσαν
3039 726 3219 792 αὐτῷ.
3233 724 3358 799 Ἆρ’
3378 723 3473 781 οὖν
3498 725 3649 797 παρὰ
3671 725 3845 798 τούτῳ

586 849 766 903 neque
793 836 1017 901 aspectu
1046 841 1224 896 neque
1248 824 1634 879 attrectatione
1659 820 1978 891 cognoverit
1998 817 2158 874 eam?

2263 817 2497 889 ἐροῦμεν
2542 818 2678 901 μηδέ
2735 821 2803 890 τῇ
2849 817 2972 887 ὄψει
3014 820 3108 872 καὶ
3154 820 3265 890 ἁφῇ
3295 818 3585 889 γινώσκειν
3634 820 3842 891 αὑτήνς

586 927 936 994 Saepeautem
972 935 1072 975 nos
1103 933 1320 989 quoque
1359 916 1596 971 dicimus
1632 914 1700 968 ad
1724 927 1854 975 eos,
1882 913 1973 982 qui
2001 911 2160 966 nobis

2264 910 2533 972 Πολλάκις
2571 909 2650 976 δὲ,
2686 911 2781 963 καὶ
2822 912 2985 982 ἡμεῖς
3020 910 3201 979 φαμὲν
3241 910 3377 981 πρὸς
3408 910 3535 973 τοὺς
3583 908 3712 979 περὶ
3747 926 3846 975 γυ-

586 1021 809 1086 propter
839 1010 1095 1066 mulieres
1124 1008 1329 1062 crimen
1356 1007 1647 1067 intentant,
1675 1002 2004 1058 devoventes
2027 1014 2160 1055 nos—

2265 1001 2470 1054 ναικῶν
2493 1000 2884 1068 ἐγκαλοῦντας,
2902 995 3249 1072 ἐπαρώμενοι
3274 1002 3477 1065 αὐτοῖς,
3503 1001 3598 1053 καὶ
3624 998 3847 1071 ἐξομνύ-

586 1110 719 1165 met,
757 1116 821 1155 ac
847 1097 1209 1169 jurejurando
1254 1102 1577 1165 purgantes,
1624 1106 1735 1146 non
1770 1091 1988 1145 novisse
2031 1103 2154 1153 nos,

2268 1108 2417 1161 μενοι
2478 1091 2553 1161 μὴ
2626 1092 2928 1159 ἐγνωκέναι
2990 1092 3160 1162 αὐτὴν
3208 1093 3439 1160 γυναῖκα
3487 1091 3752 1162 ὑπάρχειν
3813 1092 3845 1161 ἢ

585 1191 731 1246 sitne
776 1189 970 1243 mulier
1022 1186 1136 1250 illa,
1182 1184 1266 1240 vel
1307 1184 1408 1237 vir.
1457 1182 1515 1237 Id
1561 1179 1706 1252 quod
1741 1186 1897 1234 actus
1942 1177 2157 1247 quidem

2262 1180 2451 1251 ἄνδρα.
2485 1180 2663 1251 "Amp
2694 1181 2785 1233 ἐπὶ
2825 1181 2924 1252 μὲν
2960 1181 3060 1252 τῆς
3097 1184 3377 1254 ἐνεργείας
3419 1182 3701 1251 ἀληθεύειν
3740 1199 3846 1250 φα-

585 1274 798 1337 ratione
836 1280 1017 1334 dicere
1049 1292 1176 1332 vere
1205 1290 1367 1346 posse
1402 1272 1672 1336 videmur,
1706 1285 1775 1326 ex
1810 1284 1944 1325 voce
1973 1275 2157 1321 tamen

2262 1270 2477 1341 νῶμεν,
2503 1272 2568 1323 ἐκ
2618 1272 2673 1324 δὲ
2718 1272 2817 1341 τῆς
2854 1273 3041 1344 φωνῆς
3089 1276 3186 1328 καὶ
3217 1274 3392 1344 ὂψεως
3435 1273 3703 1345 πρόδηλον
3748 1273 3849 1344 τὴν

583 1379 640 1429 et
673 1378 902 1441 aspectu
951 1368 1098 1422 haud
1127 1367 1419 1421 obscuram
1457 1362 1722 1416 habemus
1755 1358 1924 1413 maris
1953 1356 2037 1411 vel
2075 1354 2155 1411 fe—

2263 1363 2465 1431 γνῶσιν
2487 1362 2579 1415 τοῦ
2596 1380 2657 1415 τε
2685 1363 2916 1435 ἄρρενος
2938 1364 3031 1417 καὶ
3058 1363 3245 1436 θήλεος
3272 1365 3501 1435 ἔχοντες.
3523 1364 3637 1417 Οὐκ
3660 1364 3850 1432 ἀγνοεῖ

585 1462 747 1517 minae
777 1460 1164 1531 cognitionem.
1192 1455 1311 1511 Non
1346 1456 1561 1526 ignorat
1599 1453 1766 1524 igitur
1800 1450 1972 1506 Filius
2010 1448 2154 1504 diem

2262 1452 2442 1507 τοίνυν
2488 1456 2517 1507 6
2570 1453 2697 1518 Υίὸς
2735 1456 2835 1527 τὴν
2884 1455 3099 1527 ἡμέραν
3128 1455 3360 1528 καὶντὴν
3406 1450 3556 1527 ὥραν
3607 1454 3844 1525 ἐκείνην,

582 1563 637 1608 et
666 1552 855 1606 horam
892 1549 1062 1613 illam,
1090 1562 1217 1603 cum
1250 1546 1432 1601 omnia
1464 1545 1585 1614 ejus
1616 1543 1768 1613 signa
1804 1539 2158 1611 prodigiaque

2264 1544 2440 1597 πάντα
2469 1544 2639 1613 αὐτῆς
2659 1544 2729 1597 τὰ
2762 1547 2961 1616 σημεῖα
2994 1546 3090 1600 καὶ
3115 1545 3362 1619 φόϐητρα
3385 1545 3721 1617 προφαίνων,
3753 1546 3848 1599 καὶ

582 1641 847 1699 terribilia
872 1638 1155 1711 praedicat,
1185 1646 1239 1693 et
1261 1637 1421 1706 quasi
1446 1642 1769 1705 praesentem
1796 1633 1915 1689 suis
1940 1632 2156 1687 indiciis

2261 1630 2425 1683 οἱονεὶ
2457 1632 2738 1702 παροῦσαν
2776 1632 2945 1704 αὐτὴν
2979 1636 3089 1698 τοῖς
3120 1633 3465 1708 γνωρίσμασι
3491 1634 3842 1707 διαγράφω·

581 1735 891 1791 describat:
937 1738 1136 1788 verum
1189 1731 1365 1785 noluit
1421 1729 1629 1785 clarius
1700 1727 2032 1797 respondere
2087 1725 2154 1779 ad

2261 1721 2376 1776 ἀλλ’
2404 1723 2507 1776 οὑκ
2535 1723 2787 1778 ἐϐούλετο
2815 1725 3133 1796 σαφηνίζειν
3172 1727 3271 1797 τὴν
3299 1727 3513 1781 εἰκαίαν
3552 1726 3843 1797 ἐρώτησιν,

581 1839 775 1889 vanam
812 1824 959 1879 illam
994 1822 1376 1894 quaestionem,
1417 1819 1664 1888 adeoque
1699 1817 1996 1889 prudenter
2037 1830 2157 1871 om-

2263 1812 2573 1880 ἀγνοεῖσθαι
2630 1815 2675 1868 δ’
2722 1816 2891 1887 αὐτὴν
2934 1813 3101 1872 πᾶσιν
3146 1818 3374 1883 εἰκότως
3416 1818 3844 1890 προμηθεύεταιι

580 1918 748 1973 nibus
771 1924 830 1970 ut
853 1916 1232 1984 ignotaesset,
1260 1911 1497 1967 instituit
1516 1900 1532 1978 ξ
1558 1924 1667 1981 quo
1688 1908 1948 1964 nimirum
1970 1922 2160 1978 quam.

2263 1901 2403 1956 ὥστε
2434 1905 2617 1959 πᾶσαν
2656 1906 2869 1979 ἡμέραν
2915 1909 3010 1962 καὶ
3043 1908 3224 1980 ὥραν,
3275 1909 3491 1981 ἐκείνην
3532 1909 3846 1979 οἰομένουςι

580 2007 712 2070 libet
745 2006 889 2061 diem
924 2013 979 2059 et
999 2003 1193 2059 horam
1229 2003 1378 2056 illam
1404 2016 1528 2057 esse
1561 2000 1913 2062 arbitrantes,
1945 2000 2010 2054 ad
2036 2013 2155 2053 eam

2265 1986 2783 2067 παρασκευάζεσθαι
2818 1998 2956 2070 πρὸς
3003 1999 3195 2071 αὐτὴν,
3227 1999 3321 2054 καὶ
3364 2000 3644 2071 νηφόντως
3678 2017 3852 2071 καρα-

581 2110 972 2169 praeparemur,
1004 2100 1059 2150 et
1087 2072 1272 2149 sobrie
1301 2097 1686 2162 exspectemus
1720 2090 1892 2161 ipsam
1924 2089 2155 2145 venien-

2263 2086 2437 2140 δοκεῖν
2465 2086 2627 2141 αὑτὸν
2656 2088 2860 2158 ἥκοντα
2885 2091 3023 2163 πρὸς
3049 2090 3255 2144 ἔκτισιν
3277 2091 3386 2144 τῶν
3414 2091 3667 2145 ἐπάθλων
3694 2091 3850 2145 τοῦδε

580 2196 713 2252 tem,
758 2186 828 2241 ad
879 2184 1381 2255 compensatidnem
1442 2190 1609 2253 atque
1656 2183 2153 2240 remunerationem

2265 2176 2354 2229 τοῦ
2405 2176 2543 2247 βίου.
2571 2178 2789 2248 ’Δπαγε
2827 2180 3009 2235 τοίνυν
3059 2183 3159 2253 τῆς
3201 2182 3420 2247 ἀνοίας,
3455 2183 3678 2251 ἄγνοιαν
3719 2184 3852 2253 μιᾶς

581 2277 944 2334 certaminum
1008 2274 1173 2345 hujus
1236 2274 1379 2329 vitae.
1428 2273 1591 2329 Absit
1641 2274 1808 2352 igitur
1854 2273 2043 2345 procul
2090 2286 2153 2327 ea

2267 2267 2474 2339 ἡμέρας
2504 2270 2599 2323 καὶ⁵
2638 2269 2789 2340 ὥρας
2822 2272 3147 2344 καταληρῶν
3181 2274 3276 2328 τοῦ
3302 2274 3526 2345 ποιητοῦ
3562 2275 3670 2328 τῶν
3718 2273 3854 2327 aid»-

576 2368 871 2431 dementia,
915 2380 1037 2436 qua:
1076 2366 1473 2435 ignorationem
1524 2365 1689 2422 unius
1730 2363 1837 2419 diei
1899 2372 1954 2419 et
2006 2364 2155 2418 hom

2268 2376 2389 2423 νων,
2420 2359 2492 2414 ἐν
2520 2359 2566 2425 ᾧ
2598 2361 2821 2430 πάντες
2851 2366 2908 2417 οί
2937 2365 3231 2434 θησαυροί
3268 2365 3379 2434 τῆς
3397 2365 3623 2434 σοφίας
3659 2364 3855 2432 ὑπάρ-

575 2459 816 2531 quodam
862 2472 987 2514 eum
1033 2457 1227 2513 delirio
1258 2458 1449 2516 tribuit
1491 2457 1765 2513 conditori
1802 2457 2153 2519 saeculorum,

1914 2457 2153 2519 ulorum,
2263 2467 2466 2521 χουσι,
2500 2452 2683 2518 καθὼς
2710 2456 2874 2525 φησιν
2912 2458 2939 2509 6
2972 2456 3112 2523 ἱερὸς
3153 2456 3495 2521 ’Δπόστολος.

576 2551 633 2605 ἐκ
695 2565 797 2621 quo
841 2556 964 2603 sunt
1008 2563 1186 2603 omnes
1232 2547 1467 2602 thesauri
1517 2548 1789 2618 sapientia
1841 2548 1908 2614 '°,
1970 2542 2428 2617 quemadmodum
2495 2554 2721 2603 sanctus
2774 2546 2865 2601 ille
2925 2545 3216 2619 Apostolus
3267 2547 3527 2621 loquitur.

1012 2677 1531 2735 INTERROGATIO
1569 2679 1714 2735 XXI.

1682 2680 1714 2734 Ι.
2849 2681 3097 2736 ΠΕΥΣΙΣ
3133 2680 3243 2735 KA'
3255 2714 3269 2729 .

644 2791 785 2859 Quid
815 2792 1015 2864 igitur!
1043 2806 1175 2847 num
1212 2792 1368 2848 aliter
1394 2792 1543 2847 illam
1578 2796 1863 2862 cognoscit
1893 2790 2075 2857 Pater,
2097 2798 2153 2847 et

2332 2792 2398 2845 Τί
2432 2788 2560 2859 οὖν;
2597 2790 2772 2857 ἄλλως
2802 2794 2901 2864 μὲν
2929 2798 3189 2863 γινώσκει
3219 2797 3247 2849 6
3271 2796 3464 2869 Πατὴρ
3483 2799 3726 2870 ἐκείνην,
3757 2800 3854 2854 καὶ

576 2886 737 2942 aliter
757 2883 973 2939 Filius?

2259 2882 2437 2947 ἄλλως
2466 2887 2495 2938 6
2525 2884 2686 2950 Υίός;

1210 2996 1515 3067 Responsio.

2874 2996 3238 3066 Ἀπόκρισις.

643 3110 762 3170 Non
797 3112 959 3167 aliam
1003 3112 1225 3183 quidem
1265 3112 1501 3169 dicimus
1532 3110 1901 3182 cognitionem
1945 3109 2152 3174 Patris,

2327 3110 2441 3179 Οὐχ
2467 3109 2660 3181 ἑτέραν
2691 3110 2892 3176 γνῶσιν
2923 3112 3103 3182 φαμὲν
3135 3111 3231 3165 τοῦ
3262 3113 3495 3185 Πατρὸς,
3526 3110 3766 3184 θατέραν
3796 3111 3856 3167 δὲ

585 3203 749 3259 aliam
780 3217 911 3279 vero
938 3200 1061 3257 Filii
1092 3214 1145 3257 et
1174 3189 1435 3273 Spiritus,
1469 3200 1566 3258 scd
1592 3199 1742 3256 aliud
1774 3200 1993 3271 quidem
2024 3206 2149 3256 aetu

2269 3198 2348 3251 τοῦ
2402 3201 2601 3265 Παιδὸς
2645 3200 2870 3254 καὶτοῦ
2922 3202 3239 3272 Πνεύματος
3276 3203 3390 3274 (7),
3438 3203 3577 3257 ἀλλά
3627 3203 3693 3257 τὸ
3749 3204 3856 3275 μὲν

568 3294 928 3367 praeteritum,
958 3294 1107 3348 aliud
1131 3309 1260 3350 vero
1292 3294 1348 3349 in
1374 3294 1621 3348 futurum
1644 3304 2007 3349 reservatum.
2042 3294 2149 3348 Co-

2269 3291 2523 3361 πραχθὲν,
2554 3292 2616 3344 τὸ
2636 3292 2691 3345 δὲ
2719 3294 3135 3364 ταμιευόμενον.
3166 3294 3432 3348 Γινώσκει
3462 3292 3575 3365 γὰρ
3600 3296 3628 3347 6
3654 3295 3856 3367 Πατὴρ

565 3373 783 3457 gnoscit
810 3387 955 3441 enim
996 3378 1161 3441 Pater
1185 3385 1333 3441 illam
1365 3386 1557 3440 horam
1587 3383 1792 3455 duplici
1826 3385 2149 3456 cognitione

2271 3380 2469 3450 :xsiv'qv
2488 3384 2553 3453 τῇ
2587 3381 2737 3452 διττῇ
2771 3381 2974 3450 γνώσει
3004 3386 3100 3439 καὶ
3120 3386 3339 3455 πράξει,
3364 3388 3431 3457 τῇ
3458 3388 3556 3457 μὲν
3582 3386 3858 3461 δημιουρ-

566 3488 623 3531 et
647 3483 810 3542 actu;
841 3476 952 3529 alia
981 3476 1204 3545 quidem
1234 3474 1382 3547 quod
1414 3482 1674 3546 tanquam
1709 3473 1893 3553 opil‘ex
1921 3475 2146 3539 crearit,

2269 3474 2547 3545 γήσας,τῇ
2580 3474 2636 3527 δὲ
2671 3476 2862 3547 κρίνας
2896 3476 2984 3531 διὰ
3018 3477 3113 3530 τοῦ
3159 3477 3383 3550 γνησίου
3424 3478 3623 3544 Παιδὸς
3658 3484 3856 3553 κρίναι

569 3565 677 3620 alia
718 3581 844 3621 vero
888 3566 1035 3636 quod
1069 3565 1377 3622 decreverit
1416 3581 1515 3637 per
1563 3551 1905 3635 unigenitum
1944 3564 2147 3619 Filium

2272 3565 2483 3630 πάντας.
2520 3565 2782 3620 Γινώσκει
2811 3569 2854 3620 δ’
2884 3569 3054 3640 αὐτὴν
3080 3572 3174 3623 καὶ
3205 3573 3235 3625 6
3260 3572 3389 3634 Υἱὸς
3412 3567 3505 3625 ἴσα
3534 3572 3613 3645 τῷ
3642 3551 3859 3645 Γεννήο

564 3657 819 3727 judicare
853 3673 1067 3714 omnes.
1101 3657 1401 3729 CognOscit
1433 3668 1617 3713 autem
1668 3658 1844 3727 ipsam
1876 3665 1930 3712 et
1970 3655 2147 3713 Filius

2272 3671 2369 3724 τορι
2395 3654 2514 3707 κατ’
2539 3655 2743 3725 είδησιν
2774 3656 2867 3709 καὶ
2898 3657 3095 3728 πρᾶξιν
3121 3658 3541 3731 δημιουργικὴν,
3563 3662 3625 3713 οὺ
3656 3662 3859 3733 μέντοι

564 3753 853 3823 aequaliter
897 3767 1022 3807 cum
1075 3750 1371 3820 Genitore,
1422 3752 1724 3808 secundum
1769 3752 2059 3807 scientiam
2092 3761 2146 3807 et

2269 3748 2505 3817 ιριτικήν
2522 3763 2535 3776 '
2559 3746 2714 3799 οὔπω
2738 3746 2847 3817 γάρ
2872 3747 3105 3819 ἔκρινεν,
3132 3751 3258 3813 τοὺς
3285 3752 3382 3822 μὲν
3412 3752 3545 3823 πυρὶ
3564 3753 3856 3827 ἀσϐέστῳ,

565 3850 752 3897 actum
784 3843 1106 3909 creationis,
1140 3857 1251 3897 non
1274 3851 1455 3897 tamen
1478 3842 1695 3912 iudicii.
1722 3841 1974 3897 N0ndum
1998 3843 2144 3897 enim

2273 3836 2373 3899 ob;
2416 3836 2474 3890 δὲ
2508 3840 2686 3909 τρυφῇ
2727 3837 2951 3910 ἀλήκτῳ
2985 3841 3310 3912 ἀποκρίνας.
3347 3844 3463 3896 υύκ
3510 3845 3743 3911 ἀγνοίας
3796 3849 3860 3901 δὲ

561 3932 1151 4003 judiciumexercuit,
1192 3934 1422 3989 secretis
1462 3933 1530 3989 iis
1576 3933 1669 4004 qui
1697 3934 1781 3989 vel
1813 3928 2147 3989 inexsti'ricto

2272 3926 2432 3993 τοῦτο,
2476 3927 2613 3982 ἀλλά
2668 3932 3069 4001 μακροθυμίας,
3106 3934 3301 4006 καιρὸν
3338 3934 3685 4006 διορθώσεως
3722 3942 3859 4003 τοῖς

564 4024 699 4095 igni,
737 4025 829 4080 vel
862 4025 1128 4094 voluptati
1170 4034 1389 4079 αξιοι-ηαξ
1426 4025 1685 4080 destinati
1712 4033 1879 4080 sunt:
1913 4024 1966 4079 id
1998 4025 2143 4095 quod

2275 4022 2546 4092 ιοχθηροῖς
2580 4022 2983 4094 παρεχομένης,
3010 4025 3069 4077 ἐν
3087 4017 3131 4093 ᾧ
3153 4026 3279 4089 τοὺς
3303 4026 3378 4096 μὴ
3410 4026 3862 4099 καθαιρομένους

565 4128 676 4167 non
705 4113 1045 4183 ignorantiae,
1071 4111 1167 4167 sed
1193 4112 1626 4182 longanimitatis
1651 4122 1756 4177 est,
1784 4113 2144 4169 correctionis

2273 4112 2305 4166 ὺ
2335 4108 2524 4183 αἶσχος
2553 4113 2647 4166 καὶ
2677 4114 3016 4184 ὲκνήφοντας
3047 4115 3407 4187 ἐκτραγῳδῶν
3443 4119 3801 4185 καταυλίζων
3831 4126 3860 4177 ὁ

564 4210 782 4273 tempus
816 4204 1105 4275 ﬂagitiosis
1141 4203 1453 4272 praebentis.
1492 4202 1611 4269 Quo
1644 4202 1863 4272 quidem
1901 4213 2144 4273 tempore

2271 4204 2411 4259 ιαῆίδ
2455 4220 2654 4275 φησιν·
2700 4204 3031 4266 Δανείζὲται
3072 4209 3105 4260 ό
3154 4207 3525 4277 ἁμαρτωλὸς,
3572 4212 3675 4264 καί
3734 4217 3858 4270 οὐκ

563 4298 831 4361 quotquot
860 4304 891 4343 a
915 4288 1261 4359 turpitudine
1298 4304 1407 4343 non
1440 4296 1745 4359 purgantur
1778 4295 1834 4343 et
1857 4289 2139 4359 evigilant,

2274 4294 2521 4351 ίποτῑονει
2540 4315 2552 4329 ⁸
2578 4297 2737 4362 δάνος
2775 4299 2866 4351 τὸν
2897 4302 3088 4371 καιρὸν
3118 4302 3218 4373 τῆς
3262 4300 3414 4365 θείας
3454 4305 3861 4378 μακροθυμίας

564 4399 754 4439 eorum
801 4384 1079 4438 miseriam
1118 4382 1418 4437 decantans
1464 4389 1518 4436 et
1566 4381 1862 4452 deplorans
1909 4379 2141 4436 Davidcs

2276 4382 2443 4454 ηλῶν,
2469 4384 2679 4441 ἔκτισιν
2711 4387 2768 4440 δὲ
2800 4388 2894 4458 τὴν
2928 4391 3293 4459 μετάγνωσιν.
3326 4391 3438 4444 Καὶ
3460 4388 3615 4459 αὖθις
3638 4398 3670 4448 6
3704 4397 3861 4463 θεῖος

564 4476 774 4546 inquit:
806 4474 1053 4528 Humum
1068 4474 1256 4542 accipit
1285 4481 1551 4543 peccator,
1575 4485 1620 4525 el
1650 4490 1870 4528 usuram
1898 4491 2000 4527 non
2026 4490 2144 4542 per-

2277 4478 2442 4547 πάγει
2482 4480 2739 4551 μελῳδὸς,
2774 4481 2827 4533 Ὁ
2854 4480 2923 4534 δὲ
2953 4480 3187 4548 δίκαιος
3212 4482 3488 4551 οἰκτείροι
3525 4485 3625 4539 καί
3662 4487 3857 4543 δίδω-

562 4568 809 4622 soivet“.
841 4564 1081 4634 Tempus
1119 4565 1206 4617 hic
1236 4564 1449 4619 scilicet
1479 4563 1677 4618 divina:
1702 4565 2141 4636 longanimitatis

2272 4582 2367 4621 νιν.
2408 4569 2465 4621 '0
2492 4568 2666 4633 διδοὺς
2688 4610 2700 4633 ,
2726 4570 2860 4633 Θεὸς
2878 4611 2891 4634 ,
2914 4570 2975 4631 τὸ
3001 4568 3298 4641 διδόμενον,
3327 4573 3695 4643 μεταμελείας
3724 4594 3859 4632 και-

561 4659 896 4730 signiﬁcans,
934 4671 997 4711 ac
1032 4655 1420 4731 persolutionis
1449 4669 1583 4710 voce
1616 4656 1931 4727 intelligens
1967 4657 2135 4726 poeni-

2266 4658 2372 4720 >6;°
2404 4658 2664 4723 δανείζων
2698 4660 2805 4729 γὰρ
2838 4659 2972 4723 Θεὸς
3016 4660 3247 4731 βροτοῖς,
3286 4663 3532 4727 σπανίως
3572 4664 3605 4735 ἢ
3650 4669 3853 4735 μόγις,

560 4750 811 4803 tentiam.
863 4746 1175 4816 lterumque
1221 4744 1530 4799 divinorum
1585 4746 1890 4800 carminum
1949 4753 2140 4799 auctor

2272 4752 2279 4821 ᾖ
2316 4750 2423 4802 οὔδ’
2467 4750 2622 4815 ὅλως.
2656 4752 3057 4822 ἀπολαμϐάνει,
3104 4755 3266 4825 μέχρι
3300 4754 3489 4819 τέλους
3534 4755 3629 4809 τοῦ
3686 4758 3859 4827 ὀφεί-

560 4840 845 4911 subjungit
866 4860 878 4893 :
896 4838 1084 4893 Justus
1113 4848 1288 4892 autent
1313 4839 1610 4903 miseretur,
1637 4847 1687 4892 et
1720 4839 1899 4895 dat“.
1926 4838 2138 4905 Quibus

2278 4859 2428 4904 οντος
2478 4843 2762 4913 ἀναμένων
2811 4844 2910 4914 τὴν
2956 4844 3197 4899 ἔκτισιν·
3242 4846 3620 4916 δανειζόμενος
3665 4849 3729 4902 δὲ
3760 4851 3862 4904 διὰ

560 4935 619 4989 in
653 4932 833 4987 verbis
862 4930 1005 4986 Deus
1049 4936 1132 4985 est
1175 4929 1269 4999 qui
1302 4932 1431 4994 dat;
1479 4938 1696 5000 tempus
1742 4938 1925 4985 autem
1958 4932 2138 5000 pmni-

2271 4934 2371 4995 ῖοὺς
2404 4932 2571 4996 πέλας
2626 4933 2713 5003 τὸν
2763 4933 2943 4999 ἔλεον,
2992 4931 3146 4998 αὖθις
3180 4936 3580 4991 πολλαπλάσιον
3628 4940 3858 4996 ἀντιδί-

562 5023 743 5076 tentia:
776 5019 936 5076 estid
966 5018 1113 5089 quod
1144 5017 1329 5074 datur.
1366 5017 1618 5071 Mutuum
1649 5019 1792 5073 enim
1823 5004 1962 5074 dans
1990 5019 2137 5075 Deus

2267 5025 2431 5087 ῑωσιν,
2466 5024 2632 5087 ὀξέως
2673 5026 3003 5097 εὐεργετεῖν,
3049 5027 3291 5097 βραδέως
3323 5028 3573 5093 κολάζειν
3602 5033 3854 5099 είωθώς.

560 5112 897 5177 hominibus,
924 5112 1008 5166 vel
1041 5124 1185 5177 raro,
1220 5110 1302 5164 vel
1344 5110 1454 5175 vix,
1488 5110 1567 5163 vel
1598 5124 1879 5179 nunquam
1913 5111 2134 5181 recipit,

2272 5115 2368 5166 Ετι
2396 5114 2506 5186 γὰρ
2537 5116 2631 5169 καὶ
2668 5116 2781 5170 νῦν
2807 5117 3024 5182 ἀσεϐεῖς
3060 5118 3433 5187 θεοστυγοῦσι,
3469 5123 3563 5174 καὶ
3612 5122 3856 5178 ἄπιστοι

560 5220 735 5274 usque
761 5202 830 5257 ad
857 5202 1016 5257 linem
1036 5200 1298 5257 debitoris
1320 5208 1645 5271 exspectans
1675 5202 2137 5271 persolutioncm.

2274 5207 2359 5267 αἶς
2389 5206 2698 5276 θεουργίαις
2724 5208 3237 5275 ὲπισκάζουσιηούδ
3266 5213 3438 5282 ἑτέρῳ
3464 5216 3563 5283 τῆς
3587 5214 3857 5279 διανοίας

559 5296 807 5351 liutuum
836 5302 1018 5349 autem
1044 5292 1337 5362 accipiens,
1358 5302 1579 5362 propter
1601 5292 1882 5361 proximos
1910 5294 2129 5348 miseri-

2270 5296 2340 5358 ἀς
2373 5296 2559 5367 βάσεις
2607 5298 2915 5371 ἐρίζοντες,
2958 5301 3053 5353 καὶ
3096 5302 3137 5371 ἠέ
3180 5302 3362 5356 ἀδικία
3411 5308 3625 5374 κρατεῖ,
3671 5307 3782 5359 καὶ
3827 5312 3857 5361 ὁ

557 5390 805 5444 cordiam
862 5402 1056 5442 rursus
1113 5384 1480 5454 multiplicans
1534 5384 1809 5449 retribuit,
1842 5400 1965 5439 cum
2026 5386 2135 5439 cito

2271 5387 2435 5458 ιριτὴς
2482 5388 2854 5460 μακροθυμεῖ,
2901 5392 3007 5457 ἕως
3052 5390 3153 5464 τῆς
3201 5393 3459 5463 δευτέρας
3506 5393 3642 5463 πρὸς
3687 5398 3858 5467 ἡμᾶς

633 5570 675 5602 ’⁸
706 5570 770 5624 Ill
803 5569 938 5641 Reg.
969 5586 1007 5634 ι,
1039 5570 1090 5635 l,
1123 5570 1178 5635 5,
1207 5570 1258 5625 Al.
1338 5568 1382 5600 ⁸ο
1413 5568 1625 5641 Coloss.
1665 5584 1725 5633 ll,
1750 5568 1805 5622 3.
1890 5568 1932 5599 “
1967 5566 2113 5623 Psal.
2149 5584 2217 5621 xx

1165 5612 1178 5635 ,
1207 5570 1258 5625 Al.
1338 5568 1382 5600 ⁸ο
1413 5568 1625 5641 Coloss.
1665 5584 1725 5633 ll,
1750 5568 1805 5622 3.
1890 5568 1932 5599 “
1967 5566 2113 5623 Psal.
2149 5569 2453 5636 XXXVI,‘2L
2535 5568 2580 5601 ⁶²
2612 5570 2742 5625 ibid.

625 5731 705 5806 (Ἰ)
739 5731 1118 5806 Πγςε-ιᾷματος.
1150 5729 1251 5806 Sic
1306 5730 1712 5806 rescripsimus
1752 5748 1853 5806 pro
1918 5733 2129 5803 Πατρός

2267 5732 2564 5799 iujusmodi
2590 5777 2603 5799 ,
2645 5735 2787 5789 haud
2840 5735 3216 5806 inl'requenter
3245 5736 3452 5791 librarii
3491 5736 3854 5795 confundere

560 5800 702 5875 quod
730 5800 1001 5875 exhibent
1037 5800 1189 5875 editi.
1226 5800 1419 5875 Atque
1454 5803 1526 5875 ita
1581 5802 1791 5875 legebat
1841 5800 2135 5875 interpres.
2246 5815 2674 5875 consueverunt,
2709 5812 2767 5858 ut
2814 5822 2924 5875 piae
2969 5800 3181 5861 caeteris
3225 5808 3483 5863 observat
3518 5807 3856 5867 Cotelerius

563 5857 695 5923 Nam
730 5857 1332 5941 Πνεύρῗατος-Πατρδς,
1376 5857 1661 5940 Πνεύματῗ
1711 5872 1884 5943 Πατρί
1924 5857 2140 5943 aliaque

1711 5872 1884 5943 Πατρί
1924 5857 2140 5943 aliaque
2248 5870 2485 5926 Nonum.
2515 5857 2674 5929 Eccl},
2694 5857 2783 5926 Cr.
2814 5857 2949 5932 10m.
2978 5857 3260 5949 ll,p.ii09.
