4020 6302
558 400 657 459 887

948 504 1463 564 INTERROGATIO
1499 503 1732 558 XXVI".

637 602 741 657 Sed
770 614 937 672 quare
966 615 1072 654 non
1104 604 1290 668 aperte
1316 595 1557 650 Joannes
1585 602 1637 648 et
1671 597 1736 648 de
1764 594 1943 647 anima
1962 593 2119 656 dixit,

563 696 706 767 quod
740 692 1095 762 assumpserit
1125 705 1263 754 eam,
1299 689 1441 742 sicut
1471 687 1603 741 dicit
1641 686 1708 740 de
1742 684 1949 739 carne?

1191 777 1493 845 Responsio.

637 875 775 929 Num
800 887 950 943 ergo,
974 871 1098 941 quia
1120 870 1251 923 dicit
1274 867 1577 937 Scriptura,
1600 862 1747 934 quod
1776 861 1966 917 fecerit
1984 859 2123 913 Deus

570 965 866 1026 hominem,
899 970 1125 1029 accepto
1158 956 1223 1014 de
1270 966 1416 1012 terra
1457 957 1702 1026 pulvere,
1747 968 1848 1009 nec
1894 948 2125 1010 addidit,

570 1053 715 1123 quod
750 1052 938 1106 fecerit
979 1056 1163 1119 caput,
1201 1056 1293 1101 aut
1324 1046 1630 1111 cerebrum,
1672 1051 1765 1097 aut
1808 1044 1995 1111 hepar,
2039 1050 2130 1094 aut

570 1145 833 1214 splenem,
878 1148 971 1194 aut
1006 1139 1315 1209 pulmonem
1353 1156 1366 1191 :
1408 1151 1515 1191 non
1560 1136 1703 1205 quod
1741 1141 1933 1189 caetera
1974 1132 2129 1185 deni-

572 1246 679 1302 que
710 1229 980 1283 naturalia
1031 1228 1086 1280 in
1120 1226 1281 1279 nobis
1314 1239 1514 1278 arcana
1546 1222 1753 1287 fecerit,
1790 1220 1913 1275 ideo
1950 1220 2131 1289 priva.

572 1332 658 1377 tos
691 1336 833 1381 esse,
874 1330 927 1375 et
970 1319 1079 1372 illis
1112 1331 1302 1371 carere
1341 1330 1437 1370 nos
1474 1313 1808 1382 putabimus,
1849 1310 1979 1380 quia
2021 1324 2130 1363 non

573 1412 777 1481 qumvis
800 1411 1002 1462 minuta
1030 1416 1227 1461 nostrae
1261 1413 1467 1459 naturae
1490 1417 1690 1473 organa
1721 1402 1935 1456 Litterae
1964 1414 2135 1455 sacris

572 1494 899 1551 recensent?
945 1493 1010 1547 Ut
1057 1493 1223 1563 igitur
1268 1492 1322 1545 in
1369 1490 1809 1546 consideratione
1854 1488 2025 1542 nostri
2062 1502 2132 1541 ex

574 1594 724 1653 parte
752 1590 920 1637 totum
948 1583 1319 1652 cognoscitur,
1342 1584 1421 1636 sic
1443 1588 1495 1633 et
1527 1586 1773 1632 sanetum
1807 1576 1974 1631 Deum
2004 1574 2136 1629 Ver-

577 1677 706 1728 bum
742 1681 853 1726 tam
898 1672 1089 1726 anima:
1124 1686 1285 1741 quam
1332 1670 1550 1737 corpori
1596 1668 1808 1721 unitum
1848 1666 1970 1721 esse
2014 1680 2135 1719 cre-

576 1763 802 1827 damus,
842 1777 909 1816 ne
955 1762 1308 1815 inanimatum
1349 1760 1589 1813 divinum
1635 1757 1765 1811 illud
1809 1771 2008 1825 corpus
2046 1770 2136 1808 ar-

580 1855 870 1919 bitrantes,
916 1852 1025 1908 Deo
1060 1851 1324 1922 quasdam
1368 1850 1681 1904 alfectiones
1722 1842 2001 1902 naturales
2040 1846 2138 1899 tri-

578 1945 827 1997 buamus.

996 2026 1504 2083 lNTERROGATIO
1540 2022 1731 2080 XXIX.

650 2119 755 2176 Sed
784 2120 1055 2191 quomodo
1110 2119 1336 2188 aequalis
1375 2116 1521 2171 Patri
1556 2115 1857 2173 secundum
1889 2114 2140 2169 divinita-

581 2222 688 2269 tem
718 2220 803 2267 est
830 2211 1107 2275 Christus,
1143 2210 1330 2281 angori
1359 2218 1413 2264 et
1442 2208 1631 2265 sudori
1669 2207 1962 2271 obnoxius,
1994 2216 2047 2261 et
2074 2210 2142 2260 ab

579 2303 769 2372 angelo
798 2302 1174 2365 conﬁrmatus,
1212 2298 1670 2369 quemadmodum
1706 2298 1773 2352 de
1810 2298 1926 2366 ipso
1969 2294 2144 2349 Lucas

580 2392 759 2461 inquit
793 2390 835 2457 ⁸,
881 2389 947 2445 de
976 2390 1174 2459 quibus
1211 2402 1375 2459 supra
1419 2386 1721 2458 quaestione
1761 2393 1908 2443 mota
1952 2399 2142 2439 eorum

580 2480 1005 2535 declarationem
1033 2478 1385 2549 praeteriisti?

1208 2568 1513 2637 Responsio.

654 2677 757 2731 Per
812 2676 926 2731 hate
973 2674 1263 2731 manifesto
1311 2676 1594 2741 docemur,
1646 2688 1757 2729 non
1805 2670 2146 2742 imaginarie,

585 2784 687 2824 nec
729 2768 1005 2823 hominum
1036 2767 1319 2836 opinione,
1356 2766 1449 2820 sed
1499 2779 1557 2819 re
1593 2766 1710 2834 ipsa
1747 2765 1931 2835 potius
1965 2763 2151 2816 nobis-

585 2874 710 2912 cum
746 2859 955 2911 unitum
989 2871 1111 2911 esse
1147 2856 1328 2909 virum
1368 2854 1502 2909 illud
1538 2862 1592 2908 et
1629 2870 1722 2923 per
1754 2869 1813 2909 se
1844 2853 2150 2919 subsistens

587 2955 837 3003 sanctum
864 2945 1028 2999 Deum
1055 2944 1316 3009 Verbum,
1347 2953 1576 3013 excepto
1600 2944 1717 2998 Solo
1747 2954 1968 3013 peccato
1990 2952 2152 3012 atque

587 3040 739 3101 vitio,
785 3052 905 3106 quae
935 3036 1128 3090 cadere
1171 3034 1409 3088 divinam
1457 3036 1513 3088 in
1548 3043 1796 3087 naturam
1842 3046 2149 3103 nequeunt;

592 3143 713 3180 nam
742 3128 863 3196 angi
904 3127 1127 3189 animae,
1165 3118 1364 3179 sudare
1409 3138 1535 3178 vero
1577 3123 1823 3193 corporis
1864 3138 1983 3178 esse
2014 3123 2151 3176 dici-

589 3236 747 3284 mus;
797 3217 1126 3286 sanguineas
1173 3227 1352 3271 autem
1403 3222 1584 3285 guttas
1624 3230 1654 3269 e
1716 3230 1879 3268 carne
1931 3213 2153 3269 eﬁ‘erve-

590 3318 828 3370 scentes,
867 3315 1019 3375 puto,
1071 3321 1164 3373 per
1205 3314 1546 3359 emanantem
1584 3303 1871 3373 liquorem,
1914 3303 2152 3359 infusum

591 3398 749 3453 nobis
789 3412 884 3466 per
926 3411 1085 3449 aures
1121 3410 1387 3448 venenum
1426 3395 1698 3462 serpentis
1750 3392 1804 3446 in
1842 3400 2153 3463 transgres-

593 3494 747 3546 sione
778 3488 943 3543 divini
978 3487 1033 3539 in
1064 3485 1317 3555 paradiso
1348 3483 1623 3553 prmcepti,
1656 3498 1751 3552 per
1784 3484 2035 3536 unionem
2061 3480 2155 3535 Dei

548 3647 556 3655 υ
592 3589 646 3637 et
676 3576 837 3634 Verbi
878 3593 907 3631 a
951 3585 1136 3631 nostra
1179 3584 1374 3630 natura
1425 3575 1760 3643 abstergere,
1810 3590 1878 3627 ne
1927 3573 2159 3642 amplius

595 3669 989 3726 sacriﬁciorum
1024 3664 1213 3720 nidore
1240 3674 1292 3718 et
1332 3667 1616 3733 sanguine,
1655 3665 2000 3732 ﬁliorumque
2044 3677 2156 3716 ma-

594 3761 926 3815 ctationibus
971 3774 1001 3811 a
1049 3757 1204 3810 nobis
1248 3756 1459 3809 colatur
1506 3763 1698 3808 auctor
1746 3755 1837 3810 ille
1891 3746 2156 3808 malorum

597 3854 829 3908 tlzemon.
849 3850 1036 3918 Neque
1057 3848 1282 3917 angelus
1310 3848 1687 3909 corroborare,
1722 3850 1988 3915 suumque
2011 3861 2162 3899 crea-

599 3954 771 3995 torem
807 3938 1133 3993 conﬁrmare
1170 3936 1301 3989 mihi
1334 3935 1567 3989 videtur.
1601 3934 1885 3999 Quomodo
1905 3935 2047 3987 enim
2084 3932 2162 3986 fa-

600 4032 780 4085 mulus
826 4026 1103 4082 dominum
1148 4026 1515 4087 conﬁrmaret,
1568 4034 1661 4078 aut
1700 4025 1924 4094 spiritus
1956 4033 2163 4092 petram

599 4119 1012 4177 corroboraret?
1040 4116 1172 4169 Nam
1201 4124 1345 4183 petra
1370 4124 1481 4167 erat
1506 4113 1764 4178 Christus,
1800 4115 1972 4182 inquit
2007 4114 2164 4167 divus

601 4213 692 4266 ille
728 4209 1022 4278 Apestolus
1047 4208 1087 4257 ⁷.
1125 4206 1186 4259 Et
1217 4222 1428 4268 rursus,
1464 4206 1567 4270 Qui
1608 4206 1736 4273 facit
1787 4206 1996 4273 angelos
2044 4220 2164 4257 suos

600 4304 817 4371 spiritus
844 4302 885 4354 ⁸.
914 4300 1069 4362 ltem,
1099 4299 1305 4367 Absque
1347 4298 1487 4350 omni
1528 4298 1903 4359 controversia,
1937 4298 2109 4350 minus
2134 4313 2165 4348 a

602 4392 800 4461 majore
814 4390 1130 4446 benedicitur
1158 4397 1205 4441 et
1229 4388 1575 4454 confirmatur
1597 4389 1636 4439 ³.
1663 4390 1739 4441 Ex
1753 4388 1951 4456 quibus
1973 4387 2168 4440 merito

602 4483 956 4552 intelligatur,
1009 4487 1231 4550 propter
1261 4494 1460 4532 novum
1496 4487 1548 4532 et
1594 4478 1894 4532 inauditum
1932 4478 2169 4531 miracu-

606 4574 723 4629 lum
752 4572 994 4627 victoriae
1043 4570 1247 4625 Cbristi
1294 4569 1437 4639 quod
1473 4576 1791 4622 secuturum
1827 4576 1963 4633 erat,
2000 4569 2172 4621 victo-

607 4664 792 4718 rialem
826 4660 1117 4730 quamdam
1155 4660 1389 4728 speciem
1426 4659 1674 4727 angelum
1707 4658 1981 4724 exhibere,
2007 4657 2171 4713 Mosis

606 4752 933 4825 legislatoris
982 4752 1146 4805 verba
1197 4752 1378 4819 reipsa
1446 4750 1834 4813 declarantem,
1886 4750 1978 4819 qui
2046 4759 2171 4804 ante

607 4846 755 4899 mille
778 4853 832 4899 et
865 4844 1047 4912 plures
1088 4856 1260 4897 annos
1293 4842 1561 4895 exclamat
1592 4842 1636 4871 ¹⁰
1663 4860 1673 4892 :
1702 4839 2002 4903 Exsultate,
2037 4842 2172 4904 caeli,

608 4954 726 4989 cum
752 4952 830 4999 eo,
858 4933 1115 5003 quoniam
1148 4933 1200 4987 id
1228 4932 1373 5002 quod
1406 4931 1676 4999 dejeetum
1705 4944 1821 4985 erat
1848 4932 1912 4985 ad
1938 4946 2173 5001 superna

611 5027 862 5089 reduxit;
905 5034 954 5077 et
994 5023 1217 5076 adorent
1260 5022 1428 5091 ipsum
1460 5037 1635 5083 omnes
1679 5022 1848 5090 angeli
1896 5021 2017 5085 Dei,
2051 5036 2173 5075 cum

611 5132 709 5172 sua
781 5116 900 5169 loca
961 5113 1243 5167 hominum
1310 5108 1630 5167 accessione
1684 5114 1867 5182 augeri
1917 5120 2174 5174 cernant;

611 5206 893 5267 exsultare,
931 5214 1124 5273 gentes,
1158 5218 1273 5255 cum
1320 5202 1510 5270 populo
1544 5202 1677 5270 ejus,
1722 5210 1773 5255 et
1807 5209 2073 5269 quotquot
2111 5218 2177 5254 ex

611 5297 869 5368 gentibus
902 5293 1147 5355 Enocho,
1174 5291 1309 5357 Noe,
1347 5292 1675 5354 Abrahamo,
1704 5290 1913 5355 lsaaco,
1950 5290 2176 5355 Jacobo,

612 5386 871 5455 Josepho,
920 5382 1128 5445 Davidi,
1176 5381 1395 5437 Christo
1430 5390 1483 5437 et
1529 5382 1789 5435 Ecclesiae
1821 5391 1947 5436 sunt
1989 5382 2177 5446 additi,

614 5476 864 5546 quoniam
907 5474 1121 5543 sanguis
1155 5473 1387 5541 ﬁliorum
1431 5474 1565 5540 ejus,
1616 5471 1811 5541 inquit,
1862 5470 2178 5533 vindicatur,

616 5569 663 5612 et
691 5559 993 5621 vindicabit,
1025 5567 1073 5611 et
1110 5558 1352 5611 retribuet
1405 5558 1652 5611 ultionem
1682 5558 1931 5624 inimicis,
1977 5571 2026 5613 et
2061 5560 2179 5612 odio

689 5716 707 5743 ⁸
738 5713 1038 5787 l_.u_c_._xxn,
1089 5716 1167 5778 ii,
1204 5718 1285 5771 45.
1367 5717 1383 5745 ⁷
1426 5714 1588 5770 ίίῖοτ.
1631 5732 1682 5780 x,
1722 5715 1772 5769 4.

622 5799 727 5838 800.
759 5782 895 5835 ιΛΧ

1606 392 1662 447 s.
1700 391 1997 447 cassam!
2037 390 2363 448 esseom:
2403 354 2703 446 ramus

1865 5720 1884 5747 "
1914 5716 2055 5771 Psal.
2099 5734 2211 5782 en,
2248 5718 2311 5779 l;
2350 5715 2509 5772 llcbr.
2556 5729 2589 5782 ι,
2627 5712 2675 5766 7.

3681 386 3789 454 888

2799 501 3043 557 ΠΕΥΣΙΣ
3071 502 3199 555 κη’.

2298 596 2407 649 Καὶ
2463 595 2548 647 διὰ
2590 596 2640 647 τί
2677 592 2750 663 μὴ
2779 592 3025 663 φανερῶς
3057 588 3207 644 εἶπεν
3257 588 3529 660 Ἰωάννης,
3577 590 3659 643 ὅτι
3696 592 3791 641 καὶ

2225 684 2405 757 ψυχὴν
2427 685 2634 749 ἔλαϐεν,
2659 684 2733 745 ῶς
2760 685 2886 754 περὶ
2917 684 3011 752 τῆς
3039 682 3234 753 σαρκὸς
3254 682 3429 751 λέγεις

2832 774 3184 840 Ἀπόκρισις.

2295 862 2363 919 ’Δ
2376 866 2420 936 ρ’
2450 860 2560 928 οὖν,
2594 865 2717 918 ἐπεί
2752 865 2966 933 φησινὴ
2992 862 3202 933 Γραφὴ,
3225 862 3305 913 ὅτι
3335 856 3631 928 ὲποίησενό
3658 853 3793 918 Θεὸς

2228 958 2318 1009 τὸν
2369 955 2671 1026 ἄνθρωπον,
2732 952 2861 1024 χοῦν
2920 951 3029 1005 ἀπὸ
3082 952 3181 1021 τῆς
3228 949 3332 1017 γῆς
3365 947 3566 1009 λαϐὼν,
3608 945 3700 998 καὶ
3728 943 3793 997 οὐ

2231 1044 2583 1116 προσέθηκεν,
2615 1044 2695 1095 ὅτι
2735 1041 2953 1110 ἐποίησε
2984 1038 3224 1109 κεφαλὴν
3271 1036 3305 1107 ἢ
3340 1035 3655 1103 ἐγκέφαλον,
3695 1034 3796 1101 οὐχ

2230 1128 2401 1204 ἧπαρ,
2456 1132 2489 1202 ἦ
2534 1131 2745 1200 σπλῆνα
2780 1130 2872 1184 καὶ
2911 1127 3205 1196 πνεύμονα,
3244 1124 3344 1192 οὐχ
3383 1120 3570 1190 ἕτερόν
3603 1138 3655 1172 τι
3685 1117 3798 1169 τῶν

2233 1221 2472 1294 φυσικῶν
2508 1220 2840 1291 μυστηρίων,
2878 1217 3027 1289 παρά
3060 1215 3219 1269 τοῦτο
3251 1215 3485 1285 ἐρήμους
3512 1210 3605 1262 καὶ
3632 1206 3802 1276 ἀκτή·

2237 1332 2402 1386 μονας
2424 1313 2645 1367 ἐκείνων
2676 1311 2898 1373 ἑαυτοὺς
2928 1308 3221 1379 οἰηθῶμεν,
3256 1305 3330 1375 μὴ
3360 1298 3804 1386 λεπτηγορούσης

2232 1384 2331 1474 si);
2354 1404 2393 1456 Γ
2399 1402 2575 1474 ραφῆς
2620 1400 2689 1454 τά
2739 1396 2943 1467 φυσικά
2982 1395 3138 1466 ἡμῶν
3165 1394 3405 1465 ὃργανα;
3443 1389 3532 1449 Ὠς
3562 1385 3690 1454 γοῦν
3716 1384 3803 1474 ὲφξ

2235 1473 2389 1565 ἡμῶν
2418 1492 2525 1546 ἀπὸ
2560 1490 2758 1562 μέρους
2802 1489 2862 1540 τὸ
2892 1488 2998 1540 πᾶν
3026 1483 3463 1553 διαγινώσκεται,
3500 1476 3670 1537 οὕτως
3708 1473 3809 1565 καὶ

2234 1562 2325 1637 rev
2370 1584 2523 1650 ἅγιον
2565 1581 2696 1633 Θεὸν
2722 1578 2897 1646 Λόγον
2980 1576 3126 1645 ψυχῇ
3168 1575 3260 1627 καὶ
3305 1570 3515 1640 σώματι
3562 1562 3809 1636 ἡνῶσθαι

2236 1673 2637 1739 πιστεύσωμεν·
2668 1670 2754 1721 ἵνα
2773 1668 2846 1738 μὴ
2869 1666 3072 1736 ἄψυχον
3082 1665 3142 1717 τὸ
3167 1664 3307 1716 θεῖον
3331 1660 3487 1729 σῶμα
3502 1654 3806 1717 δοκοῦντες,

2241 1763 2313 1833 τῷ
2345 1761 2463 1831 Θεῷ
2489 1758 2629 1813 κατά
2661 1758 2823 1827 φύσιν
2846 1756 2991 1827 πάθη
3017 1752 3406 1827 προσάψωμεν.

2824 2046 3072 2100 ΠΕΥΣῙΣ
3110 2044 3240 2098 ΚΘ¹⁵

2314 2145 2416 2199 Καὶ
2442 2142 2557 2207 πῶς
2590 2136 2705 2203 ἶσος
2741 2138 2818 2209 τῷ
2860 2137 3033 2206 Πατρὶ
3078 2134 3219 2188 κατά
3243 2133 3471 2200 θεότητα
3513 2131 3543 2181 ὁ
3582 2124 3817 2197 Χριστὸς

2243 2234 2449 2305 ἀγωνίᾳ
2499 2232 2594 2286 καὶ
2645 2228 2828 2300 ἱδρῶτι
2863 2225 3238 2295 συνεχόμενος,
3287 2221 3381 2273 καὶ
3433 2217 3537 2271 ὑπὸ
3582 2214 3819 2305 ἀγγέλου

2244 2301 2838 2395 ἐνισχυόμενος,καθὼς
2868 2319 2897 2370 ὁ
2928 2316 3142 2376 Λουκᾶς
3170 2312 3297 2382 περὶ
3326 2307 3488 2392 αὑτοῦ
3513 2305 3693 2372 Mysi;
3722 2301 3820 2395 καὶ

2245 2392 2501 2484 ἀνωλιέρω
2547 2409 2655 2479 γὰρ
2702 2407 2907 2461 τούτων
2946 2402 3272 2473 κινηθέντων
3320 2396 3672 2469 παρέδραμες
3716 2392 3819 2460 τὴν

2244 2508 2595 2575 διασάφησιη

2864 2587 3220 2653 Ἀπόκρισις.

2320 2683 2512 2754 Σαφῶς
2544 2684 2611 2734 ὲκ
2642 2679 2847 2734 τούτων
2894 2671 3278 2743 παιδευόμεθα,
3322 2669 3381 2721 οὐ
3431 2662 3707 2754 φαντασίαι
3724 2659 3827 2754 καὶ

2248 2749 2486 2844 δοκήσει,
2517 2769 2746 2840 ἀληθείᾳ⁵
2774 2767 2831 2818 δὲ
2864 2763 3063 2837 μᾶλλον
3089 2761 3157 2814 τὰ
3196 2758 3438 2829 ἡμέτερα
3463 2753 3702 2820 ἡνῶσθαι
3731 2749 3825 2844 sou

2252 2840 2427 2932 ζῶνίτα
2458 2863 2552 2916 καὶ
2582 2859 2943 2915 ὲνυπόστατον
2976 2854 3131 2921 ἅγιον
3164 2850 3295 2903 Θεὸν
3320 2848 3511 2916 Λόγον,
3548 2844 3685 2914 πλὴν
3729 2840 3828 2912 μό-

2251 2973 2348 3027 νης
2389 2955 2489 3025 τῆς
2517 2955 2729 3006 ἀνοσιου
2776 2945 3004 3008 κακίας’
3043 2940 3389 2997 ἀνεπίδεκτον
3420 2936 3529 3006 γάρ
3554 2934 3728 3027 αὐτῆς
3766 2932 3830 2985 τὸ

2253 3024 2547 3103 ΘεῖονξΤδ
2592 3042 2699 3112 γὰρ
2749 3037 2986 3106 ἀγωνιᾷν
3026 3034 3125 3102 τῆς
3178 3031 3377 3100 ψυχῆς,
3410 3028 3471 3080 τὸ
3517 3026 3575 3079 δὲ
3620 3024 3830 3095 ἱδροῦν,

2254 3138 2345 3192 τοῦ
2376 3133 2623 3205 σώματός
2650 3146 2829 3199 φαμεν
2849 3144 2863 3157 ·
2894 3128 3017 3187 τοὺς
3054 3124 3110 3177 δὲ
3142 3120 3397 3191 αἱμώδεις
3430 3116 3696 3187 θρόμὸους
3712 3114 3831 3205 ’τῆς

2260 3201 2972 3298 σαρκὸς-ἐκδραττομένους,
3007 3213 3167 3276 δοκῶ,
3216 3209 3304 3263 διὰ
3338 3209 3436 3278 τῆς
3485 3201 3835 3298 ἐκδιδομένης

2254 3295 2473 3381 νοέίδος,
2504 3313 2594 3366 τὸν
2627 3309 2917 3380 ὲγχεθέντα
2957 3308 3087 3375 ἡμῖν
3121 3303 3185 3354 δι’
3216 3300 3385 3367 ἀκοῆς
3416 3298 3493 3352 ἰὸν
3516 3295 3609 3349 τοῦ
3631 3295 3834 3361 ὅψεως,

2260 3410 2352 3461 ἐπὶ
2386 3410 2451 3477 τῇ
2486 3403 2795 3474 παραϐάσει
2823 3400 2923 3469 τῆς
2950 3396 3100 3457 θείας
3142 3395 3198 3446 ὲν
3231 3388 3543 3477 παραδείσῳ
3589 3384 3833 3477 ἐντολῆς.

2258 3500 2321 3566 τῇ
2358 3470 2546 3547 ὲνῶσει
2571 3470 2671 3544 ⁷τοῦ
2705 3488 2864 3555 Θεοῦ,
2902 3486 2994 3539 καὶ
3033 3483 3230 3549 Λόγου,
3282 3479 3382 3549 τῆς
3426 3475 3636 3566 φύσεως
3674 3470 3839 3566 ἡμῶν

2258 3558 2622 3655 ἑκμόζεσθαι·
2660 3580 2799 3632 ὥστε
2849 3574 3046 3647 μηκέτι
3093 3571 3341 3629 κνίσσαις
3373 3566 3465 3619 καὶ
3498 3564 3690 3633 αἵμασι
3739 3558 3840 3612 καὶ

2262 3652 2666 3732 παιδοκτονίαις
2696 3671 2784 3737 ὑφ’
2809 3665 2963 3736 ἡμῶν
2992 3658 3389 3731 θρησκεύεσθαι
3416 3656 3506 3708 τὸν
3528 3652 3841 3723 ἀρχέκακον

2260 3763 2506 3833 δαίμονα.
2541 3759 2673 3813 Οὐδὲ
2708 3754 2933 3823 ἅγγελος
2984 3747 3391 3821 ὲπιρῤωννύειν,
3436 3745 3530 3797 καὶ
3578 3740 3842 3811 σθεναρὸν

2264 3850 2540 3905 ἀποτελῶν
2588 3849 2676 3901 τὸν
2722 3843 2911 3897 ἑαυτοῦ
2965 3838 3189 3908 ποιητὴν
3224 3837 3487 3905 ἐνισχύειν
3536 3850 3622 3902 μοι
3669 3831 3837 3883 δοκεῖ.

2267 3943 2391 4004 Πῶς
2440 3940 2547 4011 γὰρ
2582 3936 2804 4004 ὀἰκέτης
2841 3930 3109 3999 δεσπότην
3150 3925 3501 3997 ἐνισχύσειεν,
3539 3923 3571 3990 ἠ
3621 3922 3844 3990 πνεῦμα

2268 4008 2471 4100 πέτραν
2499 4008 2988 4095 υποστερηνήσειεν
3034 4019 3192 4088 (sic);
3232 4015 3299 4067 Ἦ
3322 4014 3429 4085 γὰρ
3498 4011 3683 4080 πέτρα
3704 4008 3783 4079 ἦν
3809 4012 3841 4063 d

2258 4119 2720 4190 Χριιῖτὸς,φησ“ιν
2764 4118 2791 4168 ὁ
2844 4113 2984 4175 θεῖος
3029 4107 3365 4170 ’Δπόστολος.
3412 4106 3521 4160 Καὶ
3555 4104 3735 4167 πάλιν,
3785 4103 3843 4154 Ὁ

2268 4212 2453 4267 ποιῶν
2483 4210 2619 4274 τοὺς
2648 4207 2939 4276 ἀγγέλους
2986 4200 3172 4255 αὑτοῦ
3214 4198 3550 4265 πνεύματα·
3587 4195 3680 4247 καὶ
3728 4198 3843 4249 πά-

2267 4305 2369 4367 λιν,
2406 4299 2590 4366 Χωρὶς
2617 4296 2817 4360 πάσης
2842 4290 3185 4358 ἀντιλογίας
3212 4287 3277 4340 τὸ
3307 4285 3558 4339 ἔλαττον
3590 4283 3705 4337 ὑπὸ
3730 4284 3845 4367 τοῦ

2271 4365 2609 4461 κρείττονος
2661 4380 2988 4451 εὐλογεῖται
3039 4377 3135 4430 καὶ
3189 4375 3551 4443 ὲνισχύεται.
3626 4369 3716 4434 Ἐξ
3767 4365 3846 4423 ὧν

2278 4484 2500 4543 εἰκότως
2532 4476 2753 4532 νοείσθω
2784 4473 2923 4542 ὑπὲρ
2959 4470 3054 4522 τοῦ
3091 4467 3375 4539 μέλλοντος
3412 4462 3713 4534 παραδόξου
3738 4462 3847 4531 τῆς

2275 4576 2430 4642 νίκης
2452 4565 2687 4639 Χριστοῦ
2712 4561 2974 4617 ἐπινίκιόν
2994 4578 3044 4613 τι
3079 4558 3266 4628 σχῆμα
3285 4556 3376 4609 τὸν
3398 4553 3624 4623 ἄγγελον
3648 4555 3843 4617 ποιεῖν,

2277 4664 2421 4732 ἔργῳ
2446 4660 2511 4712 τὰ
2535 4656 2775 4717 Μωσέως
2803 4652 2895 4704 τοῦ
2922 4648 3209 4721 νομοθέτου
3234 4645 3578 4716 παριστῶντα
3603 4645 3846 4715 ῥήματα,

2276 4754 2380 4823 πρὸ
2414 4749 2598 4820 χιλίων
2634 4745 2728 4797 καὶ
2760 4744 2871 4798 ἀνω
2900 4740 3104 4810 χρόνων
3134 4736 3429 4807 διαρρήδην
3463 4734 3707 4802 βοῶντος·
3736 4733 3851 4786 Εὐ.

2278 4832 2891 4911 φράνθητεμοῠρανοὶ,
2944 4830 3063 4898 ἅμα
3107 4825 3283 4890 αὐτῷ,
3317 4827 3397 4877 ὅτι
3428 4824 3496 4876 τὰ
3541 4825 3689 4877 κάτω
3734 4823 3849 4876 ἄνω

2279 4932 2555 4999 ἀνήγαγε,
2611 4925 2710 4977 καὶ
2767 4918 3365 4990 προσκυνησάτωσαν
3410 4914 3569 4979 αὐτῷ
3624 4913 3851 4977 πάντες

2282 5020 2519 5089 ἄγγελοι
2553 5014 2722 5077 Θεοῦ,
2772 5013 2867 5075 τὰς
2910 5010 3057 5079 σφῶν
3108 5008 3289 5078 χώρας
3322 5005 3603 5076 προσθήκῃ
3640 5002 3850 5073 βροτῶν

2284 5108 2583 5178 αὐξομένας
2612 5105 2876 5176 ὁρῶντες·
2918 5100 3323 5169 Εὐφράνθητε,
3356 5097 3521 5162 ἔθνη,
3548 5094 3699 5163 μετὰ
3738 5093 3851 5147 τοῦ

2284 5200 2434 5254 λίιοῦ
2466 5194 2671 5255 αὐτοῦ,
2714 5196 2761 5246 οἱ
2803 5192 2860 5258 ἐξ
2892 5185 3187 5259 ὲθνῶν,³τῷ
3231 5186 3421 5256 Ἑνὼχ,
3457 5184 3534 5255 τῷ
3575 5183 3848 5254 Ἀϐραὰμ,

2284 5291 2362 5358 τῷ
2403 5287 2605 5351 Ίσαάκ,
2631 5283 2707 5354 τῷ
2765 5282 2981 5348 Ἰωσὴφ,
3023 5279 3100 5348 τῷ
3150 5278 3334 5338 Δασὶδ,
3380 5276 3459 5345 τῷ
3495 5272 3731 5343 Χριστῷ,
3783 5278 3852 5337 τῇ

2300 5379 2592 5448 Ἐκκλησία
2646 5372 3073 5445 προστιθέμενοι,
3126 5370 3309 5423 ὅτιτὸ
3352 5366 3491 5435 αἷμα
3539 5363 3657 5417 τῶν
3707 5364 3853 5416 υἱῶν

2289 5468 2493 5527 αὐτοῦ,
2532 5467 2715 5535 φησιν,
2750 5460 3085 5521 ἐκδικεῖται,
3127 5458 3225 5509 καὶ
3256 5453 3583 5521 ἐκδικήσει,
3616 5453 3715 5505 καὶ
3746 5453 3849 5506 ἀν-

2290 5557 2615 5613 ταποδὼσει
2651 5554 2827 5618 δίκην
2859 5552 2980 5617 τοῖς
3013 5548 3265 5619 ἐχθροῖς,
3291 5547 3385 5601 καὶ
3419 5546 3541 5609 τοῖς
3564 5543 3855 5614 μισοῦσιν

2788 5710 2806 5741 ’
2835 5708 2995 5763 Hebr.
3033 5723 3123 5767 vn,
3165 5708 3213 5759 7.
3318 5705 3359 5736 ‘°
3393 5702 3547 5757 Deut.
3580 5714 3749 5764 xxxii,
3784 5701 3855 5756 i3
