4020 6302
176 407 279 471 889

176 525 363 579 αὐτὸν
399 524 839 591 ἀνταποδώσει,
880 526 975 579 καί
1023 524 1356 594 ἐκκαθαριεῑ
1390 523 1607 591 Κύριος
1636 526 1751 586 τὴν

179 612 301 682 τῆν
341 613 447 667 τοῦ
498 614 656 666 λαοῦ
694 613 898 667 αὐτοῦ.
949 614 1105 667 Ἀλλά
1138 615 1231 668 καὶ
1276 615 1309 666 t5
1352 612 1549 682 ὑψηλὸς
1589 610 1750 662 Ἀπό-

183 703 390 769 στολος,
428 705 708 768 ἐπινικίως
746 706 1003 776 ἐνισχύων
1035 706 1111 775 τῷ
1143 704 1382 776 Χριστῷ,
1430 706 1586 773 φησὶ,
1622 704 1754 770 Χρι-

182 793 333 857 στὸς
373 795 523 847 Θεοῦ
569 794 836 863 δύναμις,
881 795 981 848 καὶ
1014 795 1161 849 Θεοῦ
1191 795 1396 863 σοφία.
1431 794 1542 847 Καὶ
1568 793 1750 855 πάλιν,

182 879 258 943 ὼς
286 884 480 953 νικητῇ
515 885 695 937 πᾶσαν
726 884 901 937 κτίσιν
940 884 1257 938 ποτνιᾶσθαι
1286 883 1435 953 αὑτῷ
1462 882 1749 947 παιδεύων,

185 971 374 1040 φησὶν,
425 972 527 1024 Ἐν
552 972 633 1036 τῷ
662 973 903 1041 ὀνόματι
950 974 1145 1040 Ἰησοῦ
1172 974 1429 1043 Χριστοῦ
1457 972 1579 1027 πᾶν
1606 974 1752 1041 γόνυ

186 1057 409 1127 κάμψει
472 1060 874 1129 ἐπουρανίων,
930 1064 1029 1117 καί
1079 1065 1373 1133 ἐπιγείων,
1437 1064 1532 1116 καὶ
1588 1061 1754 1115 πᾶσα

185 1145 441 1212 γλῶσσα
505 1148 1008 1218 ἐξομολογήσεται
1078 1150 1254 1217 αὐτῷ.
1323 1150 1635 1227 Συμφὼνως
1695 1151 1753 1204 δέ

183 1234 359 1306 τούτῳ
391 1236 713 1307 βροντόπαις
757 1244 1022 1313 Ἰωάννης,
1061 1244 1338 1306 ἐπινικίως
1371 1242 1632 1310 Θεολογῶν
1664 1242 1753 1293 τὸν

182 1323 439 1393 Χριστὸν,
476 1329 638 1398 φησί·
672 1332 783 1384 Kal
808 1332 1176 1402 ἐθεασάμεθα
1198 1334 1311 1401 τὴν
1332 1334 1520 1397 δόξαν
1543 1331 1751 1397 αὐτοῦ,

179 1414 375 1479 δόξαν
402 1418 484 1481 ὡς
505 1421 882 1489 Μονογενοῦς
906 1425 1065 1492 παρὰ
1095 1427 1326 1492 Πατρός
1346 1442 1358 1457 ⁸
1384 1424 1619 1493 πλήρης
1648 1424 1755 1492 χά-

170 1521 343 1571 ριτος
375 1508 477 1562 καὶ
519 1510 840 1577 ἀληθείας.
883 1512 973 1584 Τῷ
999 1514 1055 1567 δὲ
1112 1515 1329 1586 ἀγγέλῳ
1362 1518 1617 1586 ἑπόμενοι
1660 1516 1754 1570 καὶ

181 1598 365 1664 ἡμεῖς,
399 1596 512 1653 οἷον
544 1600 861 1672 ἐνισχύομεν
889 1606 1169 1670 ἐπινικίως
1207 1607 1297 1661 τὸν
1324 1607 1555 1678 Χριστὸν
1583 1609 1640 1660 ἐν
1676 1607 1755 1678 τῷ

181 1689 359 1759 καιρῷ
406 1691 507 1760 τῆς
559 1692 709 1757 θείας
747 1694 856 1748 τῶν
910 1697 1185 1765 μυστικῶν
1234 1699 1456 1768 τελετῆς
1503 1698 1752 1767 βοῶντες,

179 1778 307 1835 Ὀτι
335 1780 457 1835 σόν
483 1784 552 1837 τὸ
594 1785 811 1853 κράτος
842 1788 938 1841 καὶ
974 1790 1013 1856 ἡ
1051 1791 1339 1853 ,ϐασιλεία
1376 1793 1473 1845 καὶ
1511 1794 1549 1859 ὴ
1577 1792 1755 1846 δύνα-

173 1887 281 1937 μις
324 1873 423 1926 καί
454 1876 494 1943 ὴ
534 1875 701 1941 δόξα.
755 1878 884 1932 Ἰδοὺ
916 1880 976 1931 τὸ
1008 1882 1184 1935 ἑνικὸν
1222 1883 1318 1953 τῆς
1364 1883 1754 1952 θείαςφύσεως

177 1958 274 2012 τοῦ
309 1961 525 2033 Πατρὸς
553 1965 649 2018 καὶ
677 1966 771 2020 τοῦ
790 1967 945 2035 Υἱοῢ,
979 1971 1071 2023 καὶ
1113 1970 1206 2024 τοῦ
1232 1972 1388 2039 ἁγίου
1415 1972 1751 2044 Πνεὺματος.

251 2140 431 2210 Ὅπερ
452 2141 617 2212 νόμος
630 2145 725 2198 καὶ
751 2148 863 2211 τοῖς
890 2150 1174 2216 γυμνικοῖς
1200 2150 1428 2218 ἀγῶσιν,
1448 2152 1543 2205 εἶτ’
1560 2136 1618 2204 ἐν
1649 2169 1755 2205 σω·-

178 2231 608 2299 μασκίαις,τοὺς
620 2237 895 2307 ἀνδρείους
910 2240 1004 2292 καὶ
1026 2240 1339 2311 ρωμαλέους
1356 2242 1462 2295 τῶν
1484 2242 1752 2311 ἀθλητῶν,

175 2318 297 2387 ἦτοι
324 2326 742 2394 παγκρατείαις,
764 2329 890 2392 τοὺς
914 2330 988 2400 (8)
1022 2332 1125 2383 ὑπὸ
1153 2333 1451 2405 μειρακίων
1479 2334 1638 2389 τινῶν
1663 2335 1755 2389 καὶ

179 2411 379 2481 κομιδῆ
403 2413 559 2479 νέων,
595 2417 816 2487 μηδέπω
853 2420 1047 2484 ἰούλοις
1077 2422 1175 2485 τὰς
1201 2424 1433 2495 παρειὰς
1467 2425 1755 2495 σκιαζομέ-

178 2516 323 2561 νων,
380 2500 781 2571 ὑποφωνεῖσθαι
827 2508 922 2561 καὶ
974 2510 1309 2578 ἀλείφεσθαι,
1369 2511 1509 2565 ὥστε
1561 2515 1755 2577 αὐτοὺς

176 2590 532 2659 σφριγῶντας
569 2594 938 2669 στὲρῤοτέρως
985 2601 1125 2653 κατά
1168 2601 1277 2654 τῶν
1308 2603 1618 2656 ἀντιπάλων
1650 2624 1755 2673 χω-

178 2680 326 2747 ρεῖν·
359 2681 459 2751 οὐχ
501 2682 584 2735 δτι
617 2683 807 2757 ῥώμης
854 2688 949 2741 καὶ
976 2688 1297 2755 -εὐσθενείας
1336 2694 1448 2754 τοῖς
1492 2692 1754 2763 ἀνδρείοις

172 2766 334 2836 παρά
380 2769 491 2823 τῶν
545 2772 944 2846 ἀσθενεστέρων
1001 2778 1367 2851 ἐπιτιθεμένης,
1418 2781 1553 2834 ἀλλά
1606 2782 1755 2851 νόμῳ

171 2858 273 2912 καὶ
309 2860 633 2933 ἀκολουθίας
670 2864 882 2935 ἑκάστῳ
914 2866 1147 2935 δράματι
1178 2870 1623 2939 προηγουμένῖδν.
1661 2875 1756 2923 Δε-

176 2950 437 3015 σποτείας
467 2953 685 3019 πάντως
712 2955 872 3026 νόμος
905 2956 1007 3009 ὑπὸ
1036 2957 1144 3011 τῶν
1171 2960 1393 3013 οἰκετῶν
1415 2960 1750 3029 ἀλείφεσθαι,

174 3038 273 3091 καὶ
331 3038 707 3094 θωπεύεσθαιυ
763 3043 1035 3113 πλήρωμα
1084 3045 1141 3098 δὲ
1188 3048 1353 3117 νόμου
1406 3050 1674 3119 Χριστὸς,
1725 3052 1753 3103 ὀ

176 3128 400 3181 πάντων
431 3129 565 3209 ὁιιοῦ
608 3132 907 3203 Δεσπότης·
956 3134 1116 3204 νόμος
1152 3135 1208 3187 δὲ
1242 3135 1508 3203 ἀγγέλοις,
1545 3138 1633 3191 τὸν
1669 3156 1754 3191 σοι

176 3218 277 3285 φδν
310 3221 539 3290 ποιητὴν
586 3222 678 3275 καὶ
719 3222 984 3293 δεσπότην
1014 3224 1280 3279 θωπεύειν
1312 3226 1405 3279 καὶ
1442 3228 1753 3280 ὑποσαίνειν

178 3308 615 3380 βοηθουμένους,
670 3313 731 3366 οὐ
783 3313 1127 3385 βοηθοῦντας.
1193 3317 1255 3369 El
1307 3317 1416 3389 γὰρ
1464 3318 1563 3389 τῆς
1625 3319 1753 3390 παρ’

175 3400 407 3452 ἐκείνων
436 3400 618 3471 ἰσχύος
644 3402 833 3466 ἐδεῖτο,
880 3403 1058 3473 πολλῷ
1111 3404 1309 3473 μᾶλλον
1345 3407 1403 3457 ἐν
1445 3407 1509 3476 τῇ
1562 3406 1754 3476 ἐρήμῳ

176 3492 591 3562 τεσσαράκοντα
642 3494 863 3565 ἡμερῶν
909 3496 1015 3548 ὑπὸ
1066 3496 1169 3549 τοῦ·
1214 3496 1459 3551 διαϐόλου
1500 3497 1755 3568 πειραζὸ-

181 3595 347 3647 uno;
382 3580 596 3650 ἐκείνης
647 3583 860 3653 ἐδεήθη.
924 3585 1062 3637 Ἀλλ’
1116 3585 1236 3640 οὐδὲ
1295 3604 1397 3639 που
1445 3590 1509 3658 τῇ
1564 3588 1749 3658 Γραφῇ

176 3669 342 3723 τοῦτο
369 3671 604 3743 είρηται’
643 3676 917 3743 ’Ἄγγελοι
948 3676 1077 3748 γὰρ,
1110 3678 1266 3746 φησὶ,
1314 3679 1753 3744 προσελθόντες

175 3760 282 3813 οὐκ
314 3760 589 3831 ἐϐοήθουν,
624 3764 759 3817 ἀλλὰ
786 3763 1109 3832 διηκόνουν
1142 3765 1335 3830 αὐτῷ’
1368 3768 1504 3838 ὅπερ
1551 3768 1751 3837 ἐναργῆ

178 3850 277 3904 τοῦ
324 3850 423 3920 μὲν
470 3852 567 3922 τὴν
621 3853 957 3921 δεσποτείαν,
1002 3855 1109 3909 τῶν
1138 3857 1320 3927 δὲτὴν
1348 3859 1590 3911 οίκετίαν
1609 3876 1753 3929 παρ-

178 3943 383 4013 ίστησι,
419 3944 573 3997 Κατά
614 3941 705 3999 οὖν
731 3946 823 3999 τὸν
854 3948 1182 4002 ἁποδοθέντα
1231 3948 1386 4016 λόγον
1418 3950 1641 4003 νοείσθω
1684 3951 1752 4004 τὰ

176 4032 318 4102 περὶ
366 4032 459 4085 τοῦ
514 4035 767 4102 ἀγγέλου.
832 4037 968 4091 Οὔτε
1019 4040 1126 4109 γὰρ
1179 4040 1247 4094 τὰ
1296 4041 1425 4108 ἆγια
1478 4040 1755 4110 Χερουϐὶμ.

179 4120 460 4190 ἁγιασμοῦ
509 4124 877 4192 προσδίδονται
922 4129 980 4179 ἐν
1027 4127 1238 4197 οὐρανῷ
1283 4132 1348 4199 τῇ
1401 4129 1520 4199 θεία
1568 4130 1754 4198 Τριάδι

175 4213 464 4282 ἁσιγήτως
479 4214 538 4266 τὸ
558 4215 776 4284 Ἀγιος,
796 4216 982 4285 ἅγιος,
997 4218 1182 4287 ἅγιος,
1198 4220 1325 4274 ὅταν
1352 4221 1719 4290 ἀντιφωνοῦσιν
1735 4237 1749 4253 ⁸

177 4303 294 4357 οὐδ’
336 4299 403 4356 αὖ
454 4304 639 4365 πάλιν.
675 4308 828 4376 ἡμῶν
871 4310 927 4362 ἐν
975 4306 1541 4380 τρισαγίῳ,”Αγιος-δ
1588 4314 1749 4380 Θεὸς,

176 4393 351 4461 ἅγιος
380 4394 655 4463 ἰσχυρὸς,
692 4395 853 4466 ἅγιος
878 4400 1193 4464 ἀθάνατος,
1236 4400 1566 4479 ἐκϐοὼντιυν,
1595 4405 1752 4473 ἁγια-

178 4483 325 4556 σμδν
356 4484 389 4555 ἢ
428 4487 583 4556 ἰσχὺν
616 4486 649 4557 ἢ
682 4486 971 4545 ἀθανασίαν
1000 4489 1063 4543 τὸ
1100 4490 1252 4546 Θείον
1285 4493 1503 4547 ἐνίεται.

790 4881 1037 4933 ΠΕΥΣῙΣ
1086 4882 1161 4934 A’.

265 4990 491 5054 Ἱκανῶς
536 4989 667 5059 περὶ
698 4990 801 5043 τῶν
837 4991 996 5045 θείων
1032 4992 1479 5063 προσταχθέντων
1514 5011 1594 5047 σοι
1627 4998 1757 5066 παρ’

172 5080 343 5151 ἡμῶν
386 5078 748 5150 διδαχθέντες,
780 5082 876 5145 τὰς
901 5082 1012 5145 τῶν
1052 5083 1294 5152 ἀνοήτων
1320 5083 1549 5153 δεόμεθα
1575 5084 1759 5137 λοιπὸν

172 5171 567 5240 ἀνατραπῆναι
606 5170 807 5239 φωνάς.
850 5172 1077 5239 Λέγουσι
1122 5171 1229 5240 γὰρ
1276 5172 1488 5237 ἀγνοεῖν
1530 5175 1619 5225 τὸν
1650 5174 1762 5225 Σω-

172 5261 334 5330 τῆρα
383 5261 443 5314 τὸ
498 5260 594 5313 τοῦ
644 5259 894 5330 Λαζάρου
933 5262 1141 5330 μνῆμα,
1191 5262 1283 5315 καὶ
1327 5262 1425 5331 τὴν
1475 5262 1761 5335 ἁψαμένην

178 5349 278 5405 τοῦ
317 5349 623 5421 κρασπέδου
660 5350 1106 5421 αἱμορῤ[ο]οὖσαν
1133 5352 1386 5417 γυναῖκα,
1414 5351 1507 5404 καὶ
1530 5352 1612 5405 ὅτι
1642 5352 1761 5405 οὐδὲ

262 5514 309 5545 ²¹
345 5510 514 5568 lCor.
550 5527 589 5570 ι,
627 5510 716 5563 ει.

184 5585 238 5618 ⁸⁸
271 5582 380 5636 lsa.
418 5597 490 5646 vr,
522 5582 573 5635 3.

855 5503 896 5541 ἰ
931 5507 1164 5579 Philipp.
1209 5523 1269 5573 ιι,
1324 5508 1413 5573 ιο,
1466 5510 1551 5563 ιι.

262 5715 344 5784 (8)
381 5718 533 5768 Ἤτοι
565 5713 995 5784 παγκραζειάις,
1028 5712 1188 5784 τούς.
1218 5710 1344 5784 Hoc,
1366 5725 1601 5784 comma,
1638 5714 1753 5783 ἦτοι

180 5782 610 5856 παγκρατείαις,
636 5782 1067 5838 transferendum
1108 5790 1232 5835 ante
1273 5782 1395 5844 τοὺς
1438 5782 1742 5852 ἀνδρείους,

1521 404 1865 463 DIALOCUS
1894 405 1931 460 Ι.

1684 5512 1726 5543 ’³
1758 5511 1912 5572 Joan.
1954 5534 1991 5583 ι,
2030 5520 2113 5574 Η.

3317 404 3424 461 890

1854 523 2282 590 prosequentibus
2313 523 2480 591 ipsum
2512 522 2789 588 retribuet,
2822 530 2869 577 et
2897 521 3205 593 expurgabit
3246 520 3428 577 Damt-

1856 628 1953 665 nus
1996 622 2205 665 terram
2238 614 2419 680 populi
2448 613 2551 667 sui.
2596 612 2704 667 Sed
2756 620 2809 668 et
2846 613 3081 669 eximius
3127 610 3427 680 Apostolus

1853 702 2150 756 victoriose
2181 703 2235 756 in
2261 704 2481 758 Christo
2500 718 2561 758 se
2587 704 2915 758 confirmans
2936 702 3148 771 inquit:
3180 700 3426 755 Christus

1852 802 1930 846 est
1962 794 2058 847 Dei
2087 796 2315 861 potentia
2354 805 2403 848 et
2441 794 2533 849 Dei
2569 797 2823 864 sapientia
2850 797 2916 847 “.
2963 793 3031 846 Et
3070 807 3264 846 rursus
3304 804 3427 845 tan-

1855 900 2017 953 quam
2058 885 2163 955 ipsi
2197 886 2392 939 victori
2421 900 2639 939 omnem
2670 893 2979 939 creaturam
3024 898 3084 939 se
3110 882 3427 951 sdpplicilcr

1856 976 2179 1032 submittere
2210 977 2437 1039 docens,
2470 976 2647 1045 inquit
2678 996 2690 1031 :
2731 974 2797 1031 In
2828 975 3034 1028 nomine
3061 972 3189 1027 Jesu
3225 972 3426 1027 Christi

1856 1082 2007 1118 omne
2034 1082 2163 1136 genu
2207 1081 2262 1119 se
2298 1065 2489 1133 ﬂectet,
2529 1063 2817 1118 ccelestium
2858 1072 2909 1117 et
2956 1061 3321 1123 terrestrium;
3377 1068 3427 1112 et

1856 1158 2025 1212 omnis
2058 1159 2237 1225 lingua
2270 1154 2605 1223 conﬁtebitur
2625 1154 2672 1207 ei
2700 1155 2763 1207 “.
2794 1153 2931 1208 Cum
2959 1148 3061 1205 hoc
3082 1158 3265 1204 autem
3294 1165 3427 1203 con-

1855 1250 2103 1303 sentiens
2138 1248 2285 1301 ﬁlius
2315 1248 2405 1301 ille
2446 1246 2671 1299 tonitrui
2701 1244 2963 1306 Joannes,
2992 1243 3059 1296 de
3087 1242 3308 1295 Christo
3344 1240 3423 1293 vi-

1855 1339 2094 1393 etoriose
2120 1339 2501 1399 concionatur,
2529 1338 2582 1390 in
2605 1336 2717 1390 haec
2746 1334 2944 1390 verba:
2977 1332 3043 1384 Et
3066 1330 3428 1399 conspeximus

1852 1430 2075 1500 gloriam
2122 1429 2257 1497 ejus.
2296 1428 2520 1497 gloriam
2568 1426 2707 1481 velut
2750 1422 3013 1493 Unigeniti
3058 1440 3088 1474 a
3124 1421 3304 1483 Patre,
3339 1420 3428 1487 qui

1852 1520 2035 1589 plenus
2073 1528 2150 1574 est
2176 1520 2353 1589 gratia
2390 1528 2439 1572 et
2477 1519 2693 1571 veritate
2737 1517 2801 1569 η.
2839 1514 3111 1585 Angelum
3160 1518 3339 1564 autem
3374 1516 3428 1563 et

1854 1625 1955 1665 nos
1983 1610 2284 1674 imitemur,
2319 1608 2478 1678 quasi
2512 1607 2902 1661 eonfirmantes
2933 1605 3224 1658 victoriose
3264 1601 3426 1657 Chri-

1856 1707 2025 1765 stum,
2077 1706 2319 1768 tempore
2370 1697 2567 1751 divinae
2625 1697 2775 1771 illius
2827 1711 3012 1749 rerum
3068 1693 3423 1764 mysticarum

1854 1786 2372 1850 administrationis,
2406 1786 2709 1839 clamantes
2738 1803 2751 1837 :
2788 1784 2926 1850 Quia
2959 1792 3049 1835 tua
3075 1791 3151 1835 est
3172 1783 3426 1850 potentia,

1854 1890 1905 1933 et
1940 1888 2087 1931 tuum
2117 1887 2196 1932 est
2247 1893 2484 1945 regnum,
2523 1886 2571 1929 et
2598 1885 2851 1944 potestas,
2896 1882 2945 1926 et
2980 1872 3149 1941 gloria
3195 1871 3257 1923 ιδ.
3290 1869 3429 1923 Ecce

1854 1969 2118 2023 unitatem
2154 1966 2352 2021 divina:
2386 1975 2614 2030 naturae,
2651 1979 2843 2032 nempe
2872 1963 3073 2025 Patris,
3103 1969 3154 2015 et
3192 1958 3338 2024 Filii,
3375 1966 3432 2012 et

1855 2057 2093 2130 Spiritus
2120 2058 2322 2113 sancti.

1922 2150 2241 2205 Consimilis
2285 2156 2338 2203 et
2379 2147 2437 2203 in
2472 2146 2741 2219 gymnicis
2774 2144 3170 2201 certaminibus
3202 2156 3430 2197 consue-

1855 2240 1993 2295 tudo
2020 2247 2127 2303 est,
2164 2244 2279 2293 sive
2327 2238 2383 2291 in
2430 2235 2708 2291 exercitiis
2737 2249 3027 2303 corporum
3064 2248 3128 2286 ac
3171 2230 3430 2286 certami-

1854 2332 2037 2394 nibus,
2062 2337 2121 2384 ut
2148 2329 2364 2383 athletae
2392 2326 2563 2382 fortes
2598 2334 2762 2396 atque
2792 2325 3005 2379 robusti
3046 2324 3430 2378 adolescentu—

1855 2424 2029 2478 lorum
2076 2429 2129 2475 et
2174 2418 2467 2473 admodum
2508 2417 2793 2487 juvenum,
2816 2415 3018 2484 quibus
3061 2414 3240 2467 adhue
3280 2412 3429 2466 nulla

1856 2513 2035 2567 barbae
2062 2512 2317 2580 lanugine
2343 2523 2494 2579 genae
2525 2513 2911 2576 conteguntur,
2936 2502 3430 2558 acclamationibus

1854 2603 2164 2657 excitentur
2192 2608 2245 2655 et
2278 2608 2579 2670 unguntur,
2625 2611 2736 2666 quo
2777 2596 2968 2665 vigore
3010 2594 3246 2663 quodam
3282 2592 3429 2646 aucti

1858 2692 2055 2747 fortius
2086 2692 2140 2745 in
2170 2689 2516 2745 adversarios
2548 2688 2792 2742 tendant.
2832 2684 2950 2739 Non
2981 2684 3127 2755 quod
3167 2685 3334 2738 robur
3377 2692 3433 2738 et

1857 2780 2119 2835 fortitudo
2167 2781 2235 2835 ab
2274 2776 2727 2833 imbecillioribus
2762 2774 3141 2845 suppeditetur
3170 2773 3430 2838 fortibus,

1854 2874 1949 2928 sed
1992 2873 2137 2942 quod
2174 2880 2326 2926 certa
2381 2872 2498 2940 lege
2538 2876 2592 2922 et
2636 2868 2829 2922 ordine
2877 2864 3266 2921 consueverint
3316 2863 3432 2921 haec

1855 2962 2180 3034 przecedere.
2212 2961 2447 3017 Dominii
2481 2959 2700 3029 quidem
2736 2966 2885 3012 certe
2914 2958 2998 3011 lex
3032 2965 3137 3019 est,
3183 2962 3241 3007 ut
3272 2968 3301 3006 a
3348 2952 3432 3006 fa-

1852 3052 2017 3108 mulis
2047 3053 2163 3107 beri
2206 3059 2481 3120 ungantur
2511 3057 2677 3118 atque
2729 3047 3017 3110 colantur;
3071 3045 3207 3114 legis
3250 3050 3429 3097 autem

1855 3144 2135 3213 plenitudo
2179 3150 2263 3197 est
2293 3140 2570 3203 Christus,
2616 3136 2710 3207 qui
2742 3136 2984 3189 omnium
3023 3135 3075 3189 in
3114 3134 3428 3188 universum

1854 3234 2115 3288 Dominus
2146 3241 2260 3297 est;
2297 3229 2505 3298 angelis
2540 3242 2667 3281 vero
2693 3228 2973 3295 proposita
3002 3225 3085 3279 lex
3115 3234 3219 3287 est,
3254 3232 3311 3276 ut
3338 3236 3431 3277 sa»

1853 3326 2089 3395 pientem
2125 3322 2282 3375 illum
2320 3318 2660 3375 conditorem
2688 3327 2741 3373 et
2769 3318 2962 3371 herum
2991 3330 3151 3370 suum
3185 3314 3433 3369 studiose

1853 3416 2038 3471 colant
2088 3425 2249 3482 atque
2280 3412 2648 3474 demulceam,
2692 3416 2746 3463 et
2786 3409 2855 3462 ab
2892 3421 2957 3461 eo
3000 3406 3279 3474 iuventur,
3321 3419 3433 3457 non

1853 3521 1976 3561 eum
2005 3504 2107 3575 ipsi
2136 3504 2346 3573 juvent.
2383 3500 2517 3553 Nam
2554 3500 2601 3554 si
2635 3500 2857 3553 illorum
2894 3496 3093 3551 robore
3140 3494 3431 3563 indigeret,

1854 3597 2027 3649 multo
2076 3595 2251 3663 magis
2294 3593 2347 3645 in
2386 3591 2624 3653 deserto,
2674 3589 2803 3642 dum
2860 3587 3220 3657 quadraginta
3251 3585 3369 3639 dies
3402 3598 3433 3637 a

1852 3684 2076 3738 diabolo
2104 3690 2427 3741 tentaretur,
2469 3679 2816 3747 indiguisset.
2848 3675 3048 3729 Verum
3081 3675 3131 3728 id
3166 3672 3342 3727 sacris
3377 3673 3433 3725 in

1854 3774 2077 3829 Litteris
2109 3786 2380 3841 nusquam
2413 3770 2667 3823 traditur.
2706 3769 2890 3837 Angeli
2923 3767 3068 3821 enim
3108 3756 3431 3824 accedentes,

1854 3883 1965 3922 non
2007 3866 2432 3928 auxiliabantur,
2468 3863 2561 3915 sed
2597 3859 2971 3914 ministrabant
3018 3858 3064 3909 ei
3097 3856 3163 3910 ¹⁸.
3196 3854 3253 3907 ld
3287 3852 3434 3922 quod

1855 3957 2133 4011 evidenter
2166 3954 2314 4007 illius
2368 3952 2586 4021 quidem
2634 3951 2970 4011 dominium,
3015 3946 3205 3999 horum
3251 3950 3431 3997 autent

1855 4045 2248 4113 subiectionem
2290 4042 2651 4096 demonstrat.
2707 4037 3018 4092 Secundum
3064 4036 3206 4087 hanc
3269 4033 3435 4101 igitur

1856 4134 2125 4219 ratimtem
2168 4132 2469 4201 expositam
2524 4129 2902 4197 intelligantur
2945 4126 3048 4179 ista
3102 4124 3170 4179 de
3218 4122 3430 4191 angelo.

1858 4212 2044 4295 Neque
2082 4224 2227 4278 enim
2257 4221 2433 4277 sancti
2465 4221 2543 4274 illi
2578 4218 2875 4273 Cberubim
2916 4214 3195 4286 quidpiam
3228 4212 3433 4267 sancti-

1859 4316 1989 4370 tatis
2016 4314 2279 4369 addentes
2309 4314 2363 4365 in
2404 4312 2546 4367 creto
2576 4318 2779 4366 sanctas
2809 4306 3083 4370 Trinitati,
3116 4304 3435 4369 sineinter-

1860 4407 2147 4467 missione,
2176 4404 2427 4466 Sanctus,
2454 4414 2689 4463 sanctus,
2724 4411 2963 4459 sanctus,
3001 4396 3313 4451 exclamant
3346 4396 3391 4426 ¹⁶
3417 4411 3429 4447 :

1861 4508 2040 4563 neque
2068 4492 2255 4547 itidem
2283 4492 2411 4545 dum
2448 4505 2549 4545 nos
2580 4491 2633 4543 in
2668 4490 2867 4559 hymno
2904 4484 3253 4541 sanctissimo
3282 4480 3433 4537 cani-

1860 4601 2005 4650 mus,
2034 4584 2259 4638 Sanctus
2290 4581 2453 4644 Deus,
2478 4589 2689 4633 sanctus
2716 4578 2891 4645 fortis,
2914 4583 3126 4629 sanctus
3153 4574 3434 4626 immorta-

1862 4676 1950 4740 lis,
1984 4675 2069 4729 vel
2102 4673 2446 4728 sanctitatem
2488 4672 2747 4740 aliquam,
2783 4670 2859 4723 vel
2910 4664 3309 4731 fortitudinem,
3348 4662 3433 4718 vel

1864 4763 2328 4819 immortalitatem
2357 4760 2614 4816 divinitas
2645 4759 2861 4828 recipit.

2287 4882 2804 4940 INTERROGATIO
2844 4881 3010 4935 XXX.

1934 4999 2079 5055 Satis
2111 4998 2179 5055 de
2212 4998 2282 5053 iis
2327 5012 2447 5065 quae
2494 5010 2522 5049 a
2560 4996 2716 5049 nobis
2755 4994 3026 5064 explicare
3064 4990 3250 5061 jussus
3287 5005 3431 5055 eras,

1861 5089 2037 5142 edocti
2071 5102 2261 5143 sumus
2291 5106 2303 5141 :
2336 5086 2477 5155 quod
2510 5086 2777 5154 reliquum
2802 5092 2909 5149 est,
2934 5097 3189 5153 rogamus
3214 5091 3273 5135 ut
3297 5082 3434 5137 iusi-

1865 5179 2127 5247 pientium
2152 5177 2512 5247 quorumdam
2560 5191 2720 5230 voces
2774 5176 3183 5229 subvertantur.
3236 5172 3433 5225 Dicunt

1863 5268 2005 5321 enim
2055 5267 2398 5323 Servatorem
2448 5267 2702 5337 ignorare
2759 5265 2947 5319 Lazari
2994 5265 3329 5334 sepulcrum,
3380 5271 3433 5315 et

1873 5358 2153 5414 mulierem
2182 5358 2450 5426 profluvio
2496 5356 2778 5425 sanguinis
2805 5356 3118 5412 obnoxiam,
3147 5366 3272 5407 cum
3315 5350 3433 5404 lim-

2253 5520 2296 5551 ”
2330 5517 2497 5587 Ap’oe.
2541 5532 2637 5582 xu,
2673 5516 2769 5570 -10,
2906 5516 2948 5546 ¹⁸
2981 5512 3168 5566 Matth.
3207 5527 3280 5575 tv,
3340 5509 3428 5565 li.

1864 5722 2231 5794 prmtereaﬂue
2262 5712 2525 5769 dolendus
2551 5711 2812 5768 articulus
2844 5710 2982 5777 τούς,
3015 5720 3137 5767 ante
3167 5713 3275 5765 ὑπὸ
3306 5728 3410 5786 μει-

1857 5784 2078 5855 ρακίων.
2118 5783 2273 5837 Enn".
