4020 6302
291 452 386 506 καὶ
420 447 559 520 μετὰ
600 447 659 514 ἒξ
708 444 920 518 ἡμέρας
964 441 1229 498 πέπονθεν
1267 443 1295 495 δ
1341 439 1587 503 δείλαιος,
1616 440 1708 494 τοῦ
1756 458 1869 509 φω-

291 538 507 601 νοῦντος
537 538 678 608 πρὸς
724 531 1072 599 παλινζωῖανο
1090 533 1215 594 τοὺς
1256 533 1501 601 νεκροὺς,
1530 530 1665 601 πρὸς
1707 530 1871 585 αὐτὸν

291 628 673 697 φοιτήσαντος,
699 621 841 677 κατά
862 619 958 690 τὴν
985 619 1320 689 προφητείαν
1349 618 1486 683 Ἰὼϐ,
1513 619 1604 671 καὶ
1627 618 1868 681 Ἡσαΐου,

291 716 401 770 τῶν
446 715 768 776 θεσπεσίων,
808 712 917 783 πρὸ
948 709 1133 778 χιλίων
1180 708 1278 777 ήδη
1330 708 1536 778 χρόνων
1574 707 1870 778 διαρρήδην

294 805 564 874 βοώντων,
595 801 695 854 τοῦ
726 801 825 871 μέν
844 817 857 829 ·
888 793 1133 861 Ἠλθεςθ
1154 795 1251 857 ἐπὶ
1287 794 1393 862 τῆς
1434 794 1771 861 θαλάσσης,
1800 792 1870 847 ἐν·

290 896 343 948 δ’
403 896 643 963 ιχγεσιν
694 893 968 947 ἀϐύσσου
1016 886 1493 956 περιεπάτησας,
1528 885 1871 955 ἀνοίγονται

293 1001 394 1039 σοι
417 985 579 1053 φόϐῳ
606 985 794 1036 πύλαι
817 979 1076 1036 θανάτου
1092 995 1105 1009 ·
1139 976 1401 1044 πυλωροὶ
1434 975 1501 1028 δὲ
1526 975 1673 1041 ᾷδου
1708 975 1869 1028 wer-

296 1091 395 1139 τες
442 1087 518 1125 σε
567 1070 855 1137 ἔπτηξαν.
902 1065 1224 1135 Συμφώνως
1279 1064 1337 1117 δὲ
1385 1063 1594 1127 τούτοις
1642 1065 1670 1117 ὁ
1727 1063 1870 1127 θεῖος

294 1162 480 1225 Δασιδ,
502 1163 531 1214 6
568 1161 675 1214 τῶν
707 1159 866 1213 θείων
894 1156 1128 1227 μελῳδός
1147 1172 1160 1187 ⁸
1206 1156 1429 1224 ’ᾼσατε
1470 1153 1549 1219 τῷ
1575 1152 1716 1218 Θεῷ,
1756 1154 1865 1224 ψά-

290 1254 440 1306 λατε
476 1249 559 1316 τῷ
589 1252 832 1317 ὀνόματι
876 1246 1095 1301 αὑτοῦ·
1133 1242 1532 1311 ὀδοποιήσατε
1568 1244 1647 1309 τῷ
1674 1244 1867 1299 ἐπιϐε-

292 1342 502 1408 ϐηκότι
530 1339 627 1393 ἐπὶ
666 1336 941 1406 δυσμῶν·
968 1337 1183 1404 Κύριος
1249 1332 1438 1402 ὄνομα
1475 1334 1680 1389 αὐτοῦ.
1720 1334 1865 1387 Ὀδο-

292 1434 469 1485 ποιεϊν
497 1430 553 1484 δὲ
591 1430 813 1491 ἑαυτοὺς
839 1426 916 1498 τῷ
945 1426 1137 1496 Κυρίῳ
1180 1424 1563 1495 παιδευόμεθα,
1600 1427 1695 1478 καὶ
1724 1427 1867 1479 οἱκο-

290 1522 469 1573 ποιεῖν
505 1519 572 1571 δι’
600 1517 856 1589 ἐναρέτου
886 1515 1181 1578 πολιτείας,
1216 1513 1277 1567 τὸ
1310 1514 1463 1569 Θεῖον
1493 1513 1863 1584 ὲπιδρύμενοι,

290 1606 431 1679 μονὴ
462 1608 555 1661 καὶ
586 1608 713 1670 ναὸς
757 1603 920 1659 αὑτοῦ
960 1603 1252 1674 γινόμενοι,
1297 1602 1478 1667 καθὼς
1518 1604 1575 1657 ἐν
1620 1603 1864 1673 Εὑαγγε-

286 1697 447 1761 λίοις,
492 1699 586 1750 καὶ
630 1698 687 1749 ὲν
728 1694 926 1764 Παύλῳ
965 1693 1273 1763 θεηγορῶν,
1315 1693 1476 1756 αὐτὸς
1522 1694 1856 1763 ἀπεφήνατο.

288 1791 482 1858 Δυσμῇ
515 1787 573 1839 δὲ
598 1787 860 1855 νοεῖταιὴ
898 1783 1142 1854 ἡμετέρα
1177 1781 1356 1852 φύσις,
1392 1783 1489 1835 καὶ
1518 1783 1577 1835 τὸ
1605 1782 1861 1835 ἐπίπονον

286 1876 385 1929 τοῦ
414 1876 619 1945 κόσμου
647 1874 845 1945 χωρίον
873 1874 993 1934 ταῖς
1019 1870 1228 1941 ἡδοναῖς
1272 1870 1380 1925 τῶν
1420 1870 1605 1923 παθῶν
1646 1869 1863 1933 σκιαζό-

289 1984 475 2037 μενον.
514 1966 735 2019 Νοεῖται
762 1963 819 2016 δὲ
866 1963 961 2015 καὶ
989 1963 1017 2015 ὁ
1049 1960 1198 2031 ᾇδης.
1235 1960 1322 2014 Ἐν
1348 1954 1429 2022 οἷς
1468 1961 1530 2011 τὸ
1569 1958 1730 2013 ἀῡλον
1767 1959 1863 2011 καὶ

288 2059 480 2113 Ξσκιον
519 2056 635 2126 φῶς
686 2054 1059 2125 ἑναστράψαν,
1097 2053 1273 2106 πάντα
1324 2052 1463 2122 πρὸς
1506 2051 1563 2104 τὸ
1616 2053 1862 2123 κρεῖττον

284 2146 765 2218 μετεστοιχείωσε,
799 2145 899 2215 τὴν
938 2143 1098 2211 φύσιν
1139 2140 1476 2206 ἀνεκαίνισε,
1519 2139 1611 2192 τὸν
1660 2140 1863 2209 κόσμον

283 2236 611 2307 φαιδρύνας,
646 2234 736 2288 τὸν
760 2234 892 2305 ᾆδην
915 2231 1213 2294 σκυλεύσας
1246 2229 1379 2301 πρὸς
1406 2230 1737 2301 ἡμερότητα,
1770 2229 1863 2282 καὶ

283 2324 396 2377 τῶν
425 2322 759 2392 ἐνεχομένων
788 2319 1074 2373 ἀπόλυσιν.
1105 2318 1215 2370 Καὶ
1245 2316 1314 2368 τὰ
1358 2317 1455 2386 μὲν
1478 2318 1541 2368 ὲκ
1569 2315 1661 2367 τοῦ
1701 2313 1865 2366 Δαόὶδ

279 2412 549 2483 ἀμυδρῶς
605 2428 694 2481 μοι
746 2408 925 2473 εδοξε·
976 2407 1044 2460 τά
1080 2407 1139 2460 δὲ
1179 2405 1271 2459 τοῦ
1311 2404 1451 2468 Ἰὼϐ,
1489 2405 1583 2458 xui.
1642 2403 1862 2456 Ἡσαΐου

287 2504 416 2573 μετ’
441 2502 502 2555 οὐ
551 2500 685 2552 πολὺ
728 2496 1100 2566 ἀποδώσομεν,
1130 2494 1217 2549 διά
1248 2495 1309 2547 τὸ
1358 2495 1530 2564 βραχὺ
1572 2497 1671 2565 τῆς
1714 2493 1864 2565 ὥρας

280 2590 386 2642 νῦν
434 2586 867 2657 ὑπερτιθέμενοι.
920 2585 1124 2653 ’Ἄμφω
1174 2582 1233 2635 δὲ
1284 2583 1345 2634 τὸ
1389 2581 1598 2651 μέλλον,
1632 2582 1706 2644 ὡς
1762 2582 1863 2652 ἤδη

279 2678 555 2749 πραχθὲν.
578 2676 868 2746 ἐξεϐόησαν
895 2674 1197 2745 ἀραρότως,
1220 2672 1316 2743 τὴν
1343 2671 1563 2725 ἔκϐασιν
1586 2672 1683 2739 τῆς
1715 2670 1865 2738 σφῶν

279 2764 647 2839 προρρήσεως
667 2762 1044 2833 ἐπιστάμενοι.
1061 2761 1428 2830 Οἰκονομικῶς
1456 2762 1629 2812 τοίνυν
1653 2762 1867 2825 ἀγνοεῖν

284 2857 619 2927 ὑπεκρίνετο
641 2855 830 2923 πάσης
855 2853 969 2922 ἅμα
998 2850 1225 2912 κτίσεως
1253 2848 1536 2917 γινώσκων
1558 2847 1863 2918 ἀπόρρητα,

278 2949 377 3003 διὰ
401 2948 497 3017 τῆς
528 2944 772 3005 πεύσεως
802 2940 1003 3011 πλῆθος
1026 2940 1411 3011 συνεγερθῆναι
1439 2939 1574 3008 πρὸς
1600 2938 1696 3008 τὴν
1726 2938 1860 2989 ὑπό-

287 3038 488 3102 δειξιν,
510 3035 605 3088 καὶ
635 3033 788 3105 παρά
824 3032 931 3086 τῶν
964 3030 1171 3102 ἐχθρῶν
1215 3030 1622 3102 μαρτυρηθῆναι
1662 3028 1860 3098 μᾶλλον

279 3129 349 3181 τὸ
383 3124 704 3196 παράδοξον.

1720 319 2066 379 DlALOCUS
2101 321 2139 375 Ι.

3441 322 3544 379 894

1975 437 2104 491 ἱιεηι
2135 431 2441 489 convolutis
2484 432 2715 504 pedibus
2744 432 3001 490 exsiliens
3035 433 3305 505 sepulcro,
3354 451 3542 508 egros-

1972 541 2069 579 sus
2090 531 2256 588 esset,
2300 522 2429 577 dum
2470 523 2670 577 illaesos
2697 533 2747 578 et
2784 524 2930 578 nulla
2960 526 3205 594 corporis
3234 534 3385 599 parte
3417 529 3539 581 mu-

1972 616 2163 669 tilatus
2208 614 2473 677 cernitur,
2523 628 2619 683 per
2674 628 2861 668 vocem
2916 613 3077 670 Verbi
3116 616 3533 683 corroboratus,

1970 720 2144 774 eoque
2179 704 2246 757 ad
2276 718 2555 773 egressum
2588 705 2911 759 auxiliatore
2948 705 3126 760 usus?
3173 702 3401 760 Videtur
3436 722 3534 760 au-

1969 805 2076 849 tem
2138 793 2295 860 mihi,
2361 794 2533 863 ipsam
2587 808 2802 862 quoque
2853 801 3081 848 mortem
3137 793 3537 864 quodammodo

1973 884 2306 939 commoveri
2330 883 2396 937 ad
2428 883 2825 939 velocissimam
2847 884 3007 939 istam
3037 885 3440 951 excitationem,
3468 900 3536 939 ne

1975 975 2195 1044 quando
2227 988 2323 1043 per
2350 972 2749 1029 cunctationem
2780 973 2949 1026 altera
2982 987 3110 1027 voce
3140 971 3302 1027 Verbi
3326 975 3533 1039 audita,

1970 1080 2098 1118 mox
2132 1066 2419 1120 universos
2444 1063 2586 1134 apud
2611 1080 2669 1119 se
2697 1064 2951 1135 degentes
2978 1066 3190 1119 solvere
3210 1072 3531 1133 cogeretur:

1972 1155 2133 1225 quale
2163 1153 2422 1223 quiddam
2454 1162 2576 1223 post
2612 1169 2703 1209 sex
2740 1154 2857 1208 dies
2903 1154 3104 1208 accidit
3148 1153 3373 1219 infelici,
3410 1169 3533 1208 eum

1966 1246 2014 1302 is
2044 1246 2136 1316 qui
2170 1247 2235 1299 ad
2260 1246 2692 1302 revivisccndum
2717 1255 2874 1301 vocat
2903 1258 3170 1313 mortuos,
3205 1248 3273 1302 ad
3302 1257 3533 1304 mortem

1967 1336 2269 1399 accederet,
2294 1338 2592 1392 secundum
2618 1336 2927 1392 divinorum
2956 1347 3135 1391 vatum
3162 1336 3280 1391 Jobi
3305 1345 3357 1391 et
3382 1337 3535 1392 Isaiae

1967 1427 2331 1497 pr0phetiam,
2388 1435 2514 1481 ante
2556 1427 2705 1482 mille
2750 1442 2923 1483 annos
2977 1427 3249 1481 luculente
3295 1428 3539 1481 claman-

1966 1516 2097 1569 tium
2130 1534 2143 1569 :
2175 1514 2447 1583 Ingressus
2493 1533 2547 1570 es
2594 1530 2756 1580 mare,
2782 1526 2831 1570 et
2880 1516 3165 1569 ambulasti
3212 1516 3265 1569 in
3304 1516 3533 1584 uestigiis

1964 1602 2178 1673 abyssi;
2229 1605 2536 1671 aperiuntur
2587 1602 2679 1655 tibi
2720 1619 2836 1656 cum
2880 1610 3076 1657 terrore
3115 1612 3279 1669 porta:
3324 1605 3529 1671 mortis.

1967 1690 2221 1747 Custodes
2261 1692 2448 1762 janutz
2506 1694 2617 1746 orci
2675 1705 2722 1745 te
2783 1691 3009 1746 videntes
3059 1694 3529 1746 exhorruerunt”.

1968 1780 2064 1834 His
2095 1788 2280 1835 autem
2303 1782 2650 1836 consentiens
2673 1780 2982 1835 divinorum
3014 1780 3318 1834 carminum
3344 1788 3535 1849 auctor

1966 1869 2196 1926 Davides
2253 1870 2475 1940 inquit:
2509 1856 2732 1925 Caritate
2788 1870 2917 1935 Deo,
2978 1871 3188 1937 psallite
3232 1871 3395 1938 ipsius
3438 1887 3534 1925 no-

1966 1963 2115 2024 mini,
2158 1962 2297 2015 viam
2343 1970 2527 2029 parate
2559 1964 2627 2027 ei,
2668 1963 2757 2032 qui
2799 1962 3090 2031 ingreditur
3134 1961 3202 2015 ad
3242 1977 3483 2016 occasum
3514 1977 3536 2016 :

1964 2050 2223 2104 Dominus
2279 2066 2464 2105 nomen
2510 2053 2558 2105 ei
2582 2052 2646 2105 “.
2675 2050 2831 2105 Viam
2866 2058 3045 2106 autem
3093 2066 3195 2106 nos
3245 2051 3393 2121 ipsos
3437 2050 3537 2105 Do-

1967 2141 2119 2195 mino
2144 2156 2340 2211 parare
2373 2141 2656 2208 docemur,
2698 2142 3029 2212 domumque
3063 2142 3239 2198 facere
3285 2160 3382 2213 per
3408 2160 3535 2200 san-

1965 2238 2109 2285 ctam
2158 2229 2375 2285 vivendi
2427 2231 2720 2295 rationem,
2766 2229 2978 2285 Numen
3019 2230 3087 2285 ad
3139 2246 3236 2285 nos
3270 2231 3420 2285 velut
3469 2233 3523 2286 in

1967 2321 2267 2375 sacrarium
2318 2320 2670 2388 recipientes,
2719 2321 2931 2374 mansio
2961 2332 3013 2375 et
3056 2322 3317 2390 templum
3354 2322 3528 2391 ipsius

1968 2410 2117 2475 iacti,
2152 2420 2211 2465 ut
2260 2412 2314 2465 in
2361 2411 2653 2480 Evangelio
2682 2413 2726 2444 ⁸⁷
2766 2418 2819 2466 et
2857 2410 3026 2465 Paulo
3050 2412 3095 2443 ’⁸
3124 2412 3383 2466 divinitus
3414 2413 3533 2482 ipse

1966 2501 2168 2555 docuit.
2211 2500 2276 2553 Et
2304 2502 2529 2571 intelligi
2574 2517 2671 2571 per
2702 2516 2957 2556 occasum
2993 2510 3164 2570 potest
3209 2509 3403 2555 natura
3436 2516 3534 2556 no-

1967 2597 2103 2654 stra,
2139 2598 2191 2643 et
2228 2604 2539 2646 aerumnosa
2580 2590 2741 2659 huius
2771 2590 2957 2644 mundi
3004 2591 3174 2659 regio,
3212 2605 3333 2658 quae
3382 2591 3537 2644 vitio-

1967 2693 2086 2731 rum
2129 2678 2497 2747 voluptatibus
2536 2676 2912 2731 obumbratur.
2963 2675 3193 2744 Intelligl
3234 2677 3398 2729 etiam
3432 2690 3528 2744 po-

1967 2775 2072 2823 test
2121 2781 2307 2822 oreus.
2361 2768 2538 2837 Atque
2582 2768 2637 2820 in
2678 2767 2761 2820 his
2813 2766 3189 2819 immaterialis
3237 2772 3290 2818 et
3335 2766 3531 2817 utnhra

1966 2868 2161 2910 carens
2211 2856 2301 2908 illa
2335 2856 2423 2909 lux
2467 2856 2756 2919 irradians,
2808 2854 2990 2907 omnia
3022 2854 3298 2907 meliorem
3332 2853 3387 2907 in
3424 2859 3537 2905 sta.

1968 2951 2080 2996 tum
2125 2943 2331 3012 redegit
2367 2952 2420 2997 et
2465 2942 2898 2999 transformavit.
2952 2940 3215 2995 Naturam
3264 2941 3539 3010 reparavit

1970 3035 2177 3088 mundo
2212 3035 2505 3097 illustrato,
2528 3042 2581 3089 et
2608 3048 2739 3087 orco
2767 3034 3021 3101 spoliato,
3045 3047 3154 3100 quo
3181 3032 3453 3096 mitescat,
3485 3040 3540 3083 et

1966 3122 2211 3176 detentos
2240 3122 2381 3191 apud
2412 3137 2472 3176 se
2516 3121 2767 3175 dimittat.
2815 3123 2991 3189 Atque
3033 3120 3134 3174 hoc
3168 3120 3383 3188 quidem
3432 3120 3536 3171 ali-

280 3232 400 3288 quo
456 3215 617 3270 modo
670 3197 809 3269 tecte
860 3210 994 3265 mihi
1055 3208 1268 3265 videtur
1327 3209 1479 3263 innui
1536 3223 1566 3261 a
1614 3206 1834 3263 Davide.
1888 3208 2065 3264 Verba
2123 3218 2302 3265 autem
2349 3210 2471 3264 Jobi
2511 3219 2565 3266 ct
2607 3210 2759 3265 lsaitn
2795 3212 2937 3267 haud
2996 3213 3166 3267 multo
3214 3220 3335 3283 post
3368 3213 3541 3283 expli-

282 3310 558 3373 cabimus,
600 3321 746 3361 nunc
800 3310 1023 3377 propter
1074 3300 1382 3369 angustiam
1420 3297 1678 3367 temporis
1737 3312 1802 3352 ea
1867 3298 2197 3354 diti'erentes.
2253 3298 2490 3369 Uterque
2545 3308 2725 3354 autem
2787 3301 2842 3355 id
2887 3302 3029 3371 quod
3088 3301 3329 3356 futurum
3370 3310 3533 3367 ,erat,

283 3401 442 3473 quasi
494 3399 608 3470 jam
648 3397 847 3453 factum
888 3393 1377 3465 pronuntiaverunt
1416 3392 1628 3445 ratione
1678 3392 2072 3457 conveniente,
2116 3402 2373 3463 tanquam
2418 3394 2550 3449 certi
2614 3394 2683 3461 de
2731 3392 2974 3447 vaticinii
3031 3392 3117 3446 sui
3165 3402 3380 3448 eventu.
3434 3393 3539 3447 Sc-

283 3492 528 3547 cundum
578 3490 1037 3560 dispensationem
1099 3486 1264 3557 igitur
1324 3486 1577 3556 ignorare
1623 3502 1682 3541 se
1728 3486 2043 3552 simulavit,
2120 3492 2213 3560 qui
2260 3492 2440 3545 omnis
2503 3490 2559 3545 in
2605 3492 2919 3545 universum
2958 3500 3217 3544 creaturae
3261 3490 3540 3557 cognoscit

283 3598 508 3647 arcana,
543 3589 600 3635 ut
641 3596 739 3651 per
782 3579 1262 3649 interrogationem
1308 3579 1466 3633 turba
1534 3580 1865 3634 excitaretur
1898 3580 1964 3633 ad
2007 3579 2424 3635 monstrandum
2494 3580 2781 3646 Lazarum,
2816 3594 2868 3639 et
2907 3593 2965 3639 ut
3029 3586 3099 3640 ab
3127 3585 3261 3655 ipsis
3296 3585 3538 3639 inimicis

284 3680 440 3729 tanto
464 3667 653 3742 magis
688 3669 1058 3726 testimonium
1100 3669 1425 3739 prodigiosa:
1460 3670 1539 3723 rei
1596 3668 1993 3737 perhiberetur.

862 3826 1110 3879 ΠΕΥΣΙΣ
1148 3826 1270 3879 AA’.

356 3961 551 4025 Καλῶς
584 3962 675 4015 τὸν
714 3962 841 4031 περὶ
872 3960 1123 4031 Λαζάρου
1162 3958 1491 4022 ἀκούσαντες
1535 3957 1714 4026 λόγον,
1744 3959 1860 4014 δεό-

178 4112 179 4115 η
284 4053 431 4125 μεθα
470 4053 612 4122 ὑπὲρ
644 4052 745 4122 τῆς
786 4050 1184 4121 αἰμορῤοούσης
1223 4051 1517 4117 γυναικὸς,
1557 4052 1620 4102 ἐκ
1656 4051 1857 4122 ταύτης

278 4144 733 4214 τεκμαιρομένων
764 4142 892 4213 περὶ
932 4141 1041 4194 τῶν
1069 4140 1271 4195 λοιπῶν
1302 4141 1395 4195 τοῦ
1436 4142 1692 4213 Σωτῆρος
1731 4144 1852 4195 ἑπε-

286 4234 598 4303 ρωτήσεων.

905 4363 1255 4432 Ἀπόκρισις.

358 4471 469 4524 Καὶ
494 4472 556 4522 ὲκ
580 4470 785 4537 ταύτης
808 4469 1195 4541 παιδευόμεθα,
1229 4466 1346 4523 ἴσον
1371 4470 1460 4524 τὸν
1487 4472 1656 4525 Harsa
1682 4473 1857 4543 ὑπάρ-

280 4579 402 4633 χειν
437 4559 515 4630 τῷ
544 4559 662 4630 Θεῷ
704 4560 797 4613 καὶ
838 4560 1032 4630 Πατρὶ,
1062 4559 1157 4612 καὶ
1188 4560 1289 4613 οὐκ
1323 4561 1535 4632 ἀγνοίᾳ,
1565 4562 1677 4614 ἀλλ’
1710 4564 1858 4615 οίκο-

280 4652 467 4723 νομίᾳ,
498 4653 617 4704 κατ’
670 4654 897 4715 ἐκεῖνον,
929 4651 1253 4721 πυθόμενον.
1297 4651 1434 4721 Φησὶ
1470 4652 1580 4723 γὰρ
1608 4652 1683 4722 τῷ
1709 4670 1857 4723 πρω-

276 4741 492 4810 τοφόνῳ
519 4738 678 4801 Κάἷν,
715 4738 982 4809 βασκανίᾳ
1008 4739 1097 4791 τὸν
1123 4739 1346 4808 ἀδελφὸν
1368 4742 1640 4794 κτείναντι
1674 4744 1764 4795 ἐπὶ
1787 4745 1853 4813 τῇ

280 4829 615 4897 προτιμήσει
656 4826 765 4879 τῶν
809 4826 1017 4896 δώρων,
1051 4826 1469 4897 ἐνδομυχοῦντος
1505 4829 1597 4882 τοῦ
1636 4831 1851 4897 φθόνου,

280 4918 378 4969 καὶ
411 4915 791 4985 θήγοντοςττοῦ
806 4916 975 4984 φόνου
1011 4916 1071 4969 τὸ
1111 4917 1383 4984 φάσγανον
1404 4933 1416 4948 '
1451 4919 1577 4972 Ποῦ
1607 4919 1787 4975 ’Δϐελ
1824 4925 1855 4975 ό

276 5006 551 5075 ἀδελφός
587 5021 741 5069 σου;
797 5007 894 5058 οὐκ
924 5006 1152 5073 ἀγνοῶν,
1192 5007 1325 5062 ἀλλὰ
1354 5008 1542 5078 καιρὸν
1568 5012 1855 5080 μετανοίας

284 5098 561 5170 μιαιφόνῳ
594 5094 889 5167 μνώμενος.
916 5096 975 5150 ῘΟ
990 5095 1067 5160 δὲ,
1086 5098 1165 5160 είς
1184 5098 1440 5151 ἀπόνοιαν
1466 5103 1741 5171 χωρήσας,
1756 5102 1852 5171 Μὴ

278 5184 490 5255 φύλαξ
521 5185 625 5237 τοῦ
653 5185 920 5253 ἀδελφοῦ
952 5202 1071 5254 μου
1098 5185 1214 5255 εἰμὶ
1241 5188 1351 5257 ἐγώ
1371 5203 1388 5250 ;
1408 5191 1588 5259 φησίν.
1608 5187 1773 5255 Αὖθις
1798 5193 1854 5245 δὲ

280 5276 423 5347 πρὸς
457 5276 618 5328 αὑτὸν
652 5277 685 5345 ὴ
720 5276 836 5327 θεία
869 5275 1019 5346 φωνὴ
1052 5277 1368 5346 ἐλέγχουσα,
1404 5280 1575 5347 Φωνὴ
1605 5282 1855 5350 αἵματος

279 5363 393 5417 τοῦ
416 5362 684 5430 ἀδελφοῦ
711 5376 827 5416 σου
846 5362 969 5428 ,ϐοᾷ
994 5366 1143 5431 πρός
1159 5382 1236 5433 με
1252 5382 1265 5395 ·
1290 5364 1351 5429 ἐξ
1374 5360 1449 5420 ὧν
1476 5368 1728 5438 δηλοῦται
1756 5372 1855 5424 οὐκ

278 5452 497 5523 ἀγνοίᾳ,
532 5450 669 5505 ἀλλά
700 5452 1075 5525 φιλανθρωπίᾳ
1106 5454 1203 5527 τὴν
1238 5457 1427 5511 πεῦσιν
1457 5458 1560 5511 ὑπὸ
1590 5460 1683 5513 τοῦ
1718 5462 1851 5515 Θεοῦ

354 5647 403 5678 ’⁸
446 5643 552 5697 Job
595 5662 820 5705 xxxvtu.
856 5649 938 5710 i6,
972 5650 1063 5713 l7;
1103 5650 1202 5704 Isa.
1242 5668 1347 5713 xlv,
1378 5654 1429 5710 9.

284 5716 330 5749 "
355 5713 492 5771 ticn.
540 5730 610 5778 iv.
644 5716 695 5770 9.
777 5718 819 5749 ⁸ο
846 5718 976 5775 ibid.
1055 5720 1095 5751 "
1132 5720 1261 5775 ibid.
1301 5724 1381 5779 l0.

2376 3828 2893 3889 INTERROGATIO
2931 3832 3123 3889 XXXI.

2034 3961 2177 4017 Satis
2200 3962 2338 4018 bene
2371 3957 2474 4018 hac
2520 3964 2586 4019 de
2630 3963 2839 4021 Lazaro
2869 3966 3082 4039 ratione
3128 3973 3403 4036 percepta,
3437 3980 3529 4020 ro—

1958 4067 2150 4123 gamus
2185 4053 2254 4108 de
2286 4054 2513 4109 muliere
2539 4056 2824 4125 sanguinis
2856 4056 3119 4127 proﬂuvio
3146 4056 3428 4110 laborante
3466 4066 3524 4109 ιιι

1918 4205 1923 4212 _
1973 4141 2235 4208 disseras,
2267 4153 2325 4197 ut
2362 4158 2424 4198 ex
2461 4143 2561 4197 hac
2583 4144 2949 4212 conjecturam
2985 4145 3248 4201 faciamus
3279 4147 3440 4200 etiam
3466 4145 3533 4203 de

1961 4235 2174 4290 caeteris
2199 4235 2710 4306 interrogationibus
2742 4237 3072 4291 Servatoris.

2597 4364 2898 4433 Responsio.

2032 4476 2135 4532 Per
2163 4472 2300 4532 hau'c
2326 4492 2540 4548 quoque
2567 4478 2848 4544 docemur,
2875 4479 3137 4547 aequalem
3173 4476 3370 4532 Filium
3402 4494 3531 4534 csso

1964 4566 2071 4622 Deo
2099 4577 2152 4623 et
2190 4567 2359 4635 Patri,
2393 4582 2492 4623 nec
2521 4569 2591 4623 ob
2626 4569 3047 4639 ignorationem,
3076 4569 3169 4624 sed
3202 4556 3269 4623 ex
3296 4570 3523 4638 dispen-

1961 4660 2173 4713 satione
2217 4668 2478 4729 certoque
2510 4659 2763 4722 consilio,
2798 4657 3014 4712 Patrem
3061 4658 3344 4724 imitando,
3381 4674 3529 4729 quae-

1950 4763 2091 4803 rere.
2143 4747 2325 4818 lnquit
2355 4750 2499 4802 enim
2536 4749 2582 4803 is
2625 4748 2691 4801 ad
2744 4748 2978 4817 primum
3029 4748 3359 4802 homicidam
3394 4748 3520 4802 Cai-

1950 4854 2102 4901 num,
2136 4838 2227 4908 qui
2265 4854 2359 4907 per
2397 4839 2652 4892 invidiam
2684 4839 2957 4892 interemit
2991 4837 3233 4905 fratrem,
3277 4846 3523 4908 propter—

1948 4942 2009 4981 ea
2055 4926 2200 4996 quod
2241 4928 2385 4983 illitis
2419 4927 2559 4981 dona
2603 4928 2820 4996 praelata
2849 4937 3067 4990 essent,
3103 4928 3217 4997 jam
3254 4929 3402 4981 intus
3441 4928 3523 4981 Ιο-

1951 5027 2097 5073 tente
2129 5016 2355 5079 invidia.
2395 5028 2447 5071 et
2476 5018 2713 5087 gladium
2739 5016 2904 5073 caedis
2934 5027 3268 5074 exacuente:
3308 5018 3406 5073 Ubi
3440 5031 3523 5075 est

1952 5106 2143 5160 Abelus
2174 5106 2341 5174 frater
2385 5116 2505 5160 tuus
2530 5108 2614 5161 ἠ
2661 5106 2779 5160 Non
2814 5107 3092 5174 ignorans,
3145 5108 3238 5161 sed
3294 5116 3525 5163 cruento

1951 5195 2242 5249 homicida:
2278 5196 2619 5250 occasionem
2656 5196 2988 5264 pmnitentiae
3040 5212 3356 5266 suggerens.
3401 5199 3525 5267 Ipso

1951 5299 2082 5338 vero
2108 5283 2161 5337 in
2200 5285 2489 5339 amentiam
2527 5300 2719 5340 versus
2748 5304 2760 5339 :
2797 5283 2938 5337 Num
2969 5296 3144 5339 custos
3172 5302 3284 5355 ego,
3319 5287 3518 5355 inquit,

1952 5374 2139 5443 fratris
2188 5375 2287 5427 mei
2336 5391 2453 5427 sum
2471 5375 2556 5427 “2'
2592 5372 2911 5445 Rursusque
2956 5376 3132 5444 ipsum
3186 5378 3367 5429 dhina
3414 5392 3517 5431 vox

1953 5464 2286 5533 rcdargucns
2349 5464 2525 5533 inquit
2552 5464 2633 5517 "z
2720 5464 2832 5519 Vox
2878 5466 3154 5542 sanguinis
3201 5466 3386 5531 fratris
3439 5466 3517 5518 tui

1532 5661 1572 5690 "
1604 5659 1749 5716 Psal.
1797 5679 1860 5717 ω

2005 5666 2053 5719 ὃ,
2163 5668 2203 5697 ’⁷
2230 5665 2362 5721 Joatt
2428 5682 2533 5731 xw,
2574 5665 2663 5719 23.
2773 5664 2816 5697 "
2858 5662 2875 5715 Ι
2912 5664 3035 5718 Cur.
3071 5677 3147 5729 ιιι,
3184 5661 3274 5727 16,
3311 5676 3382 5724 vt,
3424 5658 3506 5713 lii.

1590 5744 1607 5763 ς
3418 5754 3425 5759 .
