4020 6302
194 402 292 459 9M

194 524 479 584 ζωοποιεῖ.
531 524 828 579 Ἀνάπαλιν
862 525 918 577 δὲ
948 527 1122 597 φημί·
1160 528 1234 580 Ού
1280 526 1340 579 τὸ
1370 527 1602 597 γράμμα
1638 528 1778 580 ἀπο-⁹

168 613 403 667 κτείνει
450 615 580 678 τοὺς
620 614 799 687 ὀρθῶς
855 614 1319 680 ἀποσκοποῦντας,
1365 617 1473 669 οὐδ’
1507 612 1572 669 αὖ
1614 618 1779 670 πάλιν

194 699 457 762 ζωοποιεί
488 702 550 754 τὸ
585 701 807 772 πνεῦμα
837 690 1289 772 βλασφημοῦντας
1319 704 1486 774 αὐτῷ.
1524 706 1780 775 Τιμήσω-

196 805 303 857 μεν
329 786 425 842 οῦν
453 788 513 843 τδ
541 791 761 861 πνεῦμα
787 793 936 856 ὅπως
963 794 1246 863 νοήσωμεν
1274 793 1335 846 τὸ
1372 794 1626 863 γράμμα,
1656 811 1780 865 τρο-

186 880 378 943 πικῶς
421 881 515 933 τὸν
555 880 684 933 Υίὸν
730 880 901 953 θύραν
942 882 1038 936 καὶ
1078 883 1196 937 ὁδὸν
1235 884 1329 936 καὶ
1377 883 1543 948 λίθον,
1586 885 1679 937 καὶ
1709 883 1779 936 τὰ

196 969 367 1025 λοιπὰ
396 971 508 1024 τῶν
555 971 782 1025 είκόνων
814 971 1155 1042 ἐκδεχόμενοι
1178 987 1190 1001 υ
1239 972 1357 1027 ὁδὸν
1397 972 1643 1036 νοοῦντες
1684 974 1780 1025 αὑ-

192 1058 315 1121 τὸν,
347 1059 492 1129 πρὸς
510 1059 610 1129 τὴν
639 1058 839 1127 γνῶσιν
863 1058 956 1111 τοῦ
992 1060 1204 1130 Πατρὸς
1231 1060 1325 1112 xui.
1356 1059 1464 1112 τῶν
1496 1059 1778 1131 θειοτέρων

194 1148 503 1217 φέρουσαν·
532 1146 701 1218 θύραν
750 1146 1107 1216 ἀνοιγομένην
1139 1147 1237 1217 μὲν
1262 1149 1375 1211 τοῖς
1402 1146 1490 1200 διὰ
1516 1148 1625 1200 τῶν
1652 1149 1780 1219 ἁρε-

196 1236 306 1290 τῶν
358 1235 674 1290 σπεύδουσιν
723 1236 872 1300 ἐντὸς
926 1236 1221 1304 γενέσθαι,
1277 1239 1466 1307 πυγμῇ
1526 1222 1778 1300 παίοντες

199 1325 355 1396 σφῶν
382 1326 452 1379 τά
479 1326 706 1397 στέρνα·
735 1325 926 1389 στύλος
955 1326 1015 1379 δὲ
1044 1325 1270 1380 νοείσθω
1298 1327 1578 1399 ἑδραίωμα
1607 1327 1780 1399 ὑπάρ‹

197 1433 319 1486 χειν
361 1415 458 1485 τῆς,
498 1415 733 1479 πίστεως
770 1415 949 1486 ήμῶν,
984 1415 1361 1487 ὑποστηρίζων
1402 1418 1518 1487 ἄμα
1561 1418 1653 1471 καὶ
1685 1417 1812 1487 φέ-“

196 1522 313 1576 ρων
347 1504 417 1558 τά
465 1504 756 1576 σύμπαντα
775 1520 790 1535 ·
820 1505 1059 1569 λίθοςδὲ
1095 1506 1517 1576 προσκόμματος
1546 1507 1777 1579 ὑπάρχει

197 1595 476 1660 ἀπίστοις,
507 1597 601 1648 καὶ
645 1596 822 1667 πέτρα
873 1596 1170 1651 σκανδάλου
1216 1596 1509 1660 Ἰουδαίοις.
1558 1598 1688 1667 ήμῖν
1720 1597 1777 1650 δὲ

196 1686 350 1748 λίθος
374 1684 473 1738 τοῦ
503 1685 751 1759 θεμελίου
784 1684 884 1756 τῆς
926 1685 1274 1755 Ἐκκλησίας,
1310 1688 1487 1739 πᾶσαν
1520 1686 1618 1755 τήν
1642 1703 1777 1757 κρη-

172 1778 331 1837 πῖδα
364 1776 624 1846 συνέχων.
668 1776 870 1847 Πέτρα,
904 1776 967 1830 τὸ
1004 1777 1222 1847 στερεὸν
1262 1778 1356 1845 ειιαὶἶ
1386 1778 1633 1832 ἄπτωτον
1677 1778 1777 1847 τῆς

194 1866 513 1938 ὁμολογίας,
551 1862 589 1940 ᾖ
614 1867 1123 1938 προσαραττόμεναι
1152 1869 1220 1928 αί,
1237 1867 1523 1939 τρικυμίαι
1551 1869 1659 1923 τῶν
1686 1870 1774 1921 αί-

196 1956 427 2028 ρέσεων,
464 1958 597 2028 πρὸς
622 1956 805 2026 ,ἀφρὸν
846 1951 1005 2019 αὖθις
1033 1956 1350 2021 momm-
1397 1955 1633 2027 σκώληξ,
1679 1974 1777 2009 κα-

195 2046 308 2109 θώς
342 2062 507 2116 φησιν
544 2047 572 2097 ὁ
616 2045 799 2108 Δασὶδ,
843 2045 871 2099 ὁ
911 2042 1043 2097 ’τῶν⁴
1069 2042 1229 2096 θείων
1268 2044 1554 2113 νμελῳδός.
1610 2046 1775 2111 Ἡμῖν

182 2137 302 2206 μὲν
336 2137 478 2190 κατά
525 2137 618 2190 τὸν
668 2137 735 2190 ὲκ
778 2135 878 2205 τῆς
902 2120 1105 2205 ’χέρσου
1154 2134 1578 2203 σκώληκαηάνευ
1631 2134 1776 2199 τινὸς

194 2228 408 2291 πάθους
436 2228 469 2299 ἦ
500 2226 801 2291 συνουσίας,
838 2229 903 2280 ὲκ
935 2227 1035 2295 τῆς
1058 2225 1334 2289 ἀείπαιδος
1366 2226 1584 2298 Μαρίας
1614 2226 1775 2279 ἀπει-

194 2320 461 2389 ρογάμως
498 2319 831 2389 τικτόμενος,
857 2320 969 2381 τοῖς
997 2318 1039 2369 δ’
1070 2317 1329 2379 ἐναντίοις
1362 2317 1574 2390 σκώληξ
1601 2334 1773 2388 τιμω-

195 2408 346 2478 ρίας,
374 2407 817 2480 ὑπο[τι]τραίνων
846 2408 939 2461 καὶ
971 2406 1240 2460 ὑπεσθίων
1268 2408 1537 2480 ἀλήκτως.

785 2607 1035 2660 ΠΕΥΣΙΣ
1069 2608 1191 2661 AZ’.

283 2698 425 2752 Ἀλλ’
468 2697 564 2752 ἐάν
607 2698 683 2769 μὴ
738 2697 899 2767 εἴπης
927 2696 1089 2751 αὑτὸν
1133 2695 1369 2759 κτίσμα,
1411 2695 1654 2767 ὑϐρίζεις
1687 2695 1777 2749 τόν

193 2790 449 2858 Πατέρα,
479 2788 646 2850 πάθος
666 2786 813 2857 αὑτῷ
836 2786 1189 2857 προσάπτων.
1218 2785 1469 2856 Πᾶςγάρ
1497 2788 1527 2838 ὁ
1548 2786 1773 2854 γεννῶν,

187 2879 459 2957 ’ἐμπαθὴς
488 2879 705 2941 πάντως
736 2877 909 2929 ἔσται.
950 2877 1020 2929 Ἦ
1045 2876 1388 2929 συστέλλεται
1417 2875 1547 2947 γάρ,
1578 2878 1611 2946 ἤ
1638 2877 1776 2930 πλα-

192 2969 442 3034 τύνεται,
477 2968 511 3038 ἢ
541 2968 711 3037 τομὴν
739 2967 772 3037 ἢ
815 2965 998 3036 ρεὖσιν
1032 2965 1338 3033 ὑφίσταται,
1369 2966 1401 3034 ἢ
1430 2965 1708 3031 ὀγκοῦται,
1741 2964 1774 3033 ἢ

196 3056 577 3123 ταπεινοῦται,
608 3058 644 3127 ἦ
672 3074 727 3109 τι
756 3056 971 3119 πάντως
996 3056 1254 3125 ὑπομένει
1286 3058 1315 3109 ό
1342 3056 1565 3123 γεννῶν.

815 3232 1166 3301 Ἀπόκρισις.

278 3326 495 3392 ’Ᾱπαγε
516 3326 615 3395 τῆς
628 3322 881 3391 τοιαύτης
902 3310 1191 3393 ληρῳδίας,
1214 3321 1508 3390 ἀξιάγαστε
1530 3323 1543 3375 l
1575 3322 1779 3394 Οὑγάρ

184 3417 467 3489 εσῶμαντδ
506 3417 658 3470 Θεῐον
690 3414 921 3485 ὑπάρχει
966 3413 1119 3482 ὄγκῳ
1152 3412 1189 3483 ἢ
1218 3412 1445 3484 συστολῇ
1481 3413 1768 3482 ὑποκείμε-

198 3526 320 3573 νον,
346 3508 379 3579 ἦ
411 3507 647 3585 ρεύσειή
676 3509 817 3577 τομῇ
847 3506 885 3576 ἢ.
902 3505 1037 3569 ὅλως
1073 3505 1234 3559 πάθει
1261 3506 1367 3558 τινὶ
1410 3505 1777 3577 χειρούμενον.

199 3599 364 3654 suos
386 3593 479 3651 οὖν
510 3601 538 3651 ό
570 3596 761 3667 Πατὴρ
788 3594 1014 3665 πνεῦμα
1043 3595 1303 3666 ὑπάρχων
1321 3635 1335 3659 ,
1362 3596 1451 3647 τὸν
1491 3595 1617 3647 Υἰὸν
1649 3595 1783 3649 Θεὸν

202 3690 385 3758 Λόγον
442 3686 853 3757 πνευματικῶς.
911 3685 1186 3755 άχρόνως,
1241 3685 1533 3756 ἀφράστως
1586 3684 1779 3753 γεγένο

200 3796 397 3850 νηκεν,
435 3778 573 3832 Ἀλλ’
603 3777 788 3847 ἐπειδὴ
815 3775 1085 3839 πλείστοις
1110 3775 1258 3828 δοκεῖ
1285 3776 1317 3847 ἡ
1344 3775 1465 3845 ὄψις
1495 3777 1591 3846 τῆς
1611 3776 1780 3846 ἀκοῆς

202 3868 508 3938 πιστοτέρα
527 3906 545 3932 ,
568 3867 679 3922 δεῖν
703 3866 890 3937 ᾠήθην
922 3865 1015 3919 καὶ
1041 3865 1297 3937 ἀμυδρῶς
1331 3864 1636 3937 χρήσασθαι
1673 3881 1779 3919 πα-

200 3959 569 4029 ραδείγμασιν
589 3997 605 4022 ,
633 3957 724 4011 ἐπὶ
746 3955 840 4009 τοῦ
870 3954 1096 4018 ἀπαθῶς
1133 3954 1390 4024 γεννῆσαι
1416 3955 1477 4007 τὸ
1506 3954 1691 4017 Θεῖον,
1718 3954 1778 4006 οὑ

204 4049 431 4120 ρεῦσιν,
459 4048 523 4100 οὑ
564 4046 734 4118 τομὴν
766 4047 1152 4117 ὑφιστάμενον.
1192 4044 1413 4115 Κτίσμα
1440 4045 1618 4099 τοίνυν
1646 4044 1781 4101 Θεοῦ

202 4137 449 4209 ὑπάρχει
497 4140 527 4192 ό
576 4138 752 4207 ἥλιος,
808 4137 901 4206 ἀφ’
950 4130 1012 4189 οὑ
1064 4153 1206 4199 τινες
1238 4138 1295 4189 ὲν
1339 4138 1459 4199 ταῖς
1508 4137 1783 4207 ἀοικήτοις

202 4229 524 4297 ἐσχατιαῖς,
568 4226 739 4297 πυρὸς
761 4226 1072 4297 λειπόμενοι
1099 4226 1316 4279 πέττειν
1350 4224 1418 4278 τά
1446 4228 1593 4292 σῖτα,
1623 4228 1784 4278 ίππο-

201 4317 405 4388 φορὸοί
437 4335 498 4370 τε
538 4316 633 4371 καὶ
672 4316 915 4393 βουκόλοι
937 4354 952 4379 ,
999 4315 1093 4367 καὶ
1127 4314 1419 4386 συφορϐοὶ,
1469 4316 1564 4367 καὶ
1591 4315 1784 4386 ποιμέ-

201 4426 336 4472 νες,
369 4407 568 4459 κύλικα
606 4405 794 4468 ’ύδατος
840 4403 1081 4475 καθαροῦ
1129 4403 1547 4476 πληρώσαντες,
1589 4405 1682 4459 κα)⁵
1715 4406 1780 4475 τῇ

203 4502 399 4561 ἀκτῖνι
431 4496 526 4551 τοῦ
562 4489 707 4568 ἡλίου
753 4495 1128 4565 ἀντισχόντες,
1180 4496 1273 4548 καὶ
1320 4496 1447 4548 ὀνίδι
1478 4496 1617 4567 ξηρᾷ
1644 4497 1785 4566 ψαύ-

203 4608 409 4654 σαντες
436 4592 504 4661 cf}
536 4590 796 4660 ὑδροχόῃ,
849 4584 1005 4650 αὖθις
1052 4588 1114 4639 τὸ
1162 4585 1270 4658 πῦρ
1305 4587 1527 4642 αὐτόθεν
1580 4587 1785 4641 ἀπεσύ-

202 4683 411 4753 λησαν,
438 4680 501 4732 οὑ
539 4679 743 4750 τομὴν,
784 4679 845 4731 οὑ
885 4676 1101 4747 ῥεῦσιν,
1149 4678 1250 4730 οὑκ
1282 4677 1471 4744 ὖγκον,
1508 4677 1568 4730 οὑ
1596 4694 1787 4731 συστο-

205 4771 317 4839 ὶὴν
361 4768 457 4822 τοῦ
515 4768 797 4838 φωστῆρος
849 4768 1215 4830 ὑποστάντος
1267 4754 1361 4820 tacti.
1410 4767 1500 4820 διὰ
1542 4768 1788 4838 καθαρᾶς

205 4859 381 4914 ὑάλου
416 4859 473 4911 ὲν
518 4856 714 4918 οίκίαις
744 4856 975 4923 διήκων,
1010 4855 1104 4907 καὶ
1149 4854 1312 4907 οἱονεὶ
1348 4853 1659 4922 ἀπογεννῶν
1689 4852 1788 4917 τὰς

206 4951 444 5011 ἀκτῖνας
470 4945 611 5000 κατὰ
636 4946 817 5016 πάσης
855 4944 1082 5014 ἠπείρου
1108 4942 1393 5013 ἀνελλιπὴς
1426 4943 1519 4997 καὶ
1549 4943 1790 5014 ἄτμητος

207 5040 312 5093 διὰ.
354 5036 561 5115 παντὸς
604 5036 819 5106 ὁρᾶται.
889 5034 1119 5104 Ὁμοίως
1169 5033 1263 5087 καὶ⁵
1318 5032 1523 5103 πυρσὸς
1592 5034 1788 5105 μυρίας

208 5129 471 5193 ἐξάπτων
500 5124 817 5194 λαμπάδας,
851 5125 908 5177 οὑ
944 5124 1151 5195 ρεῦσιν,
1184 5124 1243 5175 οὑ
1272 5124 1445 5194 τομὴν
1474 5123 1787 5193 ὑπέμεινεν.

213 5218 289 5271 Εἰ
317 5210 410 5267 οὖν
448 5213 588 5277 τέως
634 5211 892 5281 ἀλὼὅητα
946 5210 1179 5282 ὑπάρχει
1216 5209 1385 5263 ταῦτα
1407 5249 1422 5275 ,
1455 5210 1699 5282 ἀπείρως
1736 5211 1796 5263 τὸ

209 5308 377 5360 θεῖον
423 5303 745 5373 ὑπερτερεῖν
798 5300 1002 5353 τούτων
1049 5299 1172 5353 καθ’
1221 5302 1342 5354 ὅλου
1382 5301 1793 5371 ’πιστεύσομεψ

208 5397 389 5473 ἀτμὶς
421 5394 532 5465 γὰρ
566 5392 705 5463 πρὸς
754 5392 932 5446 ἐκεῖνο
965 5391 1099 5462 ὁμοῦ
1147 5393 1215 5445 τὰ
1257 5391 1567 5462 σύμπαντα.
1604 5392 1798 5461 Γεγέν-

209 5501 357 5556 νηκε
392 5484 570 5537 τοίνυν
599 5485 629 5536 ό
658 5481 849 5552 Πατὴρ
877 5482 966 5535 τὸν
1000 5482 1169 5535 Παϊδα
1196 5482 1260 5535 οὑ
1289 5481 1379 5536 διὰ
1405 5482 1577 5554 τομῆς
1603 5482 1635 5552 ἢ
1670 5483 1796 5555 ῥεύ-

210 5587 395 5638 σεως,
441 5571 502 5624 οὑ
546 5572 613 5625 δι’
656 5571 823 5640 ὅτκου
860 5570 957 5624 καὶ
1011 5570 1272 5641 συστολῆς
1287 5586 1302 5600 ·
1350 5571 1465 5625 ἀλλ’
1510 5572 1797 5644 ἀσώματος

214 5665 331 5730 ὢν,
390 5662 682 5733 ἀσώματον
732 5662 906 5732 Λόγον
968 5660 1332 5715 ἔνυπόστατον
1378 5661 1642 5717 ἀκούοντα
1702 5664 1797 5717 καὶ

296 5790 554 5848 κηϐοτ.
580 5803 669 5858 ιιι,
692 5789 745 5846 6.
840 5790 884 5823 "
913 5787 1058 5845 Psal.
1084 5804 1200 5858 ut,
1233 5788 1282 5843 7.

1618 409 1960 466 υἰΑιΟϐυδ
1984 410 2023 465 Ι.

3350 409 3456 466 902

1880 543 1996 581 vero
2034 525 2344 595 viniﬁcat".
2396 522 2763 595 Vicissimque
2805 522 3028 595 inquam
3065 539 3165 596 ego
3204 528 3303 583 :Si
3343 541 3452 581 non

1848 646 1849 649 η
1879 611 2078 671 occidit
2101 617 2281 670 littera
2312 628 2408 669 eos
2440 615 2532 684 qui
2561 621 2706 669 recte
2734 614 3106 677 considerant,
3126 626 3302 681 neque
3322 612 3450 667 item

1879 707 2120 761 viviﬁcat
2150 705 2375 775 spiritus
2400 705 2841 775 blaspltemantes
2868 705 3070 773 ipsum.
3108 705 3453 758 Honoremus

1879 796 2044 865 igitur
2079 796 2332 864 spiritum
2380 801 2441 849 ut
2487 794 2857 865 intelligamus
2905 794 3160 861 litteram.
3196 790 3453 862 Figuratc

1882 882 2098 949 Filium,
2123 884 2346 948 ostium,
2372 891 2426 937 et
2454 882 2619 946 viam,
2646 890 2699 935 et
2730 871 2984 951 lapidem,
3007 889 3061 936 et
3083 879 3128 935 si
3147 882 3275 950 quid
3304 880 3451 935 aliud

1878 982 1960 1029 est
2053 972 2324 1043 ejusmodi
2391 971 2801 1027 similitudinem
2882 970 2987 1026 dici
3043 972 3378 1041 accipiamus
3436 987 3449 1023 :

1878 1063 2019 1116 viam
2041 1062 2406 1131 intelligentes
2437 1060 2641 1131 ipsum,
2671 1070 2730 1115 ut
2750 1062 2843 1130 qui
2874 1075 2973 1116 nos
3001 1060 3055 1114 in
3081 1061 3448 1131 cognitionem

1876 1151 2054 1209 Patris
2110 1154 2528 1222 divinarumque
2578 1168 2761 1207 rerum
2820 1151 3031 1217 ducat;
3102 1151 3305 1206 ostium
3367 1157 3453 1206 est

1878 1255 2119 1315 apertum
2141 1245 2207 1301 iis
2223 1246 2314 1313 qui
2340 1244 2676 1314 pervirtutes
2692 1243 2839 1297 intus
2861 1241 3176 1312 regenerari
3210 1240 3448 1303 student,

1873 1340 2061 1402 pugno
2108 1333 2423 1399 frequenter
2465 1330 2837 1401 percutientes
2889 1337 3147 1399 pectora;
3201 1328 3455 1383 columna

1876 1438 2006 1479 vero
2036 1423 2368 1493 intelligatur
2413 1420 2815 1475 ﬁrmamentum
2860 1434 2983 1475 esse
3034 1419 3159 1473 ﬁdei
3209 1425 3452 1478 nostrai.

1880 1514 2108 1569 ﬁrmiter
2140 1511 2459 1568 snﬁ'ulciens
2490 1521 2543 1567 et
2570 1510 2751 1567 ferens
2789 1510 2952 1564 simul
2983 1509 3272 1575 universa;
3315 1507 3454 1576 lapis

1879 1611 2060 1657 autent
2106 1601 2423 1657 offensionis
2456 1599 2750 1656 incredulis
2783 1606 2891 1663 est,
2931 1604 2984 1653 et
3019 1604 3170 1667 petra
3212 1595 3452 1652 scandali

1886 1693 2120 1759 Judaeis;
2149 1693 2306 1749 nobis
2328 1701 2511 1747 autem
2539 1692 2676 1761 lapis
2713 1690 3049 1744 fundamenti
3071 1686 3350 1750 Ecclesiae,
3369 1692 3454 1738 to-

1881 1795 1988 1839 tam
2025 1783 2200 1838 basim
2230 1783 2537 1838 continens.
2567 1780 2750 1842 Petra,
2787 1780 2953 1834 robur
2972 1787 3025 1832 et
3058 1777 3289 1832 ﬁrmitas
3318 1790 3454 1829 con-

1820 1932 1825 1938 ,
1876 1872 2171 1937 fessionis,
2221 1885 2325 1940 qua
2374 1871 2624 1939 procella
2661 1871 2926 1923 Interesum
2963 1867 3297 1941 impugnata:
3326 1905 3341 1930 ,
3397 1864 3454 1918 in

1877 1979 2124 2034 spumam
2163 1976 2355 2017 rursus
2384 1960 2797 2023 dissolvuntur;
2834 1958 3057 2023 vermis,
3098 1954 3455 2027 quemadmo-

1876 2054 2006 2109 dum
2028 2052 2261 2108 Davides
2283 2052 2593 2107 divinorum
2623 2050 2925 2104 carminum
2958 2058 3149 2102 auctor
3174 2046 3348 2116 inquit
3363 2046 3408 2077 ⁸²
3435 2064 3449 2101 :

1876 2160 1941 2199 ac
1960 2146 2118 2201 nobis
2135 2144 2351 2213 quidem
2368 2144 2541 2197 instar
2562 2142 2763 2197 vermis
2774 2156 2837 2195 ex
2861 2146 3025 2203 terra,
3046 2139 3252 2207 absque
3270 2136 3455 2206 aliquo

1874 2234 2069 2289 aﬁectu
2115 2242 2209 2289 aut
2256 2234 2435 2297 coitu,
2479 2248 2543 2288 ex
2590 2238 2862 2301 perpetuat
2906 2227 3235 2298 virginitatis
3281 2234 3456 2280 matre

1876 2324 2064 2391 Maria,
2100 2322 2563 2395 absquenuptiali
2598 2318 2978 2376 commistione
3013 2324 3206 2381 natus;
3255 2314 3451 2369 adver-

1881 2415 2042 2471 sariis
2071 2422 2251 2469 autem
2290 2413 2491 2468 vermis
2522 2410 2815 2481 supplicii,
2864 2407 3156 2463 stimulans
3201 2411 3258 2461 et
3285 2405 3450 2474 depa-

1880 2519 2041 2561 scena
2068 2504 2272 2574 absque
2304 2503 2430 2557 ﬁne.

2248 2606 2768 2666 INTERROGATIO
2808 2603 3070 2661 XXXVII.

1952 2705 2116 2775 Atqui
2151 2704 2256 2758 nisi
2287 2704 2466 2773 ipsum
2500 2708 2808 2756 creaturam
2834 2712 2956 2753 esse
2980 2695 3207 2757 dixeris.
3246 2700 3449 2748 contu-

1860 2800 2044 2853 melia
2067 2796 2282 2850 Patrem
2311 2793 2505 2857 ofﬁcis,
2535 2791 2786 2846 aﬁectum
2833 2790 2883 2844 ei
2936 2788 3203 2842 tribuens.
3261 2784 3455 2839 Omnis

1881 2889 2027 2942 enim
2056 2889 2146 2957 qui
2204 2891 2450 2955 generat,
2497 2883 2723 2937 omnino
2756 2880 2860 2935 erit
2902 2878 3173 2933 obnoxius
3212 2874 3454 2929 affectui.

1880 2979 1989 3032 Aut
2011 2978 2154 3032 enim
2179 2974 2547 3039 contrahitur,
2582 2980 2675 3025 aut
2703 2962 2986 3031 dilatatur,
3022 2975 3116 3022 aut
3146 2966 3449 3022 sectionem

1888 3068 2348 3123 dcrivationemve
2376 3065 2605 3134 patitur,
2644 3069 2738 3115 aut
2774 3060 3020 3124 eﬁ'ertur,
3042 3064 3155 3111 -aut
3194 3054 3457 3125 deprimi-

1882 3162 1995 3217 tur,
2027 3163 2119 3207 aut
2153 3160 2303 3208 certe
2335 3153 2443 3206 tale
2468 3150 2599 3221 quid
2629 3148 2887 3214 sustinet,
2918 3148 3013 3216 qui
3050 3152 3299 3217 generat.
3396 3210 3403 3217 _

2515 3240 2821 3307 Responsio.

1951 3334 2111 3388 Absit
2143 3332 2336 3403 procul
2359 3331 2468 3385 tale
2499 3330 2780 3393 delirium,
2802 3342 2837 3381 ο
2860 3326 3141 3397 praeclare.
3168 3323 3287 3379 Non
3311 3322 3457 3378 enim

1881 3426 2065 3482 divina
2103 3432 2299 3479 natura
2339 3437 2539 3491 corpus
2569 3428 2677 3485 est,
2712 3417 2933 3473 elationi
2962 3424 3057 3470 aut
3091 3414 3458 3470 contractioni

1883 3515 2189 3584 subjectum
2224 3552 2238 3574 ,
2283 3519 2377 3564 aut
2416 3509 2612 3574 ﬁuxui,
2651 3514 2746 3561 aut
2789 3504 3043 3569 scctioni,
3084 3510 3177 3556 aut
3230 3516 3459 3571 prorsus

1882 3594 2251 3676 qualicunque
2292 3600 2507 3655 aﬁ‘ectui
2545 3598 2938 3667 mancipatum.
2981 3592 3261 3659 Quatenus
3292 3592 3459 3661 igitur

1884 3699 2043 3753 Pater
2070 3694 2297 3765 spiritus
2325 3698 2431 3755 est,
2467 3689 2663 3743 Filium
2705 3690 2872 3741 Deum
2914 3682 3152 3739 Verbum
3194 3682 3459 3752 spiritua-

1884 3787 2006 3840 liter
2033 3784 2240 3853 absque
2264 3789 2509 3851 tempore
2562 3776 2911 3833 ineffabiliter
2953 3775 3163 3845 genuit.
3206 3772 3277 3825 At
3325 3786 3461 3827 vero

1888 3875 2015 3945 quia
2050 3873 2327 3944 plerisque
2364 3868 2581 3924 videtur
2618 3864 2761 3921 visui
2816 3866 2997 3936 potius
3032 3877 3196 3933 quam
3244 3860 3459 3915 auditui

1840 3950 1843 3951 ν
1885 3964 2240 4029 credendum,
2271 3961 2434 4017 etiam
2474 3958 2627 4013 facili
2677 3946 2863 4026 aliquo
2899 3953 3150 4025 exemplo
3190 3953 3455 4007 utendum

1881 4071 2005 4113 esse
2028 4063 2190 4108 ratus
2245 4066 2368 4108 sum
2416 4049 2472 4104 in
2532 4063 2598 4104 eo
2654 4046 3003 4110 declaramlo,
3062 4044 3207 4114 quod
3248 4043 3460 4113 absque

1885 4147 2078 4201 aﬁ'ectu
2116 4144 2263 4198 Deus
2292 4147 2533 4211 generet,
2563 4153 2673 4194 non
2705 4136 2908 4192 ﬁuxum
2937 4149 3113 4205 neque
3148 4132 3457 4199 sectionem

1884 4238 2117 4310 patiens.
2145 4233 2414 4289 Creatura
2443 4230 2635 4300 utique
2663 4229 2756 4284 Dei
2787 4235 2872 4283 est
2907 4227 3011 4289 sol,
3046 4241 3156 4295 quo
3203 4224 3372 4292 aliqui
3399 4223 3458 4275 in

1883 4326 2324 4386 extremitatibus
2347 4323 2800 4379 inhabitabilihus
2820 4321 2942 4392 igne
2959 4325 3210 4374 carentes
3227 4323 3280 4371 ut
3294 4322 3465 4370 untur

1886 4420 1954 4476 ad
1980 4418 2299 4489 coquendos
2328 4416 2506 4479 cibos,
2536 4425 2914 4485 equorumque
2944 4418 3193 4480 pastores
3212 4445 3228 4472 ,
3257 4416 3312 4462 et
3357 4405 3460 4458 bu-

1887 4512 2054 4579 bulci,
2089 4510 2299 4565 subulci
2334 4515 2389 4563 et
2412 4512 2658 4577 pastores
2697 4503 2811 4569 alii,
2852 4502 3077 4556 calicem
3130 4513 3274 4569 aqua
3318 4511 3465 4567 pura

1885 4604 2132 4674 implent,
2184 4610 2239 4656 et
2290 4598 2444 4653 radio
2493 4596 2627 4652 solis
2679 4594 2993 4657 obvertunt,
3024 4590 3288 4657 aridoque
3327 4589 3464 4641 limo

1887 4691 2110 4746 admoto
2134 4690 2201 4743 ad
2232 4702 2331 4741 vas
2377 4684 2690 4755 aquarium,
2742 4682 2899 4737 illico
2949 4680 3127 4750 ignem
3169 4674 3458 4738 auferunt,

1887 4797 2012 4837 cum
2046 4779 2267 4834 interim
2296 4792 2395 4832 nec
2422 4775 2746 4842 sectionem,
2790 4787 2890 4826 nec
2938 4770 3168 4834 ﬂuxum,
3211 4782 3315 4822 nec
3366 4774 3464 4819 tuv

1888 4885 2118 4932 morem,
2145 4883 2244 4924 nec
2277 4866 2710 4922 contractionem
2734 4862 3007 4917 luminare
3051 4860 3230 4929 ipsum
3279 4857 3463 4928 patia-

1888 4970 2000 5018 tur.
2034 4959 2183 5015 ldem
2218 4974 2313 5029 per
2341 4972 2539 5027 purum
2585 4956 2788 5009 vitrum
2838 4953 2895 5007 in
2944 4950 3240 5006 domiciliis
3290 4962 3458 5019 pene-

1894 5064 2068 5115 trans,
2102 5050 2369 5120 quasique
2395 5048 2579 5102 radios
2604 5046 2838 5116 gignens
2869 5058 2966 5114 per
3000 5043 3313 5097 universam
3346 5046 3466 5095 ter-

1892 5158 2031 5206 ram,
2053 5140 2409 5196 nihilominus
2431 5136 2640 5206 absque
2663 5133 2880 5189 defectu
2912 5141 2965 5202 et
2983 5132 3187 5200 absque
3218 5130 3468 5185 sectione

1895 5248 1989 5302 per
2018 5231 2202 5286 omnia
2228 5228 2499 5283 cernitur.
2534 5224 2798 5279 Similiter
2835 5233 2890 5279 et
2920 5223 3030 5284 fax,
3076 5221 3293 5275 etiamsi
3343 5219 3474 5273 inti-

1896 5319 2370 5390 nitasglampa‘des
2392 5314 2729 5378 accenderit,
2779 5328 2955 5380 neque
3004 5310 3237 5373 ﬂuxum,
3286 5324 3472 5378 neque

1894 5412 2194 5469 sectionem
2227 5409 2453 5480 patitur.
2485 5406 2543 5461 Si
2583 5405 2750 5472 igitur
2800 5402 3010 5472 absque
3056 5398 3280 5453 laesione
3328 5399 3466 5451 ﬁunt

1894 5505 2021 5570 ista,
2053 5504 2108 5558 in
2141 5500 2418 5557 inﬁnitum
2450 5499 2570 5554 istis
2593 5512 2690 5569 per
2727 5493 2914 5550 omnia
2955 5492 3297 5561 superiorem
3343 5504 3477 5555 esse

1893 5601 2147 5649 naturam
2174 5592 2414 5670 divinam
2443 5588 2757 5645 credamus.
2796 5583 2933 5638 Nam
2964 5581 3129 5637 simul
3153 5580 3208 5634 in
3233 5578 3475 5657 'unirerc

1892 5700 2014 5742 sum
2046 5684 2308 5742 omniain
2337 5683 2511 5754 ipsam
2558 5678 2759 5737 collata
2804 5682 2933 5732 sunt
2982 5674 3155 5729 instar
3196 5671 3343 5727 venti
3393 5676 3479 5722 te-
