4020 6302
545 381 649 443 903

541 490 694 547 nuis.
726 487 866 558 Ergo
888 484 1077 557 genuit
1110 483 1271 538 Pater
1302 481 1520 547 Filium,
1549 496 1657 535 non
1690 496 1787 550 per
1818 480 2117 535 sectionem

552 590 650 637 aut
684 581 914 645 ﬂuxum,
950 595 1057 634 non
1090 592 1184 648 per
1222 583 1493 630 tumorem
1530 574 1612 627 vel
1656 573 2117 637 contractionem,

545 674 640 728 sed
685 673 1043 740 incorporeus
1100 668 1374 723 exsistens
1432 667 1816 734 incorporeum
1879 663 2119 718 Verbum

547 760 795 830 ejusdem
852 759 1203 822 substantia},
1248 755 1394 825 quod
1445 762 1502 808 et
1549 755 1701 808 audit
1753 762 1808 807 et
1857 752 2119 821 loquitur.

547 848 686 903 Vaui
712 851 891 919 ‘igitur
923 848 1000 902 illi
1032 855 1087 902 et
1119 847 1466 916 insipientes.
1502 844 1594 913 qui
1644 858 1773 898 cum
1817 842 2122 913 ignominia

548 936 823 990 honorant
849 934 1089 1003 Patrem,
1126 950 1195 989 ne
1221 934 1460 989 audeant
1483 940 1727 988 creatum
1759 931 2119 1002 pronuntiare

547 1022 770 1079 Filium.
806 1025 864 1078 Si
894 1027 1062 1089 enim,
1099 1034 1159 1079 ut
1193 1025 1369 1088 aiunt,
1400 1017 1558 1075 Pater
1589 1036 1862 1093 generans
1889 1022 2120 1090 patitur,

546 1118 707 1168 etiam
742 1132 842 1184 ego
869 1125 1145 1171 ereantem
1189 1113 1405 1184 fatigari
1430 1113 1575 1168 dico.
1626 1110 1779 1166 Unde
1824 1112 1995 1180 igitur
2034 1125 2125 1163 or-

508 1232 513 1237 ν
548 1214 661 1257 tum
681 1205 942 1260 .dicemus
972 1204 1193 1266 Filium,
1219 1219 1303 1257 .ne
1336 1201 1551 1256 Patrem
1591 1210 1684 1256 aut
1728 1202 1861 1273 pati,
1908 1210 2002 1255 aut
2052 1198 2127 1254 fa-

549 1298 707 1365 tigari
749 1297 1065 1366 blaspheme
1094 1295 1440 1352 statuamus?
1472 1295 1631 1348 Absit
1674 1294 1843 1363 igitur
1875 1307 1908 1345 a
1949 1282 2020 1356 te,
2067 1298 2127 1347 ut

1636 370 1691 423 S.
1718 366 2018 423 CAESAR“
2056 365 2381 425 GREGORII
2422 365 2722 422 FRATlllS

3693 358 3799 417 904

2223 482 2612 553 φθεγγόμενον.
2661 484 2724 535 Oi
2757 476 2849 534 οὖν
2875 481 3085 552 ἀτίμως
3118 479 3385 549 τιμῶντες
3414 478 3505 532 τὸν
3537 477 3793 543 Πατέρα,

2223 573 2582 627 εἰκαιόὸουλοι
2628 573 2721 626 καὶ
2759 573 3185 643 ματαιόφρονες,
3230 570 3449 624 κτιστδν
3497 568 3573 638 μὴ
3597 566 3801 636 τολμᾶ-

2221 681 2403 717 τωσαν
2444 664 2766 732 ἀποφαίνειν
2818 664 2907 716 τὸν
2957 664 3107 717 Υἱόν.
3155 662 3219 715 Ei
3253 662 3384 732 γὰρ,
3432 658 3615 720 καθώς
3646 671 3798 727 φησι,

2222 753 2497 821 γεννῶντα
2522 752 2754 822 πάσχειν
2781 752 2873 805 τὸν
2899 753 3121 823 Πατέρα
3139 790 3155 815 ,
3189 750 3351 819 κάγώ
3374 765 3517 819 φημι
3547 746 3800 828 κτίζοντα

2225 844 2451 913 κάμνειν
2473 883 2488 907 ,
2540 844 2703 896 πόθεν
2744 842 2987 913 δώσομεν
3024 843 3114 896 τὸν
3151 842 3300 902 Υίὸν,
3339 842 3425 894 ἵνα
3462 839 3537 909 μὴ
3563 837 3655 890 τὸν
3682 838 3800 890 Πα-

2222 928 2357 998 τέρα
2384 930 2662 999 πάσχοντα
2686 931 2719 999 ἢ
2744 930 3021 1000 κάμνοντα
3044 929 3557 998 βλασφημήσωμενς
3586 927 3805 991 Ἄπαγε

2225 1018 2403 1070 τοίνυν
2452 1019 2683 1083 σαυτὸν,
2738 1019 2947 1089 ἀτίμως
2990 1018 3051 1071 τὸ
3081 1018 3235 1071 Θεῖον
3260 1016 3563 1087 γεραίρωνί
3604 1013 3663 1069 Ὀ
3694 1012 3805 1081 γὰρ
3883 1071 3894 1083 ,

2229 1107 2321 1160 τὸν
2358 1108 2529 1161 Παῖδα
2570 1107 2907 1178 βλασφημῶν
2926 1146 2940 1172 ,
2974 1107 3064 1160 τὸν
3092 1106 3312 1176 Πατέρα
3336 1104 3546 1167 λιθάζει
3566 1142 3582 1167 ,
3622 1100 3806 1163 καθὼς

2226 1198 2386 1260 αὐτὸς
2406 1198 2465 1250 ὲν
2486 1197 2838 1265 Εὐαγγελίοις
2856 1198 3126 1269 θεηγορεῖ·
3152 1198 3205 1249 '0
3217 1196 3301 1266 μὴ
3324 1195 3506 1265 τιμῶν
3520 1194 3626 1247 τὸν
3644 1192 3805 1255 Tw",

2246 1288 2391 1344 οὐδὲ
2413 1288 2522 1341 τὸν
2557 1290 2791 1357 Πατέρα
2821 1286 2977 1357 τιμᾷ.

548 1402 674 1442 cum
729 1391 834 1445 hac
896 1390 1195 1460 ignominia
1247 1389 1383 1442 velis
1460 1394 1716 1441 naturam
1789 1386 2030 1442 divinam
2074 1385 2366 1438 honorare.
2397 1380 2531 1436 Nam
2564 1383 2656 1453 qui
2688 1380 2889 1437 Filium
2930 1382 3295 1452 blasphemat,
3333 1380 3545 1435 Patrem
3579 1378 3805 1447 lapidat.

558 1480 1027 1546 Quemadmodum
1070 1482 1189 1551 ipse
1244 1480 1296 1533 in
1334 1478 1627 1549 Evangelio
1676 1486 1867 1534 sancte
1896 1476 2155 1549 praedicat
2190 1491 2202 1527 :
2236 1472 2341 1539 Qui
2382 1490 2486 1527 non
2518 1473 2741 1527 honorat
2771 1471 2995 1537 Filium,
3024 1489 3184 1543 neque
3217 1470 3438 1525 Patrem
3482 1470 3703 1524 honorat
3736 1469 3807 1526 ".

903 1591 1416 1647 INTERROGATIO
1473 1591 1768 1647 XXXVIII.

622 1701 731 1758 Sed
761 1703 1039 1773 quomodo
1070 1702 1258 1757 dicunt
1286 1704 1475 1773 aliqui,
1513 1703 1656 1773 quod
1690 1701 1988 1755 secundum
2017 1697 2126 1751 ele-

559 1796 796 1849 ctionem
831 1802 883 1848 et
908 1795 1137 1863 gratiam
1168 1794 1420 1849 Christus
1456 1794 1526 1849 sit
1569 1794 1747 1847 factus
1789 1792 1880 1845 Dei
1919 1788 2132 1843 Filius?

555 1882 671 1936 Non
700 1884 844 1936 enim
881 1882 1060 1949 inquit
1108 1882 1292 1945 Pater,
1329 1882 1431 1935 Hic
1467 1889 1543 1935 est
1586 1878 1761 1932 Filius
1801 1894 1946 1932 metu
1992 1876 2131 1930 dite-

551 1983 667 2027 ctus
696 1986 856 2040 quem
886 1973 1069 2040 genui,
1115 1974 1208 2025 sed
1256 1988 1356 2040 quo
1402 1971 1632 2024 delector
1666 1971 1734 2025 "'.
1782 1969 1849 2022 Et
1875 1967 2045 2023 Isaias
2076 1969 2128 2021 in

551 2079 787 2135 persona
820 2062 917 2130 Dei,
941 2070 995 2116 et
1030 2062 1206 2116 Patris
1235 2062 1302 2117 de
1322 2061 1545 2116 Christo
1578 2056 2129 2130 inquit:EcceFilius

554 2170 698 2208 meus
736 2170 885 2223 quem
916 2154 1071 2223 elegi,
1100 2154 1325 2207 dilectus
1360 2169 1505 2207 meus
1530 2170 1632 2220 quo
1681 2151 1977 2205 delectatur
2012 2148 2132 2201 rmi-

554 2262 671 2298 mus
708 2262 850 2298 meus
879 2246 946 2297 ".
974 2245 1054 2298 Ad
1106 2244 1360 2306 eumdem
1413 2242 1634 2296 modum
1684 2252 1738 2296 et
1785 2241 2005 2295 Solonio
2043 2240 2128 2293 in-

551 2337 692 2408 quit,
732 2335 945 2389 Electus
978 2351 1004 2389 e
1041 2335 1219 2389 decem
1255 2333 1489 2386 millibus
1511 2332 1581 2387 “.

1187 2528 1493 2598 Responsio.

625 2635 694 2691 Ut
726 2636 961 2701 videtur,
994 2637 1197 2691 Ariana
1232 2638 1450 2692 laboras
1498 2636 1797 2701 dementia,
1836 2645 1993 2689 tanto
2037 2650 2131 2689 co-

556 2738 690 2781 natu
733 2728 1000 2782 adversus
1037 2730 1323 2782 veritatem
1369 2727 1729 2781 contendens.
1774 2726 2133 2797 Ostendeigi-

556 2827 647 2872 tur
700 2820 906 2887 similes
938 2816 1183 2882 Christo,
1232 2831 1371 2885 quos
1422 2816 1581 2871 Pater
1620 2816 2022 2886 approbaverit,
2072 2824 2132 2870 ut

555 2909 834 2964 Christum
869 2910 1031 2979 elegit
1064 2910 1263 2963 solum.
1297 2907 1430 2961 Nam
1464 2908 1509 2963 si
1544 2907 1715 2963 Filius
1761 2914 1844 2963 est
1883 2910 2129 2975 unigeni-

557 3010 667 3065 tus,
705 3016 813 3053 non
847 3002 1007 3055 habet
1036 3000 1272 3053 irati-em
1297 3007 1390 3052 aut
1430 2978 1716 3068 aequalem,
1774 3007 1868 3052 aut
1915 2999 2017 3053 sibi
2064 3014 2131 3053 ex

557 3091 809 3159 opposito
842 3079 1281 3159 respondentem.
1310 3088 1522 3144 Cecinit
1550 3089 1693 3143 enim
1748 3087 1816 3143 de
1863 3087 1983 3157 ipso
2033 3086 2136 3140 Da-

558 3182 711 3234 vides
741 3182 829 3234 ille
855 3180 1112 3234 divinus:
1150 3180 1281 3245 Quis
1332 3180 1720 3233 assimilabitur
1757 3176 2009 3240 Domino,
2051 3178 2135 3229 in-

558 3284 638 3325 ter
674 3272 815 3339 ﬁlios
847 3270 941 3323 Dei
962 3271 1006 3301 ⁸⁷
1031 3271 1053 3323 ?
1097 3272 1161 3323 Et
1190 3269 1449 3339 deinceps
1477 3288 1490 3324 :
1516 3268 1814 3337 Μαργιαεά
1837 3269 2133 3322 tremendus

556 3372 659 3426 est,
681 3378 841 3431 supra
878 3377 1053 3415 omnes
1083 3364 1169 3429 qui
1204 3368 1324 3414 sunt
1356 3362 1409 3413 in
1444 3361 1671 3413 circuitu
1698 3359 1864 3428 ipsius
1888 3358 1955 3409 ⁵⁸.
1990 3358 2134 3412 Tan-

557 3468 722 3523 quam
755 3466 914 3505 nemo
945 3452 1121 3520 possit
1160 3452 1463 3504 secundum
1514 3450 1746 3519 gratiam
1793 3457 1887 3502 aut
1936 3463 2135 3504 secun-

558 3542 689 3594 dum
736 3540 1039 3609 proiectum
1086 3539 1326 3594 conferri
1381 3537 1488 3591 Deo
1537 3536 1731 3600 Verbo,
1781 3537 1875 3606 qui
1911 3545 2135 3605 propter

558 3633 817 3686 mortales
864 3633 1141 3692 hominem
1182 3616 1525 3697 assumpsit,
1578 3636 1632 3680 et
1678 3628 1876 3682 merito
1926 3628 2134 3681 electus

558 3731 663 3776 est.
690 3722 825 3776 Cum
867 3724 1012 3776 enim
1064 3721 1313 3791 plurima}
1370 3726 1425 3773 et
1487 3718 1914 3771 innumerabiles
1952 3728 2135 3771 essent

559 3812 818 3865 mulieres
842 3812 1022 3865 adhuc
1047 3812 1399 3877 incorruptae,
1445 3808 1617 3863 solam
1646 3816 1826 3861 tamen
1861 3822 1923 3860 ex
1957 3807 2136 3861 omni~

561 3901 663 3956 bus
690 3902 881 3969 selegit
912 3899 1161 3965 Mariam,
1191 3900 1245 3952 in
1275 3901 1391 3969 ipsa
1434 3895 1781 3953 ineﬂ'abiliter
1808 3896 2003 3951 uniens
2027 3899 2133 3952 sibi

561 3998 615 4043 et
659 3993 925 4059 copulans
953 4003 1204 4044 naturam
1237 3997 1509 4050 nostram,
1547 3986 2006 4056 quemadmodum
2046 3988 2132 4039 di-

563 4080 726 4133 vinus
758 4068 848 4132 ille
887 4089 1038 4133 vates
1077 4079 1256 4147 inquit
1296 4096 1308 4129 :
1370 4076 1537 4145 Elegit
1596 4077 1743 4129 nobis
1774 4074 2131 4130 haereditate»:

558 4168 661 4221 sibi
682 4168 1123 4236 pulchritudinem
1152 4163 1363 4230 Jacobi,
1382 4181 1540 4235 quam
1567 4163 1753 4217 dilexit
1773 4164 1816 4197 ”
1857 4182 1869 4215 :
1904 4162 2129 4216 Mariam

559 4266 821 4326 perpetuo
853 4248 1161 4310 manentem
1185 4256 1448 4325 virginem
1476 4254 1821 4325 signiﬁcans,
1841 4269 1961 4323 quae
1990 4270 2130 4307 nuu-

560 4364 722 4416 quam
764 4348 829 4401 ad
859 4346 1226 4416 generandum
1280 4361 1569 4416 progressa
1608 4346 1805 4407 fuerat,
1844 4354 1936 4398 aut
1963 4345 2127 4399 fetum

562 4443 616 4494 in
671 4448 827 4493 utero
874 4447 1123 4493 materno
1178 4448 1528 4507 conceperat.
1585 4437 1885 4506 Amplexus
1944 4445 2127 4490 autem

560 4532 721 4586 Pater
752 4547 869 4586 eam
902 4546 1023 4599 quae
1059 4547 1123 4586 ex
1157 4531 1274 4599 ipsa
1302 4538 1443 4595 erat,
1475 4514 1912 4583 incarnationem
1940 4526 2129 4591 Verbi,

560 4638 590 4675 e
620 4622 875 4690 supernis
917 4623 1181 4676 acclauiat
1223 4638 1236 4673 :
1277 4619 1412 4674 Ecce
1460 4620 1635 4673 Filius
1688 4636 1831 4674 meus
1888 4618 2130 4681 dilectus,

557 4727 660 4781 quo
690 4711 920 4763 delector
954 4712 1021 4763 ⁸⁸.
1060 4710 1273 4775 Quibus
1303 4710 1357 4763 in
1401 4709 1856 4778 verbisintelligit
1912 4708 2132 4762 unicum

559 4805 714 4857 illum
744 4820 808 4856 ex
842 4819 901 4857 se
943 4810 997 4855 et
1036 4818 1099 4855 ex
1150 4809 1410 4871 perpetua
1471 4802 1685 4871 virgine
1738 4808 1927 4852 natura
1974 4797 2131 4851 nobis

562 4890 757 4945 Filium
797 4891 988 4953 Deum,
1023 4891 1125 4945 sibi
1153 4902 1203 4943 et
1234 4890 1391 4944 nobis
1419 4889 1980 4952 consubstantialem,
2016 4887 2121 4956 ipsi

2809 1585 3060 1638 ΠΕΥΣιΣ
3097 1585 3229 1639 AH'.

2301 1698 2409 1750 Kal
2438 1696 2553 1759 πῶς
2595 1698 2737 1760 τινές
2781 1715 2942 1766 φασι,
2972 1698 3093 1751 κατ’
3138 1699 3367 1768 ἐκλογὴν
3401 1698 3494 1750 καὶ
3527 1696 3686 1767 χάριν
3711 1696 3804 1749 τὸν

2231 1789 2462 1859 Χριστὸν
2507 1789 2758 1856 γενέσθαι
2803 1789 2930 1842 Υίὸν
2979 1784 3075 1842 τοὸ
3114 1787 3284 1854 Θεοῦ;
3343 1787 3419 1840 Οὐ
3466 1787 3574 1858 γὰρ
3604 1786 3751 1855 λέγει
3779 1789 3808 1840 6

2232 1882 2421 1951 Πατήρ
2444 1897 2457 1909 ο
2508 1876 2695 1945 Οὗτός
2722 1880 2893 1934 ἐστιν
2921 1883 2955 1934 ό
2992 1881 3126 1946 Υίός
3158 1898 3277 1949 μου
3328 1882 3361 1933 ό
3399 1878 3706 1948 ἀγαπητὸς
3748 1877 3809 1932 δν

2232 1972 2533 2041 ἐγέννησα,
2582 1970 2719 2035 ἀλλ’,
2750 1972 2819 2024 ἐν
2858 1963 2906 2036 ᾧ
2936 1970 3271 2037 ηὑδόκησα.
3327 1970 3437 2022 Kal
3480 1970 3706 2032 Ἡσαΐας
3744 1972 3808 2022 ὲκ

2232 2060 2523 2128 προσώπου
2570 2061 2663 2114 τοῦ
2714 2062 2847 2114 Θεοῦ
2894 2063 2986 2115 καὶ
3033 2063 3273 2132 Πατέρος
3305 2060 3453 2129 λέγει
3504 2062 3631 2131 περὶ
3674 2062 3810 2132 Χρι-

2234 2148 2359 2201 στοῦ
2380 2166 2393 2178 ⁸
2429 2149 2582 2203 Ἰδοὺ
2616 2151 2647 2203 d
2680 2142 2831 2215 Παῖς(
2851 2168 2972 2219 μου
3001 2150 3073 2203 ὃν
3099 2150 3489 2219 ᾑρετισάμην,
3519 2153 3553 2204 δ
3579 2152 3811 2220 ἀγαπη-

2230 2240 2333 2305 τός
2355 2258 2506 2309 μου,
2540 2243 2629 2306 είς
2670 2241 2741 2294 ὃν
2768 2241 3112 2308 ηὐδόκησεν
3139 2242 3176 2309 ὴ
3207 2240 3376 2310 ψυχή
3395 2259 3535 2309 μου.
3576 2240 3810 2311 Ὁμοίως

2232 2327 2327 2381 καὶ
2372 2328 2636 2399 ΔΣολομὼν
2692 2329 2865 2399 λέγει’
2934 2328 3467 2399 Ἐκλελογισμένος
3520 2328 3640 2383 ἀπὸ
3689 2345 3807 2398 μυ-

2225 2416 2456 2485 ριάδος.

2858 2526 3211 2595 Ἀπόκρισις.

2316 2635 2402 2699 Ὠς
2436 2633 2578 2688 ἔοικε
2623 2634 2722 2705 τῆς
2783 2635 2991 2707 Ἀρείου
3042 2629 3327 2709 παροινίας
3375 2638 3667 2709 ὑπάρχεις,
3723 2657 3811 2693 το-

2236 2725 2409 2798 σαύτῃ
2462 2726 2764 2795 φιλονεικίᾳ
2823 2728 2964 2801 κατά
3018 2729 3117 2798 τῆς
3182 2729 3441 2799 ἀτρεκίας
3504 2730 3807 2801 χρώμενος.

2234 2814 2417 2877 Δεῖξον
2448 2816 2628 2868 τοίνυν
2671 2816 2796 2879 τοὺς
2826 2800 3045 2886 ὁμοίους
3081 2818 3317 2889 Χριστοῦ
3337 2858 3352 2883 ,
3386 2819 3480 2883 οὓς
3511 2800 3814 2891 δοκιμάσας

2233 2906 2262 2956 6
2309 2905 2528 2975 Πατὴρ,
2577 2906 2811 2976 Χριστὸν
2857 2906 3138 2974 ἐξελέξατο
3169 2910 3347 2979 μόνον.
3395 2908 3459 2962 El
3503 2908 3611 2980 γὰρ
3650 2910 3811 2981 μόνος

2236 2994 2363 3058 Υἱὸς
2392 2995 2625 3065 ὑπάρχει
2674 2996 3001 3067 μονογενὴς,
3046 2999 3146 3052 οὐκ
3190 2999 3302 3069 ἔχει
3334 3000 3621 3070 ἀδελφὸνῆ
3663 3000 3814 3055 ἀντι-

2234 3082 2560 3152 παράθετον.
2599 3083 2938 3155 Ἐμελῴδησε
2969 3084 3077 3156 γὰρ
3102 3087 3229 3156 περὶ
3273 3087 3436 3141 αὑτοῦ
3467 3088 3631 3141 eam
3660 3091 3691 3143 6
3732 3088 3814 3141 θε-

2236 3174 2489 3237 σπέσιος’
2556 3175 2649 3240 Τίς
2695 3175 3119 3245 ὁμοιωθήσεται
3166 3177 3246 3243 τῷ
3289 3180 3486 3247 Κυρίῳ
3539 3180 3610 3232 ὲν
3658 3178 3813 3245 υἱοῖς

2238 3265 2421 3329 Θεοῦ;
2458 3266 2551 3317 καὶ
2591 3267 2711 3336 μεθ’
2747 3268 2941 3337 ἕτερα·
2976 3268 3178 3337 Μέγας
3204 3271 3303 3324 καί
3347 3272 3601 3339 φοϐερός
3640 3272 3815 3325 ἐστιν

2235 3352 2332 3405 ἐπὶ
2388 3353 2619 3421 πάντας
2660 3356 2801 3421 τοὺς
2838 3359 3179 3426 περικύκλῳ
3225 3360 3443 3415 αὐτοῦ’
3478 3362 3551 3425 ὡς
3584 3362 3816 3431 μηδενὸς

2236 3442 2347 3495 οἴου
2376 3460 2435 3496 τε
2474 3444 2625 3508 ὄντος
2657 3447 2751 3499 τοῦ
2800 3449 2939 3502 κατά
2970 3450 3128 3520 χάριν
3144 3452 3187 3519 ἢ
3218 3452 3499 3522 προκοπὴν
3529 3453 3817 3523 παραϐάλ-

2236 3531 2424 3585 λεσθαι
2452 3535 2529 3603 τῷ
2574 3536 2694 3606 Θεῷ
2733 3538 2889 3607 Λόγῳ
2912 3578 2925 3601 ,
2964 3539 3055 3592 διὰ.
3088 3539 3307 3609 βροτοὺς
3348 3540 3675 3612 ἀνδρωθέντι
3723 3543 3817 3595 καὶ

2235 3624 2461 3689 εἰκότως
2513 3626 2838 3696 ὲκλεχθέντι.
2885 3628 3157 3683 Πλείστων
3185 3630 3291 3701 γὰρ
3320 3631 3682 3701 ὑπαρχουσῶν
3713 3651 3816 3703 μυ-

2239 3716 2436 3785 ριάδων
2462 3717 2739 3784 γυναικῶν
2775 3718 2855 3771 ἔτι
2886 3720 3160 3791 ἀφθόρων,
3196 3721 3361 3791 μόνην
3390 3723 3455 3774 ὲκ
3478 3723 3669 3775 πασῶν
3694 3724 3818 3777 Μα-

2238 3807 2358 3875 ρίαν
2405 3808 2727 3879 ἀπέκρινεν,
2760 3812 2817 3863 ὲν
2855 3812 2991 3881 αὐτῇ
3042 3812 3335 3883 ἀφράστως
3381 3812 3586 3877 ένὼσας
3632 3814 3815 3884 ἐαυτῷ

2235 3896 2329 3949 xui.
2380 3898 2691 3966 συμπλέξας
2732 3899 2799 3952 τὰ
2835 3900 3111 3971 ἡμέτερα,
3164 3901 3345 3965 καθώς
3398 3919 3561 3971 φησιν
3590 3903 3618 3953 6
3666 3902 3813 3966 θεῖος

2235 3988 2546 4057 τραγῳδός·
2624 3988 2975 4054 Ἐξελέξατο
3035 3991 3180 4060 ἡμῖν
3233 3992 3347 4060 τὴν
3406 3985 3814 4062 κληρονομίαν

2232 4077 2477 4141 ἑαυτοῦ,
2522 4078 2637 4146 τὴν
2689 4080 3000 4148 καλλσνὴν
3063 4084 3277 4146 Ἰακὼϐ,
3320 4081 3399 4150 ἦν
3455 4082 3810 4151 ἠγάπησεν·

2233 4168 2332 4238 τὴν
2365 4168 2618 4221 ἀείπαιδα
2666 4170 2884 4240 Μαρίαν
2936 4168 3147 4241 δηλῶν,”
3190 4173 3416 4243 μηδέπω
3469 4176 3547 4237 εἰς
3595 4173 3813 4241 γένεσιν

2237 4258 2633 4330 παρελθοῦσαν,
2659 4262 2717 4313 ὲν
2736 4260 2888 4332 νηδύϊ
2917 4263 3124 4333 μητρὸς
3157 4264 3609 4334 καταδληθεῖσαν.
3644 4264 3810 4331 Ἀγά-

2239 4368 2397 4419 μενος
2420 4351 2463 4403 δ’
2486 4353 2513 4403 6
2546 4352 2734 4422 Πατὴρ
2769 4352 2865 4424 τὴν
2896 4352 2952 4418 ἐξ
2981 4355 3149 4425 αὐτῆς
3184 4354 3277 4407 τοῦ
3306 4356 3486 4423 Λόγου
3509 4355 3807 4425 σάρκωσιν,

2236 4441 2441 4494 ἄνωθεν
2484 4442 2699 4513 ὲπιϐοᾷ·
2746 4443 2890 4497 Ἰδοὺ
2921 4448 2953 4498 ό
2990 4446 3119 4509 Υἱός
3140 4463 3259 4513 μου
3300 4449 3331 4498 ὀ
3372 4446 3709 4514 ἀγαπητὸς,
3743 4448 3811 4499 ἐν

2232 4524 2280 4595 ᾦ
2310 4530 2634 4598 εὐδόκησω
2657 4532 2749 4584 ἕνα
2776 4533 2867 4586 τὸν
2901 4536 3031 4605 παρ’
3062 4535 3226 4587 αὑτοῦ
3259 4537 3350 4587 καὶ
3380 4537 3475 4605 τῆς
3505 4536 3811 4601 Ἀείπαιδος

2231 4621 2511 4691 γνωρίζων
2526 4623 2655 4691 ἡμῖν
2676 4624 2845 4675 Παῐδα
2860 4624 3165 4697 Θεὸν,αὺτῷ
3180 4627 3270 4678 καὶ
3294 4627 3423 4696 ἡμῖν
3438 4630 3464 4679 6
3472 4626 3809 4696 μοούσιον,τὸ

2234 4713 2351 4781 μὲν,
2372 4712 2629 4783 θειότητι,
2656 4715 2753 4785 τῆς
2775 4715 2827 4767 δὲ
2855 4716 3053 4788 (Il-12)
3082 4716 3162 4787 τῷ
3191 4717 3598 4787 προσλὴμματι.
3643 4717 3809 4787 Ὁμο-

2230 4800 2431 4873 Θέωρος
2456 4804 2563 4878 γὰρ
2594 4804 2807 4874 Θνητοῖς
2831 4806 3115 4870 ἀθάνατος,
3150 4807 3487 4879 αὐθαιρέτως
3515 4807 3809 4877 γενόμενος

2232 4889 2441 4957 ἔμεινεν
2474 4891 2501 4943 6
2522 4888 2610 4961 ἦν,
2637 4893 2910 4962 ὁρώμενος
2933 4895 3067 4965 ὅπερ
3094 4895 3231 4965 εἰμί.

558 4978 777 5049 quidem
809 4980 1112 5041 divinitate,
1146 4980 1298 5051 nobis
1340 4997 1466 5035 vero
1499 4984 1712 5033 ratione
1743 4981 1926 5033 carnis
1960 4988 2277 5048 assumptaa.
2316 4979 2459 5034 Idem
2493 4984 2637 5036 enim
2675 4988 2817 5039 inter
2850 4984 3112 5039 mortales
3151 5000 3420 5055 apparens
3454 4985 3806 5054 immortalis,

558 5085 858 5146 spontanea
891 5077 1167 5131 voluntate
1194 5078 1393 5130 mansit
1424 5076 1568 5145 quod
1592 5084 1727 5141 erat,
1760 5092 1883 5130 cum
1923 5074 2338 5145 conspiceretur
2376 5078 2428 5131 id
2457 5093 2578 5133 esse
2599 5080 2747 5147 quod
2785 5095 2906 5134 sum
2936 5095 3060 5149 ego.

922 5184 1435 5241 INTERROGATIO
1510 5184 1750 5237 XXXIX.

625 5280 908 5344 Quomodo
932 5293 1061 5331 vero
1086 5276 1386 5332 secundum
1424 5275 1726 5345 profectum
1775 5283 1841 5346 et,
1865 5274 2117 5329 dilectio-

558 5385 679 5423 nem
731 5368 1025 5437 Apostolus
1081 5366 1259 5435 ipsnm
1297 5366 1592 5420 ostendens
1639 5364 1835 5417 Filium
1890 5363 2006 5429 Dei,
2056 5364 2125 5418 de

2809 5190 3055 5243 ΠΕΥΣΙΣ
3092 5189 3214 5243 ΛΘ.

2304 5278 2413 5328 Καὶ
2445 5279 2560 5341 πῶς
2590 5280 2729 5333 κατὰ
2758 5282 3036 5351 προκοπὴν
3064 5280 3158 5333 καὶ
3188 5280 3463 5349 ἀγάπησιν
3486 5280 3514 5330 6
3548 5280 3805 5334 Ἀπὸστο-

2231 5364 2320 5428 λος
2351 5366 2563 5430 δεικνὺς
2591 5368 2751 5423 αὑτὸν
2781 5369 2908 5421 Υίὺν
2955 5367 3050 5422 τοῦ
3089 5368 3224 5422 Θεοῦ
3246 5409 3260 5435 ,
3310 5369 3437 5439 περί
3466 5366 3559 5420 τοῦ
3593 5368 3805 5442 Harpe;

626 5524 671 5553 ⁵³
700 5522 854 5577 Joan.
886 5538 937 5583 ν,
967 5524 1055 5574 23.
1118 5523 1164 5553 "‘
1198 5521 1383 5575 Matth.
1412 5538 1489 5588 ιιι,
1521 5522 1602 5574 l7.
1679 5521 1724 5553 "
1757 5519 1859 5573 Isa.
1890 5536 2024 5584 XLII,
2057 5522 2107 5573 l.

2255 5519 2407 5575 Cant.
2443 5538 2490 5585 ν,
2525 5522 2609 5577 10.
2686 5524 2731 5555 δ’
2758 5522 2900 5579 Psal.
2929 5539 3192 5589 Lxxxvm,
3224 5523 3274 5577 7.
3316 5523 3359 5555 "
3392 5522 3522 5578 ibid.
3578 5524 3624 5556 "
3656 5518 3803 5578 ἴδει.

552 5604 707 5657 XLVI,
744 5593 795 5646 5.
875 5594 917 5622 ⁶⁰
949 5592 1137 5645 Matth.
1170 5608 1249 5657 ιιι,
1285 5593 1371 5665 17.

630 5748 677 5819 (ι
698 5750 831 5821 1-12)
869 5750 933 5803 Τὸ
959 5750 1091 5819 μὲν.
1119 5792 1128 5805 .
1155 5793 1166 5807 .

1204 5749 1309 5817 τῆς
1338 5749 1421 5801 δέ.
1462 5748 1655 5815 Forte,
1694 5747 1769 5817 τῷ
1815 5747 1931 5818 μὲν.
1958 5782 1974 5799 .
2042 5748 2151 5820 ⁴τοῖς
2174 5747 2249 5801 δέ.
2297 5747 2454 5802 Eutr.
