4020 6302
220 392 328 450 905

216 505 402 570 λέγει.
459 507 567 571 Ὃς
606 503 904 574 ἐρῤὑσατο
952 505 1110 575 ἡμᾶς
1144 505 1213 560 ἐκ
1251 503 1361 575 τῆς
1390 505 1679 575 ἐξουσίας
1703 508 1813 563 τοῦ

212 602 483 660 σκότου,
528 596 629 651 καὶ
666 595 1048 665 μετέστησεν
1074 601 1162 663 εις
1199 598 1317 667 τὴν
1346 599 1681 664 ,βασιλείαν
1706 600 1813 655 τοῦ

213 689 353 745 Υιοῦ
384 683 496 758 τῆς
518 690 758 759 ἀγάπης
779 688 990 745 αὑτοῦ.

840 801 1205 870 Ἀπόκρισις.
1248 844 1255 851 .
1683 852 1697 862 .

294 878 447 941 Ἀλλ’
492 888 594 942 οὐκ
642 891 708 942 ἐκ
740 888 947 943 τούτων
982 890 1126 944 κατὰ
1158 891 1444 963 προκοπὴν
1494 890 1625 956 Υἱὸς
1675 890 1813 946 Θεοῦ

208 977 583 1051 δειχθήσεται.
628 979 889 1051 Ἐτέρωοι
932 981 1041 1054 γὰρ
1067 984 1095 1035 6
1118 982 1281 1047 αὐτὸς
1311 984 1457 1055 ἱερὸς
1490 982 1814 1048 Ἀπόστολός

212 1087 414 1142 φησιν·
448 1070 581 1125 Ὀτι
620 1074 653 1125 ὁ
692 1073 839 1139 Θεὸς
885 1072 1397 1145 ἡγὰπησενῄμᾶς
1439 1075 1510 1128 ἐν
1544 1074 1807 1144 Χριστῷ⁶

212 1162 502 1233 σημαίνων
532 1162 755 1235 ἀγάπην
784 1164 877 1218 τοῦ
903 1158 1039 1219 Θεοῦ
1065 1165 1161 1219 καὶ
1180 1167 1395 1238 Πατρὸς
1422 1165 1691 1237 ὑπάρχειν
1720 1164 1813 1220 τὸν

210 1256 473 1328 Χριστὸν.
497 1257 575 1319 ὡς
598 1258 689 1311 καὶ
709 1258 897 1329 σοφίαν
919 1260 1014 1313 καὶ
1030 1258 1280 1333 δύναμιν.
1300 1261 1515 1331 ’Δγάπη
1537 1255 1630 1315 οὖν
1653 1260 1683 1313 6
1700 1263 1811 1315 Πα-

206 1346 340 1419 τὴρ,
371 1348 575 1419 ὁμοίως
608 1349 704 1403 καὶ
731 1352 759 1403 6
781 1350 941 1413 Υἱόςο
972 1350 1051 1416 ὡς
1088 1351 1207 1422 φῶς
1229 1353 1294 1405 ὲκ
1324 1352 1523 1421 φωτὸς,
1559 1352 1654 1406 καὶ
1678 1352 1812 1417 Θεὸς

206 1438 275 1491 ἐκ
308 1438 469 1499 Θεοῦ,
503 1438 599 1493 καὶ
625 1440 816 1511 ἀγάπη
842 1440 902 1508 ἐξ
926 1442 1169 1514 ἀγάπης.
1205 1442 1261 1496 '0
1300 1444 1445 1509 Θεὸς
1469 1442 1580 1515 γὰρ
1606 1441 1810 1513 ἀγάπη

204 1527 373 1593 ἐστὶ,
406 1528 574 1600 φησὶν
602 1530 633 1582 6
673 1529 950 1595 Ἰωάννης.
988 1530 1401 1587 Παυσάσθωσαν
1427 1532 1607 1586 τοίνυν
1628 1533 1678 1585 ot
1710 1531 1811 1601 τῆς

223 1612 438 1687 ’Δρείου
468 1618 700 1689 μανίας,
754 1620 962 1715 κτίσμα
1004 1620 1096 1675 τὸν
1138 1623 1366 1694 κτίστην
1397 1622 1669 1715 οἰόμενοι,
1694 1620 1809 1675 οὔθ’

202 1706 413 1780 ἐτέρας
458 1707 570 1761 τῶν
607 1706 898 1781 Διαθηκῶἶι
946 1709 1106 1764 τοῦτο
1152 1710 1504 1783 βουλομένης.
1552 1710 1809 1781 Τέσσαρα

204 1801 350 1871 ἡμῖν
389 1800 625 1873 ὑπάρχει
673 1802 1019 1873 Εὑαγγέλια,
1057 1802 1371 1872 κεφαλαίων
1390 1803 1577 1874 χιλίων
1610 1802 1805 1857 ἑκατὸν

202 1890 479 1965 ἑξήκοντα
497 1892 593 1948 δύο
613 1911 626 1924 ·
652 1894 746 1948 καὶ
769 1896 867 1949 ἀπ’
890 1895 1059 1967 ἄκρου
1085 1894 1248 1966 μέχρι
1279 1894 1517 1968 πέρατος
1546 1897 1605 1957 ὲν
1623 1896 1805 1960 αὐτοῖς

202 1984 494 2057 θεηγορῶν
536 1988 566 2040 6
612 1986 743 2051 Υἱὸς
791 1987 923 2059 περὶ
967 1986 1064 2040 τοῦ
1116 1978 1363 2059 Πατρὸς,
1403 1988 1499 2042 καὶ
1540 1988 1571 2041 6
1615 1989 1808 2061 Πατὴρ

204 2077 345 2148 περὶ
388 2075 484 2131 τοῦ
532 2077 764 2143 Παιδὸς,
814 2076 930 2132 οὔθ’
986 2076 1173 2150 ῑτερος
1230 2078 1413 2133 αὐτῶν
1470 2095 1669 2150 φησιν,
1725 2080 1808 2134 ὅτι

208 2165 452 2220 Ἔκτισα
496 2166 722 2239 ἐμαυτῷ
767 2167 927 2234 Υίδν,
961 2167 995 2237 ἢ
1024 2162 1092 2221 αὖ
1128 2166 1321 2235 πάλιν,
1360 2160 1443 2223 ὅτι
1476 2168 1698 2223 Ἔκτισὲ
1740 2186 1808 2240 με

199 2262 237 2313 ὁ
266 2260 422 2331 nari,
432 2276 482 2331 ρ.
828 2266 831 2271 ’

818 2350 1068 2429 nam):
1108 2354 1199 2409 M’.

280 2442 353 2496 Τί
393 2436 489 2499 οὖν
516 2443 761 2515 νομίζεις
791 2445 891 2516 τὴν
922 2446 1196 2517 Παρθένον
1222 2446 1443 2518 Μαρίαν
1463 2486 1477 2513 ,
1520 2447 1745 2519 κτιστὴν
1772 2448 1806 2519 ἢ

199 2537 500 2604 ἆκτιστονς
538 2537 723 2592 καὶτὸ
753 2536 813 2603 ἐξ
850 2538 1024 2611 αὐτῆς
1056 2538 1215 2610 σῶμα
1246 2539 1342 2594 τοῦ
1386 2540 1665 2610 Χριστοῖς
1712 2542 1809 2595 καὶ

200 2631 334 2697 πῶς
368 2633 695 2703 προσκυνεῖς
723 2630 801 2703 τῷ
832 2630 1090 2703 Χριστῷ;
1124 2631 1187 2685 Et
1216 2631 1328 2703 γὰρ
1362 2632 1581 2687 κτιστὸν
1610 2632 1772 2703 εἴπῃς
1791 2674 1805 2697 ,

199 2727 353 2797 ὅπερ
382 2727 530 2780 πᾶσα
554 2725 776 2790 πάντως
802 2723 1040 2794 ἀνάγκη,
1068 2723 1310 2794 δηλονότι
1344 2723 1607 2795 κτίσματι
1637 2740 1809 2797 προσ-

202 2816 426 2881 κυνεῖς]
460 2816 510 2869 εί
556 2814 613 2869 δὲ
662 2813 740 2886 μὴ
787 2815 1150 2886 προσκυνεῖς,
1204 2814 1343 2886 ἀρνῇ
1388 2814 1481 2868 τὸν
1535 2814 1666 2869 Υίὸν
1712 2813 1807 2869 τοῦ

200 2906 372 2962 Θεοῦ.
418 2907 495 2961 Οὐ
542 2906 743 2979 γράφω
784 2906 1049 2976 Θεότητος
1101 2906 1305 2961 τύπον·
1353 2906 1504 2977 ἁπλῆ
1552 2907 1663 2979 γὰρ
1714 2907 1809 2961 καὶ

193 2999 441 3072 ἀόρατος
473 2998 569 3052 καὶ
605 2997 845 3063 ἁνείδεός
878 2998 1027 3051 ἐστι·
1064 2997 1167 3069 τῆς
1204 2997 1410 3069 σαρκὸς
1432 2998 1491 3052 δὲ
1521 2996 1615 3052 τὸν
1634 2997 1806 3053 τύπον

198 3088 475 3159 ἱστορῶν,
528 3085 824 3160 προσκυνῶ
876 3088 1174 3159 θεοπρεπετ
1221 3087 1312 3142 διὰ
1360 3088 1461 3159 τὴν
1510 3087 1630 3143 καθ’
1671 3089 1805 3143 ὑπό-

197 3198 403 3237 στασιν
425 3181 634 3235 ἕνωσιν.

827 3359 1195 3427 Ἀπόκρισις.

276 3449 370 3520 Νὴ
400 3448 498 3521 τὴν
530 3447 673 3521 ἐμὴν
716 3448 941 3517 ὑγείαν,
993 3450 1095 3520 οὐχ
1141 3450 1221 3515 ὡς
1270 3452 1531 3522 κτίσματι
1565 3470 1808 3524 προσκυ-

199 3546 363 3597 viam
399 3541 621 3613 Χριστῷ
642 3582 658 3607 ,
704 3541 821 3595 ἀλλ’
850 3541 927 3606 ὡς
959 3542 1069 3597 τῶν
1097 3545 1417 3615 κτισμάτων
1456 3546 1687 3617 ποιητὴν
1715 3547 1809 3600 καὶ

196 3636 365 3688 Θεὸν.
396 3635 605 3707 Ὠσπερ
631 3634 742 3706 γὰρ
771 3634 865 3689 τὸν
890 3634 1115 3706 βασιλέα
1140 3637 1239 3691 σὺν
1266 3638 1333 3709 τῇ
1357 3636 1639 3710 ἁλουργίδι
1661 3639 1807 3710 τιμῶ

199 3728 312 3799 μιᾷ
344 3727 742 3797 προσκυνήσει,
778 3728 840 3782 ού
873 3728 1126 3799 χωρίζων
1151 3728 1316 3782 αὐτὸν
1346 3729 1583 3801 ἐκείνης.
1623 3729 1692 3784 'II
1722 3747 1807 3785 σοι

196 3817 321 3892 ἆρα
352 3819 501 3873 δοκεῖ
526 3822 677 3893 ἐρεῖν
701 3819 781 3893 τῷ
811 3820 1076 3893 ἀνάκτορι
1094 3838 1109 3853 ο
1147 3820 1555 3893 Ἀνάστηθιτοῦ
1590 3822 1805 3895 θρόνου,

196 3914 297 3969 ἴνα
344 3931 403 3967 σε
444 3916 850 3989 προσκυνήσω;
891 3914 961 3988 ἢ,
1016 3915 1241 3981 Ἔξελθε
1286 3914 1381 3969 τοῦ
1411 3916 1581 3981 ναοῦ,
1626 3917 1712 3971 ἴνα
1746 3934 1807 3971 σε

197 4006 436 4077 ὑμνήσω
476 4004 649 4077 χωρὶς
687 4005 789 4079 τῆς
837 4005 1050 4079 ἀψύχου
1081 4004 1253 4079 ῦληςς
1290 4007 1355 4062 El
1388 4002 1482 4063 οὖν
1513 4007 1585 4061 τὰ
1622 4008 1807 4081 ἄψυχα

192 4100 283 4173 τῷ
342 4099 571 4171 ἐμψύχῳ
621 4102 1128 4172 συμπροσκυνετται
1179 4100 1275 4155 καὶ
1331 4100 1404 4155 τὰ
1455 4100 1685 4171 εὐτελῆ,
1728 4101 1808 4173 τῷ

194 4194 390 4263 πάσης
436 4191 574 4264 ὁμοῦ
608 4194 711 4264 τῆς
758 4193 997 4263 ὑφηλίου
1026 4192 1309 4267 Δεσπὸτῃ,
1368 4194 1597 4259 εἰκότως
1634 4195 1729 4248 καὶ
1777 4198 1806 4249 6

194 4282 383 4351 Λόγος
425 4283 523 4336 σὺν
560 4282 639 4353 τῷ
682 4281 797 4353 ναῷ
826 4283 919 4337 τοῦ
964 4284 1252 4355 σώματος.
1298 4285 1438 4356 ὅπερ
1485 4286 1654 4339 αὐτοῦ
1711 4288 1807 4341 καὶ

192 4375 504 4447 ἁλουργίδα
538 4376 684 4448 φημῖ
714 4377 807 4429 καὶ
838 4377 1043 4448 χιτῶνα
1072 4376 1168 4430 καὶ
1195 4375 1405 4451 θρόνον,
1437 4378 1537 4448 μιᾷ
1570 4394 1804 4448 προσκυ-

194 4470 361 4540 νήσει
396 4467 928 4539 προπυνηθήσεται.

794 4669 1045 4723 ΠΕΥΣΙΣ
1083 4671 1220 4725 MA'.

272 4758 390 4812 Kal.
414 4760 461 4811 εί
490 4756 625 4822 Θεός
646 4759 767 4812 ἐστι
802 4760 941 4829 μετὰ
968 4758 1222 4831 σώματος
1244 4798 1258 4823 ,
1292 4759 1409 4823 πῶς
1436 4758 1599 4825 αὐτὸς
1621 4760 1805 4830 λέγει,

200 4848 362 4907 Θεὸν
388 4848 592 4916 οὐδεὶς
619 4848 841 4918 ἑώρακε
866 4849 1141 4916 animate;
1174 4852 1238 4905 El
1258 4847 1350 4906 οῦν
1370 4850 1504 4915 Θεὸς
1528 4848 1599 4924 ἦν
1624 4893 1638 4916 ,
1672 4853 1803 4907 πάν-

192 4957 296 5004 τες
322 4942 373 4993 οἱ
411 4942 531 4994 κατ’
560 4942 739 4994 ἐκεῖνο
764 4940 959 5012 καιροῦ
993 4936 1134 4994 εἶδον
1155 4942 1338 4997 αὐτόν.

833 5135 1192 5206 Ἀπόκρισις.

276 5224 414 5296 Περὶ
458 5224 555 5280 τοῦ
600 5225 817 5299 Πατρός
847 5244 1013 5299 φησιν
1035 5230 1073 5280 6
1104 5228 1256 5296 Υίὸς,
1302 5233 1386 5285 ὅτι
1423 5230 1573 5286 Θεὸν
1601 5231 1804 5297 οὐδεὶς

201 5317 428 5387 ἑώρακε
475 5319 735 5375 πώποτε.
787 5319 864 5374 Οὐ
896 5320 1008 5392 γὰρ
1034 5315 1178 5374 εῐπυ
1209 5321 1311 5376 Τὸν
1348 5323 1473 5375 Υἱὸν
1504 5324 1637 5378 Θεὸν
1675 5325 1806 5379 ὄντα

202 5406 379 5474 Λόγον
420 5406 519 5459 καὶ·
539 5406 829 5480 ἄνθρωπον
866 5410 1190 5480 γενόμενον,
1234 5410 1410 5475 οὐδεὶς
1437 5412 1655 5484 ἑώρακε
1690 5415 1806 5468 πώ-

203 5512 362 5551 ποτε.
394 5492 552 5552 Εἶδον
576 5498 676 5569 μὲν
705 5501 984 5572 προφῆται
1012 5503 1106 5557 καὶ
1134 5503 1425 5557 ἀπόστολοι
1449 5507 1543 5558 καὶ
1574 5505 1805 5569 ἕκαστος

199 5587 320 5642 τῶν
349 5587 577 5644 δικαίων
608 5590 765 5657 Θεὸν,
792 5592 907 5646 ἀλλ’
936 5594 1113 5659 οὐδεὶς
1134 5594 1269 5650 καθὸ
1294 5595 1531 5668 ὑπάρχει
1552 5600 1619 5669 τῇ
1644 5599 1805 5668 φύσει

196 5678 341 5735 adv
361 5672 473 5743 οἷός
492 5696 576 5735 τε.
606 5681 741 5735 ούδὶ
760 5683 872 5756 γὰρ
895 5684 1015 5739 ἐστι
1037 5685 1201 5755 φύσις
1226 5686 1482 5759 χωροῦσα
1517 5690 1616 5759 τὴν
1641 5688 1766 5760 ὄψιν
1788 5708 1800 5720 ·

196 5770 427 5841 ἑκάστῳ
466 5772 523 5827 δὲ
559 5771 668 5829 τῶν
707 5773 876 5841 ἀξίων
918 5776 1206 5846 φαίνεται,
1229 5780 1334 5833 οὐκ
1364 5778 1494 5833 ἄνευ
1520 5780 1666 5845 τινὸς
1698 5798 1803 5835 πα-

1649 393 2005 455 DIALOGUS
2030 392 2071 448 1.

3400 397 3504 457 906

1916 505 2292 591 Patreinquit
2323 524 2337 560 :
2373 506 2478 573 Qui
2499 508 2694 577 eripuit
2723 527 2818 566 nos
2838 527 2905 565 ea:
2952 518 3212 581 potestate
3265 510 3509 565 tenebra-

1916 615 2057 663 rum,
2082 585 2438 653 et'transtztlit
2462 600 2514 653 in
2538 617 2756 670 regnum
2788 600 2920 657 Filii
2962 603 3259 657 dilectionis
3290 619 3401 657 sua-
3438 603 3504 655 ".

2554 795 2861 868 Responsio.

1990 882 2194 940 Verum
2229 901 2295 942 ex
2325 886 2413 943 his
2442 902 2554 942 non
2581 890 2907 947 ostendetur
2930 906 3056 948 esse
3095 893 3275 964 ipsum
3309 906 3506 948 secun-

1916 975 2046 1031 dum
2072 975 2381 1047 profectum
2410 976 2613 1035 Filium
2645 978 2767 1037 Dei.
2791 982 2938 1059 Alibi
2975 984 3121 1038 enim
3152 983 3297 1039 idem
3327 984 3508 1063 inquit

1915 1068 2238 1138 Apostolus,
2275 1068 2545 1136 Quoniam
2572 1066 2713 1126 Deus
2748 1073 2936 1127 dilexit
2976 1090 3071 1128 nos
3102 1074 3167 1151 in_
3189 1072 3405 1129 Christo
3420 1074 3467 1105 "
3489 1115 3505 1135 .

1905 1158 2238 1229 _signilicans
2269 1159 2621 1218 dilectionem
2656 1163 2747 1220 Dei
2777 1172 2830 1219 et
2849 1161 3029 1221 Patris
3055 1180 3181 1221 esse
3197 1166 3502 1228 Christum,

1902 1250 2380 1325 quemadmodum
2412 1260 2464 1308 et
2498 1255 2829 1327 sapientiam
2869 1264 2923 1312 et
2956 1257 3241 1314 virtutem.
3278 1257 3509 1313 Dilectio

1915 1337 2084 1410 igitur
2106 1351 2192 1397 est
2218 1339 2402 1407 Pater,
2454 1346 2713 1400 similiter
2762 1354 2818 1402 et
2863 1345 3059 1414 Filius,
3106 1356 3167 1403 ut
3209 1349 3393 1405 lumen
3439 1364 3507 1404 ex

1914 1428 2143 1497 lumine,
2176 1442 2231 1488 et
2258 1432 2402 1491 Deus
2430 1450 2496 1491 ex
2534 1435 2682 1505 Deo;
2706 1444 2761 1493 et
2812 1438 3035 1494 dilectio
3074 1454 3142 1494 ex
3184 1439 3501 1496 dilectione.

1912 1520 2050 1577 Nam
2072 1522 2217 1579 Deus
2241 1534 2320 1579 est
2366 1526 2581 1582 dilectio
2618 1529 2685 1593 ⁸³,
2736 1530 2918 1602 inquit
2965 1529 3227 1589 Joannes.
3274 1529 3509 1591 cessent
3550 1538 3557 1543 ’

1914 1614 2085 1685 igitur
2131 1616 2352 1673 Arianae
2399 1622 2641 1677 vesania:
2680 1631 3009 1691 sectatores,
3050 1625 3145 1695 qui
3192 1637 3505 1681 creaturam

1913 1713 2222 1761 creatorem
2263 1718 2483 1777 putant,
2548 1718 2749 1766 neutro
2787 1709 3270 1768 Testamentorum
3324 1713 3379 1767 id
3420 1728 3511 1768 vo-

1917 1795 2086 1852 lente.
2109 1795 2357 1864 Quatuor
2390 1800 2551 1857 nohis
2588 1812 2719 1857 sunt
2764 1801 3084 1875 Evangelia,
3134 1805 3315 1875 capita
3356 1803 3508 1859 mille

1918 1900 2141 1943 centum
2174 1892 2459 1961 sexaginta
2491 1892 2633 1961 duo;
2661 1901 2716 1949 et
2741 1895 2811 1951 ab
2840 1895 3001 1951 initio
3034 1896 3100 1951 ad
3132 1895 3295 1953 linem
3333 1912 3511 1967 usque

1901 1977 1970 2045 in
1998 1978 2135 2050 ipsis
2160 1981 2435 2040 divinitus
2457 1984 2623 2040 tradit
2661 1985 2974 2041 doctrinam
3010 1984 3185 2045 Filius
3216 1988 3286 2044 de
3322 1988 3505 2049 Patre.

1911 2077 1967 2126 et
1995 2069 2161 2129 Pater
2187 2073 2255 2129 de
2283 2075 2448 2141 Filio,
2481 2083 2537 2132 et
2568 2084 2752 2133 tamen
2785 2088 2985 2134 neuter
3026 2078 3275 2149 ipsorum
3310 2082 3505 2151 inquit,

1914 2160 2108 2219 Creavi
2142 2164 2277 2221 mihi
2320 2164 2552 2234 Filium,
2594 2177 2690 2224 aut
2742 2170 2864 2227 vice
2928 2184 3111 2237 versa,
3160 2173 3379 2229 Creavit
3423 2191 3509 2231 me

1911 2252 2094 2312 Pater.

2367 2350 2574 2407 INTER
2584 2352 2893 2411 ROGATIO
2932 2354 3044 2410 XL.

1986 2437 2131 2506 Quid
2161 2440 2335 2513 igitur
2368 2446 2571 2501 statuis
2590 2445 2659 2502 de
2691 2444 2915 2518 Virgine
2954 2447 3164 2503 Maria?
3192 2466 3323 2505 num
3352 2467 3507 2506 erea-

1914 2536 2047 2594 tam,
2070 2544 2142 2584 an
2172 2531 2497 2598 increatam,
2533 2542 2586 2590 et
2616 2536 2765 2605 quod
2795 2552 2862 2591 ex
2893 2551 2957 2592 ea
2980 2547 3065 2593 est
3094 2553 3297 2611 corpus
3337 2540 3504 2595 Chri-

1913 2622 1984 2676 sti
2017 2621 2041 2675 ?
2071 2621 2138 2675 Et
2174 2624 2453 2693 quomodo
2476 2624 2762 2683 Christum
2793 2626 3039 2685 adoras?
3066 2628 3203 2683 Nam
3234 2632 3276 2686 si
3326 2631 3507 2701 ipsum

1914 2722 2163 2769 creatum
2199 2715 2430 2785 dixeris,
2460 2718 2514 2775 id
2575 2720 2723 2790 quod
2778 2720 3008 2777 omnino
3062 2737 3352 2778 necessum
3400 2736 3506 2787 εει,

1914 2811 2229 2860 creaturam
2258 2805 2517 2864 videlicet
2548 2810 2803 2885 aliquam
2837 2811 3056 2867 adoras.
3117 2814 3176 2867 Si
3232 2830 3361 2870 vero
3400 2830 3508 2870 non

1915 2895 2137 2958 adoras,
2178 2910 2350 2968 negas
2373 2896 2576 2953 Filium
2626 2900 2744 2956 Dei.
2796 2899 2917 2957 Non
2958 2902 3215 2961 describo
3258 2906 3513 2961 divinita-

1914 2992 2025 3040 tem
2053 2987 2359 3043 secundum
2403 2987 2662 3047 formam.
2713 2990 2961 3065 Simplex
2998 2997 3147 3051 enim
3182 3007 3288 3063 est,
3318 3006 3373 3054 et
3423 3000 3511 3055 in-

1913 3078 2290 3148 aspectabilis,
2310 3090 2364 3136 et
2380 3078 2557 3135 forma
2585 3098 2805 3139 carens.
2831 3084 3030 3143 Carnis
3060 3096 3247 3144 autem
3278 3092 3510 3147 formam

1915 3170 2161 3234 intuens,
2200 3171 2371 3227 adoro
2395 3170 2593 3235 Deum,
2630 3182 2689 3229 ut
2725 3190 2825 3246 par
2862 3185 2965 3245 est,
3000 3188 3227 3251 propter
3248 3197 3370 3238 eam
3390 3199 3513 3254 quat

1913 3258 2220 3316 secundum
2255 3262 2598 3334 hypostasim
2638 3275 2743 3332 est,
2783 3269 3064 3325 unionem.

2568 3356 2878 3429 Responsio.

1984 3442 2091 3501 Per
2156 3459 2332 3501 meam
2388 3454 2539 3503 certe
2588 3450 2849 3518 salutem,
2911 3468 3023 3509 non
3088 3463 3146 3510 ut
3198 3464 3510 3515 creaturam

1914 3536 2086 3591 adoro
2134 3536 2441 3603 Christum,
2488 3537 2585 3595 sed
2624 3550 2685 3595 ut
2737 3550 3122 3601 creaturarum
3167 3549 3421 3620 opiﬁcem
3457 3564 3511 3608 et

1915 3624 2113 3683 Deum.
2144 3627 2621 3696 Quemadmodum
2654 3648 2838 3707 regem
2874 3651 2999 3691 eum
3032 3654 3274 3709 purpura
3300 3642 3512 3699 honoro

1914 3734 2023 3775 una
2061 3726 2117 3777 et
2140 3722 2335 3777 eadem
2362 3726 2739 3793 veneratione,
2771 3727 2953 3797 ipsum
2987 3732 3057 3785 ab
3090 3732 3181 3785 illa
3209 3722 3317 3788 non
3348 3751 3510 3807 sepa-

1913 3823 2065 3863 ratis.
2098 3807 2318 3881 Alioqui
2380 3818 2513 3869 num
2571 3814 2669 3870 tibi
2722 3816 2940 3872 videtur
2990 3820 3057 3873 ad
3120 3821 3509 3891 imperatorem

1914 3899 2212 3956 dicendum
2243 3916 2400 3972 esse,
2458 3900 2639 3976 Surge
2684 3905 2753 3962 de
2786 3907 2988 3965 throno
3025 3918 3139 3978 tuo,
3185 3921 3245 3967 ut
3287 3915 3510 3972 adorem

1916 3992 2001 4049 te?
2027 4001 2143 4061 aut,
2170 3994 2445 4065 Egredere
2467 4010 2535 4052 ex
2564 3999 2796 4069 templo,
2822 4010 2884 4056 ut
2918 4011 2969 4058 te
3001 4004 3277 4062 celebrem
3304 4008 3513 4079 absque

1913 4086 2146 4141 materia
2185 4086 2521 4145 inanimata?
2552 4087 2611 4145 Si
2634 4105 2777 4163 ergo
2820 4108 2909 4150 res
2945 4095 3203 4154 inanimae
3246 4115 3351 4155 una
3384 4118 3510 4157 cum

1914 4176 2179 4234 animatis
2210 4178 2535 4247 adorantur,
2587 4191 2643 4238 et
2688 4199 2779 4240 res
2822 4187 3051 4243 omnino
3093 4190 3280 4260 leves;
3313 4196 3513 4249 merito

1915 4268 2107 4337 utique
2129 4268 2312 4336 eteius
2326 4269 2422 4340 qui
2439 4272 2684 4327 omnium
2712 4273 2766 4327 in
2785 4274 3246 4349 universumque
3268 4281 3373 4336 sub
3395 4283 3512 4337 sole

1915 4368 2065 4419 sunt.
2094 4360 2362 4415 Dominus
2407 4370 2513 4425 est,
2546 4370 2601 4418 et
2644 4362 2885 4419 Verbum
2930 4367 3088 4431 illud,
3134 4384 3259 4424 cum
3306 4374 3513 4443 templo

1916 4450 2193 4519 corporis,
2224 4452 2372 4521 quod
2409 4452 2587 4523 ipsum
2628 4469 2933 4525 purpuram
2976 4457 3096 4529 ejus
3127 4475 3267 4516 voco
3290 4473 3342 4518 et
3366 4466 3508 4519 tuui-

1915 4556 2039 4597 cam
2068 4551 2123 4597 et
2144 4542 2365 4609 solium,
2392 4558 2499 4598 una
2536 4544 2860 4601 adoratione
2890 4546 3231 4606 adorabitur.

2320 4674 2323 4675 '
2361 4656 2883 4717 INTERROGATIO
2921 4661 3055 4721 XLI.

1984 4747 2151 4818 Atqui
2179 4749 2226 4803 si
2254 4746 2396 4805 Deus
2435 4757 2519 4804 est
2554 4767 2679 4805 eum
2723 4768 2977 4825 corpore,
3023 4756 3305 4828 quomodo
3334 4759 3513 4832 inquit

1913 4838 2054 4912 ipse,
2080 4839 2253 4895 Deum
2288 4858 2440 4896 nemo
2478 4842 2608 4897 vidit
2656 4862 2889 4917 unquam
2926 4850 3011 4903 “2
3051 4848 3334 4922 Siquidem
3366 4854 3512 4911 Deus

1913 4940 2054 4997 erat,
2083 4949 2275 4988 omnes
2299 4935 2393 5004 qui
2437 4949 2561 4989 cum
2600 4937 2692 4991 illo
2741 4940 2791 4994 id
2843 4944 3106 5011 temporis
3147 4943 3390 5009 fuerunt,
3426 4949 3509 5002 vi-

1919 5023 2118 5080 derunt
2148 5026 2349 5095 ipsum.

2559 5139 2869 5209 Responsio.

1986 5227 2060 5281 De
2095 5228 2252 5283 Patre
2302 5231 2550 5300 loquitur
2616 5231 2809 5299 Filius,
2863 5251 2988 5290 cum
3026 5238 3121 5305 ait,
3161 5238 3324 5293 Deum
3358 5255 3510 5294 nemo

1912 5320 2044 5375 vidit
2075 5338 2345 5391 unquam..
2363 5322 2483 5378 Non
2527 5326 2675 5379 enim
2727 5328 2933 5398 inquit:
2963 5328 3186 5397 Filium,
3237 5336 3327 5403 qui
3364 5332 3509 5391 Deus

1909 5422 1995 5467 est
2037 5410 2303 5479 Verbum,
2349 5421 2404 5470 et
2441 5415 2605 5471 homo
2640 5412 2841 5487 factus,
2875 5437 3037 5477 nemo
3074 5425 3206 5478 vidit
3242 5438 3506 5496 unquam.

1914 5503 2181 5559 Viderunt
2223 5504 2446 5576 quidem
2498 5510 2778 5579 praphetae
2821 5522 2876 5566 et
2930 5515 3166 5583 apostoli
3210 5524 3263 5570 et
3313 5528 3509 5573 omnes

1906 5596 2039 5665 justi
2075 5595 2284 5665 Deum;
2323 5614 2513 5654 verum
2537 5604 2739 5656 nullus
2773 5606 2920 5673 quod
2957 5615 3043 5661 est
3074 5616 3271 5663 natura
3299 5625 3399 5665 sua
3424 5614 3509 5665 vi-

1908 5688 2038 5745 dere
2067 5698 2265 5761 potest.
2299 5689 2417 5745 Non
2448 5692 2596 5747 enim
2642 5702 2727 5749 est
2772 5694 2880 5750 ulla
2909 5703 3107 5755 natura
3149 5716 3275 5772 quae
3307 5703 3382 5758 sit
3411 5718 3509 5758 ca—

1914 5798 2015 5853 pas
2050 5785 2173 5853 ejus
2218 5789 2499 5854 aspectus.
2555 5786 2870 5862 Unicuique
2897 5806 3029 5848 vero
3060 5802 3291 5866 apparet
3314 5794 3506 5868 digno,

280 5886 325 5919 ⁴¹
359 5876 577 5942 Coloss.
608 5900 647 5951 ι,
681 5887 767 5942 l5.
848 5888 893 5921 ε·
922 5887 964 5942 ll
997 5887 1195 5946 Thess.
1228 5892 1389 5956 ".16.
1468 5893 1514 5927 ⁸³
1546 5893 1705 5952 Joan.
1746 5913 1807 5967 Iv1

1982 5899 2025 5931 δ”
2054 5896 2212 5955 Joau.
2247 5913 2287 5966 ι,
2316 5899 2403 5957 18.

541 5978 814 6044 Ρηιιοι..
845 5978 965 6043 (in.
1005 5982 1370 6048 XXXVIII.

3102 6000 3182 6060 29
