4020 6302
508 354 639 410 907'
1599 344 1656 401 S.
1688 341 2350 409 CAESAREGREGOR"
2389 341 2693 398 FRATRIS
3686 336 3795 396 91'

504 491 614 532 non
644 472 765 529 sine
795 470 980 541 aliquo
1016 469 1327 526 velamento
1373 483 1474 540 pro
1514 474 1776 535 mensura
1822 469 2082 540 puritatis

2205 470 2614 541 οαπετάσματος
2648 466 2788 539 πρὸς
2836 462 2897 519 τό
2944 463 3146 536 μέτρον
3190 462 3292 535 τῆς
3336 459 3661 533 καθάρσεως
3690 457 3793 514 τοῦ

503 570 626 637 ejus
654 566 748 637 qui
774 565 824 621 ci
857 564 1156 619 ministrat.
1181 561 1332 618 Vidit
1368 562 1602 633 proinde
1642 554 1964 630 Jobus,'sed
1999 576 2095 631 per

2205 562 2639 634 διακονουμένου.
2674 555 2798 615 EB:
2842 558 3024 612 τοίνυν
3078 556 3238 619 Ἰὼϐ,
3284 552 3424 608 ἀλλὰ
3469 554 3560 607 διὰ
3606 552 3790 607 λαίλα-

502 642 782 714 turbinem
830 664 885 711 et
933 656 1129 711 nubes.
1164 654 1306 711 Ante
1357 655 1539 725 ipsum
1589 670 1719 708 vero
1747 654 2095 711 Abrahamtts

2205 664 2298 713 πως
2329 648 2423 702 και
2442 647 2649 717 νεφῶν·
2674 646 2784 718 πρὸ
2814 644 2982 700 αὑτοῦ
3008 644 3101 707 δι,
3143 642 3417 715 Ἀϐραὰμ,
3440 642 3509 695 δι’
3541 642 3794 712 ἀγγέλων

503 763 604 821 per
651 747 903 817 angelum
948 746 1287 816 loquentem.
1347 742 1496 800 Vidit
1543 744 1785 801 Jacohus
1810 756 1871 800 ut
1915 745 2095 801 homi-

2205 740 2570 811 φθεγγόμενον
2592 755 2607 768 ·
2635 734 2777 791 εἶδεν
2821 737 3041 801 Ἰακὼϐ,
3063 738 3141 801 ὡς
3162 736 3455 808 ἄνθρωπον
3484 734 3601 807 μετ’
3624 734 3793 788 αὑτοῦ

505 854 629 894 nem
674 853 860 893 secum
892 838 1213 891 luctantem.
1264 835 1445 892 lloses
1490 835 1545 891 in
1590 834 1772 891 medio
1816 835 2093 907 caliginis.

2205 829 2527 885 παλαίοντω
2563 828 2769 899 Μωσῆς
2806 829 2867 880 ἐν
2901 827 3054 897 μέσῳ
3080 827 3177 882 τοῦ
3203 828 3441 898 γνόφουο
3464 824 3670 897 ὁμοίως
3696 826 3795 879 καὶ

505 926 775 983 Similiter
804 936 857 982 et
887 934 1086 982 caetera
1120 934 1438 982 sanctorum
1466 925 1626 980 turba
1673 939 1773 996 per
1804 925 2094 995 aenigmata

2205 922 2226 975 5
2272 920 2462 985 λοιπὸς
2506 918 2617 973 τῶν
2650 919 2955 977 θεσπεσίων
2998 918 3187 990 ὅμιλος
3223 918 3292 973 δι’
3324 916 3667 990 αἰνιγμάτων
3694 918 3798 971 καὶ

499 1028 559 1074 et
610 1019 939 1073 velamenta.
992 1014 1263 1073 Viderunt
1316 1026 1372 1072 et
1430 1016 1667 1087 apostoli
1721 1032 1819 1087 per
1868 1030 2093 1072 carnem

2205 1012 2724 1086 παραπετασμάτων
2742 1029 2758 1044 ο
2794 1008 2937 1067 εῐόον
2969 1012 3068 1067 καὶ
3096 1012 3149 1066 οι
3187 1012 3511 1077 ἀπόστολοι,
3539 1009 3633 1065 διὰ
3654 1026 3797 1081 σαρ-

501 1111 781 1166 hominem
816 1110 1018 1164 factum
1054 1109 1223 1163 Deum
1272 1116 1327 1163 et
1381 1106 1643 1162 Verbum.
1695 1106 1964 1163 Eumdem
2003 1102 2095 1162 Fi-

2205 1108 2293 1170 ιιδς
2344 1106 2688 1178 ἀνδρωθέντα
2741 1104 2839 1159 τδν
2886 1103 3023 1159 Θεὸν
3080 1103 3175 1160 καὶ
3222 1102 3431 1174 Λόγον,
3486 1102 3579 1159 τὺν
3627 1101 3799 1158 αὐτὸν

484 1202 637 1257 'lium
654 1210 707 1257 et
734 1200 825 1255 Dei
846 1208 901 1256 et
928 1200 1166 1255 hominis
1189 1198 1575 1269 unusquisque
1604 1198 1783 1253 cernit
1813 1212 1915 1270 pro
1940 1212 2097 1253 men—

502 1307 632 1348 sura
659 1293 893 1361 propriae
926 1290 1147 1345 virtutis
1174 1298 1230 1344 et
1260 1288 1479 1345 roboris
1496 1287 1713 1354 animat,
1744 1288 1908 1343 sicuti
1931 1295 2095 1359 prout

502 1383 588 1438 vel
616 1380 785 1436 lucidi
816 1381 900 1436 vel
924 1380 1130 1436 turbati
1165 1389 1296 1437 sunt
1338 1380 1590 1451 corporis
1621 1379 1795 1442 oculi.
1842 1380 1935 1436 alii
1968 1380 2094 1451 qui-

501 1474 627 1530 dem
669 1472 761 1528 diu
799 1482 1032 1544 possunt
1074 1473 1248 1530 solem
1297 1472 1510 1529 directo
1558 1471 1785 1539 intueri,
1838 1472 1933 1528 alii
1964 1488 2095 1529 vero

500 1568 873 1631 imbecilliter,
924 1566 1071 1623 haud
1130 1564 1371 1621 ferentes
1428 1563 1698 1636 fulgorem
1756 1564 1880 1636 ejus
1914 1565 2095 1621 lumi-

502 1662 654 1716 naria
680 1674 857 1729 neque
880 1659 1164 1714 incursum
1195 1657 1502 1713 radiorum.

576 1751 837 1807 Videmus
878 1752 1024 1806 enim
1081 1764 1235 1805 mare
1282 1750 1351 1804 ab
1392 1749 1582 1821 aliquo
1629 1749 1835 1807 montis
1887 1751 2094 1807 vertice

501 1843 586 1898 vel
622 1842 784 1907 colle,
821 1849 877 1898 et
923 1856 1050 1897 cum
1104 1830 1357 1895 veritate.
1399 1838 1639 1896 dicimus
1683 1855 1786 1897 nos
1831 1855 1986 1897 mare
2014 1840 2094 1895 vi—

500 1937 671 1997 disse.
745 1947 867 1988 cum
941 1931 1289 2002 superﬁciem
1360 1932 1539 2001 pelagi
1599 1932 1797 1997 solam,
1865 1947 2096 2004 eamque

500 2034 714 2080 tantum
752 2024 1157 2095 particulariter
1188 2037 1503 2078 cernamus.
1556 2021 1679 2077 Non
1728 2023 1878 2078 enim
1910 2024 1983 2079 ab
2029 2039 2107 2079 eo

500 2117 649 2188 quod
710 2117 855 2187 apud
914 2132 1015 2171 nos
1056 2126 1161 2181 est,
1191 2117 1359 2187 plano
1388 2124 1736 2186 praeruptove
1770 2117 1979 2183 littore,
2038 2117 2095 2171 in

500 2223 621 2264 eam
649 2223 771 2279 qua:
796 2223 827 2261 e
852 2209 1073 2279 regione
1103 2206 1355 2277 opposita
1402 2217 1507 2271 est,
1544 2208 1823 2278 speculam
1854 2209 1937 2264 vis
1970 2224 2097 2265 ocu-

502 2300 675 2352 lorum
729 2300 1040 2369 pertingere
1083 2308 1262 2368 potest
1310 2312 1648 2353 evanescens
1699 2298 1755 2352 in
1808 2313 1955 2355 aere.
1989 2298 2097 2355 Ne-

500 2407 608 2460 que
671 2392 800 2446 item
860 2390 1294 2461 profunditatem
1348 2390 1471 2458 ejus
1540 2392 1822 2461 imumque
1863 2390 2094 2447 fundum

500 2500 659 2540 utens
682 2484 928 2540 invenire
949 2494 1149 2555 potest.
1181 2481 1412 2553 Semper
1432 2483 1580 2540 enim
1618 2483 1689 2539 ab
1726 2498 1793 2539 eo
1820 2484 1966 2555 quod
1997 2500 2096 2555 pu-

499 2585 669 2641 tatur,
726 2576 876 2631 aliud
921 2575 1167 2631 animum
1216 2575 1386 2643 subit,
1428 2574 1580 2641 quod
1632 2578 1917 2633 contineat
1972 2577 2096 2647 ejus

499 2667 849 2733 eminentiae,
882 2683 954 2723 ne
974 2665 1317 2723 diﬂ‘undatur
1338 2673 1435 2719 aut
1454 2663 1698 2732 dimuat;
1730 2677 2007 2740 quatenus
2040 2669 2096 2723 in

501 2763 833 2818 immensum
864 2760 1204 2829 extenditur,
1244 2755 1561 2817 intellectus
1592 2770 1803 2827 noster,
1834 2772 1893 2817 ut
1923 2778 2096 2834 appa-

502 2861 606 2919 ret,
639 2853 845 2908 deficit.
882 2852 1178 2909 Cernimus
1200 2860 1383 2908 autem
1423 2860 1479 2908 et
1524 2852 1726 2907 coelum
1756 2867 1864 2908 non
1902 2868 2095 2911 omnes

503 2944 782 3010 similiter,
815 2943 912 3000 sed
958 2945 1195 3014 quisque
1235 2942 1541 3000 secundum
1584 2945 1733 3000 vires
1780 2946 2092 3001 oculorum.

503 3032 692 3102 Neque
730 3031 876 3086 enim
913 3048 1069 3088 mens
1119 3032 1187 3087 ad
1233 3032 1640 3090 extremitatem
1684 3036 1969 3107 pertingit,
2000 3050 2096 3090 ne-

504 3138 611 3193 que
640 3130 862 3192 propter
888 3122 1228 3178 resilientem
1266 3136 1297 3175 a
1338 3124 1501 3178 nobis
1542 3123 1695 3179 illius
1731 3122 1961 3182 fornicis
1996 3139 2089 3180 so-

505 3213 771 3267 liditatem
799 3227 1024 3281 prorsus
1067 3213 1327 3268 accedere
1360 3220 1558 3284 potest.

577 3305 871 3361 Cernimus
896 3304 1066 3377 igitur
1097 3320 1163 3361 ea
1185 3321 1308 3377 quae
1346 3316 1479 3361 sunt
1510 3309 1566 3361 in
1597 3310 1788 3364 eadem
1813 3310 2096 3368 servitutis

503 3394 841 3459 conditione,
867 3409 978 3450 non
1004 3396 1309 3451 secundum
1334 3396 1386 3452 id
1420 3398 1568 3468 quod
1603 3408 1753 3464 sunt,
1772 3399 1868 3455 sed
1892 3417 2092 3458 secun-

502 3490 634 3545 dum
660 3489 711 3543 id
740 3487 885 3561 quod
917 3490 1273 3561 percipimus.
1322 3493 1465 3547 Sunt
1498 3493 1646 3548 enim
1684 3495 1846 3552 nobis
1896 3511 2099 3570 propo-

504 3582 609 3637 sita
653 3589 768 3635 tum
824 3583 1181 3652 aspectabilia
1228 3570 1343 3639 tum
1386 3586 1842 3658 inaspectabilia;
1890 3598 1947 3645 et
1995 3591 2097 3647 lio-

505 3690 625 3729 rum
680 3674 825 3729 aliud
877 3674 1096 3745 quidem
1156 3691 1220 3731 ex
1273 3685 1452 3747 parte,
1508 3678 1654 3733 aliud
1713 3695 1844 3736 vero
1894 3689 2093 3738 totum.

504 3764 879 3821 Consimiliter
907 3775 961 3821 et
1001 3765 1147 3821 Deus
1193 3776 1247 3822 et
1284 3770 1636 3838 aspectabilis
1681 3780 1737 3825 et
1776 3773 2093 3846 inaspecta-

504 3858 631 3913 bilis
663 3868 747 3913 est
789 3858 1110 3914 hominibus
1161 3877 1174 3913 :
1231 3860 1367 3915 illud
1415 3862 1635 3931 quidem
1687 3864 1902 3921 ratione
1948 3867 2097 3923 vela-

506 3951 673 4005 menti
716 3950 965 4021 corporis
1001 3966 1098 4021 per
1136 3951 1553 4019 demissionem,
1606 3954 1711 4011 hoc
1757 3972 1909 4025 vero,
1934 3966 2097 4014 natu-

506 4043 695 4095 raliter
724 4053 778 4096 et
812 4042 1204 4099 immensitatis
1244 4046 1477 4102 ratione.
1507 4045 1630 4103 Non
1669 4048 1816 4105 enim
1855 4050 2095 4106 sustinet

508 4136 647 4203 ignis
683 4135 1150 4205 propinquitatem
1176 4136 1377 4208 stipula
1408 4147 1463 4193 et
1497 4139 1673 4209 palea,
1716 4155 1840 4195 cum
1869 4143 1940 4197 ob
1988 4144 2097 4198 ari—

504 4226 727 4278 ditatem
754 4242 873 4280 inox
902 4227 955 4280 in
992 4238 1195 4282 terram
1226 4230 1596 4286 resolvantur.
1625 4230 1917 4289 Paululum
1945 4235 2094 4290 enim

507 4321 557 4371 in
586 4334 644 4372 se
666 4318 1009 4373 divinitatem
1041 4322 1255 4377 nudans
1278 4321 1561 4389 Christus,
1606 4325 1663 4379 in
1695 4334 1883 4381 monte
1913 4335 2098 4384 trans-

506 4412 852 4467 l'orinationis
894 4406 1135 4468 versavit
1168 4416 1456 4470 columnas
1479 4414 1760 4473 Ecclesiae.
1787 4418 1923 4473 Nam
1946 4420 2096 4475 illico

507 4503 857 4572 procidcntes
902 4502 1101 4561 Pelius
1146 4514 1201 4559 ct
1228 4504 1465 4562 Jacobus
1510 4516 1563 4561 ct
1610 4506 1875 4579 Joannes,
1911 4510 1982 4567 ob
2026 4511 2088 4566 ti-

505 4611 711 4649 μνη-(ειη
766 4596 1117 4665 palpitantes,
1172 4600 1567 4668 propemodum
1618 4602 2095 4672 colliqucscebant

506 4688 628 4753 igne
670 4688 995 4742 divinitatis.
1054 4690 1132 4743 Ad
1184 4690 1235 4745 id
1274 4699 1456 4746 autem
1517 4708 1621 4746 nos
1668 4693 1879 4750 ducens
1932 4694 2093 4750 divus

502 4780 822 4850 Apostolus,
867 4790 1061 4851 aperte
1091 4784 1333 4837 clamat:
1381 4782 1456 4837 Ex
1511 4785 1889 4853 magnitudine
1938 4801 2094 4842 crea-

504 4880 751 4926 turarum
789 4881 842 4929 et
886 4874 1317 4943 pulchritudine,
1362 4876 1574 4929 ratione
1610 4875 1847 4946 quadam
1889 4892 2090 4933 conve-

2195 1199 2370 1255 Παϊδα
2402 1197 2542 1252 Θεοῦ
2589 1198 2685 1253 καὶ
2726 1196 3041 1269 ἀνθρώπου,
3068 1197 3301 1261 tum
3334 1194 3559 1269 πρδςτδ
3594 1194 3803 1268 μέτρου

2194 1290 2297 1363 τῆς
2323 1290 2527 1356 οἰκείας
2569 1289 2778 1363 ἀρετῆς
2810 1288 2909 1343 καὶ
2933 1289 3154 1361 ῥώσεως
3184 1290 3456 1362 ψυχικῆς·
3485 1288 3630 1344 κατὰ
3663 1287 3797 1351 τοὺς

2196 1384 2546 1458 ιρρωμένους
2576 1385 2613 1455 ἢ
2642 1383 3047 1457 τεθολωμένους
3070 1382 3172 1449 τὰς
3201 1381 3299 1437 τοῦ
3333 1380 3588 1453 σώματος
3604 1380 3800 1452 ὄψεις.

2193 1476 2307 1531 τῶν
2350 1478 2450 1549 μὲν
2504 1478 2599 1532 ἐπὶ
2645 1477 2783 1533 πολὺ
2832 1475 3156 1547 δυναμένων
3181 1466 3260 1547 τῷ
3303 1475 3445 1547 ἡλίῳ
3485 1474 3798 1539 ἀτενιζειν,

2195 1567 2304 1622 τιῖιν
2358 1567 2417 1622 δι
2468 1567 2732 1640 ἀμυδρῶς
2773 1566 2850 1639 μὴ
2880 1567 3157 1639 φερόντων
3202 1566 3306 1637 τὴν
3354 1564 3648 1637 ἀστραπὴν
3692 1565 3801 1620 τοῦ

2198 1659 2520 1753 recte“,
2555 1659 2696 1753 μηδὲ
2724 1657 3288 1753 siveth
3315 1654 3721 1753 μαρμφρυϊδγ·

2280 1752 2533 1825 ὐριῖιμεν
2564 1752 2675 1823 γὰρ
2701 1752 2803 1823 τὴν
2827 1750 3102 1807 θάλατταν
3132 1750 3230 1805 ἀπ’
3253 1751 3569 1822 ἀκρωρείας
3594 1749 3631 1822 ἢ
3655 1749 3799 1820 γεω-

2200 1844 2363 1914 λόφου
2382 1843 2535 1908 τινος
2554 1885 2571 1911 ,
2610 1844 2707 1898 καὶ
2734 1841 3074 1914 ἀληθεύομεν
3104 1842 3409 1913 φάσκοντες
3448 1841 3760 1915 ἑωρακέναι
3782 1860 3799 1874 ·

2197 1935 2300 2008 τὴν
2317 1933 2428 2008 γάρ
2463 1933 2789 2005 ἐπιφάνειαν
2833 1931 2932 1987 τοῦ
2960 1931 3234 2001 πελάγους
3257 1931 3450 2004 μόνον,
3473 1929 3569 1984 καὶ
3588 1929 3799 2002 ταῦτ-ην

2203 2025 2445 2098 μερικῶς
2480 2026 2739 2099 ὁρῶντες.
2780 2025 2855 2078 Οὐ
2879 2025 2988 2097 γὰρ
3022 2024 3133 2080 ἀπὺ
3160 2024 3261 2095 τῆς
3280 2023 3535 2078 ἐντεῦθεν
3552 2024 3587 2095 ἢ
3611 2022 3801 2095 ἠϊόνος

2197 2120 2232 2191 ἢ
2262 2118 2463 2191 axem,
2494 2118 2635 2190 πρὸς
2654 2118 2754 2189 τὴν
2783 2116 3014 2189 ἀντικρὺ
3041 2117 3308 2189 κειμένην
3336 2115 3650 2189 σκοπιὰνή.
3668 2114 3801 2186 uti;

2197 2211 2262 2285 δὴ
2293 2212 2383 2266 οἷα
2419 2228 2513 2277 τε,
2550 2210 2969 2283 ὲναπολήγουσα
2996 2209 3078 2281 τῷ
3114 2209 3259 2282 ἀέρι.
3284 2210 3410 2263 Οὐδ’
3434 2204 3503 2264 αὖ
3539 2208 3707 2263 πάλιν
3732 2207 3803 2263 τὸ

2199 2303 2363 2368 κῦτος
2414 2304 2586 2375 αὐτῆς
2613 2304 2647 2375 ἦ
2690 2303 2782 2359 τὸν
2820 2304 3051 2374 ἔσχατον
3085 2301 3338 2375 πυθμένα
3380 2303 3409 2355 ὁ
3443 2298 3571 2365 νοῦς
3607 2300 3801 2371 εὑρεῖν

2198 2390 2309 2461 οἷός
2331 2413 2414 2450 τε.
2462 2396 2575 2449 ’Δεὶ
2606 2396 2716 2466 γὰρ
2749 2395 2846 2449 τοῦ
2873 2394 3164 2466 νοουμένου
3183 2392 3799 2466 ἓτερονὺτιοτιθεμὶνου

2198 2486 2475 2557 περιέχειν
2517 2486 2687 2556 αὐτῆς
2723 2485 2823 2551 τὰς
2863 2486 3093 2557 ἐξοχὰς,
3132 2486 3274 2557 πρὸς
3296 2485 3358 2540 τὸ
3384 2485 3461 2557 μὴ
3490 2485 3797 2556 διαχεῖσθαι

2196 2578 2231 2648 ἢ
2255 2579 2574 2649 καταρρεῖν,
2600 2578 2739 2647 πρὸς
2756 2577 2817 2630 τὸ
2836 2578 2991 2632 κάτω
3012 2578 3094 2642 εἰς
3116 2577 3399 2649 ἀμήχανον
3429 2577 3657 2642 εἰκότως
3693 2576 3800 2649 τῆς

2196 2668 2444 2733 διανοίας
2474 2669 2634 2741 ήμῶν
2672 2668 3067 2742 ὲκπιπτούσης.
3115 2669 3364 2742 Ὀρῶμεν
3383 2669 3440 2722 δὲ
3472 2669 3571 2723 καὶ
3592 2668 3802 2723 τὺνοῦ-

2199 2761 2361 2833 ρανὺν
2418 2760 2481 2813 οὐ
2534 2760 2737 2824 πάντες
2785 2760 3021 2830 ὁμοίως,
3070 2759 3187 2814 ἀλλ’
3227 2761 3459 2824 ἕκαστος
3503 2760 3643 2831 πρὸς

2199 2850 2393 2924 ῥώμην
2420 2850 2517 2904 τοῦ
2536 2852 2805 2923 όμματος.
2835 2849 2975 2905 Οὔτε
2998 2853 3109 2923 γὰρ
3139 2853 3172 2923 ἡ
3196 2852 3405 2907 διάνοια
3436 2850 3531 2907 τοῦ
3556 2851 3800 2924 πέρατος

2196 2945 2507 3013 ἀφικνεῖται
2529 2943 2687 3010 (12⁸),
2724 2942 2848 2997 οὐδὲ
2876 2942 3182 3015 προσϐῆναι
3231 2945 3294 3015 τῇ
3352 2943 3647 3016 ἀντιτυπία
3693 2942 3802 3016 τῆς

2201 3034 2385 3106 ἁψῖδος
2417 3033 2642 3091 δύναται
2674 3034 2937 3107 ἀκριϐῶς.

2280 3316 2528 3388 Ὀρῶμεν
2570 3313 2749 3369 τοίνυν
2790 3314 2857 3368 τὰ
2900 3312 3193 3380 σύνδουλα,
3236 3315 3299 3367 οὐ
3345 3313 3483 3369 καθὸ
3515 3313 3800 3401 πέφυκεν,

2196 3408 2333 3463 ἀλλὰ
2359 3407 2495 3463 καθὸ
2519 3407 2827 3479 χωροῦμεν.
2865 3407 3071 3477 ὐρατὰ
3088 3405 3201 3477 γὰρ
3222 3407 3359 3477 ἡμῖν
3379 3406 3670 3476 πρόκειται
3699 3407 3803 3460 καὶ

2176 3500 2409 3572 ἀόρατα
2435 3541 2451 3566 ,
2499 3499 2562 3552 τὸ
2614 3499 2714 3570 μὲν
2761 3497 3007 3569 μερικῶς
3027 3538 3044 3564 ,
3073 3498 3136 3551 τὸ
3157 3497 3214 3550 δὲ
3257 3497 3581 3569 ὁλοσχερῶς.
3608 3498 3805 3570 Παραο

2200 3589 2447 3661 πλησεως
2477 3587 2574 3643 καὶ
2618 3586 2681 3641 τὸ
2724 3586 2879 3640 Θεϊον
2918 3585 3149 3657 ὁρατὸν,
3181 3586 3276 3640 καὶ
3315 3585 3547 3656 ἀόρατον
3584 3584 3806 3655 βροτοῖς

2199 3680 2468 3750 ὑπάρχει·
2510 3678 2572 3731 τὸ
2599 3676 2731 3748 μὲν,
2767 3676 3234 3749 παραπετάσματι
3262 3674 3518 3746 σώματος
3540 3716 3556 3741 ,
3589 3692 3805 3744 συγκα-

2199 3769 2541 3833 τοιόατικῶς⁹
2582 3768 2645 3823 τὸ
2686 3768 2742 3823 δὲ
2777 3768 3062 3839 ἀμήχανον
3100 3767 3368 3838 φυσικῶς.
3396 3767 3473 3821 UO
3496 3765 3608 3838 γὰρ
3634 3766 3668 3838 ἡ
3694 3782 3804 3821 κα·

2198 3864 2347 3935 λάμη
2390 3845 2484 3923 κηάὶ
2514 3861 2578 3915 τδ
2605 3861 2810 3933 ἄχυρον
2846 3860 3115 3931 ὑπομένει
3150 3858 3245 3913 τοῦ
3286 3859 3460 3929 πυρὸς
3489 3859 3591 3931 τὴν
3626 3858 3802 3928 ἐγγύ-

2198 3974 2361 4029 τηται
2378 3958 2446 4027 τῇ
2460 3966 2504 4025 ’φ
2513 3949 2673 4027 ρυγίᾳ
2689 3952 2888 4024 εἱςγῆν
2902 3953 3350 4025 διαφθειρόμενα.
3366 3952 3552 4025 Βραχὺ
3572 3954 3681 4025 γὰρ
3698 3971 3808 4009 πα..

2205 4065 2341 4119 ραγυ
2350 4045 2572 4118 μνὼσας
2584 4043 2772 4117 ἐαυτῷ
2794 4043 2910 4117 (15)
2928 4044 3026 4116 τὴν
3053 4044 3288 4116 θεότητα
3308 4044 3566 4116 Χριστὸς,
3590 4045 3685 4098 ἐπὶ
3701 4045 3803 4099 τοῦ

2199 4142 2360 4213 ὅρους
2384 4139 2487 4210 τῆς
2534 4135 3016 4210 μεταμορφώσεως
3034 4174 3049 4199 ,
3079 4137 3206 4198 τοὺς
3218 4130 3444 4199 στύλους
3455 4134 3555 4204 τῆς
3575 4133 3805 4205 Ἐκκληο

2201 4235 2324 4298 σίας
2363 4232 2732 4305 ὲστρόμόησε.
2783 4229 3056 4293 Πεσόντες
3098 4228 3207 4301 γὰρ
3247 4224 3405 4293 αὖθις
3440 4227 3679 4299 Πέτρος,
3705 4227 3808 4281 καὶ

2212 4324 2497 4388 Ἰάκωϐος,
2540 4324 2634 4376 καὶ
2667 4322 2953 4391 Ἰωάννης,
2996 4318 3075 4392 τῷ
3097 4319 3207 4373 δέει
3235 4318 3651 4390 κραδαινόμενοι
3669 4358 3685 4383 ,
3711 4336 3808 4389 μισ-

2201 4416 2337 4490 κροῦ
2380 4416 2491 4470 δεῖν
2529 4412 2860 4486 ἐχωνεύοντο
2888 4411 2967 4483 τῷ
3004 4412 3139 4482 πυρὶ
3181 4411 3280 4481 τῆς
3331 4410 3607 4482 θεότητος.
3653 4408 3805 4481 Πρὸς

2204 4507 2363 4561 τοῦτο
2401 4506 2456 4559 δὲ
2485 4503 2669 4575 φέρων
2708 4501 2803 4555 καὶ
2830 4503 2873 4555 νὸ
2909 4501 3053 4564 θεῖος
3105 4498 3459 4561 ’Δπόστολος,
3499 4497 3805 4569 διαρρήδην

2206 4600 2336 4672 βοᾷ·
2400 4598 2496 4653 Ἐκ
2540 4597 2652 4669 γὰρ
2711 4594 2974 4667 μεγέθους
3024 4593 3344 4664 κτισμάτων
3395 4590 3491 4644 καὶ
3535 4590 3809 4662 καλλονῆς

2203 4688 2484 4759 ἀναλόγως
2507 4686 2816 4759 θεωρεῖται.
2842 4683 3085 4756 Οὐρανοῦ
3102 4682 3213 4753 γὰρ
3236 4683 3329 4737 καὶ
3350 4681 3458 4751 γῆς
3481 4683 3575 4735 καὶ
3598 4680 3808 4737 θαλάτ-

2203 4799 2301 4853 της
2340 4780 2469 4835 ἰδεῖν
2488 4776 2768 4847 ὁλομερῶς
2806 4777 2908 4847 τὴν
2933 4773 3097 4844 φύσιν
3128 4774 3189 4827 οὐ
3218 4773 3529 4845 δυνάμενοι,
3568 4770 3808 4836 πῶςτὸν

2200 4874 2432 4945 ποιητὴν
2461 4870 2673 4924 ἑαυτῶν
2705 4869 2834 4922 ἰδεῖν
2861 4870 2926 4939 τῇ
2968 4866 3130 4936 φύσει
3154 4868 3513 4938 χωρήσομενς

506 4968 687 5021 niente
718 4966 966 5020 cernitur
996 4969 1063 5019 ⁸³.
1106 4970 1240 5024 Cum
1276 4969 1423 5025 enim
1480 4969 1678 5023 cmlum
1727 4978 1783 5025 et
1830 4978 2034 5025 terram
2081 4978 2137 5027 et
2184 4983 2357 5031 mare,
2394 4974 2453 5022 ut
2500 4963 2805 5022 secundum
2837 4970 3091 5016 naturam
3144 4966 3309 5023 sunt,
3359 4956 3415 5011 in
3470 4964 3645 5012 totum
3688 4970 3811 5012 cer—

503 5074 634 5112 nere
662 5075 1026 5128 nequeamus,
1072 5062 1352 5129 quomodo
1392 5060 1735 5116 conditorem
1765 5050 2016 5118 nostrum
2049 5062 2235 5119 videre
2267 5058 2572 5117 secundum
2604 5056 2781 5127 ipsius
2809 5063 3063 5109 naturam
3096 5050 3442 5123 poterimus?

939 5147 1463 5204 INTERROGATIO
1505 5149 1662 5205 XLII.

568 5241 873 5309 Postquam
901 5240 969 5294 de
999 5241 1220 5295 Christo
1248 5242 1383 5298 satis
1416 5243 1676 5298 instructi
1701 5259 1914 5311 sumus,
1940 5244 2096 5313 cupi-

508 5348 631 5385 mus
668 5348 838 5401 pauca
879 5333 1067 5387 audire
1094 5335 1160 5388 de
1193 5333 1405 5403 Spiritu
1443 5342 1658 5399 sancto,
1696 5352 1827 5389 num
1864 5336 2099 5406 aequalis

509 5428 580 5477 sit
608 5421 753 5476 Patri
780 5432 833 5477 et
864 5421 1024 5487 Filio,
1051 5425 1287 5495 propriae
1323 5428 1613 5496 potestatis
1655 5430 1989 5493 auctoritate
2020 5426 2099 5483 la-

508 5520 659 5571 tinus
685 5516 1038 5571 etmandaus
1067 5534 1190 5587 quae
1220 5519 1335 5572 vult
1371 5538 1383 5573 :
1429 5527 1481 5572 et
1512 5536 1682 5589 quare
1714 5536 1838 5575 cum
1870 5536 2012 5591 aqua
2044 5527 2099 5575 ct

510 5612 630 5669 igne
660 5608 713 5661 in
746 5605 1033 5678 Scriptura
1063 5620 1439 5680 comparetur.

586 5736 629 5763 ἰ
664 5735 823 5789 liom.
856 5751 895 5799 ι,
928 5734 1016 5788 20.

582 5850 716 5919 ili“)
769 5852 1149 5920 Ἀφικνεῖται.
1182 5854 1349 5908 Forte
1383 5855 1560 5921 ὲφικν.
1598 5850 1757 5905 Eutr.

2795 5146 3045 5200 ΠΕΥΣΙΣ
3082 5142 3218 5199 ΜΒ’.

2278 5244 2474 5308 Καλῶς
2517 5242 2648 5311 περὶ
2693 5237 2933 5310 Χριστοῦ
2964 5236 3339 5307 διδαχθέντες,
3368 5235 3605 5306 δεόμεθα
3643 5236 3809 5307 ὀλίγα

2207 5336 2337 5407 περὶ
2364 5336 2467 5389 τοῦ
2502 5334 2655 5401 ἁγίου
2688 5329 3009 5400 Πνεύματος
3045 5328 3311 5382 ἀκοῦσαι·
3341 5328 3391 5381 εἰ
3413 5322 3533 5382 ἶσον
3564 5328 3809 5400 ὑπάρχει

2207 5428 2284 5499 τῷ
2313 5427 2511 5499 Πατρὶ,
2533 5425 2626 5478 καὶ
2649 5422 2726 5492 τῷ
2750 5421 2884 5491 Υἱῷ,
2922 5419 3260 5482 αὑθεντικῶς
3286 5417 3477 5473 ποιοῦν
3511 5420 3608 5473 καὶ
3633 5436 3809 5490 προσ-

2208 5521 2411 5573 τάσσον
2453 5517 2489 5571 ἂ
2518 5514 2770 5588 βούλεται
2795 5530 2807 5542 ’
2842 5515 2935 5567 καὶ
2965 5511 3055 5565 διὰ
3094 5510 3148 5563 τε
3175 5510 3329 5565 ὕδατι
3372 5512 3469 5566 καὶ
3507 5512 3643 5585 πυρὶ
3698 5514 3810 5571 ὑπὸ

2209 5611 2310 5682 τῆς
2334 5608 2555 5682 Γραφῆς
2576 5604 2879 5677 ὁμοιοῦται.

2292 5854 2406 5926 (l5)
2451 5850 2692 5918 'Eavrtii.
2727 5851 2891 5909 Forte
2921 5850 3140 5919 ἑαυτοῦ,
3169 5849 3257 5907 vel
3282 5850 3341 5907 ἐν
3370 5848 3573 5922 ιαοτῷ.
3606 5848 3687 5909 In.
