4020 6302
218 326 324 390 909

859 452 1210 521 Ἀπόκρισις.

329 544 509 595 Amos
543 539 612 613 δὴ
635 582 651 605 ,
682 540 977 611 ἀξιάγαστε
998 585 1012 609 ,
1057 543 1392 609 αὐθεντικῶς
1441 544 1534 599 καὶ
1563 544 1833 618 αὐτοκρα-

227 638 469 711 τορικῶς
495 638 596 693 τοῦ
630 637 952 710 Πνεῦματος
985 639 1415 711 προστάττοντος
1434 679 1450 705 ,
1482 640 1578 693 καὶ
1599 639 1836 711 δρῶντος
1861 653 1864 656 '

231 724 332 785 τσα
358 729 439 801 τῷ
465 731 652 802 Πατρὶ
684 730 781 784 καὶ
817 729 896 801 τῷ
930 729 1075 803 Υἱῷ·
1117 730 1463 801 Ἀφορίσατε
1501 730 1579 797 δή
1605 747 1710 801 μοι
1729 730 1838 785 τὸν

234 823 561 892 Βαρνάϐαν
602 822 705 877 καὶ
751 823 997 878 Σαῦλον
1013 864 1029 890 ,
1062 825 1153 890 εις
1193 822 1263 877 τὸ
1299 823 1481 903 ἔργον
1509 823 1542 878 ὃ
1579 821 1838 892 προσκέ-

233 918 467 985 κλημαι
504 914 761 980 αὐτοὺς,
791 913 927 986 φησὶ
977 916 1092 979 τοῖς
1133 914 1474 979 ἀποστόλοις.
1519 913 1838 985 Συμφώνως

230 1004 295 1060 δὲ
326 1005 509 1073 τούτῳ
534 1007 564 1059 ὁ
588 1004 721 1068 Υἱὸς
750 1005 829 1076 τῷ
860 1005 1062 1078 Παύλῳ
1091 1006 1277 1078 φησιν’
1308 1007 1570 1061 Βισελθε
1602 1008 1693 1073 εις
1718 1005 1836 1074 τὴν

234 1097 460 1161 πόλιν,
486 1096 665 1150 κάκεῖ
697 1096 1119 1166 λαληθήσεται
1148 1113 1279 1165 σοι,
1308 1097 1368 1152 τί
1386 1114 1462 1153 σε
1498 1098 1591 1153 δεῖ
1618 1098 1834 1153 ποιεῖν.

247 1187 515 1259 ἐτόρωθι
573 1187 633 1240 δέ
685 1204 849 1258 φασιν
897 1189 955 1242 at
1005 1188 1243 1261 Πράξεις
1301 1187 1412 1243 τῶν
1479 1188 1797 1243 ἀποστόλων
1820 1202 1836 1219 ’

233 1276 422 1336 οὗτοι
469 1279 589 1349 μὲν
630 1279 1077 1351 ἐκπεμφθέντες
1122 1280 1244 1337 ὑπὸ
1296 1280 1404 1336 τοῦ
1453 1273 1865 1351 Πνεύματος,’

231 1372 552 1441 κατῆλθον
577 1374 666 1439 εις
695 1373 814 1441 τήν
837 1371 1199 1427 Σελεύκειαν
1236 1372 1471 1446 Ὁμοίως
1494 1375 1523 1428 ὁ
1542 1373 1693 1439 Υἱὸς,
1728 1376 1840 1428 Πο-

225 1464 587 1533 ρευθέντες,
640 1465 809 1536 φησὶ,
853 1465 1276 1535 μαθητεύσατε
1312 1464 1513 1522 πάντα
1552 1466 1626 1522 τὰ
1653 1467 1799 1535 ἔθνη
1822 1484 1834 1497 ·

230 1554 444 1626 ὁμοίως
467 1557 515 1608 ot
540 1556 862 1620 ἀπόστολοι,
896 1555 1145 1621 Ἔδοξε,
1179 1558 1333 1626 φασὶ,
1365 1555 1447 1623 τῷ
1475 1557 1627 1629 ἁγίῳ
1644 1559 1838 1614 Πνεύ-

225 1663 378 1715 part
430 1642 525 1699 xui
579 1645 761 1715 ἡμῖν,
800 1645 997 1715 μηδὲν
1049 1646 1205 1701 ἄλλο
1272 1648 1647 1703 ἐπιτίθεσθαι
1693 1650 1838 1720 ὑμῖν

232 1738 411 1807 πλὴν
464 1735 585 1791 τῶν
626 1736 984 1808 ἐπάναγκες.
1034 1738 1267 1810 Ὁμοίως
1319 1740 1349 1793 ό
1401 1739 1614 1805 Παῦλός
1659 1758 1795 1811 φησι
1817 1757 1831 1772 ο

231 1830 406 1899 Λέγω
446 1827 547 1893 δὲ,
578 1830 678 1883 καὶ
718 1831 831 1883 οὐκ
876 1829 1027 1899 ἐγὼ,
1058 1830 1199 1885 ἀλλ’
1227 1832 1260 1885 ὁ
1285 1831 1530 1897 Κύριος,
1575 1832 1836 1902 γυναῖκα

229 1919 361 1975 ἀπὸ
408 1919 632 1988 ἀνδρὸς
659 1920 747 1991 μὴ
788 1920 1161 1990 χωρίζεσθαι.
1211 1914 1603 1989 -Διῆλθον,
1661 1925 1834 1996 φησι,

229 2013 357 2081 τὴν
397 2013 664 2083 Φρυγίαν
688 2014 787 2067 καὶ
827 2012 1176 2082 Γαλατικὴν
1213 2014 1435 2083 χώραν,
1462 2017 1837 2084 κωλυθέντες

230 2104 360 2158 ὑπὸ
402 2103 512 2158 τοῦ
556 2107 906 2173 Πνεύματος
944 2104 1049 2160 τοῦ
1091 2103 1366 2173 λαλῆσαι
1396 2106 1504 2160 τὸν
1545 2098 1837 2177 λόγον’ἐν

231 2193 316 2261 τῇ
360 2195 545 2261 Ἀσίᾳ.
604 2196 838 2265 Ὁμοίως
870 2197 898 2248 ό
946 2195 1073 2260 Υἱὸς
1128 2199 1242 2259 τοῖς
1275 2196 1599 2262 ἀποστόλοις
1632 2198 1796 2269 φησιν
1819 2215 1833 2231 ο

235 2288 348 2351 εἰς
387 2284 535 2339 ὁδὸν
567 2284 760 2339 ἐθνῶν
788 2285 874 2355 μὴ
907 2286 1231 2354 ἀπέλθητε,
1266 2288 1366 2341 καὶ
1391 2289 1478 2353 εις
1509 2288 1694 2342 πόλιν
1719 2290 1836 2342 Σα-

228 2376 536 2447 μαρειτῶν
560 2376 649 2446 μὴ
696 2375 1031 2445 εἰσέλθητε.
1075 2380 1236 2432 Ἀλλά
1266 2380 1363 2433 καὶ
1396 2378 1561 2433 Δαϐὶδ
1588 2381 1617 2433 ὁ
1638 2379 1835 2433 θεσπέ-

231 2484 374 2531 σιος,
415 2468 518 2537 τῆς
549 2466 703 2531 θείας
732 2469 963 2540 Τριάδος
989 2470 1151 2541 ἔργον
1174 2470 1390 2534 δεικνὺς
1414 2470 1484 2524 τὰ
1518 2469 1832 2541 σύμπαντα,

232 2558 470 2628 μελῳδεῖ
514 2561 572 2611 ὲν
610 2560 861 2629 Ψαλμοῖς
885 2577 898 2591 ο
940 2558 1023 2625 Τῷ
1057 2562 1228 2630 Λόγῳ
1253 2561 1477 2629 Κυρίου
1506 2564 1559 2615 οι
1586 2562 1828 2632 οὐρανοὶ

228 2652 725 2720 ἐστερεώθησαν,
780 2654 879 2707 καὶ
924 2654 1006 2719 τῷ
1040 2655 1338 2723 πνεύματι
1382 2653 1491 2709 τοῦ
1530 2656 1832 2725 στόματος

226 2743 424 2797 αὐτοῦ
450 2741 620 2799 πᾶσα
651 2746 689 2812 ἠ
717 2744 971 2815 δύναμις
1000 2744 1203 2800 αὐτῶν
1222 2763 1236 2776 ’
1265 2746 1470 2814 Κύριον
1495 2747 1587 2801 τὸν
1611 2747 1831 2819 Πατέρα

224 2834 441 2904 δηλῶν,
478 2836 650 2904 Λόγον
682 2835 740 2889 δὲ
793 2836 884 2889 τὸν
928 2836 1133 2900 Παῖδα,
1194 2838 1417 2909 Πνεῦμα
1471 2837 1528 2893 δὲ
1576 2838 1635 2893 τὸ
1689 2838 1832 2893 θετον

228 2926 484 2997 Πνεῦμα.
517 2927 903 2997 Συμφώνωςδὲ
932 2930 1152 3003 τοῦτῳὸ
1180 2932 1279 3003 τῆς
1302 2932 1395 2985 ὑπ’
1412 2932 1661 3002 οὐρανῶν
1692 2933 1829 3005 (13‘)

230 3024 379 3084 θεῖος
428 3022 749 3093 καθηγητὴς
784 3021 1031 3089 Παῦλος,
1080 3025 1244 3095 φησί’
1291 3024 1625 3095 Διαιρέσεις
1658 3045 1826 3096 χαρι-

226 3113 483 3183 σμάτων
513 3114 627 3167 εισι
649 3154 665 3178 ,
701 3110 769 3165 τὸ
787 3111 859 3167 δὲ
876 3115 1025 3169 αὐτὸ
1059 3115 1324 3186 Πνεῦμα·
1349 3120 1456 3199 βαι
1496 3118 1820 3188 διαιρέσεις

226 3204 577 3269 διακονιῶν,
631 3208 664 3260 ὀ
712 3206 781 3259 δὲ
823 3208 1009 3275 αὐτὸς
1056 3209 1308 3277 Κύριοςσ
1358 3209 1457 3264 καὶ
1505 3209 1828 3280 διαιρέσεις

224 3298 577 3368 ἐνεργειῶν,
604 3296 720 3351 dde
748 3299 935 3364 αὐτὸς
958 3300 1135 3367 Θεὸς,
1168 3304 1202 3356 d
1233 3302 1494 3374 ἐνεργῶν
1526 3305 1599 3359 τὰ
1630 3304 1830 3359 πάντα

224 3388 304 3441 ἐν
326 3385 476 3441 πᾶσι
496 3405 509 3418 ·
540 3388 667 3457 τρία
699 3388 801 3459 μὲν
826 3389 1108 3460 παριστῶν
1138 3391 1408 3459 πρόσωπα
1428 3434 1443 3457 ,
1474 3394 1605 3464 μίαν
1642 3394 1699 3448 δὲ
1728 3394 1827 3467 τὴν

225 3474 466 3547 θεότητα
487 3517 502 3539 ,
530 3477 819 3532 αὑθεντίαν
852 3496 911 3531 τε
938 3480 1030 3532 καὶ
1062 3479 1363 3550 βασιλείαν.

817 3568 1070 3621 ΠΕΥῈΙΣ
1107 3568 1238 3625 ΜΓ.

302 3656 627 3727 Προσθεῖναι
660 3660 774 3723 τοῖς
803 3660 1117 3732 εἰρημένοις
1151 3662 1580 3734 παρακαλοῦμεν
1602 3706 1615 3729 ,
1648 3666 1736 3719 διὰ
1774 3670 1826 3719 τί

226 3747 385 3801 ὕδατι
432 3752 529 3803 καὶ
575 3752 711 3822 πυρὶ
751 3753 1145 3824 παρεικάζεται
1196 3754 1303 3807 ὑπὸ
1348 3755 1448 3824 τῆς
1493 3757 1716 3829 Γραφῇ
1765 3760 1826 3811 τὸ

226 3837 388 3907 ἅγιον
413 3838 656 3910 Πνεῦμα.

856 3956 1215 4023 Ἀπόκρισις.

301 4043 417 4096 Οὐκ
456 4044 581 4113 εικῆ
617 4044 759 4112 (Η),
806 4045 916 4097 οὐδ’
945 4045 1132 4116 ἀργῶς
1158 4048 1389 4112 ἐκείνοις
1418 4051 1823 4122 παραϐάλλεται

223 4134 290 4188 τὸ
318 4132 461 4188 θεῖον
492 4134 736 4203 Πνεῦμα.
780 4134 1079 4188 Χλοοποιὺν
1112 4137 1241 4210 γὰρ,
1276 4141 1371 4191 καὶ
1412 4140 1696 4207 ζωοποιὸν,
1729 4143 1825 4195 καὶ

223 4224 523 4297 θρεπτικὸν
556 4224 616 4278 τι
651 4225 797 4298 ὕδωρ
836 4228 893 4293 ἐξ
928 4229 1179 4299 οὐρανῶν
1222 4230 1471 4301 ὑόμενον,
1510 4233 1604 4285 καὶ
1641 4234 1821 4288 πάντα

222 4320 463 4382 πιαῖνον,
494 4318 591 4371 καὶ
616 4320 751 4371 πᾶσι
776 4319 1173 4391 διικνούμενον,
1208 4323 1483 4392 μονοειδὲς
1516 4326 1616 4395 μὲν
1644 4327 1820 4397 ὑπάρ-

222 4426 340 4478 χον,
375 4409 734 4479 πολυτρόπως
767 4409 823 4463 δὲ
868 4410 1163 4482 ἐνεργοῦν·
1219 4416 1284 4468 ἐκ
1334 4416 1463 4485 μιᾶς
1500 4415 1557 4469 δὲ
1608 4419 1819 4489 κρήνης

220 4500 459 4571 διάφορα
505 4501 639 4571 γένη
680 4500 864 4567 φυτῶν
911 4502 1190 4573 ἄρδονται.
1240 4505 1299 4558 '0
1342 4506 1389 4559 δ’
1438 4506 1603 4571 αὐτὸς
1656 4509 1813 4574 ὑετὸς

222 4589 508 4660 μονοειδὴς
565 4588 831 4661 ὑπάρχων
881 4590 1043 4660 φύσει
1106 4594 1201 4646 καὶ
1260 4595 1405 4664 ὄψει,
1461 4598 1817 4669 πολυτρόπως

217 4681 535 4751 εὐεργετεῖ,
568 4683 627 4735 ἔν
660 4682 761 4752 μὲν
790 4684 961 4755 κρίνῳ
981 4684 1194 4752 λευκὸς,
1226 4687 1284 4737 ὲν
1311 4686 1367 4739 δὲ
1390 4688 1529 4760 ῥόδῳ
1584 4690 1816 4762 ἐρυθρὸς

216 4768 534 4841 ὁρώμενος,
586 4771 866 4843 πόρφυρος
906 4774 965 4827 ὲν
1000 4772 1133 4841 τοις,
1165 4778 1358 4847 κιρρὸς
1406 4778 1451 4831 δ’
1498 4780 1557 4832 ὲν
1604 4780 1810 4852 κρόκῳ.

228 4862 358 4915 Ἐπὶ
383 4863 483 4934 τῆς
512 4861 685 4933 συκῆς
717 4866 997 4938 μονοειδὴς
1050 4868 1298 4938 ὑόμενος,
1327 4870 1643 4941 ἑτεροειδιῖκ
1674 4874 1812 4927 ἀπο-

214 4953 477 5021 τελεῖται,
510 4953 716 5025 γλυκὺς
740 4957 839 5026 μὲν
862 4959 921 5012 ὲν
952 4958 1033 5029 τῷ
1079 4960 1298 5032 καρπῷ,
1328 4964 1529 5033 στυφὸς
1554 4964 1612 5018 δὲ
1641 4967 1699 5019 ὲν
1730 4966 1811 5037 τῷ

215 5046 582 5117 ῑκμυζομένῳ
599 5046 853 5116 γάλακτι.
901 5050 959 5103 '0
986 5051 1147 5116 αὐτὸς
1180 5053 1238 5105 ἐν
1258 5054 1490 5126 ἀμπέλῳ
1526 5059 1808 5129 μονοειδὴς

214 5137 514 5208 ἐρχόμενος
538 5138 867 5206 πυκάζεται,
916 5145 996 5206 εἰς
1025 5144 1232 5210 ἕλικας,
1267 5148 1348 5210 εἰς
1397 5148 1682 5217 βλαστοὺς,
1727 5154 1807 5215 εἰς

212 5230 497 5299 ὄμφακας,
529 5231 611 5294 εἰς
642 5231 897 5303 βότρυας,
932 5236 1009 5297 εἰς
1040 5231 1204 5302 οἶνον,
1229 5240 1309 5301 εἰς
1340 5240 1523 5305 πότον,
1557 5241 1652 5293 καὶ
1680 5243 1804 5294 συλ-

211 5316 415 5393 λήϐδην
446 5326 646 5389 εἰπεῖν,
680 5325 738 5377 ὲν
778 5327 913 5380 πᾶσι
957 5327 1134 5381 πάντα
1168 5331 1472 5401 γινόμενος.
1508 5334 1804 5407 Μονοειδὴς

286 5440 333 5473 ⁸⁸
360 5441 484 5495 Act.
518 5458 642 5506 xm,
672 5443 728 5497 2.
804 5445 848 5476 ⁸⁷
882 5444 1001 5500 Aet.
1035 5463 1110 5509 Ix,
1142 5447 1197 5502 6.
1277 5450 1322 5481 ⁸⁸
1349 5448 1473 5505 Act.
1507 5468 1627 5512 xm.
1674 5456 1727 5509 4.

281 5645 438 5735 (ιδ’).
468 5646 599 5735 ’Υέξ
648 5650 941 5719 οὐρανῶν.
978 5653 1141 5713 Forte
1186 5661 1287 5715 ὑπ”
1306 5662 1534 5735 οὐρανόν
1553 5705 1568 5731 ,
1598 5666 1682 5721 vel
1712 5668 1802 5721 ὑπ’

200 5717 499 5788 οὐρανούς.
534 5717 695 5773 Eon.

283 5786 398 5859 (l4)
430 5790 552 5843 Οὐκ
582 5790 737 5861 εἰκῆ,
782 5809 837 5849 κ.
876 5810 927 5851 τ.
972 5796 1022 5852 λ.
1050 5796 1177 5856 Haec
1219 5817 1355 5873 pene
1388 5805 1667 5874 αὐτολεξεὶ
1702 5807 1796 5866 do-

1672 327 2022 391 DtaLOGUS
2060 327 2101 391 Ι.

1846 5460 1890 5489 ⁸⁸)
1928 5459 2122 5532 Matth.
2153 5480 2324 5532 xxvn,
2360 5468 2444 5522 19.
2562 5471 2608 5503 ⁷ο
2644 5490 2659 5522 Α

207 5511 303 5568 10.
379 5512 427 5543 ⁷³
460 5512 583 5567 Act.
613 5529 727 5577 1m,
760 5512 813 5567 6.
900 5516 946 5547 ⁷³
985 5517 1175 5573 Matth.
1218 5534 1273 5583 ι,
1319 5520 1371 5576 5.
1451 5522 1499 5553 "
1530 5521 1677 5577 Psal.
1710 5542 1818 5581 xxx

1938 5530 1971 5585 ἲ.
2059 5534 2103 5566 ⁷³
2137 5533 2154 5587 I
2186 5512 2324 5591 Co'r.‘
2352 5555 2451 5605 xu,
2489 5544 2545 5610 ιι,
2586 5541 2640 5596 6.

3434 334 3541 393 910

2587 446 2893 516 Responsio.

2011 541 2152 596 Audi
2188 538 2443 612 proinde,
2477 553 2511 593 ο
2537 541 2824 612 praeclare,
2864 540 3087 612 propria
3128 538 3462 598 auctoritate
3487 547 3545 600 et

1940 642 2214 702 potestate
2237 631 2503 704 Spiritum
2528 632 2942 704 praecipientem
2966 639 3022 688 et
3045 630 3336 689 facientem
3360 647 3521 703 aqua

1942 729 2013 783 lia
2048 743 2173 784 cum
2208 728 2373 783 Patre
2411 734 2466 784 et
2510 727 2653 783 Filio
2689 746 2703 783 :
2739 727 3021 799 Segregate
3060 728 3181 797 jam
3225 728 3356 783 mihi
3395 726 3541 783 Bar—

1942 822 2140 876 nabam
2164 830 2215 876 et
2255 818 2480 877 Sautum
2536 822 2592 875 in
2622 836 2754 891 opus
2797 819 2869 876 ad
2905 820 3047 892 quod
3081 821 3262 876 vocavi
3301 837 3413 887 eos,
3453 820 3540 876 in-

1942 912 2062 983 quit
2105 912 2172 966 ad
2212 910 2495 983 apostolos
2542 908 2610 966 “.
2649 910 3021 969 Consentlens
3057 913 3242 964 autem
3276 926 3402 967 cum
3434 910 3543 968 hoc

1943 1003 2013 1058 ad
2040 1001 2272 1057 Paulum
2300 1003 2478 1075 inquit
2499 1002 2677 1059 Filius
2708 1022 2723 1059 :
2757 1002 3042 1074 Ingredere
3082 1004 3139 1057 in
3168 1004 3459 1068 ciuitatem,
3488 1016 3541 1060 et

1942 1094 2018 1149 ibi
2054 1096 2261 1149 dicetur
2286 1096 2402 1161 tibi,
2444 1094 2571 1168 quid
2602 1094 2700 1150 tibi
2736 1093 3041 1164 faciendum
3066 1096 3138 1149 sit
3168 1095 3232 1151 ".
3266 1095 3411 1151 Alibi
3440 1110 3544 1151 au-

1943 1196 2053 1245 tem
2078 1189 2278 1245 dicunt
2321 1188 2459 1245 Acta
2492 1187 2872 1261 apostolorum
2919 1204 2933 1243 :
2988 1184 3064 1241 Hi
3105 1187 3317 1258 quidem
3355 1188 3543 1243 emissi

1944 1296 1977 1334 a
2008 1280 2234 1351 Spiritu,
2257 1280 2502 1337 abierunt
2528 1279 2827 1337 Seleuciam
2846 1279 2913 1335 ⁸⁸.
2932 1279 3014 1335 Ad
3037 1279 3291 1335 eumdem
3315 1278 3540 1334 modum

1943 1370 2119 1427 Filius
2148 1392 2162 1428 :
2192 1371 2433 1441 Profecti
2457 1371 2638 1427 docete
2664 1385 2843 1428 omnes
2867 1380 3044 1443 gentes
3070 1370 3137 1423 ⁸⁸.
3164 1368 3542 1450 Consimiliter

1944 1463 2178 1534 apostoli
2228 1482 2242 1519 :
2290 1463 2476 1519 Visum
2522 1473 2622 1530 est,
2668 1463 2952 1535 inquiunt,
2989 1460 3219 1533 Spiritui
3260 1472 3447 1517 sancto
3487 1471 3539 1518 et

1944 1553 2118 1621 nobis,
2153 1553 2219 1609 de
2259 1554 2413 1609 nulta
2456 1554 2569 1608 alia
2610 1570 2667 1609 re
2708 1570 2796 1610 vos
2843 1552 3231 1617 admonendos,
3264 1568 3427 1622 quam
3472 1551 3542 1607 de

1944 1646 2259 1700 necessariis
2304 1645 2416 1701 illis
2448 1646 2518 1701 ⁷ο.
2556 1645 2826 1703 Similiter
2865 1655 2921 1703 et
2946 1645 3153 1702 Paulus
3194 1644 3411 1717 inquit:
3442 1644 3542 1699 Di-

1943 1754 2004 1791 co
2035 1746 2212 1793 autem
2242 1753 2348 1792 non
2374 1754 2491 1810 ego,
2529 1738 2623 1793 sed
2665 1737 2950 1806 Dominus,
2991 1754 3055 1793 ne
3084 1746 3538 1809 uxor'separetur

1944 1829 2205 1886 ariro'”.
2228 1828 2555 1901 Peragrata,
2612 1828 2791 1901 inquit
2834 1829 3003 1895 alius,
3042 1827 3279 1901 Phrygia
3332 1837 3383 1883 et
3428 1826 3540 1883 Ga-

1940 1918 2110 1975 latica
2159 1920 2391 1992 regione,
2448 1921 2703 1991 prohibiti
2743 1929 2865 1976 sunt
2911 1939 2944 1976 a
2982 1920 3210 1991 Spiritu,
3251 1921 3536 1991 quominus

1939 2010 2239 2066 doctrinam
2264 1999 2652 2082 exponerent'in
2673 2011 2807 2069 Asia
2826 2013 2896 2068 ⁷⁸.
2916 2011 3000 2067 Ad
3026 2012 3281 2068 eumdem
3312 2012 3536 2069 modum

1940 2103 2118 2159 Filius
2144 2103 2211 2159 ad
2234 2105 2514 2175 apOStolos
2543 2106 2726 2175 inquit
2756 2124 2771 2160 :
2798 2104 2865 2161 In
2889 2106 3029 2160 viam
3054 2104 3287 2176 gentium
3306 2120 3370 2159 ne
3397 2103 3537 2158 abie-

1940 2197 2087 2261 ritis,
2120 2205 2173 2251 et
2224 2197 2281 2251 in
2329 2198 2596 2252 civitatem
2646 2198 3119 2253 Samaritanorum
3158 2213 3220 2251 ne
3264 2194 3537 2267 ingredia-

1940 2288 2075 2341 mini
2097 2288 2168 2342 ".
2196 2287 2303 2344 Sed
2332 2296 2387 2345 et
2413 2289 2634 2345 divinus
2660 2290 2752 2346 ille
2778 2290 3015 2347 Davides
3045 2304 3218 2347 sacra‘
3244 2287 3538 2344 Trinitatis

1938 2395 2079 2448 opus
2115 2380 2419 2436 ostendens
2463 2382 2581 2438 base
2619 2381 2906 2448 universa,
2952 2382 3102 2438 canit
3139 2382 3196 2436 in
3242 2378 3479 2438 Psalmis
3517 2398 3531 2434 :

1952 2471 2115 2525 Verbo
2151 2470 2366 2527 Domini
2398 2474 2516 2529 σιεΙὶ
2548 2474 2753 2543 ﬁrmati
2795 2482 2941 2538 sunt,
2969 2482 3020 2528 et
3059 2474 3253 2543 spiritu
3278 2474 3387 2529 oris
3416 2472 3535 2544 ejus

1941 2564 2115 2618 omnis
2139 2564 2306 2618 virtus
2332 2582 2515 2620 eorum
2540 2566 2588 2598 "
2615 2584 2629 2621 :
2664 2580 2762 2635 per
2791 2564 3103 2629 Dominum,
3128 2563 3347 2620 Patrem
3371 2565 3535 2636 signi-

1940 2652 2132 2719 ﬁcans,
2167 2670 2265 2725 per
2294 2653 2533 2710 Verbum
2572 2652 2807 2723 Filium;
2842 2669 2941 2725 per
2979 2653 3245 2724 Spiritum
3271 2655 3531 2726 denique.

1936 2754 2191 2801 sanctum
2234 2747 2385 2801 illum
2424 2745 2711 2818 Spiritum.
2741 2747 2879 2802 Cum
2918 2747 3022 2803 hoc
3052 2756 3238 2803 autem
3288 2762 3529 2806 consen-

1936 2838 2079 2892 tiens
2109 2838 2328 2893 divinus
2367 2839 2458 2894 ille
2490 2840 2735 2894 omnium
2761 2856 2884 2909 qua:
2913 2839 3019 2895 sub
3044 2839 3201 2895 cmlis
3233 2849 3385 2907 sunt,
3416 2856 3533 2897 ma-

1934 2928 2106 2999 gister
2151 2927 2378 2996 Paulus,
2427 2930 2608 2999 inquit
2670 2949 2683 2983 :
2732 2929 3031 2985 Divisiones
3076 2931 3339 2987 donorum
3383 2944 3527 2996 sunt.

1935 3017 2027 3073 sed
2050 3020 2189 3073 idem
2228 3018 2512 3089 Spiritus:
2544 3029 2594 3073 et
2633 3019 2918 3075 divisiones
2960 3021 3401 3087 ministeriorum,
3440 3023 3531 3078 sed

1936 3110 2076 3165 idem
2104 3110 2365 3165 Dontinus
2388 3130 2404 3165 :
2432 3120 2482 3166 et
2517 3112 2803 3166 divisiones
2833 3114 3221 3183 operationum,
3248 3114 3386 3169 idem
3409 3131 3533 3172 vero

1936 3201 2102 3269 Deus,
2137 3203 2228 3272 qui
2257 3212 2509 3273 operatur
2552 3205 2733 3257 omnia
2759 3205 2816 3259 in
2860 3204 3104 3260 omnibus
3135 3206 3215 3274 7';
3261 3213 3374 3264 tres
3402 3208 3533 3278 qui-

1933 3293 2056 3348 dem
2104 3295 2424 3365 exprimens
2466 3309 2756 3365 personas,
2804 3312 2971 3351 unam
3003 3312 3136 3353 vero
3161 3297 3527 3368 divinitatem,

1932 3388 2316 3440 auctoritatem
2347 3396 2399 3441 et
2430 3402 2683 3458 regnum.

2357 3586 2881 3647 INTERItOGATIO
2922 3592 3102 3649 XLIII.

2003 3672 2331 3740 Quaesumus
2363 3688 2422 3732 ut
2451 3680 2519 3734 iis
2549 3696 2672 3751 quas
2694 3682 2964 3741 hactenus
2985 3686 3322 3756 disseruisti,
3352 3688 3526 3749 addas

1931 3782 2103 3837 quare
2130 3784 2257 3824 cum
2289 3786 2431 3841 aqua
2481 3782 2534 3828 et
2574 3775 2701 3845 igne
2737 3789 3091 3849 comparetur
3141 3780 3196 3835 in
3240 3781 3528 3853 Scriptura

1932 3855 2171 3926 Spiritus
2193 3871 2442 3917 sanctus-

2573 3973 2882 4043 Responsio.

2000 4057 2123 4115 Non
2154 4062 2382 4130 frustra,
2418 4078 2600 4134 neque
2638 4067 2737 4123 abs
2765 4085 2825 4125 re
2865 4070 2977 4127 illis
3001 4086 3355 4145 comparatur
3384 4080 3526 4136 divi-

1930 4156 2341 4228 nus‘Spiritus.
2371 4158 2508 4213 Nam
2549 4161 2753 4219 herbas
2786 4166 3148 4237 producendi,
3194 4182 3247 4227 et
3280 4174 3523 4239 fovendi,

1928 4258 1983 4303 et
2014 4241 2195 4305 alendi
2227 4252 2337 4305 vim
2367 4251 2535 4308 habet
2556 4268 2699 4324 aqua
2727 4257 2795 4312 de
2823 4259 2980 4314 caelis
3010 4261 3231 4330 pluens,
3265 4273 3319 4321 et
3341 4267 3525 4325 omnia

1928 4340 2285 4412 pinguefacit,
2332 4344 2593 4400 omnibus
2624 4362 2748 4403 sese
2794 4350 3077 4419 miscens;
3124 4368 3188 4410 ac
3225 4357 3353 4412 licet
3399 4361 3525 4413 uni-

1927 4430 2123 4487 formis
2152 4435 2246 4497 sit,
2280 4434 2470 4487 multis
2496 4441 2680 4493 tamen
2706 4440 2889 4496 modis
2910 4455 3195 4512 operatur,
3230 4456 3284 4501 et
3313 4463 3380 4503 ex
3415 4466 3526 4506 una

1927 4522 2266 4593 scaturigine
2327 4525 2550 4579 diversa
2610 4542 2813 4595 genera
2877 4534 3189 4603 germinum
3246 4539 3517 4607 rigantur.

1928 4609 2130 4668 Eadem
2152 4616 2350 4697 pluvia
2380 4633 2505 4674 cum
2529 4620 2601 4677 sit
2630 4622 2928 4681 uniformis
2961 4636 3158 4683 natura
3188 4638 3245 4685 et
3269 4642 3519 4702 aspectu.

1926 4703 2284 4759 multifariam
2321 4724 2445 4764 sese
2491 4710 2738 4768 declarat
2786 4714 3100 4785 efﬁcacem;
3156 4720 3211 4776 in
3250 4723 3365 4777 lilio
3395 4728 3488 4796 qui

1924 4795 2048 4851 dem
2082 4798 2226 4865 alba,
2265 4802 2319 4854 in
2355 4816 2481 4858 rosa
2514 4820 2646 4860 vero
2696 4808 2864 4862 rubra
2904 4826 3199 4882 apparens,
3244 4795 3517 4886 purpurea

1922 4887 1978 4941 in
2023 4889 2208 4955 violis,
2257 4891 2407 4947 fulva
2452 4894 2508 4949 in
2548 4911 2734 4954 croco.
2783 4899 2962 4970 Super
3016 4903 3178 4960 ticum
3229 4907 3522 4966 uniformis

1920 4982 2139 5050 pluens,
2172 4984 2407 5043 alterius
2442 4986 2637 5044 forma:
2678 4990 2935 5059 edicitur,
2984 4997 3165 5053 dulcis
3200 5000 3421 5069 quidem
3464 5005 3519 5057 in

1920 5070 2126 5138 fructu,
2174 5077 2374 5133 acerba
2431 5095 2560 5135 vero
2601 5082 2656 5137 in
2690 5098 2957 5153 expresso
2998 5088 3159 5146 lacte.
3212 5090 3415 5149 Eadem
3464 5096 3521 5149 in

1916 5160 2083 5215 vitem
2121 5164 2419 5223 uniformis
2450 5169 2701 5236 veniens,
2735 5173 3005 5231 densatur
3036 5178 3088 5231 in
3115 5181 3423 5250 capreolos,
3461 5184 3517 5239 in

1913 5254 2186 5323 germina,
2223 5257 2276 5311 in
2312 5274 2467 5334 uvas,
2513 5262 2567 5316 in
2600 5264 2815 5331 botros,
2859 5268 2912 5321 in
2946 5268 3155 5335 vinum,
3194 5274 3246 5327 in
3284 5282 3514 5344 potum:

1914 5351 1992 5407 et,
2048 5356 2107 5403 ut
2160 5349 2479 5405 summatim
2520 5352 2724 5421 dicam,
2784 5357 2837 5410 in
2884 5360 3143 5418 omnibus
3200 5365 3384 5419 omnia
3435 5365 3517 5420 tit.

1915 5681 2130 5760 sumpta
2161 5688 2471 5760 noscuntur
2498 5682 2787 5760 ex_Cyri_ll_i
2819 5684 3307 5760 Iiierosolymitani
3342 5692 3515 5749 Cate-

1912 5742 2393 5837 ᾗιῖοεΔί-ξινιηςνξᾷ.
2425 5749 2589 5837 Quod
2640 5742 2865 5823 quidem
2900 5742 3508 5837 perspéxii'cifﬁﬁi.

1911 5812 2189 5873 lianorum
2214 5812 2396 5877 editor
2425 5812 2717 5883 Toutteus.
2785 5812 2803 5819 ⁷
2832 5812 2863 5817 ⁷
2898 5820 2904 5861 ί
