4020 6302
543 394 648 465 9H

552 514 857 573 Uniformis
886 529 1011 570 eum
1050 514 1145 581 sit,
1182 528 1376 591 eorum
1403 529 1433 568 a
1461 514 1666 586 quibus
1695 502 2017 585 suscipitur,
2050 531 2144 570 na—

548 616 689 663 tura:
739 608 914 670 unita,
964 605 1265 677 unicuique
1314 605 1462 676 quod
1514 615 1597 661 est
1646 607 1997 662 commodum
2044 608 2143 661 tri-

551 699 697 754 buit.
726 697 921 752 Itidem
949 708 1003 753 et
1039 697 1183 767 ignis
1212 696 1505 754 uniformis
1533 714 1656 753 eum
1702 700 1794 763 sit,
1827 699 1996 755 variis
2026 714 2144 754 mo-

549 790 638 847 dis
671 800 957 859 operatur,
999 788 1277 857 calefacit,
1316 798 1535 862 purgat,
1572 792 1891 863 concoquit,
1921 792 2138 863 probat,

548 883 845 947 illuminat,
894 882 1069 937 ardet.
1123 882 1207 936 Ad
1240 882 1494 938 eumdem
1542 884 1766 939 modum
1813 894 1869 941 et
1912 892 2142 941 sanctus

548 974 813 1046 Spiritus,
851 988 977 1028 cum
1036 974 1109 1028 sit
1153 988 1321 1038 unus,
1366 974 1532 1028 unius
1565 974 1757 1030 forma:
1794 983 1851 1031 et
1888 975 2142 1045 ejusdem

536 1067 718 1130 -modi,
775 1066 1051 1136 uniusque
1106 1065 1454 1132 substantiae,
1506 1067 1780 1124 indivisus
1829 1076 1884 1124 et
1929 1069 2143 1140 absque

545 1152 788 1218 defectu,
839 1152 1137 1221 unicuique
1181 1150 1381 1206 dividit
1411 1153 1643 1224 gratiam
1680 1154 1827 1209 sicut
1856 1156 1998 1211 vult.
2037 1153 2140 1211 Ut-

546 1257 656 1313 que
688 1243 742 1296 in
773 1242 982 1313 plantis
1012 1242 1131 1298 fieri
1170 1242 1333 1309 solet,
1372 1249 1433 1297 ut
1469 1244 1719 1319 quandiu
1757 1243 1987 1314 quidem
2030 1246 2144 1302 bie-

548 1335 657 1390 mis
692 1334 964 1403 asperitas
1002 1333 1285 1403 praevalet,
1312 1332 1655 1405 infrugifera
1673 1342 1933 1389 maneant
1962 1344 2141 1405 :post-

544 1440 712 1497 quam
734 1440 865 1480 vero
890 1425 1090 1495 pluviis
1111 1425 1321 1495 rigata,
1344 1426 1460 1482 sole
1480 1425 2142 1491 foventur,renaseuntur

542 1505 605 1574 et.
641 1519 977 1589 germinant,
1030 1516 1114 1572 sic
1153 1523 1208 1570 et
1258 1516 1577 1571 mortalium
1629 1517 1851 1582 animae,
1890 1518 2139 1587 qnandiu

543 1607 767 1679 quidem
797 1607 977 1663 hieme
1010 1608 1269 1662 vitiorum
1292 1607 1630 1672 detinentur,
1658 1607 1907 1665 difﬁciles
1938 1618 1994 1663 et
2021 1624 2139 1665 om-

541 1700 629 1754 nis
668 1693 1077 1753 communionis
1132 1703 1387 1766 espertes
1438 1710 1622 1751 mores
1670 1710 1803 1768 erga
1853 1699 2137 1766 proximos

540 1788 921 1855 ostendentes,
955 1796 1186 1842 mortua:
1213 1794 1272 1841 et
1304 1785 1644 1857 infrugiferaz
1671 1798 1821 1841 sunt.
1862 1785 2000 1841 Cum
2036 1801 2136 1841 au-

540 1886 648 1935 tem
678 1878 919 1933 divinam
945 1878 1187 1948 Spiritus
1221 1878 1461 1949 pluviam
1497 1892 1596 1948 per
1626 1877 1938 1933 doctrinam
1969 1876 2133 1932 insti-

542 1971 776 2026 tutionis
815 1970 1183 2039 susceperint,
1233 1979 1289 2025 et
1336 1970 1736 2042 turpitudinem
1775 1985 1900 2041 qua:
1943 1978 2030 2025 est
2069 1985 2135 2024 ex

539 2063 862 2127 vitiositate,
915 2062 1303 2127 absterserint,
1360 2062 1661 2132 multisque
1703 2060 1993 2118 adeotibus
2036 2062 2138 2117 ob-

540 2156 765 2208 noxium
798 2168 1080 2223 corporea:
1123 2153 1286 2209 molis
1327 2154 1715 2209 vestimentum
1751 2146 2132 2222 deposuerint,

539 2260 663 2299 mox
688 2245 757 2299 in
794 2245 876 2300 eis
927 2247 1232 2299 suscitatur
1266 2245 1428 2310 ratio,
1470 2255 1525 2299 et
1555 2244 1715 2315 quasi
1766 2252 2136 2299 renascuntur

536 2351 636 2405 per
664 2336 907 2390 divinam
937 2336 1262 2407 rigationem
1298 2343 1353 2390 et
1378 2335 1618 2390 calorem
1651 2334 1902 2407 spiritus,
1933 2342 1988 2390 et
2018 2335 2135 2403 fru-

537 2439 679 2481 ctum
721 2427 920 2496 femut,
978 2427 1284 2484 secundum
1336 2426 1555 2482 Domini
1606 2442 1941 2492 sermonem,
1990 2427 2131 2482 alius

536 2520 1132 2589 quidemtricesimum,
1186 2518 1326 2573 alius
1370 2533 1493 2574 vero
1533 2519 1943 2591 sexagesimum,
1987 2520 2131 2575 alius

536 2628 656 2666 vero
686 2614 1029 2678 centesimum
1050 2612 1119 2665 ⁷⁸.
1156 2610 1293 2665 Nam
1328 2611 1420 2665 alii
1448 2610 1670 2681 quidem
1702 2611 1769 2667 ad
1800 2613 2125 2682 sapientiam

539 2702 920 2756 accommodat
966 2702 1233 2773 linguam,
1274 2701 1371 2756 alii
1421 2702 1492 2756 ad
1532 2702 1880 2767 vaticinium,
1922 2704 2017 2759 alii
2062 2703 2129 2757 ad

546 2795 858 2847 daemonum
900 2792 1306 2863 expulsionem,
1353 2792 1446 2847 alii
1482 2790 1551 2847 ad
1576 2790 1999 2849 declarationem
2040 2810 2127 2851 re-

535 2898 658 2939 rum
716 2882 1048 2939 divinarum.
1109 2883 1292 2939 Alium
1354 2884 1424 2939 ad
1468 2884 1653 2941 sobrie
1704 2884 1999 2942 vivendum
2051 2887 2130 2940 ir.-

532 2977 712 3032 struin
767 2977 933 3031 alium
977 2976 1046 3031 ad
1086 2977 1551 3044 misericordiam,
1602 2972 1771 3032 alium
1816 2978 1883 3032 ad
1922 2986 2125 3049 tempe.

532 3070 771 3132 rantiatn
821 3069 1129 3125 confirmat.
1164 3069 1348 3124 Alium
1390 3067 1459 3123 ad
1501 3070 1825 3140 martyrium
1881 3069 2037 3141 ungit
2072 3078 2127 3127 et

533 3163 763 3227 excitat,
800 3179 864 3219 ac
904 3162 1157 3220 diversus
1187 3166 1243 3219 in
1278 3163 1388 3217 alio
1410 3176 1537 3217 esse
1575 3162 1811 3227 videtur,
1850 3178 1975 3218 eum
2006 3164 2125 3233 ipse

533 3270 646 3310 non
678 3257 750 3310 sit
781 3256 946 3321 alius,
979 3253 1442 3326 quemadmodum
1479 3252 1719 3307 eximius
1760 3253 1850 3307 ille
1878 3264 1933 3307 et
1972 3268 2125 3309 men-

532 3349 605 3403 tis
660 3347 711 3400 vi
762 3357 1031 3417 praestans
1064 3344 1261 3401 scribit
1291 3344 1631 3416 Apostolus:
1672 3341 1984 3413 Unicuique,
2036 3344 2143 3397 in-’

532 3441 676 3511 quit,
702 3439 865 3492 datur
893 3438 1188 3491 declaratio
1213 3436 1469 3505 Spiritus,
1504 3443 1662 3503 prout
1704 3433 1937 3504 expedit.
1979 3432 2124 3487 Nam

533 3534 630 3587 alii
655 3530 864 3602 quidem
896 3545 986 3597 per
1014 3528 1274 3598 Spiritum
1305 3530 1467 3581 datur
1494 3526 1671 3579 oratio
1697 3525 1994 3594 sapientia},
2028 3526 2127 3579 alii

530 3641 649 3680 rero
702 3622 876 3678 oratio
915 3622 1150 3675 scicntia:
1197 3617 1483 3673 secundum
1541 3615 1783 3672 eumdem
1832 3616 2120 3685 Spiritum,

530 3718 627 3771 alii
668 3717 799 3785 ﬁdes
842 3716 895 3768 in
944 3712 1124 3768 eodem
1171 3713 1397 3780 Spiritu,
1434 3712 1530 3764 alii
1583 3710 1948 3788 prodigiorum
1989 3709 2123 3779 eﬂ'eo

528 3811 754 3871 ctioues,
807 3807 905 3861 alii
951 3804 1299 3864 vaticinatio.
1351 3806 1446 3857 alii
1508 3794 1922 3871 dijudicationes
1961 3804 2121 3872 spiri-

533 3910 709 3960 tuum,
752 3899 850 3952 alii
877 3913 1069 3971 genera
1108 3897 1435 3966 linguarum,
1473 3895 1571 3948 alii
1613 3895 1980 3964 interpretatio
2015 3898 2123 3951 liu-

528 4007 780 4061 gstarum.
815 3988 918 4044 Sed
949 3989 1129 4042 omnia
1156 3985 1266 4039 Itwc
1296 3985 1447 4055 cﬁicit
1479 4002 1614 4039 unus
1638 3986 1727 4039 ille
1750 3993 1799 4039 et
1832 3986 1968 4039 idem
1995 3985 2120 4055 Spi-
2139 3998 2161 4035 ι

532 4085 692 4145 ritus,
716 4080 1029 4149 dispertiens
1051 4077 1393 4147 peculiariter
1431 4077 1710 4147 unicuique
1734 4078 1893 4132 sicuti
1922 4080 2031 4133 vult
2049 4079 2117 4135 ".

1620 394 1683 450 S.
1725 390 2409 461 CESAIUI,GREGORH
2443 393 2749 449 FRATRIS

3733 390 3850 460 9l2

2254 514 2539 587 ὑπάρχων,
2591 518 2659 586 τῇ
2704 513 2817 569 τῶν
2866 510 3282 583 ὐποᾶχομένων
3310 510 3471 580 φύσει
3507 509 3801 583 ἐνούμενος
3825 549 3847 576 ,

2248 608 2465 677 ἑκάστῳ
2512 606 2821 678 πρόσφορον
2857 603 3033 675 νέμει.
3072 604 3149 656 Τὸ
3181 602 3292 674 πῦρ
3336 602 3521 667 πάλιν,
3568 600 3850 672 μονοειδὶς

2247 700 2518 772 ὑπάρχει,
2547 696 2903 767 πολυτρόπως
2929 698 3176 767 ἐνεργεῖ,
3204 694 3513 767 θερμαίνει,
3546 693 3809 765 καθαίρει
3828 731 3846 754 ,

2246 792 2466 855 πέπτει,
2498 790 2879 861 δοκιμάζεται,
2902 788 3149 858 φωτίζει,
3182 786 3392 858 φλέγει.
3432 785 3713 850 Ὠσαύτως
3745 786 3852 840 καὶ

2242 884 2304 937 τὸ
2331 883 2477 936 θεῖον
2500 882 2749 952 Πνεῦμα,
2781 880 2839 935 ἓν
2864 880 3132 952 ὑπάρχον,
3161 878 3457 950 μονοειδὲς,
3482 876 3847 951 μονότροπον,

2248 973 2583 1046 μονοούσιον,
2639 972 2968 1044 ἀδιαίρετον,
3011 970 3317 1044 άλώσητον,
3370 971 3589 1041 ἑκάστῳ
3639 968 3854 1041 διαιρεῖ

2243 1066 2342 1138 τὴν
2383 1067 2568 1137 χάριν,
2600 1065 2786 1130 καθὼς
2815 1064 3082 1137 βούλεται·
3121 1064 3217 1117 καὶ
3238 1056 3351 1117 οἷον
3382 1060 3481 1117 ἐπὶ
3508 1060 3619 1114 τῶν
3651 1060 3852 1130 φυτῶν

2246 1157 2489 1226 γίνεσθαι
2520 1158 2790 1227 πέφυκεν,
2820 1157 2927 1222 ἕως
2963 1155 3064 1228 μὲν
3102 1154 3164 1208 τὺ
3189 1152 3413 1224 άμειδὲς
3449 1150 3546 1207 τοῦ
3572 1150 3852 1223 χειμῶνος

2241 1250 2423 1304 αὐτῶν
2468 1250 2794 1320 ἐπικρατεῖ,
2840 1250 3069 1319 ἄκαρπα
3118 1246 3309 1318 μένει*
3341 1244 3568 1299 ἐπειδάν
3608 1243 3665 1297 δὲ
3696 1241 3853 1315 ὑετῷ

2239 1340 2563 1413 νοτιζόμενα
2584 1382 2598 1406 ,
2634 1340 2770 1413 ηλίῳ
2796 1340 3180 1399 διαθάλπεται,
3211 1336 3431 1392 ἀναϐιοῖ
3454 1337 3551 1390 καὶ
3585 1334 3850 1406 βλαστά-

2242 1450 2323 1486 νει
2344 1451 2357 1464 ·
2386 1432 2531 1487 οὕτω
2563 1433 2659 1486 καὶ
2690 1432 2747 1485 αί
2778 1430 2989 1503 βροτῶν
3021 1430 3215 1501 ψυχαὶ,
3249 1428 3356 1492 ἓως
3382 1428 3483 1500 μὲν
3504 1426 3585 1499 τῷ
3610 1427 3710 1499 τῆς
3738 1444 3855 1482 κα-

2240 1525 2370 1588 κίας
2413 1523 2645 1595 χειμῶνι
2674 1524 2997 1593 κατέχονται
3021 1562 3039 1589 ,
3068 1520 3131 1573 τὸ
3163 1519 3385 1591 ἀμειδὲς
3415 1518 3510 1573 καὶ
3548 1516 3855 1585 ἀκοινώνη-

2242 1632 2339 1670 τον
2387 1614 2527 1688 πρὸς
2574 1614 2703 1679 τοὺς
2740 1614 2913 1677 πέλας
2958 1613 3443 1683 ἐπιδεικνύμεναι,
3500 1609 3698 1681 νεκραὶ
3742 1609 3854 1663 καὶ

2239 1707 2483 1780 ἄκαρποι
2509 1707 2892 1777 τυγχάνουσιν,
2924 1706 3049 1760 επεὶ
3078 1704 3125 1759 δ’
3151 1704 3218 1759 ἂν
3247 1706 3339 1759 τὸν
3366 1704 3513 1758 θετον
3543 1702 3638 1757 τοῦ
3666 1702 3852 1756 11νεύ-

2240 1817 2410 1872 ματος
2438 1800 2594 1854 ὑετὸν
2616 1799 2705 1853 διὰ
2731 1799 2891 1869 λόγου
2926 1799 3288 1870 κατηχήσεως
3313 1794 3603 1862 δέξωνται,
3653 1794 3749 1849 καὶ
3778 1794 3853 1848 τὺ

2242 1892 2351 1945 ἀπὸ
2378 1891 2580 1956 κακίας
2611 1888 2799 1962 αἶσχος
2840 1890 3276 1962 ἀποτρίψωνται,
3310 1892 3371 1942 τὸ
3400 1887 3715 1952 πολυπαθὲς
3736 1886 3891 1958 τῆςύ

2240 1981 2376 2055 ὕλης
2404 1984 2619 2055 ίμάτιον
2656 1982 2996 2054 ἀποθέμεναι
3018 2022 3034 2045 ,
3070 1978 3239 2046 αὖθις
3288 1978 3746 2052 άναζωπυροῦται
3779 1979 3851 2032 τὸ

2238 2074 2487 2144 λογικὸν,
2544 2077 2642 2128 καὶ
2690 2076 2854 2131 οἱονεὶ
2900 2073 3192 2153 άναϐιοῦσι
3237 2076 3306 2145 τῇ
3362 2073 3483 2143 θείᾳ
3524 2072 3691 2127 νοτίδι
3744 2071 3850 2126 καὶ

2238 2168 2421 2242 θέρμῃ
2453 2167 2549 2221 τοῦ
2586 2168 2942 2239 Πνεύματος,
2992 2166 3089 2221 καὶ
3144 2164 3656 2235 Καρποφοροῦσι,
3693 2164 3849 2219 κατὰ

2244 2262 2334 2333 τὴν
2362 2260 2678 2332 θεηγορίαν,
2710 2262 2745 2314 ό
2782 2258 2901 2329 μὲν
2923 2255 3274 2329 τριάκοντα,
3302 2258 3337 2312 ὁ
3361 2257 3432 2311 δὲ
3449 2255 3777 2323 ἐξήκοντα,
3810 2257 3849 2309 ό

2234 2352 2306 2406 δὲ
2342 2350 2585 2405 ἑκατόν.
2631 2349 2724 2421 Τῷ
2774 2349 2876 2421 μὲν
2910 2351 3020 2420 γὰρ
3066 2347 3441 2419 συγκέχρηται
3494 2344 3715 2420 γλώττῃ
3756 2346 3849 2411 είς

2236 2444 2451 2513 σοφίαν,
2484 2442 2563 2514 τῷ
2588 2442 2646 2495 δὲ
2676 2444 2757 2506 είς
2786 2440 3145 2513 προφητείαν,
3178 2440 3351 2512 έτέρῳ
3369 2439 3426 2493 δὲ
3454 2439 3537 2503 είς
3562 2438 3851 2510 δαιμόνων

2232 2533 2586 2605 δραπέτειαν,
2616 2528 2831 2603 θατέρῳ
2858 2530 2917 2585 δὲ
2947 2531 3030 2593 είς
3074 2530 3375 2601 σαφήνειαν
3395 2529 3505 2584 τῶν
3528 2528 3846 2602 θειοτέραν,

2236 2626 2422 2696 ἕτερον
2457 2626 2514 2678 δὲ
2542 2626 2842 2697 σωφρονεῖν
2870 2622 3140 2685 παιδεύει,
3172 2621 3407 2693 θάτερον
3438 2620 3496 2675 δὲ
3525 2622 3720 2685 ἐλεεῖν,
3742 2622 3847 2677 ἁλ-

2234 2716 2323 2770 λον
2351 2715 2487 2787 πρὸς
2515 2715 2847 2787 ἐγκράτειαν
2874 2714 3163 2785 ῥώννυσιν,
3210 2714 3402 2784 ἕτερον
3438 2706 3581 2784 πρὸς
3627 2711 3848 2785 μαρτύ-

2236 2824 2350 2877 ριον
2378 2807 2592 2877 ἀλείφει
2621 2808 2717 2861 καὶ
2756 2807 3056 2876 ὑποφωνεί,
3087 2806 3317 2877 θάτερον
3346 2806 3406 2861 ἐν
3428 2806 3604 2877 ἑτέρῳ
3643 2806 3845 2877 φαινό-

2234 2914 2412 2968 μενον,
2446 2896 2580 2951 αὐτὸ
2606 2897 2665 2951 δὲ
2692 2896 2793 2967 οὐχ
2832 2896 3021 2969 ἕτερον
3040 2914 3055 2928 ο
3104 2897 3291 2961 καθὼς
3330 2899 3361 2951 ὁ
3390 2897 3597 2970 ὑψηλὸς
3623 2897 3844 2962 ἐκεῖνος

2231 2990 2326 3043 καὶ
2352 2989 2519 3053 πολὺς
2546 2990 2647 3061 τὴν
2668 2989 2911 3043 διάνοιαν
2933 2990 3137 3059 γράφει
3182 2984 3526 3049 Ἀπόστολος’
3549 2986 3839 3056 'Ertda’tcp,

2231 3079 2386 3151 φησὶ,
2423 3078 2657 3133 δίδοται
2685 3080 2725 3146 ἡ
2761 3078 3108 3148 φανέρωσις
3141 3077 3250 3132 τοῦ
3297 3078 3646 3147 Πνεύματος
3681 3078 3843 3147 πρὸς

2231 3170 2297 3224 τὸ
2334 3170 2643 3240 συμφέρον
2657 3188 2680 3223 .·
2714 3159 2785 3241 ’ῼ
2814 3168 2935 3239 μέν
2960 3170 3071 3239 τὰρ
3099 3169 3199 3224 διὰ
3224 3170 3332 3225 τοῦ
3362 3171 3714 3239 Πνεύματος
3742 3169 3839 3223 δί-

2229 3258 2396 3314 δοται
2421 3260 2605 3329 λόγος
2626 3259 2872 3329 σοφίας,
2890 3260 3061 3325 ἄλλῳ
3079 3258 3149 3313 δὲ
3172 3262 3359 3329 λόγος
3377 3258 3657 3332 γνώσεως
3683 3259 3844 3314 κατὰ

2227 3351 2295 3405 τὸ
2331 3352 2476 3407 αὐτὸ
2533 3352 2798 3422 Πνεῦμα,
2838 3352 3022 3423 ἑτέρῳ
3067 3351 3136 3406 δὲ
3182 3353 3385 3419 πίστις
3420 3351 3495 3404 ἐν
3543 3350 3622 3415 τῷ
3671 3352 3844 3418 αὺτῷ

2228 3444 2560 3512 Πνεύματιο
2594 3442 2766 3510 ἄλλῳ
2787 3443 2859 3498 δέ
2888 3445 3265 3514 ἐνεργήματα
3293 3442 3630 3513 δυνάμεων,
3662 3444 3844 3509 ἄλλῳ

2227 3534 2295 3587 δὲ
2333 3536 2702 3604 προφητεία,
2746 3536 2921 3604 ἄλλῳ
2957 3536 3027 3601 δὲ
3070 3536 3407 3605 διακρίσεις
3448 3530 3841 3604 demetitur,

2230 3624 2407 3693 ἑτέρῳ
2451 3625 2597 3696 γένη
2645 3628 2965 3696 γλωσσῶν,
3009 3628 3178 3695 ἄλλῳ
3216 3626 3285 3680 δὲ
3318 3626 3601 3696 ἑρμηνειά
3630 3630 3841 3696 τλωσ-

2230 3715 2360 3771 σῶν
2377 3733 2390 3746 ·
2423 3717 2622 3773 πάντα
2648 3718 2718 3774 δέ
2749 3720 2940 3777 ταῦτα
2965 3719 3201 3789 ἐνεργεῖ
3237 3719 3307 3775 τὸ
3342 3718 3415 3774 ἓν
3448 3720 3547 3774 καί
3577 3718 3646 3772 τὸ
3682 3720 3844 3775 αὐτὰ

2233 3804 2496 3873 Πνεῦμα,
2529 3804 2807 3871 διαιροῦν
2829 3804 2953 3867 ἰδίᾳ
2998 3806 3238 3874 ἑκάστῳ
3275 3808 3471 3873 καθὼς
3511 3806 3833 3873 βούλεται.

2230 3898 2441 3968 ’Ὠσπερ
2471 3898 2582 3970 γὰρ
2613 3897 2806 3963 ὓδατος
2837 3898 2902 3953 τὸ
2931 3898 3232 3970 χλοοποιεῖν
3259 3898 3354 3953 καὶ
3393 3897 3706 3971 σήπ[τ]ειν,
3741 3900 3839 3954 καὶ

2228 3991 2399 4061 πυρὸς
2421 3990 2597 4043 καίειν
2616 3992 2711 4044 καὶ
2735 3991 3013 4060 φωτίζεινο
3036 3989 3211 4056 οὕτως
3232 3992 3328 4045 καὶ
3356 3990 3451 4044 τοῦ
3482 3990 3627 4044 θείου
3658 3991 3835 4047 Πνεῦ-

2234 4099 2424 4152 ματος,
2450 4083 2759 4155 εὐεργετεῖν
2794 4084 2889 4137 καὶ
2926 4083 3197 4148 κολάζειν.

530 4173 1004 4244 Quemadmodum
1051 4172 1217 4244 igitur
1250 4185 1393 4237 aqua
1437 4168 1546 4223 vim
1597 4170 1762 4223 habet
1813 4172 2155 4239 producendi
2198 4173 2423 4239 herbas,
2475 4184 2531 4229 et
2590 4175 3029 4247 putrefaciendi;
3073 4174 3241 4247 ignis,
3284 4174 3485 4232 urendi
3527 4184 3583 4233 et
3622 4174 3837 4230 illumi-

531 4268 738 4324 nandi:
779 4268 859 4321 sic
901 4264 1076 4319 divini
1121 4258 1363 4334 Spiritus
1411 4271 1517 4331 est,
1570 4261 1897 4317 benefacere
1948 4273 2002 4317 et
2032 4264 2329 4335 castigare.

956 4378 1475 4435 INTERROGATIO
1518 4378 1699 4433 XLIV.

603 4477 739 4543 Quia
785 4481 838 4529 te
880 4474 1152 4527 medicum
1201 4474 1398 4528 animm
1452 4472 1938 4543 deprehendimus,
1983 4471 2119 4527 aﬂa-

528 4571 626 4624 tim
676 4565 1182 4622 demonstrationes
1240 4564 1594 4620 adhibentem
1654 4563 1856 4618 animis
1917 4564 2125 4617 nostris

529 4658 887 4721 medicinam,
920 4665 976 4711 et
1006 4656 1074 4710 ab
1106 4669 1292 4709 errore
1317 4660 1682 4717 asserentem,
1716 4666 2035 4724 quaesumus
2063 4661 2123 4706 ut

530 4752 761 4820 atljicias
799 4750 864 4802 ad
900 4748 1183 4818 praemissa
1233 4746 1301 4800 de
1347 4746 1579 4817 angelis,
1616 4760 1749 4800 num
1780 4745 1967 4815 aliqui
2008 4744 2121 4801 sint

528 4856 718 4897 eorum
743 4840 989 4905 ordines,
1024 4848 1081 4893 et
1109 4844 1265 4907 quot,
1297 4845 1353 4891 et
1387 4836 1577 4906 quales
1599 4836 1709 4890 sint
1735 4843 1954 4902 natura,
1988 4850 2117 4889 num

514 4934 657 4988 item
695 4947 816 5001 qua:
854 4929 1039 4983 futura
1072 4937 1203 4984 sunt
1235 4926 1440 4982 sciant.

1170 5039 1480 5109 Responsio.

601 5138 781 5193 Creati
812 5136 1034 5207 quidem
1069 5142 1201 5189 sunt
1230 5132 1433 5203 angeli,
1468 5143 1523 5187 et
1551 5130 1775 5186 obnoxii
1804 5130 2116 5195 mutationi,

530 5233 760 5304 spiritus
814 5229 1117 5307 rationales
1160 5226 1227 5280 ad
1284 5224 1654 5280 ministerium
1698 5222 1878 5289 missi,
1930 5237 2119 5293 quem—

526 5324 824 5380 admodum
869 5322 1046 5393 inquit
1090 5318 1402 5391 diviuorutn
1440 5316 1745 5371 carminum
1797 5323 2011 5378 auctor,
2062 5322 2117 5369 et

526 5432 657 5475 cum
700 5416 820 5485 ipso
858 5412 1069 5467 Paulus
1122 5412 1520 5465 consentiens:
1555 5408 1660 5475 Qui
1718 5407 1850 5476 facit
1898 5408 2113 5477 angelos

528 5506 928 5579 suosspiritus,
970 5513 1025 5557 et
1057 5503 1329 5557 ministros
1368 5516 1491 5555 suos
1542 5499 1675 5569 ignis
1706 5498 1985 5565 ﬂammant
2024 5498 2112 5565 ⁷⁶;

519 5599 729 5668 quibus
759 5598 941 5653 verbis
972 5595 1139 5652 simul
1172 5602 1227 5649 et
1263 5603 1519 5649 naturam
1550 5601 1605 5647 et
1648 5592 1993 5663 majestatem
2020 5608 2114 5649 eo-

2818 4386 3069 4441 ΠΕΥΣῙΣ
3101 4387 3207 4442 ΜΔ¹
3222 4420 3243 4442 ο

2309 4479 2513 4551 ’ἰατρόν
2542 4497 2600 4533 σε
2622 4480 2853 4550 ψυχικὸν
2882 4482 3199 4553 εὑράμενοι,
3224 4479 3430 4545 ἱκανῶς
3452 4480 3541 4535 διὰ
3560 4480 3671 4537 τῶν
3691 4481 3832 4537 ἀπο·

2225 4566 2445 4633 δείξεων
2475 4568 2854 4641 θεραπεύοντα
2878 4571 3037 4642 ἡμῶν
3064 4571 3163 4636 τὰς
3194 4570 3400 4643 ψυχάς,
3433 4571 3529 4626 καὶ⁵
3558 4569 3661 4641 τῆς
3685 4570 3828 4626 πλά-

2226 4676 2323 4729 νης
2362 4662 2649 4732 ῥυόμενον,
2681 4662 2916 4733 δεόμεθά
2946 4679 3041 4717 σου
3090 4661 3411 4735 προσθεῖναι
3467 4663 3581 4725 τοῖς
3612 4660 3827 4732 ῥηθεῖσι

2227 4751 2357 4822 περὶ
2404 4751 2675 4821 ἀγγέλων,
2729 4754 2825 4807 καὶ
2862 4755 2912 4808 εἰ
2955 4752 3221 4825 τάγματά
3250 4752 3404 4806 ἐστιν
3451 4749 3670 4817 αὐτῶν,
3730 4750 3828 4805 καὶ

2226 4841 2389 4897 πόσαι
2414 4842 2573 4914 (14³),
2604 4844 2701 4898 καὶ
2731 4845 2877 4908 τίνες
2903 4844 3001 4917 τὴν
3036 4843 3225 4915 φύσιν,
3260 4842 3358 4898 καὶ
3391 4841 3440 4894 ei
3465 4840 3533 4895 τὰ
3560 4837 3825 4912 μέλλοντα

2225 4930 2419 4986 οἴδασι.

2847 5052 3215 5119 ’Λπόκρισις.

2298 5141 2526 5195 Κτιστοὶ
2569 5143 2667 5211 μὲν
2710 5143 2761 5195 οἱ
2811 5138 3037 5211 ἄγγελοι
3076 5143 3171 5195 καὶ
3218 5143 3481 5215 τρεπτοὶ,
3531 5140 3818 5211 πνεύματα

2226 5226 2423 5295 λογικά
2450 5230 2529 5292 εἰς
2558 5228 2834 5293 διακονίας
2867 5228 3336 5299 ἀποστελλόμενα,
3370 5226 3558 5292 καθώς
3592 5244 3760 5299 φησιν
3788 5228 3818 5280 ὁ

2225 5321 2335 5374 τῶν
2364 5321 2524 5376 θείων
2558 5322 2818 5394 μελῳδὸς,
2854 5324 2949 5376 καὶ
2983 5322 3100 5393 μετ’
3132 5322 3296 5376 αὑτὸν
3331 5320 3563 5386 Παῦλος,
3596 5318 3816 5391 ὁμοφώ-

2223 5434 2327 5479 νως
2353 5433 2366 5445 ·
2418 5414 2471 5468 Ὁ
2509 5414 2700 5471 ποιῶν
2738 5415 2882 5480 τοὺς
2921 5414 3219 5484 ἀγγέλους
3265 5412 3454 5468 αὑτοῦ
3484 5414 3812 5483 πνεύματα,

2224 5506 2325 5560 καὶ
2359 5506 2505 5574 τοὺς
2545 5503 2934 5576 λειτοιιργοὺς
2958 5504 3146 5559 αὐτοῦ
3187 5502 3380 5573 πυρὸς
3422 5503 3650 5573 φλόγα·
3678 5500 3811 5573 ὁμοῦ

2223 5597 2329 5668 τὴν
2360 5598 2524 5667 φύσιν
2559 5598 2653 5651 καὶ
2686 5598 2786 5669 τὴν
2832 5596 2990 5662 ἀξίαν
3027 5592 3337 5667 δηλοῦντες.
3382 5594 3553 5649 Ἑπτά
3587 5594 3644 5649 δὲ
3684 5605 3811 5664 τυτ-

601 5715 650 5748 ¹⁶
684 5714 875 5769 Matth.
906 5726 1030 5778 xm,
1057 5711 1116 5764 8.
1192 5711 1237 5741 '”
1270 5710 1292 5763 Ι
1333 5709 1461 5764 Cor.
1494 5725 1596 5774 stt,
1631 5708 1781 5761 7-H.
1858 5706 1905 5742 ⁷³
1945 5704 2093 5763 Psal.
2128 5736 2130 5755 ι

2237 5713 2341 5781 ,4;
2386 5711 2554 5771 Hebr.
2588 5730 2628 5781 ι,
2669 5716 2720 5769 7.

586 5858 739 5930 μισ)
767 5859 979 5913 Πόσαι.
1003 5855 1163 5913 Forte
1188 5857 1349 5921 πόσα,
1373 5857 1459 5911 vel
1490 5857 1668 5914 πόσοι.
1690 5860 1845 5914 Eutr.
