4020 6302
245 381 343 440 913

247 511 464 578 κάνουσι
493 509 788 580 τάγματα,
830 514 1014 579 καθὼς
1047 517 1248 583 ἰούδας
1272 518 1502 590 ἔγραψε,
1535 522 1630 575 καὶ
1660 525 1688 574 ὁ
1710 525 1849 594 ὑψητ

244 597 337 662 λὸς
365 599 749 670 ἐξαριθμεῖται
807 605 1128 672 ’Δπόστολος
1150 625 1164 642 ’
1193 603 1238 676 ᾧ
1265 612 1358 664 καὶ
1389 613 1647 682 ἑπόμενοι
1679 618 1727 668 ot
1751 617 1851 685 τῆς

249 690 404 755 θείας
428 693 657 766 τελετῆς
691 699 860 767 ἱερεῖς
881 698 1226 769 ἀναφωνοῐωι
1259 705 1378 775 Θεῷ
1399 723 1411 734 ·
1447 706 1527 758 Σὲ
1549 708 1854 776 ὑμνοῦσιν

248 784 516 853 ἄγγελοι,
549 787 944 858 ἀρχείηελοι,
975 794 1177 860 θρόνοι
1196 837 1211 859 ,
1237 786 1617 866 κυριότητες,
1648 800 1853 870 ἁρχαὶ,

249 875 562 940 ἐξουσίαι,
633 876 945 948 δυνάμεις.
1007 882 1130 936 Ὅτι
1180 885 1238 938 δὲ
1293 888 1556 957 τρεπτοὶ,
1617 890 1855 962 ἐναργὴς

250 963 564 1032 ἀπόδειξιςο
621 965 747 1020 Ἐπὶ
783 969 845 1022 τὸ
883 972 1066 1042 χεῖρον
1109 976 1341 1044 τραπεὶς
1388 978 1699 1048 ἀρχέκακος
1732 980 1851 1034 διά-

249 1053 436 1119 ϐηλος,
483 1061 906 1130 συναποστήσας
935 1062 1116 1134 ἑαυτῷ
1157 1065 1377 1144 ἱκανοὺς
1421 1068 1532 1122 τῶν
1577 1071 1851 1140 ἀγγέλων,

249 1144 312 1195 οὐ
347 1145 552 1213 φύσει,
586 1147 725 1202 ἀλλά
769 1149 966 1226 γνώμῃ
995 1154 1309 1233 τραπέντας
1338 1161 1404 1229 τῇ
1437 1158 1727 1234 ὑποσπορᾷ
1757 1147 1854 1218 τοῦ

253 1234 411 1305 σφῶν
437 1240 766 1310 ἡγουμένου,
791 1243 941 1314 αὐτῷ
967 1237 1304 1318 κατάλληλον
1328 1250 1423 1304 τοῦ
1453 1251 1732 1326 δράματος
1757 1256 1856 1327 τὴν

250 1331 634 1410 προσηγορίαν
661 1331 980 1405 δεξαμένου.
1028 1337 1123 1394 Ἐκ
1162 1339 1274 1413 γάρ
1319 1333 1414 1396 τοῦ
1457 1345 1767 1401 διαὸάλλειν
1797 1348 1857 1404 τὸ

249 1419 530 1489 ὁμόφυλον
565 1424 908 1496 φερωνύμως
933 1428 1199 1503 κέκληται
1242 1433 1492 1499 διάϐολος
1513 1453 1526 1468 ο
1559 1438 1739 1493 Σατάν
1762 1441 1820 1494 δὲ
1839 1480 1854 1505 ,

250 1513 320 1564 ἐκ
348 1512 442 1565 τοῦ
469 1513 586 1584 Θεῷ
636 1517 727 1571 καὶ
751 1519 1064 1591 ἀνθρώποις
1100 1525 1443 1581 ἀντικεῖσθαι
1473 1545 1487 1559 ⁸
1513 1529 1595 1582 διὸ
1628 1532 1722 1584 καὶ
1746 1533 1858 1586 τῶν

252 1603 650 1695 ὑπερκοσμίων
683 1609 1099 1681 κατήρειακται·
1140 1617 1235 1669 καὶ
1280 1617 1387 1672 ὑπὸ
1448 1620 1712 1695 ἰεζεκιὴλ
1739 1625 1857 1695 (15)

251 1691 354 1782 τού
389 1695 680 1750 θεσπεσίου
723 1701 832 1754 τῶν
866 1703 1152 1775 Χερουϐὶμ
1182 1710 1454 1782 ἐξηγητοῦ
1495 1691 1848 1780 ὀνειδίζεταιἐ

251 1780 393 1847 Πῶς
419 1783 721 1855 ἐξέπεισας
760 1789 834 1844 ἐκ
878 1793 987 1846 τοῦ
1021 1780 1283 1863 cupas-oi}
1322 1801 1356 1853 ὀ
1414 1803 1725 1874 ἑωσφόρος
1756 1848 1770 1871 ,
1820 1809 1855 1861 ό

223 1874 416 1970 ergo)!
450 1877 848 1970 _draté.1.lwr;
889 1884 1026 1954 ὀμοῦ
1070 1886 1132 1940 τὸ
1150 1890 1396 1968 πυρῶδες
1414 1894 1511 1949 καὶ
1535 1897 1857 1970 φωτιστικδν

250 1963 360 2058 τῆς
392 1965 640 2034 φύσεως,
689 1973 786 2025 καὶ
820 1974 1151 2044 ἡγεμονικὸν
1195 1963 1295 2050 τῆς
1338 1963 1559 2049 τάξεως
1579 1964 1650 2058 τῇ
1687 1990 1859 2044 εικόνι

249 2053 354 2154 τοῦ
710 2065 1016 2134 παριστῶν.
1044 2069 1361 2140 Συμφώνως
1380 2075 1437 2127 δὲ
1459 2053 1646 2148 τούτῶ⁷
1660 2081 1861 2154 Δανιὴλ

255 2143 364 2245 τῂν
401 2149 711 2245 μοχθηρίαν
741 2154 907 2212 αὐτοῦ
940 2156 1266 2228 διαϐάλλων,
1299 2165 1395 2218 καὶ
1431 2143 1540 2238 τῆν,
1560 2143 1862 2245 ὑπαγωγθᾶν

239 2236 376 2290 -τῶν
408 2241 694 2311 ἑπομένων
714 2246 902 2318 φησίν.

1698 353 2042 460 ΒΙΑιΟθυδ
2079 404 2120 460 l.

3453 403 3565 464 9M

1958 541 2082 580 rum
2143 524 2482 596 signiﬁcant.
2547 523 2774 598 Septem
2827 536 2962 580 vero
3007 532 3140 581 sunt
3199 522 3448 589 ordines,
3507 533 3567 579 nt

1957 618 2183 689 scripsit
2208 617 2381 674 Judas
2405 618 2475 685 ν’,
2504 625 2561 674 et
2591 616 2834 674 eximius
2863 625 3154 673 enumerat
3182 617 3480 687 Apostolus
3496 616 3566 678 ⁸⁸,

1955 726 2116 782 quem
2177 720 2232 765 et
2289 719 2603 782 sequuntur
2658 710 2804 765 sacri
2853 708 3098 765 ministri
3150 707 3313 763 oilicii
3371 708 3567 772 divini,

1953 804 2085 856 dum
2124 804 2232 856 alta
2263 803 2508 857 clamant
2538 817 2676 858 voce
2721 803 2791 857 ad
2839 800 3010 856 Deum
3050 821 3062 856 :
3103 801 3172 855 Te
3207 800 3458 854 laudibus
3487 816 3574 854 ce-

1956 893 2164 948 lebrant
2214 894 2421 966 angeli,
2482 893 2831 966 archangeli,
2870 894 3084 958 throni,
3135 892 3566 957 dominationes,

1954 970 2307 1055 principatus,
2342 995 2651 1055 potestates,
2689 990 2931 1042 virtutes.
2965 985 3124 1052 Quod
3158 1001 3288 1040 vero
3329 986 3573 1041 mutabi-

1957 1077 2040 1135 les
2066 1079 2199 1142 siut,
2230 1079 2460 1135 evidens
2487 1089 2573 1135 est
2609 1079 3016 1134 demonstratio
3049 1096 3060 1132 :
3105 1079 3173 1132 ad
3208 1077 3414 1132 malum
3447 1093 3571 1131 ver-

1958 1187 2058 1226 sus
2107 1179 2303 1226 auctor
2335 1171 2426 1225 ille
2474 1169 2602 1224 mali
2638 1171 2921 1233 diabolus,
2963 1185 3155 1225 secum
3211 1168 3277 1224 ad
3311 1169 3576 1225 defectio-

1959 1278 2085 1317 nem
2133 1263 2338 1318 multos
2383 1262 2710 1334 angelorum
2754 1265 3009 1326 trahens,
3047 1278 3157 1317 non
3203 1271 3422 1322 natura,
3473 1264 3568 1317 sed

1958 1357 2245 1414 voluntate
2285 1366 2529 1413 mutatos
2575 1373 2670 1430 per
2696 1357 2860 1414 ducis
2883 1359 2971 1414 s‘ui
3005 1361 3442 1430 suggestionem,
3478 1358 3571 1429 qui

1959 1457 2354 1517 congruentem
2420 1463 2522 1503 suo
2596 1449 2740 1502 facto
2804 1449 3051 1519 suscepit
3121 1449 3574 1518 appellationem.

1958 1538 2095 1593 Nam
2148 1542 2216 1594 ab
2263 1557 2330 1594 eo
2386 1522 2532 1612 quod
2586 1542 2725 1597 alios
2781 1542 2869 1598 sui
2904 1543 3128 1613 generis
3176 1541 3575 1605 calumniatur,

1960 1635 2186 1704 proprie
2217 1633 2539 1691 nominatus
2573 1641 2659 1689 est
2700 1634 3002 1702 diabolus;
3040 1632 3213 1690 Satan
3246 1649 3378 1688 vero
3403 1650 3470 1687 ex
3510 1649 3576 1689 eo

1960 1725 2106 1795 quod
2158 1725 2268 1780 Deo
2321 1733 2376 1781 et
2425 1725 2746 1783 hominibus
2795 1727 3160 1791 adversatur;
3229 1733 3577 1797 quapropter

1963 1817 2130 1871 etiam
2158 1817 2227 1886 de
2273 1818 2414 1872 locis
2438 1805 2560 1875 illis
2598 1820 3048 1875 ultramundanis
3092 1820 3304 1890 ejectus
3346 1828 3431 1876 est
3476 1838 3488 1873 :
3525 1829 3576 1874 et

1965 1907 2110 1978 apud
2159 1907 2509 1965 Ezechielum
2546 1900 2802 1984 [Isaiam]
2840 1910 3089 1966 divinum
3143 1921 3322 1967 vatem
3367 1912 3580 1968 Cheru—

1962 1999 2182 2063 borum,
2241 2001 2460 2070 probris
2508 2003 2812 2058 incessitur
2854 2003 3180 2068 :Quomodo
3228 2003 3478 2056 decidisti
3516 2004 3583 2058 de

1965 2091 2117 2156 caelo,
2157 2093 2369 2161 lucifer,
2406 2097 2498 2165 qui
2529 2112 2683 2149 mane
2713 2095 2973 2150 oriebaris
3001 2098 3084 2148 ⁸ίῖ
3109 2097 3290 2151 Simul
3319 2104 3374 2151 et
3398 2097 3580 2165 ignem

1968 2183 2357 2254 lucentemque
2407 2192 2664 2238 naturam
2715 2184 2860 2254 ejus,
2904 2192 2959 2238 et
3010 2184 3360 2254 principatus
3403 2181 3584 2251 digni-

1971 2280 2163 2336 tatem,
2211 2275 2267 2328 in
2307 2273 2526 2341 ordine,
2573 2290 2672 2346 per
2717 2264 3142 2330 similitudinem
3182 2272 3475 2326 luminaris
3516 2270 3585 2324 il-

247 2327 366 2387 lius
425 2337 769 2405 exprimens.
831 2343 968 2398 Cum
1025 2344 1128 2401 hoc
1176 2356 1361 2404 autem
1415 2357 1778 2414 consentiens
1852 2360 2147 2430 Danielus,
2205 2369 2506 2438 nequitiam
2562 2369 2686 2438 ejus
2734 2369 2999 2429 traducit,
3043 2378 3096 2422 et
3153 2366 3581 2427 subductionem

247 2437 594 2485 sactatorum
634 2437 884 2505 exponit.

338 2521 623 2589 ’Δγνοοῦσι
650 2525 707 2579 δὲ
726 2527 847 2598 ἃμα
874 2527 1084 2601 βροτοῖς
1110 2534 1205 2587 καὶ
1226 2535 1450 2605 ἄγγελοι
1469 2539 1539 2593 τά
1566 2543 1834 2612 μέλλοντα
1851 2566 1865 2580 ·

251 2612 429 2707 μόνης
461 2615 572 2686 γὰρ
600 2617 704 2689 τῆς
752 2618 903 2684 θείας
947 2623 1179 2696 Τριάδος
1233 2628 1529 2695 γινώσκειν
1572 2636 1641 2690 τά
1709 2639 1862 2707 ὄντα,

247 2705 350 2758 καὶ
383 2707 788 2777 προγινώσκειν
841 2711 914 2766 τὰ
938 2715 1197 2784 ισόμενα.
1239 2721 1559 2778 Διακονοῦσι
1596 2727 1655 2780 δὲ
1692 2705 1866 2804 ταύτῇ

246 2797 350 2850 καὶ
392 2800 529 2873 ήμζν
556 2817 570 2830 ·
606 2802 674 2873 τῇ
723 2802 824 2872 μὲν
861 2803 1188 2877 θεοπρεπῶς
1220 2811 1589 2881 δουλεύοντες,
1639 2821 1754 2884 τοῖς
1805 2797 1861 2874 δὲ

245 2891 616 2984 οἰκονομικῶς
637 2933 654 2958 ,
691 2895 829 2966 πρὸς
857 2899 1132 2971 σωτηρίαν
1159 2903 1229 2956 τά
1259 2906 1393 2976 παρ’
1432 2907 1653 2981 ἐκείνης
1695 2929 1864 2984 προσο

246 2983 562 3075 ταττόμενα
582 3003 596 3015 ·
631 2988 762 3051 τοὺς
800 2989 902 3058 μὲν
931 2993 1286 3062 ἀναιροῦντες
1317 2996 1406 3053 διὰ
1439 3000 1638 3054 κακίαν
1676 2983 1863 3075 ἀδιόρ-

251 3073 429 3128 θωτον
452 3117 467 3140 ,
488 3077 642 3141 ὅπως
683 3079 758 3150 μὴ
803 3081 906 3151 τῆς
935 3080 1115 3154 λύμης
1145 3087 1512 3158 ἐμφορεῖσθαι
1550 3094 1682 3157 τοὺς
1707 3073 1860 3164 ἐγγί·

248 3164 451 3232 ζσντας
477 3184 491 3199 ⁸
540 3170 685 3223 κατά
711 3172 841 3236 τοὺς
886 3177 1084 3245 σοφοὺς
1131 3177 1240 3231 τῶν
1271 3179 1497 3253 ἰατρῶν,
1534 3186 1582 3238 οἱ
1627 3187 1735 3257 πρὸ
1767 3187 1862 3241 τοῦ

248 3258 571 3338 διαχεθῆναι
598 3262 741 3316 κατά
764 3266 966 3330 παντὸς
989 3267 1084 3320 τοῦ
1117 3268 1372 3342 σώματος
1405 3273 1503 3346 τὴν
1533 3275 1628 3329 τοῦ
1660 3278 1866 3343 πάθους

251 3349 460 3422 λώϐην,
501 3353 742 3425 καυτῆρι
781 3355 814 3425 ἦ
871 3360 1014 3430 τομῇ
1069 3361 1170 3431 τὴν
1216 3363 1401 3435 ῥύμην
1433 3367 1860 3436 ἀνακόπτοντες.

256 3443 442 3514 Ὅπερ
476 3443 571 3498 καὶ
603 3449 872 3517 γεωργοῖς
902 3450 1304 3520 σπουδάζεται,
1329 3453 1448 3525 ἅμα
1479 3456 1557 3527 τῷ
1585 3460 1865 3514 ἀνατεῖλαι

251 3528 414 3596 αὖθις
448 3532 706 3605 ὲκριζοῦν
736 3536 808 3589 τά
844 3535 1082 3606 ζιζάνια,
1124 3542 1336 3613 μήποτε
1371 3546 1738 3620 συμφυόμενα
1772 3549 1866 3602 καὶ

257 3625 545 3696 ὑψούμενα
565 3665 582 3691 ,
611 3626 705 3679 τὸν
734 3630 882 3683 σῖτον
933 3631 1288 3702 λυμήνωνται
1314 3652 1327 3665 ·
1363 3636 1458 3689 καὶ
1487 3639 1867 3712 ἀμπελουργοι

254 3715 315 3769 δὲ
347 3717 429 3769 ἔτι
460 3718 770 3783 ποάζουσαν
806 3722 938 3791 πρὶν
966 3724 1382 3796 περιπλακῆναι
1403 3730 1470 3800 τῇ
1507 3729 1742 3803 ἀμπέλῳ
1768 3733 1866 3803 τὴν

256 3811 575 3883 ἀγχομένην
616 3813 956 3880 ἀνασπῶσιν,
999 3815 1032 3887 ἢ
1073 3819 1139 3890 τῇ
1185 3818 1431 3892 δρεπάνῃ
1463 3821 1864 3896 ύποτέμνουσι,

256 3898 398 3968 πρὸς
441 3899 503 3952 τὺ
555 3899 634 3972 μὴ
663 3901 758 3954 τδν
801 3902 998 3974 βότρυν
1031 3903 1422 3976 λυμήνασθαι.
1472 3910 1647 3964 Τοῦτο
1696 3916 1793 3968 καὶ
1838 3919 1867 3970 ὁ

254 3989 506 4058 γεωργὸς
537 3990 634 4060 τῆς
670 3991 948 4062 ἡμετέρας
995 3993 1216 4070 φύσεως
1262 3997 1358 4049 καὶ
1395 3999 1495 4069 τῆς
1538 4001 1867 4073 Ἐκκλησίἀς

255 4079 646 4151 ἀμπελουργὸς
675 4084 852 4134 ποιεῖν
883 4083 1073 4137 εῐωθεν
1099 4103 1112 4116 ·
1161 4087 1561 4156 προγινώσκων
1599 4092 1694 4144 τοῦ
1733 4094 1864 4147 ὑπο-

255 4169 444 4222 τίτοου
496 4170 596 4242 τὴν
640 4170 895 4245 ὀλεθρίαν
946 4175 1214 4248 αὔξησιν·
1271 4181 1367 4234 καὶ
1412 4181 1530 4253 ἅμα
1580 4184 1660 4256 τῷ
1700 4185 1866 4255 φῦναι

255 4258 498 4331 ἐκριζῶν
524 4261 619 4315 καὶ
649 4262 913 4317 ἀνασπῶν
945 4267 1036 4319 τὸν
1058 4261 1281 4338 ἑτέρους
1309 4271 1565 4344 ἀνασπᾷν
1600 4276 1866 4345 μέλλοντα

254 4352 502 4422 δράμασι
525 4353 622 4407 καί⁸
645 4353 912 4425 δόγμασιν
934 4357 1213 4424 ἀπωλείας
1235 4351 1248 4390 έ
1272 4361 1304 4432 ἢ
1336 4363 1425 4418 διὰ
1447 4365 1508 4417 τὸ
1532 4368 1865 4439 κουφότερον

255 4445 514 4514 γενέσθαι
547 4446 626 4517 τῷ
655 4449 1043 4522 ἀναιρουμένῳ
1085 4451 1184 4523 τὴν
1223 4453 1584 4529 ὀφειλομένην
1622 4459 1733 4513 τῶν
1769 4462 1860 4531 βε-

251 4537 548 4607 ϐιωμένων
581 4539 840 4609 μάστιγα.
881 4541 945 4594 Ol
982 4541 1093 4614 γὰρ
1123 4543 1356 4600 ἐνταῦθα
1376 4547 1481 4611 τὰς
1503 4548 1739 4616 εὐθύνας
1761 4553 1864 4606 ὕπ-

254 4629 498 4699 ἑχοντες,
531 4632 624 4684 καὶ
655 4632 757 4703 τὴν
777 4633 898 4687 ἐκεῖ
919 4637 1413 4706 προαποτινοῦντες
1440 4642 1578 4712 (15⁸)
1599 4662 1856 4716 ταμιευο-

258 4719 434 4811 μένην
477 4721 654 4793 δίκην,
695 4725 1048 4794 ἀμεθόδευτοι
1094 4728 1314 4783 δοκοῦσί
1347 4749 1439 4801 μοι
1468 4733 1690 4790 ἔσεσθαι
1722 4741 1863 4811 ὑπὲρ

252 4804 337 4866 ὧν
374 4812 804 4884 ἀπολελόγηνται
828 4833 845 4848 ο
876 4818 977 4889 οὐχ
1010 4819 1151 4891 ὑπὲρ
1182 4814 1256 4872 ὧν
1283 4822 1555 4896 διαφόρως
1593 4804 1863 4885 ἀνεῖλενό

258 4903 569 4971 μιαιφόνος,
599 4896 716 4959 ἀλλ’
759 4908 903 4978 ὑπὲρ
943 4903 1006 4963 οὗ
1042 4915 1136 4965 καὶ
1167 4912 1236 4966 δι’
1268 4908 1330 4968 οὗ
1359 4916 1459 4987 τὴν
1493 4920 1588 4973 ἐπὶ
1628 4920 1859 4977 θανάτου

250 4994 464 5070 ἀρτίως
521 4996 810 5066 ὲπάγεται.
872 5001 1185 5073 Ὀφθαλμὸν
1223 5004 1334 5076 γὰρ
1385 5009 1510 5062 ἀντὶ
1551 5011 1858 5084 ὀφθαλμοῦ,

253 5087 354 5140 καὶ
380 5087 574 5142 ὀδόντα
596 5089 718 5142 ἀντὶ
749 5091 982 5158 ὀδόντος,
1013 5096 1111 5148 καὶ⁸
1137 5095 1227 5149 τὸν
1249 5098 1511 5168 ἐκχέοντα
1536 5095 1681 5172 αἷμα
1709 5107 1864 5161 ἀναι-

255 5178 473 5250 ρεῖσθαι
499 5181 530 5233 ὀ
559 5179 702 5244 θεῖος
722 5181 1098 5240 διακελεύεται
1132 5187 1316 5259 νόμος.

2257 2452 2274 2469 ε

2045 2545 2308 2618 Ignorant
2362 2555 2546 2602 autem
2603 2563 2711 2602 una
2762 2563 2889 2602 cum
2940 2545 3261 2602 hominibus
3311 2557 3364 2602 et
3402 2546 3583 2617 angeli

1970 2655 2063 2696 res
2125 2638 2383 2704 futuras;
2452 2638 2629 2694 solius
2674 2639 2822 2694 enim
2874 2648 3082 2694 sancta:
3134 2639 3422 2694 Trinitatis
3473 2647 3582 2702 cst,

1973 2729 2162 2785 omnia
2197 2729 2403 2802 habere
2450 2730 2696 2800 cognita;
2733 2737 2789 2785 et
2837 2730 3101 2799 praescire
3143 2744 3208 2785 ea
3241 2746 3364 2800 qua:
3399 2728 3586 2785 futura

1969 2831 2121 2890 sunt.
2151 2821 2468 2876 Ministrant
2498 2830 2682 2876 autem
2717 2830 2772 2875 et
2797 2823 2930 2880 huic
2969 2830 3025 2876 et
3053 2805 3215 2878 nobis
3252 2840 3266 2876 :
3296 2821 3424 2876 huic
3454 2825 3585 2892 qui-

1970 2910 2118 2977 dem,
2154 2919 2217 2964 ut
2246 2923 2375 2979 erga
2413 2909 2579 2963 Deum
2612 2925 2710 2979 par
2741 2917 2849 2973 est,
2889 2909 3229 2986 servientes;
3259 2908 3420 2964 nobis
3456 2925 3588 2964 vero

1971 3008 2305 3072 praestantes
2347 3015 2410 3053 ea
2443 3016 2567 3070 quae
2601 2999 2668 3076 ad
2717 3001 2955 3056 salutem
3001 3001 3179 3056 nostri
3213 3010 3367 3056 certo
3396 3003 3586 3056 consi-

1972 3092 2047 3147 lio
2092 3093 2231 3162 ipsis
2263 3094 2334 3147 ab
2365 3107 2428 3147 ea
2471 3075 2834 3146 mandantur.
2874 3092 3062 3164 Itaque
3115 3094 3417 3149 nonnullos
3464 3109 3588 3164 pro-

1975 3195 2096 3257 pter
2123 3183 2390 3240 malitiam
2425 3186 2481 3239 in
2514 3201 2622 3255 qua
2652 3185 2842 3242 nullus
2873 3184 3251 3242 emendationi
3282 3187 3438 3242 locus
3478 3200 3583 3251 est,

1976 3280 2279 3350 perimunt,
2305 3293 2371 3334 ne
2397 3281 2632 3349 proximi
2661 3280 2870 3350 quique
2905 3280 3172 3350 perniciei
3210 3281 3586 3350 implicentur,

1969 3379 2029 3425 ut
2061 3370 2367 3444 prudentes
2396 3369 2595 3425 medici
2643 3370 2846 3438 solent,
2881 3371 3000 3442 qui,
3029 3382 3328 3442 antequam
3358 3390 3464 3444 per
3503 3383 3588 3430 to-

1969 3473 2083 3520 tum
2114 3480 2323 3535 corpus
2351 3451 2702 3518 diﬂundatur’
2739 3463 2920 3518 morbi
2956 3465 3176 3529 vitium,
3213 3467 3466 3520 cauterio
3493 3478 3587 3522 aut

1973 3559 2229 3614 sectione
2261 3551 2527 3626 impetum
2558 3556 2683 3624 ejus
2719 3547 3034 3625 amputant.
3062 3556 3121 3610 Id
3147 3557 3297 3626 quod
3334 3557 3405 3614 ab
3434 3563 3586 3630 agri-

1967 3650 2108 3706 colis
2142 3651 2309 3706 etiam
2343 3650 2597 3704 studiose
2624 3649 2977 3727 observatur,
3015 3657 3076 3703 ut
3130 3665 3257 3706 mox
3292 3651 3346 3706 in
3384 3661 3584 3709 exortu

1969 3741 2145 3795 malas
2199 3742 2404 3796 herbas
2459 3740 2768 3804 eradicent,
2804 3756 2874 3795 ne
2931 3740 3074 3797 forte
3123 3743 3290 3798 simul
3342 3753 3485 3800 natae
3531 3757 3587 3802 et

1970 3848 2196 3889 sursum
2231 3833 2549 3895 tendentes,
2589 3833 2841 3887 triticum
2881 3833 3220 3904 opprimant.
3258 3837 3367 3891 Sed
3418 3849 3476 3893 et
3507 3839 3588 3893 vi—

1971 3924 2180 3979 nitores
2213 3923 2441 3978 herbam
2495 3924 2638 3978 vites
2681 3922 3073 3990 suﬂ‘oCantem,
3101 3925 3232 3979 dum
3285 3926 3468 3981 adhuc
3510 3939 3587 3983 le-

1969 4032 2103 4072 nera
2138 4025 2247 4081 est,
2307 4026 2604 4088 antequam
2651 4016 2748 4071 viti
2805 4032 2928 4073 sese
2969 4018 3239 4090 implicet,
3287 4023 3583 4084 revellunt,

1970 4116 2069 4162 aut
2099 4106 2242 4162 falce
2277 4118 2556 4173 resecant,
2581 4125 2651 4165 ne
2689 4123 2794 4163 uva
2829 4110 3086 4165 laedatur.
3108 4110 3239 4170 ~lloc
3263 4121 3316 4166 et
3343 4113 3585 4184 agricola

1971 4199 2064 4255 ille
2112 4208 2320 4256 nostra;
2357 4209 2573 4256 naturae
2619 4209 2676 4256 et
2711 4199 2976 4257 Ecclesiae
3013 4202 3221 4256 vinitor
3257 4202 3444 4259 facere
3490 4220 3583 4261 so-

1972 4288 2067 4344 let.
2111 4287 2430 4346 Prazvidens
2450 4291 2576 4364 ejus
2609 4291 2705 4361 qui
2743 4291 2928 4346 adhuc
2962 4292 3176 4349 lactens
3219 4293 3287 4349 ab
3314 4295 3583 4350 uberibus

1971 4383 2202 4454 pendet,
2257 4384 2633 4454 perniciosum
2681 4385 3125 4451 incrementum,
3177 4387 3401 4442 interim
3448 4387 3580 4442 dum

1969 4477 2194 4540 crescit,
2221 4476 2468 4532 eradicat
2500 4487 2554 4532 et
2594 4479 2781 4533 evellit
2808 4494 2937 4534 eum
2978 4480 3074 4548 qui
3107 4481 3247 4536 alios
3277 4481 3580 4538 evulsurus

1968 4577 2088 4620 erat
2114 4583 2210 4637 per
2232 4583 2399 4638 opera
2432 4578 2486 4623 et
2518 4569 2804 4624 doctrinas
2826 4570 3100 4626 exitiales.
3133 4571 3240 4625 Aul
3265 4583 3580 4642 propterea,

1973 4665 2033 4711 ut
2057 4659 2129 4712 sit
2163 4659 2340 4714 levius
2381 4660 2502 4730 ipso
2530 4661 2754 4716 sublato
2793 4661 3074 4734 ﬂagellum
3107 4663 3233 4720 aliis
3259 4665 3332 4720 ob
3348 4662 3426 4720 'ea
3455 4681 3582 4736 qua:

1973 4752 2029 4804 in
2061 4751 2173 4806 vita
2213 4752 2606 4824 designarunt,
2637 4754 2923 4819 debitum;
2956 4770 3084 4809 nam
3119 4757 3213 4826 qui
3262 4755 3354 4811 hic
3387 4772 3580 4827 poenas

1972 4845 2233 4911 subeunt,
2267 4856 2322 4900 et
2376 4861 2596 4916 pmnam
2635 4848 2838 4903 futurae
2879 4848 3006 4904 vitm
3041 4851 3444 4921 praeveniente-5
3485 4851 3580 4907 de-

1973 4934 2243 5002 pendunt,
2282 4934 2336 4988 in
2366 4950 2465 4989 eos
2506 4936 2640 4990 mibi
2674 4938 2891 4992 videtur
2925 4929 3034 4993 non
3077 4939 3316 5009 amplius
3349 4940 3580 5011 inquisi-

1974 5038 2087 5080 tum
2105 5028 2181 5081 iri
2212 5045 2383 5100 super
2413 5031 2481 5086 iis
2511 5031 2579 5087 de
2607 5032 2813 5102 quibus
2845 5031 3241 5108 satisfecerunt
3273 5052 3285 5088 :
3322 5050 3431 5089 non
3459 5050 3579 5106 pro-

1971 5127 2092 5186 pter
2120 5135 2184 5175 ea
2219 5137 2342 5191 quae
2391 5123 2539 5176 varie
2580 5125 2862 5179 commisit
2921 5124 3221 5191 homicida,
3271 5127 3365 5182 sed
3406 5129 3479 5183 ob
3523 5126 3578 5183 id

1971 5210 2131 5278 cujus
2158 5227 2328 5268 causa
2361 5229 2557 5270 recens
2606 5215 2905 5273 damnatus
2939 5218 3007 5273 ad
3045 5230 3280 5274 mortem
3326 5203 3570 5288 ducitur,

354 5275 584 5380 oculum
631 5276 832 5382 pendat
877 5294 978 5348 pro
1007 5281 1194 5346 oculo,
1238 5283 1458 5342 dentem
1490 5304 1590 5359 pro
1626 5291 1790 5348 dente
1825 5314 1836 5348 :
1866 5298 1992 5356 item
2032 5275 2091 5360 ut
2126 5307 2219 5364 ille
2269 5310 2363 5379 qui
2403 5313 2730 5382 sanguinem
2779 5313 2995 5378 eﬂ'udit,
3047 5275 3449 5384 interﬁciatur,
3484 5275 3569 5374 ιωξ

252 5369 445 5423 divina
481 5370 752 5441 praecipit.

330 5459 440 5512 Καὶ
472 5460 535 5513 τὸ
568 5462 645 5532 μὴ
675 5461 839 5517 πάλιν
865 5464 1066 5531 αὐτοὺς
1089 5467 1522 5542 ἐκτιμωρετσθαι
1544 5476 1684 5552 ὑπὲρ
1713 5482 1847 5536 ἐκεί⁴

2036 5487 2102 5542 Ει
2137 5503 2208 5544 ne
2246 5505 2442 5546 rursus
2473 5488 2644 5547 iidem
2677 5490 2990 5548 alliciantur
3021 5492 3299 5564 supplicio
3343 5496 3569 5567 propter

328 5621 378 5656 "
413 5619 572 5679 Juda:
618 5640 671 5690 ν,
707 5624 764 5680 6.
840 5628 886 5661 ⁸ο
920 5628 1118 5702 Ephcs.
1159 5650 1200 5702 ι,
1231 5636 1337 5706 21;
1376 5639 1592 5699 Coloss.
1626 5662 1665 5712 t,
1704 5648 1789 5704 16.

1970 5650 2060 5705 lsa.
2101 5665 2215 5716 m,
2248 5650 2333 5706 12.

329 5782 378 5866 ί
391 5782 448 5866 5)
485 5784 963 5866 ’Υπρλιεζεκιήλ
985 5791 1168 5866 Locus
1185 5796 1253 5849 ab
1271 5808 1499 5857 auctore
1516 5805 1720 5862 citatus
1741 5826 1849 5866 non

256 5854 442 5910 exstat
467 5854 616 5928 apud
642 5854 1009 5932 Ezechielcm,
1035 5865 1134 5921 sed
1161 5867 1361 5941 legitur
1392 5854 1498 5931 lsa:
1520 5854 1648 5946 in“;
1659 5854 1752 5935 1:2:

2028 5814 2165 5884 (15⁸)
2219 5816 2801 5887 Προαποτινοῦντες.
2833 5817 3002 5877 Forte
3047 5820 3561 5891 προαποτιννὺντες.

1952 5883 2114 5941 Eon.
