4020 6302
439 409 547 467 313

440 529 637 588 eadem
664 526 886 593 delicta,
922 531 1114 599 aperte
1140 525 1387 583 dicitur:
1421 523 1549 582 Non
1582 526 1755 597 capiet
1782 525 2036 581 ultionem

440 625 707 682 Dominus
735 622 813 678 bis
842 622 907 678 de
941 620 1123 678 eodem
1139 621 1207 678 “.
1237 616 1430 692 Neque
1460 621 1607 677 enim
1636 620 1741 675 hoc
1770 616 1915 690 apud
1937 633 2041 674 nos

441 730 660 788 aequum
697 722 809 781 est,
849 714 956 770 sub
995 714 1215 769 duobus
1238 712 1525 783 judicibus
1571 709 1756 781 puniri
1797 708 2038 779 aliquem

442 820 622 861 reum.
665 802 801 859 Nam
846 805 974 858 dum
1008 798 1093 856 hic
1118 802 1453 874 judicamur,
1477 817 1512 854 a
1541 798 1767 853 Domino
1804 799 2040 868 castiga-

443 912 585 962 mur,
630 911 693 949 ne
724 911 845 949 cum
896 894 1091 947 mundo
1134 893 1451 947 damnemur
1471 890 1542 944 ⁸⁸.
1578 889 1646 944 Ει
1674 889 1911 944 eximius
1956 889 2041 942 in-

442 988 565 1059 quit
598 987 897 1057 Apostolus
931 1002 943 1040 :
974 984 1144 1052 Quem
1187 982 1362 1053 diligit
1395 981 1652 1036 Dominus
1710 980 1957 1050 castigat,
1991 988 2042 1032 et

444 1079 665 1148 corripit
716 1094 923 1132 omnem
972 1077 1146 1147 ﬁlium
1187 1093 1339 1148 quem
1378 1074 1691 1145 suscipit“.
1736 1072 1858 1127 Non
1902 1072 2043 1127 alios

445 1168 669 1239 quidem
698 1167 955 1239 suscipit,
988 1168 1125 1223 alios
1154 1182 1286 1222 vero
1315 1166 1535 1237 rejicit;
1569 1164 1665 1221 sed
1697 1165 1789 1218 alii
1819 1162 2041 1233 quidem

448 1259 560 1323 hic,
598 1258 691 1312 alii
740 1273 868 1314 vero
909 1259 1022 1314 illic
1066 1258 1122 1314 id
1175 1257 1405 1323 faciunt,
1464 1256 1792 1327 recipientes
1838 1256 2041 1326 ipsum,

446 1356 545 1401 aut
589 1346 948 1417 repudiantes
982 1362 1080 1419 per
1118 1349 1236 1418 ipsa
1286 1346 1568 1402 mandata.
1610 1344 1730 1400 Non
1767 1346 1912 1400 enim
1957 1342 2043 1397 via

447 1441 600 1510 regia
638 1454 865 1496 causam
892 1440 1097 1510 praebet
1124 1439 1536 1495 offendentibus
1572 1447 1669 1493 aut
1693 1436 2043 1501 cadentibus,

446 1530 549 1586 sed
590 1531 809 1601 ipsimet
843 1531 975 1587 dum
1011 1532 1188 1588 oculis
1229 1534 1735 1602 circumvagantur,
1771 1535 1828 1583 et
1854 1528 2047 1583 incau-

446 1618 524 1676 tis
557 1620 791 1691 pedibus
828 1622 1122 1679 incedunt.-
1143 1620 1369 1677 Tollunt
1399 1620 1569 1691 igitur
1594 1619 1770 1689 angeli
1812 1632 1910 1674 eos
1950 1616 2042 1687 qui

445 1707 510 1765 in
545 1711 755 1765 malitia
784 1721 1161 1781 perseverant,
1206 1716 1539 1768 conservant
1562 1723 1693 1766 vero
1724 1724 1821 1765 eos
1853 1707 1948 1779 qui
1979 1706 2046 1761 ad

446 1798 712 1855 virtutem
748 1817 874 1858 sese
900 1810 1252 1859 convertunt.
1283 1802 1547 1873 Egressus
1608 1800 1755 1855 enim
1785 1806 1864 1855 est
1891 1814 2049 1869 ange-

449 1893 545 1954 lus,
573 1890 788 1947 Domini
805 1907 873 1947 ea:
908 1896 1125 1959 castris,
1154 1903 1205 1948 et
1233 1894 1502 1962 interfecit
1536 1900 1747 1948 centum
1773 1890 2043 1963 octoginta

447 1981 900 2053 quinquemillia
950 1983 1464 2056 alienigenarum",
1519 1983 1781 2055 inquiunt
1828 1980 2051 2037 Littera:

448 2080 647 2130 sacra.
680 2074 819 2131 item
878 2076 1110 2145 angelus
1146 2074 1437 2133 sull‘ocavit
1481 2073 1846 2146 primogenita
1879 2071 2050 2144 IEgy-

448 2166 553 2236 pti.
584 2164 653 2220 Et
703 2166 934 2237 angelus
970 2166 1308 2238 impediebat
1341 2165 1739 2235 profectionem
1779 2163 2049 2229 Bataami,

447 2254 634 2311 euntis
682 2255 753 2309 ad
796 2253 1116 2322 Balaacum,
1149 2265 1211 2311 ut
1236 2255 1407 2312 lsrael
1440 2262 1856 2323 exsecraretur,
1888 2270 2053 2326 quem

456 2344 545 2400 ubi
600 2346 892 2416 conspexit
935 2346 1274 2417 iumentum,
1334 2346 1484 2418 quod
1547 2350 1729 2418 ipsum
1770 2347 2051 2417 portabat,

452 2442 604 2493 metu
632 2429 1088 2509 perhorrescens,
1115 2441 1388 2505 substitit,
1429 2442 1673 2496 humana
1695 2455 1833 2496 voce
1866 2448 2055 2496 vecto-

451 2547 569 2588 rem
619 2534 1051 2605 reprehendens.
1094 2535 1399 2592 Michaelus
1450 2535 1817 2605 archangelus
1858 2534 1925 2611 ad
1966 2531 2057 2587 Je-

453 2639 579 2679 sum
612 2624 762 2682 Nave
789 2627 959 2682 lilium
1005 2629 1285 2695 mittitur;
1316 2627 1608 2683 Gabrielus
1644 2628 1710 2683 ad
1745 2626 2054 2693 Danielum,

457 2722 520 2770 ut
540 2715 999 2787 interpretaretur
1022 2718 1073 2774 ei
1104 2718 1353 2783 somnia;
1388 2716 1459 2771 ad
1491 2716 1841 2782 Zachariam,
1874 2725 1934 2771 ut
1966 2731 2057 2770 an-

452 2798 739 2862 nuntiaret
760 2805 990 2864 Joannis
1036 2809 1416 2875 nativitatem;
1452 2807 1521 2862 ad
1558 2814 1790 2863 matrem
1824 2814 1877 2861 et
1911 2821 2056 2862 sem-

453 2910 556 2969 per
598 2906 915 2954 manentem
960 2898 1231 2969 virginem
1272 2896 1530 2966 Mariam,
1575 2899 1643 2954 de
1670 2898 1768 2953 Dei
1797 2905 1853 2953 et
1888 2894 2056 2953 Verbi

454 2992 864 3061 conceptione;
908 2990 979 3046 ad
1018 2977 1248 3047 Tobiam
1310 2990 1628 3062 Rapbaelus
1673 2989 1934 3053 mittitur,
1978 2988 2057 3043 ad

454 3080 792 3149 portandum
848 3080 973 3152 ejus
1026 3095 1236 3152 peram,
1287 3091 1343 3137 et
1390 3081 1458 3136 ad
1510 3080 1888 3135 comitantium
1922 3094 2057 3149 qua-

454 3169 766 3227 tuordecim
793 3171 934 3239 dies,
959 3186 1301 3243 uxoremque
1320 3170 1619 3241 legitimam
1648 3168 2055 3240 copulandutn;

454 3268 514 3317 et
563 3262 633 3318 ad
687 3262 1058 3335 separandum
1114 3264 1185 3319 ab
1228 3262 1584 3319 interfectore
1639 3260 1887 3317 daemone
1932 3273 2054 3317 eam

457 3366 584 3423 qua:
616 3352 738 3407 viro
758 3367 856 3423 per
884 3353 1068 3424 ipsum
1092 3352 1286 3423 juncta
1321 3360 1465 3417 erat,
1500 3359 1556 3407 et
1588 3351 1659 3407 ad
1692 3349 2054 3423 aperiendum

456 3443 651 3502 oculos
684 3458 884 3502 socero
906 3458 1144 3516 sponsae,
1187 3445 1478 3501 volucrum
1518 3452 1766 3502 stercore
1797 3451 2054 3507 caecatos,

456 3542 517 3593 et
545 3550 810 3609 expressa
849 3538 1020 3608 piscis
1056 3538 1168 3594 bile
1203 3536 1514 3595 restitutos.
1554 3534 1664 3591 Sed
1698 3541 1755 3590 et
1790 3534 1899 3588 alia
1932 3534 2057 3605 plu-

457 3627 604 3683 rima
637 3628 961 3701 angelorum
1004 3628 1258 3686 invenies
1288 3620 1624 3695 ministeria,
1664 3626 1722 3682 in
1755 3625 2059 3682 Abrahami

456 3719 596 3787 vita,
627 3730 683 3777 et
729 3720 921 3786 Mosis.
970 3729 1026 3777 et
1065 3720 1298 3785 Manoae,
1345 3720 1492 3792 apud
1539 3718 1973 3785 Bcthlebemum,
2005 3727 2061 3774 et

458 3825 734 3887 pastores,
793 3817 939 3883 apud
986 3823 1407 3874 monumentum
1457 3814 1687 3885 Christi,
1739 3825 1795 3872 et
1836 3815 1893 3872 in
1937 3814 2058 3885 ejus

458 3908 809 3965 ascensione.

802 3984 1325 4056 tarsumenno
1354 3998 1725 4069 XLV,XLV1.

534 4090 704 4163 Atqui
741 4093 787 4148 si
833 4107 923 4147 res
963 4090 1185 4149 futuras
1233 4093 1493 4163 ignorant
1538 4091 1742 4164 angeli,
1782 4089 2062 4163 quomodo

462 4180 695 4240 Danielo
722 4183 974 4254 praedicit
1016 4184 1068 4238 in
1118 4183 1398 4257 Babylone
1454 4183 1699 4251 Gabriel,
1747 4191 1873 4256 post
1923 4199 2062 4256 qua-

464 4275 791 4347 dringentos
856 4276 1139 4347 octoginta
1191 4282 1425 4348 tresque
1477 4290 1655 4333 annos
1712 4276 2059 4331 nasciturum

465 4365 751 4423 Christum
776 4366 956 4422 ‘iNam
983 4368 1273 4439 sexaginta
1316 4384 1515 4425 novem
1550 4366 1950 4434 hebdomadas,
1994 4367 2064 4425 de

465 4457 672 4530 quibus
707 4458 775 4515 ad
804 4459 995 4530 ipsum
1022 4459 1377 4539 loquebatur,
1404 4458 1753 4530 septuaginta
1788 4473 2062 4515 annorum

468 4548 847 4609 hebdomadas
877 4566 1004 4609 esse
1033 4544 1369 4623 interpretes
1396 4551 1643 4608 tradunt.

1112 4640 1422 4712 Responsio.

542 4731 650 4789 Sed
683 4746 793 4788 non
831 4734 1055 4804 propria
1085 4733 1436 4805 praescientia
1465 4732 1523 4807 id
1549 4731 1846 4801 indicavit;
1870 4746 2061 4789 verum

469 4839 811 4897 quascunque
837 4824 1015 4899 angeli
1053 4840 1085 4879 a
1121 4839 1360 4897 superna
1386 4816 1661 4896 sapientia
1692 4823 1937 4891 discunt,
1970 4824 2064 4879 illa

470 4916 683 4974 dicunt.
722 4914 957 4972 Sanctas
985 4917 1133 4973 enim
1160 4932 1251 4973 res
1273 4931 1305 4972 a
1331 4930 1492 4973 sacra
1527 4914 1796 4972 Trinitate
1818 4915 2061 4983 discunt,

469 5015 527 5064 et
553 5008 625 5063 ab
651 5007 788 5080 ipsis
840 5023 1038 5065 rursus
1080 5007 1355 5077 homines,
1412 5014 1466 5063 et
1495 5007 1566 5065 ab
1614 5007 1931 5066 hominibus
1970 5009 2064 5065 alii

473 5103 597 5155 loco
634 5098 933 5157 inferiores
962 5114 1089 5171 qum
1120 5107 1456 5171 sequuntur.

877 5204 1408 5270 INTERROGATIO
1448 5211 1656 5271 XLVII.

541 5309 598 5365 Si
627 5320 761 5377 ergo
810 5322 905 5376 per
964 5306 1274 5361 doctrinam
1324 5306 1657 5377 percipiunt,
1714 5318 1943 5360 necesse
1980 5312 2067 5361 est

474 5405 625 5471 ipsos
658 5397 860 5453 libellis
914 5404 969 5452 et
1025 5397 1236 5454 chartis
1275 5397 1353 5454 uti
1406 5412 1562 5454 more
1618 5404 1831 5452 nostro.
1889 5394 2068 5451 Voces

471 5490 621 5547 enim
650 5496 705 5545 et
735 5488 953 5544 decreta
986 5503 1098 5544 non
1132 5488 1339 5561 scripta
1378 5503 1506 5544 mox
1542 5487 1808 5545 oblivioni
1840 5487 2066 5543 dantur.

472 5579 610 5639 Nam
645 5581 691 5637 si
720 5594 887 5637 voces
919 5579 977 5635 in
1032 5580 1299 5636 memoria
1358 5579 1643 5635 durabiles
1691 5585 1902 5643 essent,
1956 5593 2069 5633 non

476 5689 614 5731 sane
643 5671 826 5729 Moses
861 5672 918 5727 in
941 5671 1148 5729 tabulis
1178 5672 1411 5744 lapideis
1442 5672 1498 5727 in
1528 5680 1716 5727 monte
1750 5671 1900 5757 ipsas
1929 5670 2071 5727 scri-

1518 408 1577 463 S.
1618 404 2285 476 CIESARllﬁREGOBll
2322 406 2628 466 FRATRIS

3628 397 3747 463 θιο

2145 543 2272 593 νων,
2309 525 2609 599 διαρρήδην
2636 524 2757 599 βοᾷο
2783 526 2904 581 οὐκ
2922 522 3233 593 ἐκδικήσει
3258 521 3477 591 Κύριος
3502 518 3603 601 δίς
3633 517 3743 574 est

2144 618 2211 673 τὸ
2242 617 2415 673 αὐτό.
2441 616 2579 672 Οὐδὲ
2606 615 2717 689 γὰρ
2736 615 2873 687 ,παρ’
2907 616 3041 688 ἡμῖν
3082 611 3238 693 τοῦτο
3270 611 3482 665 δίκαιον
3512 609 3621 665 ὑπὸ
3641 609 3749 664 δύο

2144 710 2351 785 κριτῶν
2384 710 2709 776 κολάζεσθαι
2764 708 2857 763 τὸν
2897 707 3213 763 κατάδικον.
3241 706 3596 784 Κρινόμενοι
3626 702 3746 774 γὰρ

2143 804 2440 871 ἐνταῦθα,
2486 804 2607 871 ὑπὸ
2651 800 2876 871 Κυρίου
2913 798 3334 868 παιδευόμεθα,
3364 797 3468 850 ἵνα
3486 794 3573 865 μὴ
3615 795 3755 848 σῦγ

2144 894 2225 960 τῷ
2276 895 2484 963 κόσμῳ
2533 890 3019 962 κατακριθῶμενο
3079 889 3173 943 καί
3231 904 3395 959 φησιν
3455 888 3483 940 6
3535 885 3747 957 ὑψηλὸς

2158 988 2500 1052 Ἀπόστολος·
2532 988 2635 1041 Ὃν
2658 983 2861 1056 ἀγαπᾷ
2888 985 3127 1053 Κύριος,
3148 982 3437 1035 παιδεύει·
3458 977 3753 1051 μαστιγοῖ

2145 1078 2214 1131 δὲ
2252 1078 2450 1134 πάντα
2477 1078 2616 1132 υἱὸν
2647 1077 2720 1130 ὃν
2750 1074 3169 1144 παραδέχεται.
3200 1074 3435 1136 Uti-eoin;
3468 1074 3564 1143 μὲν
3599 1071 3747 1131 ἀπο-ν

2147 1169 2385 1241 δέχεται,
2417 1172 2543 1234 τοὺς
2568 1170 2625 1223 δὲ
2663 1168 2998 1223 ἀπωθεῖται·
3036 1167 3151 1220 ἀλλ’
3181 1167 3231 1219 oi
3260 1165 3361 1235 μὲν
3402 1162 3662 1228 ἐνταῦθα,
3689 1165 3750 1216 οἱ

2144 1261 2202 1314 δὲ
2252 1261 2370 1314 ἐκεῖ
2400 1259 2561 1315 τοῦτο
2606 1250 2820 1313 ποιὸῦσι
2844 1300 2859 1324 ,
2890 1256 3319 1331 παραδεχόμενοι
3351 1255 3535 1320 αὑτὸν,
3569 1254 3603 1326 ἢ
3635 1254 3752 1307 ἀπ-

2146 1352 2446 1424 ωθούμενοι
2466 1352 2556 1408 διὰ
2578 1351 2689 1407 τῶν
2714 1351 2962 1407 ἐντολῶν.
2988 1351 3063 1405 Οὐ
3090 1351 3199 1423 γὰρ
3226 1348 3375 1404 αἰτία
3407 1350 3440 1418 ή
3472 1345 3754 1416 λεωφόρος

2146 1449 2261 1510 τοῖς
2307 1446 2747 1518 προσκόπτουσιν
2788 1444 2822 1512 ἢ
2871 1444 3184 1505 πίπτουσιν,
3231 1441 3349 1495 ἀλλ’
3391 1441 3592 1492 ἐκεῖνοι
3637 1435 3756 1503 ἔξω

2150 1540 2360 1611 ταύτης
2383 1538 2479 1593 τὸν
2528 1538 2814 1609 ὀφθαλμὸν
2863 1537 3247 1608 περιάγοντες,
3284 1532 3380 1587 καὶ
3410 1530 3758 1602 ἀφυλάκτως

2154 1631 2281 1684 ποσὶ
2314 1629 2641 1702 βαδίζοντες.
2685 1627 2991 1699 Ἀναιροῦσι
3024 1627 3211 1680 τοίνυν
3238 1623 3464 1695 ἄγγελοι
3507 1620 3759 1692 πονηρία

2150 1721 2515 1794 ἐμμένοντας,
2544 1717 2882 1785 διασώζουσι,
2916 1719 2975 1773 δὲ
3029 1718 3159 1783 τοὺς
3192 1719 3279 1771 ἐπ’
3313 1715 3518 1788 ἀρετὴν
3543 1728 3756 1785 τρεπο⁹

2155 1814 2370 1885 μένους.
2410 1812 2669 1881 Ἐξῆλθε
2690 1805 2802 1877 γὰρ
2840 1810 3093 1881 ἄγγελος
3114 1808 3337 1877 Κυρίου
3358 1807 3429 1861 ἐκ
3453 1804 3564 1874 τῆς
3598 1819 3759 1872 παρ-

2151 1898 2435 1974 εμϐολῆς,
2483 1902 2583 1957 καὶ
2617 1899 2861 1955 ἀνεῖλεν
2898 1897 3116 1954 ἑκατὸν
3158 1895 3532 1966 ὀγδοήκοντα
3567 1891 3758 1946 πέντε

2154 1995 2432 2066 χιλιάδας
2472 1994 2859 2064 ἀλλοφύλων,
2914 1991 3080 2064 φησὶν
3129 1992 3163 2063 ἡ
3199 1989 3321 2044 θεία
3366 1986 3594 2057 Πυκτή’
3646 1985 3755 2040 καὶ

2160 2090 2413 2161 ἄγγελος,
2512 2086 2703 2158 φησὶν,
2747 2087 2939 2155 ἐπνιγε
2970 2084 3037 2138 τὰ
3079 2081 3361 2153 Αἰγύπτου
3404 2077 3759 2151 πρωτότοκα,

2153 2180 2249 2233 καὶ
2280 2176 2511 2247 ἄγγελος
2560 2173 2716 2249 εἶργε
2765 2176 2864 2246 τῆς
2893 2174 3119 2245 πορείας
3164 2172 3258 2225 τὸν
3292 2170 3560 2245 Βαλαὰμ,
3613 2166 3764 2237 πρὸς

2155 2269 2377 2325 Βαλαὰκ
2411 2268 2780 2339 πορευόμενον
2819 2266 2912 2322 τὸν
2953 2263 3173 2336 Ἰσραὴλ
3211 2258 3658 2333 καταράσασθαι,
3693 2256 3763 2310 ὃν

2156 2361 2217 2415 τὸ
2242 2362 2408 2434 φέρον
2435 2358 2597 2414 αὑτὸν
2621 2358 2937 2428 ὑποζύγιον,
2965 2356 3323 2427 θεασάμενον,
3352 2354 3429 2425 τῷ
3463 2353 3571 2406 δέει
3604 2348 3761 2418 πτῆ-

2158 2456 2254 2519 ξαν
2290 2452 2614 2505 συνεκάθισε
2636 2492 2649 2514 ,
2690 2449 3010 2521 ἀνθρωπεία
3058 2452 3212 2520 φωνῇ
3258 2448 3351 2501 τὸν
3380 2443 3761 2515 ὲποχούμενον

2156 2539 2452 2611 διελέγχον.
2504 2538 2729 2611 Μιχαὴλ
2770 2540 2799 2592 6
2840 2538 3183 2610 ἀρχάγγελος
3236 2536 3373 2608 πρὸς
3415 2533 3508 2588 τὸν
3546 2530 3766 2603 Ἰησοῦν

2159 2633 2253 2686 τοῦ
2294 2634 2454 2705 Ναυῆ
2493 2631 2893 2687 ἀποστέλλεται
2914 2650 2927 2661 ·
2969 2629 3213 2703 Γαϐριὴλ
3238 2629 3378 2702 πρὸς
3409 2626 3502 2681 τὸν
3532 2622 3767 2695 Δανιὴλ,

2158 2724 2574 2796 διασαφηνίξειν
2624 2724 2775 2794 αὑτῷ
2826 2724 2897 2777 τὰ
2941 2723 3225 2795 ὀνείρατα·
3274 2722 3410 2793 πρὸς
3453 2717 3768 2791 Ζαχαρίαν,

2158 2818 2258 2891 τὴν
2320 2817 2568 2871 Ἰωάννου
2616 2816 2833 2885 γένεσιν
2869 2814 3021 2885 αὑτῷ
3062 2812 3569 2884 εὐαγγελίσασθαν
3619 2810 3772 2882 πρὸς

2159 2910 2258 2981 τὴν
2297 2909 2509 2983 μητέρα
2556 2910 2814 2964 ἀείπαιδα
2865 2909 3125 2981 Μαρίαν,
3167 2908 3299 2979 περὶ
3341 2908 3442 2977 τῆς
3483 2903 3578 2959 τοῦ
3620 2902 3769 2957 Θεοῦ

2161 2984 2337 3071 Λόγου
2370 3001 2689 3073 συλλήψεως
2709 3018 2723 3031 ⁸
2768 3000 2904 3073 πρὸς
2939 3001 3032 3055 τὸν
3073 2998 3255 3070 Τοϐὴτ
3286 2999 3315 3052 6
3362 2996 3629 3067 Ῥαφαὴλ,
3658 2994 3773 3067 τὴν

2160 3095 2346 3165 πήραν
2369 3092 2535 3148 αὑτοῦ
2569 3092 2864 3164 βαστάσαι,
2896 3092 2992 3145 καὶ
3020 3089 3341 3145 συνοδεῦσαι
3370 3089 3640 3160 τέτταρας
3660 3087 3778 3142 καὶ

2163 3185 2296 3239 δέκα
2329 3184 2544 3257 ἡμέρας
2565 3225 2579 3250 ,
2616 3184 2713 3239 καὶ
2746 3183 2969 3254 γυναικὶ
2993 3181 3213 3254 νομίμῳ
3245 3180 3504 3251 συνάψαι,
3538 3179 3633 3237 καὶ
3660 3176 3770 3234 τοῦ

2164 3278 2522 3351 ἀνδροκτόνου
2561 3277 2819 3350 δαίμονος
2872 3274 3148 3342 διαξεῦξαι
3177 3275 3278 3346 τὴν
3328 3273 3408 3344 τῷ
3442 3271 3599 3344 ἀνδρὶ
3637 3287 3777 3324 συν-

2165 3371 2455 3442 αφθεῖσαν,
2486 3370 2583 3424 καὶ
2609 3370 2704 3424 τοῦ
2735 3369 2996 3442 κηδεστοῦ
3025 3369 3121 3440 τῆς
3150 3386 3221 3441 γη
3232 3369 3414 3440 μάσης
3448 3365 3779 3437 ὀφθαλμοὺς

2165 3461 2379 3530 ἀνοῖξαι
2432 3460 2657 3533 πτηνῶν
2704 3458 2901 3533 ἁφοδία
2955 3459 3336 3533 πηρωθέντας.
3395 3459 3511 3513 Kal.
3567 3456 3779 3529 ἑτέρας

2167 3553 2429 3617 πλείστας
2482 3553 2610 3624 περὶ
2644 3551 2895 3623 ἀγγέλων
2928 3552 3186 3623 εὑρήσεις
3231 3548 3510 3614 διακονίας
3541 3549 3636 3603 ἰπὶ
3664 3546 3783 3603 τοῦ

2179 3645 2465 3718 Ἀϐραὰμ,
2508 3646 2603 3700 καὶ
2645 3644 2925 3709 Μωσέως,
2960 3644 3058 3698 καὶ
3104 3645 3339 3709 Μανωὲ,
3376 3643 3473 3695 ἐπὶ
3516 3641 3615 3712 τῆς
3652 3640 3781 3713 Bn-

2168 3736 2367 3809 θλεὲμ,
2408 3737 2505 3791 καὶ
2540 3735 2651 3791 τῶν
2693 3736 2990 3809 ποιμένων,
3032 3736 3127 3791 ἐπὶ
3151 3735 3250 3791 τοῦ
3291 3733 3440 3789 θείου
3477 3734 3809 3805 μνήματος’

2169 3830 2266 3884 καὶ
2298 3829 2642 3901 ἀναλήψεως.
3638 3850 3643 3854 ~

2681 4006 2935 4061 uersis
2983 4007 3257 4075 ME,MC;".

2240 4101 2351 4156 Kal
2377 4102 2427 4155 si
2453 4099 2713 4169 ἀγνοοῦσι
2734 4099 2803 4154 τὰ
2833 4098 3095 4171 μέλλοντα
3128 4099 3179 4150 οἱ
3210 4096 3457 4166 ἄγγελοι,
3489 4093 3605 4160 πῶς
3628 4112 3780 4168 προ-

2168 4195 2317 4263 λέγει
2350 4196 2379 4248 ὀ
2409 4192 2651 4265 Γαϐριὴλ
2680 4193 2740 4267 ἐν
2775 4192 3059 4247 Βαϐυλῶνι
3091 4190 3172 4263 τῷ
3200 4190 3424 4261 Δανιὴλ,
3462 4188 3605 4261 μετὰ
3638 4192 3784 4259 υιιγθ

2171 4286 2269 4357 ἐτη
2302 4285 2597 4355 γεννᾶσθαι
2622 4284 2715 4339 τὸν
2739 4284 3006 4357 Χριστόν;
3027 4284 3140 4346 Τὰς
3172 4282 3283 4355 γὰρ
3316 4282 3583 4353 ἑξήκοντα
3605 4282 3781 4337 ἐννέα

2172 4377 2476 4451 ἑϐδομάδας
2495 4417 2512 4444 ,
2544 4377 2614 4439 ἃς
2644 4375 2795 4448 αὐτῷ
2816 4372 2999 4444 εἶπεν,
3032 4375 3170 4449 ἐτῶν
3195 4374 3569 4447 ἑϐδομήκοντα
3593 4372 3782 4447 ὑπάρ-

2166 4488 2283 4541 χειν
2316 4470 2489 4533 αὺτάς
2514 4470 2564 4522 oi
2584 4466 2853 4540 ἑρμηνεῖς
2879 4467 3240 4538 διεσάφησαν.

2775 4647 3145 4717 Ἀπόκρισις.

2259 4739 2399 4795 Ἀλλ’
2435 4741 2538 4794 οὐκ
2571 4738 2753 4812 οίκείᾳ
2796 4737 3107 4807 προγνώσει
3143 4735 3306 4791 τοῦτο
3336 4736 3571 4809 ἔφραζεν
3592 4749 3605 4765 ⁶
3648 4734 3783 4791 ἀλλ’

2174 4833 2276 4886 ὅσα
2302 4832 2454 4904 παρὰ
2482 4833 2582 4903 τῆς
2611 4830 2725 4886 ἄνω
2750 4831 2946 4902 σοφίας
2969 4829 3339 4895 παιδεύονται,
3363 4830 3546 4885 ἐκεῖνά
3572 4845 3779 4898 φασιν.

2180 4924 2437 4994 Ἄγγελοι
2464 4924 2574 4995 γὰρ
2618 4921 2771 4995 παρά
2801 4922 2902 4993 τῆς
2934 4920 3087 4985 θείας
3119 4920 3353 4993 Τριὰδος
3388 4920 3741 4974 διδάσκονται
3760 4958 3781 4987 ,

2178 5016 2309 5089 παρ’
2338 5015 2531 5071 αὐτῶν
2554 5014 2612 5070 δὲ
2642 5012 2941 5085 ἅνθρωποι,
2966 5015 3096 5085 παρ’
3122 5013 3281 5085 ἡμῶν
3307 5014 3365 5067 δὲ
3396 5012 3469 5067 τὰ
3505 5012 3781 5083 ἑπόμενα.

2758 5212 3012 5268 ΠΕΥΣΙΣ
3046 5214 3177 5268 ΜΖ’.

2248 5304 2312 5356 Εἰ
2338 5296 2430 5356 οὖν
2468 5301 2712 5357 διδακτοὶ
2755 5304 2922 5369 εἰσιν,
2957 5303 3174 5374 ἀνάγκη
3201 5302 3403 5366 αὐτοὺς
3439 5301 3644 5367 δέλτοις
3673 5304 3785 5361 καὶ

2178 5394 2411 5465 χάρταις
2439 5392 2741 5465 κεχρῆσθαι
2771 5393 2895 5449 καθ’
2933 5396 3103 5466 ἡμᾶς.
3134 5394 3316 5449 Φωναὶ
3345 5394 3456 5466 γὰρ
3485 5395 3581 5448 καὶ
3600 5394 3786 5467 ψῆφοι

2181 5485 2256 5556 μὴ
2286 5483 2660 5557 γραφόμεναι,
2692 5486 2908 5557 ταχέως
2936 5484 3077 5559 λήθῃ
3123 5486 3531 5559 παραδίδονται.
3565 5487 3628 5541 Εἰ
3661 5487 3786 5563 γὰρ

2176 5578 2244 5647 τῇ
2278 5576 2470 5646 μνήμῃ
2501 5574 2814 5647 παρέμενον
2866 5576 2921 5629 αἱ
2959 5576 3169 5645 φωναὶ,
3216 5576 3321 5630 οὐκ
3359 5573 3426 5629 ἂν
3465 5573 3670 5647 Μωσῆς
3716 5578 3785 5635 ιν

2183 5663 2349 5729 πλαξὶ
2378 5663 2609 5729 λιθίναις
2656 5667 2751 5719 ἐπὶ
2802 5664 2897 5719 τοῦ
2937 5665 3100 5737 ὅρους
3154 5664 3549 5737 γεγραμμένας
3601 5662 3783 5736 αὐτὰς

549 5857 593 5889 ³³
622 5854 835 5911 Nabum
876 5873 911 5924 ι,
938 5857 971 5910 9
1070 5858 1113 5889 ⁵³
1153 5856 1320 5914 lCor.
1355 5858 1550 5923 31,32.
1631 5856 1674 5887 ⁸³
1716 5842 1879 5912 ilebr.
1920 5871 2015 5925 xu,

2189 5857 2232 5889 ⁸⁵
2273 5854 2407 5927 Reg.
2446 5868 2559 5923 XIX,
2595 5853 2682 5910 55.
