4020 6302
246 376 350 439 οη

254 492 493 559 [Mearm
538 491 747 548 τούτων
771 491 826 546 δὲ
868 486 1292 572 συντριϐέντων,
1318 493 1590 566 δευτέρων
1631 497 1733 566 οὐκ
1762 496 1830 551 ἂν

248 584 465 656 iason.
491 585 543 638 el
570 585 641 640 τὰ
664 585 723 639 ἐν
742 586 863 648 ταῖς
891 583 1138 653 πρώταις
1164 585 1445 654 γραφέντα
1472 585 1828 655 ἔμνημόνευε.

872 762 1228 829 Ἀπόκρισις.

320 850 532 921 Μωσῆς
567 851 672 919 μὲν
697 852 757 904 ὲν
780 853 903 914 ταῖς
950 850 1117 917 πλαξὶ
1163 850 1297 905 δέκα
1334 850 1527 919 λόγους
1559 850 1719 904 θείων
1750 849 1838 902 δο-

250 942 501 1013 γμάτων,
557 940 727 1012 χωρὶς
768 940 1126 1013 λα’ξευτηρίου
1171 942 1206 1013 ἢ
1250 942 1516 1013 γραφίδος
1566 940 1696 1013 θείῳ
1744 942 1839 996 δα-

251 1031 439 1103 κτύλῳ
464 1032 879 1104 ὲντορευθέντας
900 1032 1137 1109 ἐδέξατο.
1166 1032 1359 1096 Πῶς·δ’
1391 1035 1421 1086 ὁ
1446 1032 1608 1097 αὐτος
1632 1034 1840 1104 γέγρα-

250 1139 380 1193 φεν,
406 1121 551 1196 ἅπερ
574 1125 713 1198 μόνῃ
740 1127 807 1195 τῇ
836 1125 1028 1197 μνήμῃ
1050 1110 1342 1195 κατασχὼν
1371 1124 1511 1177 Θεοῦ
1541 1124 1842 1193 φάσκοντος

253 1216 389 1286 περὶ
425 1216 634 1286 κόσμου
664 1215 971 1285 γεννήσεως
998 1231 1013 1281 ;
1059 1213 1180 1277 πῶς
1208 1213 1266 1267 δὲ
1297 1214 1487 1286 μνήμῃ
1534 1214 1843 1267 ὲντυπωσά-

256 1321 425 1375 μενος
454 1304 553 1376 τὴν
602 1303 1060 1374 παραδειχθετσαν
1088 1302 1181 1355 ἐπὶ
1214 1302 1313 1373 τῆς
1348 1302 1658 1373 ἀκρωρείας
1693 1301 1842 1355 θείαν

256 1394 468 1465 σκηνὴν
505 1393 594 1448 διὰ
625 1393 719 1446 τοῦ
770 1392 929 1462 λόγου
974 1391 1068 1445 τὸν
1101 1390 1365 1461 Βεσελεὴλ
1416 1390 1725 1456 ἐπαίδευσε,
1773 1390 1842 1443 δι’

254 1484 396 1555 ὕλης
426 1464 526 1555 τὴν
566 1483 740 1539 eam
761 1464 1137 1556 μιμήσασθαις
1187 1481 1306 1547 πῶς
1342 1483 1398 1535 δὲ
1440 1482 1535 1536 καὶ
1566 1482 1770 1546 πάντες
1794 1484 1842 1535 οί

254 1577 543 1631 θεσπέσιοι
569 1576 847 1648 προφῆται
880 1572 1286 1628 καὶυάπόστολοι
1308 1612 1321 1636 ,
1353 1574 1415 1625 οὑ
1446 1571 1536 1625 διά
1584 1571 1843 1642 μαθημά-

254 1686 394 1732 των,
423 1668 539 1722 ἀλλ’
569 1668 645 1728 ὡς
678 1666 860 1730 αὐτοῖς
896 1669 924 1720 ὁ
944 1665 1116 1734 Λόγος
1159 1665 1412 1736 ὲνήχησε,
1439 1664 1533 1717 καὶ
1557 1667 1624 1735 τῇ
1656 1665 1844 1735 μνήμῃ

255 1756 566 1832 παρέθεντο
587 1798 601 1825 ,
632 1760 698 1829 τῇ
730 1757 1024 1827 οἰκουμένῃ
1055 1756 1374 1827 ἐκήρυττον,
1407 1754 1681 1818 Γαλιλαῖοι
1716 1770 1845 1806 παι-

262 1850 460 1903 δευταί
493 1847 792 1919 Ῥωμαίοις
819 1846 1227 1917 ἐπιφοιτῶντες,
1257 1846 1393 1916 πρὸς
1420 1846 1652 1899 ἕκαστον
1694 1844 1849 1909 ἔθνος

253 1944 329 2014 τῇ
362 1940 577 2014 γλώττῃ
611 1936 1107 2010 μετατυπούμενοι;
1130 1935 1336 2008 Πάρθοι
1362 1936 1492 2009 γὰρ,
1525 1934 1618 1988 καὶ
1644 1935 1843 2006 Μῆδοι,

257 2032 361 2086 καὶ
397 2030 679 2100 Ἐλαμῖται
721 2029 815 2083 καὶ
842 2028 923 2082 τὰ
957 2026 1120 2080 λοιπά
1159 2026 1286 2097 ἔθνη
1317 2028 1516 2097 ἢκουον
1555 2028 1655 2098 τῆς
1694 2026 1847 2096 σφῶν

257 2122 547 2176 διαλέκτου
576 2121 809 2183 ἕκαστος
836 2120 1145 2173 λαλούντων
1166 2119 1235 2171 τά
1273 2119 1537 2190 μεγαλεῖα
1569 2118 1662 2171 τοῦ
1684 2118 1843 2171 Θεοῦ.

259 2214 448 2287 ’Δπερ
487 2213 550 2266 οὑ
604 2214 966 2284 γραμματικῇ
1006 2210 1260 2281 παιδείᾳ,
1312 2208 1448 2263 ἀλλὰ
1501 2212 1850 2280 πνευματικῇ

255 2304 517 2375 ἐνεργείᾳ
554 2305 872 2373 ἐκήρυττον.
907 2300 1188 2372 Ὠφθησαν
1222 2299 1329 2372 γὰρ
1373 2298 1559 2362 αὐτοῖς
1596 2300 1846 2373 διαμερι-

257 2394 490 2465 ζόμεναι
533 2393 798 2470 γλῶσσαι
825 2393 960 2445 ὡσεὶ
1016 2392 1189 2463 πυρὸς
1235 2390 1610 2462 (πεντηκοστῇ
1642 2390 1700 2443 δὲ
1740 2390 1849 2460 ’τῆς

259 2486 638 2551 ἀναστάσεως,
662 2485 863 2555 δεκάτῃ
892 2483 948 2536 δὲ
979 2484 1079 2553 τῆς
1106 2480 1428 2550 ἀναλήψεως
1448 2482 1487 2544 )°
1521 2481 1631 2536 Καὶ
1650 2480 1849 2534 ἐκάθι-

259 2592 383 2633 σεν
399 2578 491 2647 ἐφ’
520 2577 631 2645 ἕνα
655 2577 918 2631 ἕκαστον
945 2574 1163 2641 αὐτῶν,
1192 2576 1357 2645 φησὶν
1385 2576 1415 2629 ὁ
1439 2573 1580 2637 θεῖος
1607 2574 1846 2638 Λουκᾶς,

263 2668 499 2742 Mope?»
530 2670 601 2723 τά
626 2670 749 2723 κατ’
788 2667 1003 2729 αὐτούς.

1664 379 2005 441 DIALOGUS
2042 378 2083 438 1⁵.

3412 382 3514 438 913

1940 507 2063 575 ptas
2095 496 2437 575 accepisset,
2466 496 2646 569 iisque
2675 497 2995 565 confractis,
3060 500 3184 556 aliis
3226 514 3333 556 non
3376 498 3518 553 fuis-

1936 595 2015 647 set
2043 586 2205 658 opus,
2237 586 2513 659 siquidem
2562 603 2754 645 eorum
2803 606 2925 662 quae
2966 591 3023 645 in
3062 592 3345 661 prioribus
3378 590 3518 647 scri-

1939 677 2116 751 pturis
2155 685 2335 742 erant,
2366 694 2579 735 memor
2600 680 2816 737 fuisset.

2572 768 2882 841 Responsio.

2013 856 2192 916 Moses
2207 859 2443 931 quidem
2477 861 2532 915 in
2564 862 2767 917 tabulis
2798 860 3049 933 DecaIOgi
3072 864 3383 919 divinorum
3418 862 3515 914 de-

1940 960 2214 1005 cretorum
2242 951 2451 1021 absque
2473 952 2752 1029 crelatorio
2765 953 3126 1023 scriptoriove
3145 954 3516 1008 instrumenta

1940 1036 2113 1107 digito
2137 1036 2230 1092 Dei
2259 1038 2573 1108 exsculptas
2601 1053 2762 1109 voces
2793 1040 3024 1110 accepit.
3072 1039 3358 1107 Quomodo
3390 1054 3521 1095 vern

1943 1123 2087 1179 idem
2128 1124 2479 1194 perscripsit,
2516 1124 2597 1183 de
2639 1126 2755 1181 sola
2789 1127 3055 1182 memoria
3097 1137 3352 1197 prompta
3386 1142 3524 1196 quae-

1943 1207 2160 1280 cdnque
2190 1208 2336 1266 Deus
2369 1205 2605 1281 protulit.
2641 1212 2709 1268 de
2740 1213 2957 1283 origine
3002 1215 3232 1269 mundi?
3275 1224 3368 1268 aut
3397 1230 3526 1283 quo-

1945 1300 2109 1356 modo
2138 1315 2235 1371 per
2273 1302 2593 1357 memoriam
2637 1319 2901 1375 expresso
2937 1306 3055 1373 illo,
3107 1308 3252 1377 quod
3305 1307 3528 1361 demon-

1946 1400 2178 1447 stratum
2209 1402 2327 1448 erat
2352 1393 2454 1463 ipsi
2489 1394 2545 1463 in
2594 1403 2781 1451 monte
2813 1396 3227 1453 tabernaculum
3283 1398 3526 1464 divinum

1946 1482 2199 1536 oratione
2246 1482 2364 1536 sola
2399 1482 2738 1540 Beseleelum
2773 1486 2963 1541 docuit
3005 1502 3099 1556 per
3149 1487 3436 1543 materiam
3475 1488 3526 1541 id

1948 1571 2175 1636 imitari,
2197 1572 2351 1643 quod
2377 1581 2498 1627 erat
2528 1590 2727 1645 expers
2743 1578 3026 1632 materiae?
3073 1577 3359 1643 Quomodo
3403 1579 3529 1632 item

1948 1678 2142 1721 omnes
2180 1664 2351 1719 divini
2390 1674 2543 1721 vates
2580 1674 2638 1721 et
2681 1668 2939 1737 apostoli,
2986 1684 3096 1727 nun
3143 1684 3238 1737 per
3284 1670 3533 1738 discipli-

1949 1767 2071 1819 nas,
2104 1754 2200 1810 sed
2235 1756 2699 1826 quemadmodum
2749 1758 2805 1811 in
2837 1758 2975 1827 ipsis
3008 1756 3245 1812 Verbum
3276 1761 3530 1822 sonabat,

1954 1844 2087 1900 licet
2115 1846 2322 1916 aliquid
2350 1848 2703 1909 inmemoria
2737 1858 3087 1919 reponerent,
3116 1851 3237 1905 orbi
3263 1842 3532 1905 terrarum

1955 1934 2350 2007 praedicabant,
2386 1937 2592 1994 Galilaei
2643 1939 2899 1997 doctores
2934 1956 3059 1995 cum
3100 1939 3365 1998 Romanis
3412 1957 3535 1996 eon-

1955 2028 2303 2103 suetudinem
2359 2027 2646 2094 babentes,
2704 2031 2889 2100 lingua
2952 2031 3179 2087 cuilibet
3224 2032 3369 2102 genti
3397 2046 3532 2086 con.

1955 2116 2161 2175 formes
2195 2120 2397 2175 fiebant
2420 2124 2439 2177 ?
2460 2119 2647 2175 Parthi
2675 2122 2844 2187 enim,
2878 2131 2935 2179 et
2980 2123 3144 2187 Medi,
3185 2134 3238 2179 et
3270 2123 3537 2192 Elamitar,

1954 2218 2009 2264 et
2034 2209 2258 2279 reliquae
2287 2216 2478 2279 gentes
2511 2209 2808 2271 audiebant
2850 2213 3087 2283 quisque
3130 2214 3216 2269 sui
3264 2216 3537 2270 sermonis

1958 2299 2131 2353 forma
2176 2298 2518 2368 proferentes
2558 2301 2708 2370 ipsos
2761 2304 3177 2373 amplitudinem
3226 2320 3407 2361 rerum
3450 2305 3535 2359 di~

1958 2390 2230 2456 vinarum,
2287 2406 2427 2459 quas
2478 2407 2588 2447 non
2643 2408 2740 2463 per
2790 2393 3138 2466 disciplinam
3188 2397 3541 2458 litterariam,

1956 2477 2052 2535 sed
2078 2493 2175 2548 per
2210 2477 2587 2536 eﬂiracitatem
2614 2497 2679 2536 ac
2709 2483 2816 2537 vim
2858 2485 3157 2555 quamdam
3195 2486 3539 2555 spiritualem

1959 2570 2350 2640 praedicabant.
2384 2569 2709 2642 Conspectus
2739 2574 3058 2629 sunLenim
3098 2574 3153 2629 in
3180 2576 3318 2645 ipsis
3345 2575 3539 2631 divisa:

1958 2662 2159 2733 linguae
2188 2663 2336 2718 velut
2364 2662 2557 2734 igneae,
2575 2678 2768 2733 nempe
2793 2666 3248 2738 quinquagesima
3278 2667 3369 2722 die
3398 2681 3428 2720 a
3455 2681 3538 2719 re.

261 2764 633 2829 surreetione,
665 2762 881 2817 decima
914 2776 1044 2817 vero
1076 2760 1147 2815 ab
1189 2758 1534 2815 ascensione.
1576 2754 1647 2810 Et
1697 2754 1832 2811 sedit
1888 2769 2517 2827 superuaumquemque
2555 2756 2788 2826 ipsorum
2836 2758 2903 2824 ⁸⁸,
2944 2758 3122 2830 inquit
3150 2757 3311 2814 divus
3340 2756 3541 2822 Lucas,

260 2866 456 2912 eorum
480 2868 750 2911 cnarrans
778 2862 951 2924 gesta.

856 2961 1105 3017 ΠΕΥΣΙΣ
1130 2961 1273 3017 MH'.

345 3052 408 3107 Ei
439 3049 723 3121 ἀσώματοί
757 3053 894 3105 εἰσιν
926 3051 976 3104 οἱ
1017 3048 1240 3119 ἄγγελοι
1260 3088 1276 3115 ,
1328 3049 1447 3116 πῶς
1481 3049 1701 3119 γυναιξὶ
1730 3048 1853 3120 ἑμί-

267 3138 559 3211 γησανιὲξ
586 3132 663 3195 ὧν
698 3142 964 3210 προῆῗ’⁰ο-)
997 3139 1048 3192 οι
1074 3141 1361 3209 γίγαντες;
1404 3139 1521 3204 πῶς
1546 3140 1601 3193 δὲ
1628 3139 1725 3193 καὶ
1758 3139 1856 3192 ἀν-

261 3226 475 3297 θρωττοι
500 3229 613 3291 τοῖς
643 3228 819 3296 ἁγίοις
856 3230 1159 3299 φαίνονται,
1201 3232 1356 3302 εῐπερ
1389 3230 1672 3302 ἀσώματοί
1700 3231 1843 3298 eiet;

261 3317 402 3386 Φησὶ
441 3318 549 3389 γὰρ
581 3321 614 3389 ἡ
658 3319 778 3373 θεία
808 3321 1037 3391 Γραφή’
1074 3322 1183 3377 Καὶ
1230 3321 1526 3391 εἰσῆλθον
1575 3323 1693 3377 υίοὶ
1742 3321 1851 3375 τοῦ

262 3406 419 3461 Θεοῦ
446 3410 596 3477 πρὸς
640 3410 750 3478 τὰς
782 3412 1110 3483 θυγατέρας
1153 3412 1272 3468 τῶν
1298 3414 1642 3484 ἀνθρώπων,
1680 3412 1741 3478 ἐξ
1771 3405 1847 3467 ὧν

263 3498 482 3568 λέγουσί
509 3519 651 3566 τινες
678 3505 969 3573 γεννᾶσθαι
993 3506 1119 3570 τοὺς
1145 3505 1428 3576 γίγαντας.

896 3669 1251 3739 Ἀπόκρισις.

356 3758 666 3831 Ἀσώματοι
717 3761 816 3831 μὲν
849 3761 901 3813 oi
944 3760 1168 3830 ἄγγελοι
1218 3760 1347 3818 καθ’
1384 3762 1535 3833 ἡμᾶς
1562 3780 1576 3796 °
1610 3762 1770 3835 σῶμα
1802 3762 1860 3816 δὲ

272 3852 398 3908 καθ’
418 3854 667 3918 ἑαυτοὺς,
682 3852 758 3916 ὼς
774 3852 997 3924 ἄνεμος,
1025 3852 1257 3925 ἢπῦρ,ἢ
1279 3854 1505 3920 καπνὸς,
1528 3854 1561 3926 ἢ
1584 3855 1713 3926 ἀήρ.
1744 3854 1859 3908 Σώ-

273 3957 425 4010 ματα
452 3940 562 4012 γὰρ
609 3941 915 4013 ὑπάρχουσι
954 3941 1129 3996 λεπτὰ
1165 3943 1261 3996 καὶ
1292 3941 1433 3997 ἀῦλα
1466 3941 1575 4009 ἔξω
1599 3943 1698 4012 τῆς
1723 3945 1859 4014 ἡμε-

270 4032 436 4099 τέρας
474 4031 783 4105 παχύτητος
802 4049 817 4065 ο
842 4030 1090 4102 Σώματα
1118 4025 1599 4103 γάρ⁹ἐπουράνια,
1628 4032 1726 4086 καί
1753 4032 1861 4086 σώ-

264 4140 429 4191 ματα
473 4124 726 4193 ἐπίγεια,
763 4124 929 4195 φησὶν
959 4124 988 4176 ὁ
1029 4123 1174 4195 ἱερὸς
1235 4123 1577 4188 Ἀπόστολος.
1627 4125 1860 4177 ’Ἄτοπον

265 4209 330 4263 δὲ
358 4210 452 4263 καὶ
494 4210 678 4279 πάσης
706 4210 891 4284 ἀνοίας
916 4249 933 4276 ,
964 4209 1352 4279 συγκαθεύδειν
1386 4211 1584 4277 αὐτοὺς
1616 4212 1860 4280 γυναιξὶν

266 4301 508 4355 οἴεσθαιο
549 4300 674 4355 ἐπεὶ
701 4299 767 4355 ἂν
798 4300 892 4354 καὶ
915 4300 1180 4372 δαίμονας
1204 4302 1590 4372 συγκαθεύδειν
1611 4304 1859 4372 γυναιξὶν

265 4391 500 4449 οἴονται,
528 4393 737 4465 Οὐ’γάρ
757 4381 857 4465 τῆν
885 4393 1069 4465 φύσιν,
1102 4394 1240 4448 ἀλλά
1261 4395 1361 4467 τὴν
1392 4394 1548 4461 τάξιν
1568 4394 1855 4450 ἀπέλιπον⁸

264 4485 393 4539 οὐδὲ
418 4484 513 4537 τοῦ
542 4484 825 4556 μεγέθους,
871 4483 1011 4539 ἀλλά
1042 4484 1145 4555 τῆς
1181 4485 1496 4557 παρρησίας
1521 4488 1851 4559 ἀφῄρηνται.

266 4573 633 4644 Βλασφημίας
678 4573 858 4627 τοίνυν
894 4574 988 4627 καὶ
1019 4574 1348 4646 νηπιότητος
1393 4576 1629 4648 ὑπάρχει
1663 4578 1724 4631 τὸ
1755 4580 1853 4633 cte-

266 4664 397 4719 σθαι
419 4662 687 4732 ἀγγέλους
712 4662 1065 4735 θηλυμανεϊν.
1087 4665 1162 4718 Οὐ
1186 4666 1539 4738 περὶτούτων
1556 4668 1663 4740 γάρ
1686 4684 1857 4739 φησιν

265 4758 304 4828 ἡ
332 4755 452 4810 θεία
483 4754 697 4826 Γραφὴ,
717 4756 801 4808 ὅτι
825 4754 1134 4826 Εωῆλθον
1166 4758 1220 4810 οἱ
1243 4757 1359 4811 υἱοί
1383 4757 1490 4812 τοῦ
1526 4760 1674 4814 Θεοῦ
1703 4761 1853 4829 πρὸς

264 4844 377 4911 τὰς
397 4843 724 4913 θυγατέρας
737 4843 857 4899 τῶν
868 4843 1212 4913 ἀνθρώπων
1237 4846 1447 4901 οὐδέπω
1471 4849 1580 4921 γὰρ
1608 4850 1848 4920 ἄγγελοι,

266 4935 376 4990 eici.
421 4933 562 4989 Θεοῦ
608 4936 1137 5013 προσαγορεύονται·
1185 4936 1302 4991 ἀλλ’
1351 4942 1397 4992 οἱ
1446 4939 1541 4993 τοῦ
1604 4942 1712 5013 Σὴθ
1755 4946 1850 4999 καὶ

277 5025 445 5090 Ἕνὼς
465 5025 594 5091 υίοὶ,
624 5026 728 5080 ὑπὸ
752 5027 861 5081 τῶν
892 5027 1015 5091 κατ’
1056 5028 1297 5100 ἐκείνους
1330 5032 1559 5102 καιροὺς
1588 5033 1846 5106 ἧρξαντο.

261 5109 452 5181 Οὗτος
508 5114 619 5187 γὰρ
650 5116 875 5185 ἤρξατο
930 5116 1161 5186 πρῶτος
1204 5119 1623 5177 ἐπικαλεῖσθαι
1678 5125 1847 5193 Θεὸν,

264 5206 434 5276 φησὶν
459 5207 495 5276 ἡ
513 5206 725 5279 Γραφή.
758 5208 871 5262 Καὶ
892 5208 971 5279 τῷ
992 5211 1185 5265 Μωσεῖ
1205 5228 1370 5282 φησιν
1396 5214 1425 5266 ὁ
1453 5213 1678 5286 Κύριος·
1704 5218 1852 5270 Θεὸν

261 5294 499 5351 δέδωκά
536 5312 612 5353 σε
636 5299 717 5365 τῷ
752 5300 995 5369 Φαραώο
1028 5304 1124 5357 καὶ
1151 5304 1282 5375 περὶ
1322 5304 1431 5359 τῶν
1458 5306 1617 5360 θείων
1650 5309 1853 5379 κριτῶν

2367 2930 2883 2991 INTERROGATIO
2914 2932 3146 2989 XLVI".

2033 3025 2090 3082 Si
2124 3016 2438 3097 incorporei
2465 3037 2594 3081 sunt
2624 3027 2826 3097 angeli,
2869 3027 3150 3096 quomodo
3187 3042 3312 3081 cum
3342 3029 3543 3083 mulie-

1962 3120 2116 3175 ribus
2132 3118 2591 3175 consuetudinem
2614 3119 2953 3182 babuerunt,
2973 3135 3039 3174 rx
3063 3120 3265 3189 quibus
3289 3122 3544 3192 prognati

1962 3210 2255 3282 gigantes?
2275 3209 2561 3277 Quomodo
2592 3210 2743 3277 item,
2794 3217 2857 3269 ut
2880 3209 3161 3273 homines,
3204 3214 3413 3267 sanctis
3449 3228 3547 3284 ap-

1962 3309 2179 3373 parent,
2238 3303 2285 3357 si
2334 3301 2557 3371 quidem
2598 3299 2923 3370 incorporei
2950 3300 3121 3357 sunt?
3173 3300 3545 3370 lnquit’enim

1965 3393 2253 3463 Scriptura
2288 3406 2446 3447 sacra
2480 3410 2495 3447 :
2528 3391 2594 3445 Et
2641 3392 2868 3461 ingressi
2897 3400 3021 3458 sum
3048 3392 3150 3460 ﬁlii
3192 3390 3287 3445 Dei
3311 3392 3381 3444 ad
3396 3393 3545 3462 ﬁlias

1959 3484 2311 3547 hominum",
2373 3499 2443 3539 ex
2468 3468 2881 3555 quibus'aliqui
2918 3484 3073 3541 aiunt
3112 3490 3272 3540 natos
3304 3500 3429 3541 esse
3466 3487 3547 3555 gi-

1961 3588 2171 3645 gantcs.
2982 3566 2987 3571 ι

2597 3665 2905 3734 Responsio.

2035 3756 2348 3828 lneorporei
2384 3768 2514 3812 sunt
2538 3758 2739 3828 angeli,
2790 3758 3008 3813 ratione
3050 3765 3415 3829 respectuque
3455 3772 3547 3837 na-

1962 3857 2101 3904 tura:
2129 3857 2370 3913 nostrae;
2410 3863 2612 3918 corpus
2646 3864 2774 3904 vero
2791 3849 3016 3912 habent,
3049 3848 3350 3905 secundum
3384 3856 3548 3903 natu-

1962 3955 2078 3995 ram
2110 3955 2288 4006 suam,
2321 3949 2382 3994 ut
2415 3941 2729 4005 ventus,vcl
2761 3941 2923 4011 ignis,
2956 3941 3039 3996 vel
3062 3940 3266 4003 fumus,
3300 3941 3381 3995 vel
3402 3957 3495 3995 aer
3527 3960 3539 3994 :

1962 4046 2194 4101 corpora
2225 4032 2371 4085 enim
2405 4039 2537 4087 sunt
2566 4032 2806 4097 subtilia,
2827 4048 3031 4088 crassae
3064 4033 3310 4088 materici
3341 4040 3544 4088 nostrae

1961 4122 2228 4193 expertia.
2278 4122 2488 4191 Quippe
2536 4138 2761 4192 corpora
2812 4124 3058 4194 quazdam
3111 4134 3234 4177 sunt
3289 4123 3541 4187 cwlestia,

1962 4210 2208 4280 quwdam
2238 4212 2533 4277 terrestria,
2558 4212 2739 4282 inquit
2774 4220 3002 4267 sanctus
3032 4212 3124 4267 ille
3152 4212 3539 4281 Apostolus“.

1962 4304 2279 4358 Absurdum
2332 4319 2464 4359 vero
2487 4312 2545 4357 et
2605 4304 2765 4371 plane
2814 4305 3043 4363 stultum
3105 4304 3288 4367 fuerit,
3351 4308 3545 4375 putare

1963 4394 2114 4463 ipsos
2143 4393 2348 4448 cubare
2402 4397 2529 4447 etim
2579 4393 2926 4457 mulieribus,
2990 4396 3131 4449 sicut
3171 4403 3225 4449 et
3266 4397 3543 4454 (temones

1964 4480 2203 4555 dormire
2234 4495 2362 4535 cum
2401 4481 2728 4537 mulieribus
2753 4483 3139 4537 existimantur
3172 4502 3184 4538 :
3216 4486 3309 4556 qui
3362 4497 3539 4543 tamen

1960 4569 2105 4625 haud
2138 4581 2413 4633 naturam,
2443 4570 2538 4625 sed
2577 4579 2781 4626 statum
2818 4573 3154 4641 reliquerunt
3182 4592 3197 4641 ;
3221 4592 3398 4647 neque
3430 4595 3542 4632 ma-

1910 4686 1913 4687 ν
1954 4660 2271 4732 gnitudine,
2296 4661 2394 4718 sed
2426 4662 2681 4717 libertate
2715 4664 2963 4719 destituti
2997 4675 3146 4722 sunt.
3180 4667 3540 4739 Blaspbemiae

1962 4750 2129 4820 igitur
2163 4759 2220 4806 et
2251 4752 2499 4808 stultitiae
2528 4760 2635 4819 est,
2674 4761 2867 4823 putare
2896 4757 3041 4826 quod
3085 4760 3264 4829 angeli
3306 4761 3540 4820 feminas

1959 4841 2276 4913 depereant.
2318 4843 2504 4914 Neque
2524 4846 2669 4899 enim
2704 4847 2769 4899 de
2801 4847 2886 4902 his
2919 4849 3099 4918 inquit
3140 4851 3426 4921 Scriptura
3456 4872 3542 4912 sa«

1959 4950 2076 5000 cra,
2110 4935 2255 5007 quod
2288 4936 2522 5005 ingrcssi
2552 4937 2664 4991 sint
2700 4937 2792 4991 ﬁlii
2828 4939 2917 4995 Dei
2944 4940 3013 4995 ad
3040 4941 3178 4997 filias
3218 4943 3537 5003 hominum:

1960 5043 2229 5097 nusquam
2252 5030 2400 5083 enim
2429 5029 2608 5100 angeli
2639 5030 2734 5083 filii
2779 5029 2871 5084 Dei
2901 5034 3266 5102 appellantur,
3312 5038 3406 5091 sed
3440 5037 3556 5093 ﬁlii.

1960 5116 2109 5174 Setbi
2135 5126 2191 5173 et
2218 5121 2380 5175 Enosi
2414 5136 2510 5189 per
2528 5120 2648 5176 illas
2675 5124 2918 5192 corrupti
2944 5133 3091 5179 sunt.
3114 5125 3357 5181 Deificari
3392 5129 3535 5182 enim

1958 5208 2162 5265 Sethus
2185 5218 2240 5263 et
2273 5209 2632 5266 Enosus'illis
2670 5214 3012 5282 temporibus
3047 5226 3366 5284 coeperunt:
3404 5219 3535 5287 quia

1957 5299 2146 5356 Selhus
2169 5303 2319 5367 caepa
2349 5302 2552 5370 primus
2575 5303 2818 5357 invocare
2847 5302 3038 5367 Deum,
3071 5307 3249 5375 inquit
3293 5307 3539 5378 Seriptt‘:

260 5403 402 5459 φησι
427 5405 455 5449 ἰ
480 5387 667 5455 Θεοὺς
698 5392 811 5446 οὐκ
842 5391 996 5460 ἐρεῖς
1046 5393 1261 5460 κακῶς.
1307 5396 1406 5450 καὶ
1445 5396 1709 5467 ἄρχοντα
1740 5400 1848 5455 τοῦ

1957 5407 2007 5446 ra
2029 5394 2096 5445 ⁸³.
2148 5393 2253 5447 Sed
2283 5401 2338 5447 et
2368 5394 2544 5463 Moysi
2581 5393 2757 5462 inquit
2798 5394 3065 5451 Dominus
3098 5415 3110 5451 :
3140 5396 3305 5451 Deum
3335 5408 3385 5453 te
3418 5415 3538 5456 con-

266 5476 420 5533 λαοῦ
448 5493 589 5534 σου.
625 5480 869 5547 Εἰκότως
900 5478 1016 5551 οὖν,
1048 5485 1098 5537 οί
1132 5486 1228 5539 τοῦ
1262 5486 1496 5556 Σὴθ.καὶ
1534 5487 1699 5551 Ἐνὼς
1724 5492 1849 5545 παῖ-

263 5571 375 5635 δες,
410 5570 518 5625 υἱοὶ
538 5568 676 5625 Θεοῦ
706 5571 1034 5628 νοείσθωσαν
1056 5594 1070 5607 ·
1102 5575 1300 5641 οἵτινες
1322 5577 1589 5650 ἀκολασίᾳ
1608 5578 1848 5645 ἁλόντες,

339 5742 398 5775 ⁸⁸
441 5741 561 5814 Act.
602 5762 686 5814 ιιι,
721 5748 773 5803 5.

888 5750 931 5783 ‘"
974 5750 1109 5808 Gen.
1136 5768 1211 5818 v1,
1234 5752 1289 5809 2.

272 5825 410 5880 nu,
458 5813 545 5871 28.

1421 5753 1467 5786 ⁸⁸
1501 5752 1521 5807 l
1551 5753 1679 5811 Cor.
1709 5770 1796 5825 xv,
1849 5757 1937 5812 40.

1952 5484 2103 5538 stitui
2130 5483 2406 5537 Pharaoni
2423 5484 2491 5538 ὀ.
2537 5483 2603 5537 Et
2635 5483 2704 5540 de
2732 5485 2937 5541 divinis
2969 5485 3252 5555 iudicibus
3298 5485 3476 5559 inquit
3511 5505 3527 5545 :

1961 5575 2078 5631 Diis
2114 5592 2215 5630 non
2244 5575 2545 5645 maledices,
2575 5593 2667 5631 nec
2695 5578 3021 5648 principibus
3072 5580 3331 5650 populi".
3367 5580 3532 5638 Recte

3262 5750 3309 5784 ’⁸
3350 5750 3525 5806 Exod.

2054 5754 2096 5787 ⁸³
2138 5748 2273 5807 Gen.
2318 5766 2392 5819 ιν,
2427 5750 2516 5806 ‘26.
2662 5753 2704 5784 ὀ
2748 5750 2916 5807 Exod.
2956 5765 3051 5819 vn,
3100 5751 3144 5805 l.
