4020 6302
230 397 322 469 ιιι

226 512 317 569 και
349 509 530 563 πάντα
576 507 799 579 πληροῖ.
855 504 919 559 ’0
945 482 1060 582 γάρ
1095 506 1241 572 Θεὸς
1272 504 1463 578 ἡμῶν,
1506 503 1571 556 ἐν
1605 501 1687 568 τῷ
1727 502 1833 555 οὐ·

221 599 409 668 ραν-ᾧ,
449 598 556 655 καὶ
594 600 667 654 ἐν
693 599 768 667 τῇ
808 596 908 667 τῇ,
936 597 1007 651 ἐν
1043 597 1185 665 ταῖς,
1207 597 1571 661 θαλάσσαις,
1617 592 1719 647 καὶ
1768 592 1841 645 ἐν
1890 650 1891 653 η

233 692 460 758 πάσαις
481 691 618 759 ταῖς
646 692 969 757 ἀϐύσσοις,
1004 691 1172 762 φησὶν
1204 691 1233 744 ὁ
1261 688 1447 752 Δαὸὶδ,
1481 690 1509 741 ὁ
1538 685 1648 739 τῶν
1678 684 1839 738 θείων

237 786 493 859 μιλῳδός.
563 785 657 852 Ἐξ
701 779 776 840 ὧν
822 784 1214 857 παιδευόμεθα,
1251 786 1334 837 ὅτι
1389 781 1622 837 ἐνώπιον
1672 777 1840 833 αὐτοῦ

236 878 566 951 ὑπάρχουσι,
598 879 694 949 καὶ
716 877 949 950 ὁρᾶσθαι
975 876 1125 949 αὐτῷ
1153 878 1215 931 οὐ
1243 877 1403 949 μόνον
1431 872 1718 945 ἀγγέλους,
1747 870 1841 925 ἀλ-

234 970 304 1026 λὰ
346 972 443 1025 καὶ
483 970 752 1034 διάϐολον,
791 970 889 1025 καὶ
917 969 1203 1042 δαίμονας,
1238 969 1332 1024 καὶ
1358 965 1703 1040 ἀνθρώπους,
1745 962 1841 1017 καὶ

241 1066 441 1135 κτήνη,
476 1062 571 1117 καὶ
602 1062 1030 1134 τάξσύμπαντα.
1072 1062 1186 1118 Καὶ
1229 1061 1340 1133 γάρ
1367 1060 1461 1114 ἐπὶ
1508 1058 1614 1130 γῆς
1664 1056 1839 1120 ὄντες,

236 1155 359 1228 Θεῷ
385 1155 807 1227 παριστάμεθω
840 1144 1025 1219 καθὼς
1048 1171 1216 1227 φησιν
1257 1138 1443 1218 Ἠλίας
1466 1155 1496 1207 ὁ
1528 1150 1837 1212 θεσπέσιος

237 1247 330 1317 Ζῇ
355 1250 596 1319 Κύριος,
624 1241 674 1315 ᾧ
695 1248 1017 1318 παρέστην
1042 1248 1305 1303 ἐνώπιον
1328 1245 1517 1302 αὐτοῦ
1548 1243 1839 1314 σήμερον.

240 1341 305 1396 El
332 1341 443 1414 γὰρ
468 1341 549 1413 τῷ
576 1342 703 1413 ἀέρι
737 1342 918 1396 πάντα
963 1340 1354 1414 ἐμπεριέχεται
1373 1382 1388 1406 ,
1422 1337 1605 1409 πολλῷ
1640 1334 1843 1407 μᾶλλον

238 1432 321 1505 τῷ
362 1433 575 1489 ἐκείνου
618 1436 818 1506 ποιητῇ
867 1434 1265 1500 ἐναπείληπται
1314 1434 1348 1504 ἡ
1387 1430 1704 1503 τετραφυὴς
1731 1429 1844 1483 τῶν

238 1526 377 1580 ὅλων
412 1526 768 1592 κατάστασις,
801 1528 835 1599 ὴ
865 1526 1130 1595 ἄσαρκος,
1160 1526 1324 1597 νοερά
1349 1542 1406 1579 τε
1434 1524 1530 1580 καὶ
1556 1521 1772 1594 λογικὴ,
1806 1521 1841 1593 ἡ

240 1616 476 1690 αἰσθητὴ
505 1618 602 1673 καὶ
651 1618 935 1691 ἐνσαρκος,
991 1620 1024 1690 ὴ
1069 1618 1353 1690 κτηνώδης
1403 1601 1499 1671 καὶ
1543 1616 1759 1684 ἄλογος,
1806 1616 1841 1685 ὴ

238 1710 449 1782 ἄψυχος
472 1711 570 1764 καὶ
598 1710 943 1783 ἀναίσθητος.
983 1710 1189 1766 Πάντα
1226 1710 1339 1780 γὰρ
1368 1708 1570 1779 γυμνὰ
1608 1705 1712 1761 καί
1750 1722 1844 1760 τε-

238 1803 700 1874 τραχηλισμένα
752 1803 879 1871 τοῖς
923 1803 1257 1875 ὀφθαλμοῖς
1303 1801 1493 1857 αὐτοῦ
1518 1841 1535 1864 ,
1582 1799 1681 1855 καὶ
1726 1801 1841 1854 οὐκ

237 1894 373 1948 ἐστι
404 1896 607 1964 κτίσις
639 1895 1174 1968 άςρανὴς,ἐνώπιον
1194 1895 1404 1963 αὐτοῦ,
1446 1895 1613 1967 φησὶν
1635 1875 1675 1947 ’ὁ
1700 1892 1845 1956 θεῖος

250 1988 598 2054 ⁹Δπόστολος.

856 2188 1107 2245 ΠΕΥΣΙΣ
1147 2178 1231 2243 Νι.

310 2301 467 2355 Διατί
499 2302 748 2375 Mariis-ﬁ;
783 2303 859 2375 μὴ
905 2304 1005 2358 ἀπ’
1052 2300 1304 2371 ἀγγέλων
1337 2300 1544 2373 ἦρξατο
1597 2298 1690 2353 καὶ
1738 2296 1848 2351 τῶν

237 2391 382 2455 ἀνω.
407 2396 511 2465 τῆς
539 2397 867 2468 συγγραφῆς
883 2412 899 2429 ·
930 2396 1069 2450 ἀλλά
1092 2392 1471 2468 παραδραμὼν
1491 2395 1622 2457 τοὺς
1639 2392 1850 2464 δήμους

239 2484 530 2556 ἀγγέλων,
566 2487 662 2542 καὶ
697 2486 771 2542 τά
799 2488 1171 2561 ὑπερουράντα
1219 2486 1399 2541 πάντα
1419 2527 1437 2553 ,
1486 2486 1583 2542 ἀπ’
1614 2483 1849 2559 οὐρανοῦ

241 2576 342 2631 καὶ
369 2576 476 2649 γῆς
502 2577 598 2633 τοῦ
625 2579 1006 2651 συντάγματος
1032 2578 1273 2651 ἧρξατος

881 2757 1239 2825 Ἀπόκρισις.

323 2842 739 2918 ’ᾼρμόττουσαν
783 2849 899 2911 τοῖς
941 2851 1151 2919 καιροῖς
1171 2889 1186 2915 ,
1235 2847 1330 2901 καὶ
1373 2848 1488 2911 τοῖς
1538 2844 1850 2917 ἀνθρώποις

243 2937 641 3010 συμφέρουσαν
687 2938 787 3011 τὴν
835 2938 1032 3010 ἀρχὴν
1058 2939 1153 2993 τοῦ
1202 2938 1538 3011 γράμματος
1592 2935 1847 3001 τέθεικε,

244 3028 582 3099 προσφάτως
627 3029 902 3085 Ἰουδαίων
934 3031 1035 3100 τῆς
1063 3030 1343 3101 Αἰγύπτου
1369 3029 1723 3101 ἁπαράντων,
1754 3026 1853 3083 καὶ

246 3118 453 3173 ἐναυλα
478 3122 600 3184 ταῖς
625 3122 819 3186 ἀκοαῖς
858 3122 929 3176 τά
955 3124 1056 3194 τῆς
1085 3123 1311 3177 ἐκείνων
1339 3122 1551 3193 πλάνης
1591 3120 1848 3193 ἐχόντων.

246 3210 328 3284 Οἱ,
346 3209 449 3297 μὲν
474 3210 583 3283 γὰρ
612 3211 723 3267 τῶν
764 3211 944 3266 ἀθέων
989 3214 1081 3267 τὸν
1123 3214 1372 3284 οὐρανὸν,
1406 3214 1455 3266 οἱ
1503 3212 1561 3266 δέ
1610 3212 1710 3285 τὴν
1747 3212 1853 3283 γῆν

246 3299 634 3373 ἐθεοποίησαν,
658 3300 937 3375 πνεύμασι
967 3305 1063 3359 καὶ
1090 3305 1345 3373 νεφέλαις
1373 3304 1739 3377 ἀλλοιούμενα
1756 3306 1853 3360 καὶ

248 3393 589 3471 τρεπόμενα.
643 3395 865 3469 Ἕτεροι
910 3397 968 3451 δὲ
1012 3398 1149 3471 ἡλίῳ
1195 3400 1292 3452 καὶ
1334 3395 1534 3472 σελήνῃ
1575 3398 1637 3454 τὸ
1687 3398 1867 3465 σέϐας.

250 3485 562 3558 ἀπένεμον*
592 3487 660 3541 ἵν’
688 3490 737 3541 οἱ
771 3488 871 3559 μὲν
897 3488 1138 3563 νύκτωρ,
1175 3492 1225 3544 οἱ
1260 3491 1318 3545 δὲ
1352 3491 1569 3563 ἡμέρας
1599 3494 1668 3565 τῇ
1704 3491 1857 3546 δύσει

249 3579 364 3635 τῶν
387 3582 694 3653 φωστήρων
720 3581 871 3637 ἄθεοι
901 3582 1177 3653 μείνωσιν.
1209 3587 1271 3638 Oi
1304 3586 1402 3657 μὲν
1422 3585 1534 3657 γὰρ
1560 3586 1652 3639 τὸν
1676 3584 1854 3652 νυκτὶ,

249 3672 352 3725 καὶ
380 3672 737 3755 ὁμίχλῃ,ῐκαὶ
762 3674 912 3729 κόνει
946 3675 1408 3748 ἐπισκοτούμενον
1438 3677 1817 3743 ἐκθειάζουσιν
1839 3692 1852 3707 ο

250 3765 306 3817 oi
340 3763 400 3819 δὲ
421 3765 522 3836 τὴν
556 3764 876 3835 φθίνουσαν,
911 3767 1007 3822 καὶ
1046 3769 1130 3832 εἰς
1166 3769 1227 3823 τὸ
1263 3768 1437 3843 βραχὺ
1472 3770 1859 3843 ἀπολήγουσαν

253 3859 682 3928 προσκυνοῦσιν.
743 3862 965 3933 Ἕτεροι
1022 3862 1081 3917 δέ
1135 3865 1345 3936 κρήνας
1418 3865 1514 3919 καὶ
1579 3866 1860 3935 ποταμοὺς

252 3948 623 4020 θεολογοῦσιν.
671 3952 760 4009 ἴνα
788 3956 849 4007 ἐν
888 3953 1036 4025 θέρει
1081 3955 1181 4027 μὲν
1209 3956 1502 4029 λήγοντας,
1544 3958 1603 4011 ἐν
1644 3957 1702 4011 δὲ
1744 3975 1859 4027 χει-

256 4039 405 4110 μῶνι
425 4044 870 4115 κορυφουμένους
893 4045 987 4099 καὶ
1017 4045 1410 4112 ἐξοιδαίνοντας
1431 4050 1498 4121 τῇ
1528 4048 1636 4119 πλη
1645 4048 1856 4121 μμύρᾳ,

252 4132 429 4198 Baebi;
450 4133 667 4205 ἔχωσιν.
696 4136 927 4211 Θάτεροι
955 4140 1012 4194 δέ
1040 4141 1102 4195 τὸ
1130 4140 1244 4213 πῦρ
1264 4141 1340 4205 ὡς
1369 4141 1502 4195 Θεὸν
1524 4142 1857 4213 πεφρίκασιο

254 4226 321 4279 τὸ
342 4226 387 4280 δ’
421 4228 645 4302 ἐπιϐολῇ
682 4229 874 4296 ὕδατος
901 4232 1284 4306 σῦεννύμενον,
1318 4235 1351 4306 ἢ
1392 4235 1571 4308 ἐνδείᾳ
1594 4237 1692 4307 τῆς
1724 4238 1861 4291 ὑπο-

253 4320 573 4393 τρεφούσης
594 4315 733 4395 ὕλης
763 4327 1188 4398 μαραινόμενον.
1234 4328 1299 4381 Ὢ
1328 4329 1430 4401 τῆς
1460 4328 1757 4395 ἀὸουλίαςῐ
1794 4329 1863 4383 τά

258 4413 415 4482 σφῶν
452 4415 811 4490 εὐτελέστερα
856 4418 1233 4484 ἐκθειάζουσιν
1263 4422 1314 4475 οἱ
1339 4422 1722 4484 ,είκαιόδουλοι
1771 4426 1864 4478 καὶ

260 4509 689 4581 ματαιόφρονες,
719 4511 889 4577 ὄντως
920 4513 1055 4567 Θεοῦ
1090 4514 1196 4570 ὑπὸ
1241 4514 1345 4587 τῆς
1390 4516 1601 4587 πλάνης
1651 4517 1862 4587 ἀπαγό-

259 4618 438 4673 μενοι.
473 4604 553 4656 Δι’
578 4604 674 4669 οὓς
701 4603 929 4676 Μωσῆς,
967 4608 997 4661 ό
1020 4608 1131 4661 τῶν
1156 4607 1320 4663 θείων
1350 4599 1723 4684 συγγραφεὺς,
1756 4629 1859 4665 κα-

255 4694 510 4749 ταλιπὼν
558 4695 628 4749 τά
674 4697 1025 4770 ὑπερκόσμια
1050 4739 1066 4764 ,
1116 4700 1182 4755 ἐκ
1219 4701 1327 4756 τῶν
1358 4703 1737 4775 ὑποκειμένων
1765 4704 1867 4775 τῆς

259 4785 582 4860 ἐξηγήσεως
615 4788 863 4862 ἄρχεται,
888 4789 978 4844 διὰ
1005 4791 1114 4845 τῶν
1152 4788 1427 4864 αἰσθητῶν
1455 4796 1552 4850 καὶ⁹
1571 4795 1867 4867 ὁρωμένων

261 4883 523 4977 ποδηγῶν
544 4882 742 4977 αὐτοὺς
768 4883 993 4977 τὰ
1014 4888 1197 4958 νοερὰ,
1215 4888 1309 4942 καὶ
1330 4889 1422 4943 τὸν
1441 4889 1673 4961 ἀόρατον
1697 4889 1868 4955 ὅντως

258 4974 419 5030 Θεόν.
462 4974 870 5056 Παραπλησίως
910 4975 967 5030 δὲ
1005 4977 1182 5049 τούτῳ
1209 4979 1305 5032 καὶ
1334 4980 1385 5032 oi
1415 4980 1544 5052 περὶ
1572 4979 1663 5034 τὸν
1710 4980 1869 5034 Ἀνα-

258 5068 386 5122 νίαν
425 5067 705 5122 θεσπέσιοι
732 5069 826 5122 τὸν
856 5069 1200 5124 Βαϐυλώνιον
1235 5061 1388 5138 Θεὸν,
1417 5070 1574 5143 δίκην
1603 5072 1777 5143 πυροῦ
1807 5072 1869 5126 τὸ

262 5162 381 5234 πῦρ
411 5162 881 5224 καταπατοῦντες,
912 5162 974 5214 τὸ
1002 5162 1205 5236 νάφθῃ,
1250 5164 1345 5217 xui.
1386 5163 1579 5238 πίσσῃ,
1612 5164 1708 5217 καὶ
1738 5162 1872 5235 κλη-

264 5255 452 5324 ματίδι
479 5253 911 5326 κορυφούμενον,
944 5252 1100 5308 ὕδατι
1131 5256 1190 5309 δὲ
1222 5254 1644 5326 θανατούμενον,
1673 5257 1870 5310 Εὐλοο

262 5347 447 5419 reita,
484 5346 684 5402 πάντα
706 5349 789 5404 τὰ
817 5350 965 5419 ἔργα
999 5350 1247 5417 Κυρίου,
1273 5349 1383 5403 τὸν
1403 5349 1647 5417 Κύριον,
1681 5348 1870 5419 φασὶν,

263 5440 364 5493 ἐπὶ
394 5440 485 5493 τὸν
513 5440 676 5495 ἀῦλόν
708 5457 768 5494 τε
794 5441 907 5497 ,καὶ
941 5440 1361 5512 ἀχειροποίητον
1390 5440 1524 5495 Θεὸν
1570 5441 1873 5506 Χαλδαίους

264 5533 397 5594 τοὺς
436 5529 629 5595 ἀθέους
678 5530 1119 5603 καθηγούμενοι,
1156 5533 1365 5595 πάντας
1422 5534 1548 5597 τοὺς
1600 5531 1873 5604 Ἕλληνας

268 5627 430 5690 θεοὺς
456 5628 734 5698 κτίσματα
766 5628 864 5682 καὶ
904 5627 1045 5700 ἔργα
1076 5628 1344 5700 ὑπάρχειν
1385 5627 1480 5683 τοῦ
1524 5629 1697 5693 ὅντως
1738 5628 1874 5701 ἀλη-

268 5718 421 5774 θινοῦ
447 5721 543 5774 καὶ
573 5720 829 5775 ἀκτίστου
860 5720 999 5775 Θεοῦ
1022 5721 1341 5794 δηλοῦντεςο
1377 5722 1701 5794 Εὑλογεῖτε
1737 5724 1869 5796 γάρ,

1654 420 1657 423 ι
1690 383 2042 444 DIALOGUS
2081 384 2122 443 1.

1942 510 1997 559 et
2032 497 2433 571 magnitudinis
2456 512 2655 570 expers
2682 508 2737 554 et
2777 487 3389 564 incomprehensibilis,
3422 486 3541 541 ubi-

1938 610 2049 665 que
2085 606 2331 664 praesens
2368 591 2476 657 sil,
2506 598 2562 645 ει
2591 588 2776 645 omnia
2812 585 3057 657 impleat.
3096 581 3232 636 Nam
3280 578 3417 633 Deus
3448 591 3542 631 no-

1941 696 2050 742 ster
2082 687 2136 739 in
2168 684 2298 740 coelo
2329 694 2407 739 est
2439 690 2491 738 et
2520 682 2575 737 in
2615 690 2759 736 terra
2782 719 2798 743 ,
2841 680 2898 731 in
2934 677 3074 731 mari
3112 685 3162 729 et
3203 674 3257 726 in
3296 668 3542 725 omnibus

1942 778 2190 849 abyssis,
2246 776 2425 846 inquit
2473 772 2711 843 Darides
2745 772 2814 837 ",
2858 769 3173 825 divinorum
3220 763 3543 819 carminum

1944 878 2164 927 auctor.
2191 870 2269 925 Ex
2295 869 2499 939 quibus
2523 868 2787 922 docemur
2818 865 2872 918 in
2898 867 3201 930 conspectu
3232 858 3354 927 ejus
3385 868 3535 921 esse,

1942 972 1998 1019 et
2023 962 2272 1034 conspici
2302 961 2372 1016 ab
2401 962 2526 1030 ipso
2546 972 2665 1013 non
2699 956 2881 1011 solum
2912 954 3142 1024 angelos
3163 990 3177 1015 ,
3200 947 3314 1005 sed
3342 956 3396 1001 et
3427 946 3543 1000 dia-

1943 1057 2132 1112 bolum
2161 1061 2217 1112 et
2244 1053 2557 1117 d:emones,
2588 1058 2645 1107 et
2674 1049 2932 1105 homines
2952 1047 2970 1114 ,’
2991 1054 3045 1102 et
3064 1046 3317 1114 jumenta
3339 1081 3354 1103 ,
3385 1048 3435 1094 et
3468 1038 3547 1093 si-

1943 1146 2061 1200 mul
2090 1144 2146 1200 in
2178 1144 2499 1216 universum
2524 1143 2735 1197 omnia.
2770 1137 3249 1207 Quemadmodum
3277 1134 3427 1188 Elias
3455 1132 3550 1185 ille

1939 1234 2171 1295 'divinus
2202 1239 2319 1293 ait:
2358 1235 2498 1292 Vivit
2531 1235 2829 1298 Dominus,
2861 1234 2918 1287 in
2952 1230 3105 1296 cuius
3137 1237 3419 1303 conspectu
3452 1240 3548 1295 ego

1945 1342 2030 1387 sto
2061 1331 2217 1386 hodie
2245 1328 2314 1384 ".
2346 1328 2481 1383 Nam
2512 1327 2557 1381 si
2592 1340 2720 1381 aere
2744 1322 2934 1379 omnia
2965 1320 3345 1379 continentur,
3373 1314 3550 1369 multo

1948 1424 2124 1495 magis
2154 1423 2210 1478 in
2244 1421 2396 1478 illius
2424 1418 2710 1474 conditore
2736 1413 3140 1486 comprehensa
3165 1416 3251 1467 est
3278 1410 3395 1463 haec
3419 1420 3552 1476 qua-

1948 1516 2244 1588 dripartita
2282 1524 2496 1571 naturae
2535 1509 2921 1568 universitatis
2961 1520 3146 1562 rerum
3182 1500 3548 1561 constitutio,

1945 1606 2183 1684 quarum
2210 1623 2322 1664 una
2350 1606 2537 1663 carnis
2562 1614 2642 1662 est
2668 1618 2872 1674 expers
2891 1642 2906 1667 ,
2936 1596 3273 1654 intcllectilis
3297 1600 3352 1649 et
3381 1591 3553 1646 ratio-

1948 1704 2091 1760 nalis
2109 1742 2125 1769 ,
2154 1702 2328 1758 altera
2359 1699 2583 1757 sensilis
2607 1709 2663 1755 et
2686 1711 2855 1753 carne
2880 1692 3109 1767 pradita
3137 1698 3194 1747 et
3222 1684 3513 1743 rationalis
3531 1721 3548 1746 .

1947 1798 2111 1854 tertia
2141 1796 2381 1851 animata
2408 1801 2466 1849 et
2492 1789 2839 1847 irrationalis
2859 1830 2876 1854 ,
2906 1792 3107 1857 quarta
3146 1781 3456 1845 inanimata
3491 1784 3552 1833 et

1951 1904 2151 1947 sensus
2172 1902 2399 1958 expers.
2440 1884 2639 1941 Omnia
2666 1882 2805 1938 enim
2834 1879 2981 1935 nuda
3012 1885 3137 1932 sunt
3163 1884 3214 1931 et
3242 1861 3556 1942 resupinam

1949 1998 2134 2038 coram
2169 1977 2337 2035 oculis
2366 1975 2483 2046 ejus
2504 2016 2521 2042 ,
2553 1990 2645 2029 nec
2682 1982 2760 2027 est
2794 1982 3045 2025 creatura
3078 1964 3293 2021 occulta
3327 1962 3385 2017 in
3421 1977 3552 2016 con,

1948 2084 2132 2146 specta
2157 2072 2274 2157 ejus
2294 2111 2310 2138 ,
2340 2069 2521 2142 inquit
2550 2068 2721 2123 divus
2741 2065 3045 2135 Apostolus
3074 2062 3143 2113 ".

2432 2175 2961 2239 lNTERROGATlO
2999 2175 3065 2249 ιι.¹

2022 2299 2205 2367 Quare
2237 2297 2419 2355 Moses
2453 2310 2565 2354 non
2597 2294 2669 2349 ab
2698 2289 2949 2363 angelis,
2978 2298 3032 2345 et
3061 2288 3130 2341 ah
3165 2285 3247 2339 iis.
3267 2297 3390 2354 qua:
3420 2287 3552 2336 sum

1952 2394 2008 2449 in
2046 2390 2341 2463 supernis,
2380 2402 2615 2445 exorsus
2648 2394 2734 2441 est
2765 2380 3197 2452 descriptionem
3225 2414 3239 2442 ,
3276 2376 3372 2432 sed
3413 2388 3555 2445 pra:-

1952 2484 2137 2542 teritis
2194 2482 2521 2554 angelorum
2576 2470 3372 2539 nationibus,omnibusque
3431 2481 3560 2538 qua:

1952 2593 2121 2649 supra
2180 2574 2356 2632 caelos
2415 2579 2583 2637 sunt,
2631 2586 2663 2626 a
2726 2568 2872 2624 coelo
2924 2575 2982 2622 et
3023 2572 3173 2619 terra
3226 2567 3552 2617 contextum

1949 2686 2115 2727 orsus
2146 2675 2232 2727 est
2255 2668 2280 2723 ἲ

2598 2757 2911 2828 Responsio.

2024 2858 2373 2915 Conveniens
2407 2852 2755 2925 temporibus
2788 2856 2843 2905 et
2876 2845 3201 2904 hominibus
3235 2841 3372 2898 utile
3405 2838 3562 2911 prin—

1953 2952 2158 3023 cipium
2182 2947 2387 3018 scripti
2416 2946 2506 3002 sui
2543 2945 2777 3009 statuit,
2819 2939 3048 3012 quando
3092 2937 3146 2993 id
3188 2931 3456 3003 temporis
3492 2945 3561 2986 ex

1953 3043 2193 3116 Egypto
2216 3038 2393 3096 Judaei
2422 3038 2711 3100 exierant,
2739 3043 2794 3090 et
2825 3033 3144 3087 insinuatus
3176 3027 3412 3082 auribus
3440 3025 3565 3079 illo—

1955 3152 2079 3191 rum
2108 3148 2331 3190 errores
2359 3129 2659 3186 habebant.
2690 3126 2826 3181 Nam
2854 3124 2948 3179 alii
2974 3121 3191 3193 quidem
3226 3117 3525 3188 impiorum
3546 3154 3561 3177 ,

1967 3228 2211 3293 caelum;
2246 3225 2337 3280 alii
2369 3238 2503 3279 vero
2534 3231 2736 3276 terram
2767 3216 3207 3273 deiﬁcaverunt:
3242 3225 3364 3283 quae
3392 3210 3503 3264 duo
3533 3223 3564 3262 a

1958 3321 2141 3377 ventis
2176 3328 2233 3375 et
2263 3315 2509 3373 nubibus
2541 3320 2851 3368 mutantur.
2888 3308 2996 3362 Alii
3036 3315 3220 3361 autem
3254 3302 3358 3379 soli
3389 3308 3445 3357 et
3474 3301 3567 3354 lus

1959 3428 2045 3469 nae
2065 3408 2441 3468 venerationis
2465 3406 2676 3472 cultum
2706 3402 3112 3463 exhibuerunt,
3138 3403 3201 3451 ut
3227 3394 3323 3449 alii
3345 3392 3566 3464 quidem

1960 3513 2159 3569 noctu,
2203 3501 2299 3557 alii
2344 3514 2477 3555 vero
2508 3496 2749 3552 interdiu
2781 3510 2880 3565 per
2908 3505 3172 3547 occasum
3200 3485 3566 3544 luminarium

1962 3598 2114 3669 impii
2156 3600 2478 3659 manerent;
2517 3602 2643 3644 nam
2678 3586 2738 3643 hi
2775 3586 2999 3657 quidem
3040 3598 3163 3653 qua:
3192 3589 3357 3637 nocte
3388 3585 3444 3633 et
3474 3593 3571 3632 ne-

1962 3667 2091 3745 bula
2121 3694 2175 3742 et
2212 3684 2439 3757 pulvere
2471 3680 2872 3740 obscurantur,
2920 3676 3068 3730 inter
3098 3672 3235 3727 deos
3278 3667 3570 3735 referunt;

1962 3782 2041 3838 illi
2073 3794 2208 3835 vero
2238 3777 2608 3831 intereuntem
2629 3810 2644 3834 ,
2672 3778 2728 3824 et
2757 3768 2923 3839 paulo
2956 3775 3081 3836 post
3109 3762 3419 3819 desituram
3447 3760 3574 3839 ado-

1962 3882 2111 3931 rant.
2162 3870 2271 3925 Alii
2307 3869 2437 3922 item
2472 3864 2655 3919 fontes
2694 3872 2749 3917 et
2791 3859 3018 3915 ﬂumina
3060 3858 3196 3912 deos
3245 3850 3371 3911 esse
3420 3836 3574 3909 asse-

1963 3974 2117 4032 runt,
2142 3971 2205 4020 ut
2234 3964 2288 4018 in
2316 3967 2509 4016 aestate
2533 3955 2756 4027 quidem
2782 3951 3118 4013 desinentia,
3149 3950 3208 4003 in
3236 3949 3419 4003 hieme
3441 3958 3573 4001 vero

1964 4062 2127 4118 aucta
2158 4065 2215 4115 et
2243 4052 2582 4113 exundantia
2613 4050 2746 4105 deos
2780 4048 3042 4103 habeant.
3064 4044 3187 4115 Alii
3220 4057 3353 4098 vero
3387 4040 3571 4111 ignem

1965 4154 2124 4227 quasi
2148 4150 2313 4207 deum
2340 4153 2629 4209 metuunt,
2655 4141 2747 4215 qui
2778 4151 2963 4197 tamen
2991 4137 3178 4194 infusa
3200 4149 3344 4205 aqua
3369 4133 3577 4188 exstin-

1966 4225 2173 4320 éuitur,
2196 4251 2299 4300 aut
2322 4241 2541 4297 deiectu
2571 4236 2874 4293 nutrientis
2899 4234 3147 4289 materim
3180 4229 3498 4286 marcescit.
3529 4225 3578 4284 0

1966 4340 2301 4397 dementiam
2327 4335 2340 4388 ί
2372 4348 2497 4404 qua:
2526 4346 2587 4387 se
2619 4329 2757 4401 ipsis
2784 4334 2916 4384 sunt
2944 4325 3251 4397 ahjectiora
3271 4364 3285 4389 ,
3313 4322 3576 4379 deiﬁcant

1968 4432 2094 4486 vani
2128 4438 2182 4486 et
2218 4426 2575 4497 insipientes,
2614 4440 2643 4476 a
2673 4436 2808 4477 vero
2842 4419 2952 4475 Deo
2981 4434 3080 4490 per
3107 4431 3360 4479 errorem
3394 4415 3577 4471 abdu-

1968 4528 2065 4583 cti.
2094 4526 2327 4597 Propter
2356 4536 2499 4595 quos
2531 4519 2711 4576 Moses
2748 4534 2932 4573 rerum
2966 4515 3285 4571 divinarum
3332 4514 3577 4585 scriptor

1970 4620 2181 4676 relictis
2215 4601 2701 4678 ultramundanis,
2744 4611 2816 4667 ab
2864 4611 2935 4666 iis
2980 4626 3104 4681 qum
3142 4609 3333 4680 eaptui
3377 4616 3576 4663 nostro

1966 4720 2098 4770 sunt
2125 4711 2404 4781 exposita,
2435 4707 2812 4763 narrationem
2849 4703 3089 4769 orditur,
3122 4717 3223 4773 per
3250 4701 3480 4757 sensilia
3518 4709 3575 4757 et

1965 4802 2322 4873 aspectabilia
2350 4799 2561 4856 ducens
2592 4799 2658 4853 ad
2687 4794 3028 4852 intellectilia
3061 4802 3115 4848 et
3143 4792 3213 4847 ad
3258 4796 3578 4863 inaspecta-

1965 4894 2132 4949 bilem
2164 4893 2315 4947 illum
2346 4905 2653 4960 verumque
2683 4887 2879 4944 Deum.
2929 4884 3013 4939 Ad
3044 4883 3301 4938 eumdem
3348 4883 3577 4939 modum

1967 4985 2130 5042 etilli
2178 4984 2316 5041 socii
2375 4983 2606 5037 Ananiae
2650 4978 2827 5035 divini
2876 4977 3158 5042 hominis,
3210 4976 3574 5048 Babylonium

1976 5081 2162 5142 deum,
2201 5077 2538 5149 supplicium
2575 5074 2821 5131 fornacis
2853 5081 2909 5129 et
2941 5074 3123 5144 ignem
3154 5071 3574 5135 conculcantes,

1968 5172 2062 5243 qui
2100 5171 2344 5241 naphtha
2383 5176 2439 5225 et
2473 5168 2595 5239 pice
2628 5175 2685 5222 et.
2720 5165 3025 5237 sarmentis
3063 5166 3395 5234 augebatur,
3429 5177 3575 5233 aqua

1968 5280 2103 5321 vero
2135 5262 2621 5333 exslinguebatur,
2651 5258 2959 5315 Benedicite
2984 5300 2998 5323 ,
3042 5258 3226 5312 omnia
3260 5273 3421 5326 opera
3456 5256 3573 5310 Do-

1970 5358 2138 5422 mini,
2172 5357 2466 5411 Dominum
2498 5357 2566 5418 ¹⁹,
2604 5353 2885 5423 inquiunt.
2936 5351 3018 5406 Ad
3065 5350 3487 5405 innnaterialem
3520 5358 3576 5405 et

1972 5451 2141 5507 nullis
2174 5449 2433 5505 manibus
2466 5435 2672 5502 factum
2708 5444 2881 5501 Deum
2920 5444 3121 5517 impios
3156 5443 3449 5499 Chaldaeos
3477 5457 3573 5513 per

1971 5543 2379 5598 institutionem
2416 5540 2559 5596 hanc
2593 5538 2860 5595 ducentes
2885 5578 2900 5603 ,
2943 5552 3008 5593 ac
3046 5552 3241 5592 omnes
3282 5536 3572 5607 gentilium

1970 5636 2108 5691 deos
2135 5641 2424 5691 creaturas
2453 5640 2508 5689 et
2541 5647 2710 5703 opera
2759 5647 2884 5689 esse
2933 5646 3067 5688 vere
3106 5629 3468 5686 subsistentis
3513 5637 3569 5685 et

1978 5728 2096 5783 veri
2125 5737 2179 5782 et
2208 5726 2441 5787 increati
2466 5724 2561 5781 Dei
2584 5726 2903 5782 innuentes.
2949 5724 3273 5790 Benedicite,
3295 5721 3569 5795 inquiunt,

344 5897 392 5930 ”
430 5897 575 5956 Psal.
606 5914 828 5971 cxxmv,
860 5901 915 5960 6.
992 5904 1039 5938 ’⁷
1078 5902 1144 5962 IV
1179 5904 1312 5980 Reg.
1340 5920 1424 5974 ιιι,
1464 5904 1563 5961 14..
1623 5906 1670 5942 ’⁸
1709 5906 1854 5966 llebr

1959 5924 1985 5979 ',
2024 5909 2111 5969 l3.
2189 5913 2235 5946 ὀ
2266 5909 2403 5968 Dan.
2446 5925 2529 5983 tu,
2562 5910 2627 5967 57
2669 5924 2824 5982 seqq.
