4020 6302
256 413 372 471 925

256 532 402 598 παρ’
446 534 613 607 αὐτῷ
662 536 1004 608 ἁρμόζουσα
1046 537 1087 609 ἠ
1138 538 1399 612 δύναμις
1439 540 1540 597 καὶ
1576 544 1616 613 ἠ
1664 544 1853 615 σοφία

259 626 438 694 Θεοῦ,
466 628 748 698 Χριστός.

820 806 1071 861 ΠΕΥΣΙΣ
1099 810 1225 867 NA'.

351 891 411 949 ’0
440 894 546 965 ἀὴρ
580 896 715 949 πότε
744 897 969 967 γέγονε;
995 900 1087 973 Μὴ
1118 902 1217 957 καὶ
1248 903 1437 959 τοῦτον
1465 902 1613 976 ἔχεις
1644 906 1821 962 εἰπεῖν
1840 946 1857 974 ,

261 986 351 1039 ὅτι
381 986 634 1057 Σολομὼν
660 988 927 1061 ἔγραψενς

885 1083 1251 1153 Ἀπόκρισις.

345 1163 545 1218 Ἄκουε
573 1166 639 1236 δὴ
660 1168 905 1235 Μωσέως
934 1172 1238 1241 φάσκοντος
1256 1191 1271 1207 ⁸
1298 1176 1409 1231 Καὶ
1436 1178 1686 1247 Πνεῦμα
1710 1179 1861 1234 Θεοῦ

266 1255 591 1325 ἐπεφέρετο
617 1259 817 1314 ἐπάνω
840 1263 947 1316 τοῦ
985 1263 1220 1334 ὕδατος.
1259 1267 1576 1339 Συμφώνως
1603 1270 1661 1324 δι
1683 1270 1862 1341 τούτῳ

265 1352 297 1405 ὁ
348 1352 607 1424 Ἀμμώς’
638 1354 854 1424 Κύριος
896 1358 1160 1427 στερεῶν
1194 1361 1473 1432 ,ϐροντὴν
1504 1361 1606 1418 καὶ
1654 1362 1865 1426 κτίζων

271 1441 533 1512 πνεῦμα.

860 1540 1112 1596 ΠΕΥΣῐΣ
1143 1541 1273 1598 NE'.

353 1625 494 1679 Ἀλλ’
528 1629 591 1682 οὐ
623 1631 753 1701 περὶ
782 1627 879 1686 τοῦ
913 1632 1079 1705 δέρος
1106 1633 1281 1703 λέγει,
1318 1636 1449 1707 περὶ
1476 1636 1535 1690 δὲ
1563 1636 1659 1693 τοῦ
1701 1637 1868 1709 ἁγίου

265 1718 590 1791 Πνεύματος
620 1722 822 1792 μᾶλλον
850 1724 1067 1796 εῐρηται
1093 1727 1122 1781 ὁ
1145 1726 1324 1796 λόγος.
1366 1727 1444 1781 Οὐ
1478 1728 1589 1800 γὰρ
1616 1728 1747 1784 ἄλλο
1774 1730 1865 1785 λέ-

264 1825 439 1879 γομεν
492 1806 638 1865 εἶναι
681 1813 715 1883 ἢ
772 1816 1278 1888 προσαγορεύεσθαι
1326 1819 1578 1891 πνεῦμα,
1615 1822 1757 1895 πλὴν
1799 1825 1862 1878 τὸ

264 1900 424 1967 ἅγιον
460 1903 708 1973 Πνεῦμα.

886 1997 1246 2069 Ἀπόκρισις.

342 2082 473 2149 Δέος
516 2102 608 2156 μοι
640 2088 708 2159 τῇ
737 2087 914 2141 κτίσει
948 2092 1468 2165 συγκαταριθμῆσαι
1495 2094 1557 2149 τὸ
1589 2095 1864 2151 ἄκτιστονο

265 2173 411 2244 πλὴν
453 2175 606 2245 ὅμως
633 2177 735 2230 οὐκ
764 2178 1006 2250 ἀναιρῶν
1037 2181 1099 2234 τδ
1133 2184 1451 2261 εἰρημένοι,
1495 2185 1723 2257 δέχομαι
1771 2188 1867 2241 καὶ

266 2265 448 2330 τοῦτο,
479 2268 708 2332 εἰκότως
742 2271 838 2324 καὶ
880 2272 1202 2345 θεοπρεπῶς
1244 2276 1537 2347 νοούμενον
1557 2319 1571 2344 ,
1600 2278 1865 2348 ἐπιφέρε-

268 2357 395 2409 σθαι
422 2361 538 2421 τοῖς
572 2360 731 2413 ὕδασι
763 2362 898 2433 πρὸς
940 2364 1256 2433 ζωογονίαν,
1286 2367 1426 2420 αὐτὰ
1468 2368 1867 2433 συνθάλποντος

263 2449 429 2520 δίκην
488 2452 851 2524 ὲπωαζούσης
890 2454 1140 2527 ὄρνιθος,
1184 2457 1424 2529 ζωτικὴν
1470 2476 1593 2512 τινα
1638 2460 1868 2531 δύναμιν

266 2541 518 2605 ἀνιέντος
568 2542 681 2613 (19)
728 2548 844 2609 τοῖς
880 2548 1349 2621 ὑποθαλττομὲνοις
1390 2550 1583 2619 ὕδασι,
1629 2550 1767 2624 πρὸς
1806 2552 1869 2605 τὸ

267 2633 543 2703 ὲκϐρὰσαι
576 2637 645 2690 τὰ
677 2638 882 2709 ἄπειρα
911 2640 1019 2693 τῶν
1050 2641 1250 2711 ἰχθύων
1281 2642 1439 2713 γένη.

844 2730 1093 2784 ΠΕΥΣΙΣ
1142 2733 1289 2801 Νςῖι.

343 2810 562 2875 Μαθεῖν
593 2818 729 2889 πρὸς
754 2819 965 2885 τούτοις
998 2822 1232 2893 δεόμεθα
1263 2825 1391 2897 περὶ
1430 2826 1529 2898 τῆς
1569 2826 1665 2882 τοῦ
1698 2824 1870 2897 πυρὸς

269 2909 565 2973 γενέσεως.
602 2908 741 2963 Ούτε
778 2910 888 2983 γὰρ
927 2915 995 2983 τῇ
1026 2912 1218 2987 Γραφῇ
1261 2917 1502 2989 εἴρηται,
1547 2916 1631 2971 ὅτι
1662 2911 1816 2970 εἶπεν
1841 2914 1871 2967 ὁ

270 2995 407 3062 Sed;
430 3015 444 3028 ·
481 2998 775 3071 Γενηθήτω
807 3000 939 3074 πῦρ.
1640 3036 1643 3037 ν

882 3095 1240 3163 Ἀπόκρισις.

348 3184 578 3237 Πάντων
613 3184 847 3255 μάλιστα
878 3186 1243 3258 ὲνεργεστὲρα
1278 3188 1311 3259 ἡ
1352 3188 1447 3243 τοῦ
1482 3190 1655 3261 πυρὸς
1684 3187 1870 3259 φύσις.

276 3276 665 3329 saw-marica
686 3276 781 3330 xui
805 3276 1201 3347 ἐμφωλεύουσα
1219 3282 1288 3351 τῇ
1312 3282 1533 3351 ποιήσει
1551 3281 1654 3353 τῆς
1672 3281 1871 3353 χέρσου

276 3366 550 3434 φαίνεται.
598 3366 762 3420 Ὄποι
807 3367 854 3421 δ’
900 3368 967 3422 ἂν
1019 3368 1286 3435 πατάξεις
1320 3370 1490 3437 λίθον,
1545 3372 1874 3427 ἀποκυεῖται

273 3456 410 3529 πῦρ,
445 3458 541 3511 καὶ
578 3457 815 3528 σιδήριον
843 3459 1186 3531 τριϐομένων
1206 3500 1220 3525 ,
1247 3461 1453 3532 ὁμοίως
1480 3462 1730 3533 γίνεσθαι
1758 3446 1874 3520 νπὲ-

276 3567 442 3619 φυκε,
472 3546 574 3604 καὶ
604 3549 778 3618 ξύλων
818 3553 1254 3624 συνθλιϐομένων
1300 3555 1703 3629 παραπλησίως
1737 3558 1872 3611 ἀποο

273 3638 586 3693 δείκνυται·
628 3639 705 3704 ὠς
733 3643 762 3695 ὁ
790 3643 888 3713 τῆς
914 3643 1130 3715 ἀπήνης
1154 3642 1300 3710 ἄξων
1332 3644 1503 3715 δηλοῖ,
1539 3646 1616 3718 τῷ
1655 3647 1875 3719 πιεσμῷ

275 3730 369 3783 τοῦ
416 3732 620 3802 φόρτου
669 3734 1106 3805 διασμυχόμενος
1150 3736 1231 3807 τῷ
1278 3737 1673 3810 ὲγκεκραμένῳ
1715 3740 1871 3811 πυρί.

276 3822 353 3876 υύ
382 3822 494 3901 μὴν
530 3823 609 3889 δὲ,
644 3823 782 3877 ἀλλὰ
811 3825 906 3877 καὶ
949 3825 1133 3897 μύλων
1170 3825 1429 3897 διακενῆς
1463 3830 1873 3902 στρεφομένων,

276 3910 376 3964 θέα
413 3905 477 3966 τὸ
512 3913 622 3983 πῦρ
661 3913 1051 3986 ὲξαλλόμενοθ·
1094 3918 1216 3971 καθ’
1256 3913 1332 3973 ὧν
1376 3920 1476 3992 τὴν
1525 3921 1743 3986 εἰκόνα,
1782 3923 1879 3979 καὶ

275 4004 388 4057 τῶν
416 4005 595 4074 νεφῶν
612 4008 969 4079 παρατριὸαὶ,
993 4011 1108 4073 τοῖς
1132 4010 1442 4080 πνεύμασιν
1476 4012 1875 4084 ἐλαυνομένων,

279 4095 569 4167 ἀστραπὰς
608 4098 895 4152 ἀποτελεῖν
944 4099 1188 4153 εἰώθασι.
1242 4101 1429 4155 Πάντα
1473 4101 1582 4173 γὰρ
1612 4104 1760 4175 πυρὶ·
1782 4102 1876 4157 κέ-

278 4203 484 4257 κραται
504 4225 519 4250 .
556 4186 739 4251 καθὼς
770 4188 978 4260 Πέτρος
1012 4190 1200 4260 φησὶν,
1240 4190 1271 4244 ὁ
1305 4189 1617 4262 κλειδοῦχος
1646 4193 1748 4264 τῆς
1776 4193 1878 4265 βα·-

280 4277 491 4340 σιλείας
512 4275 622 4329 τῶν
640 4276 909 4350 οὐρανῶν,
935 4278 1079 4335 οὕτω
1103 4296 1241 4345 πως·
1266 4284 1332 4336 Oi
1356 4281 1466 4353 γὰρ
1490 4283 1609 4339 νῦν
1630 4285 1877 4354 οὐρανοὶ

278 4368 377 4423 καὶ
410 4368 452 4436 ἠ
488 4367 565 4438 m"
598 4369 743 4437 πυρὶ
769 4370 1311 4441 τεθησαυρισμένοι
1337 4374 1491 4439 εισι,
1518 4376 1880 4446 τηρούμενοι

277 4462 368 4529 εις
412 4459 647 4529 ἡμέραν
685 4462 940 4530 κρίσεως
981 4463 1081 4518 καὶ
1139 4464 1444 4533 ἀπωλείας
1481 4465 1603 4522 τῶν
1640 4468 1882 4525 ἀσεϐῶν

278 4549 630 4621 ἀνθρώπων.
1759 4563 1763 4567 “

872 4644 1125 4700 ΠΕΥΣῙΣ
1161 4644 1289 4699 NZ'.

352 4730 467 4786 Καὶ
500 4730 619 4796 πῶς
660 4733 930 4805 χειμῶνος
950 4775 965 4801 ,
1010 4735 1122 4789 τῶν
1150 4736 1333 4790 αὐτῶν
1374 4735 1547 4793 ὄντων
1576 4738 1757 4811 νεφῶν
1789 4742 1887 4797 καὶ

284 4822 527 4893 ἀνέμων,
555 4823 659 4877 οὐκ
685 4824 966 4895 ἀστραπὴ,
1006 4825 1067 4879 οὐ
1100 4823 1301 4898 βροντὴ
1322 4825 1573 4895 γίνεταις

900 4914 1272 4986 Ἀπόκρισις.

357 5004 440 5059 T3:
470 5004 600 5075 περ).
634 5003 865 5076 βροντῆς
899 5006 1158 5078 ἀνωτέρω
1195 5008 1333 5080 πρὸς
1363 5007 1426 5062 τὸ
1461 5008 1653 5064 δοκοῦν
1690 5027 1782 5083 μοι
1810 5011 1889 5065 sl-

285 5113 473 5169 ρηται.
507 5095 582 5148 Τὸ
613 5096 693 5161 δὲ,
734 5096 1005 5167 χειμῶνος
1043 5096 1337 5169 ἀστραπὰς
1384 5098 1461 5170 μὴ
1498 5099 1881 5169 ἐκφαίνεσθαι,

282 5185 374 5240 διὰ
398 5187 501 5258 τὴν
523 5184 618 5241 τοῦ
647 5186 810 5260 ἀέρος
839 5187 1131 5259 παχύτητα
1152 5187 1317 5253 δοκῶ,
1345 5188 1440 5243 καὶ
1464 5190 1563 5261 τὴν
1587 5191 1887 5263 διήκουσαν

285 5278 470 5333 νοτίδα
514 5278 624 5332 τῶν
668 5278 866 5349 νεφῶν.
917 5281 993 5333 Οὐ
1029 5279 1141 5350 γὰρ
1187 5280 1391 5351 ὁμοίως
1424 5280 1486 5336 τδ
1517 5282 1751 5354 ἄνικμον
1790 5284 1887 5338 καὶ

288 5369 454 5441 ξηρὸν
485 5367 566 5439 τῷ
594 5368 867 5441 διαϐρόχῳ
901 5370 996 5425 καὶ
1042 5370 1235 5425 enasci
1273 5372 1333 5425 ὲν
1362 5373 1484 5436 ταῖς
1516 5374 1889 5445 παρατρίψεσι

287 5458 578 5530 φαίνεσθαι
600 5460 867 5530 πέφυκεν,
890 5460 986 5517 τοῦ
1017 5462 1117 5535 μὶν
1144 5449 1636 5535 παραφλεγομένου
1655 5503 1672 5531 ,
1701 5464 1797 5519 τοῦ
1825 5465 1883 5519 δὲ

286 5551 825 5626 παρολισθαίνοντος.

1714 420 1824 477 DIA
1834 420 1966 480 LOG
1977 422 2061 480 US
2096 420 2139 481 1.

3447 415 3554 477 926

1966 545 2035 601 ad
2076 543 2293 601 Patrem
2333 545 2660 615 loquentis:
2710 542 3011 616 Antequam
3069 543 3299 615 abysso:
3335 544 3558 615 faceret,

1968 652 2119 690 erans
2150 634 2295 707 apud
2328 636 2533 706 ipsum,
2570 645 2693 705 apte
2730 637 2913 691 omnia
2950 635 3240 705 disponens
3272 636 3296 669 ⁸
3333 654 3347 691 :
3399 636 3563 691 nimi-

1965 742 2109 795 rum,
2142 729 2382 797 potentia
2406 736 2457 782 et
2479 728 2747 797 sapientia
2782 727 2901 793 Dei,
2929 726 3179 784 Christus
3216 732 3256 785 ⁵.

2406 817 2932 876 INTERROGATIO
2970 818 3106 877 LIV.

2034 911 2142 967 Aer
2164 910 2388 980 quando
2418 910 2600 969 factus
2628 911 2754 967 est?
2780 908 2922 965 Num
2970 910 3119 981 quod
3139 912 3309 967 etiam
3352 905 3423 963 de
3459 905 3564 962 hoc

1963 1004 2253 1074 scripserit
2298 1002 2584 1069 Solomon,
2620 1005 2810 1059 dicere
2842 1002 3040 1073 potest

2601 1094 2918 1165 Responsio.

2037 1186 2179 1241 Audi
2215 1185 2419 1241 Moscm
2441 1184 2715 1240 dicentem
2748 1202 2764 1239 :
2809 1182 2877 1237 Et
2908 1182 3133 1253 spiritus
3172 1180 3266 1236 Dei
3294 1180 3565 1251 ferebatur

1964 1292 2129 1345 supra
2158 1264 2353 1349 aquam
2373 1278 2416 1332 ⁵.
2449 1274 2587 1331 Cum
2622 1275 2729 1330 hoc
2755 1282 2943 1330 autem
2974 1273 3257 1329 consentit
3295 1280 3352 1327 et
3394 1272 3565 1325 Amos

1966 1372 2064 1425 sus
2090 1389 2105 1425 ;
2134 1367 2394 1423 Dominus
2421 1365 2699 1420 intendens
2724 1365 2949 1429 tonitru,
2977 1373 3029 1418 et
3058 1378 3248 1418 creans
3267 1361 3561 1432 spiritum‘.

2421 1539 2949 1600 lNTER-ROGATIO
2990 1538 3102 1597 LV.

2040 1633 2245 1693 Verum
2280 1649 2394 1690 non
2442 1634 2513 1690 de
2558 1633 2663 1689 hoc
2721 1647 2851 1689 aere
2898 1631 3059 1697 dicit,
3111 1630 3210 1687 sed
3261 1630 3448 1702 potius
3494 1632 3566 1689 de

1970 1724 2179 1797 Spiritu
2206 1733 2402 1781 sancto
2431 1726 2640 1779 dictum
2672 1730 2760 1781 est
2820 1722 2877 1779 id
2928 1724 3183 1779 verbum.
3240 1720 3362 1778 Non
3414 1723 3566 1797 enim

1969 1816 2120 1872 aliud
2148 1817 2390 1873 dicimus
2417 1832 2542 1873 esse
2574 1823 2670 1869 aut
2704 1816 2895 1871 vocari
2941 1814 3226 1886 spiritum,
3264 1829 3439 1885 quam
3482 1814 3568 1887 ip-

1970 1924 2096 1967 sum
2136 1910 2401 1981 Spiritum
2434 1918 2877 1964 sacrosanctum.

2600 1998 2913 2068 Responsio.
3004 2012 3007 2013 '

2041 2088 2247 2147 Vereor
2272 2103 2343 2144 ne
2371 2101 2497 2143 cum
2517 2097 2774 2143 creatura
2797 2101 3199 2142 eonnnmerem
3232 2084 3566 2161 incrcatum.

1968 2182 2364 2238 Verumtamen
2391 2194 2505 2235 non
2550 2194 2759 2251 negans
2817 2179 2924 2233 hoc
2984 2176 3133 2248 quod
3188 2176 3396 2233 dictum
3458 2184 3566 2240 est,

1969 2274 2221 2337 admitto,
2252 2279 2308 2327 et
2348 2271 2520 2339 hunc,
2564 2272 2611 2327 si
2644 2278 2703 2325 ut
2754 2286 2855 2340 par
2888 2277 2978 2326 est
3028 2278 3083 2325 et
3118 2267 3232 2325 Deo
3279 2268 3566 2337 competit,

1972 2363 2329 2434 intelligatur,
2366 2361 2501 2416 l‘erri
2539 2376 2707 2432 supra
2754 2376 2954 2431 aquas,
2990 2356 3056 2415 ad
3083 2358 3321 2415 viventia
3362 2360 3568 2431 produ-

1970 2454 2146 2509 cenda
2181 2454 2333 2523 ipsas
2357 2452 2656 2518 foventem,
2690 2460 2745 2507 et
2781 2455 2954 2506 instar
2998 2450 3325 2506 ineubantis
3349 2450 3571 2520 gallina:

1972 2545 2190 2599 vitalem
2226 2546 2519 2615 quamdam
2567 2546 2676 2598 vim
2716 2544 3101 2599 innnittenlem
3146 2542 3308 2614 aquis
3357 2542 3462 2598 sub
3509 2559 3571 2600 se

1972 2636 2124 2705 l‘otis,
2150 2638 2217 2692 ad
2250 2637 2617 2709 producenda
2646 2638 2935 2691 innumera
2967 2635 3207 2706 piscium
3245 2632 3468 2706 genera.

2417 2727 2949 2784 INTERROGATIO
2990 2726 3126 2785 LVI.

2040 2821 2310 2893 Cupimus
2346 2821 2575 2892 insuper
2603 2836 2672 2876 ex
2715 2830 2768 2876 te
2812 2821 3032 2876 discere
3098 2818 3169 2875 de
3214 2825 3345 2875 ortu
3400 2820 3569 2891 ignis.

1970 2911 2254 2983 Nusquam
2288 2915 2434 2967 enim
2471 2914 2527 2965 in
2561 2910 2855 2983 Scriptura
2883 2910 3144 2978 legimus,
3177 2908 3326 2980 quod
3366 2907 3575 2965 dixerit

1866 3086 1867 3089 η
1977 3001 2143 3070 Deus,
2169 2999 2289 3056 Fiat
2316 3002 2482 3071 ignis.

2614 3091 2924 3161 Responsio.

2046 3185 2305 3242 Omnium
2345 3186 2581 3241 maxime
2610 3185 2802 3238 cllicax
2826 3190 2911 3237 est
2951 3188 3152 3236 natura
3202 3178 3373 3252 ignis,
3418 3178 3573 3235 vide-

1981 3277 2514 3349 ιυτῳιειοιιείειοτε
2548 3282 2601 3330 et
2648 3274 2870 3329 latitare
2925 3272 2983 3327 in
3052 3272 3336 3327 creatione
3386 3281 3571 3327 teme.

1977 3370 2212 3438 Quando
2274 3369 2508 3440 lapidem
2564 3368 2938 3438 percusseris,
3000 3381 3069 3420 ex
3135 3379 3202 3420 eo
3257 3363 3575 3433 concipitur

1980 3463 2145 3534 ignis,
2170 3472 2226 3519 et
2267 3461 2416 3517 ferro
2443 3460 2941 3523 collisosimiliter
2980 3455 3119 3512 ellici
3155 3455 3319 3511 solet.
3363 3448 3474 3509 Se'd
3512 3465 3569 3509 et

1979 3555 2145 3628 lignis
2176 3554 2389 3611 collisis
2414 3551 2781 3608 consimiliter
2820 3549 3189 3620 tonspicitur,
3228 3555 3289 3601 ut
3332 3545 3576 3601 ostendit

1979 3649 2098 3703 axis
2126 3647 2179 3701 in
2206 3661 2374 3702 curru
2402 3660 2469 3699 ex
2502 3658 2761 3714 pressura
2796 3641 2985 3699 oneris
3034 3641 3238 3696 ardens
3299 3654 3398 3710 per
3462 3638 3562 3693 ad—

1980 3738 2201 3793 mistum
2245 3737 2449 3806 ignem.
2480 3732 2670 3805 Neque
2700 3733 2754 3788 id
2783 3740 3021 3797 tantum,
3084 3730 3182 3788 sed
3238 3738 3293 3787 et
3320 3730 3477 3784 molae
3526 3730 3575 3784 si

1978 3828 2423 3896 circumaguntur
2470 3824 2687 3889 inanes,
2723 3831 2949 3893 apparet
2975 3821 3121 3893 ignis
3170 3820 3472 3888 exsiliens;
3506 3820 3575 3873 ad

1977 3927 2215 3989 quarum
2247 3916 2669 3972 similitudinem
2698 3922 2752 3971 et
2776 3914 3007 3987 nubium
3035 3913 3363 3969 collisiones
3390 3912 3573 3967 ventis

1980 4007 2347 4078 impulsarum
2396 4006 2623 4063 efﬁcere
2665 4006 2884 4077 fulgura
2915 4014 3343 4063 consueverunt.
3381 4005 3574 4061 Omnia

1978 4096 2125 4152 enim
2160 4096 2271 4168 igni
2309 4085 2475 4153 mist'a
2504 4104 2657 4161 sunt,
2704 4107 2760 4153 ut
2786 4097 2964 4167 inquit
3003 4096 3203 4153 Petrus
3232 4097 3345 4164 ille,
3392 4098 3577 4152 claves

1981 4191 2132 4260 regni
2164 4188 2432 4244 cmlorum
2465 4197 2714 4260 gestans,
2778 4188 2844 4243 ad
2907 4189 3060 4247 hunc
3121 4188 3237 4245 fere
3295 4188 3577 4244 modum:

1984 4274 2130 4331 Nam
2158 4276 2275 4331 ειειὶ
2306 4278 2399 4347 qui
2423 4293 2562 4330 nunc
2589 4285 2711 4330 sunt
2742 4286 2792 4330 et
2835 4288 3001 4339 terra,
3035 4278 3151 4348 igni
3184 4276 3403 4345 repositi
3435 4284 3577 4335 sunt,

1981 4373 2032 4419 et
2060 4373 2341 4418 servantur
2369 4365 2427 4417 in
2465 4362 2606 4418 diem
2630 4357 2830 4434 judicii
2858 4373 2911 4417 et
2935 4362 3261 4432 perditionis
3290 4363 3577 4431 impiorum

1974 4456 2255 4510 nominum
2283 4454 2326 4513 '.

2328 4634 2331 4637 ’
2411 4635 2766 4692 INTERROG
2777 4634 2937 4692 ΑΤΙΟ
2987 4634 3150 4691 LVII.

2054 4731 2126 4782 At
2156 4728 2253 4799 qui
2285 4725 2344 4781 lit
2395 4724 2457 4781 ut
2487 4726 2690 4791 hieme,
2722 4740 2847 4781 cum
2884 4724 3093 4781 easdem
3145 4732 3279 4779 sunt
3317 4724 3493 4780 nubes
3522 4730 3581 4781 et

1982 4820 2156 4888 venti,
2188 4833 2368 4891 neque
2392 4817 2578 4889 fulgur
2607 4833 2787 4889 neque
2819 4806 3029 4872 tonitru
3071 4815 3167 4871 ﬁat
3194 4817 3219 4871 ?

2628 4909 2937 4980 Responsio.

2052 5001 2216 5071 Quod
2247 5003 2455 5059 tonitru
2491 5002 2713 5067 attinet,
2747 5001 2880 5073 quid
2920 5000 3057 5055 mihi
3092 5000 3374 5067 videatur,
3407 5015 3579 5072 supra

1987 5094 2198 5151 dictum
2228 5102 2333 5152 est.
2354 5094 2513 5163 Quod
2529 5110 2661 5151 vero
2679 5094 2899 5165 fulgura
2934 5109 3043 5149 non
3076 5101 3348 5165 apparent
3380 5092 3579 5157 hieme,

1988 5196 2214 5260 propter
2252 5188 2399 5244 aeris
2423 5188 2858 5244 crassitudinem
2903 5186 3021 5242 ﬁeri
3059 5194 3216 5257 puto,
3264 5194 3320 5240 et
3362 5195 3584 5255 propter

1988 5288 2366 5351 penetrantem
2400 5279 2689 5335 humorem
2720 5277 2974 5333 nubium.
2996 5277 3117 5333 Non
3136 5278 3282 5334 enlim
3310 5278 3583 5348 quemad-

1988 5374 2212 5429 modum
2237 5371 2388 5443 quod
2420 5371 2635 5427 siccum
2673 5353 2730 5426 et
2757 5368 2992 5424 aridum.
3014 5375 3122 5432 est,
3161 5367 3326 5441 etiam
3349 5368 3581 5424 madida

1990 5475 2046 5522 et
2079 5466 2309 5525 multam
2344 5463 2606 5519 habentia
2641 5462 2927 5518 materiem
2964 5462 3031 5525 in,
3066 5457 3450 5519 collisionibus
3491 5460 3579 5516 lu-

1990 5566 2119 5607 cere
2150 5552 2365 5614 solent;
2396 5565 2521 5605 cum
2552 5548 2686 5606 illud
2716 5548 2938 5619 quidem
2970 5564 3067 5620 per
3098 5548 3281 5621 ignem
3312 5545 3575 5606 incensi»

1992 5650 2108 5709 tur,
2144 5642 2201 5698 in
2236 5643 2339 5699 hoc
2373 5658 2503 5699 vero
2534 5640 2618 5698 vis
2648 5641 2770 5713 ejus
2803 5639 3116 5698 ﬂaccescat.

360 5753 383 5787 ⁸
420 5753 582 5811 Prov.
619 5770 741 5820 νιιι,
766 5754 859 5821 24,
889 5755 977 5811 '50.
1054 5758 1077 5791 δ
1118 5756 1291 5817 lCor.
1324 5773 1363 5826 ι,
1391 5758 1480 5816 94.
1558 5758 1579 5791 ⁵
1619 5755 1753 5815 Gen.
1797 5757 1873 5828 1,5

1995 5738 2015 5789 ⁸
2052 5748 2220 5815 Amos
2256 5772 2330 5823 ιν,
2368 5756 2452 5811 15.
2530 5756 2549 5787 ⁷
2587 5753 2630 5812 ιι
2658 5754 2803 5814 Petr.
2843 5771 2925 5823 nl,
2960 5754 3015 5811 7.

366 5873 477 5945 (l9)
545 5873 852 5943 Ἀνιέντος.
884 5873 1046 5933 Forte
1078 5877 1332 5942 ὲνιέντος.
1367 5879 1463 5935 En.
