4020 6302
529 396 632 455 927

935 494 1460 561 INTERROGATIO
1510 501 1700 559 LVIII.

602 600 758 655 Satis
777 600 999 670 quidem
1039 613 1167 651 vera
1208 606 1339 653 sunt
1364 613 1491 668 qua:
1537 596 1722 651 dicis:
1778 612 1967 653 verum
2018 612 2121 653 nos

525 689 599 747 de
628 692 843 762 fulgure
866 692 1250 761 quaerimus.et
1284 689 1351 743 de
1385 688 1741 759 generatione
1778 688 1944 761 ignis,
1996 689 2121 745 ubi-

530 793 660 835 nam
692 779 895 833 dixerit
923 778 1093 843 Deus,
1122 777 1242 832 Fiat
1276 778 1441 847 ignis.

1168 868 1476 934 Responsio.

603 958 783 1019 Moses
814 962 1009 1017 scribit
1041 980 1053 1017 :
1090 960 1160 1014 Ει
1182 961 1322 1014 die}:
1356 962 1496 1015 Deus
1532 980 1551 1016 :
1587 962 1714 1017 Fiat
1747 964 1949 1027 lum;et
1975 950 2131 1030 facta

531 1064 609 1109 est
638 1039 732 1107 In};
763 1053 786 1085 ⁸
818 1071 831 1106 :
865 1052 1123 1107 videlicet
1157 1051 1301 1120 ignis
1326 1063 1543 1106 natura.
1584 1050 1701 1106 Non
1734 1053 1881 1107 enim
1916 1052 2122 1107 solum-

530 1143 695 1196 modo
733 1141 782 1198 is
812 1142 956 1213 ignis
992 1148 1099 1207 est,
1132 1142 1226 1211 qui
1262 1140 1407 1209 apud
1459 1156 1562 1196 nos
1609 1152 1730 1207 est;
1773 1142 1867 1197 sed
1929 1150 1985 1196 et
2034 1155 2124 1195 su-

531 1249 719 1306 perna:
743 1235 851 1305 illae
886 1242 1186 1304 potestates
1216 1234 1359 1303 ignis
1391 1249 1516 1289 esse
1548 1234 1827 1298 videntur,
1874 1240 2124 1305 cognata:

530 1326 582 1381 ci
605 1325 701 1396 qui
725 1324 871 1395 apud
902 1340 1003 1379 nos
1033 1334 1137 1378 est.

971 1412 1498 1471 INTERROGATIO
1538 1412 1674 1469 LIX.

602 1505 711 1563 Sed
739 1507 1020 1577 quomodo
1067 1522 1345 1576 supernus
1375 1509 1422 1561 ei
1456 1508 1550 1577 qui
1576 1507 1724 1577 apud
1754 1522 1857 1563 nos
1875 1514 1985 1573 est,
2026 1522 2123 1564 co-

537 1607 732 1667 gnatus
766 1607 872 1661 est,
906 1614 1030 1651 cum
1084 1598 1175 1652 ille
1210 1597 1440 1667 quidem
1482 1598 1985 1670 inexstinguibilis,
2033 1600 2127 1656 hic

537 1697 715 1746 autem
746 1688 1156 1761 exstinguibilis
1186 1688 1307 1744 sit?

1166 1778 1475 1849 Responsio.

602 1871 1010 1943 PrOpemodum
1042 1873 1270 1944 angelos
1300 1882 1357 1929 et
1400 1883 1624 1929 nostras
1670 1874 1883 1931 animas
1918 1876 2118 1933 simili-

528 1959 775 2015 tudinem
809 1961 1103 2030 quamdam
1136 1961 1262 2016 dico
1298 1962 1522 2017 habere.
1544 1961 1790 2034 Utraque
1812 1948 1963 2019 enim
1990 1973 2122 2023 sunt

528 2052 785 2123 spiritus,
819 2068 850 2105 a
886 2053 994 2108 Deo
1014 2069 1179 2109 suum
1210 2063 1393 2109 ortum
1443 2053 1735 2112 habentes.
1787 2053 1855 2111 iii
1898 2057 2123 2132 quidem

530 2144 589 2200 in
624 2147 956 2217 corporibus
985 2147 1198 2204 nostris
1230 2145 1549 2218 lampadum
1575 2148 1752 2203 instar
1774 2148 2049 2215 lucentes,
2072 2158 2126 2207 et

529 2238 692 2308 quasi
725 2240 983 2294 exstincti
1012 2255 1109 2309 per
1134 2242 1564 2311 separationem,
1593 2240 1791 2311 agendi
1823 2241 2126 2297 efﬁcacita—

531 2339 641 2383 tem
672 2330 952 2385 amittunt.
984 2329 1120 2385 Nam
1156 2339 1213 2387 et
1253 2345 1285 2384 a
1332 2331 1613 2387 veteribus
1646 2332 1992 2403 sapientibus
2025 2332 2126 2387 bo-

531 2423 709 2478 mines
735 2426 1085 2495 appellantur
1100 2424 1238 2495 φῶς,
1256 2418 1364 2480 hoc
1392 2432 1501 2487 est,
1533 2425 1983 2496 lumen,propter
2011 2426 2121 2480 vim

530 2515 787 2575 rationis.
825 2514 1094 2571 Similiter
1118 2526 1174 2572 et
1200 2518 1345 2589 ignis
1369 2517 1654 2582 dicuntur,
1684 2525 1745 2572 ut
1786 2518 1952 2589 paulo
1996 2526 2123 2588 post

530 2606 946 2674 demonstrabo,
986 2617 1281 2680 postquam
1314 2610 1495 2665 oratio
1514 2609 1579 2663 ad
1613 2617 1859 2665 nostram
1892 2625 2125 2680 genera-

528 2698 736 2755 tionem
773 2715 1073 2771 progressa
1105 2700 1296 2759 fuerit.
1332 2702 1575 2772 Angelos
1608 2710 1792 2781 autem
1828 2701 1956 2757 dico
2012 2702 2125 2773 spi-

533 2791 678 2847 ritus
736 2793 1251 2870 inexstinguibiles,
1291 2812 1404 2850 non
1454 2796 1725 2851 habentes
1771 2797 2119 2869 corporalem

529 2881 961 2951 disjunctionem
989 2891 1084 2938 aut
1118 2880 1551 2953 copulationem.
1610 2886 1782 2941 Porro
1809 2887 2120 2943 animorum

529 2980 584 3028 ct
609 2974 929 3043 angelorum
958 2975 1379 3031 similitudinem
1404 2978 1568 3031 etiam
1594 2986 1712 3035 tres
1729 2978 1807 3032 illi
1826 2980 2004 3035 sancti
2023 2996 2120 3037 ex-

530 3072 862 3132 presserunt
899 3066 1053 3134 pueri
1096 3082 1223 3121 cum
1263 3067 1419 3120 aiunt
1458 3087 1471 3121 :
1526 3066 1849 3133 Benedicite,
1898 3072 2122 3141 spiritus

530 3162 581 3206 et
613 3154 811 3208 anima:
844 3156 1135 3224 iustorum,
1176 3156 1523 3214 Dominum’.
1563 3159 1630 3213 Et
1663 3176 1862 3215 rursus
1893 3161 1947 3215 in
1988 3178 2124 3216 can-

531 3246 659 3301 ticis
698 3245 934 3303 Davides
970 3249 1147 3319 inquit
1188 3268 1201 3302 :
1233 3250 1338 3316 Qui
1372 3250 1503 3318 facit
1525 3252 1741 3321 angefos
1790 3269 1925 3309 suos,
1958 3256 2122 3323 spiri-

532 3348 620 3393 tus
661 3339 724 3394 '°.
769 3338 834 3393 Et
871 3340 1293 3396 similitudinem
1346 3344 1594 3412 ipsorum
1640 3343 1708 3399 ad
1762 3346 1979 3402 animas
2024 3364 2125 3405 no-

532 3438 678 3485 stras
709 3429 947 3487 innuens
974 3432 1188 3500 inquit:
1235 3432 1495 3487 Velociler
1518 3435 1717 3490 exaudi
1761 3452 1859 3501 me,
1880 3435 2123 3501 Domine,

530 3524 660 3594 quia
690 3522 885 3591 defecit
915 3524 1140 3593 spiritus
1168 3540 1313 3579 meus
1338 3526 1401 3577 ¹¹.

986 3615 1515 3674 INTERROGATIO
1554 3617 1669 3674 LX.

607 3704 898 3771 Quomodo
925 3722 1058 3761 vero
1094 3708 1237 3779 ignis
1266 3708 1411 3778 apud
1453 3725 1555 3766 nos
1598 3710 1761 3766 habet
1794 3727 1902 3765 vum
1931 3712 2126 3768 urendi

534 3795 684 3867 ligna
715 3808 771 3851 et
801 3798 1104 3867 quamlibet
1147 3800 1471 3867 materiam;
1504 3814 1779 3869 supernus
1809 3809 1991 3857 autem
2017 3816 2129 3857 non

536 3885 721 3941 adurit
744 3886 930 3943 aridas
957 3887 1212 3953 arbores,
1256 3897 1355 3943 aut
1409 3890 1595 3945 ovium
1642 3892 1866 3953 vellera.
1906 3894 1995 3947 vel
2036 3908 2131 3948 ca-

539 3977 701 4046 pillos
729 3988 950 4034 nostros
983 3979 1087 4035 soli
1113 3980 1433 4050 expositos?-

1179 4068 1487 4140 Responsio.

613 4160 698 4216 Sit
732 4161 848 4232 ipse
883 4162 988 4218 hac
1025 4164 1079 4219 in
1108 4171 1264 4234 parte
1307 4165 1391 4219 sol
1433 4165 1789 4236 praedagOgus
1826 4176 2033 4234 noster,
2067 4182 2132 4223 ac

541 4254 737 4310 doceat
766 4269 868 4312 nos
914 4264 1026 4310 tam
1064 4255 1175 4321 sui,
1210 4272 1375 4327 quam
1408 4257 1529 4326 ejus
1574 4260 1667 4328 qui
1712 4258 1854 4330 apud
1898 4274 2001 4315 nos
2026 4271 2132 4328 est,

540 4347 683 4419 ignis
711 4349 1125 4417 cognationem.
1157 4347 1293 4403 Nam
1340 4365 1717 4419 saepenumero
1744 4352 1911 4421 aliqui
1936 4365 2134 4422 capra-

541 4439 633 4501 rii,
657 4447 753 4493 aut
787 4440 1035 4506 bubulci,
1070 4448 1164 4493 aut
1194 4449 1443 4510 pastores
1474 4457 1739 4511 equorum
1784 4442 1841 4496 in
1879 4440 2136 4497 taberna-

540 4528 681 4584 culis
734 4527 999 4583 solilariis
1038 4537 1284 4600 agentes,
1327 4544 1451 4584 cum
1508 4544 1745 4599 coquere
1787 4544 1985 4586 carnes
2038 4537 2132 4585 aut

542 4618 819 4674 frumenta
845 4619 1059 4685 volunt,
1091 4620 1297 4675 mundo
1328 4620 1507 4676 vitreo
1542 4637 1672 4677 vase
1707 4636 1850 4692 aqua
1883 4622 2131 4691 impleto,

541 4702 593 4767 si
624 4726 691 4765 ex
723 4712 975 4782 opposito
1005 4712 1273 4769 solarium
1302 4714 1586 4769 radiorum
1635 4713 1690 4768 id
1731 4713 2030 4780 tenuerint,
2056 4721 2137 4770 te-

542 4804 876 4876 tigerintque
898 4818 1024 4860 cum
1056 4820 1190 4866 vase
1216 4806 1447 4876 aquario
1480 4807 1665 4860 timum
1704 4806 1945 4870 aridum,
1980 4821 2011 4861 ει
2040 4822 2136 4863 su-

545 4911 716 4968 perno
746 4896 953 4951 lumine
983 4898 1165 4967 ignem
1197 4897 1539 4971 concipiunt.

986 5010 1511 5091 lNTEliROGATlO
1554 5014 1687 5070 LXI.

619 5101 900 5160 Tenebras
928 5105 1055 5175 quis
1098 5105 1265 5161 fecit?
1312 5105 1453 5162 Num
1498 5108 1681 5164 Deus?
1726 5124 1795 5164 an
1854 5108 1923 5165 ab
1977 5110 2137 5167 initio

553 5199 815 5256 fuerunt?
841 5199 952 5255 Aut
980 5214 1112 5254 num
1158 5199 1415 5272 diabolus
1457 5216 1553 5259 eas
1604 5202 1757 5266 fecit,
1799 5214 1857 5266 ut
1880 5202 2141 5259 adversa-

552 5289 672 5345 rius
731 5288 907 5346 lucis?
950 5290 1310 5347 Arbitrantur
1359 5294 1507 5346 enim
1560 5293 1829 5365 plerique,
1873 5293 2021 5365 quod
2071 5296 2142 5353 ab

552 5382 711 5437 initio
732 5381 938 5439 fuerint
972 5393 1102 5439 ante
1143 5385 1435 5441 mundum.
1472 5385 1752 5457 Nusquam
1786 5388 1931 5443 enim
1962 5386 2143 5445 Moses

553 5475 710 5543 dicit,
744 5477 891 5548 quod
919 5477 1125 5548 aliquis
1157 5479 1416 5535 tenebras
1452 5478 1666 5545 fecerit,
1702 5478 1800 5536 sed
1836 5480 1984 5551 quod
2021 5480 2143 5538 fue-

555 5568 704 5625 rint:

1633 383 1691 439 S.
1730 380 2405 449 CJESABII,CREGORII
2446 383 2752 441 FRATRIS

3715 381 3824 438 928

2808 502 3063 559 ΠΕΥΣΙΣ
3103 501 3237 560 NH'.
3830 532 3839 536 -

2295 594 2492 660 Καλῶς
2538 594 2639 666 μὲν
2686 593 2801 665 ἔχει
2840 593 2909 647 τὰ
2962 592 3232 664 εἰρημένα
3253 635 3268 659 ,
3315 592 3452 646 ἀλλὰ
3505 597 3646 666 ἡμῖν
3694 597 3830 669 περὶ

2224 687 2573 758 ἁστραπῆςή
2626 688 2876 758 ζήτησις.
2932 684 3096 739 Ἀλλά
3142 685 3586 757 περιγενέσεως
3625 687 3825 761 πυρὸς,

2226 781 2331 835 ποῦ
2368 776 2523 835 εἴπεν
2555 782 2584 835 ό
2612 780 2769 844 Θεὸς,
2800 778 3094 849 Γενηθήτω
3120 776 3263 850 πῦρ;

2859 870 3214 939 Ἀπόκρισις.

2298 963 2507 1033 Μωσῆς
2554 962 2779 1034 γράφειο
2830 962 2941 1017 Καί
2976 956 3147 1015 εἶπεν
3196 962 3233 1015 δ
3282 960 3447 1026 Θεόςσ
3500 959 3834 1027 Γενηθήτω

2224 1053 2372 1123 φῶς,
2406 1056 2506 1109 καί
2544 1056 2784 1125 ἐγένετο
2807 1054 2957 1125 φῶς,
2984 1055 3019 1124 ἠ
3049 1052 3145 1107 τοῦ
3174 1050 3345 1121 πυρὸς
3372 1050 3617 1121 δηλονότι
3638 1051 3824 1122 φύσις.

2226 1150 2301 1201 oo
2336 1148 2447 1217 γάρ
2472 1149 2633 1218 μόνον
2657 1148 2719 1201 τὸ
2740 1149 2871 1218 παρ’
2900 1148 3034 1219 ἡμῖν
3057 1144 3171 1217 πῦρ
3197 1144 3455 1217 ὑπάρχει,
3484 1144 3624 1200 ἀλλὰ
3650 1146 3745 1199 καὶ
3766 1146 3830 1199 αι

2225 1240 2340 1293 ἄνω
2370 1238 2630 1309 δυνάμεις
2660 1238 2773 1311 πῦρ
2802 1235 2944 1294 εἶναί
2980 1256 3077 1310 μοι
3111 1236 3351 1304 δοκοῦσι,
3375 1240 3661 1307 συγγενεῖς
3685 1238 3829 1310 (19⁸)

2229 1327 2322 1381 τοῦ
2360 1329 2489 1398 παρ’
2523 1330 2676 1398 ἡμῖν.

2810 1421 3066 1475 ΠΕΥΣΙΣ
3103 1420 3230 1474 ΝΘν.

2298 1511 2408 1564 Καὶ
2444 1511 2558 1574 πῶς
2588 1511 2650 1564 τὸ
2680 1511 2794 1565 ἅνω
2832 1509 2927 1564 τοῦ
2958 1513 3087 1582 παρ’
3117 1512 3250 1581 ἡμῖν
3276 1513 3393 1565 ἐστι
3421 1511 3707 1582 συγγενὲς,
3727 1510 3831 1566 τοῦ

2229 1602 2329 1672 μὲν
2360 1601 2629 1655 ἀσϐέστου
2657 1602 2831 1670 ϐντος,
2858 1601 2955 1655 τοῦ
2988 1602 3046 1655 δὲ
3076 1601 3442 1673 σϐεννυμένου
3467 1619 3482 1668 ;

2843 1784 3214 1854 Ἀπόκρισις.

2299 1878 2709 1950 Παραπλησίως
2736 1877 2988 1947 ἀγγέλων
3028 1876 3127 1931 καὶ⁸
3154 1875 3265 1930 τῶν
3309 1876 3598 1949 ἡμετέρων
3635 1875 3831 1946 ψυχῶν

2223 1972 2284 2027 τὸ
2331 1973 2520 2042 ὅμοιον
2572 1969 2720 2041 ἔχειν
2774 1970 2939 2041 φημί.
3004 1970 3317 2041 Ἀμφότερα
3368 1969 3481 2040 γὰρ
3534 1969 3832 2040 πνεύματα

2224 2064 2484 2135 ὑπάρχει,
2520 2060 2673 2133 παρὰ
2704 2061 2839 2115 Θεοῦ
2872 2063 2973 2133 τὴν
3004 2062 3219 2131 γένεσιν
3258 2060 3475 2132 ἔχοντα.
3523 2061 3593 2114 τὰ
3622 2061 3724 2132 μὲν
3764 2062 3829 2115 ὲν

2222 2157 2337 2219 τοῖς
2372 2152 2622 2225 σώμασιν
2666 2154 2699 2224 ἡ
2710 2152 2827 2223 μῶν
2861 2151 3164 2222 λαμπάδιον
3209 2152 3367 2225 δίκην
3414 2152 3701 2222 φαίνοντα,
3732 2151 3835 2205 καὶ

2224 2247 2391 2302 οἱονεὶ
2428 2244 2766 2316 σϐεννύμενα
2792 2245 2861 2315 τῇ
2891 2242 3165 2309 διαξεύξει
3184 2282 3198 2308 ,
3221 2242 3639 2314 τῆςὲνεργείας
3667 2242 3833 2297 παυὸ-

2228 2355 2387 2409 μενα.
2418 2337 2540 2401 Φῶς
2585 2336 2694 2410 γὰρ
2738 2336 2836 2391 καὶ
2885 2335 3073 2407 βροτοὶ
3108 2336 3264 2411 παρὰ
3290 2337 3403 2399 τοῖς
3430 2333 3602 2388 πάλαι
3642 2336 3832 2403 σοφοῖς

2224 2429 2729 2500 προσαγορεύονται
2752 2466 2766 2491 ,
2800 2427 2878 2491 ὡς
2913 2427 3111 2499 μικρὸν
3142 2425 3369 2497 ὕστερον
3402 2423 3697 2488 ἀποδείξω,
3732 2423 3831 2478 τοῦ

2216 2519 2383 2588 ’λόγου
2428 2518 2713 2589 προϊόντος
2750 2517 2846 2569 ἐπὶ
2874 2518 2975 2589 τὴν
3008 2516 3290 2598 ἡμετέραν
3322 2514 3561 2584 γένεσιν.
3608 2513 3753 2577 Τοὺς
3784 2511 3833 2564 δ’

2224 2612 2491 2683 ἀγγέλους
2520 2614 2667 2683 φημὶ⁹
2709 2612 3000 2683 πνεύματα
3032 2610 3273 2663 ἄσϐεστα
3299 2649 3316 2675 ,
3366 2607 3444 2680 μὴ
3478 2607 3673 2679 ἔχοντα
3720 2622 3831 2659 σω-

2229 2705 2464 2775 ματικὴν
2496 2703 2797 2775 συνάφειαν
2828 2702 2924 2755 καὶ
2946 2701 3249 2754 διάστασιν.
3282 2700 3396 2771 Τὴν
3424 2698 3483 2752 δὲ
3508 2696 3701 2768 ψυχῶν
3734 2696 3834 2749 καὶΙ

2224 2794 2475 2867 ἀγγέλων
2512 2794 2832 2864 ὁμοιότητα,
2860 2792 2953 2845 καὶ
2982 2792 3034 2845 οι
3077 2794 3221 2863 τρεῖς
3271 2792 3419 2859 ἅγιοι
3470 2789 3837 2860 παρέστησαν

2224 2888 2433 2951 παῖδες,
2468 2885 2791 2955 Εὐλοτεῖτε
2812 2922 2828 2950 ,
2860 2885 3162 2954 φάσκοντες
3182 2922 3197 2947 ,
3227 2882 3541 2950 πνεύματα
3574 2880 3677 2935 καὶ
3707 2882 3833 2948 30-0-

2225 2979 2325 3048 χαι
2358 2976 2628 3041 δικαίων,
2654 2976 2761 3030 τόν
2790 2976 3026 3043 Κύριον.
3056 2974 3170 3027 Καὶ
3204 2972 3363 3026 πάλιν
3391 2973 3455 3025 ὲν
3486 2969 3782 3041 μελῳδίαις
3804 2970 3837 3023 δ

2225 3069 2390 3123 Δαϐίδ
2418 3086 2608 3139 φησιν·
2651 3068 2712 3120 '0
2737 3065 2925 3120 ποιῶν
2944 3065 3086 3132 τοὺς
3118 3064 3416 3134 ἀγγέλους
3434 3062 3624 3117 αὐτοῦ
3649 3061 3837 3115 πνεύ-

2222 3180 2402 3234 ματα.
2422 3164 2496 3215 Τὸ
2521 3163 2567 3215 δ’
2596 3163 2781 3232 ὅμοιον
2798 3156 2979 3213 αὐτῶν
3005 3157 3141 3229 πρὸς
3167 3156 3267 3220 τὰς
3289 3153 3449 3226 ἡμῶν
3475 3152 3652 3224 ψυχάς
3681 3169 3835 3223 παρ-

2233 3254 2419 3319 ιστῶν,
2465 3254 2629 3325 φησί·
2687 3250 2848 3320 Ταχὺ
2897 3248 3272 3305 είσάκουσόν
3315 3264 3461 3317 μου,
3492 3246 3706 3313 Κύριε,
3739 3242 3839 3309 ἐξ·

2228 3346 2405 3400 ἐλιπε
2437 3344 2503 3399 τὸ
2535 3342 2777 3413 πνεῦμά
2795 3359 2939 3414 μου.

2872 3614 3121 3668 ΠΕΥΣΙΣ
3152 3612 3228 3667 Ξ’.

2300 3712 2414 3768 Καὶ
2437 3711 2555 3775 πῶς
2572 3710 2633 3765 τὸ
2653 3708 2783 3781 παρ’
2810 3709 2943 3780 ἡμῖν
2976 3704 3109 3777 πῦρ,
3136 3703 3435 3759 καυστικὺν
3466 3703 3707 3774 ὑπάρχει
3726 3702 3840 3756 τῶν

2232 3804 2425 3870 ξύλων,
2455 3802 2550 3857 καὶ
2577 3802 2760 3872 πάσης
2784 3799 2918 3869 ὕλης
2941 3815 2953 3827 ·
2978 3799 3041 3851 τὸ
3068 3798 3114 3851 δ’
3142 3797 3256 3851 ἄνω
3275 3796 3337 3849 οὐ
3367 3795 3556 3863 φλέγει
3583 3793 3651 3847 τὰ
3694 3793 3840 3864 ξηρά

2230 3898 2340 3950 τῶν
2370 3895 2623 3974 δένδρων,
2660 3892 2693 3962 ἢ
2728 3891 2799 3946 τὰ
2835 3890 2969 3982 ’ξρια
3000 3891 3109 3943 τῶν
3150 3885 3522 3959 προϐάτωνίῆ
3547 3885 3643 3950 τὰς
3673 3885 3839 3957 ἡμῶν

2233 3987 2428 4058 τρίχας
2457 3983 2770 4055 ἡλιωμένας
2799 3998 2813 4047 ;

2862 4072 3221 4140 Ἀπόκρισις.

2316 4169 2377 4222 '0
2410 4168 2559 4240 ἥλιος
2590 4166 2693 4239 μὲν
2726 4164 3075 4233 παιδαγωγὸς
3105 4164 3352 4235 γένηται,
3383 4162 3651 4217 διδάσκων
3690 4163 3838 4234 ἡμᾶς

2236 4261 2331 4315 τοῦ
2387 4258 2592 4314 οίκείου
2636 4258 2809 4330 πυρὸς
2852 4257 2948 4311 καὶ
2989 4255 3086 4311 τοῦ
3132 4255 3265 4325 παρ’
3314 4256 3452 4327 ἡμῖν
3488 4254 3589 4326 τὴν
3634 4254 3839 4325 συγγέ-

2236 4370 2407 4409 νειαν.
2428 4352 2695 4418 Πολλάκις
2726 4352 2833 4425 γάρ
2862 4358 3010 4413 τινες
3035 4348 3143 4404 τῶν
3168 4349 3409 4403 αἰπόλων
3436 4348 3470 4418 ἢ
3497 4347 3775 4419 βουκόλων
3804 4346 3837 4417 ἢ

2240 4447 2619 4520 ίπποφορϐῶν,
2656 4448 2716 4500 ὲν
2764 4449 2992 4517 σκηναῖς
3022 4444 3111 4497 ἐπ’
3150 4446 3375 4515 ἐρήμων
3405 4442 3711 4513 διάγοντες,
3741 4441 3838 4496 πέ-

2241 4541 2343 4611 ψαι
2370 4539 2511 4611 κρέα
2547 4538 2581 4610 ἢ
2624 4541 2748 4592 σῖτα
2780 4537 3117 4609 βουλόμενοι,
3141 4536 3306 4589 ὑάλου
3360 4534 3611 4605 καθαρᾶς
3643 4532 3839 4597 σκεῦος

2240 4632 2634 4705 πληρώσαντες
2699 4630 2914 4695 ὓδατος,
2959 4630 3055 4683 καὶ
3115 4627 3345 4698 ἀντικρὺ
3421 4626 3532 4681 τῶν
3600 4626 3837 4697 ἡλιακῶν

2240 4724 2477 4778 ἀκτίνων
2508 4724 2883 4795 κρατήσαντες
2902 4761 2917 4787 ,
2954 4722 3003 4773 εί
3029 4719 3378 4789 ψαύσειαντῇ
3405 4718 3635 4790 ὑδροχόῃ
3668 4716 3840 4779 ὁνίδος

2243 4815 2447 4886 ξηρᾶς,
2479 4818 2544 4870 ὲκ
2586 4816 2685 4887 τῆς
2728 4813 2937 4869 ἄνωθεν
2974 4812 3329 4884 φρυκτωρίας
3361 4810 3425 4865 τὸ
3466 4810 3580 4881 πῦρ
3608 4806 3840 4879 genus.

2248 4925 2430 4964 σαντο.

2837 5016 3092 5074 ΠΕΥΣΙΣ
3133 5014 3255 5067 ΞΔἎ

2321 5112 2396 5167 Τὸ
2423 5112 2611 5174 σκότος
2656 5110 2739 5173 τίς
2785 5108 3039 5180 ὲποίησες
3071 5108 3105 5178 ἢ
3143 5104 3433 5177 ἁρχίγονον
3464 5103 3578 5175 (20)
3609 5099 3761 5175 imi]
3806 5100 3837 5153 ό

2247 5207 2496 5269 διάϐολος
2532 5203 2666 5257 αὐτὸ
2694 5202 2970 5272 ἐποίησεν,
3012 5196 3089 5265 ὥς
3117 5198 3449 5261 ἁπεναντίας
3487 5194 3584 5249 τοῦ
3627 5193 3833 5264 φωτόςς

2249 5299 2566 5373 Νομίζομεν
2591 5297 2667 5359 δὲ,
2690 5297 2773 5350 ὅτι
2799 5291 2867 5365 ἦν
2896 5295 3126 5365 ἀρχαῖον
3151 5292 3259 5363 πρὸ
3281 5288 3377 5344 τοῦ
3414 5288 3645 5360 κόσμου.
3670 5286 3838 5341 Οὐδα-

2258 5391 2359 5465 μοῦ
2384 5392 2493 5463 γὰρ
2513 5391 2661 5460 λέγει
2679 5388 2999 5461 Mincii-19,67:
3031 5383 3257 5457 ἐποίησὲ
3287 5399 3374 5447 τις
3393 5381 3454 5437 τὸ
3495 5381 3709 5448 σκότος,
3727 5376 3835 5434 ἀλλ’

2252 5486 2334 5540 ὃτι
2364 5479 2454 5555 ἦν.

624 5749 646 5780 ⁸
685 5748 821 5803 Gen.
866 5762 905 5815 ι,
941 5748 995 5803 5.
1073 5749 1095 5780 ⁹
1135 5748 1273 5803 Dan.
1311 5765 1391 5815 ιιι,
1424 5748 1515 5806 86.
1595 5750 1639 5781 “
1677 5748 1823 5806 Psal.
1855 5766 1978 5818 cm,
2013 5751 2070 5807 4.

2244 5746 2385 5806 Psal.
2421 5759 2592 5812 csLu,
2629 5743 2681 5796 7.

626 5865 762 5939 (19')
794 5864 1129 5938 Συτγειινςῖᾷ.
1165 5864 1326 5923 Forte
1356 5867 1638 5938 συγγενές.
1667 5865 1822 5922 Enn.

2314 5864 2428 5936 (ΞΟ)
2482 5859 2843 5932 Ἀρχίτονον.
2870 5853 3035 5913 Forte
3066 5852 3384 5926 ἀρχέγονον.
3415 5848 3496 5907 lo.
