  <div class='ocr_page' id='page_1' title='image "/cluster/home/n/w/nwhite01/storage/ocr_20150623/38/pst.000005712335/508.png"; bbox 0 0 4020 6302; ppageno 0'>
   <div class='ocr_carea' id='block_1_1' title="bbox 236 374 345 434">
    <p class='ocr_par' dir='ltr' id='par_1_1' title="bbox 236 374 345 434">
     <span class='ocr_line' id='line_1_1' title="bbox 236 374 345 434; baseline -0.018 0"><span class='ocrx_word' id='word_1_1' title='bbox 236 374 345 434; x_wconf 69' lang='lat'><strong>929</strong></span> 
     </span>
    </p>
   </div>
   <div class='ocr_carea' id='block_1_2' title="bbox 872 488 1232 559">
    <p class='ocr_par' dir='ltr' id='par_1_2' title="bbox 872 488 1232 559">
     <span class='ocr_line' id='line_1_2' title="bbox 872 488 1232 559; baseline 0.006 -16"><span class='ocrx_word' id='word_1_2' title='bbox 872 488 1232 559; x_wconf 71' lang='grc' dir='ltr'><strong>Ἀπόκρισις.</strong></span> 
     </span>
    </p>
   </div>
   <div class='ocr_carea' id='block_1_3' title="bbox 310 565 1865 653">
    <p class='ocr_par' dir='ltr' id='par_1_3' title="bbox 310 565 1865 653">
     <span class='ocr_line' id='line_1_3' title="bbox 310 565 1865 653; baseline -0.006 -14"><span class='ocrx_word' id='word_1_3' title='bbox 310 581 452 639; x_wconf 74' lang='grc' dir='ltr'>οὔτε</span> <span class='ocrx_word' id='word_1_4' title='bbox 492 584 523 637; x_wconf 94' lang='lat'><strong>6</strong></span> <span class='ocrx_word' id='word_1_5' title='bbox 562 584 699 647; x_wconf 70' lang='grc' dir='ltr'>Θεὸς</span> <span class='ocrx_word' id='word_1_6' title='bbox 742 580 874 637; x_wconf 79' lang='grc' dir='ltr'>αὐτὸ</span> <span class='ocrx_word' id='word_1_7' title='bbox 899 565 1181 653; x_wconf 65' lang='grc' dir='ltr'>ἀποίησεν,</span> <span class='ocrx_word' id='word_1_8' title='bbox 1213 577 1340 633; x_wconf 71' lang='grc' dir='ltr'>οὔτε</span> <span class='ocrx_word' id='word_1_9' title='bbox 1368 579 1397 633; x_wconf 98' lang='lat'><strong>6</strong></span> <span class='ocrx_word' id='word_1_10' title='bbox 1430 575 1696 641; x_wconf 79' lang='grc' dir='ltr'>διάϐολος,</span> <span class='ocrx_word' id='word_1_11' title='bbox 1725 574 1865 641; x_wconf 72' lang='grc' dir='ltr'><strong>οίίτε⁹</strong></span> 
     </span>
    </p>
   </div>
   <div class='ocr_carea' id='block_1_4' title="bbox 240 662 1851 746">
    <p class='ocr_par' dir='ltr' id='par_1_4' title="bbox 240 662 1851 746">
     <span class='ocr_line' id='line_1_4' title="bbox 240 662 1851 746; baseline -0.008 -18"><span class='ocrx_word' id='word_1_12' title='bbox 240 673 574 746; x_wconf 77' lang='grc' dir='ltr'>προῧπῆρχε</span> <span class='ocrx_word' id='word_1_13' title='bbox 620 670 718 725; x_wconf 83' lang='grc' dir='ltr'><strong>τοῦ</strong></span> <span class='ocrx_word' id='word_1_14' title='bbox 763 671 1048 743; x_wconf 80' lang='grc' dir='ltr'><strong>ὁρωμένου</strong></span> <span class='ocrx_word' id='word_1_15' title='bbox 1098 669 1310 740; x_wconf 88' lang='grc' dir='ltr'>κόσμου</span> <span class='ocrx_word' id='word_1_16' title='bbox 1346 681 1361 697; x_wconf 81' lang='grc'><strong><em>⁸</em></strong></span> <span class='ocrx_word' id='word_1_17' title='bbox 1407 667 1583 720; x_wconf 82' lang='grc' dir='ltr'>πᾶσαι</span> <span class='ocrx_word' id='word_1_18' title='bbox 1634 664 1746 736; x_wconf 87' lang='grc' dir='ltr'><strong>γάρ</strong></span> <span class='ocrx_word' id='word_1_19' title='bbox 1790 662 1851 716; x_wconf 79' lang='grc' dir='ltr'>ὲν</span> 
     </span>
    </p>
   </div>
   <div class='ocr_carea' id='block_1_5' title="bbox 237 754 1852 835">
    <p class='ocr_par' dir='ltr' id='par_1_5' title="bbox 237 754 1852 835">
     <span class='ocr_line' id='line_1_5' title="bbox 237 754 1852 835; baseline -0.007 -16"><span class='ocrx_word' id='word_1_20' title='bbox 237 765 383 835; x_wconf 76' lang='grc' dir='ltr'>φωτὶ</span> <span class='ocrx_word' id='word_1_21' title='bbox 430 764 623 835; x_wconf 80' lang='grc' dir='ltr'><strong>διῆγον</strong></span> <span class='ocrx_word' id='word_1_22' title='bbox 652 764 721 832; x_wconf 66' lang='grc' dir='ltr'>ταί</span> <span class='ocrx_word' id='word_1_23' title='bbox 756 762 992 834; x_wconf 80' lang='grc' dir='ltr'>άσαρκοι</span> <span class='ocrx_word' id='word_1_24' title='bbox 1042 761 1161 814; x_wconf 83' lang='grc' dir='ltr'><strong>τῶν</strong></span> <span class='ocrx_word' id='word_1_25' title='bbox 1185 758 1437 829; x_wconf 83' lang='grc' dir='ltr'>ἀγγέλων</span> <span class='ocrx_word' id='word_1_26' title='bbox 1473 758 1682 829; x_wconf 79' lang='grc' dir='ltr'><strong>χορεῖαι</strong></span> <span class='ocrx_word' id='word_1_27' title='bbox 1708 795 1724 821; x_wconf 94' lang='grc'><strong>,</strong></span> <span class='ocrx_word' id='word_1_28' title='bbox 1756 754 1852 809; x_wconf 75' lang='grc' dir='ltr'>καὶ</span> 
     </span>
    </p>
   </div>
   <div class='ocr_carea' id='block_1_6' title="bbox 238 848 1849 926">
    <p class='ocr_par' dir='ltr' id='par_1_6' title="bbox 238 848 1849 926">
     <span class='ocr_line' id='line_1_6' title="bbox 238 848 1849 926; baseline -0.002 -19"><span class='ocrx_word' id='word_1_29' title='bbox 238 855 351 926; x_wconf 81' lang='grc' dir='ltr'>πρὸ</span> <span class='ocrx_word' id='word_1_30' title='bbox 381 854 477 908; x_wconf 87' lang='grc' dir='ltr'>τοῦ</span> <span class='ocrx_word' id='word_1_31' title='bbox 508 852 761 922; x_wconf 79' lang='grc' dir='ltr'>γενέσθαι</span> <span class='ocrx_word' id='word_1_32' title='bbox 790 852 885 907; x_wconf 81' lang='grc' dir='ltr'>τὸν</span> <span class='ocrx_word' id='word_1_33' title='bbox 910 853 1115 924; x_wconf 82' lang='grc' dir='ltr'>κόσμον</span> <span class='ocrx_word' id='word_1_34' title='bbox 1133 868 1147 883; x_wconf 87' lang='grc'><strong>·</strong></span> <span class='ocrx_word' id='word_1_35' title='bbox 1170 851 1287 906; x_wconf 80' lang='grc' dir='ltr'>ἀλλ’</span> <span class='ocrx_word' id='word_1_36' title='bbox 1333 848 1849 923; x_wconf 62' lang='grc' dir='ltr'>ὑπέρηθὲντοςτοῦ</span> 
     </span>
    </p>
   </div>
   <div class='ocr_carea' id='block_1_7' title="bbox 235 946 1851 1019">
    <p class='ocr_par' dir='ltr' id='par_1_7' title="bbox 235 946 1851 1019">
     <span class='ocr_line' id='line_1_7' title="bbox 235 946 1851 1019; baseline -0.002 -14"><span class='ocrx_word' id='word_1_37' title='bbox 235 947 495 1019; x_wconf 78' lang='grc' dir='ltr'><strong>οὐρανίου</strong></span> <span class='ocrx_word' id='word_1_38' title='bbox 552 946 809 1017; x_wconf 79' lang='grc' dir='ltr'>σώματος</span> <span class='ocrx_word' id='word_1_39' title='bbox 832 988 849 1013; x_wconf 94' lang='grc'><strong>,</strong></span> <span class='ocrx_word' id='word_1_40' title='bbox 894 946 1089 1019; x_wconf 80' lang='grc' dir='ltr'>ὥσπερ</span> <span class='ocrx_word' id='word_1_41' title='bbox 1120 948 1184 1001; x_wconf 81' lang='grc' dir='ltr'>ὲκ</span> <span class='ocrx_word' id='word_1_42' title='bbox 1231 947 1562 1019; x_wconf 83' lang='grc' dir='ltr'>φράγματός</span> <span class='ocrx_word' id='word_1_43' title='bbox 1594 964 1743 1011; x_wconf 85' lang='grc' dir='ltr'>τινος</span> <span class='ocrx_word' id='word_1_44' title='bbox 1770 946 1851 1019; x_wconf 83' lang='grc' dir='ltr'><strong>τῷ</strong></span> 
     </span>
    </p>
   </div>
   <div class='ocr_carea' id='block_1_8' title="bbox 237 1039 1850 1114">
    <p class='ocr_par' dir='ltr' id='par_1_8' title="bbox 237 1039 1850 1114">
     <span class='ocr_line' id='line_1_8' title="bbox 237 1039 1850 1114; baseline 0.001 -18"><span class='ocrx_word' id='word_1_45' title='bbox 237 1039 657 1110; x_wconf 81' lang='grc' dir='ltr'>ἀποσκιάσματι</span> <span class='ocrx_word' id='word_1_46' title='bbox 686 1039 1013 1114; x_wconf 80' lang='grc' dir='ltr'>παρυπέστη</span> <span class='ocrx_word' id='word_1_47' title='bbox 1041 1039 1103 1092; x_wconf 84' lang='grc' dir='ltr'>τὸ</span> <span class='ocrx_word' id='word_1_48' title='bbox 1126 1040 1339 1105; x_wconf 86' lang='grc' dir='ltr'>σκότος,</span> <span class='ocrx_word' id='word_1_49' title='bbox 1358 1040 1502 1095; x_wconf 88' lang='grc' dir='ltr'><strong>κατά</strong></span> <span class='ocrx_word' id='word_1_50' title='bbox 1529 1039 1629 1113; x_wconf 80' lang='grc' dir='ltr'>τὴν</span> <span class='ocrx_word' id='word_1_51' title='bbox 1662 1041 1850 1101; x_wconf 77' lang='grc' dir='ltr'>είκόνα</span> 
     </span>
    </p>
   </div>
   <div class='ocr_carea' id='block_1_9' title="bbox 234 1129 1848 1207">
    <p class='ocr_par' dir='ltr' id='par_1_9' title="bbox 234 1129 1848 1207">
     <span class='ocr_line' id='line_1_9' title="bbox 234 1129 1848 1207; baseline -0.001 -18"><span class='ocrx_word' id='word_1_52' title='bbox 234 1130 336 1189; x_wconf 80' lang='grc' dir='ltr'>τοῦ</span> <span class='ocrx_word' id='word_1_53' title='bbox 365 1133 427 1187; x_wconf 78' lang='grc' dir='ltr'>ἑν</span> <span class='ocrx_word' id='word_1_54' title='bbox 456 1131 707 1206; x_wconf 79' lang='grc' dir='ltr'>σταθηρᾷ</span> <span class='ocrx_word' id='word_1_55' title='bbox 729 1132 1089 1207; x_wconf 58' lang='grc' dir='ltr'>μεσημϐρίαν</span> <span class='ocrx_word' id='word_1_56' title='bbox 1107 1129 1315 1205; x_wconf 78' lang='grc' dir='ltr'>σκηνὴν</span> <span class='ocrx_word' id='word_1_57' title='bbox 1344 1133 1408 1187; x_wconf 82' lang='grc' dir='ltr'>ὲκ</span> <span class='ocrx_word' id='word_1_58' title='bbox 1460 1134 1675 1204; x_wconf 85' lang='grc' dir='ltr'>πυκνῆς</span> <span class='ocrx_word' id='word_1_59' title='bbox 1700 1151 1848 1199; x_wconf 78' lang='grc' dir='ltr'>τινος</span> 
     </span>
    </p>
   </div>
   <div class='ocr_carea' id='block_1_10' title="bbox 237 1223 1849 1297">
    <p class='ocr_par' dir='ltr' id='par_1_10' title="bbox 237 1223 1849 1297">
     <span class='ocr_line' id='line_1_10' title="bbox 237 1223 1849 1297; baseline -0.001 -17"><span class='ocrx_word' id='word_1_60' title='bbox 237 1225 340 1281; x_wconf 78' lang='grc' dir='ltr'>καὶ</span> <span class='ocrx_word' id='word_1_61' title='bbox 384 1223 656 1294; x_wconf 84' lang='grc' dir='ltr'>στεγανῆς</span> <span class='ocrx_word' id='word_1_62' title='bbox 700 1223 833 1295; x_wconf 81' lang='grc' dir='ltr'>ὕλης</span> <span class='ocrx_word' id='word_1_63' title='bbox 874 1224 1055 1297; x_wconf 78' lang='grc' dir='ltr'>ἑαυτῷ</span> <span class='ocrx_word' id='word_1_64' title='bbox 1096 1224 1569 1297; x_wconf 81' lang='grc' dir='ltr'>περιπηξάμενος.</span> <span class='ocrx_word' id='word_1_65' title='bbox 1612 1224 1849 1294; x_wconf 80' lang='grc' dir='ltr'>Ὁμοίως</span> 
     </span>
    </p>
   </div>
   <div class='ocr_carea' id='block_1_11' title="bbox 238 1315 1848 1389">
    <p class='ocr_par' dir='ltr' id='par_1_11' title="bbox 238 1315 1848 1389">
     <span class='ocr_line' id='line_1_11' title="bbox 238 1315 1848 1389; baseline -0.001 -17"><span class='ocrx_word' id='word_1_66' title='bbox 238 1318 336 1372; x_wconf 87' lang='grc' dir='ltr'>καὶ</span> <span class='ocrx_word' id='word_1_67' title='bbox 368 1318 437 1371; x_wconf 73' lang='grc' dir='ltr'>ἐκ</span> <span class='ocrx_word' id='word_1_68' title='bbox 484 1316 596 1369; x_wconf 83' lang='grc' dir='ltr'>τῶν</span> <span class='ocrx_word' id='word_1_69' title='bbox 642 1315 1079 1388; x_wconf 83' lang='grc' dir='ltr'>ναυτιλλομένων</span> <span class='ocrx_word' id='word_1_70' title='bbox 1120 1316 1525 1389; x_wconf 76' lang='grc' dir='ltr'>παιδευόμεθα,</span> <span class='ocrx_word' id='word_1_71' title='bbox 1560 1315 1705 1371; x_wconf 84' lang='grc' dir='ltr'><strong>κατά</strong></span> <span class='ocrx_word' id='word_1_72' title='bbox 1747 1318 1848 1387; x_wconf 81' lang='grc' dir='ltr'>τῆς</span> 
     </span>
    </p>
   </div>
   <div class='ocr_carea' id='block_1_12' title="bbox 236 1407 1847 1480">
    <p class='ocr_par' dir='ltr' id='par_1_12' title="bbox 236 1407 1847 1480">
     <span class='ocr_line' id='line_1_12' title="bbox 236 1407 1847 1480; baseline -0.002 -18"><span class='ocrx_word' id='word_1_73' title='bbox 236 1408 547 1480; x_wconf 60' lang='grc' dir='ltr'>ἔπομϐρίας</span> <span class='ocrx_word' id='word_1_74' title='bbox 604 1408 902 1480; x_wconf 83' lang='grc' dir='ltr'>ύπερτάσει</span> <span class='ocrx_word' id='word_1_75' title='bbox 949 1408 1190 1480; x_wconf 83' lang='grc' dir='ltr'>δέρῤεων</span> <span class='ocrx_word' id='word_1_76' title='bbox 1247 1408 1687 1464; x_wconf 74' lang='grc' dir='ltr'>ἑπισκοτούντων</span> <span class='ocrx_word' id='word_1_77' title='bbox 1746 1407 1847 1480; x_wconf 82' lang='grc' dir='ltr'><strong>τὴν</strong></span> 
     </span>
    </p>
   </div>
   <div class='ocr_carea' id='block_1_13' title="bbox 232 1490 1844 1573">
    <p class='ocr_par' dir='ltr' id='par_1_13' title="bbox 232 1490 1844 1573">
     <span class='ocr_line' id='line_1_13' title="bbox 232 1490 1844 1573; baseline -0.001 -20"><span class='ocrx_word' id='word_1_78' title='bbox 232 1499 463 1555; x_wconf 78' lang='grc' dir='ltr'>ὁλκάδα.</span> <span class='ocrx_word' id='word_1_79' title='bbox 493 1500 564 1552; x_wconf 83' lang='grc' dir='ltr'><em>Ἢ</em></span> <span class='ocrx_word' id='word_1_80' title='bbox 597 1501 645 1553; x_wconf 83' lang='grc' dir='ltr'><strong>εί</strong></span> <span class='ocrx_word' id='word_1_81' title='bbox 671 1498 747 1571; x_wconf 86' lang='grc' dir='ltr'>μὴ</span> <span class='ocrx_word' id='word_1_82' title='bbox 776 1499 960 1565; x_wconf 76' lang='grc' dir='ltr'>τοῦτο,</span> <span class='ocrx_word' id='word_1_83' title='bbox 976 1500 1132 1553; x_wconf 80' lang='grc' dir='ltr'>δοκεῖ</span> <span class='ocrx_word' id='word_1_84' title='bbox 1155 1490 1358 1573; x_wconf 50' lang='lat' dir='ltr'><strong>poma:</strong></span> <span class='ocrx_word' id='word_1_85' title='bbox 1374 1500 1477 1572; x_wconf 83' lang='grc' dir='ltr'>τῆς</span> <span class='ocrx_word' id='word_1_86' title='bbox 1504 1498 1844 1572; x_wconf 84' lang='grc' dir='ltr'>ὁμιχλὼδους</span> 
     </span>
    </p>
   </div>
   <div class='ocr_carea' id='block_1_14' title="bbox 234 1590 1845 1672">
    <p class='ocr_par' dir='ltr' id='par_1_14' title="bbox 234 1590 1845 1672">
     <span class='ocr_line' id='line_1_14' title="bbox 234 1590 1845 1672; baseline -0.001 -25"><span class='ocrx_word' id='word_1_87' title='bbox 234 1590 663 1672; x_wconf 77' lang='grc' dir='ltr'><strong>ἀναθυμιάσεως</strong></span> <span class='ocrx_word' id='word_1_88' title='bbox 694 1593 794 1663; x_wconf 75' lang='grc' dir='ltr'>τῆς</span> <span class='ocrx_word' id='word_1_89' title='bbox 832 1591 1079 1647; x_wconf 69' lang='grc' dir='ltr'>ἀϐύσσου</span> <span class='ocrx_word' id='word_1_90' title='bbox 1107 1592 1492 1665; x_wconf 81' lang='grc' dir='ltr'>παχυνομένης</span> <span class='ocrx_word' id='word_1_91' title='bbox 1517 1592 1618 1664; x_wconf 88' lang='grc' dir='ltr'>τῆς</span> <span class='ocrx_word' id='word_1_92' title='bbox 1644 1590 1845 1663; x_wconf 81' lang='grc' dir='ltr'><strong>ἀχλύος</strong></span> 
     </span>
    </p>
   </div>
   <div class='ocr_carea' id='block_1_15' title="bbox 235 1682 1845 1755">
    <p class='ocr_par' dir='ltr' id='par_1_15' title="bbox 235 1682 1845 1755">
     <span class='ocr_line' id='line_1_15' title="bbox 235 1682 1845 1755; baseline -0.001 -16"><span class='ocrx_word' id='word_1_93' title='bbox 235 1684 337 1739; x_wconf 78' lang='grc' dir='ltr'>καὶ</span> <span class='ocrx_word' id='word_1_94' title='bbox 374 1684 486 1738; x_wconf 80' lang='grc' dir='ltr'><strong>τῶν</strong></span> <span class='ocrx_word' id='word_1_95' title='bbox 516 1684 730 1755; x_wconf 82' lang='grc' dir='ltr'>ἀτμῶν,</span> <span class='ocrx_word' id='word_1_96' title='bbox 752 1686 815 1738; x_wconf 76' lang='grc' dir='ltr'><strong>τὸ</strong></span> <span class='ocrx_word' id='word_1_97' title='bbox 844 1685 1036 1747; x_wconf 78' lang='grc' dir='ltr'>σκότος</span> <span class='ocrx_word' id='word_1_98' title='bbox 1068 1682 1425 1738; x_wconf 77' lang='grc' dir='ltr'>συνίστασθαι</span> <span class='ocrx_word' id='word_1_99' title='bbox 1454 1685 1691 1753; x_wconf 81' lang='grc' dir='ltr'>πέφυκε.</span> <span class='ocrx_word' id='word_1_100' title='bbox 1731 1684 1845 1739; x_wconf 81' lang='lat' dir='ltr'><strong>Kal</strong></span> 
     </span>
    </p>
   </div>
   <div class='ocr_carea' id='block_1_16' title="bbox 230 1773 1843 1851">
    <p class='ocr_par' dir='ltr' id='par_1_16' title="bbox 230 1773 1843 1851">
     <span class='ocr_line' id='line_1_16' title="bbox 230 1773 1843 1851; baseline -0.002 -18"><span class='ocrx_word' id='word_1_101' title='bbox 230 1773 411 1834; x_wconf 76' lang='grc' dir='ltr'>εἶπεν</span> <span class='ocrx_word' id='word_1_102' title='bbox 447 1781 482 1832; x_wconf 82' lang='grc' dir='ltr'><strong>ό</strong></span> <span class='ocrx_word' id='word_1_103' title='bbox 514 1780 661 1844; x_wconf 79' lang='grc' dir='ltr'>Θεός</span> <span class='ocrx_word' id='word_1_104' title='bbox 683 1795 697 1807; x_wconf 90' lang='grc'><strong>·</strong></span> <span class='ocrx_word' id='word_1_105' title='bbox 723 1777 1049 1846; x_wconf 77' lang='grc' dir='ltr'><strong>Γενηθήτω</strong></span> <span class='ocrx_word' id='word_1_106' title='bbox 1086 1774 1233 1847; x_wconf 64' lang='grc' dir='ltr'>φῶς.</span> <span class='ocrx_word' id='word_1_107' title='bbox 1272 1776 1472 1851; x_wconf 82' lang='grc' dir='ltr'><strong>Πρώτη</strong></span> <span class='ocrx_word' id='word_1_108' title='bbox 1508 1776 1647 1832; x_wconf 76' lang='grc' dir='ltr'>Θεοῦ</span> <span class='ocrx_word' id='word_1_109' title='bbox 1689 1778 1843 1850; x_wconf 82' lang='grc' dir='ltr'><strong>φωνὴ</strong></span> 
     </span>
    </p>
   </div>
   <div class='ocr_carea' id='block_1_17' title="bbox 230 1868 1845 1944">
    <p class='ocr_par' dir='ltr' id='par_1_17' title="bbox 230 1868 1845 1944">
     <span class='ocr_line' id='line_1_17' title="bbox 230 1868 1845 1944; baseline -0.001 -19"><span class='ocrx_word' id='word_1_110' title='bbox 230 1870 359 1941; x_wconf 74' lang='grc' dir='ltr'><strong>φῶς</strong></span> <span class='ocrx_word' id='word_1_111' title='bbox 388 1871 850 1944; x_wconf 76' lang='grc' dir='ltr'>ἐδημιούργησεν,</span> <span class='ocrx_word' id='word_1_112' title='bbox 880 1872 1017 1941; x_wconf 83' lang='grc' dir='ltr'>ὅπερ</span> <span class='ocrx_word' id='word_1_113' title='bbox 1038 1871 1140 1925; x_wconf 74' lang='grc' dir='ltr'>καὶ</span> <span class='ocrx_word' id='word_1_114' title='bbox 1161 1868 1377 1942; x_wconf 79' lang='grc' dir='ltr'>ἡμέραν</span> <span class='ocrx_word' id='word_1_115' title='bbox 1390 1870 1671 1938; x_wconf 78' lang='grc' dir='ltr'><strong>ἐκάλεσεν,</strong></span> <span class='ocrx_word' id='word_1_116' title='bbox 1691 1870 1845 1944; x_wconf 69' lang='grc' dir='ltr'>ἡδείᾳ</span> 
     </span>
    </p>
   </div>
   <div class='ocr_carea' id='block_1_18' title="bbox 229 1952 1840 2036">
    <p class='ocr_par' dir='ltr' id='par_1_18' title="bbox 229 1952 1840 2036">
     <span class='ocr_line' id='line_1_18' title="bbox 229 1952 1840 2036; baseline 0 -18"><span class='ocrx_word' id='word_1_117' title='bbox 229 1963 344 2018; x_wconf 73' lang='grc' dir='ltr'>τινὶ</span> <span class='ocrx_word' id='word_1_118' title='bbox 370 1963 718 2035; x_wconf 75' lang='grc' dir='ltr'>προσηγορία</span> <span class='ocrx_word' id='word_1_119' title='bbox 734 1964 978 2034; x_wconf 82' lang='grc' dir='ltr'>τιμήσας</span> <span class='ocrx_word' id='word_1_120' title='bbox 996 1962 1058 2016; x_wconf 88' lang='grc' dir='ltr'>τὸ</span> <span class='ocrx_word' id='word_1_121' title='bbox 1109 1964 1286 2033; x_wconf 76' lang='grc' dir='ltr'>πρᾶον</span> <span class='ocrx_word' id='word_1_122' title='bbox 1314 1964 1411 2017; x_wconf 71' lang='grc' dir='ltr'>καὶ</span> <span class='ocrx_word' id='word_1_123' title='bbox 1429 1964 1656 2036; x_wconf 78' lang='grc' dir='ltr'>ἥμερον.</span> <span class='ocrx_word' id='word_1_124' title='bbox 1679 1952 1840 2018; x_wconf 74' lang='grc' dir='ltr'>Ἔστι</span> 
     </span>
    </p>
   </div>
   <div class='ocr_carea' id='block_1_19' title="bbox 232 2054 1841 2128">
    <p class='ocr_par' dir='ltr' id='par_1_19' title="bbox 232 2054 1841 2128">
     <span class='ocr_line' id='line_1_19' title="bbox 232 2054 1841 2128; baseline 0.001 -20"><span class='ocrx_word' id='word_1_125' title='bbox 232 2054 342 2128; x_wconf 77' lang='grc' dir='ltr'>μὲν</span> <span class='ocrx_word' id='word_1_126' title='bbox 360 2055 469 2127; x_wconf 85' lang='grc' dir='ltr'><strong>γάρ</strong></span> <span class='ocrx_word' id='word_1_127' title='bbox 492 2055 586 2108; x_wconf 74' lang='grc' dir='ltr'>καὶ</span> <span class='ocrx_word' id='word_1_128' title='bbox 611 2054 779 2126; x_wconf 73' lang='grc' dir='ltr'>ἕτερα</span> <span class='ocrx_word' id='word_1_129' title='bbox 821 2054 1109 2127; x_wconf 79' lang='grc' dir='ltr'>ἱστορῆσαι</span> <span class='ocrx_word' id='word_1_130' title='bbox 1147 2054 1305 2123; x_wconf 79' lang='grc' dir='ltr'>φῶτα</span> <span class='ocrx_word' id='word_1_131' title='bbox 1332 2057 1465 2127; x_wconf 85' lang='grc' dir='ltr'>παρ’</span> <span class='ocrx_word' id='word_1_132' title='bbox 1485 2055 1654 2110; x_wconf 82' lang='grc' dir='ltr'>αὐτοῦ</span> <span class='ocrx_word' id='word_1_133' title='bbox 1688 2057 1841 2125; x_wconf 82' lang='grc' dir='ltr'>γενό-</span> 
     </span>
    </p>
   </div>
   <div class='ocr_carea' id='block_1_20' title="bbox 232 2133 1840 2224">
    <p class='ocr_par' dir='ltr' id='par_1_20' title="bbox 232 2133 1840 2224">
     <span class='ocr_line' id='line_1_20' title="bbox 232 2133 1840 2224; baseline 0 -21"><span class='ocrx_word' id='word_1_134' title='bbox 232 2166 405 2222; x_wconf 78' lang='grc' dir='ltr'>μενα·</span> <span class='ocrx_word' id='word_1_135' title='bbox 443 2133 575 2216; x_wconf 74' lang='grc' dir='ltr'>οἷον,</span> <span class='ocrx_word' id='word_1_136' title='bbox 592 2148 657 2203; x_wconf 81' lang='grc' dir='ltr'><strong>τδ</strong></span> <span class='ocrx_word' id='word_1_137' title='bbox 670 2138 874 2224; x_wconf 66' lang='grc' dir='ltr'>πῦρὶῖις</span> <span class='ocrx_word' id='word_1_138' title='bbox 897 2146 976 2218; x_wconf 85' lang='grc' dir='ltr'>τῷ</span> <span class='ocrx_word' id='word_1_139' title='bbox 994 2148 1186 2201; x_wconf 67' lang='lat' dir='ltr'><strong>Maias!</strong></span> <span class='ocrx_word' id='word_1_140' title='bbox 1212 2147 1643 2218; x_wconf 76' lang='grc' dir='ltr'>φανταζόμενον,</span> <span class='ocrx_word' id='word_1_141' title='bbox 1676 2147 1840 2219; x_wconf 87' lang='grc' dir='ltr'>ἡνίκα</span> 
     </span>
    </p>
   </div>
   <div class='ocr_carea' id='block_1_21' title="bbox 223 2237 1840 2314">
    <p class='ocr_par' dir='ltr' id='par_1_21' title="bbox 223 2237 1840 2314">
     <span class='ocr_line' id='line_1_21' title="bbox 223 2237 1840 2314; baseline -0.004 -18"><span class='ocrx_word' id='word_1_142' title='bbox 223 2243 337 2314; x_wconf 81' lang='grc' dir='ltr'>τὴν</span> <span class='ocrx_word' id='word_1_143' title='bbox 373 2240 535 2311; x_wconf 83' lang='grc' dir='ltr'>βάτον</span> <span class='ocrx_word' id='word_1_144' title='bbox 580 2240 787 2305; x_wconf 65' lang='grc' dir='ltr'>ἔκαιεν,</span> <span class='ocrx_word' id='word_1_145' title='bbox 822 2239 883 2292; x_wconf 84' lang='grc' dir='ltr'><strong>ού</strong></span> <span class='ocrx_word' id='word_1_146' title='bbox 914 2237 1175 2292; x_wconf 81' lang='grc' dir='ltr'>κατέκαιε</span> <span class='ocrx_word' id='word_1_147' title='bbox 1204 2237 1283 2301; x_wconf 80' lang='grc' dir='ltr'>δὲ,</span> <span class='ocrx_word' id='word_1_148' title='bbox 1310 2238 1399 2291; x_wconf 78' lang='grc' dir='ltr'>ἵνα</span> <span class='ocrx_word' id='word_1_149' title='bbox 1436 2238 1528 2291; x_wconf 65' lang='grc' dir='ltr'><strong>κα)⁵</strong></span> <span class='ocrx_word' id='word_1_150' title='bbox 1553 2237 1653 2309; x_wconf 79' lang='grc' dir='ltr'>τὴν</span> <span class='ocrx_word' id='word_1_151' title='bbox 1675 2238 1840 2308; x_wconf 87' lang='grc' dir='ltr'>φύσιν</span> 
     </span>
    </p>
   </div>
   <div class='ocr_carea' id='block_1_22' title="bbox 223 2328 1837 2405">
    <p class='ocr_par' dir='ltr' id='par_1_22' title="bbox 223 2328 1837 2405">
     <span class='ocr_line' id='line_1_22' title="bbox 223 2328 1837 2405; baseline -0.004 -17"><span class='ocrx_word' id='word_1_152' title='bbox 223 2334 562 2405; x_wconf 73' lang='grc' dir='ltr'>παραδείξῃ,</span> <span class='ocrx_word' id='word_1_153' title='bbox 584 2332 679 2385; x_wconf 71' lang='grc' dir='ltr'>καὶ</span> <span class='ocrx_word' id='word_1_154' title='bbox 703 2330 946 2403; x_wconf 74' lang='grc' dir='ltr'>γνωρίσῃ</span> <span class='ocrx_word' id='word_1_155' title='bbox 976 2331 1076 2401; x_wconf 85' lang='grc' dir='ltr'>τὴν</span> <span class='ocrx_word' id='word_1_156' title='bbox 1106 2328 1336 2400; x_wconf 87' lang='grc' dir='ltr'>δύναμιν</span> <span class='ocrx_word' id='word_1_157' title='bbox 1356 2345 1369 2359; x_wconf 93' lang='grc'><strong>·</strong></span> <span class='ocrx_word' id='word_1_158' title='bbox 1394 2329 1511 2399; x_wconf 79' lang='grc' dir='ltr'><strong>φῶς</strong></span> <span class='ocrx_word' id='word_1_159' title='bbox 1531 2330 1593 2383; x_wconf 82' lang='grc' dir='ltr'>τὸ</span> <span class='ocrx_word' id='word_1_160' title='bbox 1615 2331 1676 2383; x_wconf 82' lang='grc' dir='ltr'>ὲν</span> <span class='ocrx_word' id='word_1_161' title='bbox 1708 2330 1837 2383; x_wconf 87' lang='grc' dir='ltr'>στύ-</span> 
     </span>
    </p>
   </div>
   <div class='ocr_carea' id='block_1_23' title="bbox 222 2420 1839 2498">
    <p class='ocr_par' dir='ltr' id='par_1_23' title="bbox 222 2420 1839 2498">
     <span class='ocr_line' id='line_1_23' title="bbox 222 2420 1839 2498; baseline -0.002 -17"><span class='ocrx_word' id='word_1_162' title='bbox 222 2426 312 2496; x_wconf 84' lang='grc' dir='ltr'>λῳ</span> <span class='ocrx_word' id='word_1_163' title='bbox 350 2426 525 2498; x_wconf 78' lang='grc' dir='ltr'>πυρὸς</span> <span class='ocrx_word' id='word_1_164' title='bbox 554 2424 651 2480; x_wconf 82' lang='grc' dir='ltr'><strong>τοῦ</strong></span> <span class='ocrx_word' id='word_1_165' title='bbox 685 2423 907 2496; x_wconf 79' lang='grc' dir='ltr'>Ἰσραὴλ</span> <span class='ocrx_word' id='word_1_166' title='bbox 940 2420 1380 2495; x_wconf 75' lang='grc' dir='ltr'>προηγούμενον,</span> <span class='ocrx_word' id='word_1_167' title='bbox 1408 2424 1503 2476; x_wconf 78' lang='grc' dir='ltr'>καὶ</span> <span class='ocrx_word' id='word_1_168' title='bbox 1540 2424 1839 2494; x_wconf 77' lang='grc' dir='ltr'>ἡμερῶσαν</span> 
     </span>
    </p>
   </div>
   <div class='ocr_carea' id='block_1_24' title="bbox 221 2511 1834 2588">
    <p class='ocr_par' dir='ltr' id='par_1_24' title="bbox 221 2511 1834 2588">
     <span class='ocr_line' id='line_1_24' title="bbox 221 2511 1834 2588; baseline -0.004 -17"><span class='ocrx_word' id='word_1_169' title='bbox 221 2517 332 2588; x_wconf 80' lang='grc' dir='ltr'>τὴν</span> <span class='ocrx_word' id='word_1_170' title='bbox 366 2516 576 2587; x_wconf 77' lang='grc' dir='ltr'>ἔρημον</span> <span class='ocrx_word' id='word_1_171' title='bbox 598 2531 613 2547; x_wconf 86' lang='grc'><strong>·</strong></span> <span class='ocrx_word' id='word_1_172' title='bbox 644 2513 763 2584; x_wconf 85' lang='grc' dir='ltr'><strong>φῶς</strong></span> <span class='ocrx_word' id='word_1_173' title='bbox 804 2513 867 2566; x_wconf 78' lang='grc' dir='ltr'>τὸ</span> <span class='ocrx_word' id='word_1_174' title='bbox 906 2514 1034 2576; x_wconf 75' lang='grc' dir='ltr'>τοὺς</span> <span class='ocrx_word' id='word_1_175' title='bbox 1074 2511 1339 2583; x_wconf 75' lang='grc' dir='ltr'>ποιμένας</span> <span class='ocrx_word' id='word_1_176' title='bbox 1372 2511 1793 2584; x_wconf 75' lang='grc' dir='ltr'>περιαστράψαν</span> <span class='ocrx_word' id='word_1_177' title='bbox 1820 2528 1834 2542; x_wconf 75' lang='grc' dir='ltr'><strong>ο</strong></span> 
     </span>
    </p>
   </div>
   <div class='ocr_carea' id='block_1_25' title="bbox 222 2602 1838 2679">
    <p class='ocr_par' dir='ltr' id='par_1_25' title="bbox 222 2602 1838 2679">
     <span class='ocr_line' id='line_1_25' title="bbox 222 2602 1838 2679; baseline -0.003 -17"><span class='ocrx_word' id='word_1_178' title='bbox 222 2608 351 2679; x_wconf 79' lang='grc' dir='ltr'><strong>φῶς</strong></span> <span class='ocrx_word' id='word_1_179' title='bbox 400 2608 493 2661; x_wconf 69' lang='grc' dir='ltr'>τὸν</span> <span class='ocrx_word' id='word_1_180' title='bbox 532 2605 720 2660; x_wconf 80' lang='grc' dir='ltr'>Ἠλίαν</span> <span class='ocrx_word' id='word_1_181' title='bbox 748 2604 1003 2677; x_wconf 81' lang='grc' dir='ltr'>ἁρπάσαν</span> <span class='ocrx_word' id='word_1_182' title='bbox 1047 2604 1107 2658; x_wconf 83' lang='grc' dir='ltr'>ἐν</span> <span class='ocrx_word' id='word_1_183' title='bbox 1150 2602 1229 2674; x_wconf 80' lang='grc' dir='ltr'>τῷ</span> <span class='ocrx_word' id='word_1_184' title='bbox 1269 2602 1442 2675; x_wconf 79' lang='grc' dir='ltr'>πυρὸς</span> <span class='ocrx_word' id='word_1_185' title='bbox 1483 2602 1715 2676; x_wconf 77' lang='grc' dir='ltr'>ἅρματι,</span> <span class='ocrx_word' id='word_1_186' title='bbox 1742 2604 1838 2657; x_wconf 73' lang='grc' dir='ltr'>καὶ</span> 
     </span>
    </p>
   </div>
   <div class='ocr_carea' id='block_1_26' title="bbox 224 2695 1839 2771">
    <p class='ocr_par' dir='ltr' id='par_1_26' title="bbox 224 2695 1839 2771">
     <span class='ocr_line' id='line_1_26' title="bbox 224 2695 1839 2771; baseline -0.003 -19"><span class='ocrx_word' id='word_1_187' title='bbox 224 2700 310 2771; x_wconf 84' lang='grc' dir='ltr'>μὴ</span> <span class='ocrx_word' id='word_1_188' title='bbox 344 2697 663 2770; x_wconf 80' lang='grc' dir='ltr'>συμφλέξαν</span> <span class='ocrx_word' id='word_1_189' title='bbox 685 2697 777 2751; x_wconf 80' lang='grc' dir='ltr'>τὸν</span> <span class='ocrx_word' id='word_1_190' title='bbox 806 2696 1191 2769; x_wconf 78' lang='grc' dir='ltr'>ἁρπαζόμενον</span> <span class='ocrx_word' id='word_1_191' title='bbox 1218 2710 1236 2727; x_wconf 77' lang='grc' dir='ltr'><strong>ο</strong></span> <span class='ocrx_word' id='word_1_192' title='bbox 1268 2695 1386 2765; x_wconf 73' lang='grc' dir='ltr'><strong>φῶς</strong></span> <span class='ocrx_word' id='word_1_193' title='bbox 1408 2695 1471 2749; x_wconf 85' lang='grc' dir='ltr'>τὸ</span> <span class='ocrx_word' id='word_1_194' title='bbox 1493 2696 1621 2759; x_wconf 81' lang='grc' dir='ltr'>τοὺς</span> <span class='ocrx_word' id='word_1_195' title='bbox 1644 2695 1839 2765; x_wconf 81' lang='grc' dir='ltr'>ποιμέ-</span> 
     </span>
    </p>
   </div>
   <div class='ocr_carea' id='block_1_27' title="bbox 220 2786 1838 2861">
    <p class='ocr_par' dir='ltr' id='par_1_27' title="bbox 220 2786 1838 2861">
     <span class='ocr_line' id='line_1_27' title="bbox 220 2786 1838 2861; baseline -0.002 -16"><span class='ocrx_word' id='word_1_196' title='bbox 220 2810 329 2855; x_wconf 86' lang='grc' dir='ltr'><strong>νας</strong></span> <span class='ocrx_word' id='word_1_197' title='bbox 359 2790 807 2861; x_wconf 75' lang='grc' dir='ltr'>περιαστράψαν,</span> <span class='ocrx_word' id='word_1_198' title='bbox 830 2788 995 2860; x_wconf 89' lang='grc' dir='ltr'>ἡνίκα</span> <span class='ocrx_word' id='word_1_199' title='bbox 1014 2787 1077 2841; x_wconf 86' lang='grc' dir='ltr'><strong>τὺ</strong></span> <span class='ocrx_word' id='word_1_200' title='bbox 1098 2787 1330 2860; x_wconf 78' lang='grc' dir='ltr'>ἄχρονον</span> <span class='ocrx_word' id='word_1_201' title='bbox 1352 2788 1473 2857; x_wconf 82' lang='grc' dir='ltr'>φῶς</span> <span class='ocrx_word' id='word_1_202' title='bbox 1501 2786 1579 2858; x_wconf 82' lang='grc' dir='ltr'>τῷ</span> <span class='ocrx_word' id='word_1_203' title='bbox 1598 2787 1838 2861; x_wconf 85' lang='grc' dir='ltr'>χρονικῷ</span> 
     </span>
    </p>
   </div>
   <div class='ocr_carea' id='block_1_28' title="bbox 223 2876 1836 2951">
    <p class='ocr_par' dir='ltr' id='par_1_28' title="bbox 223 2876 1836 2951">
     <span class='ocr_line' id='line_1_28' title="bbox 223 2876 1836 2951; baseline -0.002 -15"><span class='ocrx_word' id='word_1_204' title='bbox 223 2881 586 2951; x_wconf 73' lang='grc' dir='ltr'>ὲπεφοίτησε,</span> <span class='ocrx_word' id='word_1_205' title='bbox 618 2878 859 2950; x_wconf 84' lang='grc' dir='ltr'>Χριστός</span> <span class='ocrx_word' id='word_1_206' title='bbox 876 2895 891 2909; x_wconf 74' lang='grc' dir='ltr'>σ</span> <span class='ocrx_word' id='word_1_207' title='bbox 925 2876 1045 2947; x_wconf 82' lang='grc' dir='ltr'><strong>φῶς</strong></span> <span class='ocrx_word' id='word_1_208' title='bbox 1072 2877 1134 2931; x_wconf 81' lang='grc' dir='ltr'><strong>τὸ</strong></span> <span class='ocrx_word' id='word_1_209' title='bbox 1155 2876 1250 2931; x_wconf 82' lang='grc' dir='ltr'>τοῦ</span> <span class='ocrx_word' id='word_1_210' title='bbox 1278 2876 1585 2948; x_wconf 87' lang='grc' dir='ltr'>δραμόντος</span> <span class='ocrx_word' id='word_1_211' title='bbox 1604 2879 1836 2951; x_wconf 69' lang='grc' dir='ltr'>ἀστέρος</span> 
     </span>
    </p>
   </div>
   <div class='ocr_carea' id='block_1_29' title="bbox 221 2970 1837 3045">
    <p class='ocr_par' dir='ltr' id='par_1_29' title="bbox 221 2970 1837 3045">
     <span class='ocr_line' id='line_1_29' title="bbox 221 2970 1837 3045; baseline -0.001 -17"><span class='ocrx_word' id='word_1_212' title='bbox 221 2975 289 3029; x_wconf 74' lang='grc' dir='ltr'>ὲν</span> <span class='ocrx_word' id='word_1_213' title='bbox 313 2972 591 3045; x_wconf 71' lang='grc' dir='ltr'>Βηθλεὲμ,</span> <span class='ocrx_word' id='word_1_214' title='bbox 614 2972 702 3026; x_wconf 85' lang='grc' dir='ltr'><strong>ίνα</strong></span> <span class='ocrx_word' id='word_1_215' title='bbox 723 2971 819 3025; x_wconf 77' lang='grc' dir='ltr'>καὶ</span> <span class='ocrx_word' id='word_1_216' title='bbox 856 2970 1084 3039; x_wconf 79' lang='grc' dir='ltr'>Μάγους</span> <span class='ocrx_word' id='word_1_217' title='bbox 1118 2970 1385 3043; x_wconf 80' lang='grc' dir='ltr'>ὁδηγὴσῃ,</span> <span class='ocrx_word' id='word_1_218' title='bbox 1408 2972 1504 3025; x_wconf 77' lang='grc' dir='ltr'>καὶ</span> <span class='ocrx_word' id='word_1_219' title='bbox 1530 2972 1837 3043; x_wconf 72' lang='grc' dir='ltr'>δορυφορήε-</span> 
     </span>
    </p>
   </div>
   <div class='ocr_carea' id='block_1_30' title="bbox 225 3061 1831 3148">
    <p class='ocr_par' dir='ltr' id='par_1_30' title="bbox 225 3061 1831 3148">
     <span class='ocr_line' id='line_1_30' title="bbox 225 3061 1831 3148; baseline 0.001 -31"><span class='ocrx_word' id='word_1_220' title='bbox 225 3082 301 3140; x_wconf 74' lang='grc' dir='ltr'>σῃ</span> <span class='ocrx_word' id='word_1_221' title='bbox 339 3065 403 3119; x_wconf 78' lang='grc' dir='ltr'>τὸ</span> <span class='ocrx_word' id='word_1_222' title='bbox 427 3065 570 3137; x_wconf 76' lang='grc' dir='ltr'>ὑπὲρ</span> <span class='ocrx_word' id='word_1_223' title='bbox 602 3065 750 3135; x_wconf 76' lang='grc' dir='ltr'>ἡμᾶς</span> <span class='ocrx_word' id='word_1_224' title='bbox 779 3062 904 3148; x_wconf 37' lang='grc' dir='ltr'>’φῶς</span> <span class='ocrx_word' id='word_1_225' title='bbox 937 3062 1059 3135; x_wconf 84' lang='grc' dir='ltr'>μεθ’</span> <span class='ocrx_word' id='word_1_226' title='bbox 1085 3061 1247 3133; x_wconf 83' lang='grc' dir='ltr'>ἡμῶν</span> <span class='ocrx_word' id='word_1_227' title='bbox 1280 3063 1605 3133; x_wconf 69' lang='grc' dir='ltr'><strong>γενόμενον⁸</strong></span> <span class='ocrx_word' id='word_1_228' title='bbox 1649 3064 1768 3133; x_wconf 82' lang='grc' dir='ltr'><strong>φῶς</strong></span> <span class='ocrx_word' id='word_1_229' title='bbox 1796 3066 1831 3136; x_wconf 90' lang='grc' dir='ltr'><strong>ἡ</strong></span> 
     </span>
    </p>
   </div>
   <div class='ocr_carea' id='block_1_31' title="bbox 222 3152 1830 3230">
    <p class='ocr_par' dir='ltr' id='par_1_31' title="bbox 222 3152 1830 3230">
     <span class='ocr_line' id='line_1_31' title="bbox 222 3152 1830 3230; baseline 0 -20"><span class='ocrx_word' id='word_1_230' title='bbox 222 3156 655 3230; x_wconf 63' lang='grc' dir='ltr'>παραδειχθεωα</span> <span class='ocrx_word' id='word_1_231' title='bbox 699 3155 894 3227; x_wconf 87' lang='grc' dir='ltr'>θεότης</span> <span class='ocrx_word' id='word_1_232' title='bbox 921 3154 1015 3208; x_wconf 75' lang='grc' dir='ltr'><strong>ἐπὶ</strong></span> <span class='ocrx_word' id='word_1_233' title='bbox 1046 3152 1142 3208; x_wconf 79' lang='grc' dir='ltr'>τοῦ</span> <span class='ocrx_word' id='word_1_234' title='bbox 1188 3153 1351 3227; x_wconf 77' lang='grc' dir='ltr'>ὅρους</span> <span class='ocrx_word' id='word_1_235' title='bbox 1389 3158 1503 3219; x_wconf 79' lang='grc' dir='ltr'>τοῖς</span> <span class='ocrx_word' id='word_1_236' title='bbox 1537 3155 1830 3226; x_wconf 86' lang='grc' dir='ltr'>μαθηταῖς,</span> 
     </span>
    </p>
   </div>
   <div class='ocr_carea' id='block_1_32' title="bbox 227 3246 1832 3322">
    <p class='ocr_par' dir='ltr' id='par_1_32' title="bbox 227 3246 1832 3322">
     <span class='ocr_line' id='line_1_32' title="bbox 227 3246 1832 3322; baseline 0.001 -20"><span class='ocrx_word' id='word_1_237' title='bbox 227 3249 432 3322; x_wconf 82' lang='grc' dir='ltr'>μικροῦ</span> <span class='ocrx_word' id='word_1_238' title='bbox 473 3248 811 3322; x_wconf 72' lang='grc' dir='ltr'>στερροτέρα</span> <span class='ocrx_word' id='word_1_239' title='bbox 849 3246 945 3302; x_wconf 73' lang='grc' dir='ltr'>καὶ</span> <span class='ocrx_word' id='word_1_240' title='bbox 971 3246 1182 3317; x_wconf 72' lang='grc' dir='ltr'>ὅψεως·</span> <span class='ocrx_word' id='word_1_241' title='bbox 1220 3247 1339 3317; x_wconf 83' lang='grc' dir='ltr'><strong>φῶς</strong></span> <span class='ocrx_word' id='word_1_242' title='bbox 1370 3248 1403 3317; x_wconf 93' lang='grc' dir='ltr'><strong>ἡ</strong></span> <span class='ocrx_word' id='word_1_243' title='bbox 1428 3247 1641 3301; x_wconf 82' lang='grc' dir='ltr'>Παῦλον</span> <span class='ocrx_word' id='word_1_244' title='bbox 1672 3264 1832 3320; x_wconf 75' lang='grc' dir='ltr'>περιο</span> 
     </span>
    </p>
   </div>
   <div class='ocr_carea' id='block_1_33' title="bbox 222 3338 1833 3415">
    <p class='ocr_par' dir='ltr' id='par_1_33' title="bbox 222 3338 1833 3415">
     <span class='ocr_line' id='line_1_33' title="bbox 222 3338 1833 3415; baseline -0.002 -16"><span class='ocrx_word' id='word_1_245' title='bbox 222 3343 559 3415; x_wconf 85' lang='grc' dir='ltr'>αστράψασα</span> <span class='ocrx_word' id='word_1_246' title='bbox 593 3340 887 3412; x_wconf 85' lang='grc' dir='ltr'>φαντασία,</span> <span class='ocrx_word' id='word_1_247' title='bbox 914 3339 1011 3395; x_wconf 80' lang='grc' dir='ltr'>καὶ</span> <span class='ocrx_word' id='word_1_248' title='bbox 1038 3340 1220 3412; x_wconf 74' lang='grc' dir='ltr'>πληγῇ</span> <span class='ocrx_word' id='word_1_249' title='bbox 1247 3340 1348 3410; x_wconf 80' lang='grc' dir='ltr'>τῆς</span> <span class='ocrx_word' id='word_1_250' title='bbox 1380 3338 1558 3409; x_wconf 77' lang='grc' dir='ltr'>ὅψεως</span> <span class='ocrx_word' id='word_1_251' title='bbox 1580 3340 1673 3394; x_wconf 70' lang='grc' dir='ltr'><strong>τὸν</strong></span> <span class='ocrx_word' id='word_1_252' title='bbox 1706 3341 1833 3395; x_wconf 84' lang='grc' dir='ltr'>σκό-</span> 
     </span>
    </p>
   </div>
   <div class='ocr_carea' id='block_1_34' title="bbox 220 3428 1834 3507">
    <p class='ocr_par' dir='ltr' id='par_1_34' title="bbox 220 3428 1834 3507">
     <span class='ocr_line' id='line_1_34' title="bbox 220 3428 1834 3507; baseline -0.001 -18"><span class='ocrx_word' id='word_1_253' title='bbox 220 3452 318 3489; x_wconf 80' lang='grc' dir='ltr'><strong>τον</strong></span> <span class='ocrx_word' id='word_1_254' title='bbox 342 3434 444 3507; x_wconf 87' lang='grc' dir='ltr'>τῆς</span> <span class='ocrx_word' id='word_1_255' title='bbox 716 3432 1101 3504; x_wconf 78' lang='grc' dir='ltr'>θεραπεύουσα</span> <span class='ocrx_word' id='word_1_256' title='bbox 1121 3448 1136 3464; x_wconf 92' lang='grc'><strong>·</strong></span> <span class='ocrx_word' id='word_1_257' title='bbox 1170 3431 1287 3502; x_wconf 79' lang='grc' dir='ltr'><strong>φῶς</strong></span> <span class='ocrx_word' id='word_1_258' title='bbox 1313 3433 1411 3485; x_wconf 71' lang='grc' dir='ltr'>καὶ</span> <span class='ocrx_word' id='word_1_259' title='bbox 1449 3432 1661 3487; x_wconf 73' lang='grc' dir='ltr'>ἐκεῖθεν</span> <span class='ocrx_word' id='word_1_260' title='bbox 1695 3432 1834 3503; x_wconf 85' lang='grc' dir='ltr'>λαμ-</span> 
     </span>
    </p>
   </div>
   <div class='ocr_carea' id='block_1_35' title="bbox 222 3522 1833 3613">
    <p class='ocr_par' dir='ltr' id='par_1_35' title="bbox 222 3522 1833 3613">
     <span class='ocr_line' id='line_1_35' title="bbox 222 3522 1833 3613; baseline -0.001 -31"><span class='ocrx_word' id='word_1_261' title='bbox 222 3528 439 3601; x_wconf 85' lang='grc' dir='ltr'>πρότης</span> <span class='ocrx_word' id='word_1_262' title='bbox 479 3529 594 3590; x_wconf 80' lang='grc' dir='ltr'>τοῖς</span> <span class='ocrx_word' id='word_1_263' title='bbox 637 3526 873 3581; x_wconf 73' lang='grc' dir='ltr'>ἐνταῦθα</span> <span class='ocrx_word' id='word_1_264' title='bbox 919 3522 1382 3613; x_wconf 73' lang='grc' dir='ltr'>κεκαθαρμένοις,</span> <span class='ocrx_word' id='word_1_265' title='bbox 1416 3524 1579 3596; x_wconf 86' lang='grc' dir='ltr'>ἡνίκα</span> <span class='ocrx_word' id='word_1_266' title='bbox 1622 3525 1833 3613; x_wconf 65' lang='grc' dir='ltr'>εκλάμ-</span> 
     </span>
    </p>
   </div>
   <div class='ocr_carea' id='block_1_36' title="bbox 220 3610 1831 3698">
    <p class='ocr_par' dir='ltr' id='par_1_36' title="bbox 220 3610 1831 3698">
     <span class='ocr_line' id='line_1_36' title="bbox 220 3610 1831 3698; baseline -0.001 -24"><span class='ocrx_word' id='word_1_267' title='bbox 220 3621 420 3689; x_wconf 72' lang='grc' dir='ltr'>ψονσιν</span> <span class='ocrx_word' id='word_1_268' title='bbox 463 3620 515 3673; x_wconf 80' lang='grc' dir='ltr'>οἱ</span> <span class='ocrx_word' id='word_1_269' title='bbox 544 3618 765 3684; x_wconf 81' lang='grc' dir='ltr'>δίκαιοι,</span> <span class='ocrx_word' id='word_1_270' title='bbox 807 3618 881 3683; x_wconf 88' lang='grc' dir='ltr'>ὼς</span> <span class='ocrx_word' id='word_1_271' title='bbox 922 3620 948 3671; x_wconf 87' lang='grc' dir='ltr'>ὁ</span> <span class='ocrx_word' id='word_1_272' title='bbox 979 3618 1153 3689; x_wconf 76' lang='grc' dir='ltr'>ἥλιος,</span> <span class='ocrx_word' id='word_1_273' title='bbox 1184 3610 1259 3670; x_wconf 83' lang='grc' dir='ltr'><strong>ὧν</strong></span> <span class='ocrx_word' id='word_1_274' title='bbox 1286 3617 1505 3698; x_wconf 72' lang='grc' dir='ltr'>ἵσταται</span> <span class='ocrx_word' id='word_1_275' title='bbox 1528 3619 1557 3671; x_wconf 92' lang='lat'><strong>6</strong></span> <span class='ocrx_word' id='word_1_276' title='bbox 1584 3610 1739 3682; x_wconf 80' lang='grc' dir='ltr'>Θεὸς,</span> <span class='ocrx_word' id='word_1_277' title='bbox 1771 3620 1831 3673; x_wconf 80' lang='grc' dir='ltr'>ἐν</span> 
     </span>
    </p>
   </div>
   <div class='ocr_carea' id='block_1_37' title="bbox 224 3709 1830 3786">
    <p class='ocr_par' dir='ltr' id='par_1_37' title="bbox 224 3709 1830 3786">
     <span class='ocr_line' id='line_1_37' title="bbox 224 3709 1830 3786; baseline 0.001 -21"><span class='ocrx_word' id='word_1_278' title='bbox 224 3714 380 3786; x_wconf 82' lang='grc' dir='ltr'>μέσῳ</span> <span class='ocrx_word' id='word_1_279' title='bbox 422 3712 563 3765; x_wconf 83' lang='grc' dir='ltr'>θεῶν</span> <span class='ocrx_word' id='word_1_280' title='bbox 612 3714 709 3766; x_wconf 71' lang='grc' dir='ltr'>καὶ</span> <span class='ocrx_word' id='word_1_281' title='bbox 750 3709 1018 3784; x_wconf 81' lang='grc' dir='ltr'>βασιλέων</span> <span class='ocrx_word' id='word_1_282' title='bbox 1061 3710 1414 3776; x_wconf 76' lang='grc' dir='ltr'>διαστέλλων,</span> <span class='ocrx_word' id='word_1_283' title='bbox 1455 3712 1550 3765; x_wconf 70' lang='grc' dir='ltr'>καὶ</span> <span class='ocrx_word' id='word_1_284' title='bbox 1603 3711 1830 3783; x_wconf 81' lang='grc' dir='ltr'>διαιρῶν</span> 
     </span>
    </p>
   </div>
   <div class='ocr_carea' id='block_1_38' title="bbox 222 3803 1832 3879">
    <p class='ocr_par' dir='ltr' id='par_1_38' title="bbox 222 3803 1832 3879">
     <span class='ocr_line' id='line_1_38' title="bbox 222 3803 1832 3879; baseline 0.002 -22"><span class='ocrx_word' id='word_1_285' title='bbox 222 3806 365 3879; x_wconf 75' lang='grc' dir='ltr'>πρὸς</span> <span class='ocrx_word' id='word_1_286' title='bbox 394 3804 554 3872; x_wconf 79' lang='grc' dir='ltr'>ἀξίαν</span> <span class='ocrx_word' id='word_1_287' title='bbox 582 3804 801 3875; x_wconf 81' lang='grc' dir='ltr'>ἑκάστῳ</span> <span class='ocrx_word' id='word_1_288' title='bbox 822 3803 932 3858; x_wconf 85' lang='grc' dir='ltr'><strong>τῶν</strong></span> <span class='ocrx_word' id='word_1_289' title='bbox 967 3804 1327 3876; x_wconf 76' lang='grc' dir='ltr'>βεϐιωμένων</span> <span class='ocrx_word' id='word_1_290' title='bbox 1354 3804 1423 3857; x_wconf 80' lang='grc' dir='ltr'>τὰ</span> <span class='ocrx_word' id='word_1_291' title='bbox 1471 3803 1684 3861; x_wconf 77' lang='grc' dir='ltr'>ἔπαθλα</span> <span class='ocrx_word' id='word_1_292' title='bbox 1729 3807 1832 3877; x_wconf 80' lang='grc' dir='ltr'>τῆς</span> 
     </span>
    </p>
   </div>
   <div class='ocr_carea' id='block_1_39' title="bbox 218 3894 1829 3970">
    <p class='ocr_par' dir='ltr' id='par_1_39' title="bbox 218 3894 1829 3970">
     <span class='ocr_line' id='line_1_39' title="bbox 218 3894 1829 3970; baseline 0.001 -20"><span class='ocrx_word' id='word_1_293' title='bbox 218 3896 435 3950; x_wconf 77' lang='grc' dir='ltr'>ἐκεῖθεν</span> <span class='ocrx_word' id='word_1_294' title='bbox 494 3896 901 3968; x_wconf 76' lang='grc' dir='ltr'>μακαριότητος</span> <span class='ocrx_word' id='word_1_295' title='bbox 938 3910 955 3925; x_wconf 90' lang='grc'>·</span> <span class='ocrx_word' id='word_1_296' title='bbox 1000 3894 1118 3965; x_wconf 77' lang='grc' dir='ltr'>φῶς</span> <span class='ocrx_word' id='word_1_297' title='bbox 1167 3895 1263 3949; x_wconf 72' lang='grc' dir='ltr'>καὶ</span> <span class='ocrx_word' id='word_1_298' title='bbox 1314 3895 1347 3966; x_wconf 95' lang='grc' dir='ltr'><strong>ἡ</strong></span> <span class='ocrx_word' id='word_1_299' title='bbox 1388 3894 1466 3965; x_wconf 87' lang='grc' dir='ltr'><strong>τῷ</strong></span> <span class='ocrx_word' id='word_1_300' title='bbox 1518 3898 1829 3970; x_wconf 84' lang='grc' dir='ltr'>προπάτορι</span> 
     </span>
    </p>
   </div>
   <div class='ocr_carea' id='block_1_40' title="bbox 216 3984 1903 4061">
    <p class='ocr_par' dir='ltr' id='par_1_40' title="bbox 216 3984 1903 4061">
     <span class='ocr_line' id='line_1_40' title="bbox 216 3984 1903 4061; baseline 0.001 -18"><span class='ocrx_word' id='word_1_301' title='bbox 216 3990 383 4061; x_wconf 81' lang='grc' dir='ltr'>ἡμῶν</span> <span class='ocrx_word' id='word_1_302' title='bbox 403 3988 622 4044; x_wconf 81' lang='grc' dir='ltr'>δοθεῖσα</span> <span class='ocrx_word' id='word_1_303' title='bbox 644 3990 702 4042; x_wconf 75' lang='grc' dir='ltr'>ὲν</span> <span class='ocrx_word' id='word_1_304' title='bbox 724 3986 1044 4060; x_wconf 82' lang='grc' dir='ltr'>παραδείσῳ</span> <span class='ocrx_word' id='word_1_305' title='bbox 1062 3988 1288 4061; x_wconf 74' lang='grc' dir='ltr'>ἐντολή·</span> <span class='ocrx_word' id='word_1_306' title='bbox 1306 3989 1549 4059; x_wconf 78' lang='grc' dir='ltr'>Λύχνος</span> <span class='ocrx_word' id='word_1_307' title='bbox 1567 3984 1678 4057; x_wconf 80' lang='grc' dir='ltr'><strong>γὰρ</strong></span> <span class='ocrx_word' id='word_1_308' title='bbox 1703 3990 1830 4057; x_wconf 81' lang='grc' dir='ltr'>τοῖς</span> <span class='ocrx_word' id='word_1_309' title='bbox 1890 4039 1903 4045; x_wconf 90' lang='grc'><strong>-</strong></span> 
     </span>
    </p>
   </div>
   <div class='ocr_carea' id='block_1_41' title="bbox 216 4078 1875 4151">
    <p class='ocr_par' dir='ltr' id='par_1_41' title="bbox 216 4078 1875 4151">
     <span class='ocr_line' id='line_1_41' title="bbox 216 4078 1875 4151; baseline 0.001 -18"><span class='ocrx_word' id='word_1_310' title='bbox 216 4080 374 4134; x_wconf 72' lang='grc' dir='ltr'>ποσί</span> <span class='ocrx_word' id='word_1_311' title='bbox 392 4097 514 4149; x_wconf 83' lang='grc' dir='ltr'>μου</span> <span class='ocrx_word' id='word_1_312' title='bbox 526 4083 562 4133; x_wconf 83' lang='grc' dir='ltr'><strong>ό</strong></span> <span class='ocrx_word' id='word_1_313' title='bbox 576 4078 762 4148; x_wconf 81' lang='grc' dir='ltr'>νόμος</span> <span class='ocrx_word' id='word_1_314' title='bbox 778 4096 895 4133; x_wconf 84' lang='grc' dir='ltr'>σου</span> <span class='ocrx_word' id='word_1_315' title='bbox 913 4078 1013 4133; x_wconf 74' lang='grc' dir='ltr'>καὶ</span> <span class='ocrx_word' id='word_1_316' title='bbox 1024 4078 1152 4148; x_wconf 75' lang='grc' dir='ltr'><strong>φῶς</strong></span> <span class='ocrx_word' id='word_1_317' title='bbox 1168 4079 1299 4147; x_wconf 83' lang='grc' dir='ltr'>ταῖς</span> <span class='ocrx_word' id='word_1_318' title='bbox 1324 4082 1549 4149; x_wconf 77' lang='grc' dir='ltr'>τρίϐοις</span> <span class='ocrx_word' id='word_1_319' title='bbox 1564 4080 1644 4144; x_wconf 74' lang='grc'><strong>(21</strong></span> <span class='ocrx_word' id='word_1_320' title='bbox 1657 4082 1674 4149; x_wconf 95' lang='grc'><strong>)</strong></span> <span class='ocrx_word' id='word_1_321' title='bbox 1683 4100 1827 4151; x_wconf 85' lang='grc' dir='ltr'>μου,</span> <span class='ocrx_word' id='word_1_322' title='bbox 1874 4148 1875 4151; x_wconf 19' lang='grc' dir='ltr'><strong>η</strong></span> 
     </span>
    </p>
   </div>
   <div class='ocr_carea' id='block_1_42' title="bbox 219 4169 1829 4245">
    <p class='ocr_par' dir='ltr' id='par_1_42' title="bbox 219 4169 1829 4245">
     <span class='ocr_line' id='line_1_42' title="bbox 219 4169 1829 4245; baseline 0.003 -21"><span class='ocrx_word' id='word_1_323' title='bbox 219 4171 391 4243; x_wconf 70' lang='grc' dir='ltr'>φησιν</span> <span class='ocrx_word' id='word_1_324' title='bbox 406 4172 436 4224; x_wconf 92' lang='lat'><strong>6</strong></span> <span class='ocrx_word' id='word_1_325' title='bbox 454 4170 641 4234; x_wconf 74' lang='grc' dir='ltr'>Δασὶδ,</span> <span class='ocrx_word' id='word_1_326' title='bbox 662 4172 691 4223; x_wconf 94' lang='lat'><strong>6</strong></span> <span class='ocrx_word' id='word_1_327' title='bbox 709 4169 816 4223; x_wconf 81' lang='grc' dir='ltr'>τῶν</span> <span class='ocrx_word' id='word_1_328' title='bbox 836 4170 998 4225; x_wconf 82' lang='grc' dir='ltr'>θείων</span> <span class='ocrx_word' id='word_1_329' title='bbox 1028 4170 1287 4242; x_wconf 75' lang='grc' dir='ltr'>μελῳδὸς.</span> <span class='ocrx_word' id='word_1_330' title='bbox 1306 4171 1587 4237; x_wconf 75' lang='grc' dir='ltr'>Φῶςὲστιν</span> <span class='ocrx_word' id='word_1_331' title='bbox 1609 4173 1703 4226; x_wconf 81' lang='grc' dir='ltr'>καὶ</span> <span class='ocrx_word' id='word_1_332' title='bbox 1723 4176 1829 4245; x_wconf 78' lang='grc' dir='ltr'>ἡὲν</span> 
     </span>
    </p>
   </div>
   <div class='ocr_carea' id='block_1_43' title="bbox 215 4261 1829 4337">
    <p class='ocr_par' dir='ltr' id='par_1_43' title="bbox 215 4261 1829 4337">
     <span class='ocr_line' id='line_1_43' title="bbox 215 4261 1829 4337; baseline 0.004 -21"><span class='ocrx_word' id='word_1_333' title='bbox 215 4266 359 4335; x_wconf 79' lang='grc' dir='ltr'>ἡμῖν</span> <span class='ocrx_word' id='word_1_334' title='bbox 376 4261 474 4316; x_wconf 81' lang='grc' dir='ltr'><strong>τοῦ</strong></span> <span class='ocrx_word' id='word_1_335' title='bbox 492 4263 653 4332; x_wconf 77' lang='grc' dir='ltr'>λόγου</span> <span class='ocrx_word' id='word_1_336' title='bbox 674 4262 929 4334; x_wconf 88' lang='grc' dir='ltr'>δύναμις,</span> <span class='ocrx_word' id='word_1_337' title='bbox 967 4264 1375 4320; x_wconf 88' lang='grc' dir='ltr'>κατευθύνουσα</span> <span class='ocrx_word' id='word_1_338' title='bbox 1394 4267 1553 4337; x_wconf 82' lang='grc' dir='ltr'>ἡμῶν</span> <span class='ocrx_word' id='word_1_339' title='bbox 1577 4266 1647 4320; x_wconf 82' lang='grc' dir='ltr'><strong>τά</strong></span> <span class='ocrx_word' id='word_1_340' title='bbox 1684 4267 1829 4323; x_wconf 79' lang='grc' dir='ltr'>κατὰ</span> 
     </span>
    </p>
   </div>
   <div class='ocr_carea' id='block_1_44' title="bbox 214 4353 1828 4431">
    <p class='ocr_par' dir='ltr' id='par_1_44' title="bbox 214 4353 1828 4431">
     <span class='ocr_line' id='line_1_44' title="bbox 214 4353 1828 4431; baseline 0.003 -23"><span class='ocrx_word' id='word_1_341' title='bbox 214 4353 711 4431; x_wconf 40' lang='grc' dir='ltr'>Θεὸν-διαδήματα</span> <span class='ocrx_word' id='word_1_342' title='bbox 732 4372 747 4386; x_wconf 72' lang='grc'><strong><em>⁸</em></strong></span> <span class='ocrx_word' id='word_1_343' title='bbox 763 4354 881 4425; x_wconf 83' lang='grc' dir='ltr'>φῶς</span> <span class='ocrx_word' id='word_1_344' title='bbox 902 4356 995 4411; x_wconf 75' lang='grc' dir='ltr'>καὶ</span> <span class='ocrx_word' id='word_1_345' title='bbox 1017 4356 1081 4410; x_wconf 80' lang='grc' dir='ltr'>τὸ</span> <span class='ocrx_word' id='word_1_346' title='bbox 1110 4357 1249 4427; x_wconf 81' lang='grc' dir='ltr'>ὑπὲρ</span> <span class='ocrx_word' id='word_1_347' title='bbox 1287 4357 1424 4411; x_wconf 82' lang='grc' dir='ltr'>Θεοῦ</span> <span class='ocrx_word' id='word_1_348' title='bbox 1468 4360 1828 4431; x_wconf 83' lang='grc' dir='ltr'>μαρτυρῆσαν</span> 
     </span>
    </p>
   </div>
   <div class='ocr_carea' id='block_1_45' title="bbox 218 4426 1827 4524">
    <p class='ocr_par' dir='ltr' id='par_1_45' title="bbox 218 4426 1827 4524">
     <span class='ocr_line' id='line_1_45' title="bbox 218 4426 1827 4524; baseline 0.003 -23"><span class='ocrx_word' id='word_1_349' title='bbox 218 4448 320 4501; x_wconf 80' lang='grc' dir='ltr'>καὶ</span> <span class='ocrx_word' id='word_1_350' title='bbox 336 4426 399 4500; x_wconf 60' lang='grc' dir='ltr'><strong>τδ</strong></span> <span class='ocrx_word' id='word_1_351' title='bbox 426 4426 571 4518; x_wconf 68' lang='grc' dir='ltr'>πρὸς</span> <span class='ocrx_word' id='word_1_352' title='bbox 591 4446 756 4501; x_wconf 78' lang='grc' dir='ltr'>αὑτὸν</span> <span class='ocrx_word' id='word_1_353' title='bbox 795 4446 993 4519; x_wconf 85' lang='grc' dir='ltr'>πυρσῷ</span> <span class='ocrx_word' id='word_1_354' title='bbox 1027 4447 1131 4517; x_wconf 79' lang='grc' dir='ltr'>τῆς</span> <span class='ocrx_word' id='word_1_355' title='bbox 1165 4426 1421 4520; x_wconf 80' lang='grc' dir='ltr'>θεότητος</span> <span class='ocrx_word' id='word_1_356' title='bbox 1446 4426 1827 4524; x_wconf 29' lang='grc' dir='ltr'>πατ-ἦσανντὴν</span> 
     </span>
    </p>
   </div>
   <div class='ocr_carea' id='block_1_46' title="bbox 214 4537 1823 4611">
    <p class='ocr_par' dir='ltr' id='par_1_46' title="bbox 214 4537 1823 4611">
     <span class='ocr_line' id='line_1_46' title="bbox 214 4537 1823 4611; baseline 0.005 -20"><span class='ocrx_word' id='word_1_357' title='bbox 214 4540 399 4610; x_wconf 75' lang='grc' dir='ltr'>φλόγα</span> <span class='ocrx_word' id='word_1_358' title='bbox 430 4540 531 4611; x_wconf 81' lang='grc' dir='ltr'><strong>τῆς</strong></span> <span class='ocrx_word' id='word_1_359' title='bbox 553 4537 783 4611; x_wconf 80' lang='grc' dir='ltr'>πλάνης,</span> <span class='ocrx_word' id='word_1_360' title='bbox 812 4538 889 4603; x_wconf 86' lang='grc' dir='ltr'><strong>ὡς</strong></span> <span class='ocrx_word' id='word_1_361' title='bbox 909 4542 959 4593; x_wconf 85' lang='grc' dir='ltr'>οἱ</span> <span class='ocrx_word' id='word_1_362' title='bbox 988 4540 1119 4611; x_wconf 81' lang='grc' dir='ltr'>περὶ</span> <span class='ocrx_word' id='word_1_363' title='bbox 1151 4540 1400 4595; x_wconf 83' lang='grc' dir='ltr'>Ἀνανίαν</span> <span class='ocrx_word' id='word_1_364' title='bbox 1428 4543 1486 4595; x_wconf 83' lang='grc' dir='ltr'>ὲν</span> <span class='ocrx_word' id='word_1_365' title='bbox 1518 4543 1823 4611; x_wconf 74' lang='grc' dir='ltr'>Βαϐυλῶνι,</span> 
     </span>
    </p>
   </div>
   <div class='ocr_carea' id='block_1_47' title="bbox 212 4629 1824 4706">
    <p class='ocr_par' dir='ltr' id='par_1_47' title="bbox 212 4629 1824 4706">
     <span class='ocr_line' id='line_1_47' title="bbox 212 4629 1824 4706; baseline 0.002 -21"><span class='ocrx_word' id='word_1_366' title='bbox 212 4634 279 4685; x_wconf 81' lang='grc' dir='ltr'>ὲν</span> <span class='ocrx_word' id='word_1_367' title='bbox 300 4631 447 4703; x_wconf 77' lang='grc' dir='ltr'>μέσῃ</span> <span class='ocrx_word' id='word_1_368' title='bbox 476 4630 707 4703; x_wconf 85' lang='grc' dir='ltr'>καμίνου</span> <span class='ocrx_word' id='word_1_369' title='bbox 734 4629 897 4702; x_wconf 80' lang='grc' dir='ltr'>φλογὶ</span> <span class='ocrx_word' id='word_1_370' title='bbox 958 4630 1306 4702; x_wconf 82' lang='grc' dir='ltr'>χορεύοντες,</span> <span class='ocrx_word' id='word_1_371' title='bbox 1350 4633 1489 4704; x_wconf 83' lang='grc' dir='ltr'>μηδὲ</span> <span class='ocrx_word' id='word_1_372' title='bbox 1519 4632 1629 4687; x_wconf 87' lang='grc' dir='ltr'><strong>τῶν</strong></span> <span class='ocrx_word' id='word_1_373' title='bbox 1651 4652 1824 4706; x_wconf 71' lang='grc' dir='ltr'>σαραο</span> 
     </span>
    </p>
   </div>
   <div class='ocr_carea' id='block_1_48' title="bbox 210 4721 1821 4801">
    <p class='ocr_par' dir='ltr' id='par_1_48' title="bbox 210 4721 1821 4801">
     <span class='ocr_line' id='line_1_48' title="bbox 210 4721 1821 4801; baseline 0.002 -24"><span class='ocrx_word' id='word_1_374' title='bbox 210 4723 406 4797; x_wconf 68' lang='grc' dir='ltr'>ὀάρων</span> <span class='ocrx_word' id='word_1_375' title='bbox 431 4724 619 4788; x_wconf 82' lang='grc' dir='ltr'>αὐτοῖς</span> <span class='ocrx_word' id='word_1_376' title='bbox 647 4721 1023 4794; x_wconf 79' lang='grc' dir='ltr'>φθειρομένων</span> <span class='ocrx_word' id='word_1_377' title='bbox 1045 4739 1062 4756; x_wconf 77' lang='grc'><strong><em>⁸</em></strong></span> <span class='ocrx_word' id='word_1_378' title='bbox 1089 4723 1207 4793; x_wconf 79' lang='grc' dir='ltr'><strong>φῶς</strong></span> <span class='ocrx_word' id='word_1_379' title='bbox 1235 4724 1388 4797; x_wconf 84' lang='grc' dir='ltr'><strong>παρά</strong></span> <span class='ocrx_word' id='word_1_380' title='bbox 1408 4724 1584 4779; x_wconf 79' lang='grc' dir='ltr'>ταῦτα</span> <span class='ocrx_word' id='word_1_381' title='bbox 1607 4726 1821 4801; x_wconf 84' lang='grc' dir='ltr'>ίδιοτρό-</span> 
     </span>
    </p>
   </div>
   <div class='ocr_carea' id='block_1_49' title="bbox 206 4814 1821 4889">
    <p class='ocr_par' dir='ltr' id='par_1_49' title="bbox 206 4814 1821 4889">
     <span class='ocr_line' id='line_1_49' title="bbox 206 4814 1821 4889; baseline 0.003 -21"><span class='ocrx_word' id='word_1_382' title='bbox 206 4831 340 4879; x_wconf 53' lang='grc' dir='ltr'><em>Μ</em></span> <span class='ocrx_word' id='word_1_383' title='bbox 366 4817 396 4870; x_wconf 90' lang='lat'><strong>6</strong></span> <span class='ocrx_word' id='word_1_384' title='bbox 420 4815 517 4868; x_wconf 80' lang='grc' dir='ltr'><strong>τοῦ</strong></span> <span class='ocrx_word' id='word_1_385' title='bbox 536 4814 917 4886; x_wconf 87' lang='grc' dir='ltr'>βαπτίσματος</span> <span class='ocrx_word' id='word_1_386' title='bbox 951 4814 1234 4886; x_wconf 78' lang='grc' dir='ltr'>φωτισμός</span> <span class='ocrx_word' id='word_1_387' title='bbox 1255 4830 1269 4844; x_wconf 82' lang='grc'><em>’</em></span> <span class='ocrx_word' id='word_1_388' title='bbox 1301 4815 1420 4884; x_wconf 80' lang='grc' dir='ltr'><strong>φῶς</strong></span> <span class='ocrx_word' id='word_1_389' title='bbox 1444 4816 1585 4889; x_wconf 82' lang='grc' dir='ltr'>ὑπὲρ</span> <span class='ocrx_word' id='word_1_390' title='bbox 1617 4816 1821 4886; x_wconf 87' lang='grc' dir='ltr'>πάντα,</span> 
     </span>
    </p>
   </div>
   <div class='ocr_carea' id='block_1_50' title="bbox 207 4905 1821 4979">
    <p class='ocr_par' dir='ltr' id='par_1_50' title="bbox 207 4905 1821 4979">
     <span class='ocr_line' id='line_1_50' title="bbox 207 4905 1821 4979; baseline 0.004 -18"><span class='ocrx_word' id='word_1_391' title='bbox 207 4908 249 4979; x_wconf 84' lang='grc' dir='ltr'><strong>ἡ</strong></span> <span class='ocrx_word' id='word_1_392' title='bbox 270 4908 334 4961; x_wconf 77' lang='grc' dir='ltr'>ὲν</span> <span class='ocrx_word' id='word_1_393' title='bbox 367 4909 435 4978; x_wconf 81' lang='grc' dir='ltr'><strong>τῇ</strong></span> <span class='ocrx_word' id='word_1_394' title='bbox 459 4907 582 4978; x_wconf 76' lang='grc' dir='ltr'>θεία</span> <span class='ocrx_word' id='word_1_395' title='bbox 624 4906 821 4979; x_wconf 82' lang='grc' dir='ltr'>Τριάδι</span> <span class='ocrx_word' id='word_1_396' title='bbox 856 4905 1109 4979; x_wconf 78' lang='grc' dir='ltr'>ίσοκλεὴς</span> <span class='ocrx_word' id='word_1_397' title='bbox 1135 4907 1233 4961; x_wconf 82' lang='grc' dir='ltr'>καὶ</span> <span class='ocrx_word' id='word_1_398' title='bbox 1268 4906 1575 4979; x_wconf 80' lang='grc' dir='ltr'>ἀμώμητος</span> <span class='ocrx_word' id='word_1_399' title='bbox 1614 4910 1821 4976; x_wconf 88' lang='grc' dir='ltr'>πίστις.</span> 
     </span>
    </p>
   </div>
   <div class='ocr_carea' id='block_1_51' title="bbox 206 4994 1818 5072">
    <p class='ocr_par' dir='ltr' id='par_1_51' title="bbox 206 4994 1818 5072">
     <span class='ocr_line' id='line_1_51' title="bbox 206 4994 1818 5072; baseline 0.002 -18"><span class='ocrx_word' id='word_1_400' title='bbox 206 4998 333 5054; x_wconf 74' lang='grc' dir='ltr'><strong>Καὶ</strong></span> <span class='ocrx_word' id='word_1_401' title='bbox 358 4994 519 5053; x_wconf 74' lang='grc' dir='ltr'>εἶπεν</span> <span class='ocrx_word' id='word_1_402' title='bbox 535 5002 564 5053; x_wconf 90' lang='lat'><strong>6</strong></span> <span class='ocrx_word' id='word_1_403' title='bbox 580 4999 715 5063; x_wconf 88' lang='grc' dir='ltr'>Θεός</span> <span class='ocrx_word' id='word_1_404' title='bbox 733 4996 1078 5067; x_wconf 77' lang='grc' dir='ltr'>Τενηθήτω</span> <span class='ocrx_word' id='word_1_405' title='bbox 1104 4996 1253 5066; x_wconf 70' lang='grc' dir='ltr'>φῶς,</span> <span class='ocrx_word' id='word_1_406' title='bbox 1276 4999 1377 5053; x_wconf 79' lang='grc' dir='ltr'>καὶ</span> <span class='ocrx_word' id='word_1_407' title='bbox 1416 4999 1654 5071; x_wconf 74' lang='grc' dir='ltr'>ἐγένετο</span> <span class='ocrx_word' id='word_1_408' title='bbox 1668 5000 1818 5072; x_wconf 71' lang='grc' dir='ltr'>φῶς.</span> 
     </span>
    </p>
   </div>
   <div class='ocr_carea' id='block_1_52' title="bbox 205 5088 1818 5160">
    <p class='ocr_par' dir='ltr' id='par_1_52' title="bbox 205 5088 1818 5160">
     <span class='ocr_line' id='line_1_52' title="bbox 205 5088 1818 5160; baseline 0.001 -13"><span class='ocrx_word' id='word_1_409' title='bbox 205 5090 329 5148; x_wconf 81' lang='lat' dir='ltr'><strong>Kal</strong></span> <span class='ocrx_word' id='word_1_410' title='bbox 352 5090 652 5146; x_wconf 66' lang='grc' dir='ltr'>ἐκάλεσεν</span> <span class='ocrx_word' id='word_1_411' title='bbox 681 5094 714 5145; x_wconf 90' lang='lat' dir='ltr'><strong>d</strong></span> <span class='ocrx_word' id='word_1_412' title='bbox 742 5090 889 5157; x_wconf 81' lang='grc' dir='ltr'>Θεὸς</span> <span class='ocrx_word' id='word_1_413' title='bbox 916 5089 986 5145; x_wconf 84' lang='grc' dir='ltr'>τὸ</span> <span class='ocrx_word' id='word_1_414' title='bbox 1005 5088 1135 5159; x_wconf 69' lang='grc' dir='ltr'><strong>φῶς</strong></span> <span class='ocrx_word' id='word_1_415' title='bbox 1164 5090 1417 5160; x_wconf 76' lang='grc' dir='ltr'>ἡμέραν,</span> <span class='ocrx_word' id='word_1_416' title='bbox 1452 5092 1642 5147; x_wconf 77' lang='grc' dir='ltr'>καὶτὸ</span> <span class='ocrx_word' id='word_1_417' title='bbox 1665 5095 1818 5148; x_wconf 79' lang='grc' dir='ltr'>σκό-</span> 
     </span>
    </p>
   </div>
   <div class='ocr_carea' id='block_1_53' title="bbox 203 5183 853 5253">
    <p class='ocr_par' dir='ltr' id='par_1_53' title="bbox 203 5183 853 5253">
     <span class='ocr_line' id='line_1_53' title="bbox 203 5183 853 5253; baseline 0.002 -14"><span class='ocrx_word' id='word_1_418' title='bbox 203 5201 319 5253; x_wconf 72' lang='grc' dir='ltr'><strong>τος</strong></span> <span class='ocrx_word' id='word_1_419' title='bbox 354 5183 615 5239; x_wconf 72' lang='grc' dir='ltr'>ἐκάλεσε</span> <span class='ocrx_word' id='word_1_420' title='bbox 640 5183 853 5240; x_wconf 80' lang='grc' dir='ltr'>νύκτα.</span> 
     </span>
    </p>
   </div>
   <div class='ocr_carea' id='block_1_54' title="bbox 912 5363 1222 5418">
    <p class='ocr_par' dir='ltr' id='par_1_54' title="bbox 912 5363 1222 5418">
     <span class='ocr_line' id='line_1_54' title="bbox 912 5363 1222 5418; baseline 0 0"><span class='ocrx_word' id='word_1_421' title='bbox 912 5364 1065 5418; x_wconf 78' lang='grc' dir='ltr'><strong>ΥΣΙΣ</strong></span> <span class='ocrx_word' id='word_1_422' title='bbox 1100 5363 1222 5418; x_wconf 77' lang='grc' dir='ltr'>ΞΒν.</span> 
     </span>
    </p>
   </div>
   <div class='ocr_carea' id='block_1_55' title="bbox 282 5366 1812 5527">
    <p class='ocr_par' dir='ltr' id='par_1_55' title="bbox 282 5366 1812 5527">
     <span class='ocr_line' id='line_1_55' title="bbox 912 5366 1222 5418; baseline 0 0"><span class='ocrx_word' id='word_1_423' title='bbox 912 5366 1065 5418; x_wconf 77' lang='grc' dir='ltr'><strong>ΥΣΙΣ</strong></span> <span class='ocrx_word' id='word_1_424' title='bbox 1100 5366 1222 5418; x_wconf 68' lang='grc' dir='ltr'><strong>ΞΒ.</strong></span> 
     </span>
     <span class='ocr_line' id='line_1_56' title="bbox 282 5366 1812 5527; baseline 0.003 -18"><span class='ocrx_word' id='word_1_425' title='bbox 282 5452 355 5509; x_wconf 85' lang='grc' dir='ltr'>Τί</span> <span class='ocrx_word' id='word_1_426' title='bbox 376 5451 500 5522; x_wconf 74' lang='grc' dir='ltr'>οὗνς</span> <span class='ocrx_word' id='word_1_427' title='bbox 520 5455 651 5512; x_wconf 72' lang='grc' dir='ltr'>ἄλλο</span> <span class='ocrx_word' id='word_1_428' title='bbox 669 5455 789 5511; x_wconf 72' lang='grc' dir='ltr'>ἐστὶ</span> <span class='ocrx_word' id='word_1_429' title='bbox 808 5366 947 5527; x_wconf 53' lang='grc' dir='ltr'>ἕξις,</span> <span class='ocrx_word' id='word_1_430' title='bbox 968 5456 1065 5510; x_wconf 75' lang='grc' dir='ltr'>καὶ</span> <span class='ocrx_word' id='word_1_431' title='bbox 1086 5454 1217 5511; x_wconf 76' lang='grc' dir='ltr'>ἄλλο</span> <span class='ocrx_word' id='word_1_432' title='bbox 1241 5456 1427 5526; x_wconf 80' lang='grc' dir='ltr'>ἡμέρα</span> <span class='ocrx_word' id='word_1_433' title='bbox 1448 5472 1463 5524; x_wconf 89' lang='grc'>;</span> <span class='ocrx_word' id='word_1_434' title='bbox 1482 5457 1517 5527; x_wconf 79' lang='grc' dir='ltr'>ἦ</span> <span class='ocrx_word' id='word_1_435' title='bbox 1544 5457 1673 5513; x_wconf 76' lang='grc' dir='ltr'>ἄλλο</span> <span class='ocrx_word' id='word_1_436' title='bbox 1692 5458 1812 5526; x_wconf 76' lang='grc' dir='ltr'>νὺξ,</span> 
     </span>
    </p>
   </div>
   <div class='ocr_carea' id='block_1_56' title="bbox 200 5548 719 5615">
    <p class='ocr_par' dir='ltr' id='par_1_56' title="bbox 200 5548 719 5615">
     <span class='ocr_line' id='line_1_57' title="bbox 200 5548 719 5615; baseline -0.01 -8"><span class='ocrx_word' id='word_1_437' title='bbox 200 5549 311 5607; x_wconf 70' lang='grc' dir='ltr'>καὶ</span> <span class='ocrx_word' id='word_1_438' title='bbox 332 5548 463 5604; x_wconf 81' lang='grc' dir='ltr'>ἀλλο</span> <span class='ocrx_word' id='word_1_439' title='bbox 496 5549 719 5615; x_wconf 82' lang='grc' dir='ltr'>σκότος;</span> 
     </span>
    </p>
   </div>
   <div class='ocr_carea' id='block_1_57' title="bbox 284 5671 1827 5744">
    <p class='ocr_par' dir='ltr' id='par_1_57' title="bbox 284 5671 1827 5744">
     <span class='ocr_line' id='line_1_58' title="bbox 284 5671 1827 5744; baseline 0.011 -18"><span class='ocrx_word' id='word_1_440' title='bbox 284 5676 333 5710; x_wconf 70' lang='grc' dir='ltr'>ι’</span> <span class='ocrx_word' id='word_1_441' title='bbox 365 5674 503 5744; x_wconf 64' lang='lat' dir='ltr'><strong>Gen.</strong></span> <span class='ocrx_word' id='word_1_442' title='bbox 534 5691 576 5739; x_wconf 87' lang='grc' dir='ltr'><strong>ι,</strong></span> <span class='ocrx_word' id='word_1_443' title='bbox 604 5674 659 5731; x_wconf 82' lang='lat'><strong>3.</strong></span> <span class='ocrx_word' id='word_1_444' title='bbox 740 5673 785 5732; x_wconf 59' lang='grc' dir='ltr'><strong>ξ’</strong></span> <span class='ocrx_word' id='word_1_445' title='bbox 817 5671 968 5733; x_wconf 86' lang='lat' dir='ltr'><strong>Psal.</strong></span> <span class='ocrx_word' id='word_1_446' title='bbox 1002 5688 1174 5731; x_wconf 79' lang='lat' dir='ltr'><strong>cxvnt</strong></span> <span class='ocrx_word' id='word_1_447' title='bbox 1233 5672 1363 5734; x_wconf 55' lang='lat'><strong>£05;</strong></span> <span class='ocrx_word' id='word_1_448' title='bbox 1442 5673 1486 5706; x_wconf 79' lang='lat'>“</span> <span class='ocrx_word' id='word_1_449' title='bbox 1523 5672 1642 5731; x_wconf 81' lang='lat' dir='ltr'><strong>Gen</strong></span> <span class='ocrx_word' id='word_1_450' title='bbox 1696 5690 1736 5742; x_wconf 77' lang='grc'><strong>1,</strong></span> <span class='ocrx_word' id='word_1_451' title='bbox 1772 5677 1827 5743; x_wconf 70' lang='grc' dir='ltr'>ὃν</span> 
     </span>
    </p>
   </div>
   <div class='ocr_carea' id='block_1_58' title="bbox 1679 368 2107 428">
    <p class='ocr_par' dir='ltr' id='par_1_58' title="bbox 1679 368 2107 428">
     <span class='ocr_line' id='line_1_59' title="bbox 1679 368 2107 428; baseline 0.002 -1"><span class='ocrx_word' id='word_1_452' title='bbox 1679 368 2033 428; x_wconf 77' lang='lat' dir='ltr'><strong>DIALOGUS</strong></span> <span class='ocrx_word' id='word_1_453' title='bbox 2064 371 2107 428; x_wconf 86' lang='grc' dir='ltr'>Ῑ.</span> 
     </span>
    </p>
   </div>
   <div class='ocr_carea' id='block_1_59' title="bbox 3454 375 3565 441">
    <p class='ocr_par' dir='ltr' id='par_1_59' title="bbox 3454 375 3565 441">
     <span class='ocr_line' id='line_1_60' title="bbox 3454 375 3565 441; baseline 0 0"><span class='ocrx_word' id='word_1_454' title='bbox 3454 375 3565 441; x_wconf 63' lang='grc' dir='ltr'><strong>οπο</strong></span> 
     </span>
    </p>
   </div>
   <div class='ocr_carea' id='block_1_60' title="bbox 2595 484 2909 555">
    <p class='ocr_par' dir='ltr' id='par_1_60' title="bbox 2595 484 2909 555">
     <span class='ocr_line' id='line_1_61' title="bbox 2595 484 2909 555; baseline -0.01 -13"><span class='ocrx_word' id='word_1_455' title='bbox 2595 484 2909 555; x_wconf 72' lang='lat' dir='ltr'><strong>Responsio.</strong></span> 
     </span>
    </p>
   </div>
   <div class='ocr_carea' id='block_1_61' title="bbox 2030 569 3563 650">
    <p class='ocr_par' dir='ltr' id='par_1_61' title="bbox 2030 569 3563 650">
     <span class='ocr_line' id='line_1_62' title="bbox 2030 569 3563 650; baseline 0.006 -25"><span class='ocrx_word' id='word_1_456' title='bbox 2030 569 2220 641; x_wconf 81' lang='lat' dir='ltr'><strong>Neque</strong></span> <span class='ocrx_word' id='word_1_457' title='bbox 2256 570 2400 629; x_wconf 88' lang='lat' dir='ltr'><strong>Deus</strong></span> <span class='ocrx_word' id='word_1_458' title='bbox 2447 574 2602 645; x_wconf 87' lang='lat' dir='ltr'><strong>ipsas</strong></span> <span class='ocrx_word' id='word_1_459' title='bbox 2648 575 2801 641; x_wconf 83' lang='lat' dir='ltr'><strong>fecit,</strong></span> <span class='ocrx_word' id='word_1_460' title='bbox 2847 591 3027 645; x_wconf 90' lang='lat' dir='ltr'><strong>neque</strong></span> <span class='ocrx_word' id='word_1_461' title='bbox 3072 576 3350 643; x_wconf 79' lang='lat' dir='ltr'><strong>diabolus,</strong></span> <span class='ocrx_word' id='word_1_462' title='bbox 3382 594 3563 650; x_wconf 87' lang='lat' dir='ltr'><strong>neque</strong></span> 
     </span>
    </p>
   </div>
   <div class='ocr_carea' id='block_1_62' title="bbox 1960 663 3563 739">
    <p class='ocr_par' dir='ltr' id='par_1_62' title="bbox 1960 663 3563 739">
     <span class='ocr_line' id='line_1_63' title="bbox 1960 663 3563 739; baseline 0.005 -22"><span class='ocrx_word' id='word_1_463' title='bbox 1960 663 2118 734; x_wconf 86' lang='lat' dir='ltr'><strong>prius</strong></span> <span class='ocrx_word' id='word_1_464' title='bbox 2152 664 2397 731; x_wconf 76' lang='lat' dir='ltr'><strong>fuerunt,</strong></span> <span class='ocrx_word' id='word_1_465' title='bbox 2431 683 2597 738; x_wconf 87' lang='lat' dir='ltr'><strong>quam</strong></span> <span class='ocrx_word' id='word_1_466' title='bbox 2627 668 2983 739; x_wconf 89' lang='lat' dir='ltr'><strong>aspectabilis</strong></span> <span class='ocrx_word' id='word_1_467' title='bbox 3027 668 3116 726; x_wconf 86' lang='lat' dir='ltr'><strong>hic</strong></span> <span class='ocrx_word' id='word_1_468' title='bbox 3145 671 3406 727; x_wconf 89' lang='lat' dir='ltr'><strong>mundus.</strong></span> <span class='ocrx_word' id='word_1_469' title='bbox 3437 670 3563 727; x_wconf 87' lang='lat' dir='ltr'><strong>0m-</strong></span> 
     </span>
    </p>
   </div>
   <div class='ocr_carea' id='block_1_63' title="bbox 1958 757 3563 835">
    <p class='ocr_par' dir='ltr' id='par_1_63' title="bbox 1958 757 3563 835">
     <span class='ocr_line' id='line_1_64' title="bbox 1958 757 3563 835; baseline 0.006 -25"><span class='ocrx_word' id='word_1_470' title='bbox 1958 771 2060 811; x_wconf 87' lang='lat' dir='ltr'><strong>nes</strong></span> <span class='ocrx_word' id='word_1_471' title='bbox 2085 757 2235 813; x_wconf 87' lang='lat' dir='ltr'><strong>enim</strong></span> <span class='ocrx_word' id='word_1_472' title='bbox 2262 759 2583 830; x_wconf 85' lang='lat' dir='ltr'><strong>angelorum</strong></span> <span class='ocrx_word' id='word_1_473' title='bbox 2623 762 2778 817; x_wconf 83' lang='lat' dir='ltr'><strong>chori</strong></span> <span class='ocrx_word' id='word_1_474' title='bbox 2814 762 3003 818; x_wconf 85' lang='lat' dir='ltr'><strong>carnis</strong></span> <span class='ocrx_word' id='word_1_475' title='bbox 3046 771 3303 834; x_wconf 74' lang='lat' dir='ltr'><strong>erpertes</strong></span> <span class='ocrx_word' id='word_1_476' title='bbox 3329 765 3563 835; x_wconf 75' lang='lat' dir='ltr'><strong>agebant</strong></span> 
     </span>
    </p>
   </div>
   <div class='ocr_carea' id='block_1_64' title="bbox 1959 846 3563 928">
    <p class='ocr_par' dir='ltr' id='par_1_64' title="bbox 1959 846 3563 928">
     <span class='ocr_line' id='line_1_65' title="bbox 1959 846 3563 928; baseline 0.005 -25"><span class='ocrx_word' id='word_1_477' title='bbox 1959 846 2016 903; x_wconf 92' lang='lat' dir='ltr'><strong>in</strong></span> <span class='ocrx_word' id='word_1_478' title='bbox 2068 848 2214 928; x_wconf 84' lang='lat' dir='ltr'><strong>luce,</strong></span> <span class='ocrx_word' id='word_1_479' title='bbox 2261 849 2429 906; x_wconf 88' lang='lat' dir='ltr'><strong>etiam</strong></span> <span class='ocrx_word' id='word_1_480' title='bbox 2480 860 2776 923; x_wconf 90' lang='lat' dir='ltr'><strong>antequam</strong></span> <span class='ocrx_word' id='word_1_481' title='bbox 2815 853 3057 909; x_wconf 88' lang='lat' dir='ltr'><strong>mundus</strong></span> <span class='ocrx_word' id='word_1_482' title='bbox 3106 857 3283 922; x_wconf 89' lang='lat' dir='ltr'><strong>llerct,</strong></span> <span class='ocrx_word' id='word_1_483' title='bbox 3332 856 3429 912; x_wconf 88' lang='lat' dir='ltr'><strong>sed</strong></span> <span class='ocrx_word' id='word_1_484' title='bbox 3463 872 3563 913; x_wconf 68' lang='lat' dir='ltr'><strong>suo</strong></span> 
     </span>
    </p>
   </div>
   <div class='ocr_carea' id='block_1_65' title="bbox 1958 943 3549 1018">
    <p class='ocr_par' dir='ltr' id='par_1_65' title="bbox 1958 943 3549 1018">
     <span class='ocr_line' id='line_1_66' title="bbox 1958 943 3549 1018; baseline 0.004 -23"><span class='ocrx_word' id='word_1_485' title='bbox 1958 954 2131 1011; x_wconf 84' lang='lat' dir='ltr'><strong>perae</strong></span> <span class='ocrx_word' id='word_1_486' title='bbox 2150 948 2384 998; x_wconf 78' lang='lat' dir='ltr'><strong>extenso</strong></span> <span class='ocrx_word' id='word_1_487' title='bbox 2414 943 2629 999; x_wconf 71' lang='lat' dir='ltr'><strong>cmlesti</strong></span> <span class='ocrx_word' id='word_1_488' title='bbox 2667 959 2920 1016; x_wconf 85' lang='lat' dir='ltr'><strong>corpore,</strong></span> <span class='ocrx_word' id='word_1_489' title='bbox 2950 946 3110 1016; x_wconf 87' lang='lat' dir='ltr'><strong>quasi</strong></span> <span class='ocrx_word' id='word_1_490' title='bbox 3142 947 3212 1001; x_wconf 86' lang='lat' dir='ltr'><strong>ab</strong></span> <span class='ocrx_word' id='word_1_491' title='bbox 3237 956 3396 1017; x_wconf 85' lang='lat' dir='ltr'><strong>septo</strong></span> <span class='ocrx_word' id='word_1_492' title='bbox 3422 962 3549 1018; x_wconf 73' lang='lat' dir='ltr'><strong>quo</strong></span> 
     </span>
    </p>
   </div>
   <div class='ocr_carea' id='block_1_66' title="bbox 1958 1031 3555 1111">
    <p class='ocr_par' dir='ltr' id='par_1_66' title="bbox 1958 1031 3555 1111">
     <span class='ocr_line' id='line_1_67' title="bbox 1958 1031 3555 1111; baseline 0.004 -25"><span class='ocrx_word' id='word_1_493' title='bbox 1958 1031 2087 1087; x_wconf 86' lang='lat' dir='ltr'><strong>dam</strong></span> <span class='ocrx_word' id='word_1_494' title='bbox 2118 1048 2219 1104; x_wconf 85' lang='lat' dir='ltr'><strong>per</strong></span> <span class='ocrx_word' id='word_1_495' title='bbox 2245 1033 2725 1091; x_wconf 89' lang='lat' dir='ltr'><strong>obumbrationem</strong></span> <span class='ocrx_word' id='word_1_496' title='bbox 2751 1038 2997 1093; x_wconf 63' lang='lat' dir='ltr'><strong>tenebrae</strong></span> <span class='ocrx_word' id='word_1_497' title='bbox 3025 1038 3337 1103; x_wconf 70' lang='lat' dir='ltr'><strong>subierunt,</strong></span> <span class='ocrx_word' id='word_1_498' title='bbox 3368 1056 3555 1111; x_wconf 80' lang='lat' dir='ltr'><strong>quem-</strong></span> 
     </span>
    </p>
   </div>
   <div class='ocr_carea' id='block_1_67' title="bbox 1956 1124 3559 1187">
    <p class='ocr_par' dir='ltr' id='par_1_67' title="bbox 1956 1124 3559 1187">
     <span class='ocr_line' id='line_1_68' title="bbox 1956 1124 3559 1187; baseline 0.004 -9"><span class='ocrx_word' id='word_1_499' title='bbox 1956 1124 2261 1181; x_wconf 85' lang='lat' dir='ltr'><strong>admodum</strong></span> <span class='ocrx_word' id='word_1_500' title='bbox 2289 1127 2337 1182; x_wconf 86' lang='lat' dir='ltr'><strong>si</strong></span> <span class='ocrx_word' id='word_1_501' title='bbox 2368 1127 2423 1182; x_wconf 90' lang='lat' dir='ltr'><strong>in</strong></span> <span class='ocrx_word' id='word_1_502' title='bbox 2458 1128 2571 1182; x_wconf 88' lang='lat' dir='ltr'><strong>alto</strong></span> <span class='ocrx_word' id='word_1_503' title='bbox 2601 1129 2832 1185; x_wconf 83' lang='lat' dir='ltr'><strong>meridie</strong></span> <span class='ocrx_word' id='word_1_504' title='bbox 2876 1132 3261 1186; x_wconf 83' lang='lat' dir='ltr'><strong>umbraculum</strong></span> <span class='ocrx_word' id='word_1_505' title='bbox 3289 1146 3357 1187; x_wconf 83' lang='lat' dir='ltr'><strong>ex</strong></span> <span class='ocrx_word' id='word_1_506' title='bbox 3389 1132 3559 1187; x_wconf 71' lang='lat' dir='ltr'><strong>densa</strong></span> 
     </span>
    </p>
   </div>
   <div class='ocr_carea' id='block_1_68' title="bbox 1956 1217 3560 1295">
    <p class='ocr_par' dir='ltr' id='par_1_68' title="bbox 1956 1217 3560 1295">
     <span class='ocr_line' id='line_1_69' title="bbox 1956 1217 3560 1295; baseline 0.006 -25"><span class='ocrx_word' id='word_1_507' title='bbox 1956 1217 2144 1288; x_wconf 86' lang='lat' dir='ltr'><strong>aliqua</strong></span> <span class='ocrx_word' id='word_1_508' title='bbox 2185 1218 2759 1290; x_wconf 38' lang='lat' dir='ltr'><strong>solidaque&#39;materie</strong></span> <span class='ocrx_word' id='word_1_509' title='bbox 2804 1224 3013 1278; x_wconf 84' lang='lat' dir='ltr'><strong>circum</strong></span> <span class='ocrx_word' id='word_1_510' title='bbox 3058 1239 3121 1279; x_wconf 84' lang='lat' dir='ltr'><strong>se</strong></span> <span class='ocrx_word' id='word_1_511' title='bbox 3172 1224 3372 1294; x_wconf 81' lang='lat' dir='ltr'><strong>aliquis</strong></span> <span class='ocrx_word' id='word_1_512' title='bbox 3410 1223 3560 1295; x_wconf 78' lang='lat' dir='ltr'><strong>ligat.</strong></span> 
     </span>
    </p>
   </div>
   <div class='ocr_carea' id='block_1_69' title="bbox 1965 1307 3562 1385">
    <p class='ocr_par' dir='ltr' id='par_1_69' title="bbox 1965 1307 3562 1385">
     <span class='ocr_line' id='line_1_70' title="bbox 1965 1307 3562 1385; baseline 0.004 -24"><span class='ocrx_word' id='word_1_513' title='bbox 1965 1307 2106 1362; x_wconf 90' lang='lat' dir='ltr'><strong>‘dem</strong></span> <span class='ocrx_word' id='word_1_514' title='bbox 2150 1324 2215 1363; x_wconf 81' lang='lat' dir='ltr'><strong>ex</strong></span> <span class='ocrx_word' id='word_1_515' title='bbox 2251 1310 2642 1381; x_wconf 78' lang='lat' dir='ltr'><strong>navigantibus</strong></span> <span class='ocrx_word' id='word_1_516' title='bbox 2686 1312 2978 1379; x_wconf 83' lang='lat' dir='ltr'><strong>discimus,</strong></span> <span class='ocrx_word' id='word_1_517' title='bbox 3018 1315 3113 1385; x_wconf 89' lang='lat' dir='ltr'><strong>qui</strong></span> <span class='ocrx_word' id='word_1_518' title='bbox 3153 1315 3419 1369; x_wconf 84' lang='lat' dir='ltr'><strong>adversus</strong></span> <span class='ocrx_word' id='word_1_519' title='bbox 3465 1316 3562 1368; x_wconf 76' lang='lat' dir='ltr'><strong>in.-</strong></span> 
     </span>
    </p>
   </div>
   <div class='ocr_carea' id='block_1_70' title="bbox 1963 1404 3559 1476">
    <p class='ocr_par' dir='ltr' id='par_1_70' title="bbox 1963 1404 3559 1476">
     <span class='ocr_line' id='line_1_71' title="bbox 1963 1404 3559 1476; baseline 0.004 -22"><span class='ocrx_word' id='word_1_520' title='bbox 1963 1416 2085 1455; x_wconf 82' lang='lat' dir='ltr'><strong>ures</strong></span> <span class='ocrx_word' id='word_1_521' title='bbox 2134 1405 2475 1472; x_wconf 71' lang='lat' dir='ltr'><strong>eXpansione</strong></span> <span class='ocrx_word' id='word_1_522' title='bbox 2530 1404 2755 1476; x_wconf 89' lang='lat' dir='ltr'><strong>pellium</strong></span> <span class='ocrx_word' id='word_1_523' title='bbox 2801 1407 3135 1462; x_wconf 88' lang='lat' dir='ltr'><strong>obumbrant</strong></span> <span class='ocrx_word' id='word_1_524' title='bbox 3188 1423 3401 1463; x_wconf 81' lang='lat' dir='ltr'><strong>navem.</strong></span> <span class='ocrx_word' id='word_1_525' title='bbox 3450 1408 3559 1461; x_wconf 81' lang='lat' dir='ltr'><strong>Aut</strong></span> 
     </span>
    </p>
   </div>
   <div class='ocr_carea' id='block_1_71' title="bbox 1956 1493 3559 1563">
    <p class='ocr_par' dir='ltr' id='par_1_71' title="bbox 1956 1493 3559 1563">
     <span class='ocr_line' id='line_1_72' title="bbox 1956 1493 3559 1563; baseline 0.004 -14"><span class='ocrx_word' id='word_1_526' title='bbox 1956 1493 2001 1549; x_wconf 88' lang='lat' dir='ltr'><strong>si</strong></span> <span class='ocrx_word' id='word_1_527' title='bbox 2038 1494 2143 1550; x_wconf 86' lang='lat' dir='ltr'><strong>hoc</strong></span> <span class='ocrx_word' id='word_1_528' title='bbox 2177 1512 2287 1551; x_wconf 88' lang='lat' dir='ltr'><strong>non</strong></span> <span class='ocrx_word' id='word_1_529' title='bbox 2331 1506 2439 1563; x_wconf 81' lang='lat' dir='ltr'><strong>est,</strong></span> <span class='ocrx_word' id='word_1_530' title='bbox 2470 1498 2691 1555; x_wconf 81' lang='lat' dir='ltr'><strong>videtur</strong></span> <span class='ocrx_word' id='word_1_531' title='bbox 2737 1501 2872 1555; x_wconf 86' lang='lat' dir='ltr'><strong>mihi</strong></span> <span class='ocrx_word' id='word_1_532' title='bbox 2915 1516 2982 1556; x_wconf 66' lang='lat' dir='ltr'><strong>ex</strong></span> <span class='ocrx_word' id='word_1_533' title='bbox 3029 1502 3306 1557; x_wconf 82' lang='lat' dir='ltr'><strong>nebulosa</strong></span> <span class='ocrx_word' id='word_1_534' title='bbox 3329 1502 3559 1557; x_wconf 80' lang='lat' dir='ltr'><strong>exhala-</strong></span> 
     </span>
    </p>
   </div>
   <div class='ocr_carea' id='block_1_72' title="bbox 1955 1588 3559 1665">
    <p class='ocr_par' dir='ltr' id='par_1_72' title="bbox 1955 1588 3559 1665">
     <span class='ocr_line' id='line_1_73' title="bbox 1955 1588 3559 1665; baseline 0.004 -25"><span class='ocrx_word' id='word_1_535' title='bbox 1955 1588 2105 1642; x_wconf 89' lang='lat' dir='ltr'><strong>tione</strong></span> <span class='ocrx_word' id='word_1_536' title='bbox 2133 1588 2317 1660; x_wconf 78' lang='lat' dir='ltr'><strong>abyssi</strong></span> <span class='ocrx_word' id='word_1_537' title='bbox 2352 1590 2586 1646; x_wconf 84' lang='lat' dir='ltr'><strong>densata</strong></span> <span class='ocrx_word' id='word_1_538' title='bbox 2622 1593 2860 1665; x_wconf 85' lang='lat' dir='ltr'><strong>caligine</strong></span> <span class='ocrx_word' id='word_1_539' title='bbox 2884 1602 2939 1648; x_wconf 93' lang='lat' dir='ltr'><strong>et</strong></span> <span class='ocrx_word' id='word_1_540' title='bbox 2974 1594 3273 1663; x_wconf 77' lang='lat' dir='ltr'><strong>vaporibus</strong></span> <span class='ocrx_word' id='word_1_541' title='bbox 3300 1595 3559 1650; x_wconf 71' lang='lat' dir='ltr'><strong>tenebras</strong></span> 
     </span>
    </p>
   </div>
   <div class='ocr_carea' id='block_1_73' title="bbox 1954 1683 3558 1746">
    <p class='ocr_par' dir='ltr' id='par_1_73' title="bbox 1954 1683 3558 1746">
     <span class='ocr_line' id='line_1_74' title="bbox 1954 1683 3558 1746; baseline 0.004 -12"><span class='ocrx_word' id='word_1_542' title='bbox 1954 1690 2107 1737; x_wconf 90' lang='lat' dir='ltr'><strong>ortas</strong></span> <span class='ocrx_word' id='word_1_543' title='bbox 2139 1698 2283 1739; x_wconf 83' lang='lat' dir='ltr'><strong>esse.</strong></span> <span class='ocrx_word' id='word_1_544' title='bbox 2323 1683 2387 1737; x_wconf 85' lang='lat' dir='ltr'><strong>Et</strong></span> <span class='ocrx_word' id='word_1_545' title='bbox 2428 1685 2567 1739; x_wconf 74' lang='lat' dir='ltr'><strong>dixit</strong></span> <span class='ocrx_word' id='word_1_546' title='bbox 2604 1685 2750 1740; x_wconf 79' lang='lat' dir='ltr'><strong>Deus</strong></span> <span class='ocrx_word' id='word_1_547' title='bbox 2784 1699 2803 1739; x_wconf 90' lang='lat'><em>:</em></span> <span class='ocrx_word' id='word_1_548' title='bbox 2834 1684 2966 1741; x_wconf 84' lang='lat' dir='ltr'><strong>Fiat</strong></span> <span class='ocrx_word' id='word_1_549' title='bbox 3014 1688 3109 1741; x_wconf 73' lang='lat' dir='ltr'><strong>lux</strong></span> <span class='ocrx_word' id='word_1_550' title='bbox 3141 1688 3205 1743; x_wconf 84' lang='lat'><strong>“.</strong></span> <span class='ocrx_word' id='word_1_551' title='bbox 3239 1686 3424 1746; x_wconf 78' lang='lat' dir='ltr'><strong>Prima</strong></span> <span class='ocrx_word' id='word_1_552' title='bbox 3459 1685 3558 1741; x_wconf 88' lang='lat' dir='ltr'><strong>Dei</strong></span> 
     </span>
    </p>
   </div>
   <div class='ocr_carea' id='block_1_74' title="bbox 1951 1777 3556 1850">
    <p class='ocr_par' dir='ltr' id='par_1_74' title="bbox 1951 1777 3556 1850">
     <span class='ocr_line' id='line_1_75' title="bbox 1951 1777 3556 1850; baseline 0.007 -25"><span class='ocrx_word' id='word_1_553' title='bbox 1951 1790 2057 1829; x_wconf 82' lang='lat' dir='ltr'><strong>vox</strong></span> <span class='ocrx_word' id='word_1_554' title='bbox 2096 1777 2271 1831; x_wconf 88' lang='lat' dir='ltr'><strong>lucem</strong></span> <span class='ocrx_word' id='word_1_555' title='bbox 2307 1779 2641 1847; x_wconf 85' lang='lat' dir='ltr'><strong>procreavit,</strong></span> <span class='ocrx_word' id='word_1_556' title='bbox 2676 1794 2843 1850; x_wconf 84' lang='lat' dir='ltr'><strong>quam</strong></span> <span class='ocrx_word' id='word_1_557' title='bbox 2881 1787 2936 1835; x_wconf 91' lang='lat' dir='ltr'><strong>et</strong></span> <span class='ocrx_word' id='word_1_558' title='bbox 2959 1780 3105 1835; x_wconf 87' lang='lat' dir='ltr'><strong>diem</strong></span> <span class='ocrx_word' id='word_1_559' title='bbox 3142 1790 3326 1843; x_wconf 83' lang='lat' dir='ltr'><strong>vocat,</strong></span> <span class='ocrx_word' id='word_1_560' title='bbox 3360 1796 3556 1837; x_wconf 80' lang='lat' dir='ltr'><strong>serena</strong></span> 
     </span>
    </p>
   </div>
   <div class='ocr_carea' id='block_1_75' title="bbox 1953 1859 3555 1942">
    <p class='ocr_par' dir='ltr' id='par_1_75' title="bbox 1953 1859 3555 1942">
     <span class='ocr_line' id='line_1_76' title="bbox 1953 1859 3555 1942; baseline 0.004 -23"><span class='ocrx_word' id='word_1_561' title='bbox 1953 1868 2191 1937; x_wconf 86' lang='lat' dir='ltr'><strong>quadam</strong></span> <span class='ocrx_word' id='word_1_562' title='bbox 2234 1870 2604 1939; x_wconf 82' lang='lat' dir='ltr'><strong>appellatione</strong></span> <span class='ocrx_word' id='word_1_563' title='bbox 2646 1886 2929 1927; x_wconf 75' lang='lat' dir='ltr'><strong>exornans</strong></span> <span class='ocrx_word' id='word_1_564' title='bbox 2977 1859 3029 1926; x_wconf 88' lang='lat' dir='ltr'><strong>id</strong></span> <span class='ocrx_word' id='word_1_565' title='bbox 3082 1872 3227 1942; x_wconf 89' lang='lat' dir='ltr'><strong>quod</strong></span> <span class='ocrx_word' id='word_1_566' title='bbox 3276 1864 3555 1942; x_wconf 80' lang='lat' dir='ltr'><strong>placidum</strong></span> 
     </span>
    </p>
   </div>
   <div class='ocr_carea' id='block_1_76' title="bbox 1950 1960 3553 2033">
    <p class='ocr_par' dir='ltr' id='par_1_76' title="bbox 1950 1960 3553 2033">
     <span class='ocr_line' id='line_1_77' title="bbox 1950 1960 3553 2033; baseline 0.003 -20"><span class='ocrx_word' id='word_1_567' title='bbox 1950 1965 2008 2013; x_wconf 92' lang='lat' dir='ltr'><strong>et</strong></span> <span class='ocrx_word' id='word_1_568' title='bbox 2041 1968 2390 2015; x_wconf 86' lang='lat' dir='ltr'><strong>mansuetum</strong></span> <span class='ocrx_word' id='word_1_569' title='bbox 2422 1972 2527 2017; x_wconf 88' lang='lat' dir='ltr'><strong>est.</strong></span> <span class='ocrx_word' id='word_1_570' title='bbox 2578 1960 2822 2018; x_wconf 86' lang='lat' dir='ltr'><strong>Possunt</strong></span> <span class='ocrx_word' id='word_1_571' title='bbox 2863 1963 3085 2033; x_wconf 80' lang='lat' dir='ltr'><strong>quidem</strong></span> <span class='ocrx_word' id='word_1_572' title='bbox 3130 1971 3184 2019; x_wconf 90' lang='lat' dir='ltr'><strong>et</strong></span> <span class='ocrx_word' id='word_1_573' title='bbox 3219 1964 3324 2017; x_wconf 88' lang='lat' dir='ltr'><strong>alia</strong></span> <span class='ocrx_word' id='word_1_574' title='bbox 3356 1978 3553 2018; x_wconf 89' lang='lat' dir='ltr'><strong>nume-</strong></span> 
     </span>
    </p>
   </div>
   <div class='ocr_carea' id='block_1_77' title="bbox 1945 2049 3552 2127">
    <p class='ocr_par' dir='ltr' id='par_1_77' title="bbox 1945 2049 3552 2127">
     <span class='ocr_line' id='line_1_78' title="bbox 1945 2049 3552 2127; baseline 0.006 -26"><span class='ocrx_word' id='word_1_575' title='bbox 1945 2049 2057 2102; x_wconf 85' lang='lat' dir='ltr'><strong>rari</strong></span> <span class='ocrx_word' id='word_1_576' title='bbox 2094 2051 2302 2105; x_wconf 89' lang='lat' dir='ltr'><strong>lumina</strong></span> <span class='ocrx_word' id='word_1_577' title='bbox 2332 2052 2403 2107; x_wconf 86' lang='lat' dir='ltr'><strong>ab</strong></span> <span class='ocrx_word' id='word_1_578' title='bbox 2435 2051 2556 2123; x_wconf 90' lang='lat' dir='ltr'><strong>ipso</strong></span> <span class='ocrx_word' id='word_1_579' title='bbox 2598 2051 2765 2115; x_wconf 82' lang='lat' dir='ltr'><strong>facta.</strong></span> <span class='ocrx_word' id='word_1_580' title='bbox 2798 2062 2990 2124; x_wconf 88' lang='lat' dir='ltr'><strong>utpote</strong></span> <span class='ocrx_word' id='word_1_581' title='bbox 3021 2054 3206 2109; x_wconf 88' lang='lat' dir='ltr'><strong>lumen</strong></span> <span class='ocrx_word' id='word_1_582' title='bbox 3242 2055 3384 2127; x_wconf 86' lang='lat' dir='ltr'><strong>ignis</strong></span> <span class='ocrx_word' id='word_1_583' title='bbox 3416 2055 3552 2110; x_wconf 82' lang='lat' dir='ltr'><strong>Mosi</strong></span> 
     </span>
    </p>
   </div>
   <div class='ocr_carea' id='block_1_78' title="bbox 1944 2142 3554 2217">
    <p class='ocr_par' dir='ltr' id='par_1_78' title="bbox 1944 2142 3554 2217">
     <span class='ocr_line' id='line_1_79' title="bbox 1944 2142 3554 2217; baseline 0.006 -24"><span class='ocrx_word' id='word_1_584' title='bbox 1944 2142 2242 2210; x_wconf 82' lang='lat' dir='ltr'><strong>apparens,</strong></span> <span class='ocrx_word' id='word_1_585' title='bbox 2288 2148 2511 2213; x_wconf 82' lang='lat' dir='ltr'><strong>quando</strong></span> <span class='ocrx_word' id='word_1_586' title='bbox 2553 2143 2753 2199; x_wconf 89' lang='lat' dir='ltr'><strong>rubum</strong></span> <span class='ocrx_word' id='word_1_587' title='bbox 2794 2147 3012 2209; x_wconf 84' lang='lat' dir='ltr'><strong>urebat,</strong></span> <span class='ocrx_word' id='word_1_588' title='bbox 3045 2162 3222 2217; x_wconf 74' lang='lat' dir='ltr'><strong>neque</strong></span> <span class='ocrx_word' id='word_1_589' title='bbox 3257 2147 3554 2202; x_wconf 87' lang='lat' dir='ltr'><strong>combure-</strong></span> 
     </span>
    </p>
   </div>
   <div class='ocr_carea' id='block_1_79' title="bbox 1944 2234 3553 2307">
    <p class='ocr_par' dir='ltr' id='par_1_79' title="bbox 1944 2234 3553 2307">
     <span class='ocr_line' id='line_1_80' title="bbox 1944 2234 3553 2307; baseline 0.005 -19"><span class='ocrx_word' id='word_1_590' title='bbox 1944 2234 2040 2288; x_wconf 82' lang='lat' dir='ltr'><strong>bat</strong></span> <span class='ocrx_word' id='word_1_591' title='bbox 2073 2243 2278 2298; x_wconf 87' lang='lat' dir='ltr'><strong>tamen,</strong></span> <span class='ocrx_word' id='word_1_592' title='bbox 2323 2244 2383 2291; x_wconf 92' lang='lat' dir='ltr'><strong>ut</strong></span> <span class='ocrx_word' id='word_1_593' title='bbox 2428 2246 2480 2293; x_wconf 90' lang='lat' dir='ltr'><strong>et</strong></span> <span class='ocrx_word' id='word_1_594' title='bbox 2521 2248 2775 2293; x_wconf 86' lang='lat' dir='ltr'><strong>naturam</strong></span> <span class='ocrx_word' id='word_1_595' title='bbox 2818 2256 2976 2295; x_wconf 90' lang='lat' dir='ltr'><strong>suam</strong></span> <span class='ocrx_word' id='word_1_596' title='bbox 3025 2240 3459 2307; x_wconf 87' lang='lat' dir='ltr'><strong>demonstraret,</strong></span> <span class='ocrx_word' id='word_1_597' title='bbox 3495 2250 3553 2298; x_wconf 91' lang='lat' dir='ltr'><strong>ct</strong></span> 
     </span>
    </p>
   </div>
   <div class='ocr_carea' id='block_1_80' title="bbox 1948 2314 3554 2403">
    <p class='ocr_par' dir='ltr' id='par_1_80' title="bbox 1948 2314 3554 2403">
     <span class='ocr_line' id='line_1_81' title="bbox 1948 2314 3554 2403; baseline 0.007 -28"><span class='ocrx_word' id='word_1_598' title='bbox 1948 2322 2055 2375; x_wconf 88' lang='lat' dir='ltr'><strong>vim</strong></span> <span class='ocrx_word' id='word_1_599' title='bbox 2098 2332 2286 2379; x_wconf 88' lang='lat' dir='ltr'><strong>notam</strong></span> <span class='ocrx_word' id='word_1_600' title='bbox 2318 2323 2558 2395; x_wconf 82' lang='lat' dir='ltr'><strong>faceret;</strong></span> <span class='ocrx_word' id='word_1_601' title='bbox 2599 2327 2788 2384; x_wconf 86' lang='lat' dir='ltr'><strong>lumen</strong></span> <span class='ocrx_word' id='word_1_602' title='bbox 2833 2327 2983 2399; x_wconf 90' lang='lat' dir='ltr'><strong>quod</strong></span> <span class='ocrx_word' id='word_1_603' title='bbox 3028 2330 3083 2386; x_wconf 91' lang='lat' dir='ltr'><strong>in</strong></span> <span class='ocrx_word' id='word_1_604' title='bbox 3120 2331 3376 2385; x_wconf 88' lang='lat' dir='ltr'><strong>columna</strong></span> <span class='ocrx_word' id='word_1_605' title='bbox 3410 2314 3554 2403; x_wconf 71' lang='lat' dir='ltr'><strong>ignis</strong></span> 
     </span>
    </p>
   </div>
   <div class='ocr_carea' id='block_1_81' title="bbox 1942 2408 3554 2492">
    <p class='ocr_par' dir='ltr' id='par_1_81' title="bbox 1942 2408 3554 2492">
     <span class='ocr_line' id='line_1_82' title="bbox 1942 2408 3554 2492; baseline 0.008 -28"><span class='ocrx_word' id='word_1_606' title='bbox 1942 2408 2285 2492; x_wconf 83' lang='lat' dir='ltr'><strong>lsraeliticos</strong></span> <span class='ocrx_word' id='word_1_607' title='bbox 2337 2416 2709 2485; x_wconf 73' lang='lat' dir='ltr'><strong>praecedebat,</strong></span> <span class='ocrx_word' id='word_1_608' title='bbox 2759 2426 2815 2474; x_wconf 93' lang='lat' dir='ltr'><strong>et</strong></span> <span class='ocrx_word' id='word_1_609' title='bbox 2850 2418 3326 2475; x_wconf 74' lang='lat' dir='ltr'><strong>mansucfacicbat</strong></span> <span class='ocrx_word' id='word_1_610' title='bbox 3363 2421 3554 2477; x_wconf 88' lang='lat' dir='ltr'><strong>descr-</strong></span> 
     </span>
    </p>
   </div>
   <div class='ocr_carea' id='block_1_82' title="bbox 1942 2505 3551 2581">
    <p class='ocr_par' dir='ltr' id='par_1_82' title="bbox 1942 2505 3551 2581">
     <span class='ocr_line' id='line_1_83' title="bbox 1942 2505 3551 2581; baseline 0.007 -25"><span class='ocrx_word' id='word_1_611' title='bbox 1942 2510 2096 2569; x_wconf 90' lang='lat' dir='ltr'><strong>tum;</strong></span> <span class='ocrx_word' id='word_1_612' title='bbox 2145 2505 2332 2560; x_wconf 89' lang='lat' dir='ltr'><strong>lumen</strong></span> <span class='ocrx_word' id='word_1_613' title='bbox 2385 2508 2532 2577; x_wconf 90' lang='lat' dir='ltr'><strong>quod</strong></span> <span class='ocrx_word' id='word_1_614' title='bbox 2593 2507 2970 2565; x_wconf 80' lang='lat' dir='ltr'><strong>eircnml‘ulsit</strong></span> <span class='ocrx_word' id='word_1_615' title='bbox 3023 2519 3307 2581; x_wconf 87' lang='lat' dir='ltr'><strong>pastores;</strong></span> <span class='ocrx_word' id='word_1_616' title='bbox 3364 2512 3551 2567; x_wconf 90' lang='lat' dir='ltr'><strong>lumen</strong></span> 
     </span>
    </p>
   </div>
   <div class='ocr_carea' id='block_1_83' title="bbox 1940 2596 3554 2674">
    <p class='ocr_par' dir='ltr' id='par_1_83' title="bbox 1940 2596 3554 2674">
     <span class='ocr_line' id='line_1_84' title="bbox 1940 2596 3554 2674; baseline 0.006 -25"><span class='ocrx_word' id='word_1_617' title='bbox 1940 2596 2090 2666; x_wconf 88' lang='lat' dir='ltr'><strong>quod</strong></span> <span class='ocrx_word' id='word_1_618' title='bbox 2130 2596 2307 2653; x_wconf 87' lang='lat' dir='ltr'><strong>Eliam</strong></span> <span class='ocrx_word' id='word_1_619' title='bbox 2336 2600 2519 2670; x_wconf 87' lang='lat' dir='ltr'><strong>rapuit</strong></span> <span class='ocrx_word' id='word_1_620' title='bbox 2552 2601 2607 2656; x_wconf 93' lang='lat' dir='ltr'><strong>in</strong></span> <span class='ocrx_word' id='word_1_621' title='bbox 2636 2602 2800 2673; x_wconf 88' lang='lat' dir='ltr'><strong>igneo</strong></span> <span class='ocrx_word' id='word_1_622' title='bbox 2843 2618 3037 2669; x_wconf 89' lang='lat' dir='ltr'><strong>curru,</strong></span> <span class='ocrx_word' id='word_1_623' title='bbox 3079 2612 3409 2674; x_wconf 87' lang='lat' dir='ltr'><strong>raptumque</strong></span> <span class='ocrx_word' id='word_1_624' title='bbox 3440 2620 3554 2660; x_wconf 85' lang='lat' dir='ltr'><strong>non</strong></span> 
     </span>
    </p>
   </div>
   <div class='ocr_carea' id='block_1_84' title="bbox 1940 2689 3550 2766">
    <p class='ocr_par' dir='ltr' id='par_1_84' title="bbox 1940 2689 3550 2766">
     <span class='ocr_line' id='line_1_85' title="bbox 1940 2689 3550 2766; baseline 0.004 -22"><span class='ocrx_word' id='word_1_625' title='bbox 1940 2689 2279 2759; x_wconf 85' lang='lat' dir='ltr'><strong>combussit;</strong></span> <span class='ocrx_word' id='word_1_626' title='bbox 2348 2693 2534 2749; x_wconf 89' lang='lat' dir='ltr'><strong>lumen</strong></span> <span class='ocrx_word' id='word_1_627' title='bbox 2612 2695 2758 2764; x_wconf 89' lang='lat' dir='ltr'><strong>quod</strong></span> <span class='ocrx_word' id='word_1_628' title='bbox 2832 2704 3088 2766; x_wconf 79' lang='lat' dir='ltr'><strong>pastores</strong></span> <span class='ocrx_word' id='word_1_629' title='bbox 3147 2696 3550 2764; x_wconf 81' lang='lat' dir='ltr'><strong>circumfulsit,</strong></span> 
     </span>
    </p>
   </div>
   <div class='ocr_carea' id='block_1_85' title="bbox 1939 2782 3567 2860">
    <p class='ocr_par' dir='ltr' id='par_1_85' title="bbox 1939 2782 3567 2860">
     <span class='ocr_line' id='line_1_86' title="bbox 1939 2782 3567 2860; baseline 0.004 -25"><span class='ocrx_word' id='word_1_630' title='bbox 1939 2782 2164 2852; x_wconf 84' lang='lat' dir='ltr'><strong>quando</strong></span> <span class='ocrx_word' id='word_1_631' title='bbox 2192 2784 2376 2839; x_wconf 89' lang='lat' dir='ltr'><strong>lumen</strong></span> <span class='ocrx_word' id='word_1_632' title='bbox 2404 2801 2603 2857; x_wconf 80' lang='lat' dir='ltr'><strong>expers</strong></span> <span class='ocrx_word' id='word_1_633' title='bbox 2627 2789 2895 2858; x_wconf 87' lang='lat' dir='ltr'><strong>temporis</strong></span> <span class='ocrx_word' id='word_1_634' title='bbox 2929 2788 2999 2843; x_wconf 89' lang='lat' dir='ltr'><strong>ad</strong></span> <span class='ocrx_word' id='word_1_635' title='bbox 3034 2790 3341 2860; x_wconf 84' lang='lat' dir='ltr'><strong>temporale</strong></span> <span class='ocrx_word' id='word_1_636' title='bbox 3376 2793 3567 2857; x_wconf 86' lang='lat' dir='ltr'><strong>venit,.</strong></span> 
     </span>
    </p>
   </div>
   <div class='ocr_carea' id='block_1_86' title="bbox 1938 2874 3550 2948">
    <p class='ocr_par' dir='ltr' id='par_1_86' title="bbox 1938 2874 3550 2948">
     <span class='ocr_line' id='line_1_87' title="bbox 1938 2874 3550 2948; baseline 0.004 -21"><span class='ocrx_word' id='word_1_637' title='bbox 1938 2874 2229 2941; x_wconf 82' lang='lat' dir='ltr'><strong>Christus;</strong></span> <span class='ocrx_word' id='word_1_638' title='bbox 2270 2875 2454 2931; x_wconf 90' lang='lat' dir='ltr'><strong>lumen</strong></span> <span class='ocrx_word' id='word_1_639' title='bbox 2492 2882 2813 2948; x_wconf 84' lang='lat' dir='ltr'><strong>apparentis</strong></span> <span class='ocrx_word' id='word_1_640' title='bbox 2851 2880 3024 2935; x_wconf 69' lang='lat' dir='ltr'><strong>stellae</strong></span> <span class='ocrx_word' id='word_1_641' title='bbox 3068 2879 3125 2933; x_wconf 91' lang='lat' dir='ltr'><strong>in</strong></span> <span class='ocrx_word' id='word_1_642' title='bbox 3163 2879 3550 2947; x_wconf 79' lang='lat' dir='ltr'><strong>Bethlehema,</strong></span> 
     </span>
    </p>
   </div>
   <div class='ocr_carea' id='block_1_87' title="bbox 1940 2965 3551 3041">
    <p class='ocr_par' dir='ltr' id='par_1_87' title="bbox 1940 2965 3551 3041">
     <span class='ocr_line' id='line_1_88' title="bbox 1940 2965 3551 3041; baseline 0.006 -22"><span class='ocrx_word' id='word_1_643' title='bbox 1940 2973 2000 3019; x_wconf 89' lang='lat' dir='ltr'><strong>ut</strong></span> <span class='ocrx_word' id='word_1_644' title='bbox 2033 2973 2088 3021; x_wconf 89' lang='lat' dir='ltr'><strong>et</strong></span> <span class='ocrx_word' id='word_1_645' title='bbox 2113 2965 2309 3038; x_wconf 84' lang='lat' dir='ltr'><strong>Magos</strong></span> <span class='ocrx_word' id='word_1_646' title='bbox 2341 2967 2398 3021; x_wconf 89' lang='lat' dir='ltr'><strong>in</strong></span> <span class='ocrx_word' id='word_1_647' title='bbox 2433 2969 2633 3026; x_wconf 79' lang='lat' dir='ltr'><strong>itinere</strong></span> <span class='ocrx_word' id='word_1_648' title='bbox 2676 2970 2929 3035; x_wconf 86' lang='lat' dir='ltr'><strong>duceret,</strong></span> <span class='ocrx_word' id='word_1_649' title='bbox 2978 2980 3033 3026; x_wconf 94' lang='lat' dir='ltr'><strong>et</strong></span> <span class='ocrx_word' id='word_1_650' title='bbox 3077 2973 3307 3041; x_wconf 67' lang='lat' dir='ltr'><strong>stipant</strong></span> <span class='ocrx_word' id='word_1_651' title='bbox 3340 2974 3551 3028; x_wconf 85' lang='lat' dir='ltr'><strong>satelli-</strong></span> 
     </span>
    </p>
   </div>
   <div class='ocr_carea' id='block_1_88' title="bbox 1939 3057 3552 3134">
    <p class='ocr_par' dir='ltr' id='par_1_88' title="bbox 1939 3057 3552 3134">
     <span class='ocr_line' id='line_1_89' title="bbox 1939 3057 3552 3134; baseline 0.005 -23"><span class='ocrx_word' id='word_1_652' title='bbox 1939 3057 2019 3112; x_wconf 86' lang='lat' dir='ltr'><strong>tio</strong></span> <span class='ocrx_word' id='word_1_653' title='bbox 2053 3074 2157 3113; x_wconf 91' lang='lat' dir='ltr'><strong>suo</strong></span> <span class='ocrx_word' id='word_1_654' title='bbox 2186 3059 2332 3129; x_wconf 87' lang='lat' dir='ltr'><strong>quod</strong></span> <span class='ocrx_word' id='word_1_655' title='bbox 2380 3074 2551 3132; x_wconf 86' lang='lat' dir='ltr'><strong>supra</strong></span> <span class='ocrx_word' id='word_1_656' title='bbox 2600 3077 2705 3118; x_wconf 90' lang='lat' dir='ltr'><strong>nos</strong></span> <span class='ocrx_word' id='word_1_657' title='bbox 2739 3069 2824 3117; x_wconf 88' lang='lat' dir='ltr'><strong>est</strong></span> <span class='ocrx_word' id='word_1_658' title='bbox 2862 3064 3068 3127; x_wconf 90' lang='lat' dir='ltr'><strong>lumen,</strong></span> <span class='ocrx_word' id='word_1_659' title='bbox 3108 3064 3253 3134; x_wconf 89' lang='lat' dir='ltr'><strong>apud</strong></span> <span class='ocrx_word' id='word_1_660' title='bbox 3308 3079 3411 3119; x_wconf 85' lang='lat' dir='ltr'><strong>nos</strong></span> <span class='ocrx_word' id='word_1_661' title='bbox 3450 3079 3552 3118; x_wconf 80' lang='lat' dir='ltr'><strong>na-</strong></span> 
     </span>
    </p>
   </div>
   <div class='ocr_carea' id='block_1_89' title="bbox 1944 3151 3549 3229">
    <p class='ocr_par' dir='ltr' id='par_1_89' title="bbox 1944 3151 3549 3229">
     <span class='ocr_line' id='line_1_90' title="bbox 1944 3151 3549 3229; baseline 0.005 -26"><span class='ocrx_word' id='word_1_662' title='bbox 1944 3159 2095 3216; x_wconf 89' lang='lat' dir='ltr'><strong>tum;</strong></span> <span class='ocrx_word' id='word_1_663' title='bbox 2130 3151 2339 3215; x_wconf 88' lang='lat' dir='ltr'><strong>lumen,</strong></span> <span class='ocrx_word' id='word_1_664' title='bbox 2374 3151 2756 3229; x_wconf 88' lang='lat' dir='ltr'><strong>demonstrata</strong></span> <span class='ocrx_word' id='word_1_665' title='bbox 2804 3152 3100 3224; x_wconf 88' lang='lat' dir='ltr'><strong>discipulis</strong></span> <span class='ocrx_word' id='word_1_666' title='bbox 3156 3153 3211 3208; x_wconf 88' lang='lat' dir='ltr'><strong>in</strong></span> <span class='ocrx_word' id='word_1_667' title='bbox 3251 3164 3437 3210; x_wconf 87' lang='lat' dir='ltr'><strong>monte</strong></span> <span class='ocrx_word' id='word_1_668' title='bbox 3461 3155 3549 3211; x_wconf 88' lang='lat' dir='ltr'><strong>di-</strong></span> 
     </span>
    </p>
   </div>
   <div class='ocr_carea' id='block_1_90' title="bbox 1941 3242 3549 3318">
    <p class='ocr_par' dir='ltr' id='par_1_90' title="bbox 1941 3242 3549 3318">
     <span class='ocr_line' id='line_1_91' title="bbox 1941 3242 3549 3318; baseline 0.004 -22"><span class='ocrx_word' id='word_1_669' title='bbox 1941 3242 2170 3305; x_wconf 85' lang='lat' dir='ltr'><strong>vinitas.</strong></span> <span class='ocrx_word' id='word_1_670' title='bbox 2228 3242 2515 3314; x_wconf 80' lang='lat' dir='ltr'><strong>paululum</strong></span> <span class='ocrx_word' id='word_1_671' title='bbox 2578 3254 2807 3314; x_wconf 88' lang='lat' dir='ltr'><strong>aspectu</strong></span> <span class='ocrx_word' id='word_1_672' title='bbox 2872 3246 3095 3312; x_wconf 86' lang='lat' dir='ltr'><strong>durior;</strong></span> <span class='ocrx_word' id='word_1_673' title='bbox 3156 3247 3338 3302; x_wconf 87' lang='lat' dir='ltr'><strong>lumen</strong></span> <span class='ocrx_word' id='word_1_674' title='bbox 3398 3248 3549 3318; x_wconf 88' lang='lat' dir='ltr'><strong>quod</strong></span> 
     </span>
    </p>
   </div>
   <div class='ocr_carea' id='block_1_91' title="bbox 1936 3333 3549 3408">
    <p class='ocr_par' dir='ltr' id='par_1_91' title="bbox 1936 3333 3549 3408">
     <span class='ocr_line' id='line_1_92' title="bbox 1936 3333 3549 3408; baseline 0.007 -21"><span class='ocrx_word' id='word_1_675' title='bbox 1936 3333 2167 3389; x_wconf 82' lang='lat' dir='ltr'><strong>Paulum</strong></span> <span class='ocrx_word' id='word_1_676' title='bbox 2229 3336 2637 3403; x_wconf 80' lang='lat' dir='ltr'><strong>circumfulsit,</strong></span> <span class='ocrx_word' id='word_1_677' title='bbox 2713 3336 2875 3408; x_wconf 84' lang='lat' dir='ltr'><strong>plaga</strong></span> <span class='ocrx_word' id='word_1_678' title='bbox 2944 3339 3232 3393; x_wconf 90' lang='lat' dir='ltr'><strong>oculorum</strong></span> <span class='ocrx_word' id='word_1_679' title='bbox 3288 3341 3549 3398; x_wconf 84' lang='lat' dir='ltr'><strong>tenebras</strong></span> 
     </span>
    </p>
   </div>
   <div class='ocr_carea' id='block_1_92' title="bbox 1936 3425 3545 3499">
    <p class='ocr_par' dir='ltr' id='par_1_92' title="bbox 1936 3425 3545 3499">
     <span class='ocr_line' id='line_1_93' title="bbox 1936 3425 3545 3499; baseline 0.003 -19"><span class='ocrx_word' id='word_1_680' title='bbox 1936 3426 2136 3480; x_wconf 66' lang='lat' dir='ltr'><strong>anima:</strong></span> <span class='ocrx_word' id='word_1_681' title='bbox 2170 3441 2397 3482; x_wconf 88' lang='lat' dir='ltr'><strong>sanans.</strong></span> <span class='ocrx_word' id='word_1_682' title='bbox 2430 3425 2645 3483; x_wconf 89' lang='lat' dir='ltr'><strong>Lumen</strong></span> <span class='ocrx_word' id='word_1_683' title='bbox 2676 3437 2760 3484; x_wconf 89' lang='lat' dir='ltr'><strong>est</strong></span> <span class='ocrx_word' id='word_1_684' title='bbox 2796 3438 2849 3483; x_wconf 88' lang='lat' dir='ltr'><strong>et</strong></span> <span class='ocrx_word' id='word_1_685' title='bbox 2880 3428 3082 3484; x_wconf 74' lang='lat' dir='ltr'><strong>futurze</strong></span> <span class='ocrx_word' id='word_1_686' title='bbox 3106 3430 3232 3485; x_wconf 68' lang='lat' dir='ltr'><strong>vitae</strong></span> <span class='ocrx_word' id='word_1_687' title='bbox 3262 3430 3545 3499; x_wconf 83' lang='lat' dir='ltr'><strong>splendor,</strong></span> 
     </span>
    </p>
   </div>
   <div class='ocr_carea' id='block_1_93' title="bbox 1936 3517 3545 3594">
    <p class='ocr_par' dir='ltr' id='par_1_93' title="bbox 1936 3517 3545 3594">
     <span class='ocr_line' id='line_1_94' title="bbox 1936 3517 3545 3594; baseline 0.004 -22"><span class='ocrx_word' id='word_1_688' title='bbox 1936 3517 1993 3572; x_wconf 92' lang='lat' dir='ltr'><strong>in</strong></span> <span class='ocrx_word' id='word_1_689' title='bbox 2018 3518 2127 3575; x_wconf 86' lang='lat' dir='ltr'><strong>illis</strong></span> <span class='ocrx_word' id='word_1_690' title='bbox 2158 3518 2252 3590; x_wconf 86' lang='lat' dir='ltr'><strong>qui</strong></span> <span class='ocrx_word' id='word_1_691' title='bbox 2292 3519 2381 3573; x_wconf 84' lang='lat' dir='ltr'><strong>hic</strong></span> <span class='ocrx_word' id='word_1_692' title='bbox 2416 3520 2633 3591; x_wconf 80' lang='lat' dir='ltr'><strong>purgati</strong></span> <span class='ocrx_word' id='word_1_693' title='bbox 2672 3528 2826 3584; x_wconf 85' lang='lat' dir='ltr'><strong>sunt,</strong></span> <span class='ocrx_word' id='word_1_694' title='bbox 2856 3520 3080 3591; x_wconf 85' lang='lat' dir='ltr'><strong>quando</strong></span> <span class='ocrx_word' id='word_1_695' title='bbox 3111 3522 3380 3578; x_wconf 86' lang='lat' dir='ltr'><strong>lucebunt</strong></span> <span class='ocrx_word' id='word_1_696' title='bbox 3405 3523 3545 3594; x_wconf 86' lang='lat' dir='ltr'><strong>justi</strong></span> 
     </span>
    </p>
   </div>
   <div class='ocr_carea' id='block_1_94' title="bbox 1936 3612 3547 3684">
    <p class='ocr_par' dir='ltr' id='par_1_94' title="bbox 1936 3612 3547 3684">
     <span class='ocr_line' id='line_1_95' title="bbox 1936 3612 3547 3684; baseline 0.005 -18"><span class='ocrx_word' id='word_1_697' title='bbox 1936 3618 1997 3666; x_wconf 85' lang='lat' dir='ltr'><strong>ut</strong></span> <span class='ocrx_word' id='word_1_698' title='bbox 2019 3612 2121 3679; x_wconf 92' lang='lat' dir='ltr'><strong>sol,</strong></span> <span class='ocrx_word' id='word_1_699' title='bbox 2155 3627 2393 3684; x_wconf 90' lang='lat' dir='ltr'><strong>quorum</strong></span> <span class='ocrx_word' id='word_1_700' title='bbox 2429 3613 2573 3669; x_wconf 88' lang='lat' dir='ltr'><strong>Dens</strong></span> <span class='ocrx_word' id='word_1_701' title='bbox 2603 3615 2862 3670; x_wconf 87' lang='lat' dir='ltr'><strong>consistit</strong></span> <span class='ocrx_word' id='word_1_702' title='bbox 2906 3616 2962 3670; x_wconf 91' lang='lat' dir='ltr'><strong>in</strong></span> <span class='ocrx_word' id='word_1_703' title='bbox 3010 3616 3192 3671; x_wconf 89' lang='lat' dir='ltr'><strong>medio</strong></span> <span class='ocrx_word' id='word_1_704' title='bbox 3230 3616 3461 3671; x_wconf 85' lang='lat' dir='ltr'><strong>deorum</strong></span> <span class='ocrx_word' id='word_1_705' title='bbox 3490 3627 3547 3674; x_wconf 87' lang='lat' dir='ltr'><strong>et</strong></span> 
     </span>
    </p>
   </div>
   <div class='ocr_carea' id='block_1_95' title="bbox 1934 3704 3543 3779">
    <p class='ocr_par' dir='ltr' id='par_1_95' title="bbox 1934 3704 3543 3779">
     <span class='ocr_line' id='line_1_96' title="bbox 1934 3704 3543 3779; baseline 0.004 -21"><span class='ocrx_word' id='word_1_706' title='bbox 1934 3719 2150 3775; x_wconf 89' lang='lat' dir='ltr'><strong>regum,</strong></span> <span class='ocrx_word' id='word_1_707' title='bbox 2181 3704 2487 3776; x_wconf 89' lang='lat' dir='ltr'><strong>disponens</strong></span> <span class='ocrx_word' id='word_1_708' title='bbox 2532 3713 2586 3761; x_wconf 91' lang='lat' dir='ltr'><strong>et</strong></span> <span class='ocrx_word' id='word_1_709' title='bbox 2622 3706 2878 3762; x_wconf 82' lang='lat' dir='ltr'><strong>dividens</strong></span> <span class='ocrx_word' id='word_1_710' title='bbox 2912 3708 3211 3779; x_wconf 85' lang='lat' dir='ltr'><strong>unicuique</strong></span> <span class='ocrx_word' id='word_1_711' title='bbox 3237 3709 3543 3765; x_wconf 77' lang='lat' dir='ltr'><strong>secundant</strong></span> 
     </span>
    </p>
   </div>
   <div class='ocr_carea' id='block_1_96' title="bbox 1934 3797 3543 3872">
    <p class='ocr_par' dir='ltr' id='par_1_96' title="bbox 1934 3797 3543 3872">
     <span class='ocr_line' id='line_1_97' title="bbox 1934 3797 3543 3872; baseline 0.004 -20"><span class='ocrx_word' id='word_1_712' title='bbox 1934 3797 2259 3868; x_wconf 87' lang='lat' dir='ltr'><strong>dignitatem</strong></span> <span class='ocrx_word' id='word_1_713' title='bbox 2281 3836 2299 3862; x_wconf 94' lang='lat'><strong>,</strong></span> <span class='ocrx_word' id='word_1_714' title='bbox 2324 3807 2379 3852; x_wconf 93' lang='lat' dir='ltr'><strong>et</strong></span> <span class='ocrx_word' id='word_1_715' title='bbox 2409 3814 2509 3870; x_wconf 76' lang='lat' dir='ltr'><strong>pro</strong></span> <span class='ocrx_word' id='word_1_716' title='bbox 2550 3800 2769 3855; x_wconf 88' lang='lat' dir='ltr'><strong>ratione</strong></span> <span class='ocrx_word' id='word_1_717' title='bbox 2796 3809 3005 3855; x_wconf 68' lang='lat' dir='ltr'><strong>exactae</strong></span> <span class='ocrx_word' id='word_1_718' title='bbox 3042 3802 3169 3857; x_wconf 74' lang='lat' dir='ltr'><strong>vita:</strong></span> <span class='ocrx_word' id='word_1_719' title='bbox 3205 3803 3427 3872; x_wconf 80' lang='lat' dir='ltr'><strong>praemia</strong></span> <span class='ocrx_word' id='word_1_720' title='bbox 3455 3803 3543 3859; x_wconf 82' lang='lat' dir='ltr'><strong>fu-</strong></span> 
     </span>
    </p>
   </div>
   <div class='ocr_carea' id='block_1_97' title="bbox 1935 3890 3545 3966">
    <p class='ocr_par' dir='ltr' id='par_1_97' title="bbox 1935 3890 3545 3966">
     <span class='ocr_line' id='line_1_98' title="bbox 1935 3890 3545 3966; baseline 0.006 -22"><span class='ocrx_word' id='word_1_721' title='bbox 1935 3898 2073 3945; x_wconf 71' lang='lat' dir='ltr'><strong>tura:</strong></span> <span class='ocrx_word' id='word_1_722' title='bbox 2108 3891 2420 3957; x_wconf 87' lang='lat' dir='ltr'><strong>beatitatis;</strong></span> <span class='ocrx_word' id='word_1_723' title='bbox 2472 3890 2657 3947; x_wconf 87' lang='lat' dir='ltr'><strong>lumen</strong></span> <span class='ocrx_word' id='word_1_724' title='bbox 2698 3894 2883 3957; x_wconf 82' lang='lat' dir='ltr'><strong>etiam,</strong></span> <span class='ocrx_word' id='word_1_725' title='bbox 2929 3894 3118 3948; x_wconf 86' lang='lat' dir='ltr'><strong>datum</strong></span> <span class='ocrx_word' id='word_1_726' title='bbox 3171 3896 3228 3949; x_wconf 90' lang='lat' dir='ltr'><strong>in</strong></span> <span class='ocrx_word' id='word_1_727' title='bbox 3279 3898 3545 3966; x_wconf 85' lang='lat' dir='ltr'><strong>paradiso</strong></span> 
     </span>
    </p>
   </div>
   <div class='ocr_carea' id='block_1_98' title="bbox 1933 3981 3542 4055">
    <p class='ocr_par' dir='ltr' id='par_1_98' title="bbox 1933 3981 3542 4055">
     <span class='ocr_line' id='line_1_99' title="bbox 1933 3981 3542 4055; baseline 0.006 -21"><span class='ocrx_word' id='word_1_728' title='bbox 1933 3981 2114 4051; x_wconf 88' lang='lat' dir='ltr'><strong>primo</strong></span> <span class='ocrx_word' id='word_1_729' title='bbox 2170 3983 2384 4052; x_wconf 87' lang='lat' dir='ltr'><strong>parenti</strong></span> <span class='ocrx_word' id='word_1_730' title='bbox 2440 3994 2633 4039; x_wconf 91' lang='lat' dir='ltr'><strong>nostro</strong></span> <span class='ocrx_word' id='word_1_731' title='bbox 2681 3993 3040 4055; x_wconf 73' lang='lat' dir='ltr'><strong>praeceptum.</strong></span> <span class='ocrx_word' id='word_1_732' title='bbox 3106 3986 3354 4041; x_wconf 73' lang='lat' dir='ltr'><strong>Lucerna</strong></span> <span class='ocrx_word' id='word_1_733' title='bbox 3393 3990 3542 4045; x_wconf 88' lang='lat' dir='ltr'><strong>enim</strong></span> 
     </span>
    </p>
   </div>
   <div class='ocr_carea' id='block_1_99' title="bbox 1930 4073 3542 4143">
    <p class='ocr_par' dir='ltr' id='par_1_99' title="bbox 1930 4073 3542 4143">
     <span class='ocr_line' id='line_1_100' title="bbox 1930 4073 3542 4143; baseline 0.006 -15"><span class='ocrx_word' id='word_1_734' title='bbox 1930 4073 2153 4143; x_wconf 80' lang='lat' dir='ltr'><strong>pedibus</strong></span> <span class='ocrx_word' id='word_1_735' title='bbox 2187 4077 2316 4129; x_wconf 69' lang='lat' dir='ltr'><strong>meis</strong></span> <span class='ocrx_word' id='word_1_736' title='bbox 2359 4076 2446 4129; x_wconf 78' lang='lat' dir='ltr'><strong>lex</strong></span> <span class='ocrx_word' id='word_1_737' title='bbox 2486 4086 2600 4143; x_wconf 84' lang='lat' dir='ltr'><strong>tua,</strong></span> <span class='ocrx_word' id='word_1_738' title='bbox 2642 4086 2691 4131; x_wconf 80' lang='lat' dir='ltr'><strong>et</strong></span> <span class='ocrx_word' id='word_1_739' title='bbox 2735 4076 2916 4132; x_wconf 84' lang='lat' dir='ltr'><strong>lumen</strong></span> <span class='ocrx_word' id='word_1_740' title='bbox 2947 4079 3154 4141; x_wconf 78' lang='lat' dir='ltr'><strong>semitis</strong></span> <span class='ocrx_word' id='word_1_741' title='bbox 3185 4081 3313 4134; x_wconf 85' lang='lat' dir='ltr'><strong>meis</strong></span> <span class='ocrx_word' id='word_1_742' title='bbox 3349 4082 3413 4143; x_wconf 70' lang='grc' dir='ltr'><strong>υ,</strong></span> <span class='ocrx_word' id='word_1_743' title='bbox 3457 4082 3542 4137; x_wconf 82' lang='lat' dir='ltr'><strong>in-</strong></span> 
     </span>
    </p>
   </div>
   <div class='ocr_carea' id='block_1_100' title="bbox 1934 4166 3539 4237">
    <p class='ocr_par' dir='ltr' id='par_1_100' title="bbox 1934 4166 3539 4237">
     <span class='ocr_line' id='line_1_101' title="bbox 1934 4166 3539 4237; baseline 0.006 -17"><span class='ocrx_word' id='word_1_744' title='bbox 1934 4167 2057 4237; x_wconf 92' lang='lat' dir='ltr'><strong>quit</strong></span> <span class='ocrx_word' id='word_1_745' title='bbox 2092 4166 2347 4235; x_wconf 83' lang='lat' dir='ltr'><strong>Davides,</strong></span> <span class='ocrx_word' id='word_1_746' title='bbox 2388 4168 2707 4224; x_wconf 84' lang='lat' dir='ltr'><strong>divinorum</strong></span> <span class='ocrx_word' id='word_1_747' title='bbox 2741 4171 3054 4226; x_wconf 83' lang='lat' dir='ltr'><strong>carminum</strong></span> <span class='ocrx_word' id='word_1_748' title='bbox 3080 4181 3295 4227; x_wconf 88' lang='lat' dir='ltr'><strong>auctor.</strong></span> <span class='ocrx_word' id='word_1_749' title='bbox 3331 4173 3539 4229; x_wconf 87' lang='lat' dir='ltr'><strong>Lumen</strong></span> 
     </span>
    </p>
   </div>
   <div class='ocr_carea' id='block_1_101' title="bbox 1932 4260 3541 4333">
    <p class='ocr_par' dir='ltr' id='par_1_101' title="bbox 1932 4260 3541 4333">
     <span class='ocr_line' id='line_1_102' title="bbox 1932 4260 3541 4333; baseline 0.005 -20"><span class='ocrx_word' id='word_1_750' title='bbox 1932 4266 2019 4315; x_wconf 91' lang='lat' dir='ltr'><strong>est</strong></span> <span class='ocrx_word' id='word_1_751' title='bbox 2040 4266 2095 4315; x_wconf 92' lang='lat' dir='ltr'><strong>et</strong></span> <span class='ocrx_word' id='word_1_752' title='bbox 2126 4260 2363 4317; x_wconf 88' lang='lat' dir='ltr'><strong>rationis</strong></span> <span class='ocrx_word' id='word_1_753' title='bbox 2395 4262 2480 4317; x_wconf 87' lang='lat' dir='ltr'><strong>vis</strong></span> <span class='ocrx_word' id='word_1_754' title='bbox 2509 4278 2634 4333; x_wconf 71' lang='lat' dir='ltr'><strong>qum</strong></span> <span class='ocrx_word' id='word_1_755' title='bbox 2669 4262 2723 4317; x_wconf 90' lang='lat' dir='ltr'><strong>in</strong></span> <span class='ocrx_word' id='word_1_756' title='bbox 2754 4263 2914 4321; x_wconf 76' lang='lat' dir='ltr'><strong>nobis</strong></span> <span class='ocrx_word' id='word_1_757' title='bbox 2948 4265 3186 4326; x_wconf 72' lang='lat' dir='ltr'><strong>exsistit.</strong></span> <span class='ocrx_word' id='word_1_758' title='bbox 3230 4268 3541 4321; x_wconf 84' lang='lat' dir='ltr'><strong>secundum</strong></span> 
     </span>
    </p>
   </div>
   <div class='ocr_carea' id='block_1_102' title="bbox 1934 4349 3542 4429">
    <p class='ocr_par' dir='ltr' id='par_1_102' title="bbox 1934 4349 3542 4429">
     <span class='ocr_line' id='line_1_103' title="bbox 1934 4349 3542 4429; baseline 0.006 -26"><span class='ocrx_word' id='word_1_759' title='bbox 1934 4349 2109 4407; x_wconf 90' lang='lat' dir='ltr'><strong>Deum</strong></span> <span class='ocrx_word' id='word_1_760' title='bbox 2145 4352 2391 4424; x_wconf 77' lang='lat' dir='ltr'><strong>dirigens</strong></span> <span class='ocrx_word' id='word_1_761' title='bbox 2420 4370 2650 4425; x_wconf 87' lang='lat' dir='ltr'><strong>gressus</strong></span> <span class='ocrx_word' id='word_1_762' title='bbox 2684 4365 2943 4423; x_wconf 88' lang='lat' dir='ltr'><strong>nostros;</strong></span> <span class='ocrx_word' id='word_1_763' title='bbox 2992 4357 3177 4412; x_wconf 87' lang='lat' dir='ltr'><strong>lumen</strong></span> <span class='ocrx_word' id='word_1_764' title='bbox 3211 4366 3267 4412; x_wconf 90' lang='lat' dir='ltr'><strong>et</strong></span> <span class='ocrx_word' id='word_1_765' title='bbox 3309 4358 3362 4411; x_wconf 90' lang='lat' dir='ltr'><strong>id</strong></span> <span class='ocrx_word' id='word_1_766' title='bbox 3393 4359 3542 4429; x_wconf 88' lang='lat' dir='ltr'><strong>quod</strong></span> 
     </span>
    </p>
   </div>
   <div class='ocr_carea' id='block_1_103' title="bbox 1932 4444 3540 4523">
    <p class='ocr_par' dir='ltr' id='par_1_103' title="bbox 1932 4444 3540 4523">
     <span class='ocr_line' id='line_1_104' title="bbox 1932 4444 3540 4523; baseline 0.006 -26"><span class='ocrx_word' id='word_1_767' title='bbox 1932 4446 2001 4498; x_wconf 92' lang='lat' dir='ltr'><strong>de</strong></span> <span class='ocrx_word' id='word_1_768' title='bbox 2033 4444 2143 4500; x_wconf 82' lang='lat' dir='ltr'><strong>Deo</strong></span> <span class='ocrx_word' id='word_1_769' title='bbox 2177 4447 2555 4502; x_wconf 88' lang='lat' dir='ltr'><strong>testimonium</strong></span> <span class='ocrx_word' id='word_1_770' title='bbox 2584 4448 2889 4518; x_wconf 89' lang='lat' dir='ltr'><strong>perhibuit,</strong></span> <span class='ocrx_word' id='word_1_771' title='bbox 2944 4461 2998 4506; x_wconf 92' lang='lat' dir='ltr'><strong>et</strong></span> <span class='ocrx_word' id='word_1_772' title='bbox 3038 4452 3186 4521; x_wconf 83' lang='lat' dir='ltr'><strong>quod</strong></span> <span class='ocrx_word' id='word_1_773' title='bbox 3235 4451 3302 4505; x_wconf 90' lang='lat' dir='ltr'><strong>ad</strong></span> <span class='ocrx_word' id='word_1_774' title='bbox 3355 4452 3540 4523; x_wconf 64' lang='lat' dir='ltr'><strong>ipsum</strong></span> 
     </span>
    </p>
   </div>
   <div class='ocr_carea' id='block_1_104' title="bbox 1934 4534 3540 4609">
    <p class='ocr_par' dir='ltr' id='par_1_104' title="bbox 1934 4534 3540 4609">
     <span class='ocr_line' id='line_1_105' title="bbox 1934 4534 3540 4609; baseline 0.004 -16"><span class='ocrx_word' id='word_1_775' title='bbox 1934 4550 2036 4593; x_wconf 84' lang='lat' dir='ltr'><strong>sua</strong></span> <span class='ocrx_word' id='word_1_776' title='bbox 2064 4534 2183 4593; x_wconf 78' lang='lat' dir='ltr'><strong>face</strong></span> <span class='ocrx_word' id='word_1_777' title='bbox 2209 4539 2386 4604; x_wconf 89' lang='lat' dir='ltr'><strong>ducit,</strong></span> <span class='ocrx_word' id='word_1_778' title='bbox 2419 4541 2745 4595; x_wconf 87' lang='lat' dir='ltr'><strong>conculcata</strong></span> <span class='ocrx_word' id='word_1_779' title='bbox 2788 4541 3007 4597; x_wconf 81' lang='lat' dir='ltr'><strong>ﬂamma</strong></span> <span class='ocrx_word' id='word_1_780' title='bbox 3048 4544 3277 4606; x_wconf 88' lang='lat' dir='ltr'><strong>erroris,</strong></span> <span class='ocrx_word' id='word_1_781' title='bbox 3307 4552 3367 4598; x_wconf 73' lang='lat' dir='ltr'><strong>ut</strong></span> <span class='ocrx_word' id='word_1_782' title='bbox 3392 4546 3540 4609; x_wconf 80' lang='lat' dir='ltr'><strong>Ana-</strong></span> 
     </span>
    </p>
   </div>
   <div class='ocr_carea' id='block_1_105' title="bbox 1928 4629 3537 4705">
    <p class='ocr_par' dir='ltr' id='par_1_105' title="bbox 1928 4629 3537 4705">
     <span class='ocr_line' id='line_1_106' title="bbox 1928 4629 3537 4705; baseline 0.006 -20"><span class='ocrx_word' id='word_1_783' title='bbox 1928 4629 2037 4685; x_wconf 68' lang='lat' dir='ltr'><strong>niae</strong></span> <span class='ocrx_word' id='word_1_784' title='bbox 2094 4630 2229 4687; x_wconf 87' lang='lat' dir='ltr'><strong>socii</strong></span> <span class='ocrx_word' id='word_1_785' title='bbox 2290 4635 2346 4687; x_wconf 88' lang='lat' dir='ltr'><strong>in</strong></span> <span class='ocrx_word' id='word_1_786' title='bbox 2382 4631 2666 4705; x_wconf 87' lang='lat' dir='ltr'><strong>Babylone</strong></span> <span class='ocrx_word' id='word_1_787' title='bbox 2725 4636 2780 4690; x_wconf 91' lang='lat' dir='ltr'><strong>in</strong></span> <span class='ocrx_word' id='word_1_788' title='bbox 2830 4635 3011 4691; x_wconf 88' lang='lat' dir='ltr'><strong>media</strong></span> <span class='ocrx_word' id='word_1_789' title='bbox 3065 4636 3281 4691; x_wconf 79' lang='lat' dir='ltr'><strong>llatnma</strong></span> <span class='ocrx_word' id='word_1_790' title='bbox 3327 4639 3537 4695; x_wconf 88' lang='lat' dir='ltr'><strong>camini</strong></span> 
     </span>
    </p>
   </div>
   <div class='ocr_carea' id='block_1_106' title="bbox 1928 4723 3540 4797">
    <p class='ocr_par' dir='ltr' id='par_1_106' title="bbox 1928 4723 3540 4797">
     <span class='ocr_line' id='line_1_107' title="bbox 1928 4723 3540 4797; baseline 0.002 -19"><span class='ocrx_word' id='word_1_791' title='bbox 1928 4728 2164 4779; x_wconf 79' lang='lat' dir='ltr'><strong>choreas</strong></span> <span class='ocrx_word' id='word_1_792' title='bbox 2194 4723 2427 4787; x_wconf 90' lang='lat' dir='ltr'><strong>ducunt,</strong></span> <span class='ocrx_word' id='word_1_793' title='bbox 2464 4723 2631 4778; x_wconf 89' lang='lat' dir='ltr'><strong>etiam</strong></span> <span class='ocrx_word' id='word_1_794' title='bbox 2677 4724 2865 4781; x_wconf 61' lang='lat' dir='ltr'><strong>illaesis</strong></span> <span class='ocrx_word' id='word_1_795' title='bbox 2908 4726 3153 4797; x_wconf 85' lang='lat' dir='ltr'><strong>ipsorum</strong></span> <span class='ocrx_word' id='word_1_796' title='bbox 3200 4726 3381 4795; x_wconf 88' lang='lat' dir='ltr'><strong>palliis</strong></span> <span class='ocrx_word' id='word_1_797' title='bbox 3420 4742 3540 4782; x_wconf 87' lang='lat' dir='ltr'><strong>ma-</strong></span> 
     </span>
    </p>
   </div>
   <div class='ocr_carea' id='block_1_107' title="bbox 1930 4818 3539 4892">
    <p class='ocr_par' dir='ltr' id='par_1_107' title="bbox 1930 4818 3539 4892">
     <span class='ocr_line' id='line_1_108' title="bbox 1930 4818 3539 4892; baseline 0.002 -19"><span class='ocrx_word' id='word_1_798' title='bbox 1930 4818 2224 4884; x_wconf 81' lang='lat' dir='ltr'><strong>nentibus;</strong></span> <span class='ocrx_word' id='word_1_799' title='bbox 2277 4818 2466 4873; x_wconf 80' lang='lat' dir='ltr'><strong>lumen</strong></span> <span class='ocrx_word' id='word_1_800' title='bbox 2526 4828 2816 4889; x_wconf 75' lang='lat' dir='ltr'><strong>praeterea,</strong></span> <span class='ocrx_word' id='word_1_801' title='bbox 2871 4836 2983 4892; x_wconf 89' lang='lat' dir='ltr'><strong>quo</strong></span> <span class='ocrx_word' id='word_1_802' title='bbox 3046 4820 3313 4891; x_wconf 88' lang='lat' dir='ltr'><strong>peculiari</strong></span> <span class='ocrx_word' id='word_1_803' title='bbox 3371 4821 3539 4877; x_wconf 83' lang='lat' dir='ltr'><strong>modo</strong></span> 
     </span>
    </p>
   </div>
   <div class='ocr_carea' id='block_1_108' title="bbox 1930 4908 3539 4979">
    <p class='ocr_par' dir='ltr' id='par_1_108' title="bbox 1930 4908 3539 4979">
     <span class='ocr_line' id='line_1_109' title="bbox 1930 4908 3539 4979; baseline 0.002 -14"><span class='ocrx_word' id='word_1_804' title='bbox 1930 4908 2192 4979; x_wconf 87' lang='lat' dir='ltr'><strong>baptismi</strong></span> <span class='ocrx_word' id='word_1_805' title='bbox 2242 4919 2466 4979; x_wconf 83' lang='lat' dir='ltr'><strong>constat</strong></span> <span class='ocrx_word' id='word_1_806' title='bbox 2519 4911 2853 4972; x_wconf 87' lang='lat' dir='ltr'><strong>illustratio:</strong></span> <span class='ocrx_word' id='word_1_807' title='bbox 2933 4912 3121 4967; x_wconf 88' lang='lat' dir='ltr'><strong>lumen</strong></span> <span class='ocrx_word' id='word_1_808' title='bbox 3188 4920 3327 4979; x_wconf 84' lang='lat' dir='ltr'><strong>sunt</strong></span> <span class='ocrx_word' id='word_1_809' title='bbox 3390 4913 3539 4968; x_wconf 87' lang='lat' dir='ltr'><strong>ultra</strong></span> 
     </span>
    </p>
   </div>
   <div class='ocr_carea' id='block_1_109' title="bbox 1928 5000 3537 5074">
    <p class='ocr_par' dir='ltr' id='par_1_109' title="bbox 1928 5000 3537 5074">
     <span class='ocr_line' id='line_1_110' title="bbox 1928 5000 3537 5074; baseline 0.001 -18"><span class='ocrx_word' id='word_1_810' title='bbox 1928 5000 2377 5071; x_wconf 71' lang='lat' dir='ltr'><strong>omnia,,quibus</strong></span> <span class='ocrx_word' id='word_1_811' title='bbox 2418 5000 2474 5055; x_wconf 89' lang='lat' dir='ltr'><strong>in</strong></span> <span class='ocrx_word' id='word_1_812' title='bbox 2520 5009 2717 5057; x_wconf 83' lang='lat' dir='ltr'><strong>sancta</strong></span> <span class='ocrx_word' id='word_1_813' title='bbox 2760 5000 3036 5059; x_wconf 85' lang='lat' dir='ltr'><strong>Trinitate</strong></span> <span class='ocrx_word' id='word_1_814' title='bbox 3080 5000 3321 5074; x_wconf 86' lang='lat' dir='ltr'><strong>gloriosa</strong></span> <span class='ocrx_word' id='word_1_815' title='bbox 3354 5010 3409 5057; x_wconf 90' lang='lat' dir='ltr'><strong>et</strong></span> <span class='ocrx_word' id='word_1_816' title='bbox 3451 5002 3537 5058; x_wconf 85' lang='lat' dir='ltr'><strong>in-</strong></span> 
     </span>
    </p>
   </div>
   <div class='ocr_carea' id='block_1_110' title="bbox 1927 5092 3534 5166">
    <p class='ocr_par' dir='ltr' id='par_1_110' title="bbox 1927 5092 3534 5166">
     <span class='ocr_line' id='line_1_111' title="bbox 1927 5092 3534 5166; baseline 0.002 -18"><span class='ocrx_word' id='word_1_817' title='bbox 1927 5094 2149 5163; x_wconf 87' lang='lat' dir='ltr'><strong>culpata</strong></span> <span class='ocrx_word' id='word_1_818' title='bbox 2190 5099 2276 5149; x_wconf 92' lang='lat' dir='ltr'><strong>est</strong></span> <span class='ocrx_word' id='word_1_819' title='bbox 2302 5092 2456 5148; x_wconf 79' lang='lat' dir='ltr'><strong>ﬁdes.</strong></span> <span class='ocrx_word' id='word_1_820' title='bbox 2506 5093 2697 5166; x_wconf 84' lang='lat' dir='ltr'><strong>Itaque</strong></span> <span class='ocrx_word' id='word_1_821' title='bbox 2737 5095 2877 5151; x_wconf 82' lang='lat' dir='ltr'><strong>dixit</strong></span> <span class='ocrx_word' id='word_1_822' title='bbox 2926 5094 3072 5151; x_wconf 89' lang='lat' dir='ltr'><strong>Deus</strong></span> <span class='ocrx_word' id='word_1_823' title='bbox 3107 5109 3123 5150; x_wconf 89' lang='lat'><strong>:</strong></span> <span class='ocrx_word' id='word_1_824' title='bbox 3155 5093 3287 5149; x_wconf 85' lang='lat' dir='ltr'><strong>Fiat</strong></span> <span class='ocrx_word' id='word_1_825' title='bbox 3316 5093 3414 5150; x_wconf 69' lang='lat' dir='ltr'><strong>liti:</strong></span> <span class='ocrx_word' id='word_1_826' title='bbox 3437 5111 3458 5161; x_wconf 86' lang='lat'><strong><em>;</em></strong></span> <span class='ocrx_word' id='word_1_827' title='bbox 3483 5106 3534 5151; x_wconf 84' lang='lat' dir='ltr'><strong>et</strong></span> 
     </span>
    </p>
   </div>
   <div class='ocr_carea' id='block_1_111' title="bbox 1928 5186 3534 5257">
    <p class='ocr_par' dir='ltr' id='par_1_111' title="bbox 1928 5186 3534 5257">
     <span class='ocr_line' id='line_1_112' title="bbox 1928 5186 3534 5257; baseline 0.003 -15"><span class='ocrx_word' id='word_1_828' title='bbox 1928 5186 2076 5257; x_wconf 84' lang='lat' dir='ltr'><strong>facta</strong></span> <span class='ocrx_word' id='word_1_829' title='bbox 2104 5198 2183 5243; x_wconf 74' lang='lat' dir='ltr'><strong>est</strong></span> <span class='ocrx_word' id='word_1_830' title='bbox 2214 5193 2331 5243; x_wconf 74' lang='lat' dir='ltr'><strong>lux.</strong></span> <span class='ocrx_word' id='word_1_831' title='bbox 2362 5188 2431 5251; x_wconf 79' lang='lat' dir='ltr'><strong>Et</strong></span> <span class='ocrx_word' id='word_1_832' title='bbox 2459 5190 2667 5244; x_wconf 73' lang='lat' dir='ltr'><strong>vocarit</strong></span> <span class='ocrx_word' id='word_1_833' title='bbox 2712 5188 2856 5247; x_wconf 73' lang='lat' dir='ltr'><strong>Deus</strong></span> <span class='ocrx_word' id='word_1_834' title='bbox 2894 5190 3070 5245; x_wconf 79' lang='lat' dir='ltr'><strong>lucem</strong></span> <span class='ocrx_word' id='word_1_835' title='bbox 3102 5188 3269 5255; x_wconf 80' lang='lat' dir='ltr'><strong>diem,</strong></span> <span class='ocrx_word' id='word_1_836' title='bbox 3308 5198 3358 5245; x_wconf 83' lang='lat' dir='ltr'><strong>et</strong></span> <span class='ocrx_word' id='word_1_837' title='bbox 3388 5198 3534 5247; x_wconf 74' lang='lat' dir='ltr'><strong>telle-</strong></span> 
     </span>
    </p>
   </div>
   <div class='ocr_carea' id='block_1_112' title="bbox 1928 5280 2619 5337">
    <p class='ocr_par' dir='ltr' id='par_1_112' title="bbox 1928 5280 2619 5337">
     <span class='ocr_line' id='line_1_113' title="bbox 1928 5280 2619 5337; baseline 0.001 -3"><span class='ocrx_word' id='word_1_838' title='bbox 1928 5280 2054 5336; x_wconf 76' lang='lat' dir='ltr'><strong>bras</strong></span> <span class='ocrx_word' id='word_1_839' title='bbox 2082 5283 2285 5337; x_wconf 76' lang='lat' dir='ltr'><strong>vocavit</strong></span> <span class='ocrx_word' id='word_1_840' title='bbox 2309 5292 2514 5337; x_wconf 78' lang='lat' dir='ltr'><strong>noctem</strong></span> <span class='ocrx_word' id='word_1_841' title='bbox 2553 5280 2619 5335; x_wconf 76' lang='lat'><strong>“.</strong></span> 
     </span>
    </p>
   </div>
   <div class='ocr_carea' id='block_1_113' title="bbox 2358 5368 3427 5431">
    <p class='ocr_par' dir='ltr' id='par_1_113' title="bbox 2358 5368 3427 5431">
     <span class='ocr_line' id='line_1_114' title="bbox 2358 5368 3427 5431; baseline 0.004 -4"><span class='ocrx_word' id='word_1_842' title='bbox 2358 5368 2882 5431; x_wconf 74' lang='lat' dir='ltr'><strong>IN&#39;I‘ERBOGATIO</strong></span> <span class='ocrx_word' id='word_1_843' title='bbox 2935 5368 3096 5429; x_wconf 84' lang='lat' dir='ltr'><strong>LXII.</strong></span> <span class='ocrx_word' id='word_1_844' title='bbox 3426 5426 3427 5431; x_wconf 45' lang='grc' dir='ltr'><strong>η</strong></span> 
     </span>
    </p>
   </div>
   <div class='ocr_carea' id='block_1_114' title="bbox 1994 5459 3530 5535">
    <p class='ocr_par' dir='ltr' id='par_1_114' title="bbox 1994 5459 3530 5535">
     <span class='ocr_line' id='line_1_115' title="bbox 1994 5459 3530 5535; baseline 0.002 -19"><span class='ocrx_word' id='word_1_845' title='bbox 1994 5459 2136 5518; x_wconf 82' lang='lat' dir='ltr'><strong>Num</strong></span> <span class='ocrx_word' id='word_1_846' title='bbox 2196 5463 2365 5535; x_wconf 87' lang='lat' dir='ltr'><strong>igitur</strong></span> <span class='ocrx_word' id='word_1_847' title='bbox 2418 5462 2570 5519; x_wconf 89' lang='lat' dir='ltr'><strong>aliud</strong></span> <span class='ocrx_word' id='word_1_848' title='bbox 2616 5471 2705 5519; x_wconf 87' lang='lat' dir='ltr'><strong>est</strong></span> <span class='ocrx_word' id='word_1_849' title='bbox 2761 5462 2878 5528; x_wconf 78' lang='lat' dir='ltr'><strong>lux,</strong></span> <span class='ocrx_word' id='word_1_850' title='bbox 2919 5469 2976 5519; x_wconf 86' lang='lat' dir='ltr'><strong>et</strong></span> <span class='ocrx_word' id='word_1_851' title='bbox 3026 5462 3179 5519; x_wconf 87' lang='lat' dir='ltr'><strong>aliud</strong></span> <span class='ocrx_word' id='word_1_852' title='bbox 3235 5461 3396 5532; x_wconf 78' lang='lat' dir='ltr'><strong>dies;</strong></span> <span class='ocrx_word' id='word_1_853' title='bbox 3442 5464 3530 5519; x_wconf 80' lang='lat' dir='ltr'><strong>vel</strong></span> 
     </span>
    </p>
   </div>
   <div class='ocr_carea' id='block_1_115' title="bbox 1918 5553 2812 5621">
    <p class='ocr_par' dir='ltr' id='par_1_115' title="bbox 1918 5553 2812 5621">
     <span class='ocr_line' id='line_1_116' title="bbox 1918 5553 2812 5621; baseline 0.003 -13"><span class='ocrx_word' id='word_1_854' title='bbox 1918 5553 2070 5610; x_wconf 89' lang='lat' dir='ltr'><strong>aliud</strong></span> <span class='ocrx_word' id='word_1_855' title='bbox 2100 5570 2231 5621; x_wconf 77' lang='lat' dir='ltr'><strong>nor,</strong></span> <span class='ocrx_word' id='word_1_856' title='bbox 2262 5566 2319 5613; x_wconf 89' lang='lat' dir='ltr'><strong>et</strong></span> <span class='ocrx_word' id='word_1_857' title='bbox 2342 5557 2490 5612; x_wconf 87' lang='lat' dir='ltr'><strong>aliud</strong></span> <span class='ocrx_word' id='word_1_858' title='bbox 2534 5556 2812 5613; x_wconf 69' lang='lat' dir='ltr'><strong>tenebrae?</strong></span> 
     </span>
    </p>
   </div>
   <div class='ocr_carea' id='block_1_116' title="bbox 279 5805 1836 5891">
    <p class='ocr_par' dir='ltr' id='par_1_116' title="bbox 279 5805 1806 5891">
     <span class='ocr_line' id='line_1_117' title="bbox 279 5805 1806 5891; baseline 0.002 -23"><span class='ocrx_word' id='word_1_859' title='bbox 279 5812 369 5891; x_wconf 56' lang='grc' dir='ltr'><strong>(ξι</strong></span> <span class='ocrx_word' id='word_1_860' title='bbox 381 5821 401 5883; x_wconf 88' lang='grc'><strong>)</strong></span> <span class='ocrx_word' id='word_1_861' title='bbox 426 5805 561 5873; x_wconf 59' lang='lat' dir='ltr'><strong>nec</strong></span> <span class='ocrx_word' id='word_1_862' title='bbox 591 5813 880 5891; x_wconf 68' lang='grc' dir='ltr'>τριᾷοις...</span> <span class='ocrx_word' id='word_1_863' title='bbox 901 5809 1030 5891; x_wconf 75' lang='grc' dir='ltr'><strong>φῶς</strong></span> <span class='ocrx_word' id='word_1_864' title='bbox 1044 5811 1249 5891; x_wconf 58' lang='grc' dir='ltr'>ἐστιν.</span> <span class='ocrx_word' id='word_1_865' title='bbox 1274 5809 1406 5867; x_wconf 54' lang='lat' dir='ltr'><strong>Haec</strong></span> <span class='ocrx_word' id='word_1_866' title='bbox 1426 5811 1806 5891; x_wconf 71' lang='lat' dir='ltr'><strong>supplerimus</strong></span> 
     </span>
    </p>
   </div>
   <div class='ocr_carea' id='block_1_117' title="bbox 1944 5805 3515 5891">
    <p class='ocr_par' dir='ltr' id='par_1_117' title="bbox 1944 5813 3515 5891">
     <span class='ocr_line' id='line_1_118' title="bbox 1944 5813 3515 5891; baseline 0.001 -20"><span class='ocrx_word' id='word_1_867' title='bbox 1944 5831 2039 5871; x_wconf 88' lang='lat' dir='ltr'><strong>um</strong></span> <span class='ocrx_word' id='word_1_868' title='bbox 2060 5817 2419 5891; x_wconf 65' lang='lat' dir='ltr'><strong>,typotheta,</strong></span> <span class='ocrx_word' id='word_1_869' title='bbox 2453 5828 2514 5877; x_wconf 90' lang='lat' dir='ltr'><strong>ut</strong></span> <span class='ocrx_word' id='word_1_870' title='bbox 2540 5818 2797 5888; x_wconf 82' lang='lat' dir='ltr'><strong>videtur,</strong></span> <span class='ocrx_word' id='word_1_871' title='bbox 2831 5815 3044 5875; x_wconf 84' lang='lat' dir='ltr'><strong>incuria</strong></span> <span class='ocrx_word' id='word_1_872' title='bbox 3078 5814 3151 5873; x_wconf 89' lang='lat' dir='ltr'><strong>ob</strong></span> <span class='ocrx_word' id='word_1_873' title='bbox 3178 5829 3373 5881; x_wconf 79' lang='lat' dir='ltr'><strong>vocem</strong></span> <span class='ocrx_word' id='word_1_874' title='bbox 3398 5813 3515 5887; x_wconf 79' lang='grc' dir='ltr'><strong>φῶς</strong></span> 
     </span>
    </p>
   </div>
   <div class='ocr_carea' id='block_1_118' title="bbox 197 5882 3601 5965">
    <p class='ocr_par' dir='ltr' id='par_1_118' title="bbox 197 5882 3601 5965">
     <span class='ocr_line' id='line_1_119' title="bbox 197 5882 3601 5965; baseline 0.002 -21"><span class='ocrx_word' id='word_1_875' title='bbox 197 5882 879 5957; x_wconf 71' lang='grc' dir='ltr'>ει”ιιιιει·ριόιοιιιοειιιιι</span> <span class='ocrx_word' id='word_1_876' title='bbox 908 5882 1072 5941; x_wconf 85' lang='lat' dir='ltr'><strong>enim</strong></span> <span class='ocrx_word' id='word_1_877' title='bbox 1120 5883 1178 5939; x_wconf 86' lang='lat' dir='ltr'><strong>in</strong></span> <span class='ocrx_word' id='word_1_878' title='bbox 1234 5889 1390 5941; x_wconf 80' lang='lat' dir='ltr'><strong>textu</strong></span> <span class='ocrx_word' id='word_1_879' title='bbox 1422 5882 1587 5965; x_wconf 83' lang='lat' dir='ltr'><strong>codd.</strong></span> <span class='ocrx_word' id='word_1_880' title='bbox 1622 5882 1805 5941; x_wconf 86' lang='lat' dir='ltr'><strong>edito-</strong></span> <span class='ocrx_word' id='word_1_881' title='bbox 1914 5882 2227 5962; x_wconf 62' lang='lat' dir='ltr'><strong>repetitam.</strong></span> <span class='ocrx_word' id='word_1_882' title='bbox 2404 5882 2415 5889; x_wconf 82' lang='grc'><em>’</em></span> <span class='ocrx_word' id='word_1_883' title='bbox 2782 5882 2801 5904; x_wconf 78' lang='grc'><em>’³</em></span> <span class='ocrx_word' id='word_1_884' title='bbox 3410 5882 3424 5887; x_wconf 61' lang='grc'>⁷</span> <span class='ocrx_word' id='word_1_885' title='bbox 3598 5910 3601 5913; x_wconf 66' lang='lat'>‘</span> 
     </span>
    </p>
   </div>
  </div>
