  <div class='ocr_page' id='page_1' title='image "/cluster/home/n/w/nwhite01/storage/ocr_20150623/38/pst.000005712335/510.png"; bbox 0 0 4020 6302; ppageno 0'>
   <div class='ocr_carea' id='block_1_1' title="bbox 256 459 1856 539">
    <p class='ocr_par' dir='ltr' id='par_1_1' title="bbox 256 459 1856 539">
     <span class='ocr_line' id='line_1_1' title="bbox 256 459 1856 539; baseline 0.004 -22"><span class='ocrx_word' id='word_1_1' title='bbox 256 459 669 533; x_wconf 67' lang='grc' dir='ltr'>παιδευόμεθα,</span> <span class='ocrx_word' id='word_1_2' title='bbox 718 462 1083 538; x_wconf 66' lang='grc' dir='ltr'>στερροτέρας</span> <span class='ocrx_word' id='word_1_3' title='bbox 1133 465 1402 539; x_wconf 77' lang='grc' dir='ltr'><strong>ὑπάρχειν</strong></span> <span class='ocrx_word' id='word_1_4' title='bbox 1463 467 1677 536; x_wconf 78' lang='grc' dir='ltr'>φύσεως</span> <span class='ocrx_word' id='word_1_5' title='bbox 1746 470 1856 524; x_wconf 79' lang='grc' dir='ltr'>τῶν</span> 
     </span>
    </p>
   </div>
   <div class='ocr_carea' id='block_1_2' title="bbox 255 554 1857 631">
    <p class='ocr_par' dir='ltr' id='par_1_2' title="bbox 255 554 1857 631">
     <span class='ocr_line' id='line_1_2' title="bbox 255 554 1857 631; baseline 0.006 -26"><span class='ocrx_word' id='word_1_6' title='bbox 255 555 512 625; x_wconf 78' lang='grc' dir='ltr'><strong>ἀοράτων</strong></span> <span class='ocrx_word' id='word_1_7' title='bbox 546 554 611 608; x_wconf 89' lang='grc' dir='ltr'><strong>τδ</strong></span> <span class='ocrx_word' id='word_1_8' title='bbox 649 554 952 628; x_wconf 80' lang='grc' dir='ltr'>δρώμενον.</span> <span class='ocrx_word' id='word_1_9' title='bbox 978 558 1185 631; x_wconf 80' lang='grc' dir='ltr'>Μωσῆς</span> <span class='ocrx_word' id='word_1_10' title='bbox 1220 561 1319 629; x_wconf 84' lang='grc' dir='ltr'>μὲν</span> <span class='ocrx_word' id='word_1_11' title='bbox 1355 559 1467 630; x_wconf 87' lang='grc' dir='ltr'><strong>γάρ</strong></span> <span class='ocrx_word' id='word_1_12' title='bbox 1495 578 1661 631; x_wconf 81' lang='grc' dir='ltr'>φησιν</span> <span class='ocrx_word' id='word_1_13' title='bbox 1686 578 1701 593; x_wconf 78' lang='grc' dir='ltr'><strong>ο</strong></span> <span class='ocrx_word' id='word_1_14' title='bbox 1750 560 1857 615; x_wconf 85' lang='grc' dir='ltr'>Ἐν</span> 
     </span>
    </p>
   </div>
   <div class='ocr_carea' id='block_1_3' title="bbox 254 644 1853 723">
    <p class='ocr_par' dir='ltr' id='par_1_3' title="bbox 254 644 1853 723">
     <span class='ocr_line' id='line_1_3' title="bbox 254 644 1853 723; baseline 0.004 -25"><span class='ocrx_word' id='word_1_15' title='bbox 254 644 421 715; x_wconf 77' lang='grc' dir='ltr'>ἀρχῇ</span> <span class='ocrx_word' id='word_1_16' title='bbox 444 646 738 715; x_wconf 74' lang='grc' dir='ltr'>ἐποίησεν</span> <span class='ocrx_word' id='word_1_17' title='bbox 761 652 796 703; x_wconf 80' lang='grc' dir='ltr'><em>ό</em></span> <span class='ocrx_word' id='word_1_18' title='bbox 822 649 967 717; x_wconf 76' lang='grc' dir='ltr'>Θεὸς</span> <span class='ocrx_word' id='word_1_19' title='bbox 1008 650 1117 704; x_wconf 83' lang='grc' dir='ltr'>τὸν</span> <span class='ocrx_word' id='word_1_20' title='bbox 1141 652 1424 719; x_wconf 84' lang='grc' dir='ltr'>οὐρανὸν,</span> <span class='ocrx_word' id='word_1_21' title='bbox 1452 652 1555 707; x_wconf 78' lang='grc' dir='ltr'><strong>καὶ</strong></span> <span class='ocrx_word' id='word_1_22' title='bbox 1576 653 1691 721; x_wconf 84' lang='grc' dir='ltr'>τὴν</span> <span class='ocrx_word' id='word_1_23' title='bbox 1716 650 1853 723; x_wconf 74' lang='grc' dir='ltr'>γῆν.</span> 
     </span>
    </p>
   </div>
   <div class='ocr_carea' id='block_1_4' title="bbox 270 739 1853 814">
    <p class='ocr_par' dir='ltr' id='par_1_4' title="bbox 270 739 1853 814">
     <span class='ocr_line' id='line_1_4' title="bbox 270 739 1853 814; baseline 0.004 -22"><span class='ocrx_word' id='word_1_24' title='bbox 270 739 620 795; x_wconf 74' lang='grc' dir='ltr'>Ἐνταῦθαδὶ</span> <span class='ocrx_word' id='word_1_25' title='bbox 657 740 721 794; x_wconf 79' lang='grc' dir='ltr'>τὸ</span> <span class='ocrx_word' id='word_1_26' title='bbox 754 742 982 814; x_wconf 72' lang='grc' dir='ltr'>στερρόν</span> <span class='ocrx_word' id='word_1_27' title='bbox 1032 742 1329 814; x_wconf 76' lang='grc' dir='ltr'>φησι·Καί</span> <span class='ocrx_word' id='word_1_28' title='bbox 1378 740 1551 799; x_wconf 73' lang='grc' dir='ltr'>εἶπεν</span> <span class='ocrx_word' id='word_1_29' title='bbox 1592 747 1626 799; x_wconf 85' lang='grc' dir='ltr'><em>ό</em></span> <span class='ocrx_word' id='word_1_30' title='bbox 1668 746 1814 813; x_wconf 83' lang='grc' dir='ltr'>Θεός</span> <span class='ocrx_word' id='word_1_31' title='bbox 1836 763 1853 779; x_wconf 80' lang='grc' dir='ltr'><strong><em>ο</em></strong></span> 
     </span>
    </p>
   </div>
   <div class='ocr_carea' id='block_1_5' title="bbox 255 829 1856 910">
    <p class='ocr_par' dir='ltr' id='par_1_5' title="bbox 255 829 1856 910">
     <span class='ocr_line' id='line_1_5' title="bbox 255 829 1856 910; baseline 0.007 -28"><span class='ocrx_word' id='word_1_32' title='bbox 255 829 585 897; x_wconf 74' lang='grc' dir='ltr'>Γενηθήτω</span> <span class='ocrx_word' id='word_1_33' title='bbox 600 831 926 902; x_wconf 78' lang='grc' dir='ltr'>στερέωμα.</span> <span class='ocrx_word' id='word_1_34' title='bbox 942 834 1055 887; x_wconf 80' lang='grc' dir='ltr'><strong>Καὶ</strong></span> <span class='ocrx_word' id='word_1_35' title='bbox 1074 834 1305 901; x_wconf 79' lang='grc' dir='ltr'>Ἡσαΐας</span> <span class='ocrx_word' id='word_1_36' title='bbox 1325 836 1609 909; x_wconf 81' lang='grc' dir='ltr'>παριστῶν</span> <span class='ocrx_word' id='word_1_37' title='bbox 1628 837 1737 891; x_wconf 84' lang='grc' dir='ltr'><strong>τῶν</strong></span> <span class='ocrx_word' id='word_1_38' title='bbox 1756 838 1856 910; x_wconf 81' lang='grc' dir='ltr'>μὲν</span> 
     </span>
    </p>
   </div>
   <div class='ocr_carea' id='block_1_6' title="bbox 251 916 1857 995">
    <p class='ocr_par' dir='ltr' id='par_1_6' title="bbox 251 916 1857 995">
     <span class='ocr_line' id='line_1_6' title="bbox 251 916 1857 995; baseline 0.006 -23"><span class='ocrx_word' id='word_1_39' title='bbox 251 916 325 972; x_wconf 84' lang='grc' dir='ltr'><strong>τδ</strong></span> <span class='ocrx_word' id='word_1_40' title='bbox 364 918 563 974; x_wconf 68' lang='grc' dir='ltr'>λεπτὸν</span> <span class='ocrx_word' id='word_1_41' title='bbox 597 922 695 975; x_wconf 81' lang='grc' dir='ltr'><strong>καὶ</strong></span> <span class='ocrx_word' id='word_1_42' title='bbox 735 922 1070 993; x_wconf 78' lang='grc' dir='ltr'>κουφότερον</span> <span class='ocrx_word' id='word_1_43' title='bbox 1096 924 1195 995; x_wconf 83' lang='grc' dir='ltr'>τῆς</span> <span class='ocrx_word' id='word_1_44' title='bbox 1241 926 1482 995; x_wconf 81' lang='grc' dir='ltr'>φύσεως,</span> <span class='ocrx_word' id='word_1_45' title='bbox 1515 926 1613 981; x_wconf 79' lang='grc' dir='ltr'><strong>τοῦ</strong></span> <span class='ocrx_word' id='word_1_46' title='bbox 1646 928 1705 980; x_wconf 69' lang='grc' dir='ltr'>δὲ</span> <span class='ocrx_word' id='word_1_47' title='bbox 1734 944 1857 981; x_wconf 84' lang='grc' dir='ltr'>στε-</span> 
     </span>
    </p>
   </div>
   <div class='ocr_carea' id='block_1_7' title="bbox 252 1007 1857 1089">
    <p class='ocr_par' dir='ltr' id='par_1_7' title="bbox 252 1007 1857 1089">
     <span class='ocr_line' id='line_1_7' title="bbox 252 1007 1857 1089; baseline 0.008 -29"><span class='ocrx_word' id='word_1_48' title='bbox 252 1007 575 1078; x_wconf 82' lang='grc' dir='ltr'>γανώτερον</span> <span class='ocrx_word' id='word_1_49' title='bbox 606 1010 705 1064; x_wconf 76' lang='grc' dir='ltr'><strong>καὶ</strong></span> <span class='ocrx_word' id='word_1_50' title='bbox 744 1012 893 1083; x_wconf 79' lang='grc' dir='ltr'>παχὺ</span> <span class='ocrx_word' id='word_1_51' title='bbox 934 1013 1031 1067; x_wconf 82' lang='grc' dir='ltr'><strong>τοῦ</strong></span> <span class='ocrx_word' id='word_1_52' title='bbox 1087 1014 1361 1087; x_wconf 85' lang='grc' dir='ltr'>σώματος,</span> <span class='ocrx_word' id='word_1_53' title='bbox 1392 1018 1589 1089; x_wconf 77' lang='grc' dir='ltr'>φησιν’</span> <span class='ocrx_word' id='word_1_54' title='bbox 1626 1018 1689 1073; x_wconf 90' lang='lat'><strong>&#39;0</strong></span> <span class='ocrx_word' id='word_1_55' title='bbox 1726 1035 1857 1073; x_wconf 79' lang='grc' dir='ltr'>στε-</span> 
     </span>
    </p>
   </div>
   <div class='ocr_carea' id='block_1_8' title="bbox 246 1098 1856 1178">
    <p class='ocr_par' dir='ltr' id='par_1_8' title="bbox 246 1098 1856 1178">
     <span class='ocr_line' id='line_1_8' title="bbox 246 1098 1856 1178; baseline 0.007 -25"><span class='ocrx_word' id='word_1_56' title='bbox 246 1098 495 1168; x_wconf 66' lang='grc' dir='ltr'>ρςώσας</span> <span class='ocrx_word' id='word_1_57' title='bbox 518 1100 629 1156; x_wconf 82' lang='grc' dir='ltr'>τὸν</span> <span class='ocrx_word' id='word_1_58' title='bbox 652 1105 916 1172; x_wconf 81' lang='grc' dir='ltr'>οὐρανὸν</span> <span class='ocrx_word' id='word_1_59' title='bbox 950 1104 1097 1159; x_wconf 77' lang='grc' dir='ltr'>ὡσεί</span> <span class='ocrx_word' id='word_1_60' title='bbox 1129 1108 1388 1175; x_wconf 78' lang='grc' dir='ltr'>καπνὸν,</span> <span class='ocrx_word' id='word_1_61' title='bbox 1418 1108 1520 1166; x_wconf 79' lang='grc' dir='ltr'>καί</span> <span class='ocrx_word' id='word_1_62' title='bbox 1550 1109 1856 1178; x_wconf 77' lang='grc' dir='ltr'><strong>διατείνας</strong></span> 
     </span>
    </p>
   </div>
   <div class='ocr_carea' id='block_1_9' title="bbox 251 1191 1855 1273">
    <p class='ocr_par' dir='ltr' id='par_1_9' title="bbox 251 1191 1855 1273">
     <span class='ocr_line' id='line_1_9' title="bbox 251 1191 1855 1273; baseline 0.006 -26"><span class='ocrx_word' id='word_1_63' title='bbox 251 1191 455 1247; x_wconf 14' lang='grc' dir='ltr'>αὑτὸν.</span> <span class='ocrx_word' id='word_1_64' title='bbox 477 1192 559 1259; x_wconf 83' lang='grc' dir='ltr'>ὡς</span> <span class='ocrx_word' id='word_1_65' title='bbox 582 1193 848 1265; x_wconf 81' lang='grc' dir='ltr'>σκηνήν.</span> <span class='ocrx_word' id='word_1_66' title='bbox 869 1197 1005 1267; x_wconf 76' lang='grc' dir='ltr'>Περὶ</span> <span class='ocrx_word' id='word_1_67' title='bbox 1034 1197 1093 1252; x_wconf 60' lang='grc' dir='ltr'>δὲ</span> <span class='ocrx_word' id='word_1_68' title='bbox 1125 1198 1222 1253; x_wconf 82' lang='grc' dir='ltr'><strong>τοῦ</strong></span> <span class='ocrx_word' id='word_1_69' title='bbox 1257 1200 1541 1271; x_wconf 70' lang='grc' dir='ltr'>δρωμένου</span> <span class='ocrx_word' id='word_1_70' title='bbox 1575 1202 1760 1273; x_wconf 81' lang='grc' dir='ltr'>φησίν·</span> <span class='ocrx_word' id='word_1_71' title='bbox 1791 1202 1855 1257; x_wconf 86' lang='lat'><strong>&#39;0</strong></span> 
     </span>
    </p>
   </div>
   <div class='ocr_carea' id='block_1_10' title="bbox 250 1281 1856 1365">
    <p class='ocr_par' dir='ltr' id='par_1_10' title="bbox 250 1281 1856 1365">
     <span class='ocr_line' id='line_1_10' title="bbox 250 1281 1856 1365; baseline 0.005 -26"><span class='ocrx_word' id='word_1_72' title='bbox 250 1281 465 1353; x_wconf 65' lang='grc' dir='ltr'>πήξας</span> <span class='ocrx_word' id='word_1_73' title='bbox 494 1283 606 1338; x_wconf 76' lang='grc' dir='ltr'>τὸν</span> <span class='ocrx_word' id='word_1_74' title='bbox 649 1286 916 1355; x_wconf 70' lang='grc' dir='ltr'>οὐρανὸν</span> <span class='ocrx_word' id='word_1_75' title='bbox 960 1286 1107 1342; x_wconf 72' lang='grc' dir='ltr'>ὡσεί</span> <span class='ocrx_word' id='word_1_76' title='bbox 1141 1289 1435 1360; x_wconf 66' lang='grc' dir='ltr'>καμάραν.</span> <span class='ocrx_word' id='word_1_77' title='bbox 1475 1291 1587 1347; x_wconf 79' lang='grc' dir='ltr'><strong>Καὶ</strong></span> <span class='ocrx_word' id='word_1_78' title='bbox 1620 1293 1729 1365; x_wconf 83' lang='grc' dir='ltr'>γὰρ</span> <span class='ocrx_word' id='word_1_79' title='bbox 1763 1292 1856 1347; x_wconf 78' lang='grc' dir='ltr'>τὸν</span> 
     </span>
    </p>
   </div>
   <div class='ocr_carea' id='block_1_11' title="bbox 252 1375 1855 1456">
    <p class='ocr_par' dir='ltr' id='par_1_11' title="bbox 252 1375 1855 1456">
     <span class='ocr_line' id='line_1_11' title="bbox 252 1375 1855 1456; baseline 0.006 -27"><span class='ocrx_word' id='word_1_80' title='bbox 252 1375 431 1447; x_wconf 71' lang='grc' dir='ltr'>ἄνδρα</span> <span class='ocrx_word' id='word_1_81' title='bbox 474 1376 574 1430; x_wconf 77' lang='grc' dir='ltr'><strong>καὶ</strong></span> <span class='ocrx_word' id='word_1_82' title='bbox 624 1378 727 1449; x_wconf 75' lang='grc' dir='ltr'>τὴν</span> <span class='ocrx_word' id='word_1_83' title='bbox 771 1380 1009 1448; x_wconf 81' lang='grc' dir='ltr'>γυναῖκα</span> <span class='ocrx_word' id='word_1_84' title='bbox 1031 1420 1047 1446; x_wconf 92' lang='grc'><strong>,</strong></span> <span class='ocrx_word' id='word_1_85' title='bbox 1087 1380 1375 1454; x_wconf 76' lang='grc' dir='ltr'>ἄνθρωπον</span> <span class='ocrx_word' id='word_1_86' title='bbox 1422 1384 1855 1456; x_wconf 73' lang='grc' dir='ltr'><strong>προσαγορεύειν</strong></span> 
     </span>
    </p>
   </div>
   <div class='ocr_carea' id='block_1_12' title="bbox 255 1466 1852 1547">
    <p class='ocr_par' dir='ltr' id='par_1_12' title="bbox 255 1466 1852 1547">
     <span class='ocr_line' id='line_1_12' title="bbox 255 1466 1852 1547; baseline 0.008 -28"><span class='ocrx_word' id='word_1_87' title='bbox 255 1466 453 1520; x_wconf 72' lang='grc' dir='ltr'>εἴωθεν</span> <span class='ocrx_word' id='word_1_88' title='bbox 483 1468 519 1538; x_wconf 77' lang='grc' dir='ltr'><strong>ἡ</strong></span> <span class='ocrx_word' id='word_1_89' title='bbox 549 1466 671 1522; x_wconf 88' lang='grc' dir='ltr'>θεία</span> <span class='ocrx_word' id='word_1_90' title='bbox 702 1468 743 1521; x_wconf 82' lang='lat'><strong>1&quot;</strong></span> <span class='ocrx_word' id='word_1_91' title='bbox 746 1470 894 1542; x_wconf 80' lang='grc' dir='ltr'>ραφή</span> <span class='ocrx_word' id='word_1_92' title='bbox 912 1487 928 1503; x_wconf 77' lang='grc' dir='ltr'><strong>ο</strong></span> <span class='ocrx_word' id='word_1_93' title='bbox 965 1471 1060 1525; x_wconf 73' lang='grc' dir='ltr'><strong>καὶ</strong></span> <span class='ocrx_word' id='word_1_94' title='bbox 1090 1474 1219 1543; x_wconf 76' lang='grc' dir='ltr'>μιᾶς</span> <span class='ocrx_word' id='word_1_95' title='bbox 1247 1470 1418 1545; x_wconf 75' lang='grc' dir='ltr'>οὔσης</span> <span class='ocrx_word' id='word_1_96' title='bbox 1444 1475 1545 1545; x_wconf 80' lang='grc' dir='ltr'>τῆς</span> <span class='ocrx_word' id='word_1_97' title='bbox 1574 1491 1852 1547; x_wconf 78' lang='grc' dir='ltr'>προσηγο-</span> 
     </span>
    </p>
   </div>
   <div class='ocr_carea' id='block_1_13' title="bbox 258 1556 1863 1638">
    <p class='ocr_par' dir='ltr' id='par_1_13' title="bbox 258 1556 1863 1638">
     <span class='ocr_line' id='line_1_13' title="bbox 258 1556 1863 1638; baseline 0.007 -27"><span class='ocrx_word' id='word_1_98' title='bbox 258 1556 409 1630; x_wconf 81' lang='grc' dir='ltr'>ρίας,</span> <span class='ocrx_word' id='word_1_99' title='bbox 447 1559 477 1612; x_wconf 83' lang='grc' dir='ltr'><strong>ὁ</strong></span> <span class='ocrx_word' id='word_1_100' title='bbox 508 1558 609 1629; x_wconf 72' lang='grc' dir='ltr'>μὲν</span> <span class='ocrx_word' id='word_1_101' title='bbox 647 1560 979 1634; x_wconf 78' lang='grc' dir='ltr'>καρτερικὸς</span> <span class='ocrx_word' id='word_1_102' title='bbox 997 1561 1094 1617; x_wconf 76' lang='grc' dir='ltr'><strong>καὶ</strong></span> <span class='ocrx_word' id='word_1_103' title='bbox 1123 1563 1427 1635; x_wconf 80' lang='grc' dir='ltr'>ἀχθοφόρος</span> <span class='ocrx_word' id='word_1_104' title='bbox 1458 1566 1715 1638; x_wconf 78' lang='grc' dir='ltr'><strong>ὑπάρχει,</strong></span> <span class='ocrx_word' id='word_1_105' title='bbox 1745 1570 1776 1622; x_wconf 81' lang='grc' dir='ltr'><strong>ό</strong></span> <span class='ocrx_word' id='word_1_106' title='bbox 1795 1567 1863 1621; x_wconf 63' lang='grc' dir='ltr'>δὲ</span> 
     </span>
    </p>
   </div>
   <div class='ocr_carea' id='block_1_14' title="bbox 254 1647 1855 1731">
    <p class='ocr_par' dir='ltr' id='par_1_14' title="bbox 254 1647 1855 1731">
     <span class='ocr_line' id='line_1_14' title="bbox 254 1647 1855 1731; baseline 0.008 -30"><span class='ocrx_word' id='word_1_107' title='bbox 254 1647 591 1722; x_wconf 78' lang='grc' dir='ltr'>χαυνότερος</span> <span class='ocrx_word' id='word_1_108' title='bbox 608 1650 730 1721; x_wconf 66' lang='grc' dir='ltr'>ἦτοι</span> <span class='ocrx_word' id='word_1_109' title='bbox 769 1652 1123 1726; x_wconf 54' lang='lat' dir='ltr'><strong>atomi-spec,</strong></span> <span class='ocrx_word' id='word_1_110' title='bbox 1158 1653 1369 1728; x_wconf 77' lang='grc' dir='ltr'>διανοίᾳ</span> <span class='ocrx_word' id='word_1_111' title='bbox 1406 1656 1501 1710; x_wconf 78' lang='grc' dir='ltr'>καὶ</span> <span class='ocrx_word' id='word_1_112' title='bbox 1537 1657 1703 1731; x_wconf 82' lang='grc' dir='ltr'>λόγῳ.</span> <span class='ocrx_word' id='word_1_113' title='bbox 1730 1658 1855 1715; x_wconf 82' lang='grc' dir='ltr'>Τῶν</span> 
     </span>
    </p>
   </div>
   <div class='ocr_carea' id='block_1_15' title="bbox 259 1741 1855 1817">
    <p class='ocr_par' dir='ltr' id='par_1_15' title="bbox 259 1741 1855 1817">
     <span class='ocr_line' id='line_1_15' title="bbox 259 1741 1855 1817; baseline 0.006 -22"><span class='ocrx_word' id='word_1_114' title='bbox 259 1741 683 1817; x_wconf 73' lang='grc' dir='ltr'>ὑπερκειμένων</span> <span class='ocrx_word' id='word_1_115' title='bbox 726 1743 909 1798; x_wconf 86' lang='grc' dir='ltr'>τοίνυν</span> <span class='ocrx_word' id='word_1_116' title='bbox 946 1744 1046 1817; x_wconf 81' lang='grc' dir='ltr'>τὴν</span> <span class='ocrx_word' id='word_1_117' title='bbox 1103 1746 1295 1801; x_wconf 82' lang='grc' dir='ltr'>οὐσίαν</span> <span class='ocrx_word' id='word_1_118' title='bbox 1352 1748 1599 1813; x_wconf 81' lang='grc' dir='ltr'>σιωπῶν,</span> <span class='ocrx_word' id='word_1_119' title='bbox 1651 1750 1729 1814; x_wconf 81' lang='grc' dir='ltr'>ὡς</span> <span class='ocrx_word' id='word_1_120' title='bbox 1784 1750 1855 1805; x_wconf 78' lang='grc' dir='ltr'>ἂν</span> 
     </span>
    </p>
   </div>
   <div class='ocr_carea' id='block_1_16' title="bbox 252 1828 1853 1914">
    <p class='ocr_par' dir='ltr' id='par_1_16' title="bbox 252 1828 1853 1914">
     <span class='ocr_line' id='line_1_16' title="bbox 252 1828 1853 1914; baseline 0.009 -31"><span class='ocrx_word' id='word_1_121' title='bbox 252 1828 495 1899; x_wconf 68' lang='grc' dir='ltr'>ἐφικτόν</span> <span class='ocrx_word' id='word_1_122' title='bbox 520 1848 645 1900; x_wconf 86' lang='grc' dir='ltr'>μοι,</span> <span class='ocrx_word' id='word_1_123' title='bbox 676 1830 773 1885; x_wconf 76' lang='grc' dir='ltr'>τοῦ</span> <span class='ocrx_word' id='word_1_124' title='bbox 827 1834 1111 1905; x_wconf 74' lang='grc' dir='ltr'>ὁρωμένου</span> <span class='ocrx_word' id='word_1_125' title='bbox 1156 1836 1258 1908; x_wconf 75' lang='grc' dir='ltr'>τὴν</span> <span class='ocrx_word' id='word_1_126' title='bbox 1308 1838 1473 1908; x_wconf 76' lang='grc' dir='ltr'>φύσιν</span> <span class='ocrx_word' id='word_1_127' title='bbox 1515 1839 1853 1914; x_wconf 80' lang='grc' dir='ltr'>κρύσταλλον</span> 
     </span>
    </p>
   </div>
   <div class='ocr_carea' id='block_1_17' title="bbox 255 1919 1852 2004">
    <p class='ocr_par' dir='ltr' id='par_1_17' title="bbox 255 1919 1852 2004">
     <span class='ocr_line' id='line_1_17' title="bbox 255 1919 1852 2004; baseline 0.008 -30"><span class='ocrx_word' id='word_1_128' title='bbox 255 1919 530 1993; x_wconf 78' lang='grc' dir='ltr'>ὑπάρχειν</span> <span class='ocrx_word' id='word_1_129' title='bbox 558 1922 725 1994; x_wconf 79' lang='grc' dir='ltr'>φημὶ,</span> <span class='ocrx_word' id='word_1_130' title='bbox 746 1922 879 1994; x_wconf 83' lang='grc' dir='ltr'>θείῳ</span> <span class='ocrx_word' id='word_1_131' title='bbox 908 1925 1297 1997; x_wconf 77' lang='grc' dir='ltr'><strong>προστάγματι</strong></span> <span class='ocrx_word' id='word_1_132' title='bbox 1318 1928 1615 1999; x_wconf 78' lang='grc' dir='ltr'>παγὲν¹καὶ</span> <span class='ocrx_word' id='word_1_133' title='bbox 1645 1931 1852 2004; x_wconf 79' lang='grc' dir='ltr'>ῥωννύ-</span> 
     </span>
    </p>
   </div>
   <div class='ocr_carea' id='block_1_18' title="bbox 258 2013 1852 2097">
    <p class='ocr_par' dir='ltr' id='par_1_18' title="bbox 258 2013 1852 2097">
     <span class='ocr_line' id='line_1_18' title="bbox 258 2013 1852 2097; baseline 0.008 -31"><span class='ocrx_word' id='word_1_134' title='bbox 258 2029 424 2083; x_wconf 78' lang='grc' dir='ltr'>μενον</span> <span class='ocrx_word' id='word_1_135' title='bbox 446 2013 639 2086; x_wconf 70' lang='grc' dir='ltr'>φέρειν</span> <span class='ocrx_word' id='word_1_136' title='bbox 652 2013 724 2068; x_wconf 84' lang='grc' dir='ltr'>τὰ</span> <span class='ocrx_word' id='word_1_137' title='bbox 748 2014 1114 2088; x_wconf 81' lang='grc' dir='ltr'>ὑπερκόσμια,</span> <span class='ocrx_word' id='word_1_138' title='bbox 1130 2019 1463 2093; x_wconf 84' lang='grc' dir='ltr'>κουφότερον</span> <span class='ocrx_word' id='word_1_139' title='bbox 1489 2021 1606 2097; x_wconf 72' lang='lat'><strong>(22)</strong></span> <span class='ocrx_word' id='word_1_140' title='bbox 1632 2023 1727 2077; x_wconf 81' lang='grc' dir='ltr'><strong>καὶ</strong></span> <span class='ocrx_word' id='word_1_141' title='bbox 1746 2022 1852 2089; x_wconf 74' lang='grc' dir='ltr'><strong>ἔξω</strong></span> 
     </span>
    </p>
   </div>
   <div class='ocr_carea' id='block_1_19' title="bbox 254 2106 1852 2189">
    <p class='ocr_par' dir='ltr' id='par_1_19' title="bbox 254 2106 1852 2189">
     <span class='ocr_line' id='line_1_19' title="bbox 254 2106 1852 2189; baseline 0.007 -30"><span class='ocrx_word' id='word_1_142' title='bbox 254 2106 359 2177; x_wconf 80' lang='grc' dir='ltr'>τῆς</span> <span class='ocrx_word' id='word_1_143' title='bbox 376 2107 657 2179; x_wconf 71' lang='grc' dir='ltr'>ἡμετέρας</span> <span class='ocrx_word' id='word_1_144' title='bbox 685 2107 816 2162; x_wconf 73' lang='grc' dir='ltr'>ὄντα</span> <span class='ocrx_word' id='word_1_145' title='bbox 844 2109 1175 2182; x_wconf 81' lang='grc' dir='ltr'>παχύτητος,</span> <span class='ocrx_word' id='word_1_146' title='bbox 1211 2114 1636 2186; x_wconf 68' lang='grc' dir='ltr'>ἀμφοτέρουςδὲ</span> <span class='ocrx_word' id='word_1_147' title='bbox 1661 2117 1852 2189; x_wconf 75' lang='grc' dir='ltr'>ἀνὲχεο</span> 
     </span>
    </p>
   </div>
   <div class='ocr_carea' id='block_1_20' title="bbox 255 2196 1853 2279">
    <p class='ocr_par' dir='ltr' id='par_1_20' title="bbox 255 2196 1853 2279">
     <span class='ocr_line' id='line_1_20' title="bbox 255 2196 1853 2279; baseline 0.006 -27"><span class='ocrx_word' id='word_1_148' title='bbox 255 2196 384 2253; x_wconf 90' lang='grc' dir='ltr'>σθαι</span> <span class='ocrx_word' id='word_1_149' title='bbox 402 2197 514 2253; x_wconf 75' lang='grc' dir='ltr'><strong>ὑπὸ</strong></span> <span class='ocrx_word' id='word_1_150' title='bbox 532 2198 636 2271; x_wconf 81' lang='grc' dir='ltr'>τῆς</span> <span class='ocrx_word' id='word_1_151' title='bbox 659 2199 841 2255; x_wconf 78' lang='grc' dir='ltr'>πάντα</span> <span class='ocrx_word' id='word_1_152' title='bbox 864 2201 1265 2275; x_wconf 78' lang='grc' dir='ltr'>διακρατούσης</span> <span class='ocrx_word' id='word_1_153' title='bbox 1289 2203 1386 2259; x_wconf 72' lang='grc' dir='ltr'><strong>καὶ</strong></span> <span class='ocrx_word' id='word_1_154' title='bbox 1408 2205 1684 2279; x_wconf 78' lang='grc' dir='ltr'><strong>φερούσης</strong></span> <span class='ocrx_word' id='word_1_155' title='bbox 1698 2206 1853 2273; x_wconf 80' lang='grc' dir='ltr'>θείας</span> 
     </span>
    </p>
   </div>
   <div class='ocr_carea' id='block_1_21' title="bbox 251 2291 565 2364">
    <p class='ocr_par' dir='ltr' id='par_1_21' title="bbox 251 2291 565 2364">
     <span class='ocr_line' id='line_1_21' title="bbox 251 2291 565 2364; baseline 0.003 -18"><span class='ocrx_word' id='word_1_156' title='bbox 251 2291 565 2364; x_wconf 81' lang='grc' dir='ltr'>δυνάμεως.</span> 
     </span>
    </p>
   </div>
   <div class='ocr_carea' id='block_1_22' title="bbox 850 2383 1258 2442">
    <p class='ocr_par' dir='ltr' id='par_1_22' title="bbox 850 2383 1258 2442">
     <span class='ocr_line' id='line_1_22' title="bbox 850 2383 1258 2442; baseline 0.012 -5"><span class='ocrx_word' id='word_1_157' title='bbox 850 2384 1104 2439; x_wconf 83' lang='grc' dir='ltr'><strong>ΠΕΥΣὶΣ</strong></span> <span class='ocrx_word' id='word_1_158' title='bbox 1138 2383 1258 2442; x_wconf 83' lang='grc' dir='ltr'>ΞΖ’.</span> 
     </span>
    </p>
   </div>
   <div class='ocr_carea' id='block_1_23' title="bbox 327 2472 1850 2547">
    <p class='ocr_par' dir='ltr' id='par_1_23' title="bbox 327 2472 1850 2547">
     <span class='ocr_line' id='line_1_23' title="bbox 327 2472 1850 2547; baseline 0.007 -21"><span class='ocrx_word' id='word_1_159' title='bbox 327 2472 440 2527; x_wconf 79' lang='grc' dir='ltr'><strong>Καὶ</strong></span> <span class='ocrx_word' id='word_1_160' title='bbox 468 2472 589 2537; x_wconf 82' lang='grc' dir='ltr'><strong>πῶς</strong></span> <span class='ocrx_word' id='word_1_161' title='bbox 616 2472 841 2528; x_wconf 85' lang='grc' dir='ltr'>δύναται</span> <span class='ocrx_word' id='word_1_162' title='bbox 890 2474 1229 2545; x_wconf 82' lang='grc' dir='ltr'>κρύσταλλον</span> <span class='ocrx_word' id='word_1_163' title='bbox 1268 2475 1563 2547; x_wconf 76' lang='grc' dir='ltr'><strong>βαστάζειν</strong></span> <span class='ocrx_word' id='word_1_164' title='bbox 1602 2480 1699 2536; x_wconf 75' lang='grc' dir='ltr'><strong>καὶ</strong></span> <span class='ocrx_word' id='word_1_165' title='bbox 1731 2481 1850 2538; x_wconf 84' lang='grc' dir='ltr'>δια-</span> 
     </span>
    </p>
   </div>
   <div class='ocr_carea' id='block_1_24' title="bbox 252 2560 1599 2642">
    <p class='ocr_par' dir='ltr' id='par_1_24' title="bbox 252 2560 1599 2642">
     <span class='ocr_line' id='line_1_24' title="bbox 252 2560 1599 2642; baseline 0.007 -27"><span class='ocrx_word' id='word_1_166' title='bbox 252 2560 516 2635; x_wconf 79' lang='grc' dir='ltr'>χωρίζειν</span> <span class='ocrx_word' id='word_1_167' title='bbox 541 2561 604 2617; x_wconf 75' lang='grc' dir='ltr'><strong>τὸ</strong></span> <span class='ocrx_word' id='word_1_168' title='bbox 635 2561 772 2617; x_wconf 79' lang='grc' dir='ltr'>πολὺ</span> <span class='ocrx_word' id='word_1_169' title='bbox 806 2562 903 2617; x_wconf 69' lang='grc' dir='ltr'><strong>καὶ</strong></span> <span class='ocrx_word' id='word_1_170' title='bbox 944 2563 1177 2636; x_wconf 77' lang='grc' dir='ltr'>ἄπειρον</span> <span class='ocrx_word' id='word_1_171' title='bbox 1207 2567 1384 2621; x_wconf 71' lang='grc' dir='ltr'>ἐκεῖνο</span> <span class='ocrx_word' id='word_1_172' title='bbox 1415 2566 1599 2642; x_wconf 74' lang='grc' dir='ltr'>θδωρς</span> 
     </span>
    </p>
   </div>
   <div class='ocr_carea' id='block_1_25' title="bbox 886 2654 1245 2724">
    <p class='ocr_par' dir='ltr' id='par_1_25' title="bbox 886 2654 1245 2724">
     <span class='ocr_line' id='line_1_25' title="bbox 886 2654 1245 2724; baseline 0.006 -15"><span class='ocrx_word' id='word_1_173' title='bbox 886 2654 1245 2724; x_wconf 76' lang='grc' dir='ltr'><strong>Ἀπόκρισις.</strong></span> 
     </span>
    </p>
   </div>
   <div class='ocr_carea' id='block_1_26' title="bbox 326 2742 1849 2821">
    <p class='ocr_par' dir='ltr' id='par_1_26' title="bbox 326 2742 1849 2821">
     <span class='ocr_line' id='line_1_26' title="bbox 326 2742 1849 2821; baseline 0.007 -22"><span class='ocrx_word' id='word_1_174' title='bbox 326 2742 520 2799; x_wconf 87' lang='grc' dir='ltr'>Πίστει</span> <span class='ocrx_word' id='word_1_175' title='bbox 545 2743 911 2815; x_wconf 81' lang='grc' dir='ltr'>κρατύνεσθαι</span> <span class='ocrx_word' id='word_1_176' title='bbox 943 2745 1011 2800; x_wconf 88' lang='grc' dir='ltr'><strong>τά</strong></span> <span class='ocrx_word' id='word_1_177' title='bbox 1038 2747 1385 2818; x_wconf 84' lang='grc' dir='ltr'>Χριστιανῶν</span> <span class='ocrx_word' id='word_1_178' title='bbox 1409 2750 1689 2821; x_wconf 58' lang='grc' dir='ltr'>πέφυκεν</span> <span class='ocrx_word' id='word_1_179' title='bbox 1712 2753 1849 2809; x_wconf 73' lang='grc' dir='ltr'>ὅπου</span> 
     </span>
    </p>
   </div>
   <div class='ocr_carea' id='block_1_27' title="bbox 254 2837 1852 2915">
    <p class='ocr_par' dir='ltr' id='par_1_27' title="bbox 254 2837 1852 2915">
     <span class='ocr_line' id='line_1_27' title="bbox 254 2837 1852 2915; baseline 0.006 -24"><span class='ocrx_word' id='word_1_180' title='bbox 254 2837 369 2907; x_wconf 76' lang='grc' dir='ltr'><strong>γάρ</strong></span> <span class='ocrx_word' id='word_1_181' title='bbox 424 2837 563 2901; x_wconf 83' lang='grc' dir='ltr'><strong>Θεὸς</strong></span> <span class='ocrx_word' id='word_1_182' title='bbox 596 2837 884 2907; x_wconf 81' lang='grc' dir='ltr'>βούλεται,</span> <span class='ocrx_word' id='word_1_183' title='bbox 915 2840 1148 2909; x_wconf 77' lang='grc' dir='ltr'>ἡττᾶται</span> <span class='ocrx_word' id='word_1_184' title='bbox 1190 2840 1225 2912; x_wconf 80' lang='grc' dir='ltr'><strong>ἡ</strong></span> <span class='ocrx_word' id='word_1_185' title='bbox 1267 2838 1430 2911; x_wconf 84' lang='grc' dir='ltr'>φύσις</span> <span class='ocrx_word' id='word_1_186' title='bbox 1485 2844 1635 2915; x_wconf 84' lang='grc' dir='ltr'>παρὰ</span> <span class='ocrx_word' id='word_1_187' title='bbox 1689 2844 1852 2915; x_wconf 80' lang='grc' dir='ltr'>φύσιν</span> 
     </span>
    </p>
   </div>
   <div class='ocr_carea' id='block_1_28' title="bbox 253 2928 1851 3006">
    <p class='ocr_par' dir='ltr' id='par_1_28' title="bbox 253 2928 1851 3006">
     <span class='ocr_line' id='line_1_28' title="bbox 253 2928 1851 3006; baseline 0.006 -24"><span class='ocrx_word' id='word_1_188' title='bbox 253 2928 607 2985; x_wconf 71' lang='grc' dir='ltr'>δουλεύουσα.</span> <span class='ocrx_word' id='word_1_189' title='bbox 646 2929 835 2994; x_wconf 78' lang='grc' dir='ltr'>Οὕτως</span> <span class='ocrx_word' id='word_1_190' title='bbox 850 2930 913 2984; x_wconf 84' lang='grc' dir='ltr'>τὸ</span> <span class='ocrx_word' id='word_1_191' title='bbox 954 2930 1098 3001; x_wconf 71' lang='grc' dir='ltr'>ὕδωρ</span> <span class='ocrx_word' id='word_1_192' title='bbox 1129 2934 1211 2997; x_wconf 86' lang='grc' dir='ltr'><strong>εἰς</strong></span> <span class='ocrx_word' id='word_1_193' title='bbox 1242 2928 1385 2988; x_wconf 71' lang='grc' dir='ltr'>οἶνον</span> <span class='ocrx_word' id='word_1_194' title='bbox 1415 2933 1737 3006; x_wconf 83' lang='grc' dir='ltr'>μεθίσταται</span> <span class='ocrx_word' id='word_1_195' title='bbox 1791 2938 1851 2991; x_wconf 78' lang='grc' dir='ltr'>ὲν</span> 
     </span>
    </p>
   </div>
   <div class='ocr_carea' id='block_1_29' title="bbox 257 3020 1851 3097">
    <p class='ocr_par' dir='ltr' id='par_1_29' title="bbox 257 3020 1851 3097">
     <span class='ocr_line' id='line_1_29' title="bbox 257 3020 1851 3097; baseline 0.005 -24"><span class='ocrx_word' id='word_1_196' title='bbox 257 3021 415 3090; x_wconf 78' lang='grc' dir='ltr'>Κανᾷ</span> <span class='ocrx_word' id='word_1_197' title='bbox 462 3023 563 3092; x_wconf 77' lang='grc' dir='ltr'>τῆς</span> <span class='ocrx_word' id='word_1_198' title='bbox 600 3020 890 3093; x_wconf 64' lang='grc' dir='ltr'>Γαᾉιλαίας</span> <span class='ocrx_word' id='word_1_199' title='bbox 926 3038 941 3053; x_wconf 77' lang='grc' dir='ltr'><strong>ο</strong></span> <span class='ocrx_word' id='word_1_200' title='bbox 972 3020 1116 3076; x_wconf 76' lang='grc' dir='ltr'>οὕτω</span> <span class='ocrx_word' id='word_1_201' title='bbox 1164 3025 1222 3078; x_wconf 78' lang='grc' dir='ltr'>ὲν</span> <span class='ocrx_word' id='word_1_202' title='bbox 1271 3025 1538 3097; x_wconf 82' lang='grc' dir='ltr'>Δίγύπτῳ</span> <span class='ocrx_word' id='word_1_203' title='bbox 1580 3027 1610 3080; x_wconf 85' lang='grc' dir='ltr'><strong>δ</strong></span> <span class='ocrx_word' id='word_1_204' title='bbox 1655 3027 1851 3093; x_wconf 79' lang='grc' dir='ltr'>Νεῖλος</span> 
     </span>
    </p>
   </div>
   <div class='ocr_carea' id='block_1_30' title="bbox 256 3110 1849 3189">
    <p class='ocr_par' dir='ltr' id='par_1_30' title="bbox 256 3110 1849 3189">
     <span class='ocr_line' id='line_1_30' title="bbox 256 3110 1849 3189; baseline 0.004 -24"><span class='ocrx_word' id='word_1_205' title='bbox 256 3113 589 3179; x_wconf 77' lang='grc' dir='ltr'>φοινίττεται</span> <span class='ocrx_word' id='word_1_206' title='bbox 609 3129 624 3143; x_wconf 89' lang='grc'><strong>·</strong></span> <span class='ocrx_word' id='word_1_207' title='bbox 654 3110 799 3167; x_wconf 72' lang='grc' dir='ltr'>οὕτω</span> <span class='ocrx_word' id='word_1_208' title='bbox 817 3114 969 3183; x_wconf 84' lang='grc' dir='ltr'><strong>παρά</strong></span> <span class='ocrx_word' id='word_1_209' title='bbox 987 3112 1152 3182; x_wconf 74' lang='grc' dir='ltr'>φύσιν</span> <span class='ocrx_word' id='word_1_210' title='bbox 1181 3114 1564 3189; x_wconf 84' lang='grc' dir='ltr'>διαχερσοῦται</span> <span class='ocrx_word' id='word_1_211' title='bbox 1593 3116 1654 3171; x_wconf 83' lang='grc' dir='ltr'>τὸ</span> <span class='ocrx_word' id='word_1_212' title='bbox 1693 3117 1849 3189; x_wconf 84' lang='grc' dir='ltr'>Ἐρυ-</span> 
     </span>
    </p>
   </div>
   <div class='ocr_carea' id='block_1_31' title="bbox 255 3202 1853 3280">
    <p class='ocr_par' dir='ltr' id='par_1_31' title="bbox 255 3202 1853 3280">
     <span class='ocr_line' id='line_1_31' title="bbox 255 3202 1853 3280; baseline 0.006 -26"><span class='ocrx_word' id='word_1_213' title='bbox 255 3202 448 3274; x_wconf 71' lang='grc' dir='ltr'>θραῖον</span> <span class='ocrx_word' id='word_1_214' title='bbox 472 3202 731 3270; x_wconf 85' lang='grc' dir='ltr'>πέλαγος,</span> <span class='ocrx_word' id='word_1_215' title='bbox 746 3203 978 3274; x_wconf 81' lang='grc' dir='ltr'>τειχέων</span> <span class='ocrx_word' id='word_1_216' title='bbox 1003 3204 1163 3274; x_wconf 84' lang='grc' dir='ltr'>δίκην</span> <span class='ocrx_word' id='word_1_217' title='bbox 1189 3206 1299 3261; x_wconf 84' lang='grc' dir='ltr'>τῶν</span> <span class='ocrx_word' id='word_1_218' title='bbox 1318 3207 1604 3278; x_wconf 82' lang='grc' dir='ltr'>ήμιτόμων</span> <span class='ocrx_word' id='word_1_219' title='bbox 1641 3225 1853 3280; x_wconf 82' lang='grc' dir='ltr'>πηγνυ-</span> 
     </span>
    </p>
   </div>
   <div class='ocr_carea' id='block_1_32' title="bbox 263 3294 1856 3374">
    <p class='ocr_par' dir='ltr' id='par_1_32' title="bbox 263 3294 1856 3374">
     <span class='ocr_line' id='line_1_32' title="bbox 263 3294 1856 3374; baseline 0.007 -26"><span class='ocrx_word' id='word_1_220' title='bbox 263 3294 441 3364; x_wconf 67' lang='grc' dir='ltr'>μένων</span> <span class='ocrx_word' id='word_1_221' title='bbox 464 3294 561 3348; x_wconf 81' lang='grc' dir='ltr'>τοῦ</span> <span class='ocrx_word' id='word_1_222' title='bbox 589 3294 812 3363; x_wconf 71' lang='grc' dir='ltr'>ὕδατος,</span> <span class='ocrx_word' id='word_1_223' title='bbox 859 3297 955 3350; x_wconf 77' lang='grc' dir='ltr'><strong>καὶ</strong></span> <span class='ocrx_word' id='word_1_224' title='bbox 997 3298 1055 3352; x_wconf 76' lang='grc' dir='ltr'>ὲν</span> <span class='ocrx_word' id='word_1_225' title='bbox 1097 3298 1249 3371; x_wconf 77' lang='grc' dir='ltr'><strong>ξηρῷ</strong></span> <span class='ocrx_word' id='word_1_226' title='bbox 1291 3299 1527 3371; x_wconf 79' lang='grc' dir='ltr'>πυθμένι</span> <span class='ocrx_word' id='word_1_227' title='bbox 1568 3301 1789 3374; x_wconf 74' lang='grc' dir='ltr'>ἀϐρόχῳ</span> <span class='ocrx_word' id='word_1_228' title='bbox 1826 3305 1856 3359; x_wconf 82' lang='grc' dir='ltr'><strong>δ</strong></span> 
     </span>
    </p>
   </div>
   <div class='ocr_carea' id='block_1_33' title="bbox 256 3384 1853 3469">
    <p class='ocr_par' dir='ltr' id='par_1_33' title="bbox 256 3384 1853 3469">
     <span class='ocr_line' id='line_1_33' title="bbox 256 3384 1853 3469; baseline 0.007 -31"><span class='ocrx_word' id='word_1_229' title='bbox 256 3384 386 3449; x_wconf 75' lang='grc' dir='ltr'>λαὸς</span> <span class='ocrx_word' id='word_1_230' title='bbox 410 3386 700 3442; x_wconf 77' lang='grc' dir='ltr'>διαϐαίνει.</span> <span class='ocrx_word' id='word_1_231' title='bbox 737 3388 923 3444; x_wconf 83' lang='grc' dir='ltr'>Ἔστω</span> <span class='ocrx_word' id='word_1_232' title='bbox 954 3390 1012 3444; x_wconf 80' lang='grc' dir='ltr'>δέ</span> <span class='ocrx_word' id='word_1_233' title='bbox 1058 3407 1141 3445; x_wconf 88' lang='grc' dir='ltr'><strong>σοι</strong></span> <span class='ocrx_word' id='word_1_234' title='bbox 1167 3392 1267 3463; x_wconf 85' lang='grc' dir='ltr'>τῆς</span> <span class='ocrx_word' id='word_1_235' title='bbox 1292 3392 1553 3459; x_wconf 81' lang='grc' dir='ltr'>ἀπιστίας</span> <span class='ocrx_word' id='word_1_236' title='bbox 1578 3412 1853 3469; x_wconf 82' lang='grc' dir='ltr'>σωφρονι-</span> 
     </span>
    </p>
   </div>
   <div class='ocr_carea' id='block_1_34' title="bbox 255 3476 1852 3559">
    <p class='ocr_par' dir='ltr' id='par_1_34' title="bbox 255 3476 1852 3559">
     <span class='ocr_line' id='line_1_34' title="bbox 255 3476 1852 3559; baseline 0.007 -28"><span class='ocrx_word' id='word_1_237' title='bbox 255 3476 395 3549; x_wconf 80' lang='grc' dir='ltr'>σμὺς</span> <span class='ocrx_word' id='word_1_238' title='bbox 424 3479 457 3532; x_wconf 81' lang='grc' dir='ltr'>ὁ</span> <span class='ocrx_word' id='word_1_239' title='bbox 501 3479 801 3551; x_wconf 82' lang='grc' dir='ltr'>θεοστυγὴς</span> <span class='ocrx_word' id='word_1_240' title='bbox 831 3481 1032 3554; x_wconf 76' lang='grc' dir='ltr'>Φαραὼ</span> <span class='ocrx_word' id='word_1_241' title='bbox 1059 3483 1442 3555; x_wconf 80' lang='grc' dir='ltr'>ποντούμενος.</span> <span class='ocrx_word' id='word_1_242' title='bbox 1480 3485 1537 3540; x_wconf 88' lang='grc'><strong>’0</strong></span> <span class='ocrx_word' id='word_1_243' title='bbox 1565 3485 1676 3559; x_wconf 84' lang='grc' dir='ltr'><strong>γὰρ</strong></span> <span class='ocrx_word' id='word_1_244' title='bbox 1703 3489 1852 3543; x_wconf 69' lang='grc' dir='ltr'>ἑκεί-</span> 
     </span>
    </p>
   </div>
   <div class='ocr_carea' id='block_1_35' title="bbox 255 3573 1853 3649">
    <p class='ocr_par' dir='ltr' id='par_1_35' title="bbox 255 3573 1853 3649">
     <span class='ocr_line' id='line_1_35' title="bbox 255 3573 1853 3649; baseline 0.006 -23"><span class='ocrx_word' id='word_1_245' title='bbox 255 3588 347 3626; x_wconf 81' lang='grc' dir='ltr'><strong>νον</strong></span> <span class='ocrx_word' id='word_1_246' title='bbox 374 3573 437 3625; x_wconf 79' lang='grc' dir='ltr'>ὲν</span> <span class='ocrx_word' id='word_1_247' title='bbox 474 3575 541 3643; x_wconf 78' lang='grc' dir='ltr'>τῇ</span> <span class='ocrx_word' id='word_1_248' title='bbox 582 3573 719 3645; x_wconf 71' lang='grc' dir='ltr'>αὐτῇ</span> <span class='ocrx_word' id='word_1_249' title='bbox 765 3574 1013 3629; x_wconf 71' lang='grc' dir='ltr'>διαϐάσει</span> <span class='ocrx_word' id='word_1_250' title='bbox 1056 3575 1392 3647; x_wconf 82' lang='grc' dir='ltr'>ύποδρύχιον</span> <span class='ocrx_word' id='word_1_251' title='bbox 1424 3578 1711 3649; x_wconf 82' lang='grc' dir='ltr'>συγχώσας</span> <span class='ocrx_word' id='word_1_252' title='bbox 1738 3583 1853 3647; x_wconf 82' lang='grc' dir='ltr'>τοῖς</span> 
     </span>
    </p>
   </div>
   <div class='ocr_carea' id='block_1_36' title="bbox 253 3662 1853 3741">
    <p class='ocr_par' dir='ltr' id='par_1_36' title="bbox 253 3662 1853 3741">
     <span class='ocr_line' id='line_1_36' title="bbox 253 3662 1853 3741; baseline 0.004 -22"><span class='ocrx_word' id='word_1_253' title='bbox 253 3662 490 3735; x_wconf 73' lang='grc' dir='ltr'>κύμασι,</span> <span class='ocrx_word' id='word_1_254' title='bbox 523 3664 691 3718; x_wconf 83' lang='grc' dir='ltr'>πάλαι</span> <span class='ocrx_word' id='word_1_255' title='bbox 730 3666 830 3736; x_wconf 81' lang='grc' dir='ltr'>μὲν</span> <span class='ocrx_word' id='word_1_256' title='bbox 874 3666 968 3721; x_wconf 87' lang='grc' dir='ltr'>τὸν</span> <span class='ocrx_word' id='word_1_257' title='bbox 996 3667 1225 3738; x_wconf 77' lang='grc' dir='ltr'>οὐρανὸν</span> <span class='ocrx_word' id='word_1_258' title='bbox 1257 3662 1348 3722; x_wconf 74' lang='grc' dir='ltr'>οἷα</span> <span class='ocrx_word' id='word_1_259' title='bbox 1383 3668 1568 3741; x_wconf 75' lang='grc' dir='ltr'>δέρριν</span> <span class='ocrx_word' id='word_1_260' title='bbox 1596 3672 1721 3725; x_wconf 89' lang='grc' dir='ltr'><strong>τινά</strong></span> <span class='ocrx_word' id='word_1_261' title='bbox 1764 3672 1853 3739; x_wconf 80' lang='grc' dir='ltr'><strong>ἑξ-</strong></span> 
     </span>
    </p>
   </div>
   <div class='ocr_carea' id='block_1_37' title="bbox 254 3752 1851 3827">
    <p class='ocr_par' dir='ltr' id='par_1_37' title="bbox 254 3752 1851 3827">
     <span class='ocr_line' id='line_1_37' title="bbox 254 3752 1851 3827; baseline 0.005 -20"><span class='ocrx_word' id='word_1_262' title='bbox 254 3752 466 3819; x_wconf 79' lang='grc' dir='ltr'>ετίναξε</span> <span class='ocrx_word' id='word_1_263' title='bbox 488 3795 502 3819; x_wconf 89' lang='grc'><strong>,</strong></span> <span class='ocrx_word' id='word_1_264' title='bbox 532 3756 601 3824; x_wconf 82' lang='grc' dir='ltr'>τῇ</span> <span class='ocrx_word' id='word_1_265' title='bbox 646 3754 745 3825; x_wconf 82' lang='grc' dir='ltr'>μὲν</span> <span class='ocrx_word' id='word_1_266' title='bbox 777 3754 958 3827; x_wconf 83' lang='grc' dir='ltr'>χέρσῳ</span> <span class='ocrx_word' id='word_1_267' title='bbox 991 3754 1376 3824; x_wconf 79' lang='grc' dir='ltr'>ἑπικυρτώσας</span> <span class='ocrx_word' id='word_1_268' title='bbox 1422 3757 1618 3822; x_wconf 85' lang='grc' dir='ltr'>αὐτὸν,</span> <span class='ocrx_word' id='word_1_269' title='bbox 1654 3760 1747 3813; x_wconf 77' lang='grc' dir='ltr'><strong>ἐπὶ</strong></span> <span class='ocrx_word' id='word_1_270' title='bbox 1793 3760 1851 3815; x_wconf 81' lang='grc' dir='ltr'>δὲ</span> 
     </span>
    </p>
   </div>
   <div class='ocr_carea' id='block_1_38' title="bbox 253 3845 1849 3919">
    <p class='ocr_par' dir='ltr' id='par_1_38' title="bbox 253 3845 1849 3919">
     <span class='ocr_line' id='line_1_38' title="bbox 253 3845 1849 3919; baseline 0.003 -17"><span class='ocrx_word' id='word_1_271' title='bbox 253 3845 355 3917; x_wconf 81' lang='grc' dir='ltr'><strong>τῆς</strong></span> <span class='ocrx_word' id='word_1_272' title='bbox 389 3846 632 3903; x_wconf 72' lang='grc' dir='ltr'>ἀϐύσσου</span> <span class='ocrx_word' id='word_1_273' title='bbox 683 3846 1026 3918; x_wconf 82' lang='grc' dir='ltr'>θεμελιώσας</span> <span class='ocrx_word' id='word_1_274' title='bbox 1070 3850 1184 3911; x_wconf 84' lang='grc' dir='ltr'>τοῖς</span> <span class='ocrx_word' id='word_1_275' title='bbox 1217 3847 1463 3919; x_wconf 81' lang='grc' dir='ltr'>κύμασι,</span> <span class='ocrx_word' id='word_1_276' title='bbox 1496 3849 1678 3916; x_wconf 85' lang='grc' dir='ltr'>καθὼς</span> <span class='ocrx_word' id='word_1_277' title='bbox 1721 3870 1849 3906; x_wconf 86' lang='grc' dir='ltr'>παι-</span> 
     </span>
    </p>
   </div>
   <div class='ocr_carea' id='block_1_39' title="bbox 252 3935 1850 4009">
    <p class='ocr_par' dir='ltr' id='par_1_39' title="bbox 252 3935 1850 4009">
     <span class='ocr_line' id='line_1_39' title="bbox 252 3935 1850 4009; baseline 0.006 -21"><span class='ocrx_word' id='word_1_278' title='bbox 252 3936 403 3994; x_wconf 80' lang='grc' dir='ltr'>δεύει</span> <span class='ocrx_word' id='word_1_279' title='bbox 436 3939 466 3990; x_wconf 87' lang='grc' dir='ltr'><strong>ὁ</strong></span> <span class='ocrx_word' id='word_1_280' title='bbox 487 3935 598 3990; x_wconf 87' lang='grc' dir='ltr'><strong>τῶν</strong></span> <span class='ocrx_word' id='word_1_281' title='bbox 629 3937 787 3992; x_wconf 83' lang='grc' dir='ltr'>θείων</span> <span class='ocrx_word' id='word_1_282' title='bbox 823 3936 1060 4008; x_wconf 81' lang='grc' dir='ltr'><strong>μελῳδὸς</strong></span> <span class='ocrx_word' id='word_1_283' title='bbox 1082 3937 1226 4009; x_wconf 78' lang='grc' dir='ltr'>ᾄδων</span> <span class='ocrx_word' id='word_1_284' title='bbox 1258 3954 1274 3970; x_wconf 76' lang='grc'><em>’</em></span> <span class='ocrx_word' id='word_1_285' title='bbox 1318 3941 1382 3992; x_wconf 93' lang='lat'><strong>&#39;0</strong></span> <span class='ocrx_word' id='word_1_286' title='bbox 1425 3940 1711 3995; x_wconf 80' lang='grc' dir='ltr'>ἐκτείνων</span> <span class='ocrx_word' id='word_1_287' title='bbox 1741 3943 1850 3999; x_wconf 80' lang='grc' dir='ltr'>τὸν</span> 
     </span>
    </p>
   </div>
   <div class='ocr_carea' id='block_1_40' title="bbox 250 4029 1851 4101">
    <p class='ocr_par' dir='ltr' id='par_1_40' title="bbox 250 4029 1851 4101">
     <span class='ocr_line' id='line_1_40' title="bbox 250 4029 1851 4101; baseline 0.006 -21"><span class='ocrx_word' id='word_1_288' title='bbox 250 4029 521 4098; x_wconf 75' lang='grc' dir='ltr'>οὐρανὸν</span> <span class='ocrx_word' id='word_1_289' title='bbox 568 4031 711 4084; x_wconf 75' lang='grc' dir='ltr'>ὡσεί</span> <span class='ocrx_word' id='word_1_290' title='bbox 765 4029 989 4099; x_wconf 78' lang='grc' dir='ltr'>δέρῤιν,</span> <span class='ocrx_word' id='word_1_291' title='bbox 1014 4032 1049 4084; x_wconf 81' lang='grc' dir='ltr'><strong>δ</strong></span> <span class='ocrx_word' id='word_1_292' title='bbox 1100 4029 1403 4101; x_wconf 60' lang='grc' dir='ltr'>στενάζων</span> <span class='ocrx_word' id='word_1_293' title='bbox 1442 4030 1514 4085; x_wconf 80' lang='grc' dir='ltr'>ἐν</span> <span class='ocrx_word' id='word_1_294' title='bbox 1558 4032 1743 4087; x_wconf 80' lang='grc' dir='ltr'>ὕδασι</span> <span class='ocrx_word' id='word_1_295' title='bbox 1776 4034 1851 4090; x_wconf 81' lang='grc' dir='ltr'>τὰ</span> 
     </span>
    </p>
   </div>
   <div class='ocr_carea' id='block_1_41' title="bbox 252 4114 1850 4195">
    <p class='ocr_par' dir='ltr' id='par_1_41' title="bbox 252 4114 1850 4195">
     <span class='ocr_line' id='line_1_41' title="bbox 252 4114 1850 4195; baseline 0.002 -19"><span class='ocrx_word' id='word_1_296' title='bbox 252 4119 497 4190; x_wconf 72' lang='grc' dir='ltr'>ὑπερῷα</span> <span class='ocrx_word' id='word_1_297' title='bbox 545 4120 753 4175; x_wconf 81' lang='grc' dir='ltr'>αὐτοῦ.</span> <span class='ocrx_word' id='word_1_298' title='bbox 792 4114 969 4174; x_wconf 81' lang='grc' dir='ltr'>Ἦκεν</span> <span class='ocrx_word' id='word_1_299' title='bbox 1016 4123 1150 4192; x_wconf 75' lang='grc' dir='ltr'>ἡμῖν</span> <span class='ocrx_word' id='word_1_300' title='bbox 1174 4160 1188 4186; x_wconf 88' lang='grc'><strong>,</strong></span> <span class='ocrx_word' id='word_1_301' title='bbox 1226 4122 1429 4194; x_wconf 77' lang='grc' dir='ltr'>φησὶν,</span> <span class='ocrx_word' id='word_1_302' title='bbox 1478 4124 1564 4178; x_wconf 73' lang='grc' dir='ltr'><strong>ἐπ’</strong></span> <span class='ocrx_word' id='word_1_303' title='bbox 1602 4124 1850 4195; x_wconf 78' lang='grc' dir='ltr'>ἐσχάτων</span> 
     </span>
    </p>
   </div>
   <div class='ocr_carea' id='block_1_42' title="bbox 254 4212 1848 4286">
    <p class='ocr_par' dir='ltr' id='par_1_42' title="bbox 254 4212 1848 4286">
     <span class='ocr_line' id='line_1_42' title="bbox 254 4212 1848 4286; baseline 0.005 -21"><span class='ocrx_word' id='word_1_304' title='bbox 254 4212 483 4284; x_wconf 74' lang='grc' dir='ltr'>ἡμερῶν</span> <span class='ocrx_word' id='word_1_305' title='bbox 528 4212 922 4286; x_wconf 83' lang='grc' dir='ltr'>σαρκοφορῶν,</span> <span class='ocrx_word' id='word_1_306' title='bbox 954 4214 1049 4267; x_wconf 79' lang='grc' dir='ltr'><strong>καὶ</strong></span> <span class='ocrx_word' id='word_1_307' title='bbox 1097 4212 1196 4283; x_wconf 78' lang='grc' dir='ltr'>τὴν</span> <span class='ocrx_word' id='word_1_308' title='bbox 1235 4213 1410 4286; x_wconf 82' lang='grc' dir='ltr'>ύγράν</span> <span class='ocrx_word' id='word_1_309' title='bbox 1465 4215 1563 4269; x_wconf 84' lang='grc' dir='ltr'><strong>καί</strong></span> <span class='ocrx_word' id='word_1_310' title='bbox 1613 4217 1848 4273; x_wconf 76' lang='grc' dir='ltr'>ἄστατον</span> 
     </span>
    </p>
   </div>
   <div class='ocr_carea' id='block_1_43' title="bbox 253 4304 1510 4378">
    <p class='ocr_par' dir='ltr' id='par_1_43' title="bbox 253 4304 1510 4378">
     <span class='ocr_line' id='line_1_43' title="bbox 253 4304 1510 4378; baseline 0.002 -19"><span class='ocrx_word' id='word_1_311' title='bbox 253 4304 530 4361; x_wconf 78' lang='grc' dir='ltr'>θάλατταν</span> <span class='ocrx_word' id='word_1_312' title='bbox 560 4305 811 4376; x_wconf 80' lang='grc' dir='ltr'>ἀνίκμοις</span> <span class='ocrx_word' id='word_1_313' title='bbox 843 4305 1000 4359; x_wconf 76' lang='grc' dir='ltr'>ποσὶν</span> <span class='ocrx_word' id='word_1_314' title='bbox 1027 4306 1510 4378; x_wconf 75' lang='grc' dir='ltr'>ἐπιπορευόμενος.</span> 
     </span>
    </p>
   </div>
   <div class='ocr_carea' id='block_1_44' title="bbox 843 4394 1253 4451">
    <p class='ocr_par' dir='ltr' id='par_1_44' title="bbox 843 4394 1253 4451">
     <span class='ocr_line' id='line_1_44' title="bbox 843 4394 1253 4451; baseline 0.005 -2"><span class='ocrx_word' id='word_1_315' title='bbox 843 4396 1094 4450; x_wconf 83' lang='grc' dir='ltr'><strong>ΠΕΥΣΙΣ</strong></span> <span class='ocrx_word' id='word_1_316' title='bbox 1124 4394 1253 4451; x_wconf 72' lang='lat' dir='ltr'><strong>EH’.</strong></span> 
     </span>
    </p>
   </div>
   <div class='ocr_carea' id='block_1_45' title="bbox 220 4485 1845 4560">
    <p class='ocr_par' dir='ltr' id='par_1_45' title="bbox 220 4485 1845 4560">
     <span class='ocr_line' id='line_1_45' title="bbox 220 4485 1845 4560; baseline 0.005 -25"><span class='ocrx_word' id='word_1_317' title='bbox 220 4532 229 4535; x_wconf 89' lang='lat'><strong>-</strong></span> <span class='ocrx_word' id='word_1_318' title='bbox 326 4486 444 4541; x_wconf 76' lang='lat' dir='ltr'><strong>Kal</strong></span> <span class='ocrx_word' id='word_1_319' title='bbox 468 4486 725 4558; x_wconf 82' lang='grc' dir='ltr'>ἀνωτέρω</span> <span class='ocrx_word' id='word_1_320' title='bbox 757 4486 859 4560; x_wconf 69' lang='grc' dir='ltr'><strong>ήδη</strong></span> <span class='ocrx_word' id='word_1_321' title='bbox 904 4485 1211 4557; x_wconf 74' lang='grc' dir='ltr'>ἐδεήθημεν</span> <span class='ocrx_word' id='word_1_322' title='bbox 1246 4504 1343 4541; x_wconf 89' lang='grc' dir='ltr'><strong>σου</strong></span> <span class='ocrx_word' id='word_1_323' title='bbox 1372 4489 1448 4560; x_wconf 82' lang='grc' dir='ltr'>μὴ</span> <span class='ocrx_word' id='word_1_324' title='bbox 1476 4487 1552 4553; x_wconf 84' lang='grc' dir='ltr'><strong>ὡς</strong></span> <span class='ocrx_word' id='word_1_325' title='bbox 1580 4490 1845 4553; x_wconf 79' lang='grc' dir='ltr'>ἀπίστους</span> 
     </span>
    </p>
   </div>
   <div class='ocr_carea' id='block_1_46' title="bbox 249 4575 1850 4650">
    <p class='ocr_par' dir='ltr' id='par_1_46' title="bbox 249 4575 1850 4650">
     <span class='ocr_line' id='line_1_46' title="bbox 249 4575 1850 4650; baseline 0.002 -21"><span class='ocrx_word' id='word_1_326' title='bbox 249 4578 408 4649; x_wconf 70' lang='grc' dir='ltr'>ἡμᾶς</span> <span class='ocrx_word' id='word_1_327' title='bbox 447 4579 598 4649; x_wconf 85' lang='grc' dir='ltr'>σχεῖν</span> <span class='ocrx_word' id='word_1_328' title='bbox 650 4577 995 4649; x_wconf 73' lang='grc' dir='ltr'>ἐρωτῶντας,</span> <span class='ocrx_word' id='word_1_329' title='bbox 1039 4575 1174 4631; x_wconf 87' lang='grc' dir='ltr'><strong>ἀλλά</strong></span> <span class='ocrx_word' id='word_1_330' title='bbox 1223 4580 1343 4644; x_wconf 86' lang='grc' dir='ltr'>ταῖς</span> <span class='ocrx_word' id='word_1_331' title='bbox 1370 4580 1596 4635; x_wconf 74' lang='grc' dir='ltr'>ἐκείνων</span> <span class='ocrx_word' id='word_1_332' title='bbox 1644 4582 1850 4650; x_wconf 79' lang='grc' dir='ltr'>φωναῖς</span> 
     </span>
    </p>
   </div>
   <div class='ocr_carea' id='block_1_47' title="bbox 254 4664 1368 4741">
    <p class='ocr_par' dir='ltr' id='par_1_47' title="bbox 254 4664 1368 4741">
     <span class='ocr_line' id='line_1_47' title="bbox 254 4664 1368 4741; baseline 0.003 -20"><span class='ocrx_word' id='word_1_333' title='bbox 254 4667 575 4741; x_wconf 78' lang='grc' dir='ltr'>χρωμένους</span> <span class='ocrx_word' id='word_1_334' title='bbox 613 4667 766 4739; x_wconf 74' lang='grc' dir='ltr'>παρὰ</span> <span class='ocrx_word' id='word_1_335' title='bbox 805 4664 901 4721; x_wconf 77' lang='grc' dir='ltr'>σοῦ</span> <span class='ocrx_word' id='word_1_336' title='bbox 942 4666 1368 4737; x_wconf 81' lang='grc' dir='ltr'>οἰκοδομεῖσθαι.</span> 
     </span>
    </p>
   </div>
   <div class='ocr_carea' id='block_1_48' title="bbox 876 4842 1243 4910">
    <p class='ocr_par' dir='ltr' id='par_1_48' title="bbox 876 4842 1243 4910">
     <span class='ocr_line' id='line_1_48' title="bbox 876 4842 1243 4910; baseline -0.003 -12"><span class='ocrx_word' id='word_1_337' title='bbox 876 4842 1243 4910; x_wconf 80' lang='grc' dir='ltr'>Ἀπόκρισις.</span> 
     </span>
    </p>
   </div>
   <div class='ocr_carea' id='block_1_49' title="bbox 328 4932 1849 5006">
    <p class='ocr_par' dir='ltr' id='par_1_49' title="bbox 328 4932 1849 5006">
     <span class='ocr_line' id='line_1_49' title="bbox 328 4932 1849 5006; baseline 0.003 -19"><span class='ocrx_word' id='word_1_338' title='bbox 328 4933 443 4987; x_wconf 79' lang='grc' dir='ltr'><strong>Καὶ</strong></span> <span class='ocrx_word' id='word_1_339' title='bbox 473 4932 621 5005; x_wconf 84' lang='grc' dir='ltr'>μάλα</span> <span class='ocrx_word' id='word_1_340' title='bbox 656 4932 883 4995; x_wconf 74' lang='grc' dir='ltr'>εἰκότως</span> <span class='ocrx_word' id='word_1_341' title='bbox 904 4932 1042 5000; x_wconf 80' lang='grc' dir='ltr'>ἀξιῶ</span> <span class='ocrx_word' id='word_1_342' title='bbox 1072 4932 1171 5004; x_wconf 81' lang='grc' dir='ltr'><strong>τὴν</strong></span> <span class='ocrx_word' id='word_1_343' title='bbox 1203 4933 1479 5006; x_wconf 78' lang='grc' dir='ltr'>ὑμετέραν</span> <span class='ocrx_word' id='word_1_344' title='bbox 1518 4934 1849 5005; x_wconf 75' lang='grc' dir='ltr'>ἀξιάγαστον</span> 
     </span>
    </p>
   </div>
   <div class='ocr_carea' id='block_1_50' title="bbox 252 5026 1852 5102">
    <p class='ocr_par' dir='ltr' id='par_1_50' title="bbox 252 5026 1852 5102">
     <span class='ocr_line' id='line_1_50' title="bbox 252 5026 1852 5102; baseline -0.001 -15"><span class='ocrx_word' id='word_1_345' title='bbox 252 5030 558 5102; x_wconf 80' lang='grc' dir='ltr'>ἀγχίνοιαν,</span> <span class='ocrx_word' id='word_1_346' title='bbox 594 5028 717 5100; x_wconf 84' lang='grc' dir='ltr'>μηδ’</span> <span class='ocrx_word' id='word_1_347' title='bbox 757 5029 895 5092; x_wconf 80' lang='grc' dir='ltr'>ὅλως</span> <span class='ocrx_word' id='word_1_348' title='bbox 946 5026 1269 5091; x_wconf 72' lang='grc' dir='ltr'>ὲπισκάζειν</span> <span class='ocrx_word' id='word_1_349' title='bbox 1298 5028 1330 5099; x_wconf 82' lang='grc' dir='ltr'>ἢ</span> <span class='ocrx_word' id='word_1_350' title='bbox 1363 5028 1628 5099; x_wconf 84' lang='grc' dir='ltr'>χωλεύειν</span> <span class='ocrx_word' id='word_1_351' title='bbox 1653 5032 1722 5102; x_wconf 77' lang='grc' dir='ltr'><strong>τῇ</strong></span> <span class='ocrx_word' id='word_1_352' title='bbox 1755 5029 1852 5101; x_wconf 82' lang='grc' dir='ltr'>βά-</span> 
     </span>
    </p>
   </div>
   <div class='ocr_carea' id='block_1_51' title="bbox 253 5120 1851 5193">
    <p class='ocr_par' dir='ltr' id='par_1_51' title="bbox 253 5120 1851 5193">
     <span class='ocr_line' id='line_1_51' title="bbox 253 5120 1851 5193; baseline 0.003 -17"><span class='ocrx_word' id='word_1_353' title='bbox 253 5140 342 5176; x_wconf 78' lang='grc' dir='ltr'><strong>σει</strong></span> <span class='ocrx_word' id='word_1_354' title='bbox 379 5122 481 5192; x_wconf 79' lang='grc' dir='ltr'>τῆς</span> <span class='ocrx_word' id='word_1_355' title='bbox 512 5122 751 5185; x_wconf 82' lang='grc' dir='ltr'>διανοίας</span> <span class='ocrx_word' id='word_1_356' title='bbox 784 5121 877 5174; x_wconf 71' lang='grc' dir='ltr'><strong>ἐπὶ</strong></span> <span class='ocrx_word' id='word_1_357' title='bbox 908 5120 1012 5191; x_wconf 81' lang='grc' dir='ltr'>τῆς</span> <span class='ocrx_word' id='word_1_358' title='bbox 1038 5121 1319 5193; x_wconf 87' lang='grc' dir='ltr'>ἀτρεκίας.</span> <span class='ocrx_word' id='word_1_359' title='bbox 1342 5122 1535 5193; x_wconf 82' lang='grc' dir='ltr'>Δῶμεν</span> <span class='ocrx_word' id='word_1_360' title='bbox 1571 5126 1628 5180; x_wconf 78' lang='grc' dir='ltr'>δὲ</span> <span class='ocrx_word' id='word_1_361' title='bbox 1666 5127 1851 5181; x_wconf 79' lang='grc' dir='ltr'>εἰκόνα</span> 
     </span>
    </p>
   </div>
   <div class='ocr_carea' id='block_1_52' title="bbox 251 5212 1847 5289">
    <p class='ocr_par' dir='ltr' id='par_1_52' title="bbox 251 5212 1847 5289">
     <span class='ocr_line' id='line_1_52' title="bbox 251 5212 1847 5289; baseline 0.003 -22"><span class='ocrx_word' id='word_1_362' title='bbox 251 5214 337 5285; x_wconf 81' lang='grc' dir='ltr'>τῷ</span> <span class='ocrx_word' id='word_1_363' title='bbox 362 5213 524 5283; x_wconf 84' lang='grc' dir='ltr'>λόγῳ,</span> <span class='ocrx_word' id='word_1_364' title='bbox 537 5213 613 5277; x_wconf 83' lang='grc' dir='ltr'><strong>ὡς</strong></span> <span class='ocrx_word' id='word_1_365' title='bbox 636 5213 915 5285; x_wconf 83' lang='grc' dir='ltr'>ὑπερφυὲς</span> <span class='ocrx_word' id='word_1_366' title='bbox 926 5212 1030 5284; x_wconf 78' lang='grc' dir='ltr'>τῆς</span> <span class='ocrx_word' id='word_1_367' title='bbox 1044 5214 1147 5285; x_wconf 82' lang='grc' dir='ltr'>γῆς</span> <span class='ocrx_word' id='word_1_368' title='bbox 1161 5213 1221 5267; x_wconf 85' lang='grc' dir='ltr'>τὸ</span> <span class='ocrx_word' id='word_1_369' title='bbox 1239 5214 1386 5285; x_wconf 69' lang='grc' dir='ltr'>ὕδωρ</span> <span class='ocrx_word' id='word_1_370' title='bbox 1413 5216 1608 5271; x_wconf 74' lang='grc' dir='ltr'>ἑκατὸν</span> <span class='ocrx_word' id='word_1_371' title='bbox 1632 5218 1847 5289; x_wconf 62' lang='grc' dir='ltr'>πήχεις</span> 
     </span>
    </p>
   </div>
   <div class='ocr_carea' id='block_1_53' title="bbox 251 5307 1851 5380">
    <p class='ocr_par' dir='ltr' id='par_1_53' title="bbox 251 5307 1851 5380">
     <span class='ocr_line' id='line_1_53' title="bbox 251 5307 1851 5380; baseline 0.001 -18"><span class='ocrx_word' id='word_1_372' title='bbox 251 5309 434 5380; x_wconf 77' lang='grc' dir='ltr'>φῆσαι</span> <span class='ocrx_word' id='word_1_373' title='bbox 455 5308 513 5362; x_wconf 80' lang='grc' dir='ltr'>δὲ</span> <span class='ocrx_word' id='word_1_374' title='bbox 538 5307 629 5362; x_wconf 80' lang='grc' dir='ltr'>τὸν</span> <span class='ocrx_word' id='word_1_375' title='bbox 654 5307 805 5362; x_wconf 74' lang='grc' dir='ltr'>Θεόψ</span> <span class='ocrx_word' id='word_1_376' title='bbox 833 5307 1153 5376; x_wconf 77' lang='grc' dir='ltr'>Γενηθήτω</span> <span class='ocrx_word' id='word_1_377' title='bbox 1178 5308 1487 5377; x_wconf 82' lang='grc' dir='ltr'>στερέωμα</span> <span class='ocrx_word' id='word_1_378' title='bbox 1507 5309 1625 5364; x_wconf 84' lang='grc' dir='ltr'>ἀνὰ</span> <span class='ocrx_word' id='word_1_379' title='bbox 1653 5308 1851 5379; x_wconf 80' lang='grc' dir='ltr'>μέσον</span> 
     </span>
    </p>
   </div>
   <div class='ocr_carea' id='block_1_54' title="bbox 250 5395 1849 5469">
    <p class='ocr_par' dir='ltr' id='par_1_54' title="bbox 250 5395 1849 5469">
     <span class='ocr_line' id='line_1_54' title="bbox 250 5395 1849 5469; baseline 0 -16"><span class='ocrx_word' id='word_1_380' title='bbox 250 5398 367 5453; x_wconf 84' lang='grc' dir='ltr'>τοῦ</span> <span class='ocrx_word' id='word_1_381' title='bbox 428 5398 687 5462; x_wconf 81' lang='grc' dir='ltr'>ὕδατος,</span> <span class='ocrx_word' id='word_1_382' title='bbox 720 5398 819 5451; x_wconf 81' lang='grc' dir='ltr'><strong>καὶ</strong></span> <span class='ocrx_word' id='word_1_383' title='bbox 873 5397 1032 5451; x_wconf 82' lang='grc' dir='ltr'>ἔστω</span> <span class='ocrx_word' id='word_1_384' title='bbox 1073 5395 1421 5465; x_wconf 77' lang='grc' dir='ltr'>ὄιαχωρίζον</span> <span class='ocrx_word' id='word_1_385' title='bbox 1465 5399 1585 5453; x_wconf 84' lang='grc' dir='ltr'>ἀνὰ</span> <span class='ocrx_word' id='word_1_386' title='bbox 1650 5399 1849 5469; x_wconf 81' lang='grc' dir='ltr'>μέσον</span> 
     </span>
    </p>
   </div>
   <div class='ocr_carea' id='block_1_55' title="bbox 250 5485 1846 5561">
    <p class='ocr_par' dir='ltr' id='par_1_55' title="bbox 250 5485 1846 5561">
     <span class='ocr_line' id='line_1_55' title="bbox 250 5485 1846 5561; baseline 0.001 -18"><span class='ocrx_word' id='word_1_387' title='bbox 250 5488 480 5554; x_wconf 77' lang='grc' dir='ltr'>ὕδατος</span> <span class='ocrx_word' id='word_1_388' title='bbox 512 5487 611 5541; x_wconf 76' lang='grc' dir='ltr'>καί</span> <span class='ocrx_word' id='word_1_389' title='bbox 658 5487 903 5553; x_wconf 81' lang='grc' dir='ltr'>ῦδατος’</span> <span class='ocrx_word' id='word_1_390' title='bbox 933 5488 1174 5558; x_wconf 78' lang='grc' dir='ltr'>παγῆναι</span> <span class='ocrx_word' id='word_1_391' title='bbox 1207 5489 1263 5541; x_wconf 81' lang='grc' dir='ltr'>δὲ</span> <span class='ocrx_word' id='word_1_392' title='bbox 1306 5485 1463 5552; x_wconf 83' lang='grc' dir='ltr'>αὖθις</span> <span class='ocrx_word' id='word_1_393' title='bbox 1491 5489 1846 5561; x_wconf 83' lang='grc' dir='ltr'>κρύσταλλον,</span> 
     </span>
    </p>
   </div>
   <div class='ocr_carea' id='block_1_56' title="bbox 252 5576 1849 5654">
    <p class='ocr_par' dir='ltr' id='par_1_56' title="bbox 252 5576 1849 5654">
     <span class='ocr_line' id='line_1_56' title="bbox 252 5576 1849 5654; baseline -0.023 -19"><span class='ocrx_word' id='word_1_394' title='bbox 252 5583 354 5635; x_wconf 70' lang='grc' dir='ltr'><strong>καὶ</strong></span> <span class='ocrx_word' id='word_1_395' title='bbox 401 5580 615 5651; x_wconf 81' lang='grc' dir='ltr'>ἀνέχειν</span> <span class='ocrx_word' id='word_1_396' title='bbox 660 5579 723 5632; x_wconf 82' lang='grc' dir='ltr'><strong>τὺ</strong></span> <span class='ocrx_word' id='word_1_397' title='bbox 776 5580 949 5651; x_wconf 75' lang='grc' dir='ltr'>ἥμισυ</span> <span class='ocrx_word' id='word_1_398' title='bbox 992 5580 1104 5633; x_wconf 86' lang='grc' dir='ltr'>τῶν</span> <span class='ocrx_word' id='word_1_399' title='bbox 1157 5580 1365 5634; x_wconf 77' lang='grc' dir='ltr'><strong>ὑδάτων</strong></span> <span class='ocrx_word' id='word_1_400' title='bbox 1393 5598 1406 5611; x_wconf 94' lang='grc'><strong>.</strong></span> <span class='ocrx_word' id='word_1_401' title='bbox 1452 5576 1566 5634; x_wconf 65' lang='grc' dir='ltr'><strong>οἷον</strong></span> <span class='ocrx_word' id='word_1_402' title='bbox 1619 5581 1713 5635; x_wconf 59' lang='grc' dir='ltr'><strong>ἐπὶ</strong></span> <span class='ocrx_word' id='word_1_403' title='bbox 1749 5582 1849 5654; x_wconf 67' lang='grc' dir='ltr'><strong>τῆς</strong></span> 
     </span>
    </p>
   </div>
   <div class='ocr_carea' id='block_1_57' title="bbox 1674 345 2103 406">
    <p class='ocr_par' dir='ltr' id='par_1_57' title="bbox 1674 345 2103 406">
     <span class='ocr_line' id='line_1_57' title="bbox 1674 345 2103 406; baseline -0.002 -1"><span class='ocrx_word' id='word_1_404' title='bbox 1674 345 2024 406; x_wconf 72' lang='grc' dir='ltr'>οιΑιοοιτε</span> <span class='ocrx_word' id='word_1_405' title='bbox 2065 349 2103 405; x_wconf 86' lang='grc'>1.</span> 
     </span>
    </p>
   </div>
   <div class='ocr_carea' id='block_1_58' title="bbox 3442 346 3547 405">
    <p class='ocr_par' dir='ltr' id='par_1_58' title="bbox 3442 346 3547 405">
     <span class='ocr_line' id='line_1_58' title="bbox 3442 346 3547 405; baseline 0 0"><span class='ocrx_word' id='word_1_406' title='bbox 3442 346 3547 405; x_wconf 64' lang='lat' dir='ltr'><strong>9M</strong></span> 
     </span>
    </p>
   </div>
   <div class='ocr_carea' id='block_1_59' title="bbox 1965 462 3546 537">
    <p class='ocr_par' dir='ltr' id='par_1_59' title="bbox 1965 462 3546 537">
     <span class='ocr_line' id='line_1_59' title="bbox 1965 462 3546 537; baseline -0.001 -15"><span class='ocrx_word' id='word_1_407' title='bbox 1965 468 2196 532; x_wconf 85' lang='lat' dir='ltr'><strong>scimus,</strong></span> <span class='ocrx_word' id='word_1_408' title='bbox 2246 466 2297 522; x_wconf 89' lang='lat' dir='ltr'><strong>id</strong></span> <span class='ocrx_word' id='word_1_409' title='bbox 2338 464 2486 537; x_wconf 85' lang='lat' dir='ltr'><strong>quod</strong></span> <span class='ocrx_word' id='word_1_410' title='bbox 2532 463 2783 521; x_wconf 88' lang='lat' dir='ltr'><strong>cernitur</strong></span> <span class='ocrx_word' id='word_1_411' title='bbox 2831 462 3115 519; x_wconf 73' lang='lat' dir='ltr'><strong>solidioris</strong></span> <span class='ocrx_word' id='word_1_412' title='bbox 3144 464 3272 520; x_wconf 70' lang='lat' dir='ltr'><strong>esSe</strong></span> <span class='ocrx_word' id='word_1_413' title='bbox 3313 472 3546 527; x_wconf 62' lang='lat' dir='ltr'><strong>natura.</strong></span> 
     </span>
    </p>
   </div>
   <div class='ocr_carea' id='block_1_60' title="bbox 1956 556 3548 629">
    <p class='ocr_par' dir='ltr' id='par_1_60' title="bbox 1956 556 3548 629">
     <span class='ocr_line' id='line_1_60' title="bbox 1956 556 3548 629; baseline 0 -17"><span class='ocrx_word' id='word_1_414' title='bbox 1956 575 2119 629; x_wconf 89' lang='lat' dir='ltr'><strong>quam</strong></span> <span class='ocrx_word' id='word_1_415' title='bbox 2161 559 2275 614; x_wconf 89' lang='lat' dir='ltr'><strong>sint</strong></span> <span class='ocrx_word' id='word_1_416' title='bbox 2308 556 2745 628; x_wconf 87' lang='lat' dir='ltr'><strong>inaspectabilia.</strong></span> <span class='ocrx_word' id='word_1_417' title='bbox 2799 556 2980 613; x_wconf 83' lang='lat' dir='ltr'><strong>Moses</strong></span> <span class='ocrx_word' id='word_1_418' title='bbox 3028 556 3304 626; x_wconf 92' lang='lat' dir='ltr'><strong>siquidem</strong></span> <span class='ocrx_word' id='word_1_419' title='bbox 3345 558 3548 628; x_wconf 88' lang='lat' dir='ltr'><strong>inquit,</strong></span> 
     </span>
    </p>
   </div>
   <div class='ocr_carea' id='block_1_61' title="bbox 1960 646 3554 720">
    <p class='ocr_par' dir='ltr' id='par_1_61' title="bbox 1960 646 3554 720">
     <span class='ocr_line' id='line_1_61' title="bbox 1960 646 3554 720; baseline 0.001 -17"><span class='ocrx_word' id='word_1_420' title='bbox 1960 648 2025 704; x_wconf 76' lang='lat' dir='ltr'><strong>In</strong></span> <span class='ocrx_word' id='word_1_421' title='bbox 2052 650 2311 719; x_wconf 82' lang='lat' dir='ltr'><strong>principio</strong></span> <span class='ocrx_word' id='word_1_422' title='bbox 2342 650 2466 720; x_wconf 79' lang='lat' dir='ltr'><strong>fecit</strong></span> <span class='ocrx_word' id='word_1_423' title='bbox 2502 648 2643 703; x_wconf 83' lang='lat' dir='ltr'><strong>Deus</strong></span> <span class='ocrx_word' id='word_1_424' title='bbox 2667 649 2856 702; x_wconf 69' lang='lat' dir='ltr'><strong>caelum</strong></span> <span class='ocrx_word' id='word_1_425' title='bbox 2885 658 2935 702; x_wconf 88' lang='lat' dir='ltr'><strong>et</strong></span> <span class='ocrx_word' id='word_1_426' title='bbox 2968 657 3166 702; x_wconf 83' lang='lat' dir='ltr'><strong>terram</strong></span> <span class='ocrx_word' id='word_1_427' title='bbox 3197 649 3263 703; x_wconf 81' lang='lat'><strong>“.</strong></span> <span class='ocrx_word' id='word_1_428' title='bbox 3295 646 3396 703; x_wconf 75' lang='lat' dir='ltr'><strong>llic</strong></span> <span class='ocrx_word' id='word_1_429' title='bbox 3418 664 3554 705; x_wconf 86' lang='lat' dir='ltr'><strong>vero</strong></span> 
     </span>
    </p>
   </div>
   <div class='ocr_carea' id='block_1_62' title="bbox 1960 737 3549 811">
    <p class='ocr_par' dir='ltr' id='par_1_62' title="bbox 1960 737 3549 811">
     <span class='ocr_line' id='line_1_62' title="bbox 1960 737 3549 811; baseline 0 -16"><span class='ocrx_word' id='word_1_430' title='bbox 1960 741 2178 796; x_wconf 90' lang='lat' dir='ltr'><strong>ﬁrmum</strong></span> <span class='ocrx_word' id='word_1_431' title='bbox 2209 740 2346 796; x_wconf 90' lang='lat' dir='ltr'><strong>illud</strong></span> <span class='ocrx_word' id='word_1_432' title='bbox 2384 747 2674 805; x_wconf 87' lang='lat' dir='ltr'><strong>memorat,</strong></span> <span class='ocrx_word' id='word_1_433' title='bbox 2712 737 2781 793; x_wconf 85' lang='lat' dir='ltr'><strong>Et</strong></span> <span class='ocrx_word' id='word_1_434' title='bbox 2813 740 2954 794; x_wconf 73' lang='lat' dir='ltr'><strong>dixit</strong></span> <span class='ocrx_word' id='word_1_435' title='bbox 2982 739 3122 795; x_wconf 85' lang='lat' dir='ltr'><strong>Deus</strong></span> <span class='ocrx_word' id='word_1_436' title='bbox 3151 754 3173 795; x_wconf 86' lang='lat'><strong><em>:</em></strong></span> <span class='ocrx_word' id='word_1_437' title='bbox 3196 739 3326 795; x_wconf 81' lang='lat' dir='ltr'><strong>Fiat</strong></span> <span class='ocrx_word' id='word_1_438' title='bbox 3355 742 3549 811; x_wconf 55' lang='lat' dir='ltr'><strong>ﬁrma-</strong></span> 
     </span>
    </p>
   </div>
   <div class='ocr_carea' id='block_1_63' title="bbox 1958 829 3548 904">
    <p class='ocr_par' dir='ltr' id='par_1_63' title="bbox 1958 829 3548 904">
     <span class='ocr_line' id='line_1_63' title="bbox 1958 829 3548 904; baseline 0 -17"><span class='ocrx_word' id='word_1_439' title='bbox 1958 843 2192 887; x_wconf 74' lang='lat' dir='ltr'><strong>mentum</strong></span> <span class='ocrx_word' id='word_1_440' title='bbox 2225 834 2288 886; x_wconf 86' lang='lat'><strong>&quot;.</strong></span> <span class='ocrx_word' id='word_1_441' title='bbox 2332 831 2400 887; x_wconf 83' lang='lat' dir='ltr'><strong>Et</strong></span> <span class='ocrx_word' id='word_1_442' title='bbox 2436 829 2609 887; x_wconf 83' lang='lat' dir='ltr'><strong>lsaias</strong></span> <span class='ocrx_word' id='word_1_443' title='bbox 2652 845 2913 887; x_wconf 87' lang='lat' dir='ltr'><strong>asserens</strong></span> <span class='ocrx_word' id='word_1_444' title='bbox 2953 832 3173 887; x_wconf 89' lang='lat' dir='ltr'><strong>illorum</strong></span> <span class='ocrx_word' id='word_1_445' title='bbox 3201 832 3426 904; x_wconf 84' lang='lat' dir='ltr'><strong>quidem</strong></span> <span class='ocrx_word' id='word_1_446' title='bbox 3462 842 3548 887; x_wconf 82' lang='lat' dir='ltr'><strong>te-</strong></span> 
     </span>
    </p>
   </div>
   <div class='ocr_carea' id='block_1_64' title="bbox 1956 921 3551 993">
    <p class='ocr_par' dir='ltr' id='par_1_64' title="bbox 1956 921 3551 993">
     <span class='ocr_line' id='line_1_64' title="bbox 1956 921 3551 993; baseline 0 -15"><span class='ocrx_word' id='word_1_447' title='bbox 1956 924 2222 979; x_wconf 83' lang='lat' dir='ltr'><strong>unitatem</strong></span> <span class='ocrx_word' id='word_1_448' title='bbox 2254 934 2311 979; x_wconf 91' lang='lat' dir='ltr'><strong>et</strong></span> <span class='ocrx_word' id='word_1_449' title='bbox 2339 922 2620 978; x_wconf 88' lang='lat' dir='ltr'><strong>levitatem</strong></span> <span class='ocrx_word' id='word_1_450' title='bbox 2661 930 2896 987; x_wconf 68' lang='lat' dir='ltr'><strong>naturae,</strong></span> <span class='ocrx_word' id='word_1_451' title='bbox 2926 921 3095 993; x_wconf 80' lang='lat' dir='ltr'><strong>hujus</strong></span> <span class='ocrx_word' id='word_1_452' title='bbox 3136 938 3265 978; x_wconf 81' lang='lat' dir='ltr'><strong>vero</strong></span> <span class='ocrx_word' id='word_1_453' title='bbox 3300 922 3551 979; x_wconf 84' lang='lat' dir='ltr'><strong>solidita-</strong></span> 
     </span>
    </p>
   </div>
   <div class='ocr_carea' id='block_1_65' title="bbox 1955 1010 3549 1083">
    <p class='ocr_par' dir='ltr' id='par_1_65' title="bbox 1955 1010 3549 1083">
     <span class='ocr_line' id='line_1_65' title="bbox 1955 1010 3549 1083; baseline -0.001 -15"><span class='ocrx_word' id='word_1_454' title='bbox 1955 1018 2065 1068; x_wconf 84' lang='lat' dir='ltr'><strong>tem</strong></span> <span class='ocrx_word' id='word_1_455' title='bbox 2095 1020 2153 1067; x_wconf 90' lang='lat' dir='ltr'><strong>et</strong></span> <span class='ocrx_word' id='word_1_456' title='bbox 2182 1010 2610 1068; x_wconf 77' lang='lat' dir='ltr'><strong>crassitudinem</strong></span> <span class='ocrx_word' id='word_1_457' title='bbox 2650 1012 2927 1083; x_wconf 85' lang='lat' dir='ltr'><strong>corporis.</strong></span> <span class='ocrx_word' id='word_1_458' title='bbox 2963 1011 3144 1082; x_wconf 88' lang='lat' dir='ltr'><strong>inquit</strong></span> <span class='ocrx_word' id='word_1_459' title='bbox 3171 1027 3186 1066; x_wconf 88' lang='lat'><strong>:</strong></span> <span class='ocrx_word' id='word_1_460' title='bbox 3224 1011 3333 1077; x_wconf 76' lang='lat' dir='ltr'><strong>Qui</strong></span> <span class='ocrx_word' id='word_1_461' title='bbox 3362 1015 3549 1081; x_wconf 72' lang='lat' dir='ltr'><strong>ﬁrma-</strong></span> 
     </span>
    </p>
   </div>
   <div class='ocr_carea' id='block_1_66' title="bbox 1956 1102 3550 1172">
    <p class='ocr_par' dir='ltr' id='par_1_66' title="bbox 1956 1102 3550 1172">
     <span class='ocr_line' id='line_1_66' title="bbox 1956 1102 3550 1172; baseline -0.001 -13"><span class='ocrx_word' id='word_1_462' title='bbox 1956 1104 2028 1159; x_wconf 74' lang='lat' dir='ltr'><strong>vit</strong></span> <span class='ocrx_word' id='word_1_463' title='bbox 2057 1102 2249 1158; x_wconf 71' lang='lat' dir='ltr'><strong>emtum</strong></span> <span class='ocrx_word' id='word_1_464' title='bbox 2278 1104 2441 1159; x_wconf 75' lang='lat' dir='ltr'><strong>ueluti</strong></span> <span class='ocrx_word' id='word_1_465' title='bbox 2464 1102 2765 1172; x_wconf 58' lang='lat' dir='ltr'><strong>fumum-et</strong></span> <span class='ocrx_word' id='word_1_466' title='bbox 2796 1102 3028 1157; x_wconf 75' lang='lat' dir='ltr'><strong>extendit</strong></span> <span class='ocrx_word' id='word_1_467' title='bbox 3068 1104 3243 1171; x_wconf 73' lang='lat' dir='ltr'><strong>ipsum</strong></span> <span class='ocrx_word' id='word_1_468' title='bbox 3271 1102 3433 1158; x_wconf 72' lang='lat' dir='ltr'><strong>ueluti</strong></span> <span class='ocrx_word' id='word_1_469' title='bbox 3463 1111 3550 1158; x_wconf 78' lang='lat' dir='ltr'><strong>ta-</strong></span> 
     </span>
    </p>
   </div>
   <div class='ocr_carea' id='block_1_67' title="bbox 1957 1192 3549 1266">
    <p class='ocr_par' dir='ltr' id='par_1_67' title="bbox 1957 1192 3549 1266">
     <span class='ocr_line' id='line_1_67' title="bbox 1957 1192 3549 1266; baseline 0.001 -18"><span class='ocrx_word' id='word_1_470' title='bbox 1957 1193 2302 1248; x_wconf 77' lang='lat' dir='ltr'><strong>bernaculum</strong></span> <span class='ocrx_word' id='word_1_471' title='bbox 2337 1194 2404 1248; x_wconf 79' lang='grc'><strong>³⁸.</strong></span> <span class='ocrx_word' id='word_1_472' title='bbox 2452 1193 2527 1249; x_wconf 85' lang='lat' dir='ltr'><strong>De</strong></span> <span class='ocrx_word' id='word_1_473' title='bbox 2556 1209 2623 1249; x_wconf 88' lang='lat' dir='ltr'><strong>eo</strong></span> <span class='ocrx_word' id='word_1_474' title='bbox 2650 1210 2781 1250; x_wconf 87' lang='lat' dir='ltr'><strong>vero</strong></span> <span class='ocrx_word' id='word_1_475' title='bbox 2804 1194 2951 1266; x_wconf 91' lang='lat' dir='ltr'><strong>quod</strong></span> <span class='ocrx_word' id='word_1_476' title='bbox 2996 1193 3267 1259; x_wconf 90' lang='lat' dir='ltr'><strong>cernitur,</strong></span> <span class='ocrx_word' id='word_1_477' title='bbox 3320 1192 3549 1265; x_wconf 89' lang='lat' dir='ltr'><strong>inquit:</strong></span> 
     </span>
    </p>
   </div>
   <div class='ocr_carea' id='block_1_68' title="bbox 1958 1281 3553 1353">
    <p class='ocr_par' dir='ltr' id='par_1_68' title="bbox 1958 1281 3553 1353">
     <span class='ocr_line' id='line_1_68' title="bbox 1958 1281 3553 1353; baseline 0.003 -17"><span class='ocrx_word' id='word_1_478' title='bbox 1958 1282 2067 1350; x_wconf 82' lang='lat' dir='ltr'><strong>Qut</strong></span> <span class='ocrx_word' id='word_1_479' title='bbox 2105 1283 2231 1353; x_wconf 65' lang='lat' dir='ltr'><strong>[imit</strong></span> <span class='ocrx_word' id='word_1_480' title='bbox 2270 1282 2461 1339; x_wconf 68' lang='lat' dir='ltr'><strong>calum</strong></span> <span class='ocrx_word' id='word_1_481' title='bbox 2491 1283 2654 1339; x_wconf 76' lang='lat' dir='ltr'><strong>veluti</strong></span> <span class='ocrx_word' id='word_1_482' title='bbox 2694 1299 2961 1341; x_wconf 82' lang='lat' dir='ltr'><strong>cameram</strong></span> <span class='ocrx_word' id='word_1_483' title='bbox 2986 1284 3051 1340; x_wconf 85' lang='grc'><strong>¹⁹.</strong></span> <span class='ocrx_word' id='word_1_484' title='bbox 3083 1281 3263 1339; x_wconf 85' lang='lat' dir='ltr'><strong>Etiam</strong></span> <span class='ocrx_word' id='word_1_485' title='bbox 3290 1284 3471 1340; x_wconf 86' lang='lat' dir='ltr'><strong>virum</strong></span> <span class='ocrx_word' id='word_1_486' title='bbox 3495 1294 3553 1341; x_wconf 87' lang='lat' dir='ltr'><strong>et</strong></span> 
     </span>
    </p>
   </div>
   <div class='ocr_carea' id='block_1_69' title="bbox 1957 1372 3551 1447">
    <p class='ocr_par' dir='ltr' id='par_1_69' title="bbox 1957 1372 3551 1447">
     <span class='ocr_line' id='line_1_69' title="bbox 1957 1372 3551 1447; baseline 0.002 -20"><span class='ocrx_word' id='word_1_487' title='bbox 1957 1374 2266 1441; x_wconf 84' lang='lat' dir='ltr'><strong>mulierem,</strong></span> <span class='ocrx_word' id='word_1_488' title='bbox 2300 1374 2582 1432; x_wconf 83' lang='lat' dir='ltr'><strong>hominem</strong></span> <span class='ocrx_word' id='word_1_489' title='bbox 2607 1375 2891 1447; x_wconf 88' lang='lat' dir='ltr'><strong>appellare</strong></span> <span class='ocrx_word' id='word_1_490' title='bbox 2930 1375 3241 1443; x_wconf 33' lang='lat' dir='ltr'><strong>consuevit,</strong></span> <span class='ocrx_word' id='word_1_491' title='bbox 3265 1372 3551 1446; x_wconf 72' lang='lat' dir='ltr'><strong>Scriptum</strong></span> 
     </span>
    </p>
   </div>
   <div class='ocr_carea' id='block_1_70' title="bbox 1957 1466 3554 1547">
    <p class='ocr_par' dir='ltr' id='par_1_70' title="bbox 1957 1466 3554 1547">
     <span class='ocr_line' id='line_1_70' title="bbox 1957 1466 3554 1547; baseline 0.001 -26"><span class='ocrx_word' id='word_1_492' title='bbox 1957 1479 2155 1532; x_wconf 80' lang='lat' dir='ltr'><strong>sacra;</strong></span> <span class='ocrx_word' id='word_1_493' title='bbox 2185 1481 2425 1538; x_wconf 84' lang='lat' dir='ltr'><strong>cumque</strong></span> <span class='ocrx_word' id='word_1_494' title='bbox 2449 1467 2521 1522; x_wconf 88' lang='lat' dir='ltr'><strong>sit</strong></span> <span class='ocrx_word' id='word_1_495' title='bbox 2548 1467 2740 1524; x_wconf 87' lang='lat' dir='ltr'><strong>eadem</strong></span> <span class='ocrx_word' id='word_1_496' title='bbox 2766 1466 3080 1540; x_wconf 82' lang='lat' dir='ltr'><strong>appellatio,</strong></span> <span class='ocrx_word' id='word_1_497' title='bbox 3106 1475 3292 1547; x_wconf 81' lang='lat' dir='ltr'><strong>tamen</strong></span> <span class='ocrx_word' id='word_1_498' title='bbox 3316 1467 3408 1523; x_wconf 90' lang='lat' dir='ltr'><strong>ille</strong></span> <span class='ocrx_word' id='word_1_499' title='bbox 3427 1468 3554 1540; x_wconf 86' lang='lat' dir='ltr'><strong>qui-</strong></span> 
     </span>
    </p>
   </div>
   <div class='ocr_carea' id='block_1_71' title="bbox 1955 1556 3551 1630">
    <p class='ocr_par' dir='ltr' id='par_1_71' title="bbox 1955 1556 3551 1630">
     <span class='ocr_line' id='line_1_71' title="bbox 1955 1556 3551 1630; baseline 0.004 -19"><span class='ocrx_word' id='word_1_500' title='bbox 1955 1556 2082 1612; x_wconf 89' lang='lat' dir='ltr'><strong>dem</strong></span> <span class='ocrx_word' id='word_1_501' title='bbox 2127 1559 2394 1616; x_wconf 87' lang='lat' dir='ltr'><strong>robustus</strong></span> <span class='ocrx_word' id='word_1_502' title='bbox 2422 1569 2477 1615; x_wconf 88' lang='lat' dir='ltr'><strong>et</strong></span> <span class='ocrx_word' id='word_1_503' title='bbox 2508 1560 2574 1615; x_wconf 88' lang='lat' dir='ltr'><strong>ad</strong></span> <span class='ocrx_word' id='word_1_504' title='bbox 2615 1562 2870 1630; x_wconf 77' lang='lat' dir='ltr'><strong>graviora</strong></span> <span class='ocrx_word' id='word_1_505' title='bbox 2912 1561 3135 1616; x_wconf 77' lang='lat' dir='ltr'><strong>ferenda</strong></span> <span class='ocrx_word' id='word_1_506' title='bbox 3167 1560 3385 1618; x_wconf 85' lang='lat' dir='ltr'><strong>validus</strong></span> <span class='ocrx_word' id='word_1_507' title='bbox 3428 1569 3551 1626; x_wconf 81' lang='lat' dir='ltr'><strong>est,</strong></span> 
     </span>
    </p>
   </div>
   <div class='ocr_carea' id='block_1_72' title="bbox 1954 1648 3551 1723">
    <p class='ocr_par' dir='ltr' id='par_1_72' title="bbox 1954 1648 3551 1723">
     <span class='ocr_line' id='line_1_72' title="bbox 1954 1648 3551 1723; baseline 0.001 -18"><span class='ocrx_word' id='word_1_508' title='bbox 1954 1648 2074 1705; x_wconf 70' lang='lat' dir='ltr'><strong>inec</strong></span> <span class='ocrx_word' id='word_1_509' title='bbox 2102 1665 2234 1707; x_wconf 87' lang='lat' dir='ltr'><strong>vero</strong></span> <span class='ocrx_word' id='word_1_510' title='bbox 2261 1649 2481 1705; x_wconf 91' lang='lat' dir='ltr'><strong>mollior</strong></span> <span class='ocrx_word' id='word_1_511' title='bbox 2509 1658 2565 1706; x_wconf 90' lang='lat' dir='ltr'><strong>et</strong></span> <span class='ocrx_word' id='word_1_512' title='bbox 2592 1651 2784 1716; x_wconf 83' lang='lat' dir='ltr'><strong>levior,</strong></span> <span class='ocrx_word' id='word_1_513' title='bbox 2820 1660 2933 1707; x_wconf 84' lang='lat' dir='ltr'><strong>tam</strong></span> <span class='ocrx_word' id='word_1_514' title='bbox 2964 1650 3348 1723; x_wconf 72' lang='lat' dir='ltr'><strong>intelligentia.</strong></span> <span class='ocrx_word' id='word_1_515' title='bbox 3384 1664 3551 1722; x_wconf 77' lang='lat' dir='ltr'><strong>quam</strong></span> 
     </span>
    </p>
   </div>
   <div class='ocr_carea' id='block_1_73' title="bbox 1955 1738 3551 1812">
    <p class='ocr_par' dir='ltr' id='par_1_73' title="bbox 1955 1738 3551 1812">
     <span class='ocr_line' id='line_1_73' title="bbox 1955 1738 3551 1812; baseline -0.002 -16"><span class='ocrx_word' id='word_1_516' title='bbox 1955 1740 2228 1796; x_wconf 83' lang='lat' dir='ltr'><strong>oratione.</strong></span> <span class='ocrx_word' id='word_1_517' title='bbox 2278 1738 2640 1809; x_wconf 84' lang='lat' dir='ltr'><strong>Superiorum</strong></span> <span class='ocrx_word' id='word_1_518' title='bbox 2689 1740 2864 1812; x_wconf 83' lang='lat' dir='ltr'><strong>igitur</strong></span> <span class='ocrx_word' id='word_1_519' title='bbox 2908 1740 3273 1795; x_wconf 77' lang='lat' dir='ltr'><strong>substantiam</strong></span> <span class='ocrx_word' id='word_1_520' title='bbox 3326 1739 3551 1796; x_wconf 84' lang='lat' dir='ltr'><strong>silentio</strong></span> 
     </span>
    </p>
   </div>
   <div class='ocr_carea' id='block_1_74' title="bbox 1957 1831 3547 1903">
    <p class='ocr_par' dir='ltr' id='par_1_74' title="bbox 1957 1831 3547 1903">
     <span class='ocr_line' id='line_1_74' title="bbox 1957 1831 3547 1903; baseline 0.001 -17"><span class='ocrx_word' id='word_1_521' title='bbox 1957 1831 2301 1903; x_wconf 60' lang='lat' dir='ltr'><strong>prseteriens,</strong></span> <span class='ocrx_word' id='word_1_522' title='bbox 2352 1841 2619 1901; x_wconf 90' lang='lat' dir='ltr'><strong>quantum</strong></span> <span class='ocrx_word' id='word_1_523' title='bbox 2670 1832 2893 1903; x_wconf 82' lang='lat' dir='ltr'><strong>assequi</strong></span> <span class='ocrx_word' id='word_1_524' title='bbox 2940 1847 3191 1903; x_wconf 90' lang='lat' dir='ltr'><strong>possum,</strong></span> <span class='ocrx_word' id='word_1_525' title='bbox 3228 1831 3352 1902; x_wconf 90' lang='lat' dir='ltr'><strong>ejus</strong></span> <span class='ocrx_word' id='word_1_526' title='bbox 3396 1832 3547 1903; x_wconf 87' lang='lat' dir='ltr'><strong>quod</strong></span> 
     </span>
    </p>
   </div>
   <div class='ocr_carea' id='block_1_75' title="bbox 1937 1917 3549 1992">
    <p class='ocr_par' dir='ltr' id='par_1_75' title="bbox 1937 1917 3549 1992">
     <span class='ocr_line' id='line_1_75' title="bbox 1937 1917 3549 1992; baseline 0.001 -18"><span class='ocrx_word' id='word_1_527' title='bbox 1937 1917 2204 1974; x_wconf 76' lang='lat' dir='ltr'><strong>cernitur</strong></span> <span class='ocrx_word' id='word_1_528' title='bbox 2236 1925 2489 1972; x_wconf 77' lang='lat' dir='ltr'><strong>naturam</strong></span> <span class='ocrx_word' id='word_1_529' title='bbox 2522 1920 2902 1990; x_wconf 80' lang='lat' dir='ltr'><strong>rrystallinam</strong></span> <span class='ocrx_word' id='word_1_530' title='bbox 2944 1922 3168 1992; x_wconf 89' lang='lat' dir='ltr'><strong>inquam</strong></span> <span class='ocrx_word' id='word_1_531' title='bbox 3208 1936 3333 1977; x_wconf 89' lang='lat' dir='ltr'><strong>esse</strong></span> <span class='ocrx_word' id='word_1_532' title='bbox 3356 1921 3549 1977; x_wconf 83' lang='lat' dir='ltr'><strong>divino</strong></span> 
     </span>
    </p>
   </div>
   <div class='ocr_carea' id='block_1_76' title="bbox 1952 2009 3550 2080">
    <p class='ocr_par' dir='ltr' id='par_1_76' title="bbox 1952 2009 3550 2080">
     <span class='ocr_line' id='line_1_76' title="bbox 1952 2009 3550 2080; baseline 0.003 -17"><span class='ocrx_word' id='word_1_533' title='bbox 1952 2018 2227 2080; x_wconf 69' lang='lat' dir='ltr'><strong>praecepto</strong></span> <span class='ocrx_word' id='word_1_534' title='bbox 2261 2009 2425 2065; x_wconf 83' lang='lat' dir='ltr'><strong>ﬁxam</strong></span> <span class='ocrx_word' id='word_1_535' title='bbox 2458 2020 2513 2067; x_wconf 92' lang='lat' dir='ltr'><strong>et</strong></span> <span class='ocrx_word' id='word_1_536' title='bbox 2548 2013 2888 2080; x_wconf 81' lang='lat' dir='ltr'><strong>roboratam,</strong></span> <span class='ocrx_word' id='word_1_537' title='bbox 2925 2022 2986 2069; x_wconf 92' lang='lat' dir='ltr'><strong>ut</strong></span> <span class='ocrx_word' id='word_1_538' title='bbox 3032 2014 3248 2069; x_wconf 81' lang='lat' dir='ltr'><strong>facilius</strong></span> <span class='ocrx_word' id='word_1_539' title='bbox 3281 2012 3420 2069; x_wconf 80' lang='lat' dir='ltr'><strong>ierat</strong></span> <span class='ocrx_word' id='word_1_540' title='bbox 3462 2015 3550 2068; x_wconf 83' lang='lat' dir='ltr'><strong>ul-</strong></span> 
     </span>
    </p>
   </div>
   <div class='ocr_carea' id='block_1_77' title="bbox 1954 2102 3553 2179">
    <p class='ocr_par' dir='ltr' id='par_1_77' title="bbox 1954 2102 3553 2179">
     <span class='ocr_line' id='line_1_77' title="bbox 1954 2102 3553 2179; baseline 0.005 -24"><span class='ocrx_word' id='word_1_541' title='bbox 1954 2102 2344 2168; x_wconf 83' lang='lat' dir='ltr'><strong>trsmnndana,</strong></span> <span class='ocrx_word' id='word_1_542' title='bbox 2388 2104 2645 2175; x_wconf 85' lang='lat' dir='ltr'><strong>idemque</strong></span> <span class='ocrx_word' id='word_1_543' title='bbox 2678 2113 2886 2161; x_wconf 78' lang='lat' dir='ltr'><strong>nostra:</strong></span> <span class='ocrx_word' id='word_1_544' title='bbox 2923 2106 3315 2179; x_wconf 82' lang='lat' dir='ltr'><strong>crassitudinis</strong></span> <span class='ocrx_word' id='word_1_545' title='bbox 3352 2121 3553 2177; x_wconf 77' lang='lat' dir='ltr'><strong>expers</strong></span> 
     </span>
    </p>
   </div>
   <div class='ocr_carea' id='block_1_78' title="bbox 1952 2192 3555 2273">
    <p class='ocr_par' dir='ltr' id='par_1_78' title="bbox 1952 2192 3555 2273">
     <span class='ocr_line' id='line_1_78' title="bbox 1952 2192 3555 2273; baseline 0.003 -24"><span class='ocrx_word' id='word_1_546' title='bbox 1952 2206 2098 2249; x_wconf 85' lang='lat' dir='ltr'><strong>esse.</strong></span> <span class='ocrx_word' id='word_1_547' title='bbox 2130 2192 2412 2265; x_wconf 85' lang='lat' dir='ltr'><strong>Utrosque</strong></span> <span class='ocrx_word' id='word_1_548' title='bbox 2436 2209 2572 2251; x_wconf 84' lang='lat' dir='ltr'><strong>vero</strong></span> <span class='ocrx_word' id='word_1_549' title='bbox 2601 2196 2777 2273; x_wconf 68' lang='lat' dir='ltr'><strong>oculos</strong></span> <span class='ocrx_word' id='word_1_550' title='bbox 2806 2198 3070 2252; x_wconf 85' lang='lat' dir='ltr'><strong>sustineri</strong></span> <span class='ocrx_word' id='word_1_551' title='bbox 3104 2197 3174 2252; x_wconf 83' lang='lat' dir='ltr'><strong>ab</strong></span> <span class='ocrx_word' id='word_1_552' title='bbox 3201 2213 3266 2253; x_wconf 84' lang='lat' dir='ltr'><strong>ea</strong></span> <span class='ocrx_word' id='word_1_553' title='bbox 3296 2212 3419 2269; x_wconf 73' lang='lat' dir='ltr'><strong>quae</strong></span> <span class='ocrx_word' id='word_1_554' title='bbox 3440 2213 3555 2255; x_wconf 86' lang='lat' dir='ltr'><strong>om-</strong></span> 
     </span>
    </p>
   </div>
   <div class='ocr_carea' id='block_1_79' title="bbox 1953 2281 3113 2353">
    <p class='ocr_par' dir='ltr' id='par_1_79' title="bbox 1953 2281 3113 2353">
     <span class='ocr_line' id='line_1_79' title="bbox 1953 2281 3113 2353; baseline 0.009 -16"><span class='ocrx_word' id='word_1_555' title='bbox 1953 2281 2046 2338; x_wconf 86' lang='lat' dir='ltr'><strong>nia</strong></span> <span class='ocrx_word' id='word_1_556' title='bbox 2071 2283 2246 2339; x_wconf 78' lang='lat' dir='ltr'><strong>vincit</strong></span> <span class='ocrx_word' id='word_1_557' title='bbox 2275 2293 2329 2341; x_wconf 90' lang='lat' dir='ltr'><strong>et</strong></span> <span class='ocrx_word' id='word_1_558' title='bbox 2363 2288 2624 2353; x_wconf 82' lang='lat' dir='ltr'><strong>sustinet,</strong></span> <span class='ocrx_word' id='word_1_559' title='bbox 2661 2290 2851 2345; x_wconf 82' lang='lat' dir='ltr'><strong>divina</strong></span> <span class='ocrx_word' id='word_1_560' title='bbox 2886 2289 3113 2347; x_wconf 87' lang='lat' dir='ltr'><strong>virtute.</strong></span> 
     </span>
    </p>
   </div>
   <div class='ocr_carea' id='block_1_80' title="bbox 2366 2377 3136 2438">
    <p class='ocr_par' dir='ltr' id='par_1_80' title="bbox 2366 2377 3136 2438">
     <span class='ocr_line' id='line_1_80' title="bbox 2366 2377 3136 2438; baseline 0.005 -5"><span class='ocrx_word' id='word_1_561' title='bbox 2366 2377 2892 2437; x_wconf 71' lang='lat' dir='ltr'><strong>lNTEllROGATIO</strong></span> <span class='ocrx_word' id='word_1_562' title='bbox 2929 2380 3136 2438; x_wconf 76' lang='lat' dir='ltr'><strong>LXVII.</strong></span> 
     </span>
    </p>
   </div>
   <div class='ocr_carea' id='block_1_81' title="bbox 2024 2462 3551 2543">
    <p class='ocr_par' dir='ltr' id='par_1_81' title="bbox 2024 2462 3551 2543">
     <span class='ocr_line' id='line_1_81' title="bbox 2024 2462 3551 2543; baseline 0.003 -22"><span class='ocrx_word' id='word_1_563' title='bbox 2024 2468 2094 2522; x_wconf 80' lang='lat' dir='ltr'><strong>At</strong></span> <span class='ocrx_word' id='word_1_564' title='bbox 2133 2469 2416 2539; x_wconf 87' lang='lat' dir='ltr'><strong>quomodo</strong></span> <span class='ocrx_word' id='word_1_565' title='bbox 2464 2479 2644 2541; x_wconf 84' lang='lat' dir='ltr'><strong>potest</strong></span> <span class='ocrx_word' id='word_1_566' title='bbox 2678 2472 3001 2543; x_wconf 81' lang='lat' dir='ltr'><strong>crystallum</strong></span> <span class='ocrx_word' id='word_1_567' title='bbox 3047 2481 3271 2543; x_wconf 88' lang='lat' dir='ltr'><strong>portare</strong></span> <span class='ocrx_word' id='word_1_568' title='bbox 3298 2462 3355 2527; x_wconf 83' lang='lat' dir='ltr'><strong>et</strong></span> <span class='ocrx_word' id='word_1_569' title='bbox 3386 2485 3551 2543; x_wconf 83' lang='lat' dir='ltr'><strong>sepa-</strong></span> 
     </span>
    </p>
   </div>
   <div class='ocr_carea' id='block_1_82' title="bbox 1955 2560 3194 2635">
    <p class='ocr_par' dir='ltr' id='par_1_82' title="bbox 1955 2560 3194 2635">
     <span class='ocr_line' id='line_1_82' title="bbox 1955 2560 3194 2635; baseline 0.006 -23"><span class='ocrx_word' id='word_1_570' title='bbox 1955 2572 2081 2615; x_wconf 89' lang='lat' dir='ltr'><strong>rare</strong></span> <span class='ocrx_word' id='word_1_571' title='bbox 2112 2560 2340 2615; x_wconf 87' lang='lat' dir='ltr'><strong>multam</strong></span> <span class='ocrx_word' id='word_1_572' title='bbox 2375 2568 2430 2616; x_wconf 91' lang='lat' dir='ltr'><strong>et</strong></span> <span class='ocrx_word' id='word_1_573' title='bbox 2461 2560 2735 2617; x_wconf 85' lang='lat' dir='ltr'><strong>inﬁnitam</strong></span> <span class='ocrx_word' id='word_1_574' title='bbox 2774 2562 2923 2617; x_wconf 84' lang='lat' dir='ltr'><strong>illam</strong></span> <span class='ocrx_word' id='word_1_575' title='bbox 2955 2565 3194 2635; x_wconf 77' lang='lat' dir='ltr'><strong>aquam?</strong></span> 
     </span>
    </p>
   </div>
   <div class='ocr_carea' id='block_1_83' title="bbox 2596 2652 2905 2724">
    <p class='ocr_par' dir='ltr' id='par_1_83' title="bbox 2596 2652 2905 2724">
     <span class='ocr_line' id='line_1_83' title="bbox 2596 2652 2905 2724; baseline 0.01 -17"><span class='ocrx_word' id='word_1_576' title='bbox 2596 2652 2905 2724; x_wconf 79' lang='lat' dir='ltr'><strong>Responsio.</strong></span> 
     </span>
    </p>
   </div>
   <div class='ocr_carea' id='block_1_84' title="bbox 2022 2740 3555 2817">
    <p class='ocr_par' dir='ltr' id='par_1_84' title="bbox 2022 2740 3555 2817">
     <span class='ocr_line' id='line_1_84' title="bbox 2022 2740 3555 2817; baseline 0.005 -21"><span class='ocrx_word' id='word_1_577' title='bbox 2022 2740 2133 2797; x_wconf 88' lang='lat' dir='ltr'><strong>Per</strong></span> <span class='ocrx_word' id='word_1_578' title='bbox 2188 2742 2345 2798; x_wconf 86' lang='lat' dir='ltr'><strong>ﬁdem</strong></span> <span class='ocrx_word' id='word_1_579' title='bbox 2404 2744 2741 2817; x_wconf 83' lang='lat' dir='ltr'><strong>apprehendi</strong></span> <span class='ocrx_word' id='word_1_580' title='bbox 2788 2747 3045 2817; x_wconf 77' lang='lat' dir='ltr'><strong>dogmata</strong></span> <span class='ocrx_word' id='word_1_581' title='bbox 3106 2744 3555 2804; x_wconf 86' lang='lat' dir='ltr'><strong>Christianorum</strong></span> 
     </span>
    </p>
   </div>
   <div class='ocr_carea' id='block_1_85' title="bbox 1951 2835 3553 2909">
    <p class='ocr_par' dir='ltr' id='par_1_85' title="bbox 1951 2835 3553 2909">
     <span class='ocr_line' id='line_1_85' title="bbox 1951 2835 3553 2909; baseline 0.003 -19"><span class='ocrx_word' id='word_1_582' title='bbox 1951 2835 2155 2891; x_wconf 84' lang='lat' dir='ltr'><strong>solent.</strong></span> <span class='ocrx_word' id='word_1_583' title='bbox 2191 2836 2453 2892; x_wconf 63' lang='lat' dir='ltr'><strong>Nam&#39;ubi</strong></span> <span class='ocrx_word' id='word_1_584' title='bbox 2483 2838 2604 2892; x_wconf 89' lang='lat' dir='ltr'><strong>vult</strong></span> <span class='ocrx_word' id='word_1_585' title='bbox 2634 2836 2799 2900; x_wconf 86' lang='lat' dir='ltr'><strong>Deus,</strong></span> <span class='ocrx_word' id='word_1_586' title='bbox 2852 2836 3148 2907; x_wconf 83' lang='lat' dir='ltr'><strong>subjicitur</strong></span> <span class='ocrx_word' id='word_1_587' title='bbox 3177 2844 3374 2893; x_wconf 87' lang='lat' dir='ltr'><strong>natura</strong></span> <span class='ocrx_word' id='word_1_588' title='bbox 3412 2854 3553 2909; x_wconf 73' lang='lat' dir='ltr'><strong>pra:-</strong></span> 
     </span>
    </p>
   </div>
   <div class='ocr_carea' id='block_1_86' title="bbox 1953 2928 3553 3001">
    <p class='ocr_par' dir='ltr' id='par_1_86' title="bbox 1953 2928 3553 3001">
     <span class='ocr_line' id='line_1_86' title="bbox 1953 2928 3553 3001; baseline 0.003 -21"><span class='ocrx_word' id='word_1_589' title='bbox 1953 2933 2038 2982; x_wconf 89' lang='lat' dir='ltr'><strong>ter</strong></span> <span class='ocrx_word' id='word_1_590' title='bbox 2061 2935 2315 2983; x_wconf 90' lang='lat' dir='ltr'><strong>naturam</strong></span> <span class='ocrx_word' id='word_1_591' title='bbox 2343 2928 2613 2985; x_wconf 79' lang='lat' dir='ltr'><strong>serviens.</strong></span> <span class='ocrx_word' id='word_1_592' title='bbox 2645 2928 2750 2984; x_wconf 91' lang='lat' dir='ltr'><strong>Sic-</strong></span> <span class='ocrx_word' id='word_1_593' title='bbox 2777 2944 2923 3001; x_wconf 86' lang='lat' dir='ltr'><strong>aqua</strong></span> <span class='ocrx_word' id='word_1_594' title='bbox 2958 2932 3015 2984; x_wconf 92' lang='lat' dir='ltr'><strong>in</strong></span> <span class='ocrx_word' id='word_1_595' title='bbox 3046 2932 3233 2985; x_wconf 89' lang='lat' dir='ltr'><strong>vinum</strong></span> <span class='ocrx_word' id='word_1_596' title='bbox 3270 2934 3553 2987; x_wconf 85' lang='lat' dir='ltr'><strong>converti-</strong></span> 
     </span>
    </p>
   </div>
   <div class='ocr_carea' id='block_1_87' title="bbox 1955 3022 3553 3095">
    <p class='ocr_par' dir='ltr' id='par_1_87' title="bbox 1955 3022 3553 3095">
     <span class='ocr_line' id='line_1_87' title="bbox 1955 3022 3553 3095; baseline 0.003 -18"><span class='ocrx_word' id='word_1_597' title='bbox 1955 3030 2046 3077; x_wconf 90' lang='lat' dir='ltr'><strong>tur</strong></span> <span class='ocrx_word' id='word_1_598' title='bbox 2071 3023 2127 3076; x_wconf 91' lang='lat' dir='ltr'><strong>in</strong></span> <span class='ocrx_word' id='word_1_599' title='bbox 2156 3022 2309 3077; x_wconf 82' lang='lat' dir='ltr'><strong>Cana</strong></span> <span class='ocrx_word' id='word_1_600' title='bbox 2335 3022 2611 3089; x_wconf 68' lang='lat' dir='ltr'><strong>Galilecm;</strong></span> <span class='ocrx_word' id='word_1_601' title='bbox 2659 3025 2741 3079; x_wconf 92' lang='lat' dir='ltr'><strong>sic</strong></span> <span class='ocrx_word' id='word_1_602' title='bbox 2776 3026 2831 3079; x_wconf 91' lang='lat' dir='ltr'><strong>in</strong></span> <span class='ocrx_word' id='word_1_603' title='bbox 2874 3023 3113 3095; x_wconf 65' lang='lat' dir='ltr'><strong>Egypto</strong></span> <span class='ocrx_word' id='word_1_604' title='bbox 3139 3026 3367 3079; x_wconf 88' lang='lat' dir='ltr'><strong>rubrum</strong></span> <span class='ocrx_word' id='word_1_605' title='bbox 3396 3026 3553 3081; x_wconf 82' lang='lat' dir='ltr'><strong>colo-</strong></span> 
     </span>
    </p>
   </div>
   <div class='ocr_carea' id='block_1_88' title="bbox 1958 3112 3550 3185">
    <p class='ocr_par' dir='ltr' id='par_1_88' title="bbox 1958 3112 3550 3185">
     <span class='ocr_line' id='line_1_88' title="bbox 1958 3112 3550 3185; baseline 0.003 -17"><span class='ocrx_word' id='word_1_606' title='bbox 1958 3128 2074 3168; x_wconf 83' lang='lat' dir='ltr'><strong>rem</strong></span> <span class='ocrx_word' id='word_1_607' title='bbox 2121 3114 2323 3184; x_wconf 82' lang='lat' dir='ltr'><strong>accipit</strong></span> <span class='ocrx_word' id='word_1_608' title='bbox 2363 3112 2557 3182; x_wconf 81' lang='lat' dir='ltr'><strong>Nilus;</strong></span> <span class='ocrx_word' id='word_1_609' title='bbox 2589 3116 2672 3171; x_wconf 88' lang='lat' dir='ltr'><strong>sic</strong></span> <span class='ocrx_word' id='word_1_610' title='bbox 2709 3123 2909 3185; x_wconf 69' lang='lat' dir='ltr'><strong>prreter</strong></span> <span class='ocrx_word' id='word_1_611' title='bbox 2941 3124 3200 3171; x_wconf 87' lang='lat' dir='ltr'><strong>naturam</strong></span> <span class='ocrx_word' id='word_1_612' title='bbox 3235 3117 3413 3173; x_wconf 90' lang='lat' dir='ltr'><strong>instar</strong></span> <span class='ocrx_word' id='word_1_613' title='bbox 3440 3126 3550 3173; x_wconf 81' lang='lat' dir='ltr'><strong>ter-</strong></span> 
     </span>
    </p>
   </div>
   <div class='ocr_carea' id='block_1_89' title="bbox 1956 3204 3548 3274">
    <p class='ocr_par' dir='ltr' id='par_1_89' title="bbox 1956 3204 3548 3274">
     <span class='ocr_line' id='line_1_89' title="bbox 1956 3204 3548 3274; baseline 0.001 -14"><span class='ocrx_word' id='word_1_614' title='bbox 1956 3219 2033 3260; x_wconf 67' lang='lat' dir='ltr'><strong>ra:</strong></span> <span class='ocrx_word' id='word_1_615' title='bbox 2076 3204 2407 3274; x_wconf 84' lang='lat' dir='ltr'><strong>permeabile</strong></span> <span class='ocrx_word' id='word_1_616' title='bbox 2436 3204 2496 3259; x_wconf 85' lang='lat' dir='ltr'><strong>ﬁt</strong></span> <span class='ocrx_word' id='word_1_617' title='bbox 2537 3220 2690 3262; x_wconf 88' lang='lat' dir='ltr'><strong>mare</strong></span> <span class='ocrx_word' id='word_1_618' title='bbox 2724 3204 3001 3271; x_wconf 77' lang='lat' dir='ltr'><strong>Rubrum,</strong></span> <span class='ocrx_word' id='word_1_619' title='bbox 3032 3206 3209 3261; x_wconf 87' lang='lat' dir='ltr'><strong>instar</strong></span> <span class='ocrx_word' id='word_1_620' title='bbox 3260 3222 3548 3263; x_wconf 87' lang='lat' dir='ltr'><strong>murorum</strong></span> 
     </span>
    </p>
   </div>
   <div class='ocr_carea' id='block_1_90' title="bbox 1954 3296 3549 3369">
    <p class='ocr_par' dir='ltr' id='par_1_90' title="bbox 1954 3296 3549 3369">
     <span class='ocr_line' id='line_1_90' title="bbox 1954 3296 3549 3369; baseline 0.002 -16"><span class='ocrx_word' id='word_1_621' title='bbox 1954 3304 2235 3353; x_wconf 68' lang='lat' dir='ltr'><strong>sectortsm</strong></span> <span class='ocrx_word' id='word_1_622' title='bbox 2267 3296 2622 3353; x_wconf 85' lang='lat' dir='ltr'><strong>constabilita</strong></span> <span class='ocrx_word' id='word_1_623' title='bbox 2650 3313 2817 3369; x_wconf 82' lang='lat' dir='ltr'><strong>aqua,</strong></span> <span class='ocrx_word' id='word_1_624' title='bbox 2848 3309 2902 3353; x_wconf 88' lang='lat' dir='ltr'><strong>et</strong></span> <span class='ocrx_word' id='word_1_625' title='bbox 2940 3298 2993 3353; x_wconf 90' lang='lat' dir='ltr'><strong>in</strong></span> <span class='ocrx_word' id='word_1_626' title='bbox 3042 3298 3200 3353; x_wconf 88' lang='lat' dir='ltr'><strong>arido</strong></span> <span class='ocrx_word' id='word_1_627' title='bbox 3236 3297 3406 3356; x_wconf 79' lang='lat' dir='ltr'><strong>fundo</strong></span> <span class='ocrx_word' id='word_1_628' title='bbox 3435 3315 3549 3356; x_wconf 90' lang='lat' dir='ltr'><strong>non</strong></span> 
     </span>
    </p>
   </div>
   <div class='ocr_carea' id='block_1_91' title="bbox 1954 3386 3551 3459">
    <p class='ocr_par' dir='ltr' id='par_1_91' title="bbox 1954 3386 3551 3459">
     <span class='ocr_line' id='line_1_91' title="bbox 1954 3386 3551 3459; baseline 0.003 -16"><span class='ocrx_word' id='word_1_629' title='bbox 1954 3386 2211 3443; x_wconf 88' lang='lat' dir='ltr'><strong>madente</strong></span> <span class='ocrx_word' id='word_1_630' title='bbox 2240 3388 2544 3458; x_wconf 87' lang='lat' dir='ltr'><strong>pertransit</strong></span> <span class='ocrx_word' id='word_1_631' title='bbox 2584 3389 2846 3459; x_wconf 87' lang='lat' dir='ltr'><strong>populus.</strong></span> <span class='ocrx_word' id='word_1_632' title='bbox 2879 3387 2966 3443; x_wconf 86' lang='lat' dir='ltr'><strong>Sit</strong></span> <span class='ocrx_word' id='word_1_633' title='bbox 2994 3403 3127 3443; x_wconf 89' lang='lat' dir='ltr'><strong>vero</strong></span> <span class='ocrx_word' id='word_1_634' title='bbox 3165 3389 3263 3445; x_wconf 89' lang='lat' dir='ltr'><strong>tibi</strong></span> <span class='ocrx_word' id='word_1_635' title='bbox 3291 3390 3551 3447; x_wconf 78' lang='lat' dir='ltr'><strong>incredu-</strong></span> 
     </span>
    </p>
   </div>
   <div class='ocr_carea' id='block_1_92' title="bbox 1952 3474 3547 3552">
    <p class='ocr_par' dir='ltr' id='par_1_92' title="bbox 1952 3474 3547 3552">
     <span class='ocr_line' id='line_1_92' title="bbox 1952 3474 3547 3552; baseline 0.003 -19"><span class='ocrx_word' id='word_1_636' title='bbox 1952 3478 2128 3534; x_wconf 88' lang='lat' dir='ltr'><strong>litatis</strong></span> <span class='ocrx_word' id='word_1_637' title='bbox 2158 3478 2455 3552; x_wconf 78' lang='lat' dir='ltr'><strong>castigatio</strong></span> <span class='ocrx_word' id='word_1_638' title='bbox 2484 3474 2689 3535; x_wconf 82' lang='lat' dir='ltr'><strong>exosus</strong></span> <span class='ocrx_word' id='word_1_639' title='bbox 2717 3478 2828 3533; x_wconf 87' lang='lat' dir='ltr'><strong>Deo</strong></span> <span class='ocrx_word' id='word_1_640' title='bbox 2858 3477 3097 3541; x_wconf 84' lang='lat' dir='ltr'><strong>Pharao,</strong></span> <span class='ocrx_word' id='word_1_641' title='bbox 3130 3480 3290 3552; x_wconf 89' lang='lat' dir='ltr'><strong>aquis</strong></span> <span class='ocrx_word' id='word_1_642' title='bbox 3318 3481 3547 3538; x_wconf 80' lang='lat' dir='ltr'><strong>marinis</strong></span> 
     </span>
    </p>
   </div>
   <div class='ocr_carea' id='block_1_93' title="bbox 1952 3568 3550 3640">
    <p class='ocr_par' dir='ltr' id='par_1_93' title="bbox 1952 3568 3550 3640">
     <span class='ocr_line' id='line_1_93' title="bbox 1952 3568 3550 3640; baseline 0.003 -16"><span class='ocrx_word' id='word_1_643' title='bbox 1952 3568 2288 3637; x_wconf 84' lang='lat' dir='ltr'><strong>immersus;</strong></span> <span class='ocrx_word' id='word_1_644' title='bbox 2319 3585 2445 3624; x_wconf 88' lang='lat' dir='ltr'><strong>nam</strong></span> <span class='ocrx_word' id='word_1_645' title='bbox 2473 3570 2566 3640; x_wconf 90' lang='lat' dir='ltr'><strong>qui</strong></span> <span class='ocrx_word' id='word_1_646' title='bbox 2593 3570 2748 3623; x_wconf 90' lang='lat' dir='ltr'><strong>illum</strong></span> <span class='ocrx_word' id='word_1_647' title='bbox 2790 3570 2845 3624; x_wconf 91' lang='lat' dir='ltr'><strong>in</strong></span> <span class='ocrx_word' id='word_1_648' title='bbox 2892 3571 3083 3626; x_wconf 88' lang='lat' dir='ltr'><strong>eodem</strong></span> <span class='ocrx_word' id='word_1_649' title='bbox 3127 3573 3365 3625; x_wconf 85' lang='lat' dir='ltr'><strong>transitu</strong></span> <span class='ocrx_word' id='word_1_650' title='bbox 3411 3573 3550 3628; x_wconf 87' lang='lat' dir='ltr'><strong>sub-</strong></span> 
     </span>
    </p>
   </div>
   <div class='ocr_carea' id='block_1_94' title="bbox 1952 3661 3545 3737">
    <p class='ocr_par' dir='ltr' id='par_1_94' title="bbox 1952 3661 3545 3737">
     <span class='ocr_line' id='line_1_94' title="bbox 1952 3661 3545 3737; baseline 0.003 -22"><span class='ocrx_word' id='word_1_651' title='bbox 1952 3676 2196 3715; x_wconf 89' lang='lat' dir='ltr'><strong>mersum</strong></span> <span class='ocrx_word' id='word_1_652' title='bbox 2241 3662 2426 3717; x_wconf 85' lang='lat' dir='ltr'><strong>obruit</strong></span> <span class='ocrx_word' id='word_1_653' title='bbox 2457 3661 2746 3727; x_wconf 83' lang='lat' dir='ltr'><strong>ﬂuctibus,</strong></span> <span class='ocrx_word' id='word_1_654' title='bbox 2800 3662 2948 3717; x_wconf 87' lang='lat' dir='ltr'><strong>idem</strong></span> <span class='ocrx_word' id='word_1_655' title='bbox 2995 3663 3126 3717; x_wconf 90' lang='lat' dir='ltr'><strong>olim</strong></span> <span class='ocrx_word' id='word_1_656' title='bbox 3163 3666 3313 3719; x_wconf 87' lang='lat' dir='ltr'><strong>velut</strong></span> <span class='ocrx_word' id='word_1_657' title='bbox 3349 3667 3545 3737; x_wconf 84' lang='lat' dir='ltr'><strong>pellem</strong></span> 
     </span>
    </p>
   </div>
   <div class='ocr_carea' id='block_1_95' title="bbox 1952 3752 3551 3826">
    <p class='ocr_par' dir='ltr' id='par_1_95' title="bbox 1952 3752 3551 3826">
     <span class='ocr_line' id='line_1_95' title="bbox 1952 3752 3551 3826; baseline 0.006 -22"><span class='ocrx_word' id='word_1_658' title='bbox 1952 3752 2194 3821; x_wconf 85' lang='lat' dir='ltr'><strong>aliquam</strong></span> <span class='ocrx_word' id='word_1_659' title='bbox 2220 3754 2421 3807; x_wconf 66' lang='lat' dir='ltr'><strong>caelum</strong></span> <span class='ocrx_word' id='word_1_660' title='bbox 2445 3753 2715 3816; x_wconf 80' lang='lat' dir='ltr'><strong>extendit,</strong></span> <span class='ocrx_word' id='word_1_661' title='bbox 2747 3769 2913 3823; x_wconf 85' lang='lat' dir='ltr'><strong>supra</strong></span> <span class='ocrx_word' id='word_1_662' title='bbox 2942 3761 3143 3808; x_wconf 86' lang='lat' dir='ltr'><strong>terram</strong></span> <span class='ocrx_word' id='word_1_663' title='bbox 3168 3756 3392 3826; x_wconf 88' lang='lat' dir='ltr'><strong>quidem</strong></span> <span class='ocrx_word' id='word_1_664' title='bbox 3413 3770 3551 3812; x_wconf 84' lang='lat' dir='ltr'><strong>con-</strong></span> 
     </span>
    </p>
   </div>
   <div class='ocr_carea' id='block_1_96' title="bbox 1950 3843 3548 3916">
    <p class='ocr_par' dir='ltr' id='par_1_96' title="bbox 1950 3843 3548 3916">
     <span class='ocr_line' id='line_1_96' title="bbox 1950 3843 3548 3916; baseline 0.004 -19"><span class='ocrx_word' id='word_1_665' title='bbox 1950 3857 2147 3897; x_wconf 79' lang='lat' dir='ltr'><strong>vexum</strong></span> <span class='ocrx_word' id='word_1_666' title='bbox 2178 3843 2356 3913; x_wconf 84' lang='lat' dir='ltr'><strong>ipsum</strong></span> <span class='ocrx_word' id='word_1_667' title='bbox 2405 3844 2661 3909; x_wconf 85' lang='lat' dir='ltr'><strong>elevans;</strong></span> <span class='ocrx_word' id='word_1_668' title='bbox 2702 3859 2868 3915; x_wconf 85' lang='lat' dir='ltr'><strong>super</strong></span> <span class='ocrx_word' id='word_1_669' title='bbox 2900 3844 3161 3916; x_wconf 82' lang='lat' dir='ltr'><strong>abyssum</strong></span> <span class='ocrx_word' id='word_1_670' title='bbox 3200 3854 3383 3902; x_wconf 84' lang='lat' dir='ltr'><strong>autem</strong></span> <span class='ocrx_word' id='word_1_671' title='bbox 3420 3846 3548 3903; x_wconf 76' lang='lat' dir='ltr'><strong>fun—</strong></span> 
     </span>
    </p>
   </div>
   <div class='ocr_carea' id='block_1_97' title="bbox 1949 3933 3545 4002">
    <p class='ocr_par' dir='ltr' id='par_1_97' title="bbox 1949 3933 3545 4002">
     <span class='ocr_line' id='line_1_97' title="bbox 1949 3933 3545 4002; baseline 0.004 -14"><span class='ocrx_word' id='word_1_672' title='bbox 1949 3933 2113 3995; x_wconf 87' lang='lat' dir='ltr'><strong>daus,</strong></span> <span class='ocrx_word' id='word_1_673' title='bbox 2143 3933 2609 4002; x_wconf 74' lang='lat' dir='ltr'><strong>quemadmodum</strong></span> <span class='ocrx_word' id='word_1_674' title='bbox 2655 3935 2819 3990; x_wconf 88' lang='lat' dir='ltr'><strong>docet</strong></span> <span class='ocrx_word' id='word_1_675' title='bbox 2867 3935 3182 3991; x_wconf 85' lang='lat' dir='ltr'><strong>divinorum</strong></span> <span class='ocrx_word' id='word_1_676' title='bbox 3234 3938 3545 3994; x_wconf 87' lang='lat' dir='ltr'><strong>carminum</strong></span> 
     </span>
    </p>
   </div>
   <div class='ocr_carea' id='block_1_98' title="bbox 1951 4022 3548 4100">
    <p class='ocr_par' dir='ltr' id='par_1_98' title="bbox 1951 4022 3548 4100">
     <span class='ocr_line' id='line_1_98' title="bbox 1951 4022 3548 4100; baseline 0.003 -21"><span class='ocrx_word' id='word_1_677' title='bbox 1951 4031 2181 4079; x_wconf 85' lang='lat' dir='ltr'><strong>auctor:</strong></span> <span class='ocrx_word' id='word_1_678' title='bbox 2213 4022 2517 4079; x_wconf 73' lang='lat' dir='ltr'><strong>Extendens</strong></span> <span class='ocrx_word' id='word_1_679' title='bbox 2544 4026 2733 4080; x_wconf 70' lang='lat' dir='ltr'><strong>caelum</strong></span> <span class='ocrx_word' id='word_1_680' title='bbox 2764 4029 2900 4081; x_wconf 80' lang='lat' dir='ltr'><strong>velut</strong></span> <span class='ocrx_word' id='word_1_681' title='bbox 2934 4027 3143 4096; x_wconf 83' lang='lat' dir='ltr'><strong>pellem,</strong></span> <span class='ocrx_word' id='word_1_682' title='bbox 3192 4037 3363 4098; x_wconf 81' lang='lat' dir='ltr'><strong>tegens</strong></span> <span class='ocrx_word' id='word_1_683' title='bbox 3393 4030 3548 4100; x_wconf 83' lang='lat' dir='ltr'><strong>aquis</strong></span> 
     </span>
    </p>
   </div>
   <div class='ocr_carea' id='block_1_99' title="bbox 1949 4117 3544 4193">
    <p class='ocr_par' dir='ltr' id='par_1_99' title="bbox 1949 4117 3544 4193">
     <span class='ocr_line' id='line_1_99' title="bbox 1949 4117 3544 4193; baseline 0.003 -22"><span class='ocrx_word' id='word_1_684' title='bbox 1949 4117 2226 4187; x_wconf 82' lang='lat' dir='ltr'><strong>superiora</strong></span> <span class='ocrx_word' id='word_1_685' title='bbox 2262 4118 2377 4182; x_wconf 81' lang='lat' dir='ltr'><strong>eius</strong></span> <span class='ocrx_word' id='word_1_686' title='bbox 2412 4120 2478 4171; x_wconf 80' lang='lat'><strong>”.</strong></span> <span class='ocrx_word' id='word_1_687' title='bbox 2532 4119 2705 4189; x_wconf 77' lang='lat' dir='ltr'><strong>Atque</strong></span> <span class='ocrx_word' id='word_1_688' title='bbox 2738 4119 2826 4173; x_wconf 88' lang='lat' dir='ltr'><strong>hic</strong></span> <span class='ocrx_word' id='word_1_689' title='bbox 2851 4120 3000 4175; x_wconf 82' lang='lat' dir='ltr'><strong>venit</strong></span> <span class='ocrx_word' id='word_1_690' title='bbox 3029 4121 3113 4176; x_wconf 77' lang='lat' dir='ltr'><strong>’ad</strong></span> <span class='ocrx_word' id='word_1_691' title='bbox 3164 4137 3288 4186; x_wconf 89' lang='lat' dir='ltr'><strong>nos,</strong></span> <span class='ocrx_word' id='word_1_692' title='bbox 3340 4122 3544 4193; x_wconf 87' lang='lat' dir='ltr'><strong>inquit,</strong></span> 
     </span>
    </p>
   </div>
   <div class='ocr_carea' id='block_1_100' title="bbox 1948 4210 3539 4281">
    <p class='ocr_par' dir='ltr' id='par_1_100' title="bbox 1948 4210 3539 4281">
     <span class='ocr_line' id='line_1_100' title="bbox 1948 4210 3539 4281; baseline 0.004 -18"><span class='ocrx_word' id='word_1_693' title='bbox 1948 4210 2290 4281; x_wconf 85' lang='lat' dir='ltr'><strong>temporibus</strong></span> <span class='ocrx_word' id='word_1_694' title='bbox 2316 4210 2582 4267; x_wconf 79' lang='lat' dir='ltr'><strong>extremis</strong></span> <span class='ocrx_word' id='word_1_695' title='bbox 2610 4226 2833 4265; x_wconf 87' lang='lat' dir='ltr'><strong>carnem</strong></span> <span class='ocrx_word' id='word_1_696' title='bbox 2881 4222 3129 4281; x_wconf 76' lang='lat' dir='ltr'><strong>gestans,</strong></span> <span class='ocrx_word' id='word_1_697' title='bbox 3160 4220 3215 4269; x_wconf 90' lang='lat' dir='ltr'><strong>et</strong></span> <span class='ocrx_word' id='word_1_698' title='bbox 3248 4213 3539 4269; x_wconf 88' lang='lat' dir='ltr'><strong>humidum</strong></span> 
     </span>
    </p>
   </div>
   <div class='ocr_carea' id='block_1_101' title="bbox 1949 4301 3300 4373">
    <p class='ocr_par' dir='ltr' id='par_1_101' title="bbox 1949 4301 3300 4373">
     <span class='ocr_line' id='line_1_101' title="bbox 1949 4301 3300 4373; baseline 0.003 -18"><span class='ocrx_word' id='word_1_699' title='bbox 1949 4301 2320 4373; x_wconf 88' lang='lat' dir='ltr'><strong>instabileque</strong></span> <span class='ocrx_word' id='word_1_700' title='bbox 2352 4316 2504 4357; x_wconf 86' lang='lat' dir='ltr'><strong>mare</strong></span> <span class='ocrx_word' id='word_1_701' title='bbox 2529 4301 2698 4357; x_wconf 82' lang='lat' dir='ltr'><strong>siccis</strong></span> <span class='ocrx_word' id='word_1_702' title='bbox 2728 4303 2964 4371; x_wconf 89' lang='lat' dir='ltr'><strong>pedibus</strong></span> <span class='ocrx_word' id='word_1_703' title='bbox 2996 4305 3300 4361; x_wconf 86' lang='lat' dir='ltr'><strong>transiens.</strong></span> 
     </span>
    </p>
   </div>
   <div class='ocr_carea' id='block_1_102' title="bbox 2342 4391 3141 4461">
    <p class='ocr_par' dir='ltr' id='par_1_102' title="bbox 2342 4391 3141 4461">
     <span class='ocr_line' id='line_1_102' title="bbox 2342 4391 3141 4461; baseline 0.001 -13"><span class='ocrx_word' id='word_1_704' title='bbox 2342 4391 2868 4461; x_wconf 71' lang='lat' dir='ltr'><strong>INTERROGATIO</strong></span> <span class='ocrx_word' id='word_1_705' title='bbox 2908 4392 3141 4449; x_wconf 85' lang='lat' dir='ltr'><strong>vam.</strong></span> 
     </span>
    </p>
   </div>
   <div class='ocr_carea' id='block_1_103' title="bbox 2032 4484 3545 4561">
    <p class='ocr_par' dir='ltr' id='par_1_103' title="bbox 2032 4484 3545 4561">
     <span class='ocr_line' id='line_1_103' title="bbox 2032 4484 3545 4561; baseline 0.005 -23"><span class='ocrx_word' id='word_1_706' title='bbox 2032 4484 2197 4555; x_wconf 81' lang='lat' dir='ltr'><strong>Atqui</strong></span> <span class='ocrx_word' id='word_1_707' title='bbox 2227 4484 2341 4553; x_wconf 88' lang='lat' dir='ltr'><strong>jam</strong></span> <span class='ocrx_word' id='word_1_708' title='bbox 2388 4494 2516 4539; x_wconf 86' lang='lat' dir='ltr'><strong>ante</strong></span> <span class='ocrx_word' id='word_1_709' title='bbox 2546 4486 2602 4539; x_wconf 89' lang='lat' dir='ltr'><strong>in</strong></span> <span class='ocrx_word' id='word_1_710' title='bbox 2638 4485 3078 4555; x_wconf 62' lang='lat' dir='ltr'><strong>praecedentibus</strong></span> <span class='ocrx_word' id='word_1_711' title='bbox 3109 4487 3425 4561; x_wconf 72' lang='lat' dir='ltr'><strong>rogavimus</strong></span> <span class='ocrx_word' id='word_1_712' title='bbox 3470 4496 3545 4555; x_wconf 81' lang='lat' dir='ltr'><strong>te,</strong></span> 
     </span>
    </p>
   </div>
   <div class='ocr_carea' id='block_1_104' title="bbox 1955 4576 3548 4649">
    <p class='ocr_par' dir='ltr' id='par_1_104' title="bbox 1955 4576 3548 4649">
     <span class='ocr_line' id='line_1_104' title="bbox 1955 4576 3548 4649; baseline 0.002 -18"><span class='ocrx_word' id='word_1_713' title='bbox 1955 4577 2051 4649; x_wconf 88' lang='lat' dir='ltr'><strong>qui</strong></span> <span class='ocrx_word' id='word_1_714' title='bbox 2106 4593 2208 4631; x_wconf 89' lang='lat' dir='ltr'><strong>nos</strong></span> <span class='ocrx_word' id='word_1_715' title='bbox 2244 4576 2470 4643; x_wconf 85' lang='lat' dir='ltr'><strong>toleres,</strong></span> <span class='ocrx_word' id='word_1_716' title='bbox 2501 4577 2632 4631; x_wconf 87' lang='lat' dir='ltr'><strong>dum</strong></span> <span class='ocrx_word' id='word_1_717' title='bbox 2664 4578 3096 4648; x_wconf 82' lang='lat' dir='ltr'><strong>interrogamus,</strong></span> <span class='ocrx_word' id='word_1_718' title='bbox 3130 4594 3239 4633; x_wconf 90' lang='lat' dir='ltr'><strong>non</strong></span> <span class='ocrx_word' id='word_1_719' title='bbox 3278 4586 3337 4633; x_wconf 94' lang='lat' dir='ltr'><strong>ut</strong></span> <span class='ocrx_word' id='word_1_720' title='bbox 3366 4579 3548 4634; x_wconf 82' lang='lat' dir='ltr'><strong>incre-</strong></span> 
     </span>
    </p>
   </div>
   <div class='ocr_carea' id='block_1_105' title="bbox 1953 4668 3545 4742">
    <p class='ocr_par' dir='ltr' id='par_1_105' title="bbox 1953 4668 3545 4742">
     <span class='ocr_line' id='line_1_105' title="bbox 1953 4668 3545 4742; baseline 0.003 -19"><span class='ocrx_word' id='word_1_721' title='bbox 1953 4668 2091 4732; x_wconf 92' lang='lat' dir='ltr'><strong>duli,</strong></span> <span class='ocrx_word' id='word_1_722' title='bbox 2126 4668 2222 4723; x_wconf 87' lang='lat' dir='ltr'><strong>sed</strong></span> <span class='ocrx_word' id='word_1_723' title='bbox 2246 4669 2403 4738; x_wconf 89' lang='lat' dir='ltr'><strong>quasi</strong></span> <span class='ocrx_word' id='word_1_724' title='bbox 2435 4670 2529 4737; x_wconf 90' lang='lat' dir='ltr'><strong>qui</strong></span> <span class='ocrx_word' id='word_1_725' title='bbox 2557 4669 2789 4723; x_wconf 89' lang='lat' dir='ltr'><strong>aliorum</strong></span> <span class='ocrx_word' id='word_1_726' title='bbox 2817 4669 3047 4725; x_wconf 82' lang='lat' dir='ltr'><strong>vocibus</strong></span> <span class='ocrx_word' id='word_1_727' title='bbox 3077 4677 3316 4735; x_wconf 88' lang='lat' dir='ltr'><strong>utentes,</strong></span> <span class='ocrx_word' id='word_1_728' title='bbox 3348 4686 3448 4742; x_wconf 88' lang='lat' dir='ltr'><strong>per</strong></span> <span class='ocrx_word' id='word_1_729' title='bbox 3490 4679 3545 4728; x_wconf 85' lang='lat' dir='ltr'><strong>te</strong></span> 
     </span>
    </p>
   </div>
   <div class='ocr_carea' id='block_1_106' title="bbox 1952 4759 2504 4816">
    <p class='ocr_par' dir='ltr' id='par_1_106' title="bbox 1952 4759 2504 4816">
     <span class='ocr_line' id='line_1_106' title="bbox 1952 4759 2504 4816; baseline 0.002 -1"><span class='ocrx_word' id='word_1_730' title='bbox 1952 4759 2189 4816; x_wconf 77' lang='lat' dir='ltr'><strong>velimus</strong></span> <span class='ocrx_word' id='word_1_731' title='bbox 2220 4760 2504 4816; x_wconf 83' lang='lat' dir='ltr'><strong>aediﬁcari.</strong></span> 
     </span>
    </p>
   </div>
   <div class='ocr_carea' id='block_1_107' title="bbox 2594 4851 2902 4923">
    <p class='ocr_par' dir='ltr' id='par_1_107' title="bbox 2594 4851 2902 4923">
     <span class='ocr_line' id='line_1_107' title="bbox 2594 4851 2902 4923; baseline 0.006 -17"><span class='ocrx_word' id='word_1_732' title='bbox 2594 4851 2902 4923; x_wconf 80' lang='lat' dir='ltr'><strong>Responsio.</strong></span> 
     </span>
    </p>
   </div>
   <div class='ocr_carea' id='block_1_108' title="bbox 2027 4940 3545 5013">
    <p class='ocr_par' dir='ltr' id='par_1_108' title="bbox 2027 4940 3545 5013">
     <span class='ocr_line' id='line_1_108' title="bbox 2027 4940 3545 5013; baseline 0.004 -17"><span class='ocrx_word' id='word_1_733' title='bbox 2027 4940 2142 5013; x_wconf 83' lang='lat' dir='ltr'><strong>Ego</strong></span> <span class='ocrx_word' id='word_1_734' title='bbox 2178 4958 2309 4998; x_wconf 92' lang='lat' dir='ltr'><strong>vero</strong></span> <span class='ocrx_word' id='word_1_735' title='bbox 2338 4960 2448 4999; x_wconf 91' lang='lat' dir='ltr'><strong>non</strong></span> <span class='ocrx_word' id='word_1_736' title='bbox 2481 4944 2581 5000; x_wconf 86' lang='lat' dir='ltr'><strong>abs</strong></span> <span class='ocrx_word' id='word_1_737' title='bbox 2612 4959 2672 5000; x_wconf 90' lang='lat' dir='ltr'><strong>re</strong></span> <span class='ocrx_word' id='word_1_738' title='bbox 2703 4955 2944 5001; x_wconf 85' lang='lat' dir='ltr'><strong>vestram</strong></span> <span class='ocrx_word' id='word_1_739' title='bbox 2974 4946 3233 5002; x_wconf 82' lang='lat' dir='ltr'><strong>eximiam</strong></span> <span class='ocrx_word' id='word_1_740' title='bbox 3264 4946 3545 5003; x_wconf 86' lang='lat' dir='ltr'><strong>subtilita-</strong></span> 
     </span>
    </p>
   </div>
   <div class='ocr_carea' id='block_1_109' title="bbox 1953 5037 3549 5111">
    <p class='ocr_par' dir='ltr' id='par_1_109' title="bbox 1953 5037 3549 5111">
     <span class='ocr_line' id='line_1_109' title="bbox 1953 5037 3549 5111; baseline 0.004 -22"><span class='ocrx_word' id='word_1_741' title='bbox 1953 5042 2064 5090; x_wconf 91' lang='lat' dir='ltr'><strong>tem</strong></span> <span class='ocrx_word' id='word_1_742' title='bbox 2087 5050 2207 5100; x_wconf 91' lang='lat' dir='ltr'><strong>oro,</strong></span> <span class='ocrx_word' id='word_1_743' title='bbox 2233 5053 2301 5093; x_wconf 88' lang='lat' dir='ltr'><strong>ne</strong></span> <span class='ocrx_word' id='word_1_744' title='bbox 2324 5037 2647 5092; x_wconf 87' lang='lat' dir='ltr'><strong>claudicetis</strong></span> <span class='ocrx_word' id='word_1_745' title='bbox 2671 5053 2867 5109; x_wconf 83' lang='lat' dir='ltr'><strong>gressu</strong></span> <span class='ocrx_word' id='word_1_746' title='bbox 2900 5040 3103 5096; x_wconf 90' lang='lat' dir='ltr'><strong>mentis</strong></span> <span class='ocrx_word' id='word_1_747' title='bbox 3131 5041 3186 5094; x_wconf 87' lang='lat' dir='ltr'><strong>in</strong></span> <span class='ocrx_word' id='word_1_748' title='bbox 3215 5056 3549 5111; x_wconf 78' lang='lat' dir='ltr'><strong>cognoscen-</strong></span> 
     </span>
    </p>
   </div>
   <div class='ocr_carea' id='block_1_110' title="bbox 1952 5128 3545 5201">
    <p class='ocr_par' dir='ltr' id='par_1_110' title="bbox 1952 5128 3545 5201">
     <span class='ocr_line' id='line_1_110' title="bbox 1952 5128 3545 5201; baseline 0.004 -20"><span class='ocrx_word' id='word_1_749' title='bbox 1952 5128 2022 5181; x_wconf 91' lang='lat' dir='ltr'><strong>da</strong></span> <span class='ocrx_word' id='word_1_750' title='bbox 2053 5130 2309 5184; x_wconf 88' lang='lat' dir='ltr'><strong>veritate.</strong></span> <span class='ocrx_word' id='word_1_751' title='bbox 2361 5128 2627 5185; x_wconf 83' lang='lat' dir='ltr'><strong>Dabimus</strong></span> <span class='ocrx_word' id='word_1_752' title='bbox 2662 5138 2845 5184; x_wconf 88' lang='lat' dir='ltr'><strong>autem</strong></span> <span class='ocrx_word' id='word_1_753' title='bbox 2888 5131 3038 5185; x_wconf 86' lang='lat' dir='ltr'><strong>verbi</strong></span> <span class='ocrx_word' id='word_1_754' title='bbox 3070 5132 3244 5201; x_wconf 89' lang='lat' dir='ltr'><strong>gratia</strong></span> <span class='ocrx_word' id='word_1_755' title='bbox 3286 5133 3545 5188; x_wconf 88' lang='lat' dir='ltr'><strong>similitu-</strong></span> 
     </span>
    </p>
   </div>
   <div class='ocr_carea' id='block_1_111' title="bbox 1952 5217 3542 5297">
    <p class='ocr_par' dir='ltr' id='par_1_111' title="bbox 1952 5217 3542 5297">
     <span class='ocr_line' id='line_1_111' title="bbox 1952 5217 3542 5297; baseline 0.005 -25"><span class='ocrx_word' id='word_1_756' title='bbox 1952 5217 2159 5284; x_wconf 88' lang='lat' dir='ltr'><strong>dinem,</strong></span> <span class='ocrx_word' id='word_1_757' title='bbox 2189 5222 2349 5291; x_wconf 85' lang='lat' dir='ltr'><strong>quasi</strong></span> <span class='ocrx_word' id='word_1_758' title='bbox 2386 5230 2605 5275; x_wconf 88' lang='lat' dir='ltr'><strong>centum</strong></span> <span class='ocrx_word' id='word_1_759' title='bbox 2642 5221 2844 5277; x_wconf 83' lang='lat' dir='ltr'><strong>cubitis</strong></span> <span class='ocrx_word' id='word_1_760' title='bbox 2878 5230 3083 5277; x_wconf 89' lang='lat' dir='ltr'><strong>terram</strong></span> <span class='ocrx_word' id='word_1_761' title='bbox 3114 5224 3345 5279; x_wconf 85' lang='lat' dir='ltr'><strong>excedat</strong></span> <span class='ocrx_word' id='word_1_762' title='bbox 3377 5241 3542 5297; x_wconf 65' lang='lat' dir='ltr'><strong>aqua.</strong></span> 
     </span>
    </p>
   </div>
   <div class='ocr_carea' id='block_1_112' title="bbox 1951 5302 3543 5385">
    <p class='ocr_par' dir='ltr' id='par_1_112' title="bbox 1951 5302 3543 5385">
     <span class='ocr_line' id='line_1_112' title="bbox 1951 5302 3543 5385; baseline 0.003 -17"><span class='ocrx_word' id='word_1_763' title='bbox 1951 5311 2091 5368; x_wconf 83' lang='lat' dir='ltr'><strong>Cum</strong></span> <span class='ocrx_word' id='word_1_764' title='bbox 2127 5321 2311 5368; x_wconf 89' lang='lat' dir='ltr'><strong>autem</strong></span> <span class='ocrx_word' id='word_1_765' title='bbox 2359 5302 2592 5368; x_wconf 72' lang='lat' dir='ltr'><strong>dixisset</strong></span> <span class='ocrx_word' id='word_1_766' title='bbox 2641 5312 2786 5369; x_wconf 87' lang='lat' dir='ltr'><strong>Deus</strong></span> <span class='ocrx_word' id='word_1_767' title='bbox 2824 5333 2837 5370; x_wconf 91' lang='lat'><strong>:</strong></span> <span class='ocrx_word' id='word_1_768' title='bbox 2883 5314 3014 5368; x_wconf 79' lang='lat' dir='ltr'><strong>Fiat</strong></span> <span class='ocrx_word' id='word_1_769' title='bbox 3059 5317 3455 5385; x_wconf 80' lang='lat' dir='ltr'><strong>ﬁrmamentum</strong></span> <span class='ocrx_word' id='word_1_770' title='bbox 3488 5319 3543 5372; x_wconf 79' lang='lat' dir='ltr'><strong>in</strong></span> 
     </span>
    </p>
   </div>
   <div class='ocr_carea' id='block_1_113' title="bbox 1956 5403 3540 5480">
    <p class='ocr_par' dir='ltr' id='par_1_113' title="bbox 1956 5403 3540 5480">
     <span class='ocr_line' id='line_1_113' title="bbox 1956 5403 3540 5480; baseline 0.004 -23"><span class='ocrx_word' id='word_1_771' title='bbox 1956 5403 2127 5458; x_wconf 86' lang='lat' dir='ltr'><strong>medio</strong></span> <span class='ocrx_word' id='word_1_772' title='bbox 2178 5421 2352 5475; x_wconf 63' lang='lat' dir='ltr'><strong>aqua},</strong></span> <span class='ocrx_word' id='word_1_773' title='bbox 2395 5416 2443 5459; x_wconf 88' lang='lat' dir='ltr'><strong>et</strong></span> <span class='ocrx_word' id='word_1_774' title='bbox 2474 5403 2677 5459; x_wconf 83' lang='lat' dir='ltr'><strong>dividat</strong></span> <span class='ocrx_word' id='word_1_775' title='bbox 2730 5406 2869 5460; x_wconf 80' lang='lat' dir='ltr'><strong>inter</strong></span> <span class='ocrx_word' id='word_1_776' title='bbox 2915 5424 3107 5477; x_wconf 83' lang='lat' dir='ltr'><strong>aquam</strong></span> <span class='ocrx_word' id='word_1_777' title='bbox 3152 5419 3202 5463; x_wconf 84' lang='lat' dir='ltr'><strong>et</strong></span> <span class='ocrx_word' id='word_1_778' title='bbox 3234 5426 3427 5480; x_wconf 82' lang='lat' dir='ltr'><strong>aquam</strong></span> <span class='ocrx_word' id='word_1_779' title='bbox 3471 5410 3540 5475; x_wconf 79' lang='lat'><strong>&quot;,</strong></span> 
     </span>
    </p>
   </div>
   <div class='ocr_carea' id='block_1_114' title="bbox 1955 5494 3544 5569">
    <p class='ocr_par' dir='ltr' id='par_1_114' title="bbox 1955 5494 3544 5569">
     <span class='ocr_line' id='line_1_114' title="bbox 1955 5494 3544 5569; baseline 0.003 -21"><span class='ocrx_word' id='word_1_780' title='bbox 1955 5495 2372 5551; x_wconf 89' lang='lat' dir='ltr'><strong>constabilitum</strong></span> <span class='ocrx_word' id='word_1_781' title='bbox 2403 5512 2601 5554; x_wconf 88' lang='lat' dir='ltr'><strong>rursus</strong></span> <span class='ocrx_word' id='word_1_782' title='bbox 2627 5494 2800 5551; x_wconf 80' lang='lat' dir='ltr'><strong>fuisse</strong></span> <span class='ocrx_word' id='word_1_783' title='bbox 2831 5499 3175 5569; x_wconf 82' lang='lat' dir='ltr'><strong>crystallum.</strong></span> <span class='ocrx_word' id='word_1_784' title='bbox 3202 5502 3347 5569; x_wconf 87' lang='lat' dir='ltr'><strong>quod</strong></span> <span class='ocrx_word' id='word_1_785' title='bbox 3380 5500 3544 5555; x_wconf 86' lang='lat' dir='ltr'><strong>dimi-</strong></span> 
     </span>
    </p>
   </div>
   <div class='ocr_carea' id='block_1_115' title="bbox 1957 5585 3545 5662">
    <p class='ocr_par' dir='ltr' id='par_1_115' title="bbox 1957 5585 3545 5662">
     <span class='ocr_line' id='line_1_115' title="bbox 1957 5585 3545 5662; baseline 0.006 -23"><span class='ocrx_word' id='word_1_786' title='bbox 1957 5585 2106 5640; x_wconf 90' lang='lat' dir='ltr'><strong>dium</strong></span> <span class='ocrx_word' id='word_1_787' title='bbox 2152 5600 2419 5657; x_wconf 86' lang='lat' dir='ltr'><strong>aquarum</strong></span> <span class='ocrx_word' id='word_1_788' title='bbox 2469 5592 2760 5655; x_wconf 88' lang='lat' dir='ltr'><strong>sustineat,</strong></span> <span class='ocrx_word' id='word_1_789' title='bbox 2801 5593 3266 5662; x_wconf 87' lang='lat' dir='ltr'><strong>quemadmodum</strong></span> <span class='ocrx_word' id='word_1_790' title='bbox 3302 5596 3357 5648; x_wconf 91' lang='lat' dir='ltr'><strong>in</strong></span> <span class='ocrx_word' id='word_1_791' title='bbox 3400 5594 3545 5649; x_wconf 83' lang='lat' dir='ltr'><strong>vitro</strong></span> 
     </span>
    </p>
   </div>
   <div class='ocr_carea' id='block_1_116' title="bbox 329 5680 1852 5775">
    <p class='ocr_par' dir='ltr' id='par_1_116' title="bbox 329 5690 1852 5762">
     <span class='ocr_line' id='line_1_116' title="bbox 329 5690 1852 5762; baseline 0.005 -14"><span class='ocrx_word' id='word_1_792' title='bbox 329 5695 375 5724; x_wconf 81' lang='lat'><strong>”</strong></span> <span class='ocrx_word' id='word_1_793' title='bbox 412 5692 551 5749; x_wconf 86' lang='lat' dir='ltr'><strong>Gen.</strong></span> <span class='ocrx_word' id='word_1_794' title='bbox 590 5708 631 5758; x_wconf 84' lang='grc' dir='ltr'><strong>ι,</strong></span> <span class='ocrx_word' id='word_1_795' title='bbox 664 5693 716 5747; x_wconf 72' lang='grc'>1.</span> <span class='ocrx_word' id='word_1_796' title='bbox 796 5694 836 5727; x_wconf 78' lang='grc'>³⁷</span> <span class='ocrx_word' id='word_1_797' title='bbox 878 5695 1012 5751; x_wconf 86' lang='lat' dir='ltr'><strong>ibid.</strong></span> <span class='ocrx_word' id='word_1_798' title='bbox 1041 5690 1097 5751; x_wconf 85' lang='lat'><strong>6.</strong></span> <span class='ocrx_word' id='word_1_799' title='bbox 1175 5696 1217 5729; x_wconf 77' lang='lat'>“</span> <span class='ocrx_word' id='word_1_800' title='bbox 1258 5694 1364 5752; x_wconf 83' lang='lat' dir='ltr'><strong>lsa.</strong></span> <span class='ocrx_word' id='word_1_801' title='bbox 1395 5713 1483 5762; x_wconf 76' lang='lat' dir='ltr'><strong>XL,</strong></span> <span class='ocrx_word' id='word_1_802' title='bbox 1512 5695 1609 5753; x_wconf 74' lang='grc'><strong>22.</strong></span> <span class='ocrx_word' id='word_1_803' title='bbox 1685 5698 1730 5729; x_wconf 82' lang='grc'><strong>¹⁹</strong></span> <span class='ocrx_word' id='word_1_804' title='bbox 1772 5699 1852 5756; x_wconf 70' lang='grc' dir='ltr'><strong>ἱὺίι</strong></span> 
     </span>
    </p>
   </div>
   <div class='ocr_carea' id='block_1_117' title="bbox 1959 5680 2909 5775">
    <p class='ocr_par' dir='ltr' id='par_1_117' title="bbox 1983 5680 2909 5775">
     <span class='ocr_line' id='line_1_117' title="bbox 1983 5680 2909 5775; baseline 0.004 -18"><span class='ocrx_word' id='word_1_805' title='bbox 1983 5704 2028 5737; x_wconf 69' lang='grc' dir='ltr'><strong><em>το</em></strong></span> <span class='ocrx_word' id='word_1_806' title='bbox 2068 5703 2214 5759; x_wconf 87' lang='lat' dir='ltr'><strong>Psal.</strong></span> <span class='ocrx_word' id='word_1_807' title='bbox 2245 5719 2360 5769; x_wconf 87' lang='lat' dir='ltr'><strong>cm,</strong></span> <span class='ocrx_word' id='word_1_808' title='bbox 2391 5706 2445 5760; x_wconf 69' lang='grc' dir='ltr'><strong>ο.</strong></span> <span class='ocrx_word' id='word_1_809' title='bbox 2524 5680 2568 5739; x_wconf 64' lang='grc' dir='ltr'>εί</span> <span class='ocrx_word' id='word_1_810' title='bbox 2611 5708 2748 5764; x_wconf 87' lang='lat' dir='ltr'><strong>Gen.</strong></span> <span class='ocrx_word' id='word_1_811' title='bbox 2782 5724 2820 5775; x_wconf 86' lang='grc' dir='ltr'><strong>ι,</strong></span> <span class='ocrx_word' id='word_1_812' title='bbox 2858 5708 2909 5763; x_wconf 89' lang='grc'><strong>6.</strong></span> 
     </span>
    </p>
   </div>
   <div class='ocr_carea' id='block_1_118' title="bbox 332 5806 1621 5886">
    <p class='ocr_par' dir='ltr' id='par_1_118' title="bbox 332 5806 1621 5886">
     <span class='ocr_line' id='line_1_118' title="bbox 332 5806 1621 5886; baseline 0.001 -23"><span class='ocrx_word' id='word_1_813' title='bbox 332 5806 447 5881; x_wconf 62' lang='lat'><strong>(2‘2)</strong></span> <span class='ocrx_word' id='word_1_814' title='bbox 486 5809 888 5879; x_wconf 75' lang='grc' dir='ltr'>Κουφότερον.</span> <span class='ocrx_word' id='word_1_815' title='bbox 920 5810 1083 5868; x_wconf 81' lang='lat' dir='ltr'><strong>Forte</strong></span> <span class='ocrx_word' id='word_1_816' title='bbox 1112 5813 1437 5886; x_wconf 73' lang='grc' dir='ltr'>κουφότερα.</span> <span class='ocrx_word' id='word_1_817' title='bbox 1465 5812 1621 5866; x_wconf 74' lang='lat' dir='ltr'><strong>Eutr.</strong></span> 
     </span>
    </p>
   </div>
  </div>
