4020 6302
497 385 603 443 035

491 510 684 559 Videre
710 508 819 565 est,
843 515 908 555 ex
942 513 1053 571 quo
1079 499 1223 555 alius
1254 499 1328 555 sit
1358 508 1648 568 separatus
1680 498 1823 553 calix
1856 496 1953 568 qui
1975 495 2090 549 dis-

493 601 689 650 cernat
741 592 1041 663 dupliciter
1069 589 1218 663 quod
1262 589 1506 648 infusum
1551 598 1657 645 est.
1687 589 1861 661 Major
1904 597 2090 648 autem

493 684 646 739 omni
678 684 916 739 humana
939 683 1279 754 cogitatione
1314 671 1399 737 est
1428 680 1841 737 absolutissime
1872 682 2093 753 sapiens

494 776 777 847 operatrix
810 774 903 829 illa
937 775 1022 830 vis
1046 772 1162 845 Dei.
1196 773 1587 837 Animadverte
1619 788 1750 829 vero
1780 773 2093 832 evidentius

494 867 809 937 exemplum
837 866 906 921 de
934 865 1308 931 firmamento,
1338 880 1449 919 non
1477 874 1595 919 arte
1622 865 1964 931 mortalium,
1997 866 2095 923 sed

494 958 684 1014 divino
710 958 945 1014 consilio
975 959 1371 1022 constitutum,
1404 965 1460 1012 et
1490 958 1650 1027 quasi
1680 957 1949 1014 doctrinae
1970 974 2096 1030 gra-

494 1054 570 1106 tia
604 1052 764 1107 nobis
794 1051 1169 1121 propositum,
1201 1066 1375 1105 unum
1409 1066 1474 1105 ex
1506 1056 1744 1120 quatuor
1774 1048 2096 1106 ﬂuminibus

494 1144 571 1201 de
598 1144 845 1215 paradisi
877 1143 1029 1199 fonte
1061 1129 1385 1206 ﬂuentibus,
1414 1142 1564 1213 quod
1586 1139 1793 1199 Phison
1827 1158 1857 1196 a
1883 1142 2095 1199 doctri-

494 1248 566 1288 na
594 1242 807 1299 nostra,
844 1235 986 1305 apud
1024 1232 1248 1289 Grarcos
1282 1248 1412 1287 vero
1445 1231 1603 1298 Ister,
1632 1232 1777 1305 apud
1818 1229 2097 1289 Romanos

497 1318 817 1391 Danubius,
850 1337 905 1382 et
941 1329 1083 1397 apud
1126 1326 1339 1381 Gothos
1380 1324 1629 1382 Dunabis
1657 1327 2017 1399 appellatur;
2046 1328 2095 1383 si

495 1419 675 1473 hieme
722 1416 977 1487 congelet
1028 1424 1082 1471 et
1134 1416 1191 1471 in
1243 1415 1516 1485 lapideam
1558 1412 1813 1471 duritiem
1851 1427 2099 1473 mutetur

495 1510 680 1585 mollis
711 1509 808 1564 illa
843 1507 1091 1565 ﬂuminis
1117 1516 1341 1569 natura.
1376 1517 1435 1562 ut
1459 1506 1600 1563 ferre
1627 1508 1804 1578 possit
1834 1506 2095 1564 inceden-

494 1613 581 1661 tes
625 1602 684 1657 in
724 1618 791 1658 eo
824 1611 1093 1664 armatos,
1127 1612 1180 1655 et
1221 1601 1290 1654 ad
1338 1598 1740 1665 Romanorum,
1786 1601 2095 1672 Illyriorum

495 1697 887 1766 Thracumque
913 1694 1050 1750 lines
1080 1694 1501 1749 transeuntium
1540 1693 1977 1749 multitudinem.
2016 1692 2094 1747 ita

484 1808 630 1848 sane
662 1792 826 1846 etiam
865 1788 1002 1844 illud
1051 1789 1233 1857 ipsum
1273 1802 1341 1842 ex
1377 1800 1520 1857 aqua
1563 1787 1866 1841 stabilitum
1910 1786 2095 1841 ﬁrma-

496 1888 764 1935 mentum.
800 1876 1010 1932 Subtus
1032 1877 1255 1947 quidem
1287 1876 1517 1931 alluitur
1546 1876 1959 1933 subterlabente
1988 1876 2094 1931 ﬁu-

470 1971 666 2033 ‘mine,
715 1970 810 2023 sed
846 1982 1014 2037 supra
1049 1981 1109 2021 se
1150 1966 1257 2019 fert
1302 1981 1507 2036 equum
1555 1975 1609 2022 et
1650 1974 1951 2034 vectorem,
1993 1968 2094 2020 ali-

494 2061 720 2133 quoties
749 2061 831 2129 (ut
862 2056 1128 2119 cernitur)
1160 2069 1391 2109 numero
1418 2054 1602 2109 decies
1627 2053 1796 2109 mille.
1822 2051 1909 2107 Fit.
1928 2054 2094 2109 etiam

496 2149 817 2222 aliquando,
872 2158 930 2201 ut
980 2146 1278 2217 asperitate
1332 2144 1528 2200 hiemis
1590 2144 1983 2207 invalescente,
2040 2152 2098 2198 et

498 2249 885 2315 perseverante
922 2240 1148 2310 frigore,
1179 2236 1476 2292 vehemens
1509 2251 1651 2306 aqua
1670 2252 1701 2291 e
1728 2237 1969 2291 nubibus
2003 2234 2099 2291 de-

496 2338 669 2407 pluat,
701 2342 755 2390 et
785 2350 883 2403 per
912 2332 1084 2387 valles
1115 2340 1209 2385 aut
1253 2330 1523 2384 montium
1558 2330 1815 2396 vertices,
1852 2337 1949 2383 aut
1981 2329 2098 2385 col-

497 2432 576 2486 les
625 2441 879 2489 manans,
939 2425 1007 2479 ad
1066 2418 1310 2477 ﬁuminis
1370 2421 1775 2476 ﬁrmamentum
1831 2420 2093 2475 feratur:

495 2519 645 2593 quod
672 2519 1006 2589 diremptum
1050 2523 1306 2585 respectu
1344 2513 1466 2583 ejus
1496 2512 1645 2583 quod
1684 2526 1923 2583 superne
1953 2510 2097 2579 ﬁuit,

496 2610 653 2683 quasi
686 2611 991 2679 intercepto
1020 2622 1085 2661 ex
1119 2606 1279 2677 aquis
1310 2604 1674 2666 ﬁrmamento,
1704 2605 1914 2674 absque
1946 2617 2101 2657 com-

495 2704 760 2759 mistione
784 2699 1224 2769 confusioneque
1255 2704 1445 2752 manet
1468 2712 1593 2751 cum
1620 2711 1687 2752 eo
1717 2697 1863 2767 quod
1890 2696 2098 2753 subest.
2136 2686 2139 2689 ’

496 2792 824 2851 Consimilia
873 2806 974 2861 per
1018 2792 1200 2846 nivem
1258 2787 1546 2853 discimus,
1592 2802 1714 2860 quin
1760 2788 2033 2858 excipitur
2069 2801 2102 2841 a

497 2883 847 2937 firmamento
875 2880 944 2936 de
973 2894 1084 2951 quo
1114 2878 1375 2945 dicimus,
1411 2878 1487 2933 ita
1524 2886 1582 2933 ut
1616 2876 1688 2935 sit
1720 2876 1899 2948 ipsum
1930 2879 2101 2933 inter-

496 2973 738 3029 medium
762 2980 980 3042 septnm
1011 2969 1413 3042 crystallinum,
1448 2983 1712 3040 separans
1735 2970 1878 3025 inter
1900 2984 2100 3041 aquam

496 3072 554 3119 et
590 3079 809 3135 aquam,
848 3065 1023 3118 instar
1054 3061 1299 3120 celestis
1336 3061 1661 3121 ﬁrmamenti
1690 3061 1761 3116 ab
1788 3060 2022 3116 infernis
2048 3070 2104 3117 et

499 3158 860 3214 terrestribus
893 3142 1132 3227 superna
1177 3161 1231 3210 et
1265 3151 1688 3208 ultramundana
1712 3153 2099 3208 discernentis.

501 3253 637 3307 Dico
690 3260 876 3307 autem
936 3247 1169 3303 inﬁnitis
1224 3246 1403 3301 modis
1444 3244 1669 3311 fortius,
1710 3260 1874 3315 quam
1924 3244 2103 3300 hiems

500 3348 699 3418 possit,
733 3344 982 3398 divinum
1016 3339 1151 3396 illud
1183 3341 1505 3395 mandatum
1547 3337 1879 3393 stabilivisse
1925 3337 2102 3408 impo-

501 3440 669 3493 situm
705 3434 871 3504 capiti
906 3443 1097 3489 nostro
1134 3432 1560 3486 ﬁrmamentum.

926 3615 1452 3675 INTERROGATIO
1488 3616 1683 3674 LXIX.
1738 3610 1741 3611 ⁷

574 3715 682 3771 Sed
712 3729 887 3785 quare
935 3722 1068 3768 sunt
1114 3727 1272 3782 aqua:
1304 3710 1597 3781 supernae?
1640 3717 1700 3764 ut
1730 3708 1930 3780 aliquis
1960 3708 2101 3762 hau-

503 3809 631 3872 riat,
667 3816 761 3860 aut
790 3807 962 3869 bibat,
996 3813 1091 3858 aut
1127 3804 1366 3873 naviget,
1400 3813 1494 3857 aut
1522 3810 1710 3873 potum
1747 3801 1983 3873 praebeat
2025 3802 2105 3855 al-

502 3902 628 3967 teri,
660 3908 755 3955 aut
783 3913 1078 3971 quemnam
1109 3905 1335 3967 propter
1365 3894 1533 3949 alium
1564 3894 1729 3948 talem
1760 3892 1965 3949 usum?

1148 3986 1459 4057 Responsio.

573 4083 716 4149 Quia
739 4080 1060 4153 crystallum
1090 4094 1216 4135 esse
1246 4078 1357 4133 dixi
1389 4077 1819 4142 ﬁrmamentum,
1854 4084 2106 4148 receptu-

504 4190 627 4229 rum
658 4182 775 4228 erat
798 4173 1177 4242 subjectorum
1215 4170 1572 4226 luminariqu
1606 4170 1983 4241 splendorem,
2016 4185 2105 4225 so-

504 4268 609 4324 lem
629 4268 851 4337 inquam
874 4273 929 4320 et
952 4264 1163 4329 lunam,
1194 4272 1248 4319 et
1275 4264 1543 4335 reliquum
1569 4273 1847 4329 astrorum
1873 4270 2102 4327 coetum,

436 4339 443 4346 “
503 4375 571 4415 ex
618 4361 743 4430 igne
780 4365 1036 4413 naturam
1076 4358 1390 4412 habentem.
1434 4354 1513 4411 Ne
1550 4356 1718 4427 igitur
1749 4357 1968 4411 illorum
2012 4372 2106 4409 ar-

502 4452 639 4506 dore
669 4449 1036 4505 resolveretur
1049 4451 1193 4518 quod
1223 4448 1389 4502 ﬁxum
1422 4456 1527 4511 est,
1552 4462 1649 4518 per
1680 4446 1731 4501 id
1762 4448 1831 4503 ab
1863 4447 1954 4503 illo
1984 4448 2121 4501 disi

504 4540 686 4595 crevit
718 4538 993 4593 inﬁnitam
1042 4538 1191 4592 illam
1225 4553 1447 4609 aquam,
1476 4538 1641 4593 veluti
1671 4540 1905 4609 positam
1936 4554 2106 4608 super

506 4631 768 4687 humeros
795 4632 917 4700 ejus
950 4630 1019 4684 ad
1049 4628 1482 4700 refrigerandam
1514 4628 2022 4696 inﬂammationem,
2051 4636 2107 4684 et

506 4725 575 4779 ad
610 4724 958 4793 levigandam
994 4724 1357 4787 rotationem,
1393 4731 1453 4777 ut
1474 4722 1565 4776 illa
1602 4722 1928 4778 humiditate
1960 4737 2109 4779 cras-

505 4819 624 4874 sius
663 4816 938 4871 redditum
967 4817 1229 4871 resistere
1262 4815 1437 4886 possit
1468 4816 1575 4885 igni
1619 4816 1997 4873 luminarium.

936 4907 1467 4965 lNTEKllOGATlO
1506 4898 1672 4966 LXX.

576 5000 869 5068 Quomodo
885 5015 1019 5056 vero
1044 5001 1161 5055 fieri
1184 5008 1367 5072 potest
1383 5009 1445 5055 ut
1474 4999 1678 5071 glacies
1718 5000 1943 5058 resistat
1969 5000 2107 5074 igni,

505 5110 630 5167 quae
653 5093 809 5149 nullo
848 5093 1011 5149 modo
1044 5092 1151 5148 fert
1190 5093 1335 5164 ignis
1383 5087 1896 5163 propinquitatem,
1930 5110 2109 5166 neque

508 5200 710 5241 manus
744 5186 1267 5249 contrectationem,
1316 5198 1496 5255 neque
1524 5199 1716 5240 auram
1759 5186 2107 5253 calidiorem,

508 5294 688 5352 neque
716 5287 776 5334 ut
799 5286 952 5335 veste
978 5272 1247 5351 tegatur?

1149 5367 1471 5440 Responsio.

580 5486 651 5540 At
683 5499 793 5540 non
818 5492 950 5541 sunt
973 5482 1067 5539 illa
1097 5482 1526 5540 ultramundana
1548 5485 1788 5542 terrenis
1804 5500 1903 5557 per
1924 5484 2112 5541 omnia

511 5594 904 5670 subjicienda;
942 5611 1069 5652 nam
1124 5596 1284 5653 aliter
1340 5610 1506 5668 quam
1559 5612 1660 5669 pro
1706 5606 1897 5653 nostra
1953 5597 2111 5653 inﬁr-

513 5714 726 5778 mitate,
759 5710 950 5767 divina
1016 5711 1196 5767 virtus
1248 5711 1435 5766 omnia
1473 5710 1757 5783 dispensat
1796 5720 1962 5785 atque
2011 5728 2114 5787 gu-

584 5884 705 5957 (23)
751 5882 1094 5957 Ὑπερῤἐον.
1116 5883 1281 5943 Forte
1307 5884 1598 5957 ὑπορρέον.
1633 5884 1819 5943 Eon.‘

1576 384 1633 439 S.
1672 376 2354 446 CESARII,GREGOBII
2396 376 2701 433 FRATRIS

3696 373 3805 439 856

2198 490 2361 546 ὑάλου
2410 492 2560 545 ἔστιν
2606 490 2868 563 ἀθρῆσαι,
2904 488 2964 558 ὲξ
3012 488 3184 560 αὑτῆς
3223 486 3441 559 ἐκείνην
3486 489 3806 560 διαπεφρα-

2196 585 2408 655 γμένην
2432 585 2532 654 τὴν
2564 582 2785 647 κύλικα,
2799 584 2894 637 xui.
2910 581 3316 652 ἁποκρίνουσαν
3338 580 3503 651 διχῶς
3530 583 3593 637 τὸ
3612 586 3801 655 ἐκχεό-

2200 692 2381 747 μενον.
2436 674 2657 739 Μείζων
2708 674 2765 729 δὲ
2806 674 3027 738 πάντως
3082 673 3434 745 ἀνθρωπίνης
3486 674 3736 739 ἐπινοίας
3766 677 3801 745 ἡ

2197 769 2478 839 πάνσοφος
2517 766 2615 822 τοῦ
2652 766 2791 821 Θεοῦ
2834 766 3102 839 δραστικὴ
3128 766 3384 839 δύναμις.
3432 766 3657 838 Ὀραδέ
3711 785 3807 839 μοι

2196 860 2597 933 ἐναργέστερον
2627 859 2936 929 ὑπόδειγμα
2969 859 3100 931 περὶ
3140 859 3237 913 τοῦ
3290 857 3697 931 περεώματος,
3741 862 3805 913 οὑ

2196 948 2363 1023 τέχνῃ
2418 947 2651 1019 βροτῶν,
2683 948 2825 1003 ἀλλά
2861 947 2985 1020 θείᾳ
3026 946 3193 1021 βουλῇ
3239 949 3666 1020 συνιστάμενον,
3707 948 3809 1005 καὶ

2196 1044 2363 1097 οἱονεὶ
2400 1041 2776 1097 διδασκαλεῖον
2822 1044 2959 1113 ἡμῖν
2993 1042 3394 1114 προκείμενον,
3430 1042 3523 1096 τὸν
3559 1042 3658 1097 ἶνα
3694 1041 3811 1095 τῶν

2195 1134 2475 1206 τεττάρων
2508 1136 2574 1187 ἐκ
2599 1133 2702 1204 τῆς
2737 1135 2797 1187 ὲν
2841 1134 3160 1207 παραδείσῳ
3198 1136 3411 1206 κρήνης
3438 1134 3674 1206 ῥεόντων
3702 1149 3808 1187 πο-

2196 1224 2409 1295 ταμῶν,
2426 1223 2518 1278 τὸν
2539 1224 2789 1290 Φυσῶνα,
2816 1226 2969 1297 παρά
3002 1228 3070 1298 τῇ
3096 1227 3220 1281 καθ’
3248 1227 3398 1298 ἡμᾶς
3429 1227 3809 1299 Γραφῃ,παρ⁶

2200 1320 2428 1393 Ἕλλησι
2478 1320 2537 1374 δὲ
2574 1316 2791 1391 Ἵστρον
2812 1361 2827 1385 ,
2862 1321 3015 1393 παρὰ
3060 1320 3121 1373 δὲ
3164 1320 3459 1391 Ῥωμαίοις
3487 1320 3809 1386 Λανούϐιον,

2201 1413 2353 1486 παρὰ
2380 1414 2437 1467 δὲ
2456 1413 2677 1478 Γότθοις
2697 1412 2963 1468 Δούναϐιν
2991 1412 3541 1486 προσαγορευόμενον
3558 1430 3573 1444 ·
3595 1412 3813 1484 χειμῶ-

2198 1517 2289 1565 νος
2306 1500 2680 1572 πηγνυμένου,
2710 1504 2806 1557 καὶ
2830 1504 2912 1569 είς
2936 1502 3139 1575 λιθώδη
3180 1502 3509 1558 ἀντιτυπίαν
3543 1502 3814 1573 μεθιστα-

2202 1593 2372 1665 μένης
2404 1593 2506 1664 τῆς
2538 1594 2793 1665 μαλακῆς
2818 1595 2916 1649 τοῦ
2950 1595 3172 1668 ῥείθρου
3212 1594 3455 1667 φύσεως,
3491 1595 3568 1659 ὡς
3602 1596 3727 1649 οἷαν
3748 1612 3813 1649 τε

2200 1688 2387 1760 φέρειν
2414 1686 2895 1759 ἐπιπορευομένων
2919 1688 3227 1760 πολεμίων,
3258 1689 3355 1745 καὶ
3383 1689 3524 1762 πρὸς
3547 1688 3619 1743 τὰ
3672 1688 3811 1743 Ῥω-

2208 1780 2407 1851 μαίων,
2442 1780 2678 1854 Ἰλλύριά
2716 1797 2778 1834 τε
2812 1781 2906 1834 καὶ
2938 1780 3186 1852 Θρᾴκεια
3229 1781 3373 1854 μέρη
3402 1780 3812 1851 διαφοιτώντων

2205 1871 2430 1943 πλῆθος.
2468 1870 2631 1927 Οὑτω
2670 1889 2753 1926 τοι
2788 1874 2883 1927 καὶ
2917 1872 2981 1927 τὸ
3009 1875 3143 1929 αὑτὸ
3184 1875 3251 1928 ἐκ
3275 1874 3371 1928 τοῦ
3409 1874 3597 1939 ὕδατος
3636 1875 3813 1944 παγὲν

2206 1962 2517 2034 στερέωμα,
2542 1962 2908 2029 ὑποκλύζεται
2944 1962 3045 2035 μὲν
3074 1963 3157 2035 τῷ
3194 1965 3551 2037 ὑποκριθέντι
3581 1966 3813 2037 ῥείθρῳ,

2206 2052 2537 2123 ὑπερστέγει
2578 2053 2624 2107 δ’
2656 2053 2822 2106 ἵππον
2849 2052 2945 2106 καὶ
2981 2054 3295 2126 ἀναόάτην,
3329 2056 3389 2109 ὲν
3419 2055 3627 2126 χιλιάσι
3676 2056 3817 2111 δέκα

2206 2144 2472 2209 πολλάκις
2502 2143 2801 2216 ὁρώμενον.
2825 2147 2982 2201 Ἔστι
3090 2149 3179 2203 ὅτε
3206 2147 3299 2215 καὶ
3323 2147 3420 2220 τῆς
3442 2148 3693 2220 άμειδίας
3716 2148 3816 2203 τοῦ

2206 2236 2479 2308 χειμῶνος
2516 2238 2946 2311 ἐπικρατούσης,
2983 2240 3081 2293 καὶ
3128 2238 3225 2294 τοῦ
3272 2240 3476 2313 κρύους
3526 2242 3813 2313 μένοντος,

2206 2328 2410 2401 λάϐρον
2457 2330 2603 2404 ὕδωρ
2645 2332 2754 2385 ἀπὺ
2781 2331 2959 2402 νεφῶν
2982 2333 3237 2404 ὑόμενον,
3267 2336 3362 2405 καὶ
3388 2333 3476 2389 διά
3499 2334 3613 2388 τῶν
3640 2352 3817 2407 χαρα-

2207 2422 2353 2493 δρῶν
2381 2422 2416 2494 ἢ
2451 2424 2777 2495 ἀκρωρειῶν
2822 2426 2917 2479 καὶ⁵
2969 2425 3267 2495 γεωλόφων
3303 2427 3690 2499 κατάρρηκτον
3717 2427 3817 2482 ἐπὶ

2206 2510 2303 2565 τοῦ
2363 2514 2635 2584 ποταμίου
2676 2514 3059 2587 στερεώματος
3094 2516 3379 2588 φέρεσθαι.
3427 2517 3608 2588 Ὅπερ
3640 2517 3817 2592 διειρ-

2207 2602 2444 2675 γόμενον
2467 2604 2604 2676 πρὸς
2625 2605 2688 2659 τὸ
2715 2606 2985 2680 ὑπρρἐον
3020 2605 3137 2678 (23)
3158 2598 3285 2673 ὀἷον
3326 2609 3705 2682 διαφράγματι
3735 2613 3819 2681 τῷ

2211 2696 2272 2761 ἐξ
2298 2696 2508 2753 ὑδάτων
2535 2698 2885 2771 περεώματι
2922 2700 3130 2771 ἀμιγὶς
3165 2699 3305 2766 τέως
3348 2704 3446 2757 καὶ
3476 2703 3821 2775 ἀσύγκριτον

2214 2790 2370 2863 μένει
2402 2792 2541 2863 πρὸς
2570 2791 2632 2846 τὸ
2673 2792 3058 2865 ὑποκείμενον.
3103 2791 3474 2868 Παραπλήσια
3510 2796 3569 2851 δὲ
3599 2800 3694 2851 καὶ
3721 2798 3819 2853 διὰ

2208 2881 2312 2953 τῆς
2336 2882 2515 2953 χιόνος
2561 2882 2955 2955 παιδευόμεθα,
2995 2883 3404 2957 ὲπιξενωμένης
3426 2886 3504 2957 τῷ
3534 2888 3823 2960 εἰρημένῳ

2213 2974 2595 3046 στερεώματιο
2634 2974 2779 3030 ὥστε
2811 2976 3079 3049 ὑπάρχειν
3136 2977 3271 3032 αὑτὸ
3324 2979 3652 3051 μεταίχμιον
3693 2980 3822 3036 διάο

2214 3066 2449 3137 φράγμα
2506 3066 2866 3139 κρύσταλλον,
2904 3067 3231 3140 διαχωρίζον
3260 3070 3375 3124 άνὰ⁸
3415 3070 3582 3143 μέσον
3621 3070 3827 3137 ὓδατος

2211 3160 2307 3213 καὶ
2356 3159 2573 3224 ὕδατος,
2607 3160 2767 3230 δίκην
2822 3158 2920 3214 τοῦ
2968 3161 3227 3233 οὑρανίου
3269 3161 3671 3234 στερεώματος,
3704 3164 3829 3217 τῶν

2212 3249 2476 3318 ἐπιγείων
2519 3249 2589 3304 τὰ
2620 3252 2971 3323 ὑπερκόσμια
3016 3251 3407 3324 διακρίνοντος.
3454 3253 3833 3324 ’Δπειροπλα-

2212 3342 2345 3406 σίως
2390 3341 2450 3394 δὲ
2494 3342 2589 3395 καὶ
2634 3342 3041 3416 ἀπαραὸλήτως
3087 3344 3357 3416 χειμῶνος
3388 3347 3451 3399 τὸ
3486 3345 3629 3399 θεῖον
3648 3349 3833 3419 πρόσ-

2208 3434 2400 3504 ταγμά
2447 3449 2591 3505 φημι
2633 3434 3004 3508 ισχυρότερον,
3048 3435 3231 3507 πῆξαν
3277 3438 3340 3492 τὸ
3388 3437 3529 3512 ὑπὲρ
3573 3440 3833 3513 κεφαλῆς

2210 3527 2243 3597 ὴ
2252 3526 2371 3597 μῶν
2400 3525 2710 3598 στερέωμα.

2823 3620 3075 3675 ΠΕΥΣΙΣ
3101 3620 3217 3677 ΞΘ.

2284 3712 2397 3766 Καὶ
2428 3712 2572 3765 διατί
2610 3712 2717 3785 ἄρα
2744 3710 2818 3765 τά
2850 3710 2965 3767 ἄνω
2996 3712 3202 3779 ὑδατα;
3232 3713 3320 3767 ἵνα
3354 3730 3439 3777 τις
3467 3711 3834 3789 ὑδρεύσηται,

2212 3802 2246 3874 ἢ
2276 3802 2412 3874 πίῃ,
2444 3801 2480 3873 ἢ
2526 3798 2761 3875 πλεύσῃ,
2796 3799 2831 3872 ἢ
2866 3800 3067 3875 ποτίσῃ
3108 3802 3250 3868 τινὰ,
3285 3803 3319 3874 ἢ
3352 3802 3491 3867 ὅλως
3530 3804 3620 3859 διά
3654 3807 3834 3865 ποίαν

2214 3897 2403 3969 χρείαν
2428 3916 2443 3963 ;

2833 3989 3206 4059 'Andxptmc.

2298 4082 2453 4136 Ἐπεὶ
2482 4080 2819 4154 κρύσταλλον
2848 4081 3119 4155 ὑπάρχειν
3145 4082 3284 4153 ἔφην
3309 4082 3371 4137 τὺ
3395 4085 3700 4157 στερέωμα,
3724 4087 3833 4142 δέ-

2212 4176 2408 4247 χεσοαι
2460 4176 2697 4247 ἤμελλεν
2745 4175 2847 4248 τὴν
2900 4176 3311 4248 ὑπερκειμένην
3349 4176 3460 4230 τῶν
3511 4180 3831 4250 φωοτήρων

2214 4269 2587 4342 φρυκτωρίαν,
2622 4268 2775 4341 ἥλιόν
2822 4285 3009 4340 φημι,
3042 4269 3136 4323 καὶ
3167 4268 3403 4342 σελήνην
3432 4271 3527 4325 καὶ
3568 4272 3665 4343 τὴν
3708 4272 3834 4327 λοι-

2214 4360 2323 4432 πὴν
2341 4360 2451 4414 τῶν
2464 4362 2681 4433 ἄστρων
2696 4360 2995 4431 ὁμήγυριν,
3012 4361 3078 4411 ὲκ
3100 4357 3271 4430 πυρὸς
3289 4358 3391 4429 τὴν
3418 4356 3580 4429 φύσιν
3599 4359 3829 4430 ἔχοντα.

2216 4450 2315 4504 Ἵν³
2334 4446 2428 4505 οὖν
2458 4450 2533 4522 μὴ
2560 4448 2639 4520 τῷ
2672 4450 2903 4503 ἐκείνων
2933 4446 3157 4520 πυρετῷ
3180 4445 3423 4518 ἀναλυθῇ
3454 4445 3514 4499 τὸ
3542 4446 3825 4515 πεπηγὸς,

2212 4542 2281 4595 δι’
2328 4542 2493 4597 αὑτοῦ
2545 4542 2755 4596 ἐκείνου
2805 4540 3060 4612 ἀνέκρινε
3090 4539 3154 4593 τὸ
3205 4538 3399 4611 μυρίον
3454 4540 3632 4593 ἐκεῖνο
3668 4537 3829 4609 ὕδωρ

2212 4634 2355 4706 ὑπὲρ
2380 4634 2573 4698 νώτοις
2602 4632 2769 4689 αὑτοῦ
2798 4632 3136 4703 καταψύχειν
3169 4631 3263 4686 τὸν
3285 4630 3554 4701 φλογμὸν,
3589 4629 3684 4683 καὶ
3723 4630 3832 4683 ὲπ-

2213 4725 2459 4795 αλείφειν
2490 4725 2552 4779 τὸ
2595 4726 2783 4798 φέρον,
2820 4726 2971 4789 ὅπως
3012 4728 3081 4797 τῇ
3109 4725 3323 4779 ἐκεῖθεν
3370 4723 3535 4778 νοτίδι
3580 4723 3831 4793 παχυνό-

2217 4835 2377 4889 μενον
2407 4816 2655 4889 ἀντέχειν
2687 4817 2769 4889 τῷ
2791 4818 2925 4891 πυρὶ
2955 4816 3066 4871 τῶν
3098 4818 3426 4889 φωστήρων.

2816 4898 3071 4968 nent}:
3105 4910 3183 4967 οι.

2289 5001 2400 5057 Καὶ
2432 5002 2550 5066 πῶς
2578 5000 2805 5056 δυνατὸν
2838 5000 3175 5071 κρύσταλλον
3206 5000 3456 5073 ἀντέχειν
3495 5002 3647 5077 πυρὶ,
3679 5003 3831 5074 ὅπερ

2214 5096 2337 5150 οὑδὲ
2360 5094 2499 5161 ὅλως
2538 5095 2697 5169 φέρει
2728 5096 3008 5167 ἐγγύτητα
3048 5094 3256 5167 πυρὸς,
3289 5095 3411 5149 οὑδὲ
3436 5095 3620 5168 χειρὸς
3650 5094 3833 5166 ψηλά-

2217 5204 2384 5261 φησιν
2403 5227 2421 5256 ,
2452 5187 2573 5242 οὐδὲ
2604 5188 2775 5261 πνοὴν
2803 5187 3165 5264 θερμοτέραν,
3200 5188 3237 5259 ἢ
3275 5187 3534 5259 επιϐολὴν
3564 5186 3788 5259 ἱματίου
3815 5206 3831 5255 ;

2819 5363 3200 5437 Ἆπόκρισις.

2309 5456 2448 5512 Ἀλλ’
2486 5458 2560 5519 ,οὑ
2602 5459 2710 5531 χρὴ
2746 5460 2818 5515 τὰ
2870 5460 3221 5534 ὑπερκόσμια
3250 5456 3552 5529 περιγείοις
3587 5453 3827 5531 καθόλου

2223 5550 2579 5610 ὑποδάλλειν⁹
2614 5552 2967 5625 καταλλήλως
3019 5553 3129 5625 γὰρ
3170 5554 3261 5624 τῇ-
3284 5552 3535 5625 ἡμετέρᾳ
3564 5549 3830 5623 ἀσθενείᾳ.

2219 5644 2451 5718 δύναμις
2486 5646 2663 5701 πάντα
2716 5645 3155 5720 διῳκονόμηται,
3201 5646 3299 5703 καὶ
3334 5642 3683 5719 πρυτανεύει.
3726 5643 3832 5697 Ἐκ

2220 5736 2332 5795 τῶν
2358 5739 2489 5814 παρ’
2518 5741 2652 5813 ἡμῖν
2690 5728 2875 5798 τοίνυν
2912 5740 3180 5815 ἀμυδροῖς
3222 5738 3632 5812 παραδείγμασι
3675 5734 3827 5809 χρώ-
