4020 6302
214 398 317 464 931

220 530 367 584 μενοι
390 553 406 581 ,
442 512 630 585 φαμὲν
681 512 749 567 τά
778 510 1173 584 ὑπερκείμενα,
1207 510 1388 583 λύχνῳ
1419 513 1734 588 μικροτάτῳ
1758 513 1819 569 ιν

1588 396 1595 403 ’
1644 397 1993 459 οιΑιοουε
2030 397 2072 453 l.

3402 402 3509 467 938

1921 514 2140 569 bernat.
2166 508 2245 565 Ex
2281 509 2351 566 iis
2384 509 2552 582 igitur
2590 510 2758 567 rebus
2786 526 3022 582 quarum
3054 513 3199 585 apud
3244 528 3348 569 nos
3379 525 3516 567 usus

213 604 362 677 οίκίᾳ
395 601 632 677 μεγίστῃ
680 604 939 675 φαίνοντα
993 605 1437 676 παραϐάλλοντες
1470 604 1561 662 τὸν
1590 607 1819 678 βασιλέα

1936 614 2025 669 ast,
2046 602 2300 660 incilibus
2328 604 2593 675 exemplis
2618 613 2854 669 utentes,
2892 605 3183 675 loquemur
3204 607 3271 661 de
3305 609 3373 663 iis
3399 623 3523 679 qua:

212 692 325 749 τῶν
357 695 669 767 φωπήρων
695 694 848 767 ἥλιον
871 734 888 761 ,
928 695 1067 768 πρὸς
1097 695 1163 751 τὸ
1208 697 1460 770 οὐράνιον
1492 697 1653 771 σῶμα
1688 714 1820 768 συγ-

214 785 569 859 κρινόμενον·
604 786 701 841 καὶ
727 785 918 859 ὥσπερ
956 789 1016 842 ὲν
1046 788 1217 860 δίσκῳ
1255 790 1605 862 παμμεγέθει
1632 830 1648 856 ,
1680 791 1818 863 βρα-

214 878 319 948 χὺν
345 875 599 948 ἄνθρακά
617 894 704 943 τις
732 876 1059 950 ἐπιθέμενος
1083 920 1099 943 ,
1137 879 1172 952 ἢ
1202 880 1398 953 λύχνον
1423 882 1725 949 ὑποκαίων,
1756 881 1819 936 οὐ

219 967 385 1038 μόνον
434 966 637 1038 φλέεας
682 966 716 1040 ἢ
766 968 1051 1047 χωνεύσας
1077 972 1192 1044 (24)
1238 972 1303 1027 τὸ
1331 973 1695 1045 ὑποκείμενον
1722 974 1823 1050 οὐχ

213 1052 331 1122 οἷός
354 1075 417 1114 τε
444 1059 530 1131 εἴη
550 1098 567 1124 ,
593 1059 733 1114 ἀλλά
755 1061 880 1115 οὐδὲ
909 1061 1182 1135 θερμᾶναι
1211 1064 1274 1119 τδ
1300 1065 1495 1130 σκεῦος
1527 1066 1820 1139 ίσχύσειεν.

216 1152 348 1217 Πῶς
371 1147 467 1207 οὗν
506 1151 703 1224 λύχνος
730 1154 973 1226 ἀμυδρδς
1018 1158 1312 1229 δυνήσεται
1366 1157 1605 1214 ἄϐυσσον
1646 1177 1825 1233 πεπη-

215 1245 383 1314 γυίαν
425 1243 587 1298 λῦσαι
620 1243 654 1316 ἢ
688 1244 1074 1317 παραφλέξαι;
1109 1248 1239 1302 πότε
1268 1248 1328 1303 δὲ
1356 1248 1514 1317 κύλιξ
1548 1250 1820 1317 ᾶπτουσα,

215 1335 311 1390 οἶα
350 1352 411 1388 τε
440 1333 677 1408 θραῦσαι
719 1336 992 1407 χειμῶνος
1044 1343 1352 1411 κρυότητα,
1389 1340 1825 1409 φιλονεικοῦντος

219 1426 420 1480 σϐέσαι
458 1426 559 1500 τὴν
581 1425 879 1498 θρυαλλίδα
911 1427 994 1499 τῷ
1034 1428 1261 1501 παγετῷ
1286 1471 1301 1493 ,
1329 1432 1411 1495 είς
1454 1430 1601 1485 λίθον
1630 1432 1687 1485 δὲ
1723 1447 1823 1504 με-

210 1502 547 1573 ’τατυπῶσαι
577 1519 640 1573 τὸ
657 1519 967 1600 ινυπάρχρν
994 1518 1140 1592 ὕδωρ
1174 1522 1269 1576 καὶ
1296 1522 1498 1588 ἔλαιον,
1528 1524 1630 1595 τῆς
1655 1502 1827 1597 ὑπερ-

218 1608 389 1681 ϐολῆς
413 1609 509 1663 τοῦ
537 1609 741 1682 κρύους
764 1610 867 1682 τὴν
899 1611 1159 1683 λαμπάδα
1181 1614 1678 1687 ἀπομαράναντος;
1705 1616 1825 1681 πῶς

215 1698 281 1754 δι
317 1700 416 1754 καὶ
435 1702 470 1773 ἠ
501 1700 766 1773 ἀμίαντος
799 1702 997 1774 βοτάνη
1028 1742 1044 1768 ,
1070 1703 1165 1757 καὶ
1202 1703 1473 1774 άφλεκτος
1502 1706 1681 1779 πάντη
1708 1707 1823 1761 δια-

222 1791 498 1861 μένουσας
550 1791 714 1848 Ἀλλά
764 1794 859 1848 καὶ
920 1794 1309 1866 σαΜμάνδραν
1375 1795 1514 1861 ζῶον
1564 1797 1819 1864 εὐτελὲς,

221 1883 401 1956 πυρὸς
425 1883 485 1938 δὲ
516 1886 584 1957 τῇ
616 1883 778 1969 φύσει
805 1885 1083 1958 διαφέρον,
1118 1885 1365 1958 ἔγνωμεν
1397 1888 1488 1943 διὰ
1521 1889 1697 1961 μέσης
1722 1908 1823 1946 κα-

223 1975 397 2048 μίνου
423 1976 598 2049 πυρὸς
622 1977 910 2050 ὲνσκαίρον
936 2017 952 2044 ,
1006 1978 1325 2043 διαϐιϐάζον
1355 1997 1456 2048 τε,
1502 1984 1599 2037 καὶ
1653 1984 1822 2060 μηδὲν

222 2066 509 2133 παντελῶς
539 2070 604 2122 ὲκ
628 2070 727 2140 τῆς
760 2070 1103 2142 λυμαντικῆς
1124 2071 1221 2127 τοῦ
1246 2074 1419 2145 πυρὸς
1444 2073 1661 2144 φύσεως
1690 2078 1825 2131 ὑπο-

219 2160 412 2231 μένον.
441 2151 607 2215 οὐδὲν
632 2163 815 2218 τοίνυν
834 2162 1001 2235 ’ἥλιος
1031 2165 1447 2238 παραϐλάψειεν
1478 2168 1570 2223 τὸν
1594 2169 1824 2241 οὐρανὸν

217 2250 472 2307 ὑποθὲων
494 2270 509 2285 ο
544 2247 608 2307 οὗ
638 2252 738 2317 τάς
768 2254 1001 2319 ἑωθινὰς
1026 2256 1295 2323 ἀνατολὰς
1322 2258 1643 2331 διαγράφων
1663 2261 1693 2314 ό
1713 2260 1824 2313 τῶν

217 2343 389 2399 θείων
424 2344 663 2417 μελῳδὸς
682 2385 698 2410 ,
738 2346 905 2418 φησίν
930 2361 946 2377 ·
972 2348 1083 2403 Kal
1112 2349 1297 2417 αὐτὸς
1324 2350 1407 2417 ὡς
1428 2349 1693 2421 νυμφίος
1728 2353 1825 2407 ἐκ·-

215 2438 633 2507 κορευόμενος
655 2438 725 2493 ἐκ
768 2440 1009 2495 παστοῦ
1041 2441 1251 2505 αὐτοῦ,
1275 2442 1710 2511 ἀγαλλιάσει-αι
1742 2446 1824 2512 ὡς

215 2530 397 2602 τίτας
427 2529 677 2601 δραμεῖν
729 2531 876 2587 ὁδὸν
922 2534 1111 2588 αὐτοῦ
1136 2572 1151 2597 ,
1186 2534 1289 2589 ἀπ’
1329 2534 1519 2605 ἄκρου
1567 2534 1675 2590 τοῦ
1720 2540 1823 2591 οὺ·-

210 2621 412 2690 Ρανοῧ
438 2622 478 2691 ἠ
502 2621 717 2689 ἔξοδος
752 2623 963 2679 αὑτοῦ.
1008 2623 1141 2679 Ἰδοὺ
1167 2665 1182 2690 ,
1218 2624 1411 2696 ἀκρον
1441 2628 1537 2681 καὶ
1572 2626 1821 2697 ἔξοδος*

216 2709 286 2763 οὐ
324 2713 535 2783 σφαζρα
582 2711 640 2766 δὲ
672 2712 766 2766 καὶ
806 2712 996 2777 ἄνοδος
1042 2715 1330 2788 κυλιστικὴ
1354 2757 1370 2783 ,
1406 2718 1487 2780 ὡς
1535 2717 1827 2784 δοκεῖτοῖς

217 2802 752 2876 είκαιολόγοις.[Καὶ
790 2804 851 2858 τὸ
880 2806 1208 2879 κατάντημα
1242 2807 1407 2862 αὐτοῦ
1429 2847 1446 2873 ,
1486 2810 1654 2881 φησὶν
1677 2852 1692 2877 ,
1719 2811 1826 2875 ἓως

218 2893 401 2966 ἄκρου
433 2894 530 2949 τοῦ
576 2895 811 2968 ούρανοῦ
849 2898 964 2969 (25)
990 2898 1036 2972 ].
1068 2901 1180 2958 Kal
1227 2899 1295 2954 τὸ
1346 2902 1695 2973 κατάντημα
1730 2906 1826 2959 ml

216 2986 437 3056 ἄκρον,
468 2987 532 3041 ού
561 2987 785 3053 κάθοδος
816 2990 912 3044 καὶ
939 2990 1219 3055 ύπόδυσις.
1266 2991 1407 3046 Ἀλλ’
1441 2993 1535 3047 ἐπὶ
1563 2994 1662 3066 τὴν
1689 3012 1825 3067 νυμ-

218 3078 394 3150 φικὴν
425 3077 737 3151 ὡραιότητα
790 3080 885 3134 τοῦ
941 3082 1233 3155 φωστῆρος
1296 3082 1486 3155 ἴωμεν.
1519 3083 1659 3156 Φησὶ
1715 3084 1825 3157 γὰρ

219 3172 356 3243 περὶ
382 3171 552 3226 αὐτοῦ
583 3173 612 3224 ό
636 3172 803 3227 Δαϐίδ
828 3188 841 3202 ·
880 3174 989 3228 Καί
1024 3174 1316 3243 αὑτὸςὼς
1350 3175 1613 3246 νυμφίος
1641 3177 1824 3231 ἐκπο-

212 3265 549 3337 ρευόμενος
573 3264 644 3319 ἐκ
671 3265 913 3320 παστοῦ
950 3265 1140 3321 αὐτοῦ
1164 3283 1180 3298 ο
1210 3265 1273 3320 τὸ
1309 3267 1535 3339 φαιδρὸν
1566 3268 1659 3322 καὶ
1688 3266 1831 3339 σύμ-

225 3375 425 3430 μετρον
476 3358 570 3429 τῆς
588 3358 819 3429 ἑωθινῆς
848 3358 1015 3414 αὐτοῦ
1057 3358 1236 3429 ὅψεως
1262 3359 1573 3430 ’παριστῶν.
1599 3360 1835 3431 Μεσημ-

221 3449 413 3521 ϐρινδν
441 3449 553 3519 γὰρ
576 3449 744 3503 αὐτὸν
774 3449 1133 3504 διιππεύοντα
1158 3450 1250 3504 τὸν
1280 3450 1533 3522 οὐρανὸν,
1570 3450 1837 3516 πολλάκις

221 3540 321 3596 καὶ
343 3541 768 3613 ἀποδιδράσκειν
795 3540 1140 3614 πειρώμεθα,
1164 3542 1228 3598 τὸ
1254 3542 1533 3613 φλογῶδες
1556 3542 1723 3598 αὑτοῦ
1751 3542 1829 3613 μὴ

220 3626 491 3705 φέροντες
512 3651 528 3665 σ
562 3633 681 3705 ἅμα
702 3633 759 3687 δὲ
786 3633 883 3689 τοῦ
907 3635 1175 3705 ἀνίσχειν,
1202 3635 1439 3705 τερπνὸς
1462 3636 1630 3689 πᾶσιν
1663 3635 1834 3706 ὑπάρ-

220 3742 343 3798 χει·
378 3726 474 3780 καὶ
516 3725 707 3798 ὥσπερ
741 3726 980 3797 νυμφίου
1034 3726 1193 3799 δίκην
1242 3725 1523 3799 ὁρώμενος
1546 3767 1562 3792 ,
1595 3727 1689 3781 καὶ
1725 3726 1836 3780 ἀπὸ

222 3815 329 3886 τῆς
363 3815 508 3887 ἑῴας
545 3816 709 3888 μέχρι
758 3816 861 3887 τῆς
910 3817 1153 3890 ἑσπέρας
1199 3818 1451 3887 ἀφθόνως
1482 3817 1711 3885 ἐπιϐὰς,
1746 3819 1835 3874 διὰ

220 3907 326 3972 τὰς
363 3908 432 3961 ἐκ
476 3908 587 3961 τῶν
640 3908 1023 3981 μαρμαρυγιῖΝ
1068 3910 1479 3981 στροφάλιγγας
1516 3909 1725 3963 διαλύει
1765 3911 1833 3981 τῇ

219 3998 489 4071 δᾳδουχίᾳ
516 4000 577 4053 τὸ
606 4000 831 4070 ἀμειδὲς
862 4000 957 4055 τοῦ
991 4002 1155 4073 ἀέρος
1180 4042 1195 4067 ,
1225 4004 1321 4058 καὶ
1347 4005 1415 4075 τῇ
1440 4006 1511 4075 γῇ
1539 4004 1677 4076 πρὸς
1699 4020 1836 4076 καρ-

222 4093 491 4159 πογονίαν
527 4091 832 4163 συνομιλῶν
854 4133 868 4159 ,
921 4094 1249 4148 συνθάλπων
1282 4093 1455 4166 αὐτὴν
1476 4136 1491 4161 ,
1534 4095 1630 4149 καὶ
1662 4098 1831 4165 ὲγκα-

221 4184 491 4256 λούμενος
523 4183 635 4256 (i6)
666 4183 738 4237 τὰ
771 4185 1068 4257 σπέρματα
1104 4186 1351 4257 ἐκφύειν.

1922 710 2089 768 supra
2119 710 2222 751 nos
2255 702 2405 751 sunt.
2437 693 2705 750 Lacernae
2735 696 2983 751 omnium
3016 697 3258 754 minimze
3282 699 3335 752 in
3359 700 3523 753 domo

1924 786 2163 842 maxima
2194 786 2403 843 lucenti
2433 785 2774 843 conferimus
2817 801 3003 859 regem
3037 788 3391 844 luminarium
3432 805 3526 845 so-

1926 877 2060 945 lem,
2099 861 2168 934 ad
2198 878 2428 935 cmleste
2457 866 2660 951 corpus
2681 889 3081 947 comparatum.
3105 878 3344 935 Prorsus
3378 896 3440 936 ac
3475 883 3523 937 si

1925 968 2054 1041 quis
2082 969 2137 1025 in
2171 968 2330 1027 disco
2364 984 2666 1041 permagno
2697 969 2957 1039 exiguum
2995 972 3291 1026 carbonem
3334 982 3520 1042 ponat,

1925 1072 2022 1120 aut
2052 1064 2335 1120 lucernam
2360 1062 2682 1130 succendat,
2716 1077 2827 1117 non
2860 1063 3040 1119 solum
3071 1064 3399 1121 comburere
3429 1076 3524 1121 aut

1925 1154 2270 1211 inﬂammare
2300 1153 2478 1208 illum.
2504 1167 2613 1207 non
2649 1152 2871 1223 poterit,
2905 1169 3095 1207 verum
3148 1170 3218 1211 ne
3253 1171 3349 1210 vas
3397 1158 3522 1225 qui—

1925 1240 2049 1297 dem
2084 1240 2265 1311 ipsum
2288 1239 2597 1295 calefacere
2632 1240 2892 1312 quiverit.
2917 1241 3208 1309 Quomodo
3228 1246 3399 1315 igitur
3423 1247 3527 1300 im-

1928 1332 2144 1387 becillis
2176 1332 2400 1388 lucerna
2428 1332 2633 1401 poterit
2662 1331 2927 1404 abyssum
2960 1334 3376 1391 constabilitam
3411 1340 3524 1394 sol-

1926 1437 2057 1481 vere
2096 1432 2192 1480 aut
2222 1424 2601 1480 comburere?
2657 1424 2721 1479 Et
2762 1425 2855 1497 qui
2890 1427 3031 1481 calix
3075 1428 3398 1501 attingendo
3439 1432 3524 1486 lar-

1927 1514 2060 1571 dere
2087 1515 2287 1586 poterit
2313 1513 2710 1585 t‘rigusbiemis
2737 1516 3001 1572 enitentis
3045 1519 3400 1592 exstinguere
3428 1537 3526 1593 per

1928 1607 2052 1677 gelu
2086 1607 2327 1662 lucernae
2373 1606 2732 1677 ellychnium,
2765 1615 2820 1662 et
2843 1607 2898 1663 in
2925 1609 3161 1680 lapidem
3205 1622 3529 1672 convertam

1930 1712 2133 1768 aquam
2154 1713 2279 1769 qua:
2320 1698 2375 1752 in
2406 1713 2473 1752 eo
2506 1706 2612 1763 est,
2641 1706 2696 1753 et
2726 1698 2933 1765 oleum,
2966 1715 3137 1772 supra
3180 1704 3406 1759 modum
3430 1706 3527 1760 fri-

1930 1804 2063 1861 gore
2101 1788 2411 1860 lampadem
2441 1787 2801 1845 debilitante?
2829 1789 3118 1858 Quomodo
3152 1810 3283 1850 vero
3314 1797 3529 1852 amiun-

1931 1888 2023 1937 tus
2052 1880 2223 1937 herba
2251 1880 2433 1951 ignem
2467 1881 2978 1952 sustinerepotest,
3004 1884 3059 1939 in
3087 1885 3327 1941 medium
3354 1887 3530 1959 ipsius

1931 1973 2168 2031 ﬂammae
2205 1974 2409 2045 posita,
2445 1971 2741 2044 omnisque
2794 1974 3106 2033 adustionis
3154 1993 3352 2049 expers
3412 1996 3534 2035 ma-

1932 2067 2117 2125 nens?
2147 2067 2254 2123 Sed
2290 2075 2345 2124 et
2398 2067 2805 2127 salamandram
2860 2068 2970 2124 vile
3016 2070 3264 2140 animal,
3309 2072 3530 2131 diversa

1932 2160 2007 2217 ab
2033 2159 2146 2234 igni
2193 2169 2412 2226 natura,
2444 2161 2654 2219 scimus
2702 2176 2802 2231 per
2856 2161 3099 2218 medium
3143 2168 3424 2221 caminum
3472 2169 3531 2223 in

1933 2252 2113 2324 ignem
2145 2252 2361 2309 insilire
2383 2260 2548 2324 atque
2580 2253 2941 2325 pertransire,
2969 2254 3107 2310 nihil
3138 2265 3321 2313 tamen
3372 2275 3531 2330 pror-

1933 2360 2030 2402 sus
2061 2362 2159 2418 per
2192 2347 2417 2402 edacem
2460 2356 2715 2405 naturam
2742 2350 2886 2421 ignis
2917 2349 3062 2407 laedi.
3085 2342 3322 2410 Proinde
3353 2372 3531 2428 neque

1933 2440 2017 2495 sol
2056 2439 2260 2495 laeserit
2282 2440 2483 2497 caelum
2514 2442 2619 2497 sub
2649 2459 2760 2513 quo
2784 2443 2961 2498 currit
2990 2460 3006 2510 ;
3031 2445 3192 2514 cujus
3228 2448 3529 2505 matutinos

1932 2540 2162 2590 exortus
2214 2533 2535 2590 describens
2581 2534 2898 2591 divinorum
2944 2537 3256 2593 carminum
3311 2548 3530 2606 auctor,

1934 2622 2150 2693 inquit:
2177 2621 2298 2693 Ipse
2328 2626 2467 2680 velut
2493 2641 2717 2693 sponsus
2735 2627 3007 2697 egrediens
3042 2644 3108 2683 ea:
3140 2631 3379 2687 thalamo
3409 2650 3530 2700 suo,

1932 2716 2223 2770 “saltabit
2251 2728 2310 2771 ut
2342 2720 2493 2789 gigas
2522 2719 2592 2773 ad
2619 2718 2940 2774 currendum
2965 2722 3103 2776 viam
3136 2740 3363 2789 suam,a
3386 2744 3536 2782 sum-

1933 2824 2021 2862 mo
2052 2810 2171 2863 coeli
2198 2826 2439 2879 egressus
2470 2811 2584 2881 ejus
2608 2814 2675 2865 ε’.
2713 2809 2884 2868 Vides
2908 2812 2993 2865 bic
3028 2820 3158 2883 poni
3193 2822 3355 2875 verba
3389 2838 3537 2875 sum-

1936 2901 2010 2954 mi
2049 2908 2103 2956 et
2144 2918 2406 2971 egressus,
2446 2918 2555 2959 non
2584 2905 2814 2975 sphaerae
2845 2919 2900 2965 et
2928 2927 3195 2969 ascensus
3218 2912 3533 2977 circularis,

1938 3001 1997 3047 ut
2021 2994 2302 3065 aliquibus
2334 2995 2553 3052 videtur
2576 3014 2748 3058 vanas
2777 3003 3130 3073 conjecturas
3153 3008 3536 3077 sequentibus.

1938 3085 2005 3139 Et
2037 3102 2292 3142 occursus
2351 3088 2490 3159 ejus,
2527 3090 2730 3163 inquit,
2771 3111 2935 3167 usque
2973 3098 3045 3153 ad
3098 3115 3366 3153 summum
3396 3103 3533 3156 coeli.

1938 3175 2073 3233 Vide
2106 3194 2302 3235 rursus
2339 3198 2613 3239 occursum
2653 3192 2707 3238 et
2743 3203 3029 3255 summum,
3069 3204 3179 3245 non
3207 3190 3537 3248 descensum

1933 3277 1989 3325 et
2028 3284 2313 3327 occasum.
2340 3280 2341 3283 ‘
2368 3270 2475 3327 Sed
2533 3276 2679 3330 enim
2712 3277 2781 3332 ad
2813 3280 3129 3348 sponsalem
3165 3282 3539 3352 pulchritudi-

1934 3376 2058 3417 nem
2084 3362 2251 3432 hujus
2280 3363 2572 3422 luminaris
2603 3370 2956 3426 accedamus.
2989 3372 3177 3445 Inquit
3199 3370 3348 3430 enim
3376 3374 3443 3433 de
3471 3392 3540 3432 eo

1934 3450 2169 3509 Davides
2190 3472 2203 3509 :
2226 3452 2292 3508 Et
2323 3456 2435 3521 ipse
2466 3458 2605 3512 velut
2642 3473 2868 3529 sponsus
2899 3463 3171 3533 egrediens
3203 3482 3269 3520 ea:
3299 3468 3539 3521 thalamo

1934 3561 2055 3611 suo,
2112 3547 2296 3604 verbis
2347 3548 2501 3604 bisce
2557 3552 2899 3609 alacritatem
2940 3564 2995 3611 et
3042 3563 3540 3629 temperamentum

1936 3648 2195 3709 aspectus
2235 3642 2357 3711 ejus
2392 3646 2644 3699 matutini
2698 3646 3032 3715 exprimens.
3071 3648 3207 3705 Nam
3265 3666 3389 3707 cum
3427 3671 3542 3709 me-

1938 3730 2210 3787 ridionale
2263 3733 2465 3788 cmlum
2499 3737 2796 3805 percurrit,
2838 3754 3223 3809 saepenumero
3263 3744 3538 3815 refugium

1938 3836 2185 3891 quaerere
2216 3832 2517 3894 tentamus,
2553 3826 2773 3899 igneum
2795 3831 3039 3887 calorem
3070 3834 3192 3901 ejus
3216 3851 3328 3890 non
3361 3838 3541 3893 fercu-

1940 3922 2046 3970 tes.
2080 3913 2257 3971 Simul
2286 3926 2471 3972 autem
2507 3918 2561 3973 in
2608 3927 2801 3974 exortu
2835 3920 3119 3991 iucundus
3145 3936 3229 3980 est
3259 3928 3538 3989 omnibus,

1940 4014 1997 4061 et
2019 4007 2169 4061 velut
2199 4021 2440 4076 sponsus
2495 4009 2787 4080 aspicitur,
2824 4021 2877 4067 et
2920 4027 2952 4067 a
2986 4021 3235 4084 tempore
3266 4021 3541 4072 matutino

1939 4096 2006 4151 ad
2043 4114 2331 4169 vesperam
2361 4116 2537 4170 usque
2568 4114 2829 4172 perpetuo
2852 4118 2951 4175 per
2984 4106 3265 4162 radiorum
3311 4125 3538 4166 suorum

1939 4187 2272 4247 reﬂexiones
2299 4192 2560 4248 dissolvit
2590 4194 2693 4249 liae
2734 4210 2850 4252 sua:
2894 4196 3034 4254 facis
3060 4199 3182 4255 luce
3224 4201 3536 4271 injucumli-

223 4288 399 4336 tatem
425 4275 593 4345 aeris,
626 4289 721 4335 aut
773 4296 899 4337 cum
951 4289 1096 4338 terra
1136 4284 1203 4339 ad
1236 4282 1589 4340 excitandum
1647 4282 1985 4339 fertilitatem
2020 4288 2180 4357 quasi
2208 4290 2341 4355 coit,
2365 4305 2599 4361 eamque
2650 4290 2815 4356 fovet,
2858 4291 2928 4347 ad
2960 4296 3287 4365 proferenda
3331 4292 3542 4356 semina

222 4386 561 4443 provocans.

814 4488 1068 4543 ΠΕΥΣΙΣ
1090 4485 1220 4545 OA'.

296 4582 413 4636 Kal
467 4582 585 4645 πῶς
623 4582 686 4636 οὐ
742 4582 929 4636 λύεται
973 4581 1035 4635 τὸ
1088 4582 1424 4653 κρύσταλλον
1460 4586 1526 4656 τῇ
1586 4582 1831 4656 πυρώσει

217 4674 320 4728 τοῦ
378 4674 565 4744 ἡλίου,
619 4674 881 4728 τοσούτου
933 4674 1089 4739 ὄντος
1138 4675 1343 4748 θερμοῦ
1395 4678 1685 4747 ἐμφαίνειν
1716 4677 1833 4747 (27)

219 4768 378 4837 ἡμᾶς
423 4762 622 4830 αὐτὸν,
682 4764 1008 4838 μεσημϐρία
1062 4765 1141 4837 μὴ
1194 4766 1462 4836 φέροντας
1514 4765 1682 4821 αὑτοῦ
1732 4767 1833 4839 τὴν

221 4859 408 4929 φλόγα
433 4876 448 4924 ;

868 4948 1226 5017 Ἀπόκρισις.

291 5040 436 5096 θεοῦ
488 5040 816 5113 βουλομένου
854 5040 1154 5096 σιωπάσθω
1197 5042 1260 5097 τὸ
1313 5042 1479 5108 πῶςν
1510 5043 1633 5098 ἐπεὶ
1675 5042 1835 5112 κάγὼ

218 5134 456 5196 εἰκότως
485 5132 666 5206 ἔροιμί
701 5146 826 5185 σουο
868 5132 997 5197 Πῶς
1041 5134 1076 5205 ἡ
1116 5133 1321 5204 θάμνος
1348 5133 1441 5187 ἐπὶ
1465 5134 1712 5196 Μωσέως
1742 5135 1834 5187 ἐκ-

220 5224 543 5299 φλεγομένη
564 5265 579 5288 ,
613 5225 675 5279 ού
706 5225 1096 5296 κατεφλέγετο,
1124 5225 1240 5280 ἀλλ’
1274 5223 1387 5281 οἷον
1409 5227 1587 5299 δρόσῳ
1620 5226 1831 5289 νοτιζο-

223 5323 370 5398 plur;
397 5320 635 5393 εὐθαλὴς
670 5320 873 5392 μᾶλλον
897 5320 1216 5387 ὲδείκνυτος
1268 5322 1387 5386 πῶς
1418 5322 1475 5376 δὲ
1512 5323 1561 5375 οἱ
1598 5320 1831 5391 βόστρυ-

220 5434 309 5489 χοι
340 5414 438 5467 καὶ
466 5412 534 5467 τά
570 5412 863 5482 σαράϐαρα
887 5412 997 5467 τῶν
1024 5413 1153 5483 περὶ
1195 5413 1468 5476 Ἀνανίαν,
1497 5414 1555 5465 ἐν
1585 5416 1650 5482 τῇ
1682 5412 1827 5465 Χαλ-

215 5507 395 5563 οαῖων
434 5505 651 5576 καμίνῳ
678 5548 695 5571 ,
728 5505 822 5557 ἐπὶ
848 5505 1261 5575 τεσσαράκοντα
1315 5505 1473 5559 ἐννέα
1507 5506 1700 5576 πήχεις
1731 5508 1831 5578 τῆς

220 5645 227 5651 -
290 5621 345 5667 θ’
386 5619 527 5675 Psal.
558 5635 711 5681 xvm,
743 5618 798 5681 6,
840 5619 893 5671 7.

294 5736 415 5819 (24)
458 5736 694 5819 ausa;
747 5735 783 5805 ἢ
819 5737 1151 5806 χωνεύσας.
1200 5733 1364 5790 Forte
1411 5734 1664 5806 φλέξαιῆ
1719 5751 1823 5803 χω-

427 5810 570 5861 ,ιω
622 5846 636 5858 .

227 5831 243 5863 θ
440 5823 759 5945 QuaeTuncis
797 5877 1178 5937 includuntur,
1220 5875 1597 5944 supplevilnus
1632 5890 1661 5929 c
1696 5888 1817 5929 ver-

505 5974 780 6035 Ριῖιιοι.
815 5975 930 6034 tiu.
968 5971 1328 6033 XXXVIII.

2362 4490 2889 4548 INTERROGATIO
2927 4494 3115 4554 LXXI.

2019 4587 2083 4644 At
2113 4585 2392 4659 quomodo
2440 4600 2550 4650 non
2603 4586 2837 4643 solvitur
2868 4588 3074 4659 glacies
3126 4606 3225 4665 per
3273 4596 3406 4651 solis
3454 4600 3533 4652 iu-

1942 4677 2397 4759 llammationem.
2426 4690 2556 4733 cum
2594 4683 2785 4733 tantus
2838 4679 2911 4733 sit
2967 4683 3132 4751 calor,
3162 4696 3216 4739 ut
3295 4688 3539 4759 plerique

1942 4771 1998 4825 in
2028 4769 2259 4825 meridie
2299 4757 2411 4823 non
2438 4766 2619 4824 [erant
2644 4768 2768 4839 ejus
2800 4768 3122 4826 ﬂammam?

2584 4942 2895 5016 Responsio.

2013 5041 2149 5111 Quia
2174 5049 2333 5097 tuum
2362 5040 2536 5109 illud,
2558 5039 2871 5109 Quomodo,
2907 5049 3185 5118 compesci
3218 5064 3323 5107 non
3375 5055 3488 5111 vult
3520 5073 3533 5109 :

1933 5134 2060 5206 jure
2080 5142 2136 5191 et
2160 5149 2262 5205 ego
2284 5149 2351 5191 ex
2390 5140 2445 5188 te
2472 5133 2847 5204 quesiverim,
2876 5138 3157 5206 quomodo
3189 5142 3358 5199 rubus
3398 5146 3542 5199 circa

1940 5223 2126 5282 Mosen
2162 5225 2366 5281 ardens
2410 5226 2520 5280 n’on
2576 5224 3028 5294 comburebatur,
3079 5231 3173 5285 sed
3205 5233 3365 5301 quasi
3412 5250 3545 5291 rore

1938 5333 2200 5391 aspersus
2251 5316 2431 5389 magis
2464 5316 2630 5372 etiam
2690 5316 2889 5373 viridis
2947 5321 3346 5379 cernebatur?
3394 5324 3543 5391 ρυο.

1939 5409 2104 5465 modo
2151 5408 2409 5465 caesaries
2443 5417 2497 5462 ct
2550 5406 2714 5475 pallia
2756 5407 3036 5463 sociorum
3075 5410 3303 5469 Ananiae
3338 5415 3391 5470 in
3428 5414 3546 5472 for-

1940 5519 2077 5558 nace
2124 5500 2531 5565 Chaldaeorum,
2572 5500 2782 5553 elevata
2820 5498 2888 5553 ad
2928 5501 3293 5575 quadraginta
3343 5523 3540 5566 novum

1936 5731 2091 5785 sione
2126 5728 2341 5783 Latina.
2400 5727 2478 5781 In.

2006 5799 2118 5867 (26)
2162 5800 2662 5870 Ἐγκαλούμενος.
2711 5798 2872 5855 Forte
2911 5800 3337 5870 ἐκκαλούμενος.
3378 5804 3452 5862 In.

2005 5871 2119 5937 (27)
2164 5870 2528 5939 'Ejt;:ac'rsn'.
2568 5870 2731 5928 Fot‘tc
2762 5873 2835 5935 ὡς
2868 5872 3111 5943 φεύγειν.
3151 5870 3231 5929 ιι).

3230 5966 3309 6026 30
