4020 6302
475 332 589 395 ses

483 455 701 513 cubito:
755 451 970 506 ﬂamma
993 491 1010 518 ,
1038 451 1244 506 intacta
1275 461 1332 507 et
1356 451 1526 508 illa‘sa
1572 467 1926 520 manserunt,
1962 473 2077 509 ma-

481 551 572 620 gis
594 559 762 617 quam
809 543 954 613 ignis
1001 543 1283 598 lucentia)
1323 542 1397 599 Ne
1428 559 1558 599 vero
1594 554 1852 614 putarent
1902 548 1938 602 ii
1978 549 2072 618 qui

481 639 628 692 illam
657 636 933 707 augebant
962 642 1121 706 stupa
1143 643 1201 691 et
1234 636 1356 704 pice
1386 645 1442 689 et
1471 637 1714 707 naphtha
1749 648 1915 709 atque
1953 654 2072 694 sar-

482 730 703 792 mentis,
759 731 908 796 ipsos
963 741 1060 797 per
1117 727 1428 798 praestigias
1470 737 1566 782 aut
1619 729 1950 800 imaginarie
1983 746 2069 786 co-

481 822 732 876 hibuisse
786 819 896 875 vim
934 819 1077 889 ignis
1122 818 1350 875 edacem
1381 839 1396 886 ;
1424 821 1636 876 ideirco
1667 836 1790 894 quae
1822 836 1948 876 cum
1993 821 2075 877 eis

481 918 633 969 intus
671 911 986 968 exsultabat
1030 910 1320 974 divinitas,
1349 909 1480 966 facit
1535 919 1594 966 ut
1623 928 1720 982 per
1746 927 1842 967 eos
1874 913 2073 966 camini

479 1007 690 1059 elevata
710 1002 930 1058 ﬂamma
959 1002 1012 1056 in
1041 1011 1248 1057 terram
1290 1011 1552 1059 excurrat
1573 1044 1586 1068 ,
1615 1012 1669 1058 et
1707 1019 1805 1058 eos
1827 1006 1919 1073 qui
1949 1019 2076 1074 pro-

478 1096 568 1150 cui
595 1096 678 1149 ad
729 1093 1090 1164 quadraginta
1137 1107 1330 1149 novem
1347 1093 1649 1148 cubitosab
1692 1095 1950 1150 incendio
1996 1112 2079 1153 se-

478 1189 714 1252 debant,
773 1187 1062 1242 ministros
1102 1193 1158 1241 et
1206 1193 1551 1255 spectatores
1601 1187 1991 1253 combureret,
2022 1195 2076 1242 et

480 1280 535 1333 in
581 1279 866 1350 pulverem
921 1276 1252 1345 cineresque
1288 1275 1581 1345 redigeret.
1633 1278 1740 1329 Aut
1796 1277 2077 1346 quomodo

478 1371 630 1426 Elias
661 1372 718 1427 in
755 1370 932 1440 igneis
963 1368 1255 1438 quadrigis
1306 1367 1358 1420 in
1400 1368 1602 1421 coelum
1655 1368 1982 1429 subvolans.
2009 1370 2079 1423 ab

480 1461 588 1534 igni
621 1461 825 1517 mansit
851 1459 1271 1522 illaesus,etiam
1303 1457 1370 1512 ad
1399 1472 1533 1513 suos
1560 1473 1739 1528 usque
1765 1459 1907 1528 pilos
1933 1459 1956 1511 ἲ
1981 1457 2076 1514 Vel

475 1554 754 1624 quomodo
780 1567 849 1610 ex.
871 1551 1114 1610 amianlo
1142 1550 1310 1604 herba
1334 1549 1672 1620 ellychnium
1700 1551 1753 1602 in
1791 1549 2075 1604 lucernam

477 1649 757 1717 positum,
813 1645 881 1699 ad
938 1643 1131 1714 viginti
1187 1655 1459 1696 annorum
1507 1642 1801 1697 circuitum
1856 1641 2073 1710 suﬂicit,

477 1735 597 1788 solo
635 1733 758 1786 oleo
789 1745 1009 1806 semper
1061 1744 1156 1799 per
1199 1729 1438 1786 lucernae
1485 1731 1665 1799 ignem
1717 1740 2068 1801 evaporante,

477 1816 594 1892 ipsa
653 1829 910 1876 manente
943 1822 1312 1892 incorrupta?
1355 1819 1411 1876 In
1452 1820 1560 1876 Deo
1603 1822 1768 1892 igitur
1821 1823 2073 1892 quiescat

471 1914 635 1979 illud,
665 1911 966 1981 Quomodo.
1003 1911 1117 1969 Vox
1140 1912 1352 1968 Domini
1382 1915 1767 1982 perrumpentis
1797 1915 2074 1982 ﬂammam

475 2009 617 2076 ignis
644 2045 658 2069 ,
703 2005 883 2077 inquit
919 2006 1232 2059 carminum
1283 2003 1600 2058 divinorum
1658 2014 1855 2060 auctor
1893 2006 1959 2059 ‘.’.
1993 2007 2074 2060 Ad

474 2099 624 2154 hunc
653 2097 802 2153 enim
861 2096 1084 2152 modum
1130 2097 1183 2151 in
1236 2095 1379 2150 rubo
1409 2096 1644 2160 deserti,
1680 2106 1735 2151 et
1765 2096 1817 2150 in
1855 2096 2077 2152 fornace

474 2189 797 2262 Babylonis,
826 2199 881 2245 et
927 2189 985 2242 in
1019 2187 1136 2246 Elia
1180 2197 1338 2253 vate,
1374 2187 1611 2258 aliisque
1656 2187 1922 2258 prodigiis
1957 2187 2079 2243 eda-

475 2299 596 2339 cem
627 2284 736 2338 vim
785 2280 929 2352 ignis
967 2278 1292 2337 mandatum
1342 2279 1588 2334 divinum
1640 2288 1891 2344 resecat,
1921 2294 2078 2350 sepa-

471 2392 608 2432 rans
641 2391 703 2431 ea
730 2390 854 2446 quae
884 2371 1027 2446 apud
1050 2387 1152 2428 nos
1177 2372 1568 2443 inseparabilia
1597 2381 1817 2435 sunt,et
1838 2373 2078 2429 inuucns

475 2469 647 2522 futuri
695 2466 871 2522 divini
928 2464 1130 2537 judicii
1183 2464 1581 2536 integritatem,
1618 2464 1708 2519 ubi
1749 2464 2078 2519 illuminatio

477 2561 702 2631 quidem
759 2560 903 2629 ignis
937 2558 1130 2613 aeterni
1173 2558 1340 2626 iustis
1382 2557 1686 2622 tribuetur,
1719 2556 2078 2612 inﬂammatio

477 2661 666 2711 aulem
703 2649 1062 2705 adversariis.
1093 2647 1236 2701 Nam
1262 2647 1374 2701 dies
1400 2647 1501 2701 illa
1545 2648 1600 2701 in
1644 2649 1754 2717 igni
1791 2647 2073 2712 reveletur,

469 2756 524 2803 ιι
547 2741 969 2813 uniuscujusque
1027 2753 1156 2808 opus
1191 2738 1348 2808 quale
1379 2739 1472 2802 sit,
1507 2739 1646 2809 ignis
1692 2738 1956 2808 probabit,
1990 2740 2075 2793 in~

475 2836 597 2906 quit
624 2834 862 2890 eximius
902 2831 992 2887 ille
1018 2829 1320 2900 Apostolus
1350 2830 1417 2877 “.
1443 2827 1581 2883 Cum
1610 2828 1714 2881 hoc
1741 2837 1921 2882 autem
1947 2843 2078 2883 con-

477 2924 726 2978 sentiens
779 2921 976 2976 Petrus
1034 2917 1215 2974 divini
1276 2917 1570 2973 ministerii
1627 2917 1934 2988 princeps:
1973 2921 2078 2985 Qui

479 3032 615 3070 nunc
637 3015 757 3070 caeli
785 3023 930 3079 sunt,
965 3012 1063 3075 ait,
1091 3022 1143 3067 et
1176 3019 1349 3074 terra,
1377 3009 1485 3080 igni
1512 3008 1770 3064 reconditi
1800 3020 2080 3065 sanantur

477 3109 531 3158 in
554 3105 693 3160 diem
729 3101 929 3173 judicii
956 3112 1005 3157 et
1035 3101 1404 3157 retributionis
1436 3101 1505 3154 ".
1536 3098 1834 3154 Servorum
1890 3111 2074 3156 autem

478 3211 710 3262 suorum
761 3209 1051 3251 sermones
1092 3194 1400 3260 obsignans
1449 3190 1716 3249 Dominus
1743 3232 1758 3259 ,
1792 3193 1970 3264 inquit
2018 3195 2071 3249 in

477 3286 780 3359 Evangelio
812 3304 828 3342 :
869 3284 911 3341 Τ
915 3301 1002 3339 um
1037 3281 1212 3338 Filius
1238 3283 1470 3337 hominis
1493 3284 1662 3337 mittet
1696 3284 1911 3354 angelos
1949 3301 2075 3339 suos

479 3379 668 3446 ubique
694 3392 786 3446 per
818 3388 1082 3431 terrorum
1119 3374 1322 3438 orbem,
1364 3383 1414 3429 et
1463 3375 1858 3445 congregabunt
1890 3389 2074 3443 Pecca-

480 3484 618 3525 tores
652 3488 682 3524 e
729 3469 899 3524 medio
919 3469 1212 3538 justorum,
1246 3475 1296 3520 et
1330 3466 1614 3536 projicient
1638 3467 1778 3534 ipsos
1815 3467 1868 3520 in
1897 3467 2076 3534 [orna-

478 3579 588 3618 rent
617 3563 754 3632 ignis
780 3562 848 3615 ".

1591 335 1648 392 s.
1691 335 2359 406 (XESARILGREGOBH
2395 337 2718 403 manus,

3661 340 3781 396 9&0

2179 456 2379 524 φλογὸς
2423 457 2877 526 κορυφουμένης,
2934 454 3203 524 adaucta:
3248 454 3643 526 καὶιὰμείωτοι
3701 457 3780 511 δι-

2180 548 2429 617 έμεινον,
2465 549 2666 618 μᾶλλον
2695 548 2837 616 ὑπὲρ
2881 549 2943 601 τὸ
2976 548 3087 618 πῦρ
3109 547 3544 618 ἀστράπτοντες
3582 549 3779 613 Ὅπως

2181 639 2236 693 δὲ
2265 640 2340 710 μὴ
2361 640 2562 706 δόξοιεν
2585 643 2800 712 ἐκείνην
2827 641 3195 712 κορυφοῦντες
3216 640 3455 715 στύππῃ,
3473 642 3566 696 καὶ
3584 643 3780 716 πίσσῃ,

2186 731 2274 785 καὶ
2301 731 2501 802 νὰφθῃ,
2524 733 2618 785 καὶ
2635 731 2946 801 κληματίδι,
2967 731 3171 802 μαγείᾳ
3191 731 3347 802 τινὶῆ
3375 733 3647 803 φαντασίᾳ
3673 751 3781 802 χα-

2181 821 2472 892 λινωοῆναι
2507 822 2607 893 τὴν
2638 822 2939 892 παμφάγον
2967 822 3062 875 τοῦ
3101 822 3276 893 πυρὸς
3303 821 3558 892 δύναμιν,
3592 823 3624 892 ἡ
3659 825 3780 885 τοῖς

2178 911 2329 965 ἔνδον
2361 912 2734 982 συγχαίρουσα
2787 912 3001 982 Θειάτης
3059 914 3336 979 οἰκονομεῖ
3385 911 3487 982 τὴν
3535 913 3626 966 διὰ
3672 911 3778 965 τοῦ

2181 1003 2406 1073 στομίου
2423 1004 2508 1066 είς
2525 1003 2585 1056 τὸ
2603 1003 2716 1057 ἂνω
2734 1001 3083 1076 διαδρ[αμ]ου
3091 1002 3260 1074 μένην
3281 1003 3784 1075 φλόγα,ὲκδραμεῖν

2179 1095 2272 1148 ἐπὶ
2317 1094 2416 1163 τῆς
2448 1095 2644 1165 χέρσου
2671 1134 2686 1158 ,
2716 1097 2814 1147 καὶ
2857 1094 2983 1159 τοὺς
3029 1096 3139 1148 ἀπὸ
3177 1097 3586 1166 τεσσαράκοντα
3613 1095 3780 1148 ἐννέα

2183 1183 2373 1254 πηχῶν
2409 1183 2598 1256 πόρρω
2633 1185 2733 1254 τῆς
2762 1188 3042 1256 πυρκαῖᾶς
3072 1187 3476 1256 καθεζομένους
3495 1187 3784 1256 ὑπηρέτας

2181 1277 2275 1331 καὶ
2331 1275 2529 1340 θεατὰς
2566 1277 2937 1346 καταφλέξαι,
2975 1279 3069 1333 καὶ
3129 1279 3293 1350 μέχρι
3351 1279 3530 1342 κόνιος
3576 1279 3784 1332 ἀποτε-

2181 1369 2415 1439 φρῶσαι.
2457 1368 2662 1433 negas
2695 1370 2882 1432 Ἠλίας
2903 1369 3117 1441 πυρίνῳ
3140 1370 3425 1442 τεθρίππῳ
3445 1371 3525 1434 είς
3544 1370 3784 1441 οὐρανὸν

2181 1459 2664 1532 ἀναπτερούμενος
2700 1461 2971 1530 ἄφλεκτος
3030 1461 3268 1533 διέμεινε
3323 1462 3488 1533 μέχρι
3540 1463 3632 1515 καὶ
3673 1461 3786 1530 τῆς

2183 1551 2323 1615 ίδίας
2378 1551 2606 1624 τριχός;
2658 1551 2784 1616 Πῶς
2837 1552 2896 1606 δὲ
2958 1553 3023 1606 ὲκ
3059 1555 3165 1624 τῆς
3218 1553 3483 1625 ἀμιάντου
3544 1552 3788 1622 βοτάνης

2181 1643 2440 1715 θρυαλλὶς
2466 1644 2546 1714 τῷ
2572 1644 2755 1715 λύχνῳ
2783 1645 3135 1716 ὲντιθεμέντι,
3163 1645 3501 1700 ετκοσϊὲτῶν
3530 1645 3786 1716 περίοδος

2180 1736 2360 1807 ἀρκεῖ,
2400 1735 2497 1790 τοῦ
2535 1735 2716 1791 ἐλαίου
2757 1737 2921 1808 μόνον
2957 1738 3046 1791 ἀεὶ
3089 1736 3521 1809 ὲξατμιζομένου
3566 1737 3646 1808 τῷ
3684 1737 3786 1789 λυ·

2182 1825 2373 1898 χνιαίῳ
2404 1828 2538 1897 πυρὶ
2563 1867 2578 1892 ,
2616 1827 2788 1898 αὐτῆς
2827 1825 3068 1898 ἅφθόρου
3121 1827 3422 1899 navalium;
3471 1827 3786 1897 Ἦρεμείτω

2181 1913 2274 1968 οὖν
2318 1916 2411 1968 ἐπὶ
2458 1915 2597 1969 Θεοῦ
2653 1915 2713 1969 τὸ
2783 1915 2923 1980 πῶς.
2975 1917 3150 1985 Φωνὴ
3196 1919 3419 1985 Κυρίου
3473 1917 3787 1970 διακόπτει

2179 2008 2379 2077 φλόγα
2404 2007 2595 2075 πυρὸς
2615 2047 2628 2072 ,
2661 2009 2828 2079 φησὶν
2852 2011 2884 2063 ὁ
2927 2007 3072 2073 θεῖος
3119 2008 3380 2080 μελῳδὸς.
3420 2010 3632 2079 Ὠσπερ
3665 2005 3786 2078 γὰρ

2179 2099 2274 2151 ἐπὶ
2302 2097 2644 2169 τῆςκθάμνου
2682 2101 2739 2152 ὲν
2767 2102 2835 2170 τῇ
2881 2100 3112 2170 ἐρήμῳ,
3150 2100 3245 2153 καὶ
3282 2100 3376 2153 ἐπὶ
3413 2101 3516 2170 τῆς
3543 2100 3784 2170 καμίνου

2180 2191 2239 2243 ὲν
2273 2188 2580 2254 Βαϐυλῶνι,
2611 2192 2707 2244 καὶ
2733 2191 2829 2264 ἐπὶ
2865 2191 3051 2244 Ἠλίου
3073 2188 3170 2244 τοῦ
3197 2193 3483 2262 προφήτου
3503 2231 3518 2254 ,
3546 2191 3640 2244 καὶ¹
3665 2189 3784 2242 τῶν

2181 2278 2383 2332 λοιπῶν
2422 2279 2738 2351 τεραστίων
2753 2279 2852 2351 τὴν
2891 2280 3189 2352 φλειιτικὴν
3227 2280 3321 2336 τοῦ
3349 2281 3523 2353 πυρὸς
3549 2281 3787 2350 δύναμιν

2179 2371 2458 2442 διατέμνει
2487 2370 2550 2424 τὸ
2580 2370 2724 2424 θεῖον
2762 2372 3114 2444 πρόσταγμα,
3145 2373 3498 2444 καταλλήλως
3533 2372 3785 2442 διαιροῦν

2180 2464 2240 2516 τὸ
2266 2463 2397 2535 παρ’
2425 2465 2556 2533 ἡμῖν
2579 2461 2908 2533 ἀδιαίρετον,
2927 2462 3252 2517 ὑποδεικνύν
3271 2480 3332 2515 τε
3352 2461 3787 2533 τῆς-μελλούσης

2180 2555 2333 2618 Θείας
2369 2555 2606 2626 κρίσεως
2643 2555 2705 2607 τὸ
2741 2555 3065 2619 ἀδέκαστον,
3097 2555 3160 2608 τὸ
3187 2555 3518 2624 φωτιστικὸν
3548 2552 3648 2625 μὲν
3680 2552 3784 2606 τοῦ

2181 2645 2463 2714 γεεννικοῦ
2495 2646 2668 2717 πυρὸς
2715 2646 2946 2711 δικαίοις
2975 2643 3175 2716 μέλλον
3205 2647 3605 2719 ἀπονέμεσδαι,
3627 2647 3690 2700 τὸ
3724 2647 3788 2699 δὲ

2181 2737 2474 2807 φλεκτικὸν
2500 2740 2616 2802 τοῖς
2665 2737 2955 2802 ἐναντίοις.
2999 2739 3063 2792 Ἠ
3097 2738 3208 2808 γὰρ
3241 2738 3435 2808 ἡμέρα
3471 2738 3670 2804 ἐκείνη
3713 2737 3789 2790 ὲν

2182 2832 2322 2900 πυρί
2347 2832 2865 2897 ἀποκαλύπτεται,
2878 2833 2977 2887 καί
3002 2831 3266 2887 ἑκάστου
3288 2832 3356 2887 τὸ
3377 2836 3556 2904 ἔργον
3569 2831 3793 2886 ὁποῖόν

2178 2923 2311 2976 ἐστι
2336 2923 2404 2976 τὸ
2429 2923 2552 2991 πῦρ
2574 2922 2914 2992 δοκιμάσει,
2940 2925 3104 2995 φησὶν
3132 2926 3161 2978 ὁ
3185 2923 3390 2995 ὑψηλὸς
3405 2924 3752 2989 ,Ἀπόστολος
3768 2939 3788 2956 ο

2183 3011 2492 3083 συμφώνως
2516 3013 2574 3068 δὲ
2598 3013 2776 3085 τούτῳ
2801 3013 3010 3086 Πέτρος
3035 3017 3066 3068 ὁ
3092 3015 3187 3069 τοῦ
3216 3015 3408 3069 θιάσου
3444 3016 3745 3085 κορυφαῖος
3765 3031 3787 3047 ⁸

2183 3109 2249 3159 Ol
2283 3105 2352 3159 δὲ
2389 3105 2508 3160 νῦν
2533 3145 2548 3172 ,
2581 3108 2768 3179 φησὶν,
2826 3110 2882 3162 οι
2917 3107 3161 3177 οὐρανοί
3183 3148 3197 3173 ,
3253 3109 3350 3162 καί
3394 3109 3433 3176 ἡ
3462 3107 3540 3178 τῆ
3570 3147 3586 3173 ,
3631 3108 3789 3177 πιτρι

2180 3200 2723 3272 τεθησαυρισμένοι
2743 3203 2887 3267 sici,
2917 3204 3272 3273 τηρούμενοι
3295 3205 3382 3270 είς
3406 3203 3636 3272 ἡμέραν
3657 3205 3793 3272 κρῖ.

2179 3304 2336 3356 σεως
2360 3289 2459 3343 καί
2490 3290 2978 3359 ἁνταποδόσεως.
3025 3292 3146 3346 Τῶν
3185 3293 3414 3347 οίκετῶν
3443 3291 3499 3347 δὲ
3529 3294 3656 3358 τοὺς
3693 3293 3795 3348 λό-

2179 3397 2310 3448 γους
2343 3381 2761 3454 ὲπισφραγίζων
2800 3383 2828 3436 ὁ
2863 3383 3098 3455 Κύριος,
3125 3385 3183 3437 ὲν
3211 3384 3564 3453 Εὗαγγελίοις
3598 3385 3744 3454 φησί
3772 3401 3790 3417 ο

2185 3473 2321 3527 Τότε
2369 3475 2403 3527 ὀ
2464 3473 2599 3540 Υἱὸς
2630 3474 2740 3529 τοῦ
2773 3473 3090 3542 ἀνθρώπου
3121 3476 3465 3530 ’ἀποστελεῖ
3497 3477 3639 3542 τοὺς
3674 3478 3794 3548 ἀτκ

2178 3560 2398 3630 τέλους
2461 3564 2648 3619 αὐτοῦ
2714 3564 3030 3634 πανταχοῦ
3077 3565 3190 3635 τῆς
3241 3566 3626 3637 οἰκουμένης,
3677 3567 3794 3623 καί

478 3631 821 3719 συνάξουσι
869 3652 1011 3716 τοὺς
1048 3631 1439 3720 ἁμαρτωλοὺς
1478 3649 1546 3702 ἐκ
1596 3650 1789 3718 μέσον
1824 3648 1942 3724 τῷ·
1982 3642 2262 3722 δικαίων,
2317 3657 2414 3712 καί
2465 3657 2777 3722 βαλοῦσιν
2828 3631 3052 3726 αὐτοὺς
3089 3631 3178 3723 el;—
3217 3660 3334 3729 τὴν
3381 3631 3634 3734 ’ξάμενον
3664 3661 3792 3716 τοῦ

471 3749 659 3817 πυρός
675 3788 687 3803 .

890 3858 1414 3917 INTERROGATIO
1455 3857 1666 3914 LXXII.

553 3979 694 4047 Quid
737 3976 944 4049 igitur?
973 3991 1040 4029 an
1070 3989 1351 4043 nunquam
1385 3973 1750 4028 abolebuntur
1791 3972 1937 4034 cmli,
1979 3986 2075 4026 nec

475 4073 839 4129 ‘luminarium
874 4069 1090 4124 illorum
1123 4069 1227 4123 erit
1253 4063 1507 4121 interitus
1545 4066 1568 4117 ?

1132 4179 1443 4244 Responsio.

556 4279 676 4334 Erit
709 4276 928 4348 quidem
984 4280 1250 4330 creaturae
1284 4271 1597 4330 dissolutio,
1625 4284 1732 4322 non
1767 4266 2079 4321 omnimoda

483 4379 669 4423 tamen
699 4365 960 4424 sublatio.
992 4360 1086 4416 sed
1130 4360 1184 4413 in
1212 4359 1407 4414 melius
1442 4357 1854 4419 transmutatio,
1885 4370 2081 4426 quem-

486 4458 779 4513 admodum
823 4472 890 4511 ex
933 4452 1137 4507 Davide
1176 4451 1362 4507 divino
1387 4459 1507 4506 vate
1537 4436 1823 4515 diScimus,
1857 4451 1912 4504 in
1937 4449 2080 4503 hunc

479 4550 711 4604 modum
741 4555 974 4603 canente
1008 4564 1019 4598 :
1053 4544 1131 4597 Ab
1167 4544 1319 4598 initio
1348 4551 1426 4608 tu,
1462 4542 1704 4606 Domine,
1735 4551 1931 4597 terram
1965 4543 2083 4612 {un-

479 4644 654 4705 dasti,
686 4650 734 4695 et
767 4653 925 4706 opera
974 4653 1229 4690 manuum
1273 4645 1490 4688 tuarum
1524 4635 1640 4689 cazli
1672 4643 1794 4688 sunt
1826 4651 1844 4701 ;
1872 4635 1972 4701 ipsi
1998 4635 2082 4687 in-

490 4744 712 4799 tereunt,
750 4744 804 4787 tu
835 4742 1012 4786 autem
1054 4744 1332 4798 permaues
1359 4729 1425 4778 ’⁷.
1472 4725 1535 4780 Et
1580 4743 1776 4783 rursus
1811 4725 1879 4781 de
1917 4713 2082 4799 gene-

486 4828 698 4882 ratione
726 4825 1049 4894 subjiciens,
1074 4821 1285 4892 inquit:
1314 4818 1377 4872 Et
1416 4835 1593 4872 omnes
1629 4829 1686 4871 ut
1718 4819 2080 4873 vestimentum

486 4925 829 4978 veterascent,
847 4925 893 4969 et
922 4914 1058 4969 velut
1075 4913 1302 4981 pallium
1323 4911 1692 4966 circumvolves
1711 4923 1883 4975 eos,et
1916 4920 2084 4964 muta-

484 5007 765 5063 buntur“.
791 5003 1184 5061 Deﬁcientibus
1207 5001 1374 5073 igitur
1394 5001 1533 5056 ultra
1551 5002 1870 5059 cmlestibus
1901 5005 2081 5074 aquis,

484 5104 675 5156 omnia
733 5099 898 5155 simul
960 5097 1266 5167 liquescant
1325 5094 1661 5148 abundant.a
1712 5093 1894 5164 ignis;
1954 5111 2081 5148 nam

488 5193 660 5248 stella:
687 5191 905 5255 cadent,
939 5199 996 5243 ut
1035 5187 1103 5243 de
1153 5187 1264 5242 vite
1320 5185 1471 5249 folia,
1509 5186 1685 5255 inquit
1722 5186 1960 5243 eximius
1990 5187 2083 5242 ille

486 5287 629 5339 inter
661 5291 817 5338 vates
847 5281 1018 5337 lsaias
1047 5279 1114 5332 ".
1157 5277 1217 5331 in
1253 5279 1543 5333 catholicis
1599 5285 1780 5329 autem
1813 5275 2079 5346 Epistolis

488 5375 687 5430 Petrus
752 5375 931 5444 inquit
971 5391 983 5425 :
1028 5369 1310 5424 'Elemeuta
1356 5370 1648 5424 wstuatttia
1704 5369 1973 5422 solventur
2011 5367 2076 5419 ⁸⁸.

482 5467 644 5536 Quod
686 5475 870 5522 autem
913 5466 979 5520 ad
1009 5465 1227 5525 melius,
1258 5463 1388 5518 etin
1418 5470 1622 5517 statum
1676 5459 1936 5528 tleinceps
1967 5473 2075 5512 non

489 5558 726 5628 amplius
758 5556 1059 5611 desiturum
1091 5554 1274 5609 omnia
1299 5549 1708 5607 corroboranda
1750 5551 1883 5612 sint,
1910 5547 2077 5603 tradit

559 5732 606 5764 ’³
647 5729 791 5784 l‘sal.
817 5746 1007 5788 xxvntt.
1045 5730 1092 5781 7.

487 5800 579 5867 2’3,
604 5799 691 5856 27.
771 5800 814 5831 ’⁸
843 5801 972 5856 ibid.
1012 5800 1098 5852 '27.

2773 3861 3022 3915 ΠΕΥΣΙΣ
3055 3861 3179 3918 OB’.

2253 3969 2321 4022 Tl
2358 3965 2485 4035 οῦνς
2529 3972 2789 4025 οὐδέποτε
2825 3971 2981 4026 ἔσται
3029 3972 3184 4038 λύσις
3229 3975 3339 4027 τῶν
3372 3975 3648 4046 οὐρανῶν,
3689 3978 3795 4033 καὶ

2184 4058 2290 4112 τῶν
2325 4059 2630 4130 φωστήρων
2668 4061 2891 4114 ἐκείνων
2924 4062 3266 4133 ἀφανισμός;

2815 4173 3168 4242 Ἀπόκρισις.

2260 4261 2456 4317 Ἔσται
2498 4265 2597 4336 μὲν
2623 4265 2723 4335 τῆς
2751 4265 2982 4328 κτίσεως
3009 4265 3284 4332 διάλυσις,
3330 4268 3392 4321 οὐ
3425 4269 3698 4340 παντελὴς
3731 4273 3792 4329 δὲ

2185 4359 2525 4430 ἀφανισμδς,
2557 4358 2700 4413 ἀλλὰ
2759 4360 2895 4428 πρὸς
2957 4358 3019 4412 τὺ
3076 4362 3321 4430 κρεῖττον
3379 4365 3746 4432 μεταποίησις
3775 4381 3789 4394 ο

2186 4449 2371 4514 καθὼς
2402 4451 2468 4504 ὲκ
2500 4449 2596 4504 τοῦ
2642 4449 2933 4504 Θεσπεσίου
2971 4451 3137 4504 Δαϐὶδ
3185 4452 3595 4524 παιδευόμεθα,
3650 4456 3797 4525 μελ-

2185 4541 2446 4611 ῳδοῦντος
2465 4559 2478 4571 ·
2508 4543 2646 4596 Κατ’
2678 4542 2870 4611 ἀρχὰς
2891 4541 2975 4596 σὺ
2993 4582 3008 4607 ,
3044 4542 3219 4610 Κύριε
3239 4582 3252 4608 ,
3283 4543 3398 4611 τὴν
3427 4543 3543 4614 γῆν
3578 4546 3796 4615 ἐθεμε-

2184 4636 2450 4701 λίωσας,
2492 4635 2588 4689 καί
2629 4633 2774 4702 ἔργα
2809 4633 2931 4687 τῶν
2953 4633 3169 4704 χειρῶν
3211 4636 3330 4690 σού
3378 4639 3537 4690 εἰσιν
3572 4639 3626 4688 οἱ
3675 4639 3793 4691 οὐ·-

2177 4726 2356 4794 parci
2375 4742 2388 4755 ·
2420 4725 2587 4780 αὐτοὶ
2621 4719 3033 4790 ἀπολοῦνται,
3081 4725 3164 4779 σὺ
3208 4724 3277 4778 δὲ
3313 4725 3632 4795 διαμένεις.
3664 4725 3793 4780 Καὶ

2186 4812 2344 4882 αὖθις
2362 4816 2583 4884 ἐπάγων
2606 4814 2705 4886 τὴν
2737 4815 3189 4885 παλιγγενεσίαν,
3227 4817 3391 4889 φησί’
3421 4816 3531 4870 Καὶ
3553 4815 3791 4884 πάντες

2186 4908 2267 4973 ὡς
2305 4906 2538 4976 ἱμάτιον
2595 4905 3124 4976 παλαιωθήσονται
3147 4945 3162 4970 ,
3207 4906 3307 4960 καὶ
3359 4905 3504 4962 ὡσεί
3545 4909 3792 4974 περιϐό-

2187 5002 2364 5053 λαιον
2409 4996 2630 5062 ἑλίξεις
2664 4996 2888 5062 αὐτοὺς
2910 5036 2925 5062 ,
2963 4998 3060 5052 καί
3089 4996 3565 5066 ἀλλαγήσονται.
3613 4998 3789 5052 Ἀπο-

2187 5089 2463 5159 ληγόντων
2491 5091 2670 5141 τοίνυν
2722 5088 2831 5141 τῶν
2885 5088 3300 5159 ὑπερουρανίων
3341 5088 3585 5154 ὑδάτων,
3631 5105 3794 5159 τηνι-

2189 5181 2366 5235 καῦτα
2401 5181 2578 5234 πάντα
2610 5179 2782 5250 ἄρδην
2821 5179 3226 5251 χωνευθήσεται
3253 5184 3317 5252 τῇ
3364 5181 3635 5251 ὑπερϐολῇ
3683 5182 3789 5236 τοῦ

2186 5272 2392 5342 πυρός·
2437 5272 2487 5324 οἶ
2529 5273 2636 5342 γὰρ
2668 5271 2899 5343 ἀστέρες
2934 5271 3250 5337 πεσοῦνται,
3281 5272 3356 5335 ὡς
3389 5271 3564 5341 φύλλα
3593 5272 3654 5337 ἐξ
3678 5276 3792 5342 ἁμ-

2187 5361 2352 5415 πέλου
2381 5400 2396 5426 ,
2433 5364 2597 5433 φησὶν
2625 5365 2653 5416 ὀ
2688 5362 2798 5417 τῶν
2837 5362 3141 5434 προφητῶν
3163 5362 3364 5434 ὑψηλὸς
3402 5365 3648 5426 Ἡσαὴς.
3694 5364 3792 5418 Ἐν

2187 5452 2244 5505 δὲ
2283 5451 2613 5516 Καθολικαῖς
2650 5468 2784 5523 φησι
2822 5453 3060 5524 Πέτρος⁶
3092 5454 3364 5523 Στοιχεῖα
3401 5455 3471 5506 δὲ
3507 5453 3785 5508 καυσού-

2182 5561 2337 5614 μενα
2361 5545 2756 5614 λυθήσονται.
2791 5545 2914 5597 ’Ότι
2941 5543 2998 5597 δὲ
3027 5543 3162 5616 πρὸς
3187 5544 3247 5597 τὸ
3286 5545 3537 5614 κρεῖττον
3563 5544 3654 5597 καὶ
3675 5542 3789 5598 λοι·

1172 5729 1217 5760 ’⁸
1259 5728 1275 5780 1
1313 5726 1439 5781 Cur.
1480 5741 1557 5788 Ill,
1593 5727 1678 5780 15.
1757 5726 1802 5756 ’⁵
1843 5722 2022 5778 "Pet.
2057 5739 2070 5777 ι

2184 5722 2224 5775 7.
2307 5723 2351 5753 ²⁶
2394 5720 2580 5778 Matth.
2614 5737 2758 5788 utr,
2812 5718 2911 5787 52;
2973 5734 3093 5787 sui,
3131 5717 3219 5786 49,
3272 5718 3362 5773 50.
3438 5716 3483 5752 "
3522 5715 3670 5774 Psal.
3707 5732 3784 5784 Cl,

1177 5800 1220 5830 ’θ
1265 5797 1367 5853 lsa.
1409 5811 1524 5861 xm,
1571 5799 1649 5850 lli.
1731 5798 1770 5830 ³ο
1813 5794 1855 5851 ll
1888 5793 2004 5849 Pet.
2045 5808 2076 5848 ιι

2184 5794 2254 5850 ιο.
3673 5799 3680 5804 ’
