4020 6302
197 440 304 499 MS

200 560 353 627 I011,L
378 558 478 629 τῆς
508 558 759 614 ἀϐύσσου
791 558 1061 633 ὑπάρχειν
1092 559 1160 615 τά
1194 559 1432 633 κρηναῖα
1472 558 1643 616 ὕδατα
1672 600 1688 629 ,
1720 557 1810 614 διά

201 652 669 725 σομφωδεστέρων
692 654 936 723 λαγόνων
964 655 1064 726 τῆς
1089 652 1290 726 χέρσου
1313 652 1702 721 ἀναδιδόμενα.
1724 652 1808 705 τὰ

201 740 310 812 γὰρ
336 742 530 814 μακρά
565 742 635 795 lx
661 743 762 813 τῆς
806 729 1047 797 ἀϐύσσου
1083 743 1277 798 ἀνόδου
1320 741 1809 814 διασκολιευόμενα

199 833 310 888 τῶν
329 834 538 907 πόρων,
563 834 663 907 τὴν
692 834 917 905 πικρίαν
943 832 1260 900 ἀποζέεται,
1280 834 1376 893 καὶ
1399 835 1499 906 τὴν
1528 833 1809 905 ἁλμυρίδα

196 924 573 996 ἀπο-τιθέμενα
617 923 990 994 γλυκαίνεται.
1037 924 1113 977 Τὸ
1142 924 1201 979 δὲ
1232 926 1550 995 φρεατιαῖον
1578 924 1806 988 είκότως

198 1016 527 1091 βαρύτερον,
561 1015 659 1072 καὶ
694 1016 949 1087 ιναλμον.
981 1017 1077 1071 καὶ
1106 1012 1375 1071 δύσποτοὺ
1404 1016 1642 1090 ὑπάρχει
1665 1057 1683 1081 ,
1716 1016 1806 1071 διὰ

195 1107 259 1160 ch
288 1107 616 1178 πλησιάζειν
647 1110 713 1181 τῇ
754 1107 979 1179 ἀῦὑσσῳ
1009 1106 1104 1161 τὸν
1148 1104 1409 1177 πυθμένα
1430 1145 1447 1171 ,
1480 1107 1578 1161 καὶ
1608 1105 1804 1177 ὥσπερ

197 1199 361 1255 κάδον
379 1198 503 1255 τινὰ
531 1200 566 1273 ἢ
592 1198 751 1255 πῖθον
777 1198 1229 1271 ιπινήχεσθαιττῇ
1262 1196 1489 1271 ἀσύσσῳ
1508 1238 1525 1265 ,
1558 1197 1653 1263 τὸν
1680 1196 1804 1252 ὅθεν

195 1289 384 1361 καὶτῇ
413 1287 693 1362 ιτγυτόρα
719 1288 895 1361 ἀνόδῳ
945 1287 1045 1343 καὶ
1090 1288 1484 1360 συντομωτέρα
1530 1284 1803 1359 ἐκφανείᾳ.

197 1380 277 1452 μὴ
304 1379 569 1443 δύνασθαι
604 1380 710 1451 τὴν
747 1378 1041 1433 θαλαττίαν
1069 1378 1277 1451 πικράν
1305 1376 1618 1449 ἁλμυρίδα,
1664 1377 1804 1432 ἀλλά

197 1471 384 1543 μέσως
412 1472 524 1526 παν
550 1469 719 1542 ἔχειν,
748 1469 843 1526 τοῦ
874 1469 977 1542 μὲν
1012 1468 1275 1542 κρηναίου
1314 1468 1668 1543 βαρυτέρως,
1702 1466 1801 1523 τοῦ

193 1562 252 1619 δὲ
280 1560 573 1619 θαλαττίου
617 1562 984 1637 κουφοτέροις.

790 1664 1045 1731 ΠΕΥΣῘΣ
1079 1675 1202 1731 ου’.

262 1787 393 1851 Πῶς
419 1787 716 1856 ἀνάγωσιν
742 1783 1041 1859 αἱ⁸νεφέλαι
1058 1785 1121 1841 τὸ
1146 1785 1441 1841 θαλάσσιον
1467 1783 1615 1856 ὕδωρ
1638 1802 1653 1850 ;
1678 1781 1801 1848 πῶς

196 1879 248 1933 δὲ
271 1879 608 1953 ἀναληφθὶν,
635 1879 737 1934 οὐκ
768 1879 934 1944 εὐθὺς
962 1880 1233 1950 ἐπιχεῖται
1258 1896 1276 1946 ;
1315 1878 1432 1943 πῶς
1468 1877 1564 1931 καὶ
1592 1877 1653 1931 ιν
1685 1874 1797 1929 τίσι

190 1974 295 2043 μὲν
323 1974 511 2038 τόποις
533 1973 744 2047 βρέχει,
772 1974 832 2027 tv
864 1972 976 2027 τίσι
1004 1972 1065 2027 οὑ
1088 1972 1276 2045 βρέχει
1300 1986 1316 2037 ;

811 2170 1180 2240 Ἀπόκρισις.

259 2267 535 2319 ’Δκουσον
566 2261 662 2317 τοῦ
694 2261 859 2316 Δαϐὶδ
887 2262 1019 2334 περὶ
1043 2260 1180 2315 Θεοῦ
1207 2257 1577 2332 μελῳδοῦντος
1600 2275 1610 2283 ·
1636 2260 1795 2314 Συν-

181 2357 353 2429 arcer
377 2355 524 2412 ὠσσι
554 2354 754 2410 ἀσκὸν
790 2352 983 2408 ὕδατα
1006 2350 1361 2423 θαλάσσης·
1393 2350 1585 2423 ἐτέρου
1618 2350 1674 2404 δὲ
1705 2348 1797 2403 λι-

183 2466 379 2518 γοντος
397 2466 413 2481 ·
448 2448 767 2519 Δεσμσύων
795 2445 909 2518 (3i)
951 2443 1111 2513 ὕδωρ
1152 2443 1223 2497 ὲν
1261 2443 1548 2515 νεφέλαις
1580 2442 1790 2511 ἀέρων.

181 2543 306 2613 Πρὸ
335 2540 545 2597 τούτων
570 2540 631 2595 δὲ
681 2537 827 2606 Ἰὼϐ,
853 2538 884 2592 ό
912 2536 1025 2592 τῶν
1065 2536 1209 2606 κατά
1234 2536 1368 2590 Θεὸν
1402 2535 1631 2605 ἀγώνων
1662 2534 1797 2588 καθα

181 2636 427 2707 ηγητὴς,
448 2630 661 2706 πύργος
682 2631 777 2686 καὶ
794 2628 1079 2701 πρόϐολος,
1107 2627 1247 2700 φησί
1262 2643 1275 2656 ·
1294 2628 1405 2682 Καὶ
1436 2628 1549 2683 οὐκ
1573 2626 1793 2697 ἐρῤάγη

180 2726 377 2798 νέφος
427 2725 711 2781 ὑποκάτω
741 2722 953 2786 αὑτοῦ,
984 2720 1080 2775 τοῦ
1110 2720 1304 2784 ὓδατος
1340 2720 1604 2791 δηλονότι.
1636 2717 1796 2772 Νοεί-

183 2818 304 2874 σθω
332 2818 393 2871 δὲ
416 2818 514 2871 καὶ
543 2816 675 2889 περὶ
699 2817 800 2887 τῆς
820 2812 1145 2883 θεανδρικῆς
1171 2810 1267 2867 τοῦ
1289 2813 1545 2883 Σωτῆρος
1578 2809 1787 2881 ἀναλή-

179 2908 355 2979 ψεως.
386 2907 602 2978 Νεφέλη
636 2907 746 2977 γάρ
767 2903 945 2974 ὑπέϐη
970 2906 1085 2967 τοῖς
1114 2902 1273 2956 ποσὶν
1303 2900 1492 2963 αὑτοῦ,
1514 2901 1579 2953 οὑ
1603 2916 1792 2971 συνερ-

182 2999 367 3071 γοῦσα
400 2999 536 3071 πρὸς
567 2997 666 3071 τὴν
692 2998 901 3061 ἄνοδον,
931 2994 1070 3049 ἀλλά
1094 2992 1353 3048 δεικνῦσα
1381 2994 1588 3046 ικεῖνον
1614 2992 1794 3064 ὑπάρ-

184 3110 327 3165 χειν,
354 3093 451 3147 τὸν
476 3092 569 3148 διά
593 3089 861 3154 λαίλαπος
887 3090 982 3143 καὶ
1000 3086 1180 3157 νεφῶν
1210 3084 1381 3140 πάλαι
1409 3084 1511 3158 μὲν
1539 3082 1618 3156 τῷ
1650 3082 1793 3148 Ἰὼϐ,

185 3189 309 3260 μετ’
328 3186 495 3242 αὑτὸν
518 3185 577 3240 δὲ
596 3183 676 3256 τῷ
722 3184 917 3237 Mutati
939 3178 1314 3251 φθεγγόμενον
1336 3194 1352 3211 ο
1398 3174 1796 3247 πληρουμένων

180 3280 241 3333 δι
265 3278 379 3333 τῶν
405 3276 608 3347 νεφῶν,
657 3274 824 3329 elevat
866 3272 1053 3328 ἀσκῶν
1089 3270 1126 3342 ἢ
1172 3268 1426 3341 σιφώνων
1453 3268 1640 3333 τινῶν,
1672 3268 1795 3322 ἀντὶ

179 3369 393 3442 δεσμοῦ
441 3370 477 3439 ἢ
524 3367 815 3433 δακτύλου,
851 3366 885 3438 ἢ
943 3364 1039 3420 τοῦ
1078 3362 1423 3436 ἐκθλίϐοντος
1468 3360 1690 3432 πιεσμῷ
1733 3362 1795 3415 τὸ

183 3463 335 3535 ὕδωρ
384 3460 482 3515 τοῦ
541 3460 795 3529 σίφωνος,
831 3459 892 3511 τὸ
925 3457 1067 3510 θεῖον
1094 3456 1277 3517 αὐτοῖς
1324 3451 1795 3524 δπίκειταιπρόσ-

182 3570 395 3623 ταγμα,
419 3552 565 3605 καιὰ
597 3550 694 3620 τὴν
716 3548 903 3602 εἰκόνα
920 3546 1030 3601 τῶν
1060 3548 1156 3600 νῦν
1187 3544 1468 3617 ἐμπόρων,
1492 3544 1792 3599 καθιέντων

186 3645 290 3715 μὲν
319 3644 494 3719 εἶιςάνὶ
528 3640 675 3713 βυθῷ
702 3640 780 3709 τῷ
820 3639 1005 3694 σκεύει
1035 3639 1128 3693 τὸν
1170 3638 1401 3706 σίφωνα,
1436 3636 1531 3689 καὶ
1570 3636 1794 3707 πληρω-

181 3730 374 3794 θέντα,
398 3730 495 3783 ἐπὶ
513 3731 581 3800 τῇ
611 3730 881 3784 ἀντιθέσει
904 3729 999 3783 τοῦ
1021 3730 1117 3783 ἀντ
1127 3726 1229 3799 ιχεί
1235 3744 1330 3799 ρου
1348 3725 1674 3795 ἀνάγεσθαι,
1698 3727 1793 3780 καλ⁴

182 3822 277 3877 sta:
331 3821 519 3893 πάσης
574 3822 675 3891 τῆς
726 3820 908 3885 οἰκίας
952 3820 1027 3883 ὼς
1059 3820 1150 3873 διά
1188 3820 1401 3892 κόσμου
1428 3821 1528 3883 τάς
1559 3817 1792 3889 νεφέλας

184 3914 423 3985 πλήρεις
453 3911 741 3987 φέρεσθαι,
791 3911 1259 3984 ἐξοικονομεῖσθαι
1285 3912 1343 3966 δὲ
1370 3912 1433 3966 τὸ
1477 3912 1791 3984 ἀναληφθὲν

181 4005 327 4077 πρὸς
350 4006 415 4059 τὸ
440 4005 630 4059 δοκοῦν
651 4004 731 4075 τῷ
750 4004 1104 4076 ἀρυσαμένῳ,
1131 4006 1196 4076 τῇ
1220 4004 1488 4077 ἐπαγωγῇ
1527 4006 1623 4059 καὶ
1649 4006 1791 4059 ἀπο-

182 4097 337 4153 θέσει
355 4096 450 4153 τοῦ
466 4096 759 4153 δακτύλου.

809 4212 1061 4266 ΠΕΥΣΙΣ
1092 4213 1176 4267 Π¹.

257 4305 491 4361 Πάντων
510 4305 925 4377 περιεχομένων
943 4303 1021 4374 τῷ
1038 4303 1196 4369 ὕδατι
1219 4301 1435 4375 πρώην,
1458 4303 1552 4357 καὶ
1565 4301 1792 4373 ἀὸύσσῳ

182 4396 642 4469 καλυπτομένων.
694 4394 815 4460 πῶς
845 4396 1085 4467 συνήχθη
1127 4395 1223 4450 καὶ
1266 4396 1672 4468 συνεχώρησεν,
1697 4394 1793 4449 τοῦ

181 4489 325 4549 Θεοῦ
352 4491 623 4554 nm“,
654 4487 1020 4558 Συναχθήτω
1040 4489 1106 4541 τὸ
1131 4487 1290 4557 ὕδωρ
1315 4490 1405 4555 εις
1426 4488 1797 4561 συναγωγὴν

182 4580 357 4649 μίαν,
376 4578 479 4633 και
497 4576 735 4647 ὀφθήτω
752 4578 788 4645 ὴ
829 4577 983 4645 ξηρά
1002 4594 1021 4640 ;

823 4668 1181 4735 Ἀπόκρισις.

270 4762 339 4816 Ἠ
367 4761 463 4815 τοῦ
493 4761 695 4824 παντὸς
719 4760 987 4831 δραστικὴ
1020 4760 1141 4814 θεία
1164 4760 1417 4833 δύναμις,
1458 4764 1549 4819 ὅτε
1581 4766 1792 4841 συνεῖδε

187 4857 331 4930 πρδς
383 4856 512 4927 μίαν
552 4855 879 4925 συναγωγὴν
927 4853 1295 4925 ἀποκριθῆναι
1330 4854 1392 4909 τὸ
1424 4856 1593 4931 ὕδωρ,
1631 4855 1792 4923 αὖθις

187 4947 286 5001 καὶ
302 4944 369 5000 τδ
391 4944 584 5016 μέλλον
630 4944 765 4998 αὐτὸ
811 4943 1174 5015 ὑποδέχεσθαι
1210 4945 1411 5017 χωρίον
1436 4950 1788 5019 παρήγαγεν.

185 5034 329 5092 οὑδὶ
351 5035 463 5107 γάρ
491 5030 563 5107 ἦν
592 5036 626 5105 ἠ
658 5034 767 5100 ἔξω
800 5034 1072 5107 Γαδείρων
1096 5034 1357 5103 θάλαττα,
1388 5037 1515 5092 οὐδὲ
1546 5040 1609 5093 τὸ
1646 5040 1793 5113 μέγα

187 5128 287 5184 καὶ
333 5126 642 5199 ἀτόλμητον
687 5126 971 5201 πλωτῆρσι
1002 5127 1258 5197 πέλαγος,
1294 5130 1358 5183 τὸ
1380 5129 1483 5201 την
1506 5132 1793 5203 Βρεττανι-

189 5222 295 5293 κὴν
325 5206 493 5291 νῆσον
518 5221 617 5275 καὶ
642 5221 771 5285 τοὺς
804 5221 1126 5293 Ἑσπερίους
1148 5221 1380 5294 ἰὁηρας
1414 5227 1785 5297 περιπτυσσό-

190 5327 387 5382 μενον*
416 5310 556 5366 ἀλλά
592 5311 715 5366 τότε
740 5310 841 5383 τῆς
871 5311 1057 5385 χώρας
1112 5311 1193 5384 τῷ
1227 5311 1361 5384 θείῳ
1399 5315 1787 5387 προστάγματι

184 5403 717 5477 δημιουργηθείσης,
746 5405 833 5459 επ*
864 5402 1038 5476 αὑτὴν
1076 5396 1335 5476 συνεδόοη
1356 5402 1467 5459 τῶν
1484 5405 1696 5463 ὑδάτων
1720 5408 1788 5462 τὰ

189 5493 396 5567 πλήθη.

1665 437 2016 497 DIALOGUS
2058 436 2097 492 1.

3410 424 3521 485 πθ

1921 571 2022 613 nas
2049 568 2226 625 aquas
2259 567 2327 609 ex
2368 553 2572 624 abysso
2600 564 2726 608 esse
2758 564 2855 621 per
2888 548 3132 603 laxiores
3161 546 3321 603 sinus
3350 553 3526 601 terra)

1913 647 2181 703 redditas.
2219 643 2359 699 Nam
2392 642 2585 715 procul
2618 657 2687 697 ex
2721 640 2927 713 abysso
2960 638 3283 703 tendentes,
3313 647 3369 694 et
3396 645 3517 692 tot-
3549 674 3555 681 .

1912 749 2073 795 tuose
2116 751 2217 809 per
2251 740 2472 791 meatus
2514 741 2806 789 manantes
2826 772 2844 798 ,
2876 730 3101 787 fervidae
3131 729 3291 786 facta:
3316 733 3516 789 amari-

1910 822 2158 879 tudinem
2185 822 2449 877 amittunt
2466 860 2481 884 ,
2509 831 2565 876 et
2589 820 2933 892 salsuginem
2959 819 3298 888 deponentes
3320 819 3515 879 dulce-

1908 925 2094 993 seum.
2127 914 2303 970 Porro
2330 914 2569 985 putealis
2593 955 2608 979 ,
2642 922 2701 969 ut
2731 928 2831 985 par
2860 919 2949 970 est
2971 954 2986 977 ,
3018 912 3245 984 gravior
3275 922 3330 968 et
3375 915 3507 971 sub-

1908 1008 2089 1083 salsa,
2116 1014 2187 1063 et
2216 1006 2414 1078 parum
2448 1004 2705 1076 potabilis
2734 1012 2821 1060 est
2840 1044 2856 1070 ,
2887 1014 3180 1075 propterea
3204 1004 3353 1075 quod
3385 1005 3507 1061 futt-

1908 1100 2043 1157 dum
2069 1100 2277 1173 abysso
2306 1098 2680 1169 propinquum
2715 1097 2915 1162 habet,
2949 1104 3003 1151 et
3040 1107 3301 1169 tanquam
3339 1099 3522 1155 cadus

1905 1203 2003 1249 aut
2030 1191 2239 1249 dolium
2262 1190 2482 1247 innatat
2513 1191 2736 1261 abysso.
2764 1187 2888 1256 Quo
2919 1189 2977 1244 tlt
2995 1228 3012 1256 ,
3045 1197 3106 1245 ut
3130 1198 3358 1261 propter
3384 1206 3517 1263 pro-

1906 1285 2254 1357 pinquiorem
2284 1299 2579 1341 ascensum
2612 1292 2670 1339 et
2720 1283 3029 1339 breviorem
3073 1282 3316 1348 exitum,
3358 1299 3513 1355 ama-

1906 1361 2212 1450 ram'aquaa
2238 1376 2473 1431 marina:
2497 1373 2836 1445 salsuginem
2863 1388 3087 1445 aequare
3112 1382 3381 1445 nequeat,
3411 1373 3511 1431 sed

1905 1470 2092 1527 medio
2143 1468 2387 1541 quodam
2429 1466 2593 1522 modo
2637 1465 2832 1520 aﬂ‘ecta
2874 1466 2982 1532 sit,
3017 1466 3239 1538 gravior
3283 1466 3508 1537 quidem

1903 1578 2074 1634 quam
2110 1562 2372 1626 fontana,
2402 1560 2618 1616 marina
2652 1559 2843 1615 levior.

2306 1668 2835 1728 INTERROGATIO
2870 1668 3109 1726 LXXIX.

1998 1788 2291 1857 Quomodo
2357 1786 2544 1842 ferunt
2613 1786 2669 1841 in
2716 1786 2959 1843 sublime
3007 1787 3184 1843 nubes
3237 1789 3509 1843 marinam

1904 1885 2148 1955 aquam?
2186 1894 2284 1940 aut
2319 1886 2598 1955 quomodo
2627 1885 2846 1943 sublata
2879 1899 2991 1939 non
3043 1898 3172 1938 mox
3208 1882 3510 1943 eiunditur

1906 1976 1964 2032 in
1991 1977 2239 2033 terram?
2270 1980 2550 2049 quomodo
2584 1978 2716 2033 item
2745 1977 2802 2033 in
2830 1975 3164 2049 quibusdam
3187 1975 3326 2033 locis
3346 1977 3509 2048 pluit,

1907 2068 1963 2125 in
1997 2070 2328 2141 quibusdam
2368 2086 2480 2127 non
2507 2070 2687 2141 pluit?

2548 2162 2863 2233 Responsio.

1972 2257 2119 2312 Audi
2146 2256 2216 2313 de
2251 2256 2364 2314 Deo
2397 2266 2688 2315 canentem
2723 2256 2984 2313 Davidem
3024 2276 3039 2313 :
3082 2256 3188 2325 Qui
3228 2265 3515 2330 congregat

1900 2350 2056 2420 quasi
2090 2359 2262 2404 utrem
2285 2366 2454 2421 aquas
2492 2351 2661 2407 maris
2684 2351 2728 2384 ³⁷
2751 2368 2770 2420 ;
2814 2349 2982 2405 alium
3013 2349 3145 2404 item
3175 2333 3454 2408 dicentem
3492 2371 3507 2409 :

1902 2448 2010 2514 Qui
2036 2449 2166 2520 ligat
2187 2467 2383 2521 aquam
2412 2452 2467 2506 in
2493 2452 2635 2506 aeris
2668 2448 2897 2505 itubibus
2914 2448 2983 2506 ³⁸.
3014 2448 3157 2504 Ante
3189 2447 3293 2503 hos
3314 2454 3504 2501 autem

1898 2539 2073 2598 Jobus
2111 2543 2481 2598 certaminum
2530 2544 2856 2599 divinorum
2906 2540 3193 2613 magister,
3240 2537 3413 2595 turris
3455 2543 3511 2594 et

1899 2635 2402 2705 propugnaculum,
2436 2636 2619 2708 inquit
2653 2656 2669 2693 :
2695 2639 2767 2691 Et
2796 2652 2903 2691 non
2928 2643 3007 2690 est
3040 2643 3201 2704 rupta
3222 2630 3385 2687 nubes
3410 2631 3508 2685 sub

1900 2726 2019 2794 ipsa
2031 2726 2099 2791 ”,
2134 2727 2349 2783 scilicet
2376 2743 2542 2799 aqua.
2575 2726 2921 2800 lntelligatur
2949 2734 3134 2783 autem
3166 2723 3309 2780 idem
3337 2723 3507 2778 etiam

1900 2817 1970 2874 de
2001 2818 2276 2876 deiﬁcata
2318 2818 2684 2877 humanitatis
2736 2818 3055 2878 Servatoris
3105 2814 3508 2887 assumptione.

1899 2908 2085 2965 Nubes
2134 2910 2285 2966 enim
2334 2910 2507 2967 subiit
2540 2911 2645 2969 sub
2692 2910 2863 2983 pedes
2907 2906 3050 2981 ejus,
3084 2924 3195 2963 non
3234 2906 3509 2977 adjuvaus

1900 3000 2304 3067 ascensionem,
2333 3002 2430 3058 sed
2458 3010 2518 3058 ut
2545 3003 2933 3058 ostenderetur
2959 3002 3116 3056 illum
3144 3015 3267 3057 esse
3290 3001 3383 3072 qui
3410 3014 3511 3070 per

1898 3091 2180 3147 turbinem
2211 3099 2269 3148 et
2312 3092 2501 3149 nubes
2521 3093 2654 3149 olim
2690 3094 2918 3166 quidem
2964 3094 3034 3148 ad
3084 3090 3284 3149 Jobum
3310 3134 3327 3159 ,
3380 3099 3509 3163 post

1899 3183 2081 3255 ipsum
2116 3200 2247 3242 vero
2286 3184 2356 3241 ad
2403 3186 2607 3242 iiosem
2636 3186 2861 3243 loeutus
2890 3193 3062 3250 esset,
3098 3184 3343 3256 impletis
3376 3196 3508 3239 vero

1898 3268 2143 3334 nubibus
2166 3278 2317 3333 velut
2346 3278 2565 3335 utribus
2595 3286 2693 3334 aut
2724 3276 3076 3349 siphonibus,
3099 3276 3239 3332 loco
3274 3274 3509 3340 vinculi,

1901 3376 1999 3423 aut
2030 3366 2211 3439 digiti,
2236 3380 2332 3423 aut
2356 3368 2609 3438 siphonis
2636 3367 2940 3439 premendo
2966 3363 3258 3422 retinentis
3277 3379 3505 3434 aquam.

1895 3460 2143 3516 divinum
2173 3461 2311 3530 ipsis
2342 3460 2610 3517 incumbit
2641 3460 2987 3525 mandatum,
3019 3458 3247 3532 perinde
3270 3473 3335 3513 ac
3360 3472 3505 3513 mer-

1896 3560 2115 3608 catores
2148 3552 2329 3607 facere
2361 3553 2565 3617 solent,
2595 3540 3047 3606 cum'demittunt
3077 3551 3133 3604 in
3160 3534 3499 3620 profundum

1894 3658 1994 3699 vas
2042 3642 2357 3713 siphonem,
2384 3658 2563 3712 coque
2597 3641 2844 3712 impleto,
2881 3642 3139 3713 opposito
3169 3638 3369 3708 pollice
3410 3653 3499 3693 re-

1894 3736 2143 3800 ducunt,
2190 3744 2245 3791 et
2273 3751 2370 3806 per
2406 3744 2577 3791 tutam
2626 3736 2854 3790 domum
2882 3733 3047 3806 quasi
3089 3748 3185 3804 per
3228 3730 3499 3787 mundum

1898 3828 2081 3884 ferunt
2112 3829 2305 3900 plenas
2328 3828 2487 3899 quasi
2519 3828 2717 3892 nubes,
2742 3836 2797 3882 et
2826 3826 3065 3883 refertur
3090 3827 3145 3880 in
3200 3840 3334 3881 usus
3357 3838 3502 3895 aqua

1897 3932 2138 3992 sumpta,
2166 3930 2326 3992 prout
2358 3922 2538 3976 visum
2569 3918 2678 3976 [uel
2693 3920 2735 3974 it
2769 3919 2818 3974 ei
2856 3919 2953 3991 qui
2982 3917 3191 3983 hausit,
3221 3917 3385 3988 idque
3410 3932 3503 3987 per

1898 4011 2308 4083 impositionem
2340 4021 2397 4068 et
2421 4010 2861 4069 subtractionem
2893 4009 3077 4082 digiti.

2310 4214 2846 4271 NTERROGATIO
2880 4212 3098 4269 LXXX.

1991 4306 2130 4362 Cum
2179 4307 2367 4362 omnia
2420 4308 2657 4379 primum
2726 4307 3145 4362 continerentur
3214 4320 3396 4374 aqua,
3445 4312 3500 4358 et

1901 4397 2104 4467 abysso
2135 4403 2477 4467 tegerentur,
2508 4396 2602 4451 ubi
2631 4403 2965 4467 congregata
2997 4402 3103 4459 est,
3135 4403 3188 4449 et
3224 4408 3336 4464 quo
3367 4409 3501 4449 cuu-

1896 4488 2089 4552 cessit,
2123 4488 2344 4544 dicente
2387 4486 2519 4555 Deo,
2552 4486 2915 4558 Congregetur
2946 4502 3087 4556 aqua
3124 4487 3180 4540 in
3209 4501 3498 4556 congregao

1896 4580 2093 4633 tionem
2122 4595 2306 4645 unam,
2328 4588 2379 4633 et
2407 4588 2664 4648 appareat
2697 4576 2855 4631 arida
2880 4577 2967 4631 δοῖ

2538 4666 2850 4737 Responsio.

1970 4760 2231 4818 Universi
2266 4760 2511 4816 etl’ectrix
2561 4759 2653 4814 illa
2683 4759 2871 4814 divina
2906 4758 2989 4814 vis
3028 4759 3256 4831 quando
3284 4762 3497 4816 consti-

1894 4855 1999 4911 tuit
2027 4870 2229 4926 aquam
2257 4870 2551 4912 secernere
2595 4855 2665 4912 ad
2695 4856 3181 4928 congregationem
3226 4864 3281 4913 et
3311 4859 3493 4913 locum
3590 4848 3593 4851 ’

1894 4962 2086 5013 unum,
2123 4962 2249 5004 mox
2301 4955 2358 5003 et
2407 4946 2587 5002 lacum
2624 4946 2803 5017 ipsam
2834 4954 3186 5018 recepturum
3226 4949 3495 5004 condidit.

1892 5038 2147 5094 Nondum
2172 5040 2321 5095 enim
2346 5051 2466 5096 erat
2495 5040 2630 5095 illud
2664 5049 2819 5097 extra
2862 5039 3067 5117 Gadira
3101 5041 3271 5097 situm
3320 5057 3493 5107 mare,

1894 5147 2074 5203 neque
2107 5147 2365 5202 magnum
2416 5133 2551 5188 illud
2587 5134 2737 5205 quod
2782 5133 3086 5203 exhorrent
3132 5143 3315 5189 nauta:
3348 5134 3498 5204 pela-

1892 5240 2029 5295 gus,
2067 5225 2214 5295 quod
2246 5224 2621 5281 Britannicam
2664 5227 2906 5281 insulam
2948 5234 3005 5281 et
3043 5224 3345 5296 Hesperios
3378 5224 3496 5282 lbe-

1892 5334 1986 5374 ras
2015 5316 2189 5371 ambit
2214 5355 2230 5380 ,
2283 5316 2380 5371 sed
2422 5316 2643 5373 condita
2676 5327 2805 5372 tunc
2834 5316 3025 5372 divino
3054 5317 3316 5373 mandato
3346 5327 3495 5374 certa

1892 5409 2140 5480 regione,
2169 5406 2237 5463 ad
2269 5407 2445 5480 ipsam
2470 5407 2636 5465 simul
2657 5422 2926 5479 aquarum
2950 5409 3334 5465 multitudines
3361 5424 3495 5466 con-

1890 5499 2191 5554 ﬂuxerunt.

260 5630 308 5666 "
348 5630 495 5690 Psal.
525 5648 699 5701 sunt,
743 5634 797 5691 7.
870 5634 917 5668 ³⁸
952 5632 1057 5692 Job
1095 5649 1243 5699 τινι,
1276 5633 1331 5690 8.
1407 5634 1455 5668 ⁸³
1490 5632 1595 5691 Job
1639 5651 1791 5704 xxvi,

1907 5650 2017 5692 sec.
2052 5630 2219 5688 LXX.
2296 5630 2343 5663 “
2380 5630 2517 5687 Gen.
2552 5648 2590 5699 ι,
2624 5630 2679 5687 9.

260 5786 815 5861 (31)Δεσμεύων,κ.
848 5809 899 5845 τ.
922 5793 975 5845 λ.
1012 5790 1169 5849 Hunc
1202 5803 1255 5849 et
1293 5807 1421 5848 mox

192 5857 403 5935 locum,
437 5857 697 5935 tanquam
727 5861 1046 5935 exAduobus
1074 5863 1254 5919 sacris
1288 5857 1657 5935 scriptoribus
1681 5865 1775 5919 tle-

195 5927 491 6001 octiptutn,
546 5927 741 5991 rccitat
778 5932 1092 6007 Caesarius;
1147 5948 1274 5990 cum
1317 5927 1501 5992 tamen
1547 5945 1777 6007 uterque

1555 5802 1772 5850 uentem
1879 5798 2141 5863 occurrat
2166 5789 2271 5863 Job
2290 5808 2438 5854 xxvi,
2468 5791 2522 5855 8.
2554 5793 2712 5862 juxta
2746 5792 2913 5856 LXX,
2951 5795 3045 5850 ubi
3087 5794 3170 5851 sic
3207 5794 3442 5863 legimus
3476 5815 3488 5851 :

1882 5862 2175 5937 Δεσμεὺων
2210 5861 2356 5937 ὕδωρ
2393 5864 2451 5915 ὲν
2476 5861 2731 5937 νεφέλαις
2770 5865 2958 5931 αὑτοῦ,
3001 5866 3096 5920 καὶ
3119 5866 3221 5920 οὐκ
3264 5861 3507 5937 Ιρῤἀγη,

2595 5934 2622 5945 αν

1886 5933 2047 6003 νέφος
2076 5932 2432 5988 ὑποκάτωθεν
2457 5932 2643 5989 αὑτοῦ.
