4032 6312
502 428 604 483 967
1606 433 1661 488 S.
1706 430 2368 500 CJESARIIJEREGORII
2404 433 2706 490 FRATRIS
2723 472 2737 495 φ

893 546 1414 606 INTERROGATIO
1460 547 1700 607 LXXXI.

576 635 747 694 Estne
780 656 951 695 unum
984 657 1136 698 mare
1174 643 1289 699 sive
1319 644 1694 716 congregatio,
1721 644 1807 701 vel
1835 645 2057 701 multae?

1140 730 1451 801 Responsio.

577 818 695 875 Una
731 822 949 892 quidem
977 831 1062 879 est
1088 825 1441 895 congregatio
1470 827 1641 882 totius
1668 828 1946 894 elementi,
1974 827 2095 897 plu-

499 928 594 968 res
624 928 754 967 vero
774 923 961 984 partes
989 916 1407 986 principaliores
1432 933 1446 981 ;
1506 933 1629 971 nam
1664 926 1855 989 stagna
1882 934 2004 989 quae
2026 918 2095 973 ad

503 1003 752 1069 Arctum,
775 992 839 1059 et.
859 1020 1201 1077 quaacunque
1229 1008 1296 1063 ad
1318 1007 1543 1064 Graecia:
1568 1018 1890 1079 spectantur
1920 1025 2091 1076 mare,

502 1109 735 1165 quaeque
770 1095 1144 1153 Macedoniam
1176 1107 1231 1153 et
1276 1100 1587 1172 Bithyniam
1634 1110 1690 1157 et
1744 1102 2092 1158 Palaestinam

502 1186 775 1251 obtinent,
805 1192 1257 1261 congregationes
1306 1194 1497 1261 utique
1533 1201 1685 1257 sunt,
1721 1209 1861 1264 quas
1907 1195 2096 1248 multi-

503 1276 751 1331 tudinem
798 1293 953 1349 aquae
1006 1282 1207 1337 habere
1257 1284 1443 1339 nullus
1492 1284 1940 1340 contradixerit:
1986 1298 2091 1338 non

502 1378 688 1423 tamen
720 1370 939 1439 proprie
966 1371 1137 1425 maria
1180 1388 1302 1428 esse
1343 1375 1608 1439 dicimus,
1646 1374 1776 1431 licet
1805 1390 2094 1446 propemo-

500 1459 633 1515 dum
662 1475 785 1514 cum
814 1462 953 1516 mari
984 1462 1054 1517 ob
1082 1466 1503 1521 amaritudinem
1533 1474 1587 1520 et
1622 1467 1955 1535 salsuginem
1991 1468 2094 1519 mi-

500 1562 601 1609 εισι
647 1553 779 1615 sint,
827 1555 1007 1625 qualis
1038 1564 1121 1609 est
1153 1557 1487 1626 Asphaltites
1515 1558 1667 1613 lacus
1702 1558 1756 1611 in
1787 1557 1999 1621 Judzea,
2042 1572 2095 1613 et

501 1642 824 1700 Serbonites
853 1646 993 1700 inter
1024 1645 1317 1717 Egyptutn
1351 1656 1405 1703 et
1436 1647 1791 1704 Palaestinam
1820 1649 1887 1702 ad
1912 1651 2094 1705 deser-

499 1747 617 1790 tum
667 1738 962 1793 Arabicum
1015 1751 1311 1807 extensus,
1363 1741 1605 1812 itemque
1658 1741 1985 1813 Hyrcaniam
2040 1754 2093 1797 et

501 1827 790 1898 Caspiam;
817 1838 872 1885 et
903 1830 1153 1886 videmus
1182 1848 1212 1887 a
1248 1832 1527 1888 nonnullis
1556 1833 1703 1901 ipsos
1733 1846 1857 1886 esse
1885 1830 2093 1887 descri-

504 1930 648 1989 ptos.
702 1920 928 1991 Oportet
960 1923 1104 1976 enim
1138 1923 1418 1981 attendere
1464 1922 1928 1992 descriptionibus
1958 1937 2090 1992 geo-

503 2012 782 2083 graphicis
810 2028 1001 2069 eorum
1029 2014 1121 2083 qui
1152 2022 1207 2068 ct
1238 2013 1512 2078 viderunt,
1542 2023 1595 2070 et
1616 2016 1756 2069 scitu
1786 2014 1981 2088 dignas
2006 2030 2094 2070 res

503 2103 781 2158 memoriae
833 2104 1208 2175 prcdiderunt.
1261 2103 1398 2157 Nam
1447 2103 1661 2158 occulte
1694 2111 2095 2157 conservantur

501 2194 646 2248 inter
682 2210 739 2249 se
765 2182 818 2249 et
845 2196 1254 2266 conjunguntur
1289 2211 1397 2249 uno
1428 2210 1601 2265 eoque
1642 2195 1880 2249 maxime
1934 2194 2092 2259 ntari,

501 2287 966 2355 quemadmodum
1019 2287 1271 2342 Rubrum
1306 2287 1552 2342 declarat
1587 2304 1767 2354 mare,
1815 2297 1969 2357 parte
2004 2304 2095 2345 su-

503 2376 718 2444 periore
744 2391 872 2431 cum
914 2375 1171 2430 Gadirico
1198 2377 1412 2431 occulte
1453 2376 1834 2445 conjunctum.

891 2466 1412 2523 INTERROGATIO
1452 2466 1713 2521 LXXXII.

571 2566 643 2614 At
670 2561 949 2629 quomodo
992 2562 1447 2632 congregationes
1477 2574 1743 2629 aquarum
1788 2559 1959 2613 maria
1994 2574 2094 2615 vo-

501 2653 645 2707 cavit
676 2651 982 2706 Dominus?

1141 2745 1451 2815 Responsio.

574 2835 742 2893 Sinus
766 2837 859 2907 qui
884 2835 1183 2892 secundum
1213 2850 1342 2890 suas
1372 2833 1583 2903 species
1612 2848 1641 2887 a
1667 2832 2095 2901 circumjacente

500 2937 649 2983 terra
674 2910 1053 2997 comprehensi
1086 2933 1237 2989 sunt,
1271 2926 1444 2979 maria
1477 2924 1743 2979 Dominus
1776 2922 2091 2991 appellavit,

501 3022 606 3076 hoc
632 3027 749 3083 est,
784 3034 933 3075 mare
957 3017 1205 3081 Boreale,
1233 3032 1385 3073 mare
1409 3017 1683 3082 Australe,
1718 3014 1891 3069 Eoum
1916 3030 2089 3079 mare,

499 3120 553 3168 et
588 3111 911 3181 Hesperium
940 3126 1092 3167 mare
1116 3111 1384 3175 alterum;
1422 3116 1684 3179 praeterea
1721 3107 1894 3177 pelagi
1928 3106 2093 3176 hujus

499 3204 585 3259 vel
617 3204 765 3259 illius
799 3201 1555 3273 peculiaresappellationes,
1590 3207 1790 3270 pontus
1816 3197 2087 3262 Euxinus,

497 3306 556 3352 et
584 3311 731 3351 mare
777 3294 1267 3365 Hellesponticum,
1305 3293 1551 3364 IEgaeum
1583 3299 1640 3353 ot
1688 3291 1923 3355 Ionium,
1959 3288 2088 3342 Sar-

500 3390 665 3442 do‘um
716 3388 963 3458 pelagus,
1000 3394 1055 3441 et
1106 3384 1351 3440 Siculum
1394 3386 1649 3449 alterum,
1685 3392 1740 3437 et
1794 3381 2093 3453 Tyrrheni-

500 3493 625 3531 cum
654 3517 668 3540 ,
722 3486 777 3531 et
810 3476 1022 3533 inﬁnita
1066 3477 1299 3531 marium
1332 3475 1576 3537 nomina,
1620 3490 1743 3545 quae
1776 3483 1837 3527 ut
1870 3486 1900 3525 a
1934 3471 2093 3526 nobis

500 3576 702 3624 cuncta
752 3574 1166 3628 recenseantur,
1212 3566 1500 3637 praesentis
1531 3582 1639 3620 non
1674 3574 1761 3619 est
1807 3562 2089 3632 temporis.

864 3657 1383 3715 INTERIIOGATIO
1420 3657 1703 3713 LXXXIII.

569 3752 751 3817 Quare
780 3750 961 3806 Moses
994 3751 1052 3804 in
1086 3752 1360 3821 principio
1406 3748 1633 3807 Genesis
1674 3760 1876 3807 terram
1917 3753 2093 3808 nomi-

499 3853 634 3908 nat,
684 3843 813 3897 inde
845 3857 1042 3897 rursus
1092 3843 1337 3896 aridam?
1383 3842 1579 3897 Annon
1628 3845 1771 3897 enim
1820 3845 1969 3900 aliud
2012 3856 2095 3901 est

498 3935 675 4000 arida,
708 3944 763 3989 et
797 3933 944 3987 aliud
977 3934 1160 3989 terra?

1140 4025 1453 4095 Responsio.

567 4118 714 4174 Nihil
742 4119 969 4175 omnino
1004 4119 1135 4174 milti
1174 4120 1391 4174 videtur
1428 4120 1497 4173 ab
1538 4120 1693 4174 arida
1735 4119 1956 4177 diﬂ'erre
1985 4130 2095 4176 ter-

498 4228 561 4267 ra
595 4232 608 4268 :
644 4229 835 4268 verum
857 4229 924 4269 nc
955 4227 1180 4267 causam
1212 4211 1543 4267 arefaciendi
1564 4215 1933 4271 tribueremus
1966 4216 2092 4281 soli,

498 4306 865 4378 antiquiorem
895 4307 1029 4362 solis
1064 4315 1189 4360 ortu
1212 4305 1519 4361 ariditatem
1554 4314 1713 4361 terra:
1740 4307 1919 4377 Opifex
1947 4306 2091 4362 Deus

498 4399 822 4465 declaravit,
856 4415 979 4453 mox
1013 4414 1043 4451 a
1080 4398 1350 4469 principio
1380 4398 1714 4468 desipientes
1741 4399 1810 4453 ab
1839 4414 1903 4453 ea
1931 4399 2087 4453 vani-

496 4501 611 4551 tate
639 4506 926 4554 revocans,
966 4507 1034 4546 ne
1061 4492 1234 4546 solem
1270 4492 1430 4546 deum
1462 4490 1728 4546 facerent.

859 4581 1385 4637 INTERROGATIO
1424 4580 1709 4635 LXXXIV.

568 4672 711 4741 Quid
740 4683 845 4737 est,
872 4674 1021 4743 quod
1058 4671 1234 4728 Moses
1269 4673 1450 4742 inquit
1483 4690 1496 4726 :
1536 4671 1603 4725 Et
1634 4670 1758 4725 vidit
1793 4672 1931 4725 Deus
1954 4673 2093 4743 quod

495 4776 631 4821 esset
672 4766 865 4819 bonum
885 4765 971 4819 “‘2
1018 4765 1305 4831 Quomodo
1352 4766 1596 4819 omnium
1633 4766 1896 4835 praescius
1940 4775 2092 4833 post-

496 4873 663 4928 quam
697 4858 943 4925 fecisset,
979 4857 1114 4912 vidit
1158 4852 1306 4927 quod
1348 4856 1491 4911 bona
1522 4842 1669 4912 esset
1703 4859 1831 4912 lux?
1878 4857 2012 4912 Nam
2044 4859 2091 4913 si

497 4950 752 5006 homines
803 4959 1097 5020 antequam
1141 4949 1272 5020 quid
1314 4948 1539 5016 faciant,
1590 4951 1774 5005 sciunt
1816 4952 2095 5007 bonumne

496 5042 582 5097 vel
614 5041 817 5095 malum
855 5042 927 5096 sit
974 5040 1223 5095 futurum
1276 5042 1421 5110 quod
1469 5042 1771 5111 perﬁcitur,
1818 5042 2094 5111 quomodo

498 5133 645 5189 Deus
674 5143 965 5204 postquam
1012 5132 1258 5198 fecisset,
1313 5143 1443 5194 tunc
1498 5132 1719 5187 demum
1762 5134 1899 5190 vidit
1946 5136 2091 5206 quod

498 5236 645 5281 esset
677 5225 919 5293 bonum,
963 5224 1125 5296 quasi
1177 5239 1286 5279 non
1338 5239 1790 5297 prcccognoscens
1844 5226 1897 5282 id
1948 5227 2093 5298 quod

500 5317 752 5370 tacturus
774 5324 893 5369 erat
910 5315 933 5369 ’ί

1142 5407 1456 5476 Responsio.

570 5504 689 5559 Non
724 5504 829 5559 hoc
881 5502 1072 5560 volunt
1121 5504 1225 5557 ista
1274 5502 1462 5561 verba.
1498 5500 1873 5556 delectabilem
1924 5503 2093 5560 maris

500 5607 781 5670 aspectum
816 5598 923 5651 Deo
951 5595 1129 5668 visum
1162 5593 1351 5649 fuisse.
1389 5592 1497 5647 Nec
1526 5593 1669 5647 cnim
1702 5592 1883 5662 opifex
1909 5610 2091 5653 rerum

572 5776 615 5809 ιι
654 5775 792 5831 Gen.
821 5790 859 5839 ι,
901 5774 955 5831 t.
993 5771 1551 5842 lo,l2,18,21,25.

571 5914 685 5985 (δῖ)
711 5916 1146 5985 Τυγχά›·οι’ς’ίι(.
1176 5916 1341 5973 Fot‘lc
1385 5919 1725 5989 τυγχᾶνουσι.
1766 5918 1921 5975 Enn.

3675 432 3793 494 9l8

2790 537 3041 609 ΠΕΥΣΙΣ
3064 555 3192 609 ΠΑν.

2272 649 2387 703 Μία
2420 647 2539 700 ἐστὶ
2567 647 2810 702 Θάλασσα
2833 688 2848 713 ,
2890 648 3009 719 ἦτοι
3035 649 3066 718 ἡ
3094 645 3461 717 συνᾶγιογὴ,-ῆ
3496 646 3716 717 πολλαίς

2823 730 3180 805 Ἀπόκρισις.

2273 830 2389 884 Μία
2427 831 2525 902 μὲν
2552 833 2585 901 ή
2611 829 2902 898 συναγωγὴ
2948 827 3041 880 τοῦ
3074 827 3340 897 στοιχείου
3381 825 3603 889 παντὸς,
3640 823 3797 877 πλεῖς

2202 940 2305 976 στα
2327 922 2386 977 δὲ
2409 926 2478 976 τὰ
2508 923 2850 993 συστήματα.
2881 918 2955 973 Αἵ
2976 936 3037 973 τε
3063 921 3169 991 γὰρ
3208 919 3396 990 λίμναι
3432 920 3488 973 αἱ
3514 916 3655 970 κατὰ
3687 916 3799 985 τὴν

2200 1018 2423 1086 ἄρκτον,
2444 1014 2542 1068 καὶ
2559 1016 2682 1070 ὅσαι
2698 1013 2838 1067 κατὰ
2857 1012 2946 1067 τὸν
2966 1012 3279 1083 Ἑλληνικὸν
3298 1011 3532 1083 ὁρῶνται
3570 1008 3795 1073 πόντον,

2199 1110 2299 1178 τήν
2360 1124 2420 1161 τε
2473 1106 2836 1170 Μακεδονίαν,
2875 1105 3132 1158 Βιθυνίαν
3176 1120 3235 1156 τε
3278 1104 3374 1156 καὶ
3419 1099 3799 1167 Παλαιστίνην

2201 1199 2551 1268 κατέχουσαι,
2607 1198 2922 1265 συναγωγαὶ
2950 1195 3314 1266 τυγχάνουσαι
3356 1190 3467 1264 (59.)
3506 1192 3753 1263 δηλονότι
3777 1207 3791 1220 ο

2197 1290 2264 1354 ἃς
2299 1290 2507 1361 πλῆθος
2564 1290 2664 1359 μὲν
2716 1288 2862 1357 ἔχειν
2893 1288 3083 1350 ὓδατος
3122 1286 3295 1349 οὐδεὶς
3324 1286 3558 1355 ἀντερεῖ,
3588 1285 3649 1338 οὺ
3681 1281 3797 1354 μὴν

2200 1382 2475 1445 θαλάσσας
2494 1382 2701 1453 κυρίως
2728 1381 2993 1451 ὑπάρχειν
3017 1378 3186 1442 αὐτάς
3205 1395 3407 1447 φαμεν,
3423 1378 3473 1430 εἰ
3492 1377 3585 1430 καὶ
3611 1392 3799 1445 παρα-

2199 1472 2441 1543 πλησίως
2495 1475 2562 1543 τῇ
2618 1471 2855 1543 θαλάττῃ
2904 1471 2964 1523 τὸ
2991 1469 3188 1541 πικρὸν
3216 1470 3310 1522 κα)⁵
3350 1466 3593 1539 ἁλμυρὸν
3626 1466 3802 1528 ἐγκέ-

2199 1582 2449 1634 κρανται,
2493 1564 2566 1626 ὡς
2598 1564 2631 1633 ἡ
2677 1561 3020 1632 Ἀσφαλτῖτις
3045 1561 3213 1632 λίμνη
3255 1560 3347 1613 ἐπὶ
3366 1560 3468 1628 τῆς
3506 1556 3799 1619 Ἰουδαίας,

2197 1658 2289 1707 καὶ
2316 1658 2348 1725 ἡ
2372 1655 2675 1726 Σερϐονίτις
2704 1654 2906 1725 μεταξὺ
2938 1653 3215 1722 Αἰγύπτου
3266 1651 3361 1704 καὶ
3400 1648 3799 1718 Παλαιστίνης.

2197 1746 2296 1815 τὴν
2367 1743 2664 1815 ’Λραϐικὴν
2712 1743 2919 1815 ἔρημον
2970 1741 3405 1812 παρατείνουσα·
3451 1739 3500 1790 εί
3548 1738 3646 1789 καὶ
3693 1737 3803 1801 τὴν

2208 1836 2503 1905 Ὑρκανίαν
2533 1837 2626 1889 καὶ
2650 1836 2749 1906 τὴν
2773 1834 3027 1888 Κασπίαν
3048 1850 3062 1864 ·
3110 1833 3343 1903 ὁρῶνται
3368 1830 3422 1883 δέ
3452 1846 3596 1891 τινες
3632 1845 3801 1897 περι·-

2196 1928 2505 1999 γεγράφθαι
2532 1928 2719 1989 αὐτάς.
2766 1926 2923 1979 Ἀλλὰ
2957 1924 3063 1996 χρὴ
3096 1928 3213 1987 ταῖς
3251 1923 3357 1976 τῶν
3388 1920 3804 1990 ἱστορησάντων

2197 2020 2488 2091 προσέχειν
2518 2017 2912 2089 γεωγραφίαις.
2956 2016 3194 2086 Συντετή
3207 2031 3396 2086 ρηνται
3428 2013 3538 2083 γὰρ
3565 2009 3805 2079 ἀφανῶς

2197 2111 2335 2178 πρὸς
2366 2109 2625 2177 ἀλλήλας,
2662 2110 2755 2162 καὶ
2793 2107 3232 2177 συνεστόμωνται
3277 2107 3344 2175 τῇ
3385 2105 3483 2174 μιᾷ
3511 2106 3603 2155 καὶ
3637 2102 3805 2172 μεγί-

2198 2216 2319 2269 στῃ,
2348 2198 2531 2261 καθὼς
2559 2201 2591 2268 ἡ
2622 2197 2861 2269 Ἐρυθρὰ
2881 2196 3125 2250 παιδεύει
3156 2196 3419 2255 θάλαττα,
3443 2196 3511 2257 τῆ
3536 2193 3806 2247 ἐπέκεινα

2195 2290 2469 2361 Γαδείρων
2495 2288 2720 2359 ἀφανῶς
2756 2288 3161 2358 συναπτομένη.

2788 2472 3039 2546 ΠΕΥΣιΣ
3068 2469 3195 2523 nn'.

2268 2570 2377 2621 Kal.
2410 2569 2527 2633 πῶς
2561 2567 2882 2636 συστήματα
2921 2564 3029 2619 τῶν
3064 2563 3274 2617 ὑδάτων
3311 2562 3585 2624 θαλάσσας
3609 2561 3637 2614 6
3674 2560 3801 2613 Κύ-

2198 2678 2313 2731 ριος
2348 2660 2607 2713 ἐκάλεσεν
2639 2677 2652 2723 ;

2813 2738 3151 2822 Ἀπόκρισις
3168 2792 3181 2805 .

2269 2844 2409 2906 Τοὺς
2464 2842 2698 2904 κόλπους
2746 2842 2871 2903 τοὺς
2908 2841 3025 2893 κατ’
3064 2840 3197 2893 ἴδιον
3233 2838 3420 2909 σχῆμα
3446 2836 3553 2889 ὑπὸ
3575 2837 3673 2907 τῆς
3697 2852 3809 2888 πε-

2199 2935 2515 3008 ρικειμένης
2571 2934 2673 3003 γῆς
2728 2932 3187 3003 περιληφθέντας,
3224 2928 3505 2990 Balatu;
3531 2928 3559 2978 6
3587 2925 3809 2997 Κύριος

2200 3025 2634 3099 προσηγόρευσε,
2661 3021 2805 3076 τοῦτ’
2827 3024 2995 3087 ἔστιν,
3024 3023 3265 3076 θάλαττα
3294 3019 3536 3091 Βόρειος,
3556 3018 3808 3073 θάλαττα

2198 3118 2411 3180 Νότιος,
2454 3114 2596 3185 Ἐᾠα
2646 3113 2905 3179 θάλαττα,
2953 3114 3050 3167 καὶ
3089 3100 3353 3185 Ἑσπερία
3384 3111 3549 3164 πάλιν
3591 3109 3760 3177 ἑτέρα
3786 3125 3804 3137 ο

2197 3211 2291 3263 καὶ
2318 3208 2683 3279 προσηγορίαι
2740 3207 2993 3274 πελάγων
3026 3206 3346 3271 ἰδιάζουσαι,
3384 3204 3579 3266 πόντος
3612 3199 3813 3265 1365::-

2196 3318 2286 3364 νος
2343 3300 2439 3353 καὶ
2474 3299 2780 3367 πρόποντος
2817 3297 3230 3369 Ἑλλήσποντος,
3286 3296 3512 3362 Αἰγαῖος
3557 3294 3649 3345 καὶ
3687 3291 3813 3344 ’Ῑὼ-

2197 3409 2329 3455 νιος,
2389 3391 2711 3460 Σαρδονικὸν
2745 3390 3004 3459 πέλαγος,
3027 3388 3122 3442 καὶ
3154 3387 3434 3441 Σικελικὸν
3458 3384 3665 3455 ἕτερον,
3701 3384 3813 3436 καὶ

2196 3482 2323 3539 ἄλλο
2356 3482 2719 3554 Τυρρηνικὸν,
2746 3480 2839 3534 καὶ
2866 3480 3035 3552 μυρία
3069 3478 3310 3549 ὀνόματα
3337 3474 3614 3542 πελαγῶν,
3645 3470 3815 3544 άπερ

2197 3576 2328 3645 ἡμῖν
2366 3574 2425 3627 οὐ
2451 3573 2546 3627 τοῦ
2591 3572 2861 3644 παρόντος
2896 3569 3317 3641 ἐξαριθμεῖσθαί
3355 3567 3573 3638 καιροῦ.

2791 3664 3045 3718 nam:
3077 3662 3201 3733 111".

2268 3758 2419 3811 Διατὶ
2450 3759 2549 3829 μὲν
2578 3759 2638 3810 ἐν
2660 3758 2801 3827 ἀρχῇ
2854 3756 2952 3826 μὲν
2994 3756 3094 3824 τῆς
3133 3754 3407 3817 Γενέσεως
3435 3757 3570 3824 γῆν.
3597 3754 3812 3822 ὀνομά-

2198 3847 2301 3911 ζει,
2328 3846 2560 3900 ἐνταῦθα
2579 3846 2636 3898 δὲ
2668 3845 2829 3899 πάλιν
2863 3843 3066 3915 ξηράν;
3104 3840 3252 3914 τΑρα
3290 3842 3366 3915 μὴ
3403 3842 3532 3897 ἄλλο
3556 3843 3813 3913 ὑπάρχει

2197 3943 2229 4010 ὴ
2263 3941 2424 4011 ξηρὰν
2453 3939 2579 3993 ἄλλο
2609 3938 2665 3990 δὲ
2694 3940 2726 4009 ἡ
2756 3937 2828 4007 γῆ
2855 3953 2869 4001 ;

2814 4030 3171 4099 Ἀπόκρισις.

2270 4124 2390 4177 Οὐδ’
2424 4124 2561 4189 ὅλως
2610 4140 2699 4194 μοι
2727 4122 2873 4174 δοκεῖ
2900 4119 3281 4191 παρηλλάχθαι
3306 4118 3407 4188 τῆς
3440 4118 3611 4188 ξηρᾶς
3632 4117 3666 4187 ἡ
3697 4116 3807 4187 γῆ,

2197 4218 2311 4270 ἀλλ’
2342 4217 2429 4269 ἵνα
2457 4218 2533 4286 μὴ
2587 4216 2665 4286 τῷ
2724 4216 2862 4285 ἡλίῳ
2913 4212 3013 4284 τὴν
3068 4212 3163 4266 τοῦ
3192 4211 3577 4283 ἀναξηραίνειν
3610 4210 3810 4263 αίτίαν

2200 4307 2547 4381 προσθῶμεν,
2589 4305 2970 4377 πρεσϐυτέραν
3022 4303 3124 4373 τῆς
3174 4303 3325 4376 ἡλίου
3379 4303 3645 4371 γενέσεως
3694 4300 3808 4373 τὴν

2201 4403 2473 4474 ξηρότητα
2491 4400 2591 4469 τῆς
2614 4399 2719 4469 γῆς
2747 4400 2776 4451 6
2815 4396 3228 4469 δημιουργήσας
3264 4395 3405 4455 Θεὸς
3438 4393 3764 4462 ἀπεφήνατο
3783 4405 3800 4418 ⁸

2199 4492 2530 4566 προαγαγὼν
2579 4493 2704 4553 τοὺς
2747 4490 3151 4561 ματαιόφρονας
3185 4487 3457 4541 θεοποιεῖν
3493 4484 3583 4539 τὸν
3613 4484 3804 4553 ἥλιον.

2792 4580 3041 4634 ΠΕΥΣΙΣ
3069 4579 3191 4632 HA'.
3572 4584 3575 4587 ’

2269 4676 2333 4729 Τί
2390 4678 2536 4729 ἐστιν
2578 4674 2607 4727 ὃ
2656 4671 2805 4741 λέγει
2840 4671 3068 4742 Μωσῆς,
3100 4669 3210 4745 Καὶ
3249 4664 3413 4723 εἶδεν·
3452 4670 3483 4720 ὀ
3524 4666 3667 4731 Θεὸς
3700 4665 3808 4721 ὅτι

2198 4772 2424 4831 mmor;
2458 4768 2575 4831 πῶς
2598 4758 2635 4819 6
2662 4766 2881 4820 πάντων
2913 4760 3268 4834 προγνώστης
3308 4760 3447 4829 μετὰ
3480 4758 3539 4810 τὸ
3564 4756 3806 4828 ποιῆσαι

2197 4858 2353 4925 εἶδεν,
2385 4861 2466 4914 ὅτι
2517 4846 2677 4914 καλὸν
2706 4860 2770 4913 τὸ
2810 4856 2963 4927 φῶςς
2999 4855 3064 4909 Ei
3096 4853 3213 4927 γὰρ’
3249 4854 3526 4925 ἅνθρωποι
3558 4854 3663 4925 πρὸ
3696 4857 3802 4907 τοῦ

2199 4952 2421 5025 ποιῆσαί
2472 4970 2559 5025 τι,
2590 4952 2902 5005 ἐπίστανται
2927 4953 3006 5007 ὅτι
3039 4950 3198 5005 καλὸν
3230 4949 3263 5019 ἢ
3316 4944 3485 4999 κακὸν
3529 4944 3682 4997 ἔσται
3734 4945 3809 5018 τὸ.

2198 5024 2562 5115 ποιούμενον·
2611 5041 2729 5106 πῶς
2782 5043 2812 5095 6
2862 5041 2998 5103 Θεὸς
3049 5037 3188 5110 μετὰ
3238 5039 3298 5091 τὸ
3352 5037 3616 5106 ποιῆσαι,
3665 5035 3802 5089 τότε

2198 5132 2338 5189 εἶδεν
2368 5132 2651 5201 ὃτικαλὸν,
2680 5130 2757 5197 ὡς
2789 5129 2865 5202 μὴ
2893 5129 3283 5203 προγινώσκων
3308 5127 3336 5181 6
3359 5126 3557 5199 ἧμελλε
3581 5126 3798 5194 natatu;

2819 5417 2866 5471 Ἀ
2875 5416 3174 5483 πόκρισις.

2271 5512 2385 5565 οὐκ
2414 5510 2546 5565 αὐτὸ
2584 5508 2763 5574 τοῦτο,
2830 5508 3074 5579 τερπνὴν
3124 5523 3246 5559 τινα
3284 5504 3406 5573 ὄψιν
3440 5503 3737 5572 θαλάττης,
3772 5506 3805 5558 6

2200 5604 2355 5673 λόγος
2389 5602 2720 5659 ἐνδείκνυται
2744 5600 2819 5673 τῷ
2850 5598 2971 5672 Θεῷ
2992 5596 3312 5669 πεφυκέναι.
3344 5596 3419 5651 Οὐ
3448 5594 3557 5667 γάρ
3582 5594 3806 5666 Ma}.-
