4032 6312
452 412 551 468 951

450 528 681 585 seminis
711 531 848 585 rami
891 532 1003 587 alni
1030 533 1236 589 defessi
1272 538 1486 595 radices
1530 552 1719 613 δεινοί.
1774 547 1857 604 Ad
1888 562 2042 603 eum-

449 617 573 674 dem
606 635 737 694 vero
768 622 988 677 modum
1037 637 1091 679 et
1135 621 1311 694 abies.
1347 638 1403 687 et
1449 633 1614 689 arbor
1657 636 1813 706 picea
1846 655 2035 695 ramu-

446 710 620 767 sculis
648 720 706 767 et
730 712 991 772 defractis
1021 720 1261 777 surculis
1290 736 1465 793 genus
1491 735 1713 798 augent.
1750 728 1898 789 Rosa
1940 746 2035 789 au-

444 808 579 866 tem,
611 810 707 857 aut
749 804 977 873 allium,
1027 817 1125 863 aut
1154 825 1390 878 crocus,
1442 817 1643 885 partim
1694 821 1919 891 quidem
1968 824 2037 878 ad

428 894 631 948 'odoris
674 893 1030 966 fragrantiam
1081 904 1421 973 conducunt,
1463 911 1661 978 partim
1707 920 1766 966 ut
1802 916 2035 970 commi-

443 989 704 1037 sceantur
733 983 1084 1056 degeneranti
1132 992 1266 1048 vino
1314 996 1509 1053 siceraa
1558 1001 1882 1070 potoribus,
1932 1020 2036 1060 un-

443 1073 751 1142 guentariis
773 1075 906 1132 item
926 1079 995 1135 ad
1019 1081 1423 1141 conficiendum
1446 1088 1751 1147 artificiose
1772 1092 2035 1159 sumtum,

439 1168 496 1216 et
530 1166 756 1223 medicis
800 1169 869 1223 ad
918 1171 1168 1244 collyria,
1202 1175 1260 1231 in
1312 1178 1436 1233 cibo
1464 1194 1767 1253 sumptum.
1828 1184 1937 1241 Sed
1982 1196 2039 1243 et

440 1266 598 1322 aqua:
626 1258 914 1325 potoribus
943 1275 1141 1332 aquam
1176 1264 1457 1323 innoxiam
1493 1278 1779 1340 praestant.
1806 1274 2036 1332 Arundo

438 1360 571 1402 vero
635 1349 875 1407 fructum
945 1354 1093 1421 fert,
1162 1372 1376 1415 comam
1438 1363 1659 1433 quidem
1730 1365 2072 1439 ad.spon-‘

1533 392 1601 481 ἐ.
1640 424 1972 502 οιεειιιιιι,
2009 430 2344 490 ειιιιοοιιιι
2396 433 2725 506 sums,

3631 434 3748 494 95?.

2142 551 2384 617 ζοῢνται.
2420 556 2657 625 Ὁμοίως
2688 554 2746 608 δὲ
2778 570 2875 608 και
2901 553 3068 621 ἐλάτη
3113 555 3204 609 καὶ
3226 556 3429 628 πεύκη,
3466 559 3580 621 τοῖς
3607 556 3744 611 κλο-

2136 642 2383 715 νίσμασι,
2412 646 2509 699 καὶ
2531 644 2848 709 ἀποσπάδες
2875 644 2937 699 τὸ
2963 644 3121 714 γένος
3153 644 3401 713 αὔξουσι.
3430 646 3507 702 Τδ
3546 647 3607 702 δὲ
3639 648 3741 719 ρό-

2135 731 2223 787 δον
2255 733 2290 806 ἦ
2314 734 2624 807 σκόροδονῆ
2661 732 2880 805 κρόκος,
2900 734 2968 788 τὰ
2997 734 3100 805 μὲν
3124 734 3224 806 τὴν
3248 733 3498 797 εὐωδίαν,
3523 736 3617 790 καὶ
3655 737 3747 809 τῷ

2136 822 2577 894 καταμίγνυσθαι
2594 819 2905 893 νοθουμένῳ
2928 819 3001 892 τῷ
3025 821 3155 892 οἴνῳ
3182 822 3297 884 τοῖς
3316 819 3703 892 σικεροπόταις
3718 837 3740 854 ’

2142 914 2174 967 ὃ
2194 915 2457 986 μυρεψοῖς
2474 913 2639 969 πάλιν
2664 914 3059 989 φιλοτεχνεῖται
3097 912 3179 975 είς
3221 910 3493 983 θυμίαμα.
3520 910 3617 966 καὶ
3651 913 3745 969 ία-

2141 1008 2294 1077 τροίς
2322 1007 2402 1069 είς
2448 1004 2706 1077 κόλλυρα,
2740 1002 2890 1057 ἔνδον
2934 1000 3274 1074 ἐσθιόμενον.
3302 1002 3413 1056 Καὶ
3442 1002 3554 1065 τοῖς
3573 1001 3742 1073 ὐδροο

2136 1098 2329 1161 πόταις
2347 1096 2408 1151 τὸ
2431 1095 2668 1161 ἀϐλαϐὲς
2687 1093 2783 1150 τοῦ
2818 1094 3015 1159 ὓδατος
3032 1091 3429 1167 παρεχόμενον.
3463 1092 3524 1147 '0
3546 1093 3603 1147 δὲ
3627 1102 3741 1148 κα-

2134 1187 2306 1259 λαμος
2332 1189 2674 1263 καρποφορεῖ
2691 1186 2792 1261 τὴν
2815 1186 2913 1258 μὲν
2946 1185 3123 1256 κόμην
3144 1187 3224 1249 είς
3248 1182 3543 1254 σπόγγους,
3575 1183 3637 1237 τὸ
3672 1182 3741 1237 δὲ

2134 1278 2322 1334 λοιπὸν
2346 1281 2426 1344 είς
2472 1277 2762 1351 γραφίδας.
2787 1277 2990 1348 ’Δμφω
3017 1274 3076 1329 δὲ
3118 1277 3177 1328 εν
3199 1276 3319 1337 ταῖς
3350 1272 3741 1344 παρεκφύσεσι

2132 1369 2243 1423 τῶν
2277 1368 2444 1440 ῥιζῶν
2474 1356 2539 1423 rb
2566 1370 2725 1438 γένος
2750 1365 3134 1439 πληθύνουσιν.

436 1438 887 1513 gias,,reliqnum
940 1463 1071 1503 vero
1128 1448 1196 1503 ad
1247 1452 1614 1509 instrumenta
1681 1438 1997 1528 scriptor-ia.
2044 1438 2357 1530 Utrumque
2413 1469 2594 1515 autem
2653 1438 2903 1515 radicum
2942 1452 3509 1528 suppullulationibus
3555 1471 3738 1529 genus

435 1543 658 1604 augent.

807 1652 1328 1735 INTERROGATIO
1367 1656 1659 1717 LXXXVI.

480 1756 709 1821 “Quare
759 1760 935 1829 quasi.
967 1764 1295 1819 naturaliter
1347 1767 1627 1824 conterent
1680 1785 1805 1825 cum
1870 1772 2029 1827 bonis

434 1846 601 1913 mala,
639 1852 1025 1921 corruptibilia
1069 1869 1195 1910 cum
1248 1857 1359 1913 vita
1403 1868 1615 1928 nostra,
1667 1879 1791 1916 cum
1843 1864 2030 1919 tritico

413 1939 715 2000 .zizauium.
740 1950 795 2003 et
830 1945 1049 2015 cicuta,
1078 1962 1205 2002 cum
1245 1950 1392 2007 rosis
1422 1951 1616 2022 spinae,
1647 1968 1772 2008 cum
1814 1956 2029 2013 caeteris

434 2031 791 2089 nutrimentis
852 2023 1192 2092 hellebo’rum
1223 2080 1237 2104 ,
1301 2048 1369 2095 et
1411 2042 1731 2106 aconitum,
1772 2054 1826 2101 et
1869 2061 2029 2103 man-

432 2121 689 2192 dragora,
721 2134 775 2180 et
819 2143 1023 2185 succus
1064 2132 1377 2201 papaveris,
1411 2150 1534 2205 quae
1568 2146 1812 2193 nostram
1856 2139 2026 2195 vitam

434 2215 675 2271 toHunt?

1079 2314 1385 2386 Responsio.

503 2396 646 2452 Num
683 2398 852 2471 igitur
881 2404 1071 2459 relicta
1115 2423 1216 2477 pro
1256 2408 1485 2462 utilibus
1517 2411 1818 2479 gratiarum
1856 2414 2029 2469 actio-

432 2505 523 2551 ne,
549 2490 756 2551 crimen
786 2492 1184 2553 intentabimus
1200 2497 1414 2569 Opifici,
1444 2500 1592 2568 quod
1636 2505 1888 2572 quedam
1923 2520 2027 2561 no-

433 2579 520 2635 bis
556 2580 623 2635 ad
656 2580 981 2650 discrimen,
1006 2589 1256 2657 quaedam
1288 2605 1419 2646 vero
1449 2592 1659 2649 utiliter
1682 2597 2030 2651 nascuntur?

431 2674 542 2725 Aut
576 2688 684 2729 non
734 2676 1118 2746 reputabimus
1163 2680 1321 2745 illud,
1364 2682 1513 2753 quod
1544 2698 1653 2738 non
1682 2686 1867 2739 omnia
1902 2701 2029 2757 pro-

435 2775 557 2836 pter
586 2775 834 2824 ventrem
885 2778 1135 2826 nostrum
1181 2772 1405 2827 condita
1441 2774 1611 2830 sunt?
1659 2775 1825 2844 Atqui
1871 2776 2030 2839 nobis

432 2857 660 2928 quidem
693 2860 938 2929 deputati
967 2862 1079 2917 cibi
1098 2864 1358 2919 omnibus
1387 2865 1442 2920 in
1473 2873 1727 2937 promptu
1752 2874 1808 2921 et
1832 2867 2026 2940 cogni-

432 2958 493 3004 tu
525 2950 717 3007 faciles
746 2961 896 3009 sunt.
935 2950 1353 3024 Unumquodvis
1392 2971 1522 3012 vero
1554 2958 1898 3013 nascentium
1929 2974 2027 3029 pe-

431 3041 695 3097 culiarem
723 3045 1016 3115 quamdam
1049 3048 1103 3100 in
1128 3046 1408 3103 creatione
1440 3032 1705 3103 rationem
1727 3050 2030 3120 implet.Ne

431 3134 577 3188 enim
609 3134 831 3192 laederet
847 3149 1150 3204 venenatus
1173 3141 1425 3196 taurinus
1442 3141 1690 3213 sanguis,
1713 3156 1822 3195 non
1839 3140 2027 3199 debuit

432 3221 487 3277 id
509 3222 715 3277 animal
746 3225 976 3294 produci
1009 3227 1091 3281 vel
1115 3240 1307 3282 carere
1332 3230 1619 3299 sanguine,
1643 3229 1804 3299 cujus
1831 3232 2026 3287 robore

430 3315 487 3369 in
534 3325 644 3369 tam
692 3317 882 3371 multis
919 3316 1128 3387 indiget
1173 3317 1280 3371 vita
1321 3320 1551 3373 nostra?
1601 3320 1767 3391 Atqui
1811 3321 1880 3375 ad
1931 3336 2025 3377 ca-

431 3408 609 3464 venda
664 3410 974 3478 perniciosa
1022 3410 1119 3465 tibi
1157 3412 1300 3465 ratio
1354 3411 1576 3469 suﬂirit.
1626 3415 1827 3466 Annon
1876 3413 2022 3468 enim

430 3516 565 3557 oves
597 3510 651 3556 et
684 3518 863 3572 caprae
905 3511 1110 3558 norunt
1144 3504 1394 3577 refugere
1422 3520 1546 3575 qua)
1576 3503 1700 3573 vita:
1754 3519 1867 3562 sues
1896 3519 2023 3575 per-

433 3594 646 3649 niciosa
677 3604 833 3659 sunt,
866 3596 984 3651 solo
1016 3596 1220 3653 olfactu
1251 3598 1412 3652 noxia
1451 3596 1859 3668 dijudicantes?
1900 3596 2024 3653 Tibi

432 3695 615 3739 autem
646 3686 733 3740 cui
757 3694 811 3741 et
832 3689 977 3743 ratio
1000 3689 1178 3753 adest,
1206 3698 1260 3745 et
1289 3706 1379 3746 ars
1402 3691 1711 3757 medicinae,
1731 3705 1855 3761 quae
1875 3691 2021 3761 quod

429 3784 516 3833 est
551 3780 795 3846 salubre,
824 3764 1159 3852 suppeditat,
1193 3790 1247 3837 et
1280 3783 1707 3852 praecedentium
1731 3782 2022 3852 experien-

430 3871 526 3935 tia,
573 3875 1011 3942 perniciosorum
1058 3874 1243 3944 fugam
1293 3891 1614 3945 suggerens,
1661 3874 1879 3930 ditIicile
1918 3873 2025 3927 erit

427 3964 707 4020 declinare
742 3965 1065 4020 mortifera?
1111 3965 1255 4020 Nihil
1298 3980 1478 4022 autem
1526 3967 1721 4021 horum
1759 3965 2023 4020 inutiliter

429 4068 521 4111 aut
548 4059 615 4112 ab
648 4073 707 4113 re
729 4068 915 4113 natum
944 4068 1046 4125 est,
1072 4061 1166 4115 sed
1195 4067 1289 4114 aut
1319 4061 1480 4115 nobis
1516 4067 1611 4113 aut
1640 4058 1929 4129 pecoribus
1952 4057 2019 4110 ad

428 4148 721 4204 utilitatem
749 4150 1051 4215 tributum;
1084 4167 1211 4205 nam
1246 4152 1428 4206 cicuta
1459 4151 1679 4222 quidem
1712 4152 1888 4205 sturni
1922 4167 2017 4221 pa—

427 4254 683 4309 scuntur,
710 4243 991 4299 helleboro
1022 4258 1152 4299 vero
1183 4245 1521 4307 coturnices,
1542 4245 1833 4313 utriusque
1859 4255 2020 4296 noxae

426 4335 700 4388 immunes
731 4333 970 4404 quadam
1011 4333 1378 4404 dispositione
1424 4340 1635 4387 natura:
1679 4349 1693 4387 :
1741 4347 1835 4402 per
1861 4346 2020 4386 mau-

423 4425 714 4495 dragoram
740 4435 922 4479 autem
948 4440 1203 4479 somnum
1230 4423 1462 4480 infirmis
1487 4422 1756 4478 inducunt
1786 4421 2015 4487 medici;

425 4530 595 4570 succo
632 4516 923 4586 papaveris
956 4530 1251 4587 corporum
1294 4515 1643 4570 vehementes
1668 4513 1886 4568 dolores
1921 4526 2016 4566 so-

424 4607 615 4674 piunt;
653 4607 767 4677 jam
799 4622 931 4661 vero
985 4616 1039 4662 et
1077 4607 1257 4661 cicuta
1291 4606 1515 4677 quidam
1549 4604 1759 4659 rabiem
1806 4604 2018 4674 sppeti-

422 4708 579 4752 tuum
617 4698 993 4761 sustulerunt,
1042 4705 1097 4753 et
1148 4698 1427 4753 belleboro
1472 4696 1675 4750 multos
1721 4695 2015 4750 diuturnos

424 4788 646 4847 morbos
662 4790 1060 4859 exstirparunt.
1086 4788 1270 4854 Quare
1292 4788 1434 4857 quod
1457 4794 1714 4859 putamus
1732 4786 2013 4841 inimicum

420 4896 544 4938 esse
572 4890 777 4937 nostra:
807 4890 1036 4945 naturae,
1080 4882 1135 4936 id
1183 4882 1343 4937 nobis
1387 4883 1443 4936 in
1484 4887 1841 4962 augmentum
1892 4897 2017 4952 gra-

420 4974 622 5029 tiarum
654 4975 890 5031 actionis
919 4974 1176 5030 accessit.

778 5168 1131 5227 INTERROG
1142 5170 1304 5228 ATIO
1320 5173 1325 5179 ’
1342 5168 1654 5228 LXXXVII.

491 5264 672 5332 Quare
700 5264 769 5319 de
795 5264 962 5319 herba
997 5275 1051 5319 et
1090 5265 1401 5329 arboribus,
1441 5262 1811 5335 Progermiuet
1846 5272 2011 5329 terra,

419 5355 634 5427 inquit;
682 5354 751 5410 de
786 5356 1079 5425 pecoribus
1109 5364 1290 5412 autem
1337 5366 1393 5412 et
1433 5357 1650 5422 bestiis,
1689 5355 2013 5413 Producat?

417 5450 620 5501 Annon
664 5446 907 5517 aliquam
949 5447 1351 5501 dissonantiam
1397 5447 1596 5513 habet,
1655 5448 1900 5519 utrisque
1942 5463 2010 5505 ex

419 5540 611 5593 eodem
646 5537 1099 5607 provenientibus
1128 5538 1360 5593 ventre?

1062 5627 1369 5699 Responsio.

487 5720 946 5791 Quandoquidem
970 5723 1217 5792 germina
1247 5732 1301 5780 et
1330 5724 1544 5782 fructus
1570 5725 1868 5795 quotannis
1892 5741 2011 5798 ger-

2720 1655 2973 1711 ηεγΣιΣ
3000 1656 3145 1725 nq'.

2203 1762 2356 1816 Διατί
2397 1761 2738 1833 συμφύονται
2773 1763 2888 1825 τοῖς
2920 1759 3108 1822 καλοῖς
3146 1760 3216 1814 τὰ
3244 1761 3413 1828 κακὰ,
3440 1763 3538 1816 καὶ
3556 1763 3739 1833 φθαρ-

2131 1855 2260 1910 τικὰ
2286 1854 2386 1926 τῆς
2420 1851 2567 1925 ζωῆς
2594 1852 2773 1924 ἡμῶν,
2803 1851 2941 1925 μετὰ
2974 1851 3069 1905 τοῦ
3094 1852 3245 1907 σίτου
3276 1852 3339 1906 τὸ
3368 1853 3610 1919 ζιζάνιον
3634 1854 3739 1911 καὶ

2129 1947 2194 2002 τὸ
2231 1933 2477 2013 κώνειον,
2512 1945 2651 2017 μετὰ
2706 1944 2817 1999 τῶν
2858 1943 3028 2016 ῥόδων
3074 1945 3127 1999 οἱ
3160 1944 3418 2018 τρίσολοι,
3452 1947 3593 2017 μετὰ
3620 1945 3738 2002 τῶν

2131 2039 2337 2094 λοιπῶν
2361 2038 2646 2110 τροφίμων
2687 2036 2995 2109 ἐλλέϐορος,
3039 2037 3136 2092 καὶ
3164 2037 3433 2103 ἁκόνιτος,
3460 2039 3555 2093 καὶ
3589 2055 3736 2112 μαν-

2129 2130 2545 2204 δραγόρας,Ακαὶ
2570 2130 2609 2183 ό
2636 2129 2737 2202 τῆς
2767 2132 3027 2201 μήκωνος
3067 2128 3238 2195 ὼπὸς,
3266 2131 3412 2203 ειπερ
3444 2131 3738 2204 ἀναιροῦσι

2131 2221 2230 2293 τὴν
2260 2202 2406 2292 ζωὴν
2427 2202 2628 2292 ’ήμῶν;

2749 2313 3107 2381 Ἀπόκρισις.

2204 2405 2269 2458 Τί
2308 2399 2402 2459 οὖν
2444 2403 2677 2474 ἀφέντες
2725 2403 2829 2475 τὴν
2868 2404 2965 2458 ἐπὶ
3010 2408 3126 2469 τοῖς
3172 2405 3466 2477 χρησίμοις
3509 2405 3735 2475 εὐχαρι-

2132 2492 2308 2561 στίαν,
2364 2493 2757 2566 ἐγκαλέσωμεν
2810 2494 2892 2567 τῷ
2946 2494 3281 2568 Δημιουργῷ
3329 2495 3569 2549 ἐπὶτῶν
3596 2496 3736 2567 ἡμῖν

2129 2586 2268 2658 πρὸς
2293 2585 2570 2659 διάκρισιν
2620 2585 2716 2640 καί
2759 2603 2922 2641 τινων
2955 2587 3348 2659 συμφερόντως
3372 2588 3689 2658 ικφυέντων
3712 2603 3733 2654 ;

2143 2677 2352 2730 Ἐκεῖνο
2368 2675 2426 2729 δὲ
2452 2675 2517 2729 οὐ
2542 2673 2909 2747 λογισώμεθα,
2931 2677 3016 2730 δτι
3043 2676 3113 2730 οὐ·
3138 2677 3315 2732 πάντα
3362 2677 3463 2750 τῆς
3490 2677 3736 2750 γαστρὸς

2130 2766 2319 2821 ἕνεκεν
2346 2765 2448 2835 τῆς
2470 2766 2748 2838 ἡμετέρας
2778 2766 3245 2839 δεδημιούργηται
3270 2785 3287 2836 ;
3318 2768 3433 2823 ἀλλ’
3463 2769 3594 2839 ἡμῖν
3627 2768 3734 2839 μὲν

2132 2860 2191 2913 αί
2240 2859 2687 2929 ἀποτεταγμέναι
2738 2860 2942 2930 τροφαὶ
2990 2861 3277 2931 πρόχειροι
3308 2860 3403 2914 καὶ
3439 2862 3605 2913 πᾶσιν
3637 2859 3733 2913 εὖ·

2130 2966 2386 3018 γνωστοι.
2437 2948 2672 3003 ἕκαστον
2701 2949 2761 3002 δὲ
2785 2950 2896 3003 τῶν
2924 2952 3228 3022 γινομένων
3258 2951 3389 3006 ίδιόν
3412 2970 3532 3006 τινα
3567 2952 3734 3021 λόγον

2128 3042 2188 3092 ὲν
2216 3043 2283 3111 τῇ
2307 3039 2484 3094 κτίσει
2510 3039 2733 3113 πληροῖ.
2760 3039 2856 3111 Μὴ
2893 3039 3005 3114 γὰρ
3037 3041 3224 3114 ἐπειδή
3274 3059 3355 3097 σοι
3398 3043 3731 3116 δηλητήριον

2126 3131 2378 3201 ταύρειον
2405 3124 2568 3202 αἷμα,
2598 3132 2700 3185 οὐκ
2736 3131 2942 3201 ὀφείλει
2988 3133 3339 3206 παραχθῆναι
3369 3135 3431 3188 τὸ
3475 3134 3614 3200 ζῶον
3640 3176 3655 3201 ,
3684 3134 3728 3207 ἢ

2125 3224 2356 3295 ἄναιμον
2382 3225 2673 3297 ὑπάρχειν,
2704 3218 2766 3277 οὗ
2821 3225 2921 3297 τῆς
2947 3225 3129 3297 ίσχύος
3150 3226 3287 3299 πρὸς
3312 3227 3549 3282 τοσαῦτα
3566 3227 3734 3298 ἡμῶν

2126 3318 2155 3368 ὁ
2186 3315 2301 3385 βίος
2330 3316 2603 3370 ἐπιδέεται
2626 3332 2641 3383 ;
2698 3316 2859 3371 Ἀλλὰ
2886 3316 2971 3370 σοὶ
3002 3318 3101 3388 μὲν
3123 3317 3407 3389 αὐτάρκης
3429 3319 3459 3371 ό
3485 3318 3733 3390 ἔμφυτος

2124 3408 2283 3477 λόγος
2314 3407 2453 3480 πρὸς
2505 3408 2607 3479 τὴν
2650 3407 2761 3463 τῶν
2813 3408 3076 3481 ὀλεθρίων
3126 3409 3397 3480 φυλακήν.
3439 3412 3516 3465 υὺ
3549 3412 3731 3481 δήπου

2125 3500 2235 3572 γὰρ
2272 3499 2524 3572 πρόϐατα
2558 3501 2654 3554 καὶ
2683 3495 2837 3569 αἶγες
2870 3499 3050 3555 ἴσασιν
3076 3500 3413 3571 ἀποφεύγειν
3443 3502 3511 3557 τὰ
3549 3502 3735 3575 φθαρ-

2122 3591 2253 3647 τικὰ
2276 3592 2375 3662 τῆς
2408 3591 2554 3661 ζωῆς
2572 3590 2776 3650 αὐτῶν.
2811 3592 2951 3664 μόνῃ
2976 3594 3046 3664 τῇ
3080 3590 3349 3666 ὀσφρήσει
3376 3593 3445 3649 τὰ
3486 3593 3736 3667 βλαϐερὰ

2124 3682 2471 3756 διακρίνοντα
2500 3700 2516 3749 ;
2545 3684 2629 3737 σοὶ
2652 3684 2711 3738 δὲ
2733 3676 2781 3753 ᾧ
2802 3684 2899 3738 καὶ
2914 3684 3073 3759 λόγος
3096 3685 3333 3756 πάρεστι
3377 3687 3472 3741 καὶ
3500 3689 3732 3760 ἰατρικὴ

2123 3775 2288 3846 τέχνη
2309 3775 2371 3827 τὸ
2396 3775 2667 3847 χρήσιμον
2690 3774 3082 3847 ἑκπορίζουσα,
3106 3776 3203 3831 καὶ
3234 3778 3269 3849 η
3292 3778 3403 3831 τῶν
3433 3779 3740 3849 προλαδόν-

2122 3883 2232 3922 των
2264 3868 2450 3939 πεῖρα,
2498 3866 2608 3919 τῶν
2648 3864 2908 3938 ὀλεθρίων
2938 3865 3035 3937 τὴν
3070 3866 3249 3940 φυγὴν
3280 3868 3734 3942 ὑπαγορεύουσα,

2126 3956 2366 4028 χαλεπὸν
2410 3957 2657 4012 ἐκκλῖναι
2688 3957 2756 4011 τὰ
2787 3957 3127 4029 δηλητήρια;
3179 3960 3344 4014 Οὐδὲν
3392 3960 3451 4014 δὲ
3501 3960 3734 4014 ἐκείνων

2123 4046 2311 4117 ἀργῶς
2336 4046 2371 4117 ἧ
2407 4044 2701 4116 ἀνωφελῶς
2735 4046 2972 4118 ἐξεφύη’
3008 4048 3124 4102 ἀλλ’
3157 4049 3192 4119 ἢ
3215 4050 3404 4121 ἡμῖνῆ
3438 4052 3538 4113 τοῖς
3573 4051 3735 4119 κτή-

2127 4156 2242 4193 νεσι
2269 4139 2409 4210 πρὸς
2436 4139 2498 4192 τὸ
2530 4139 2810 4211 συμφέρον
2838 4138 3080 4212 ἐξεδόθη.
3118 4140 3192 4193 Τὸ
3223 4139 3324 4210 μὲν
3355 4141 3464 4214 γὰρ
3490 4140 3732 4197 κώνειον

2121 4234 2168 4285 oi
2190 4231 2366 4303 ψᾶρες
2425 4230 2731 4303 βόσκονται,
2754 4232 2815 4284 τὸ
2848 4231 3134 4304 ἑλλέϐορον
3171 4235 3220 4286 oi
3258 4232 3512 4304 δρτυγες,
3548 4236 3731 4306 ἄμφω

2123 4324 2223 4395 τῆς
2243 4323 2449 4395 βλάϐης
2492 4321 2833 4378 ἁνεπίδεκτοι
2872 4326 2938 4395 τῇ
2978 4327 3296 4397 κατασκευῇ
3339 4326 3437 4395 τῆς
3466 4326 3725 4395 φύσεωςο

2123 4415 2211 4469 διὰ
2233 4415 2291 4469 δὲ
2330 4415 2425 4469 τοῦ
2462 4414 2844 4487 μανδραγόρου
2869 4414 3037 4469 ὕπνον
3060 4415 3239 4488 ἰατροὶ
3269 4419 3391 4481 ταὶς
3416 4416 3730 4485 ἀσθενείαις

2124 4506 2389 4577 ἐπάγουσι
2410 4523 2426 4538 ο
2460 4507 2539 4578 τῷ
2568 4506 2626 4559 δὲ
2673 4506 2814 4578 ὀπίῳ
2846 4505 2946 4570 τὰς
2976 4507 3211 4578 σφοδρὰς
3248 4507 3441 4573 ὀδύνας
3478 4508 3586 4563 τῶν
3616 4527 3733 4564 σω-

2126 4602 2312 4672 μάτων
2359 4602 2783 4667 κατευνάζουσιν
2813 4619 2828 4633 ·
2856 4601 2959 4673 ἢδη
2988 4600 3047 4654 δέ
3092 4618 3238 4666 τινες
3268 4602 3348 4672 τῷ
3376 4605 3585 4675 κωνείῳ
3622 4605 3730 4659 καὶ

2123 4695 2184 4748 τὸ
2205 4694 2477 4757 λυσσῶδες
2500 4693 2610 4745 τῶν
2636 4693 2872 4764 ὀρέξεων
2914 4692 3325 4762 κατεμάραναν,
3357 4694 3451 4747 καὶ
3470 4694 3545 4764 τῷ
3571 4693 3729 4749 ἐλλε-

2122 4786 2270 4858 ϐόρῳ
2298 4786 2469 4839 πολλὰ
2487 4785 2597 4839 τῶν
2626 4785 2857 4856 χρονίων
2890 4783 3083 4838 παθῶν
3105 4783 3522 4855 ὲξεμόχλευσαν.
3547 4784 3729 4843 Ὥστε

2118 4878 2147 4930 ὃ
2186 4877 2453 4949 δοκοῦμεν
2513 4877 2776 4948 πολέμιον
2830 4878 2897 4947 τῇ
2953 4873 3113 4946 φύσει
3172 4874 3333 4946 ήμῶν
3377 4875 3725 4945 πεφυκέναι,

2121 4970 2280 5023 τοῦτο
2338 4972 2478 5041 ἡμῖν,
2521 4972 2599 5035 εἰς
2656 4968 2981 5042 προσθήκην
3022 4966 3396 5040 ,εὐχαριστίας
3458 4968 3726 5045 περιελή-

2123 5062 2303 5117 λυθεν.

2709 5176 2963 5233 ΠΕΥΣΙΣ
2994 5176 3120 5231 ΠΖ’.

2192 5267 2343 5322 Διατί
2370 5268 2465 5325 ἐπὶ
2491 5267 2593 5340 μὲν
2620 5270 2724 5341 τῆς
2754 5267 3009 5341 βοτάνης,
3030 5266 3125 5321 καὶ
3149 5264 3257 5319 τῶν
3286 5262 3539 5336 δένδρων,
3563 5267 3727 5319 Βλα-

2118 5358 2403 5428 στησὰτω
2420 5357 2573 5429 ἡτῆ,
2604 5359 2699 5412 ἐπὶ
2716 5357 2776 5415 δὲ
2799 5358 2908 5412 τῶν
2934 5355 3151 5427 κτηνῶν
3174 5355 3268 5409 καὶ
3298 5354 3525 5427 θηρίων,
3584 5356 3723 5419 Ἐξο

2117 5432 2417 5519 ararim);
2448 5444 2599 5520 'Apa
2620 5447 2695 5519 μή
2733 5465 2856 5502 τινα
2896 5444 3195 5516 διαφωνίαν
3226 5443 3364 5516 ἔχει,
3384 5446 3720 5517 ἀμφοτέρων

2118 5540 2217 5613 τῆς
2248 5542 2421 5613 αὐτῆς
2453 5541 2876 5613 προερχομένων
2897 5538 3168 5609 γαστρός;
3738 5532 3759 5545 ⁸

2732 5632 3089 5701 Ἀπόκρισις.

2202 5724 2418 5792 Ἐπειδὴ
2449 5724 2520 5779 τὰ
2550 5724 2912 5797 βλαστήματα
2949 5728 3118 5781 κσὶόί
3148 5730 3352 5802 καρποὶ
3372 5727 3493 5781 κατ’
3527 5727 3718 5799 iuta»,-

418 5808 693 5885 minatura
729 5817 909 5867 erant.
938 5818 994 5863 et
1036 5809 1092 5862 in
1136 5817 1284 5865 terra
1330 5827 1678 5875 remansura,
1714 5812 1768 5865 in
1800 5812 2000 5899 ipsam;

2133 5812 2215 5899 τὸν
2238 5813 2553 5883 βλαστάνειν
2606 5814 2839 5885 ἤμελλον
2884 5816 2977 5869 καὶ
3018 5818 3355 5889 παραμένειν
3401 5819 3468 5887 τῇ
3505 5818 3598 5887 γῇ,
3624 5816 3717 5883 είς

420 5895 568 5951 velut
605 5898 660 5952 in
695 5899 818 5954 sinu
859 5900 1049 5959 matris
1084 5900 1453 5961 defluentibus
1486 5902 1713 5962 ﬂoribus
1744 5895 2005 5962 desinen-

2114 5905 2286 5975 αὐτὴν
2339 5904 2529 5979 ὥσπερ
2558 5908 2616 5961 ἐν
2645 5906 2828 5979 κόλπῳ
2860 5908 3067 5982 μητρὸς
3108 5913 3176 5984 τῇ
3218 5908 3514 5983 ἀνθορροίᾳ
3544 5923 3717 5963 κατα-
