  <div class='ocr_page' id='page_1' title='image "/cluster/home/n/w/nwhite01/storage/ocr_20150623/38/pst.000005712335/520.png"; bbox 0 0 4032 6312; ppageno 0'>
   <div class='ocr_carea' id='block_1_1' title="bbox 184 390 3494 465">
    <p class='ocr_par' dir='ltr' id='par_1_1' title="bbox 184 390 3494 465">
     <span class='ocr_line' id='line_1_1' title="bbox 184 390 3494 465; baseline 0.009 -33"><span class='ocrx_word' id='word_1_1' title='bbox 184 396 280 453; x_wconf 58' lang='lat'><strong>953</strong></span> <span class='ocrx_word' id='word_1_2' title='bbox 1615 390 1963 451; x_wconf 79' lang='lat' dir='ltr'><strong>DIALOGUS</strong></span> <span class='ocrx_word' id='word_1_3' title='bbox 1988 394 2055 453; x_wconf 53' lang='lat' dir='ltr'><strong>&#39;l.</strong></span> <span class='ocrx_word' id='word_1_4' title='bbox 3379 402 3494 465; x_wconf 66' lang='lat' dir='ltr'><strong>ass</strong></span> 
     </span>
    </p>
   </div>
   <div class='ocr_carea' id='block_1_2' title="bbox 186 504 1802 589">
    <p class='ocr_par' dir='ltr' id='par_1_2' title="bbox 186 504 1783 588">
     <span class='ocr_line' id='line_1_2' title="bbox 186 504 1783 588; baseline -0.002 -19"><span class='ocrx_word' id='word_1_5' title='bbox 186 510 434 588; x_wconf 70' lang='grc' dir='ltr'><strong>λήγοντα.</strong></span> <span class='ocrx_word' id='word_1_6' title='bbox 462 504 677 585; x_wconf 76' lang='grc' dir='ltr'><strong>ιαυτῆς</strong></span> <span class='ocrx_word' id='word_1_7' title='bbox 717 512 776 568; x_wconf 70' lang='grc' dir='ltr'><strong>δὲ</strong></span> <span class='ocrx_word' id='word_1_8' title='bbox 832 512 998 569; x_wconf 84' lang='grc' dir='ltr'><strong>πάλιν</strong></span> <span class='ocrx_word' id='word_1_9' title='bbox 1028 512 1419 584; x_wconf 82' lang='grc' dir='ltr'><strong>άποκυοὺμενα</strong></span> <span class='ocrx_word' id='word_1_10' title='bbox 1441 525 1458 540; x_wconf 86' lang='grc'>⁶</span> <span class='ocrx_word' id='word_1_11' title='bbox 1485 510 1557 566; x_wconf 77' lang='grc' dir='ltr'><strong>τά</strong></span> <span class='ocrx_word' id='word_1_12' title='bbox 1579 510 1637 566; x_wconf 67' lang='grc' dir='ltr'><strong>δὲ</strong></span> <span class='ocrx_word' id='word_1_13' title='bbox 1666 510 1783 575; x_wconf 80' lang='grc' dir='ltr'><strong>ζῶα</strong></span> 
     </span>
    </p>
   </div>
   <div class='ocr_carea' id='block_1_3' title="bbox 1918 504 3497 589">
    <p class='ocr_par' dir='ltr' id='par_1_3' title="bbox 1918 514 3497 589">
     <span class='ocr_line' id='line_1_3' title="bbox 1918 514 3497 589; baseline 0.003 -19"><span class='ocrx_word' id='word_1_14' title='bbox 1918 514 1987 579; x_wconf 88' lang='lat' dir='ltr'><strong>ia,</strong></span> <span class='ocrx_word' id='word_1_15' title='bbox 2023 524 2076 572; x_wconf 88' lang='lat' dir='ltr'><strong>et</strong></span> <span class='ocrx_word' id='word_1_16' title='bbox 2106 532 2174 572; x_wconf 80' lang='lat' dir='ltr'><strong>ex</strong></span> <span class='ocrx_word' id='word_1_17' title='bbox 2228 517 2346 589; x_wconf 79' lang='lat' dir='ltr'><strong>ipsa</strong></span> <span class='ocrx_word' id='word_1_18' title='bbox 2400 522 2599 576; x_wconf 70' lang='lat' dir='ltr'><strong>rursus</strong></span> <span class='ocrx_word' id='word_1_19' title='bbox 2640 519 2993 585; x_wconf 82' lang='lat' dir='ltr'><strong>enascentia;</strong></span> <span class='ocrx_word' id='word_1_20' title='bbox 3056 518 3321 574; x_wconf 76' lang='lat' dir='ltr'><strong>animalia</strong></span> <span class='ocrx_word' id='word_1_21' title='bbox 3357 533 3497 575; x_wconf 79' lang='lat' dir='ltr'><strong>vero</strong></span> 
     </span>
    </p>
   </div>
   <div class='ocr_carea' id='block_1_4' title="bbox 196 605 1802 684">
    <p class='ocr_par' dir='ltr' id='par_1_4' title="bbox 196 605 1783 679">
     <span class='ocr_line' id='line_1_4' title="bbox 196 605 1783 679; baseline -0.003 -15"><span class='ocrx_word' id='word_1_22' title='bbox 196 605 337 672; x_wconf 63' lang='grc' dir='ltr'><strong>απαξ</strong></span> <span class='ocrx_word' id='word_1_23' title='bbox 364 606 545 678; x_wconf 80' lang='grc' dir='ltr'><strong>αὑτῆς</strong></span> <span class='ocrx_word' id='word_1_24' title='bbox 607 605 1050 679; x_wconf 71' lang='grc' dir='ltr'><strong>άποϐρασθιντα,</strong></span> <span class='ocrx_word' id='word_1_25' title='bbox 1080 606 1182 662; x_wconf 88' lang='grc' dir='ltr'><strong>οὑκ</strong></span> <span class='ocrx_word' id='word_1_26' title='bbox 1223 606 1305 662; x_wconf 61' lang='grc' dir='ltr'><strong>ἔτι</strong></span> <span class='ocrx_word' id='word_1_27' title='bbox 1334 605 1393 674; x_wconf 73' lang='grc' dir='ltr'><strong>ιε</strong></span> <span class='ocrx_word' id='word_1_28' title='bbox 1423 606 1617 678; x_wconf 80' lang='grc' dir='ltr'><strong>αὐτῆς,</strong></span> <span class='ocrx_word' id='word_1_29' title='bbox 1645 605 1783 661; x_wconf 64' lang='grc' dir='ltr'><strong>ἀλλὰ</strong></span> 
     </span>
    </p>
   </div>
   <div class='ocr_carea' id='block_1_5' title="bbox 1918 605 3497 684">
    <p class='ocr_par' dir='ltr' id='par_1_5' title="bbox 1918 610 3497 684">
     <span class='ocr_line' id='line_1_5' title="bbox 1918 610 3497 684; baseline 0.003 -21"><span class='ocrx_word' id='word_1_30' title='bbox 1918 610 2059 665; x_wconf 89' lang='lat' dir='ltr'><strong>emel</strong></span> <span class='ocrx_word' id='word_1_31' title='bbox 2084 610 2156 665; x_wconf 83' lang='lat' dir='ltr'><strong>ab</strong></span> <span class='ocrx_word' id='word_1_32' title='bbox 2180 610 2298 681; x_wconf 84' lang='lat' dir='ltr'><strong>ipsa</strong></span> <span class='ocrx_word' id='word_1_33' title='bbox 2321 610 2617 683; x_wconf 88' lang='lat' dir='ltr'><strong>producta,</strong></span> <span class='ocrx_word' id='word_1_34' title='bbox 2645 628 2755 669; x_wconf 92' lang='lat' dir='ltr'><strong>non</strong></span> <span class='ocrx_word' id='word_1_35' title='bbox 2791 612 3030 684; x_wconf 88' lang='lat' dir='ltr'><strong>amplius</strong></span> <span class='ocrx_word' id='word_1_36' title='bbox 3056 627 3121 668; x_wconf 79' lang='lat' dir='ltr'><strong>ex</strong></span> <span class='ocrx_word' id='word_1_37' title='bbox 3158 612 3300 683; x_wconf 85' lang='lat' dir='ltr'><strong>ipsa,</strong></span> <span class='ocrx_word' id='word_1_38' title='bbox 3332 613 3430 668; x_wconf 88' lang='lat' dir='ltr'><strong>sed</strong></span> <span class='ocrx_word' id='word_1_39' title='bbox 3459 628 3497 668; x_wconf 69' lang='grc' dir='ltr'><strong>α</strong></span> 
     </span>
    </p>
   </div>
   <div class='ocr_carea' id='block_1_6' title="bbox 198 698 1083 774">
    <p class='ocr_par' dir='ltr' id='par_1_6' title="bbox 198 698 1083 774">
     <span class='ocr_line' id='line_1_6' title="bbox 198 698 1083 774; baseline -0.001 -18"><span class='ocrx_word' id='word_1_40' title='bbox 198 699 299 756; x_wconf 75' lang='grc' dir='ltr'><strong>ἀπὺ</strong></span> <span class='ocrx_word' id='word_1_41' title='bbox 321 698 433 754; x_wconf 83' lang='grc' dir='ltr'><strong>τῶν</strong></span> <span class='ocrx_word' id='word_1_42' title='bbox 459 698 727 774; x_wconf 81' lang='grc' dir='ltr'><strong>διαδόχων</strong></span> <span class='ocrx_word' id='word_1_43' title='bbox 760 698 1083 755; x_wconf 76' lang='grc' dir='ltr'><strong>άποκὺεται.</strong></span> 
     </span>
    </p>
   </div>
   <div class='ocr_carea' id='block_1_7' title="bbox 780 810 1191 865">
    <p class='ocr_par' dir='ltr' id='par_1_7' title="bbox 780 810 1191 865">
     <span class='ocr_line' id='line_1_7' title="bbox 780 810 1191 865; baseline -0.002 0"><span class='ocrx_word' id='word_1_44' title='bbox 780 810 1034 865; x_wconf 78' lang='grc' dir='ltr'><strong>ΠΕΥΣῙΣ</strong></span> <span class='ocrx_word' id='word_1_45' title='bbox 1058 811 1191 865; x_wconf 82' lang='lat' dir='ltr'><strong>IIH&#39;.</strong></span> 
     </span>
    </p>
   </div>
   <div class='ocr_carea' id='block_1_8' title="bbox 264 918 1787 996">
    <p class='ocr_par' dir='ltr' id='par_1_8' title="bbox 264 918 1787 996">
     <span class='ocr_line' id='line_1_8' title="bbox 264 918 1787 996; baseline -0.002 -19"><span class='ocrx_word' id='word_1_46' title='bbox 264 922 420 977; x_wconf 89' lang='grc' dir='ltr'><strong>Διατί</strong></span> <span class='ocrx_word' id='word_1_47' title='bbox 451 922 527 995; x_wconf 81' lang='grc' dir='ltr'><strong>μὴ</strong></span> <span class='ocrx_word' id='word_1_48' title='bbox 574 922 670 978; x_wconf 77' lang='grc' dir='ltr'><strong>τὸν</strong></span> <span class='ocrx_word' id='word_1_49' title='bbox 689 922 939 996; x_wconf 76' lang='grc' dir='ltr'><strong>οὐρανὸν,</strong></span> <span class='ocrx_word' id='word_1_50' title='bbox 964 922 1042 986; x_wconf 83' lang='grc' dir='ltr'><strong>ὡς</strong></span> <span class='ocrx_word' id='word_1_51' title='bbox 1065 921 1281 995; x_wconf 85' lang='grc' dir='ltr'><strong>πρῶτον</strong></span> <span class='ocrx_word' id='word_1_52' title='bbox 1319 920 1414 987; x_wconf 80' lang='grc' dir='ltr'><strong>ὑπ’</strong></span> <span class='ocrx_word' id='word_1_53' title='bbox 1433 918 1603 977; x_wconf 65' lang='grc' dir='ltr'><strong>αὑτοῦ</strong></span> <span class='ocrx_word' id='word_1_54' title='bbox 1632 918 1787 990; x_wconf 78' lang='grc' dir='ltr'><strong>γενό-</strong></span> 
     </span>
    </p>
   </div>
   <div class='ocr_carea' id='block_1_9' title="bbox 200 1012 1791 1088">
    <p class='ocr_par' dir='ltr' id='par_1_9' title="bbox 200 1012 1791 1088">
     <span class='ocr_line' id='line_1_9' title="bbox 200 1012 1791 1088; baseline -0.001 -19"><span class='ocrx_word' id='word_1_55' title='bbox 200 1031 359 1086; x_wconf 82' lang='grc' dir='ltr'><strong>μενον</strong></span> <span class='ocrx_word' id='word_1_56' title='bbox 377 1014 759 1088; x_wconf 77' lang='grc' dir='ltr'><strong>διεκόσμησεν,</strong></span> <span class='ocrx_word' id='word_1_57' title='bbox 784 1014 925 1071; x_wconf 82' lang='grc' dir='ltr'><strong>ἀλλὰ</strong></span> <span class='ocrx_word' id='word_1_58' title='bbox 943 1014 1044 1086; x_wconf 77' lang='grc' dir='ltr'><strong>τὴν</strong></span> <span class='ocrx_word' id='word_1_59' title='bbox 1074 1014 1191 1086; x_wconf 78' lang='grc' dir='ltr'><strong>μετ’</strong></span> <span class='ocrx_word' id='word_1_60' title='bbox 1220 1016 1429 1069; x_wconf 68' lang='grc' dir='ltr'><strong>ἐκεῖνον</strong></span> <span class='ocrx_word' id='word_1_61' title='bbox 1453 1012 1791 1087; x_wconf 76' lang='grc' dir='ltr'><strong>δημιουργη-</strong></span> 
     </span>
    </p>
   </div>
   <div class='ocr_carea' id='block_1_10' title="bbox 200 1104 1791 1178">
    <p class='ocr_par' dir='ltr' id='par_1_10' title="bbox 200 1104 1791 1178">
     <span class='ocr_line' id='line_1_10' title="bbox 200 1104 1791 1178; baseline 0.001 -21"><span class='ocrx_word' id='word_1_62' title='bbox 200 1104 384 1160; x_wconf 83' lang='grc' dir='ltr'><strong>θεῖσαν</strong></span> <span class='ocrx_word' id='word_1_63' title='bbox 404 1107 512 1177; x_wconf 78' lang='grc' dir='ltr'><strong>γῆν</strong></span> <span class='ocrx_word' id='word_1_64' title='bbox 565 1105 933 1178; x_wconf 73' lang='grc' dir='ltr'><strong>προετίμησεν</strong></span> <span class='ocrx_word' id='word_1_65' title='bbox 956 1121 973 1172; x_wconf 86' lang='lat'><strong>;</strong></span> <span class='ocrx_word' id='word_1_66' title='bbox 998 1104 1148 1159; x_wconf 80' lang='grc' dir='ltr'><strong>Ἔδει</strong></span> <span class='ocrx_word' id='word_1_67' title='bbox 1180 1105 1240 1163; x_wconf 71' lang='grc' dir='ltr'><strong>δι</strong></span> <span class='ocrx_word' id='word_1_68' title='bbox 1266 1104 1408 1161; x_wconf 76' lang='grc' dir='ltr'><strong>κατὰ</strong></span> <span class='ocrx_word' id='word_1_69' title='bbox 1444 1105 1545 1178; x_wconf 72' lang='grc' dir='ltr'><strong>τὴν</strong></span> <span class='ocrx_word' id='word_1_70' title='bbox 1564 1104 1791 1161; x_wconf 82' lang='grc' dir='ltr'><strong>ἀκολου-</strong></span> 
     </span>
    </p>
   </div>
   <div class='ocr_carea' id='block_1_11' title="bbox 199 1186 1609 1272">
    <p class='ocr_par' dir='ltr' id='par_1_11' title="bbox 199 1186 1609 1272">
     <span class='ocr_line' id='line_1_11' title="bbox 199 1186 1609 1272; baseline 0.001 -21"><span class='ocrx_word' id='word_1_71' title='bbox 199 1196 319 1252; x_wconf 85' lang='grc' dir='ltr'><strong>θίαν</strong></span> <span class='ocrx_word' id='word_1_72' title='bbox 344 1197 447 1269; x_wconf 79' lang='grc' dir='ltr'><strong>τῆς</strong></span> <span class='ocrx_word' id='word_1_73' title='bbox 468 1198 735 1267; x_wconf 64' lang='grc' dir='ltr'><strong>γενέσεως</strong></span> <span class='ocrx_word' id='word_1_74' title='bbox 757 1186 1067 1269; x_wconf 67' lang='grc' dir='ltr'><strong>ἐπαχθῆναι</strong></span> <span class='ocrx_word' id='word_1_75' title='bbox 1090 1197 1191 1269; x_wconf 77' lang='grc' dir='ltr'><strong>τὴν</strong></span> <span class='ocrx_word' id='word_1_76' title='bbox 1226 1196 1609 1272; x_wconf 77' lang='grc' dir='ltr'><strong>διακόσμησιν.</strong></span> 
     </span>
    </p>
   </div>
   <div class='ocr_carea' id='block_1_12' title="bbox 814 1377 1177 1447">
    <p class='ocr_par' dir='ltr' id='par_1_12' title="bbox 814 1377 1177 1447">
     <span class='ocr_line' id='line_1_12' title="bbox 814 1377 1177 1447; baseline 0.006 -16"><span class='ocrx_word' id='word_1_77' title='bbox 814 1377 1177 1447; x_wconf 73' lang='grc' dir='ltr'><strong>Ἀπόκρισις.</strong></span> 
     </span>
    </p>
   </div>
   <div class='ocr_carea' id='block_1_13' title="bbox 268 1465 1791 1541">
    <p class='ocr_par' dir='ltr' id='par_1_13' title="bbox 268 1465 1791 1541">
     <span class='ocr_line' id='line_1_13' title="bbox 268 1465 1791 1541; baseline -0.001 -18"><span class='ocrx_word' id='word_1_78' title='bbox 268 1468 370 1523; x_wconf 78' lang='grc' dir='ltr'><strong>Διὰ</strong></span> <span class='ocrx_word' id='word_1_79' title='bbox 416 1468 519 1541; x_wconf 75' lang='grc' dir='ltr'><strong>τὴν</strong></span> <span class='ocrx_word' id='word_1_80' title='bbox 567 1467 879 1540; x_wconf 32' lang='grc' dir='ltr'><strong>μέλλουσαν.</strong></span> <span class='ocrx_word' id='word_1_81' title='bbox 908 1465 1245 1522; x_wconf 79' lang='grc' dir='ltr'><strong>ἀνακύπτειν</strong></span> <span class='ocrx_word' id='word_1_82' title='bbox 1265 1466 1526 1522; x_wconf 79' lang='grc' dir='ltr'><strong>πολύθεον</strong></span> <span class='ocrx_word' id='word_1_83' title='bbox 1556 1466 1791 1539; x_wconf 80' lang='grc' dir='ltr'>πλάνην,</span> 
     </span>
    </p>
   </div>
   <div class='ocr_carea' id='block_1_14' title="bbox 199 1554 1792 1635">
    <p class='ocr_par' dir='ltr' id='par_1_14' title="bbox 199 1554 1792 1635">
     <span class='ocr_line' id='line_1_14' title="bbox 199 1554 1792 1635; baseline -0.003 -21"><span class='ocrx_word' id='word_1_84' title='bbox 199 1561 299 1635; x_wconf 84' lang='grc' dir='ltr'><strong>τὴν</strong></span> <span class='ocrx_word' id='word_1_85' title='bbox 328 1559 425 1614; x_wconf 77' lang='grc' dir='ltr'><strong>καὶ</strong></span> <span class='ocrx_word' id='word_1_86' title='bbox 444 1560 541 1615; x_wconf 90' lang='grc' dir='ltr'><strong>νὺν</strong></span> <span class='ocrx_word' id='word_1_87' title='bbox 564 1558 901 1631; x_wconf 78' lang='grc' dir='ltr'><strong>κατέχουσαν</strong></span> <span class='ocrx_word' id='word_1_88' title='bbox 921 1560 1049 1625; x_wconf 79' lang='grc' dir='ltr'><strong>τοὺς</strong></span> <span class='ocrx_word' id='word_1_89' title='bbox 1065 1556 1316 1623; x_wconf 81' lang='grc' dir='ltr'><strong>πολλοὺς,</strong></span> <span class='ocrx_word' id='word_1_90' title='bbox 1344 1556 1497 1626; x_wconf 72' lang='grc' dir='ltr'><strong>ἥλιον</strong></span> <span class='ocrx_word' id='word_1_91' title='bbox 1515 1556 1637 1612; x_wconf 74' lang='grc' dir='ltr'><strong>ἀντὶ</strong></span> <span class='ocrx_word' id='word_1_92' title='bbox 1653 1554 1792 1610; x_wconf 84' lang='grc' dir='ltr'><strong>Θεοῦ</strong></span> 
     </span>
    </p>
   </div>
   <div class='ocr_carea' id='block_1_15' title="bbox 201 1649 1793 1723">
    <p class='ocr_par' dir='ltr' id='par_1_15' title="bbox 201 1649 1793 1723">
     <span class='ocr_line' id='line_1_15' title="bbox 201 1649 1793 1723; baseline -0.003 -15"><span class='ocrx_word' id='word_1_93' title='bbox 201 1652 482 1718; x_wconf 79' lang='grc' dir='ltr'><strong>σέϐοντας,</strong></span> <span class='ocrx_word' id='word_1_94' title='bbox 516 1654 611 1707; x_wconf 76' lang='grc' dir='ltr'><strong>καὶ</strong></span> <span class='ocrx_word' id='word_1_95' title='bbox 642 1652 841 1717; x_wconf 78' lang='grc' dir='ltr'><strong>ἀθέους</strong></span> <span class='ocrx_word' id='word_1_96' title='bbox 866 1652 926 1718; x_wconf 58' lang='grc' dir='ltr'><strong>ἐ.)</strong></span> <span class='ocrx_word' id='word_1_97' title='bbox 947 1651 1108 1705; x_wconf 78' lang='grc' dir='ltr'><strong>νυκτὶ</strong></span> <span class='ocrx_word' id='word_1_98' title='bbox 1137 1650 1508 1723; x_wconf 77' lang='grc' dir='ltr'><strong>ὑπάρχοντας,</strong></span> <span class='ocrx_word' id='word_1_99' title='bbox 1536 1651 1605 1722; x_wconf 74' lang='grc' dir='ltr'><strong>τῇ</strong></span> <span class='ocrx_word' id='word_1_100' title='bbox 1640 1649 1793 1704; x_wconf 66' lang='grc' dir='ltr'><strong>ὲκεί-</strong></span> 
     </span>
    </p>
   </div>
   <div class='ocr_carea' id='block_1_16' title="bbox 199 1739 1791 1816">
    <p class='ocr_par' dir='ltr' id='par_1_16' title="bbox 199 1739 1791 1816">
     <span class='ocr_line' id='line_1_16' title="bbox 199 1739 1791 1816; baseline -0.002 -18"><span class='ocrx_word' id='word_1_101' title='bbox 199 1761 293 1798; x_wconf 91' lang='grc' dir='ltr'><strong>νου</strong></span> <span class='ocrx_word' id='word_1_102' title='bbox 312 1743 464 1798; x_wconf 74' lang='grc' dir='ltr'><strong>δύσει</strong></span> <span class='ocrx_word' id='word_1_103' title='bbox 485 1761 498 1776; x_wconf 75' lang='grc' dir='ltr'><strong>ο</strong></span> <span class='ocrx_word' id='word_1_104' title='bbox 528 1746 603 1816; x_wconf 78' lang='grc' dir='ltr'><strong>μή</strong></span> <span class='ocrx_word' id='word_1_105' title='bbox 632 1760 765 1798; x_wconf 85' lang='grc' dir='ltr'><strong>ποτε</strong></span> <span class='ocrx_word' id='word_1_106' title='bbox 790 1741 1122 1814; x_wconf 76' lang='grc' dir='ltr'><strong>νομισθῶσιν</strong></span> <span class='ocrx_word' id='word_1_107' title='bbox 1143 1743 1192 1796; x_wconf 79' lang='grc' dir='ltr'><strong>οἱ</strong></span> <span class='ocrx_word' id='word_1_108' title='bbox 1218 1741 1422 1816; x_wconf 73' lang='grc' dir='ltr'><strong>καρποὶ</strong></span> <span class='ocrx_word' id='word_1_109' title='bbox 1440 1743 1507 1813; x_wconf 81' lang='grc' dir='ltr'><strong>τῇ</strong></span> <span class='ocrx_word' id='word_1_110' title='bbox 1521 1740 1617 1795; x_wconf 79' lang='grc' dir='ltr'><strong>τοῦ</strong></span> <span class='ocrx_word' id='word_1_111' title='bbox 1639 1739 1791 1813; x_wconf 76' lang='grc' dir='ltr'><strong>ἡλίου</strong></span> 
     </span>
    </p>
   </div>
   <div class='ocr_carea' id='block_1_17' title="bbox 201 1818 1792 1905">
    <p class='ocr_par' dir='ltr' id='par_1_17' title="bbox 201 1818 1792 1905">
     <span class='ocr_line' id='line_1_17' title="bbox 201 1818 1792 1905; baseline -0.002 -19"><span class='ocrx_word' id='word_1_112' title='bbox 201 1832 383 1905; x_wconf 71' lang='grc' dir='ltr'><strong>θέρμῃ</strong></span> <span class='ocrx_word' id='word_1_113' title='bbox 410 1832 768 1904; x_wconf 78' lang='grc' dir='ltr'><strong>ἐκϐληθέντες</strong></span> <span class='ocrx_word' id='word_1_114' title='bbox 809 1833 910 1904; x_wconf 86' lang='grc' dir='ltr'><strong>τῆς</strong></span> <span class='ocrx_word' id='word_1_115' title='bbox 948 1818 1068 1903; x_wconf 78' lang='grc' dir='ltr'><strong>γῆς</strong></span> <span class='ocrx_word' id='word_1_116' title='bbox 1118 1830 1444 1895; x_wconf 79' lang='grc' dir='ltr'><strong>πὲπτεσθαι,</strong></span> <span class='ocrx_word' id='word_1_117' title='bbox 1492 1832 1588 1885; x_wconf 73' lang='grc' dir='ltr'><strong>καὶ</strong></span> <span class='ocrx_word' id='word_1_118' title='bbox 1628 1830 1690 1883; x_wconf 91' lang='grc' dir='ltr'><strong>οὑ</strong></span> <span class='ocrx_word' id='word_1_119' title='bbox 1723 1832 1792 1902; x_wconf 73' lang='grc' dir='ltr'><strong>τῇ</strong></span> 
     </span>
    </p>
   </div>
   <div class='ocr_carea' id='block_1_18' title="bbox 198 1922 1795 2000">
    <p class='ocr_par' dir='ltr' id='par_1_18' title="bbox 198 1922 1795 2000">
     <span class='ocr_line' id='line_1_18' title="bbox 198 1922 1795 2000; baseline -0.003 -18"><span class='ocrx_word' id='word_1_120' title='bbox 198 1927 382 1982; x_wconf 76' lang='grc' dir='ltr'><strong>πάντα</strong></span> <span class='ocrx_word' id='word_1_121' title='bbox 411 1925 830 2000; x_wconf 80' lang='grc' dir='ltr'><strong>πρυτανευοὺσῃ</strong></span> <span class='ocrx_word' id='word_1_122' title='bbox 854 1925 977 1998; x_wconf 80' lang='grc' dir='ltr'><strong>θείᾳ</strong></span> <span class='ocrx_word' id='word_1_123' title='bbox 1002 1924 1164 2000; x_wconf 74' lang='grc' dir='ltr'><strong>ῥώμῃ</strong></span> <span class='ocrx_word' id='word_1_124' title='bbox 1195 1922 1533 1979; x_wconf 74' lang='grc' dir='ltr'><strong>τελειοῦσθαι</strong></span> <span class='ocrx_word' id='word_1_125' title='bbox 1560 1922 1795 1978; x_wconf 76' lang='grc' dir='ltr'><strong>ῐκαστον</strong></span> 
     </span>
    </p>
   </div>
   <div class='ocr_carea' id='block_1_19' title="bbox 198 2013 1795 2092">
    <p class='ocr_par' dir='ltr' id='par_1_19' title="bbox 198 2013 1795 2092">
     <span class='ocr_line' id='line_1_19' title="bbox 198 2013 1795 2092; baseline -0.002 -17"><span class='ocrx_word' id='word_1_126' title='bbox 198 2021 339 2092; x_wconf 67' lang='grc' dir='ltr'><strong>πρὸς</strong></span> <span class='ocrx_word' id='word_1_127' title='bbox 363 2023 423 2075; x_wconf 81' lang='grc' dir='ltr'><strong>τὸ</strong></span> <span class='ocrx_word' id='word_1_128' title='bbox 477 2021 571 2075; x_wconf 78' lang='grc' dir='ltr'><strong>ὑπ’</strong></span> <span class='ocrx_word' id='word_1_129' title='bbox 610 2020 827 2091; x_wconf 73' lang='grc' dir='ltr'><strong>ἐκείνης</strong></span> <span class='ocrx_word' id='word_1_130' title='bbox 880 2017 1098 2092; x_wconf 68' lang='grc' dir='ltr'><strong>ὁρισθὲν</strong></span> <span class='ocrx_word' id='word_1_131' title='bbox 1137 2017 1385 2090; x_wconf 80' lang='grc' dir='ltr'><strong>μέγεθος.</strong></span> <span class='ocrx_word' id='word_1_132' title='bbox 1420 2018 1493 2071; x_wconf 85' lang='grc' dir='ltr'><strong>Ἦ</strong></span> <span class='ocrx_word' id='word_1_133' title='bbox 1526 2013 1594 2071; x_wconf 83' lang='grc' dir='ltr'><strong>αὖ</strong></span> <span class='ocrx_word' id='word_1_134' title='bbox 1630 2016 1795 2072; x_wconf 84' lang='grc' dir='ltr'><strong>πάλιν</strong></span> 
     </span>
    </p>
   </div>
   <div class='ocr_carea' id='block_1_20' title="bbox 200 2109 1790 2186">
    <p class='ocr_par' dir='ltr' id='par_1_20' title="bbox 200 2109 1790 2186">
     <span class='ocr_line' id='line_1_20' title="bbox 200 2109 1790 2186; baseline -0.002 -20"><span class='ocrx_word' id='word_1_135' title='bbox 200 2114 279 2185; x_wconf 74' lang='grc' dir='ltr'><strong>μή</strong></span> <span class='ocrx_word' id='word_1_136' title='bbox 312 2128 444 2181; x_wconf 79' lang='grc' dir='ltr'><strong>ποτε</strong></span> <span class='ocrx_word' id='word_1_137' title='bbox 464 2110 709 2186; x_wconf 76' lang='grc' dir='ltr'><strong>ἀρχηγὸν</strong></span> <span class='ocrx_word' id='word_1_138' title='bbox 740 2112 836 2167; x_wconf 81' lang='grc' dir='ltr'><strong>καὶ</strong></span> <span class='ocrx_word' id='word_1_139' title='bbox 880 2111 1097 2183; x_wconf 71' lang='grc' dir='ltr'><strong>πατέρα</strong></span> <span class='ocrx_word' id='word_1_140' title='bbox 1142 2110 1319 2181; x_wconf 80' lang='grc' dir='ltr'><strong>φωτὸς</strong></span> <span class='ocrx_word' id='word_1_141' title='bbox 1345 2109 1439 2166; x_wconf 65' lang='grc' dir='ltr'><strong>τὰν</strong></span> <span class='ocrx_word' id='word_1_142' title='bbox 1482 2110 1638 2181; x_wconf 72' lang='grc' dir='ltr'><strong>ἥλιον</strong></span> <span class='ocrx_word' id='word_1_143' title='bbox 1677 2112 1790 2183; x_wconf 79' lang='grc' dir='ltr'><strong>οἰη-</strong></span> 
     </span>
    </p>
   </div>
   <div class='ocr_carea' id='block_1_21' title="bbox 196 2201 1796 2276">
    <p class='ocr_par' dir='ltr' id='par_1_21' title="bbox 196 2201 1796 2276">
     <span class='ocr_line' id='line_1_21' title="bbox 196 2201 1796 2276; baseline 0 -18"><span class='ocrx_word' id='word_1_144' title='bbox 196 2203 338 2258; x_wconf 77' lang='grc' dir='ltr'><strong>θῶσί</strong></span> <span class='ocrx_word' id='word_1_145' title='bbox 365 2220 534 2267; x_wconf 89' lang='grc' dir='ltr'><strong>τινες,</strong></span> <span class='ocrx_word' id='word_1_146' title='bbox 554 2202 647 2257; x_wconf 79' lang='grc' dir='ltr'><strong>διὰ</strong></span> <span class='ocrx_word' id='word_1_147' title='bbox 677 2203 840 2258; x_wconf 80' lang='grc' dir='ltr'><strong>τοῦτο</strong></span> <span class='ocrx_word' id='word_1_148' title='bbox 860 2201 1213 2274; x_wconf 72' lang='grc' dir='ltr'><strong>πρεσϐυτέρα</strong></span> <span class='ocrx_word' id='word_1_149' title='bbox 1233 2202 1332 2276; x_wconf 80' lang='grc' dir='ltr'><strong>τῆς</strong></span> <span class='ocrx_word' id='word_1_150' title='bbox 1355 2201 1609 2274; x_wconf 83' lang='grc' dir='ltr'><strong>οὐρανίου</strong></span> <span class='ocrx_word' id='word_1_151' title='bbox 1630 2203 1665 2273; x_wconf 74' lang='grc' dir='ltr'><strong>ἡ</strong></span> <span class='ocrx_word' id='word_1_152' title='bbox 1693 2202 1796 2274; x_wconf 82' lang='grc' dir='ltr'><strong>τῆς</strong></span> 
     </span>
    </p>
   </div>
   <div class='ocr_carea' id='block_1_22' title="bbox 197 2296 761 2375">
    <p class='ocr_par' dir='ltr' id='par_1_22' title="bbox 197 2296 761 2375">
     <span class='ocr_line' id='line_1_22' title="bbox 197 2296 761 2375; baseline 0 -25"><span class='ocrx_word' id='word_1_153' title='bbox 197 2298 305 2368; x_wconf 74' lang='grc' dir='ltr'><strong>γῆς</strong></span> <span class='ocrx_word' id='word_1_154' title='bbox 336 2296 720 2367; x_wconf 76' lang='grc' dir='ltr'><strong>διακόσμησις.</strong></span> <span class='ocrx_word' id='word_1_155' title='bbox 758 2374 761 2375; x_wconf 13' lang='grc' dir='ltr'><em>ν</em></span> 
     </span>
    </p>
   </div>
   <div class='ocr_carea' id='block_1_23' title="bbox 788 2408 1197 2465">
    <p class='ocr_par' dir='ltr' id='par_1_23' title="bbox 788 2408 1197 2465">
     <span class='ocr_line' id='line_1_23' title="bbox 788 2408 1197 2465; baseline -0.002 0"><span class='ocrx_word' id='word_1_156' title='bbox 788 2408 1051 2465; x_wconf 81' lang='grc' dir='ltr'><strong>’ΠΕΥΣΙΣ</strong></span> <span class='ocrx_word' id='word_1_157' title='bbox 1066 2409 1197 2464; x_wconf 66' lang='grc' dir='ltr'><strong>ΠΘν.</strong></span> 
     </span>
    </p>
   </div>
   <div class='ocr_carea' id='block_1_24' title="bbox 271 2522 1797 2597">
    <p class='ocr_par' dir='ltr' id='par_1_24' title="bbox 271 2522 1797 2597">
     <span class='ocr_line' id='line_1_24' title="bbox 271 2522 1797 2597; baseline 0.001 -18"><span class='ocrx_word' id='word_1_158' title='bbox 271 2523 385 2579; x_wconf 76' lang='grc' dir='ltr'><strong>Καὶ</strong></span> <span class='ocrx_word' id='word_1_159' title='bbox 406 2522 495 2578; x_wconf 80' lang='grc' dir='ltr'><strong>διὰ</strong></span> <span class='ocrx_word' id='word_1_160' title='bbox 520 2523 575 2578; x_wconf 90' lang='grc' dir='ltr'><strong>τί</strong></span> <span class='ocrx_word' id='word_1_161' title='bbox 611 2523 779 2597; x_wconf 49' lang='grc' dir='ltr'><strong>μὴντῇ</strong></span> <span class='ocrx_word' id='word_1_162' title='bbox 820 2523 1012 2597; x_wconf 81' lang='grc' dir='ltr'><strong>πρώτῃ</strong></span> <span class='ocrx_word' id='word_1_163' title='bbox 1070 2523 1279 2597; x_wconf 71' lang='grc' dir='ltr'><strong>ἡμέρᾳ,</strong></span> <span class='ocrx_word' id='word_1_164' title='bbox 1304 2525 1405 2595; x_wconf 86' lang='grc' dir='ltr'><strong>τῆς</strong></span> <span class='ocrx_word' id='word_1_165' title='bbox 1444 2525 1684 2581; x_wconf 82' lang='grc' dir='ltr'><strong>ἀϐύσσου</strong></span> <span class='ocrx_word' id='word_1_166' title='bbox 1714 2525 1797 2581; x_wconf 73' lang='grc' dir='ltr'><strong>ἔτι</strong></span> 
     </span>
    </p>
   </div>
   <div class='ocr_carea' id='block_1_25' title="bbox 196 2614 1799 2691">
    <p class='ocr_par' dir='ltr' id='par_1_25' title="bbox 196 2614 1799 2691">
     <span class='ocr_line' id='line_1_25' title="bbox 196 2614 1799 2691; baseline 0.001 -21"><span class='ocrx_word' id='word_1_167' title='bbox 196 2614 508 2687; x_wconf 66' lang='grc' dir='ltr'><strong>ἐπεχούσης</strong></span> <span class='ocrx_word' id='word_1_168' title='bbox 534 2614 605 2670; x_wconf 82' lang='grc' dir='ltr'><strong>τά</strong></span> <span class='ocrx_word' id='word_1_169' title='bbox 642 2617 964 2688; x_wconf 64' lang='grc' dir='ltr'><strong>ἐπουράνια,</strong></span> <span class='ocrx_word' id='word_1_170' title='bbox 988 2616 1085 2670; x_wconf 76' lang='grc' dir='ltr'><strong>καὶ</strong></span> <span class='ocrx_word' id='word_1_171' title='bbox 1102 2618 1269 2689; x_wconf 83' lang='grc' dir='ltr'><strong>μήπω</strong></span> <span class='ocrx_word' id='word_1_172' title='bbox 1286 2618 1644 2689; x_wconf 82' lang='grc' dir='ltr'><strong>συναχθείσης</strong></span> <span class='ocrx_word' id='word_1_173' title='bbox 1659 2618 1799 2691; x_wconf 80' lang='grc' dir='ltr'><strong>πρὸς</strong></span> 
     </span>
    </p>
   </div>
   <div class='ocr_carea' id='block_1_26' title="bbox 199 2706 1799 2782">
    <p class='ocr_par' dir='ltr' id='par_1_26' title="bbox 199 2706 1799 2782">
     <span class='ocr_line' id='line_1_26' title="bbox 199 2706 1799 2782; baseline 0.003 -23"><span class='ocrx_word' id='word_1_174' title='bbox 199 2707 334 2779; x_wconf 88' lang='grc' dir='ltr'><strong>μίαν</strong></span> <span class='ocrx_word' id='word_1_175' title='bbox 369 2707 717 2779; x_wconf 80' lang='grc' dir='ltr'><strong>συναγωγὴν,</strong></span> <span class='ocrx_word' id='word_1_176' title='bbox 745 2707 821 2780; x_wconf 80' lang='grc' dir='ltr'><strong>μὴ</strong></span> <span class='ocrx_word' id='word_1_177' title='bbox 848 2707 1107 2780; x_wconf 74' lang='grc' dir='ltr'><strong>ἰποίησεν</strong></span> <span class='ocrx_word' id='word_1_178' title='bbox 1124 2706 1277 2780; x_wconf 75' lang='grc' dir='ltr'><strong>ἥλιον</strong></span> <span class='ocrx_word' id='word_1_179' title='bbox 1315 2709 1409 2763; x_wconf 73' lang='grc' dir='ltr'><strong>καὶ</strong></span> <span class='ocrx_word' id='word_1_180' title='bbox 1443 2708 1674 2782; x_wconf 81' lang='grc' dir='ltr'><strong>σελήνην</strong></span> <span class='ocrx_word' id='word_1_181' title='bbox 1703 2710 1799 2764; x_wconf 80' lang='grc' dir='ltr'><strong>καὶ</strong></span> 
     </span>
    </p>
   </div>
   <div class='ocr_carea' id='block_1_27' title="bbox 196 2799 476 2873">
    <p class='ocr_par' dir='ltr' id='par_1_27' title="bbox 196 2799 476 2873">
     <span class='ocr_line' id='line_1_27' title="bbox 196 2799 476 2873; baseline -0.018 -16"><span class='ocrx_word' id='word_1_182' title='bbox 196 2799 476 2873; x_wconf 72' lang='grc' dir='ltr'><strong>ἀστέρας-ς</strong></span> 
     </span>
    </p>
   </div>
   <div class='ocr_carea' id='block_1_28' title="bbox 821 2894 1187 2963">
    <p class='ocr_par' dir='ltr' id='par_1_28' title="bbox 821 2894 1187 2963">
     <span class='ocr_line' id='line_1_28' title="bbox 821 2894 1187 2963; baseline -0.003 -13"><span class='ocrx_word' id='word_1_183' title='bbox 821 2894 1187 2963; x_wconf 69' lang='grc' dir='ltr'><strong>Ἀπόκρισις.</strong></span> 
     </span>
    </p>
   </div>
   <div class='ocr_carea' id='block_1_29' title="bbox 283 2977 1800 3057">
    <p class='ocr_par' dir='ltr' id='par_1_29' title="bbox 283 2977 1800 3057">
     <span class='ocr_line' id='line_1_29' title="bbox 283 2977 1800 3057; baseline 0.003 -19"><span class='ocrx_word' id='word_1_184' title='bbox 283 2984 441 3038; x_wconf 73' lang='grc' dir='ltr'><strong>Ἐπεὶ</strong></span> <span class='ocrx_word' id='word_1_185' title='bbox 481 2983 695 3039; x_wconf 73' lang='grc' dir='ltr'><strong>οὐδέπω</strong></span> <span class='ocrx_word' id='word_1_186' title='bbox 722 2980 793 3057; x_wconf 75' lang='grc' dir='ltr'><strong>ἦν</strong></span> <span class='ocrx_word' id='word_1_187' title='bbox 824 2984 889 3040; x_wconf 82' lang='grc' dir='ltr'><strong>τδ</strong></span> <span class='ocrx_word' id='word_1_188' title='bbox 916 2984 1205 3056; x_wconf 75' lang='grc' dir='ltr'><strong>στερέωμα</strong></span> <span class='ocrx_word' id='word_1_189' title='bbox 1244 2985 1303 3037; x_wconf 70' lang='grc' dir='ltr'><strong>εν</strong></span> <span class='ocrx_word' id='word_1_190' title='bbox 1350 2977 1397 3053; x_wconf 77' lang='grc' dir='ltr'><strong>ᾧ</strong></span> <span class='ocrx_word' id='word_1_191' title='bbox 1432 2983 1484 3038; x_wconf 76' lang='lat' dir='ltr'><strong>oi</strong></span> <span class='ocrx_word' id='word_1_192' title='bbox 1510 2986 1800 3057; x_wconf 79' lang='grc' dir='ltr'><strong>φωστῆρες</strong></span> 
     </span>
    </p>
   </div>
   <div class='ocr_carea' id='block_1_30' title="bbox 196 3066 1799 3149">
    <p class='ocr_par' dir='ltr' id='par_1_30' title="bbox 196 3066 1799 3149">
     <span class='ocr_line' id='line_1_30' title="bbox 196 3066 1799 3149; baseline -0.001 -18"><span class='ocrx_word' id='word_1_193' title='bbox 196 3066 438 3149; x_wconf 64' lang='grc' dir='ltr'><strong>ἤμελλον</strong></span> <span class='ocrx_word' id='word_1_194' title='bbox 461 3074 835 3130; x_wconf 77' lang='grc' dir='ltr'><strong>ἀνατίθεσθαι.</strong></span> <span class='ocrx_word' id='word_1_195' title='bbox 880 3076 985 3129; x_wconf 78' lang='grc' dir='ltr'><em>Ἔν</em></span> <span class='ocrx_word' id='word_1_196' title='bbox 1015 3072 1174 3144; x_wconf 77' lang='grc' dir='ltr'><strong>ἀρχῇ</strong></span> <span class='ocrx_word' id='word_1_197' title='bbox 1204 3072 1336 3147; x_wconf 98' lang='lat'><strong>7&amp;9,</strong></span> <span class='ocrx_word' id='word_1_198' title='bbox 1375 3075 1562 3147; x_wconf 81' lang='grc' dir='ltr'><strong>φησὶν,</strong></span> <span class='ocrx_word' id='word_1_199' title='bbox 1592 3075 1799 3145; x_wconf 68' lang='grc' dir='ltr'><strong>ἐποίη-</strong></span> 
     </span>
    </p>
   </div>
   <div class='ocr_carea' id='block_1_31' title="bbox 196 3164 1800 3239">
    <p class='ocr_par' dir='ltr' id='par_1_31' title="bbox 196 3164 1800 3239">
     <span class='ocr_line' id='line_1_31' title="bbox 196 3164 1800 3239; baseline -0.001 -16"><span class='ocrx_word' id='word_1_200' title='bbox 196 3186 316 3223; x_wconf 82' lang='grc' dir='ltr'><strong>σεν</strong></span> <span class='ocrx_word' id='word_1_201' title='bbox 336 3170 370 3222; x_wconf 88' lang='grc' dir='ltr'><strong>ό</strong></span> <span class='ocrx_word' id='word_1_202' title='bbox 396 3167 540 3234; x_wconf 84' lang='grc' dir='ltr'><strong>Θεὸς</strong></span> <span class='ocrx_word' id='word_1_203' title='bbox 568 3167 678 3222; x_wconf 81' lang='grc' dir='ltr'><strong>τὸν</strong></span> <span class='ocrx_word' id='word_1_204' title='bbox 699 3166 982 3236; x_wconf 80' lang='grc' dir='ltr'><strong>οὐρανὸν.</strong></span> <span class='ocrx_word' id='word_1_205' title='bbox 1015 3167 1114 3221; x_wconf 76' lang='grc' dir='ltr'><strong>καὶ</strong></span> <span class='ocrx_word' id='word_1_206' title='bbox 1141 3164 1259 3235; x_wconf 76' lang='grc' dir='ltr'><strong>τὴν</strong></span> <span class='ocrx_word' id='word_1_207' title='bbox 1282 3164 1427 3237; x_wconf 80' lang='grc' dir='ltr'><strong>τῆν’</strong></span> <span class='ocrx_word' id='word_1_208' title='bbox 1461 3168 1523 3221; x_wconf 82' lang='grc' dir='ltr'><strong>οὑ</strong></span> <span class='ocrx_word' id='word_1_209' title='bbox 1551 3166 1646 3221; x_wconf 80' lang='grc' dir='ltr'><strong>τὸν</strong></span> <span class='ocrx_word' id='word_1_210' title='bbox 1664 3165 1800 3239; x_wconf 82' lang='grc' dir='ltr'><strong>ὁρώ-</strong></span> 
     </span>
    </p>
   </div>
   <div class='ocr_carea' id='block_1_32' title="bbox 203 3254 1547 3329">
    <p class='ocr_par' dir='ltr' id='par_1_32' title="bbox 203 3254 1547 3329">
     <span class='ocr_line' id='line_1_32' title="bbox 203 3254 1547 3329; baseline -0.002 -17"><span class='ocrx_word' id='word_1_211' title='bbox 203 3275 386 3329; x_wconf 85' lang='grc' dir='ltr'><strong>μενον,</strong></span> <span class='ocrx_word' id='word_1_212' title='bbox 414 3256 553 3311; x_wconf 80' lang='grc' dir='ltr'><strong>ἀλλὰ</strong></span> <span class='ocrx_word' id='word_1_213' title='bbox 580 3256 673 3311; x_wconf 83' lang='grc' dir='ltr'><strong>τὸν</strong></span> <span class='ocrx_word' id='word_1_214' title='bbox 698 3256 1095 3329; x_wconf 79' lang='grc' dir='ltr'><strong>ὑπερκείμενον</strong></span> <span class='ocrx_word' id='word_1_215' title='bbox 1120 3254 1215 3311; x_wconf 81' lang='grc' dir='ltr'><strong>τοῦ</strong></span> <span class='ocrx_word' id='word_1_216' title='bbox 1244 3255 1547 3328; x_wconf 79' lang='grc' dir='ltr'><strong>ὁρωμένου.</strong></span> 
     </span>
    </p>
   </div>
   <div class='ocr_carea' id='block_1_33' title="bbox 826 3373 1191 3440">
    <p class='ocr_par' dir='ltr' id='par_1_33' title="bbox 826 3373 1191 3440">
     <span class='ocr_line' id='line_1_33' title="bbox 826 3373 1191 3440; baseline 0.003 -12"><span class='ocrx_word' id='word_1_217' title='bbox 826 3373 1081 3428; x_wconf 68' lang='lat' dir='ltr'><strong>uersis</strong></span> <span class='ocrx_word' id='word_1_218' title='bbox 1119 3377 1191 3440; x_wconf 61' lang='grc' dir='ltr'><strong>ιιι.</strong></span> 
     </span>
    </p>
   </div>
   <div class='ocr_carea' id='block_1_34' title="bbox 268 3462 1802 3538">
    <p class='ocr_par' dir='ltr' id='par_1_34' title="bbox 268 3462 1802 3538">
     <span class='ocr_line' id='line_1_34' title="bbox 268 3462 1802 3538; baseline -0.002 -16"><span class='ocrx_word' id='word_1_219' title='bbox 268 3466 334 3523; x_wconf 82' lang='grc' dir='ltr'><strong>Τί</strong></span> <span class='ocrx_word' id='word_1_220' title='bbox 358 3462 457 3522; x_wconf 78' lang='grc' dir='ltr'><strong>οὖν</strong></span> <span class='ocrx_word' id='word_1_221' title='bbox 476 3467 572 3522; x_wconf 73' lang='grc' dir='ltr'><strong>καὶ</strong></span> <span class='ocrx_word' id='word_1_222' title='bbox 595 3464 800 3536; x_wconf 78' lang='grc' dir='ltr'><strong>πλῆθος</strong></span> <span class='ocrx_word' id='word_1_223' title='bbox 822 3465 1006 3535; x_wconf 80' lang='grc' dir='ltr'><strong>λέγεις</strong></span> <span class='ocrx_word' id='word_1_224' title='bbox 1029 3464 1275 3537; x_wconf 79' lang='grc' dir='ltr'><strong>οὐρανῶν</strong></span> <span class='ocrx_word' id='word_1_225' title='bbox 1311 3465 1580 3537; x_wconf 81' lang='grc' dir='ltr'><strong>ὑπάρχειν</strong></span> <span class='ocrx_word' id='word_1_226' title='bbox 1632 3465 1802 3538; x_wconf 86' lang='grc' dir='ltr'><strong>ὑπερ-</strong></span> 
     </span>
    </p>
   </div>
   <div class='ocr_carea' id='block_1_35' title="bbox 197 3560 871 3633">
    <p class='ocr_par' dir='ltr' id='par_1_35' title="bbox 197 3560 871 3633">
     <span class='ocr_line' id='line_1_35' title="bbox 197 3560 871 3633; baseline -0.019 -10"><span class='ocrx_word' id='word_1_227' title='bbox 197 3562 315 3622; x_wconf 74' lang='grc' dir='ltr'><strong>άνω</strong></span> <span class='ocrx_word' id='word_1_228' title='bbox 338 3560 433 3617; x_wconf 79' lang='grc' dir='ltr'><strong>τοῦ</strong></span> <span class='ocrx_word' id='word_1_229' title='bbox 462 3560 871 3633; x_wconf 72' lang='grc' dir='ltr'><strong>στερεώματοςς</strong></span> 
     </span>
    </p>
   </div>
   <div class='ocr_carea' id='block_1_36' title="bbox 828 3650 1193 3719">
    <p class='ocr_par' dir='ltr' id='par_1_36' title="bbox 828 3650 1193 3719">
     <span class='ocr_line' id='line_1_36' title="bbox 828 3650 1193 3719; baseline 0 -14"><span class='ocrx_word' id='word_1_230' title='bbox 828 3650 1193 3719; x_wconf 76' lang='grc' dir='ltr'><strong>Ἀπόκρισις.</strong></span> 
     </span>
    </p>
   </div>
   <div class='ocr_carea' id='block_1_37' title="bbox 285 3742 1805 3816">
    <p class='ocr_par' dir='ltr' id='par_1_37' title="bbox 285 3742 1805 3816">
     <span class='ocr_line' id='line_1_37' title="bbox 285 3742 1805 3816; baseline -0.003 -16"><span class='ocrx_word' id='word_1_231' title='bbox 285 3744 552 3816; x_wconf 80' lang='grc' dir='ltr'><strong>’Δριθμὺν</strong></span> <span class='ocrx_word' id='word_1_232' title='bbox 586 3744 685 3814; x_wconf 75' lang='grc' dir='ltr'><strong>μὶν</strong></span> <span class='ocrx_word' id='word_1_233' title='bbox 714 3742 889 3809; x_wconf 75' lang='grc' dir='ltr'><strong>οὐδεὶς</strong></span> <span class='ocrx_word' id='word_1_234' title='bbox 931 3743 1041 3798; x_wconf 84' lang='grc' dir='ltr'><strong>τῶν</strong></span> <span class='ocrx_word' id='word_1_235' title='bbox 1073 3743 1376 3798; x_wconf 82' lang='grc' dir='ltr'><strong>θεσπεσίων</strong></span> <span class='ocrx_word' id='word_1_236' title='bbox 1416 3743 1636 3797; x_wconf 83' lang='grc' dir='ltr'><strong>πώποτε</strong></span> <span class='ocrx_word' id='word_1_237' title='bbox 1693 3745 1805 3798; x_wconf 82' lang='grc' dir='ltr'><strong>ἀπ-</strong></span> 
     </span>
    </p>
   </div>
   <div class='ocr_carea' id='block_1_38' title="bbox 198 3828 1806 3912">
    <p class='ocr_par' dir='ltr' id='par_1_38' title="bbox 198 3828 1806 3912">
     <span class='ocr_line' id='line_1_38' title="bbox 198 3828 1806 3912; baseline -0.002 -17"><span class='ocrx_word' id='word_1_238' title='bbox 198 3841 442 3912; x_wconf 78' lang='grc' dir='ltr'><strong>εφήνατο</strong></span> <span class='ocrx_word' id='word_1_239' title='bbox 466 3838 607 3909; x_wconf 79' lang='grc' dir='ltr'><strong>πλὴν</strong></span> <span class='ocrx_word' id='word_1_240' title='bbox 624 3836 720 3894; x_wconf 76' lang='grc' dir='ltr'><strong>τοῦ</strong></span> <span class='ocrx_word' id='word_1_241' title='bbox 745 3836 953 3909; x_wconf 76' lang='grc' dir='ltr'><strong>ὑψηλοῦ</strong></span> <span class='ocrx_word' id='word_1_242' title='bbox 977 3837 1325 3905; x_wconf 83' lang='grc' dir='ltr'><strong>Ἀποστόλου,</strong></span> <span class='ocrx_word' id='word_1_243' title='bbox 1352 3836 1458 3899; x_wconf 77' lang='grc' dir='ltr'><strong>ἕως</strong></span> <span class='ocrx_word' id='word_1_244' title='bbox 1478 3837 1664 3909; x_wconf 86' lang='grc' dir='ltr'><strong>τρίτου</strong></span> <span class='ocrx_word' id='word_1_245' title='bbox 1689 3828 1806 3892; x_wconf 85' lang='grc' dir='ltr'><strong>δια-</strong></span> 
     </span>
    </p>
   </div>
   <div class='ocr_carea' id='block_1_39' title="bbox 200 3928 1805 4004">
    <p class='ocr_par' dir='ltr' id='par_1_39' title="bbox 200 3928 1805 4004">
     <span class='ocr_line' id='line_1_39' title="bbox 200 3928 1805 4004; baseline -0.004 -16"><span class='ocrx_word' id='word_1_246' title='bbox 200 3932 605 4004; x_wconf 80' lang='grc' dir='ltr'><strong>πεφοιτηκέναι</strong></span> <span class='ocrx_word' id='word_1_247' title='bbox 634 3932 896 4003; x_wconf 82' lang='grc' dir='ltr'><strong>βοῶντος⁶</strong></span> <span class='ocrx_word' id='word_1_248' title='bbox 931 3931 992 3985; x_wconf 85' lang='grc' dir='ltr'><strong>οὑ</strong></span> <span class='ocrx_word' id='word_1_249' title='bbox 1025 3930 1207 4002; x_wconf 81' lang='grc' dir='ltr'><strong>μέντοι</strong></span> <span class='ocrx_word' id='word_1_250' title='bbox 1242 3930 1437 4002; x_wconf 81' lang='grc' dir='ltr'><strong>μέχρις</strong></span> <span class='ocrx_word' id='word_1_251' title='bbox 1464 3928 1646 3983; x_wconf 84' lang='grc' dir='ltr'><strong>αὑιῶν</strong></span> <span class='ocrx_word' id='word_1_252' title='bbox 1676 3929 1805 4001; x_wconf 83' lang='grc' dir='ltr'><strong>στή-</strong></span> 
     </span>
    </p>
   </div>
   <div class='ocr_carea' id='block_1_40' title="bbox 202 4016 1805 4095">
    <p class='ocr_par' dir='ltr' id='par_1_40' title="bbox 202 4016 1805 4095">
     <span class='ocr_line' id='line_1_40' title="bbox 202 4016 1805 4095; baseline -0.003 -17"><span class='ocrx_word' id='word_1_253' title='bbox 202 4042 309 4090; x_wconf 86' lang='grc' dir='ltr'><strong>σας</strong></span> <span class='ocrx_word' id='word_1_254' title='bbox 340 4025 432 4079; x_wconf 87' lang='grc' dir='ltr'><strong>τδν</strong></span> <span class='ocrx_word' id='word_1_255' title='bbox 460 4024 714 4095; x_wconf 82' lang='grc' dir='ltr'><strong>ἀριθμόν.</strong></span> <span class='ocrx_word' id='word_1_256' title='bbox 756 4023 832 4077; x_wconf 79' lang='grc' dir='ltr'>Τὸ</span> <span class='ocrx_word' id='word_1_257' title='bbox 856 4022 966 4095; x_wconf 90' lang='lat'><strong>7&amp;9</strong></span> <span class='ocrx_word' id='word_1_258' title='bbox 994 4022 1165 4093; x_wconf 82' lang='grc' dir='ltr'><strong>φῆσαι</strong></span> <span class='ocrx_word' id='word_1_259' title='bbox 1201 4021 1521 4094; x_wconf 81' lang='grc' dir='ltr'><strong>ἁρπαγέντα</strong></span> <span class='ocrx_word' id='word_1_260' title='bbox 1553 4022 1660 4084; x_wconf 71' lang='grc' dir='ltr'><strong>ἕως</strong></span> <span class='ocrx_word' id='word_1_261' title='bbox 1687 4016 1805 4091; x_wconf 86' lang='grc' dir='ltr'><strong>τρί-</strong></span> 
     </span>
    </p>
   </div>
   <div class='ocr_carea' id='block_1_41' title="bbox 199 4107 1803 4191">
    <p class='ocr_par' dir='ltr' id='par_1_41' title="bbox 199 4107 1803 4191">
     <span class='ocr_line' id='line_1_41' title="bbox 199 4107 1803 4191; baseline -0.004 -19"><span class='ocrx_word' id='word_1_262' title='bbox 199 4137 300 4173; x_wconf 89' lang='grc' dir='ltr'><strong>του</strong></span> <span class='ocrx_word' id='word_1_263' title='bbox 327 4116 588 4191; x_wconf 77' lang='grc' dir='ltr'><strong>οὐρανοῦ,</strong></span> <span class='ocrx_word' id='word_1_264' title='bbox 617 4116 684 4170; x_wconf 78' lang='grc' dir='ltr'><strong>δι’</strong></span> <span class='ocrx_word' id='word_1_265' title='bbox 712 4107 916 4188; x_wconf 72' lang='grc' dir='ltr'><strong>ἄρθρου</strong></span> <span class='ocrx_word' id='word_1_266' title='bbox 959 4115 1077 4180; x_wconf 78' lang='grc' dir='ltr'><strong>τοῦ,</strong></span> <span class='ocrx_word' id='word_1_267' title='bbox 1120 4114 1254 4181; x_wconf 74' lang='grc' dir='ltr'><strong>ἕως,</strong></span> <span class='ocrx_word' id='word_1_268' title='bbox 1299 4114 1597 4185; x_wconf 76' lang='grc' dir='ltr'><strong>ὑπῃνίξατο</strong></span> <span class='ocrx_word' id='word_1_269' title='bbox 1631 4113 1803 4183; x_wconf 76' lang='grc' dir='ltr'><strong>ὑπερο</strong></span> 
     </span>
    </p>
   </div>
   <div class='ocr_carea' id='block_1_42' title="bbox 201 4204 1805 4279">
    <p class='ocr_par' dir='ltr' id='par_1_42' title="bbox 201 4204 1805 4279">
     <span class='ocr_line' id='line_1_42' title="bbox 201 4204 1805 4279; baseline -0.004 -12"><span class='ocrx_word' id='word_1_270' title='bbox 201 4214 423 4268; x_wconf 82' lang='grc' dir='ltr'><strong>κεῖσθαι</strong></span> <span class='ocrx_word' id='word_1_271' title='bbox 446 4211 542 4264; x_wconf 76' lang='grc' dir='ltr'><strong>καὶ</strong></span> <span class='ocrx_word' id='word_1_272' title='bbox 564 4208 785 4278; x_wconf 80' lang='grc' dir='ltr'><strong>ἑτέρους</strong></span> <span class='ocrx_word' id='word_1_273' title='bbox 806 4207 917 4263; x_wconf 81' lang='grc' dir='ltr'><strong>τῶν</strong></span> <span class='ocrx_word' id='word_1_274' title='bbox 939 4207 1128 4279; x_wconf 85' lang='grc' dir='ltr'><strong>τριῶν.</strong></span> <span class='ocrx_word' id='word_1_275' title='bbox 1151 4208 1261 4262; x_wconf 76' lang='grc' dir='ltr'><strong>Καὶ</strong></span> <span class='ocrx_word' id='word_1_276' title='bbox 1280 4204 1448 4261; x_wconf 71' lang='grc' dir='ltr'><strong>Δαϐὶδ</strong></span> <span class='ocrx_word' id='word_1_277' title='bbox 1466 4208 1494 4259; x_wconf 84' lang='grc' dir='ltr'>ὁ</span> <span class='ocrx_word' id='word_1_278' title='bbox 1514 4206 1622 4259; x_wconf 86' lang='grc' dir='ltr'><strong>τῶν</strong></span> <span class='ocrx_word' id='word_1_279' title='bbox 1646 4204 1805 4260; x_wconf 87' lang='grc' dir='ltr'><strong>θείων</strong></span> 
     </span>
    </p>
   </div>
   <div class='ocr_carea' id='block_1_43' title="bbox 206 4295 1806 4376">
    <p class='ocr_par' dir='ltr' id='par_1_43' title="bbox 206 4295 1806 4376">
     <span class='ocr_line' id='line_1_43' title="bbox 206 4295 1806 4376; baseline -0.003 -20"><span class='ocrx_word' id='word_1_280' title='bbox 206 4301 474 4376; x_wconf 74' lang='grc' dir='ltr'><strong>μελῳδὸς,</strong></span> <span class='ocrx_word' id='word_1_281' title='bbox 514 4300 745 4356; x_wconf 77' lang='grc' dir='ltr'><strong>Αἰνεῖτε</strong></span> <span class='ocrx_word' id='word_1_282' title='bbox 782 4301 895 4354; x_wconf 75' lang='grc' dir='ltr'><strong>τὸν</strong></span> <span class='ocrx_word' id='word_1_283' title='bbox 931 4301 1175 4369; x_wconf 75' lang='grc' dir='ltr'><strong>Κύριον,</strong></span> <span class='ocrx_word' id='word_1_284' title='bbox 1222 4300 1412 4371; x_wconf 71' lang='grc' dir='ltr'><strong>φησιν,</strong></span> <span class='ocrx_word' id='word_1_285' title='bbox 1452 4298 1521 4352; x_wconf 83' lang='grc' dir='ltr'><strong>ἐκ</strong></span> <span class='ocrx_word' id='word_1_286' title='bbox 1551 4295 1672 4352; x_wconf 74' lang='grc' dir='ltr'><strong>τῶν</strong></span> <span class='ocrx_word' id='word_1_287' title='bbox 1706 4298 1806 4351; x_wconf 85' lang='grc' dir='ltr'><strong>οὑ-</strong></span> 
     </span>
    </p>
   </div>
   <div class='ocr_carea' id='block_1_44' title="bbox 195 4390 1810 4468">
    <p class='ocr_par' dir='ltr' id='par_1_44' title="bbox 195 4390 1810 4468">
     <span class='ocr_line' id='line_1_44' title="bbox 195 4390 1810 4468; baseline -0.004 -18"><span class='ocrx_word' id='word_1_288' title='bbox 195 4394 441 4468; x_wconf 75' lang='grc' dir='ltr'><strong>ρανῶνο</strong></span> <span class='ocrx_word' id='word_1_289' title='bbox 489 4394 585 4449; x_wconf 57' lang='grc' dir='ltr'><strong>καὶ⁵</strong></span> <span class='ocrx_word' id='word_1_290' title='bbox 610 4395 659 4447; x_wconf 77' lang='lat' dir='ltr'><strong>oi</strong></span> <span class='ocrx_word' id='word_1_291' title='bbox 690 4392 819 4465; x_wconf 69' lang='grc' dir='ltr'><strong>περὶ</strong></span> <span class='ocrx_word' id='word_1_292' title='bbox 850 4392 944 4448; x_wconf 81' lang='grc' dir='ltr'><strong>τὸν</strong></span> <span class='ocrx_word' id='word_1_293' title='bbox 984 4390 1234 4447; x_wconf 83' lang='grc' dir='ltr'><strong>Ἀνανίαν</strong></span> <span class='ocrx_word' id='word_1_294' title='bbox 1266 4390 1544 4445; x_wconf 78' lang='grc' dir='ltr'><strong>θεσπέσιοι</strong></span> <span class='ocrx_word' id='word_1_295' title='bbox 1563 4431 1578 4457; x_wconf 90' lang='grc'><strong>,</strong></span> <span class='ocrx_word' id='word_1_296' title='bbox 1615 4392 1810 4444; x_wconf 75' lang='grc' dir='ltr'><strong>Εὐλο-</strong></span> 
     </span>
    </p>
   </div>
   <div class='ocr_carea' id='block_1_45' title="bbox 203 4481 1810 4559">
    <p class='ocr_par' dir='ltr' id='par_1_45' title="bbox 203 4481 1810 4559">
     <span class='ocr_line' id='line_1_45' title="bbox 203 4481 1810 4559; baseline -0.005 -16"><span class='ocrx_word' id='word_1_297' title='bbox 203 4488 386 4559; x_wconf 78' lang='grc' dir='ltr'><strong>τεῖτε,</strong></span> <span class='ocrx_word' id='word_1_298' title='bbox 407 4488 597 4557; x_wconf 72' lang='grc' dir='ltr'><strong>φασιν,</strong></span> <span class='ocrx_word' id='word_1_299' title='bbox 614 4488 667 4539; x_wconf 78' lang='grc' dir='ltr'><strong>οὶ</strong></span> <span class='ocrx_word' id='word_1_300' title='bbox 690 4484 936 4553; x_wconf 75' lang='grc' dir='ltr'><strong>οὐρανοὶ</strong></span> <span class='ocrx_word' id='word_1_301' title='bbox 957 4484 1202 4551; x_wconf 80' lang='grc' dir='ltr'><strong>Κυρίου,</strong></span> <span class='ocrx_word' id='word_1_302' title='bbox 1225 4482 1334 4537; x_wconf 79' lang='grc' dir='ltr'><strong>τὸν</strong></span> <span class='ocrx_word' id='word_1_303' title='bbox 1353 4481 1578 4551; x_wconf 77' lang='grc' dir='ltr'><strong>Κύριον</strong></span> <span class='ocrx_word' id='word_1_304' title='bbox 1595 4499 1611 4515; x_wconf 76' lang='grc' dir='ltr'><strong>ο</strong></span> <span class='ocrx_word' id='word_1_305' title='bbox 1640 4481 1810 4553; x_wconf 74' lang='grc' dir='ltr'><strong>ἄμφω</strong></span> 
     </span>
    </p>
   </div>
   <div class='ocr_carea' id='block_1_46' title="bbox 202 4572 1810 4651">
    <p class='ocr_par' dir='ltr' id='par_1_46' title="bbox 202 4572 1810 4651">
     <span class='ocr_line' id='line_1_46' title="bbox 202 4572 1810 4651; baseline -0.004 -17"><span class='ocrx_word' id='word_1_306' title='bbox 202 4581 300 4634; x_wconf 76' lang='grc' dir='ltr'><strong>τὸν</strong></span> <span class='ocrx_word' id='word_1_307' title='bbox 328 4579 563 4651; x_wconf 85' lang='grc' dir='ltr'><strong>ἀριθμὸν</strong></span> <span class='ocrx_word' id='word_1_308' title='bbox 591 4577 681 4631; x_wconf 82' lang='grc' dir='ltr'><strong>διὰ</strong></span> <span class='ocrx_word' id='word_1_309' title='bbox 709 4576 804 4631; x_wconf 81' lang='grc' dir='ltr'><strong>τοῦ</strong></span> <span class='ocrx_word' id='word_1_310' title='bbox 834 4575 1146 4647; x_wconf 83' lang='grc' dir='ltr'><strong>πνεύματος</strong></span> <span class='ocrx_word' id='word_1_311' title='bbox 1179 4576 1577 4645; x_wconf 75' lang='grc' dir='ltr'><strong>σιωπήσαντες.</strong></span> <span class='ocrx_word' id='word_1_312' title='bbox 1611 4575 1678 4627; x_wconf 88' lang='grc' dir='ltr'><strong>Τί</strong></span> <span class='ocrx_word' id='word_1_313' title='bbox 1699 4572 1810 4643; x_wconf 88' lang='lat'><strong>7&amp;9</strong></span> 
     </span>
    </p>
   </div>
   <div class='ocr_carea' id='block_1_47' title="bbox 204 4666 1811 4746">
    <p class='ocr_par' dir='ltr' id='par_1_47' title="bbox 204 4666 1811 4746">
     <span class='ocr_line' id='line_1_47' title="bbox 204 4666 1811 4746; baseline -0.004 -20"><span class='ocrx_word' id='word_1_314' title='bbox 204 4674 363 4746; x_wconf 72' lang='grc' dir='ltr'><strong>ἡμᾶς</strong></span> <span class='ocrx_word' id='word_1_315' title='bbox 403 4672 590 4743; x_wconf 75' lang='grc' dir='ltr'><strong>ὀνήσει</strong></span> <span class='ocrx_word' id='word_1_316' title='bbox 636 4671 726 4724; x_wconf 84' lang='grc' dir='ltr'><strong>τὸν</strong></span> <span class='ocrx_word' id='word_1_317' title='bbox 769 4670 1068 4739; x_wconf 79' lang='grc' dir='ltr'><strong>κορυφαῖον</strong></span> <span class='ocrx_word' id='word_1_318' title='bbox 1104 4669 1199 4721; x_wconf 73' lang='grc' dir='ltr'><strong>καὶ</strong></span> <span class='ocrx_word' id='word_1_319' title='bbox 1225 4667 1526 4738; x_wconf 77' lang='grc' dir='ltr'><strong>ὑπέρτερον</strong></span> <span class='ocrx_word' id='word_1_320' title='bbox 1553 4666 1648 4721; x_wconf 77' lang='grc' dir='ltr'><strong>τοῦ</strong></span> <span class='ocrx_word' id='word_1_321' title='bbox 1686 4666 1811 4737; x_wconf 81' lang='grc' dir='ltr'><strong>ἀρι-</strong></span> 
     </span>
    </p>
   </div>
   <div class='ocr_carea' id='block_1_48' title="bbox 206 4758 1810 4839">
    <p class='ocr_par' dir='ltr' id='par_1_48' title="bbox 206 4758 1810 4839">
     <span class='ocr_line' id='line_1_48' title="bbox 206 4758 1810 4839; baseline -0.006 -19"><span class='ocrx_word' id='word_1_322' title='bbox 206 4765 356 4839; x_wconf 82' lang='grc' dir='ltr'><strong>θμοῦ</strong></span> <span class='ocrx_word' id='word_1_323' title='bbox 386 4762 680 4834; x_wconf 74' lang='grc' dir='ltr'><strong>γινώσκειν</strong></span> <span class='ocrx_word' id='word_1_324' title='bbox 709 4762 961 4833; x_wconf 77' lang='grc' dir='ltr'><strong>οὐρανὸν,</strong></span> <span class='ocrx_word' id='word_1_325' title='bbox 992 4760 1129 4833; x_wconf 78' lang='grc' dir='ltr'><strong>μηδὲ</strong></span> <span class='ocrx_word' id='word_1_326' title='bbox 1154 4759 1250 4814; x_wconf 80' lang='grc' dir='ltr'><strong>τοῦ</strong></span> <span class='ocrx_word' id='word_1_327' title='bbox 1277 4758 1521 4831; x_wconf 84' lang='grc' dir='ltr'><strong>πρώτου,</strong></span> <span class='ocrx_word' id='word_1_328' title='bbox 1543 4759 1810 4839; x_wconf 39' lang='grc' dir='ltr'><strong>ωἰιὺπὲρ</strong></span> 
     </span>
    </p>
   </div>
   <div class='ocr_carea' id='block_1_49' title="bbox 206 4850 1811 4929">
    <p class='ocr_par' dir='ltr' id='par_1_49' title="bbox 206 4850 1811 4929">
     <span class='ocr_line' id='line_1_49' title="bbox 206 4850 1811 4929; baseline -0.006 -16"><span class='ocrx_word' id='word_1_329' title='bbox 206 4856 459 4929; x_wconf 79' lang='grc' dir='ltr'><strong>κεφαλῆς</strong></span> <span class='ocrx_word' id='word_1_330' title='bbox 478 4854 659 4929; x_wconf 80' lang='grc' dir='ltr'><strong>ἡμῶν,</strong></span> <span class='ocrx_word' id='word_1_331' title='bbox 684 4854 943 4925; x_wconf 67' lang='grc' dir='ltr'><strong>ἐπιϐῆναι</strong></span> <span class='ocrx_word' id='word_1_332' title='bbox 966 4856 1033 4925; x_wconf 79' lang='grc' dir='ltr'><strong>τῇ</strong></span> <span class='ocrx_word' id='word_1_333' title='bbox 1063 4852 1271 4923; x_wconf 78' lang='grc' dir='ltr'><strong>διανοίᾳ</strong></span> <span class='ocrx_word' id='word_1_334' title='bbox 1300 4851 1678 4923; x_wconf 78' lang='grc' dir='ltr'><strong>βουλομένους,</strong></span> <span class='ocrx_word' id='word_1_335' title='bbox 1706 4850 1811 4924; x_wconf 78' lang='grc' dir='ltr'><strong>ὑλῃ</strong></span> 
     </span>
    </p>
   </div>
   <div class='ocr_carea' id='block_1_50' title="bbox 210 4942 1811 5021">
    <p class='ocr_par' dir='ltr' id='par_1_50' title="bbox 210 4942 1811 5021">
     <span class='ocr_line' id='line_1_50' title="bbox 210 4942 1811 5021; baseline -0.004 -19"><span class='ocrx_word' id='word_1_336' title='bbox 210 4946 596 5021; x_wconf 75' lang='grc' dir='ltr'><strong>βαρουμὲνους</strong></span> <span class='ocrx_word' id='word_1_337' title='bbox 623 4945 717 4999; x_wconf 76' lang='grc' dir='ltr'><strong>καὶ</strong></span> <span class='ocrx_word' id='word_1_338' title='bbox 762 4944 982 5009; x_wconf 88' lang='grc' dir='ltr'><strong>πάθεσι,</strong></span> <span class='ocrx_word' id='word_1_339' title='bbox 1016 4943 1076 4997; x_wconf 84' lang='grc' dir='ltr'><strong>τὸ</strong></span> <span class='ocrx_word' id='word_1_340' title='bbox 1103 4943 1445 5013; x_wconf 81' lang='grc' dir='ltr'><strong>διανοητικὸν</strong></span> <span class='ocrx_word' id='word_1_341' title='bbox 1473 4942 1811 5014; x_wconf 73' lang='grc' dir='ltr'><strong>ἠμαυρωμέ-</strong></span> 
     </span>
    </p>
   </div>
   <div class='ocr_carea' id='block_1_51' title="bbox 208 5034 1707 5112">
    <p class='ocr_par' dir='ltr' id='par_1_51' title="bbox 208 5034 1707 5112">
     <span class='ocr_line' id='line_1_51' title="bbox 208 5034 1707 5112; baseline -0.021 -15"><span class='ocrx_word' id='word_1_342' title='bbox 208 5057 319 5109; x_wconf 87' lang='grc' dir='ltr'><strong>νοι,</strong></span> <span class='ocrx_word' id='word_1_343' title='bbox 348 5037 487 5112; x_wconf 79' lang='grc' dir='ltr'><strong>πρὸς</strong></span> <span class='ocrx_word' id='word_1_344' title='bbox 515 5037 589 5093; x_wconf 78' lang='grc' dir='ltr'><strong>τὰ</strong></span> <span class='ocrx_word' id='word_1_345' title='bbox 612 5036 764 5091; x_wconf 81' lang='grc' dir='ltr'><strong>κάτω</strong></span> <span class='ocrx_word' id='word_1_346' title='bbox 792 5037 887 5091; x_wconf 70' lang='grc' dir='ltr'><strong>καὶ</strong></span> <span class='ocrx_word' id='word_1_347' title='bbox 917 5034 1095 5107; x_wconf 79' lang='grc' dir='ltr'><strong>χαμαὶ</strong></span> <span class='ocrx_word' id='word_1_348' title='bbox 1119 5034 1349 5106; x_wconf 79' lang='grc' dir='ltr'><strong>κειμενα</strong></span> <span class='ocrx_word' id='word_1_349' title='bbox 1379 5034 1707 5105; x_wconf 55' lang='grc' dir='ltr'><strong>κιεχηνάπεςς</strong></span> 
     </span>
    </p>
   </div>
   <div class='ocr_carea' id='block_1_52' title="bbox 812 5228 1224 5297">
    <p class='ocr_par' dir='ltr' id='par_1_52' title="bbox 812 5228 1224 5297">
     <span class='ocr_line' id='line_1_52' title="bbox 812 5228 1224 5297; baseline -0.002 -14"><span class='ocrx_word' id='word_1_350' title='bbox 812 5228 1066 5284; x_wconf 68' lang='lat' dir='ltr'><strong>uersis</strong></span> <span class='ocrx_word' id='word_1_351' title='bbox 1104 5228 1224 5297; x_wconf 67' lang='grc' dir='ltr'><strong>ιιΑν.</strong></span> 
     </span>
    </p>
   </div>
   <div class='ocr_carea' id='block_1_53' title="bbox 284 5296 1864 5392">
    <p class='ocr_par' dir='ltr' id='par_1_53' title="bbox 284 5296 1864 5392">
     <span class='ocr_line' id='line_1_53' title="bbox 284 5296 1864 5392; baseline 0 -16"><span class='ocrx_word' id='word_1_352' title='bbox 284 5322 358 5376; x_wconf 88' lang='grc' dir='ltr'><strong>Τί</strong></span> <span class='ocrx_word' id='word_1_353' title='bbox 389 5315 518 5388; x_wconf 84' lang='grc' dir='ltr'><strong>οὗν;</strong></span> <span class='ocrx_word' id='word_1_354' title='bbox 565 5318 695 5374; x_wconf 76' lang='grc' dir='ltr'><strong>ἄλλο</strong></span> <span class='ocrx_word' id='word_1_355' title='bbox 722 5318 965 5389; x_wconf 77' lang='grc' dir='ltr'><strong>νομίζεις</strong></span> <span class='ocrx_word' id='word_1_356' title='bbox 1000 5321 1067 5391; x_wconf 79' lang='grc' dir='ltr'><strong>τῇ</strong></span> <span class='ocrx_word' id='word_1_357' title='bbox 1099 5296 1270 5389; x_wconf 78' lang='grc' dir='ltr'><strong>(ρὺσει.</strong></span> <span class='ocrx_word' id='word_1_358' title='bbox 1295 5318 1389 5373; x_wconf 81' lang='grc' dir='ltr'><strong>τὸν</strong></span> <span class='ocrx_word' id='word_1_359' title='bbox 1418 5320 1813 5392; x_wconf 78' lang='grc' dir='ltr'><strong>ὑπερκείμενον</strong></span> <span class='ocrx_word' id='word_1_360' title='bbox 1860 5296 1864 5299; x_wconf 24' lang='grc'><strong><em>³</em></strong></span> 
     </span>
    </p>
   </div>
   <div class='ocr_carea' id='block_1_54' title="bbox 210 5411 1810 5487">
    <p class='ocr_par' dir='ltr' id='par_1_54' title="bbox 210 5411 1810 5487">
     <span class='ocr_line' id='line_1_54' title="bbox 210 5411 1810 5487; baseline -0.003 -16"><span class='ocrx_word' id='word_1_361' title='bbox 210 5414 375 5487; x_wconf 80' lang='grc' dir='ltr'><strong>παρὰ</strong></span> <span class='ocrx_word' id='word_1_362' title='bbox 398 5413 492 5469; x_wconf 79' lang='grc' dir='ltr'><strong>τὸν</strong></span> <span class='ocrx_word' id='word_1_363' title='bbox 516 5411 793 5485; x_wconf 80' lang='grc' dir='ltr'><strong>ὁρώμενον</strong></span> <span class='ocrx_word' id='word_1_364' title='bbox 824 5412 1013 5467; x_wconf 60' lang='grc' dir='ltr'><strong>τοῦτον</strong></span> <span class='ocrx_word' id='word_1_365' title='bbox 1039 5412 1134 5466; x_wconf 76' lang='grc' dir='ltr'><strong>καὶ</strong></span> <span class='ocrx_word' id='word_1_366' title='bbox 1164 5412 1453 5483; x_wconf 82' lang='grc' dir='ltr'><strong>στερέωμα</strong></span> <span class='ocrx_word' id='word_1_367' title='bbox 1482 5411 1810 5484; x_wconf 77' lang='grc' dir='ltr'><strong>λεγόμενονς</strong></span> 
     </span>
    </p>
   </div>
   <div class='ocr_carea' id='block_1_55' title="bbox 842 5591 1200 5660">
    <p class='ocr_par' dir='ltr' id='par_1_55' title="bbox 842 5591 1200 5660">
     <span class='ocr_line' id='line_1_55' title="bbox 842 5591 1200 5660; baseline 0.003 -14"><span class='ocrx_word' id='word_1_368' title='bbox 842 5591 1200 5660; x_wconf 73' lang='grc' dir='ltr'><strong>Ἀπόκρισις.</strong></span> 
     </span>
    </p>
   </div>
   <div class='ocr_carea' id='block_1_56' title="bbox 287 5682 1813 5758">
    <p class='ocr_par' dir='ltr' id='par_1_56' title="bbox 287 5682 1813 5758">
     <span class='ocr_line' id='line_1_56' title="bbox 287 5682 1813 5758; baseline 0.001 -19"><span class='ocrx_word' id='word_1_369' title='bbox 287 5682 641 5754; x_wconf 82' lang='grc' dir='ltr'><strong>Λεπτοτέρας</strong></span> <span class='ocrx_word' id='word_1_370' title='bbox 683 5682 883 5747; x_wconf 75' lang='grc' dir='ltr'><strong>αὑτοὺς</strong></span> <span class='ocrx_word' id='word_1_371' title='bbox 936 5684 1203 5756; x_wconf 85' lang='grc' dir='ltr'><strong>ὑπάρχειν</strong></span> <span class='ocrx_word' id='word_1_372' title='bbox 1248 5684 1439 5748; x_wconf 86' lang='grc' dir='ltr'><strong>οὑσίας</strong></span> <span class='ocrx_word' id='word_1_373' title='bbox 1487 5686 1632 5757; x_wconf 73' lang='grc' dir='ltr'><strong>φημὶ</strong></span> <span class='ocrx_word' id='word_1_374' title='bbox 1659 5685 1813 5758; x_wconf 79' lang='grc' dir='ltr'><strong>παρὰ</strong></span> 
     </span>
    </p>
   </div>
   <div class='ocr_carea' id='block_1_57' title="bbox 208 5774 1812 5849">
    <p class='ocr_par' dir='ltr' id='par_1_57' title="bbox 208 5774 1812 5849">
     <span class='ocr_line' id='line_1_57' title="bbox 208 5774 1812 5849; baseline -0.002 -15"><span class='ocrx_word' id='word_1_375' title='bbox 208 5777 313 5834; x_wconf 72' lang='grc' dir='ltr'><strong>τὸν</strong></span> <span class='ocrx_word' id='word_1_376' title='bbox 350 5775 771 5849; x_wconf 79' lang='grc' dir='ltr'><strong>ὑστερούμενον,</strong></span> <span class='ocrx_word' id='word_1_377' title='bbox 804 5774 882 5839; x_wconf 81' lang='grc' dir='ltr'><strong>ὡς</strong></span> <span class='ocrx_word' id='word_1_378' title='bbox 922 5774 1379 5848; x_wconf 78' lang='grc' dir='ltr'><strong>ὑπερτεροῦντας,</strong></span> <span class='ocrx_word' id='word_1_379' title='bbox 1416 5777 1510 5831; x_wconf 77' lang='grc' dir='ltr'><strong>καὶ</strong></span> <span class='ocrx_word' id='word_1_380' title='bbox 1550 5778 1812 5845; x_wconf 79' lang='grc' dir='ltr'><strong>κουφοτέ-</strong></span> 
     </span>
    </p>
   </div>
   <div class='ocr_carea' id='block_1_58' title="bbox 1887 701 2726 774">
    <p class='ocr_par' dir='ltr' id='par_1_58' title="bbox 1887 701 2726 774">
     <span class='ocr_line' id='line_1_58' title="bbox 1887 701 2726 774; baseline 0.007 -18"><span class='ocrx_word' id='word_1_381' title='bbox 1887 701 2314 760; x_wconf 73' lang='lat' dir='ltr'><strong>succedentibus</strong></span> <span class='ocrx_word' id='word_1_382' title='bbox 2343 712 2726 774; x_wconf 84' lang='lat' dir='ltr'><strong>procreantur.</strong></span> 
     </span>
    </p>
   </div>
   <div class='ocr_carea' id='block_1_59' title="bbox 2242 813 3141 877">
    <p class='ocr_par' dir='ltr' id='par_1_59' title="bbox 2242 813 3141 877">
     <span class='ocr_line' id='line_1_59' title="bbox 2242 813 3141 877; baseline 0.004 -8"><span class='ocrx_word' id='word_1_383' title='bbox 2242 813 2766 872; x_wconf 81' lang='lat' dir='ltr'><strong>INTERROGATIO</strong></span> <span class='ocrx_word' id='word_1_384' title='bbox 2804 815 3141 877; x_wconf 78' lang='lat' dir='ltr'><strong>LXXXVIII.</strong></span> 
     </span>
    </p>
   </div>
   <div class='ocr_carea' id='block_1_60' title="bbox 1960 926 3491 1002">
    <p class='ocr_par' dir='ltr' id='par_1_60' title="bbox 1960 926 3491 1002">
     <span class='ocr_line' id='line_1_60' title="bbox 1960 926 3491 1002; baseline 0.003 -18"><span class='ocrx_word' id='word_1_385' title='bbox 1960 926 2144 997; x_wconf 87' lang='lat' dir='ltr'><strong>Quare</strong></span> <span class='ocrx_word' id='word_1_386' title='bbox 2164 944 2273 984; x_wconf 85' lang='lat' dir='ltr'><strong>non</strong></span> <span class='ocrx_word' id='word_1_387' title='bbox 2295 930 2505 985; x_wconf 71' lang='lat' dir='ltr'><strong>coelum</strong></span> <span class='ocrx_word' id='word_1_388' title='bbox 2527 937 2791 1001; x_wconf 82' lang='lat' dir='ltr'><strong>tanquam</strong></span> <span class='ocrx_word' id='word_1_389' title='bbox 2816 932 3054 1002; x_wconf 87' lang='lat' dir='ltr'><strong>primum</strong></span> <span class='ocrx_word' id='word_1_390' title='bbox 3085 947 3115 987; x_wconf 93' lang='lat' dir='ltr'><strong>a</strong></span> <span class='ocrx_word' id='word_1_391' title='bbox 3145 948 3206 990; x_wconf 89' lang='lat' dir='ltr'><strong>se</strong></span> <span class='ocrx_word' id='word_1_392' title='bbox 3234 939 3491 989; x_wconf 90' lang='lat' dir='ltr'><strong>creatum</strong></span> 
     </span>
    </p>
   </div>
   <div class='ocr_carea' id='block_1_61' title="bbox 1893 1021 3495 1097">
    <p class='ocr_par' dir='ltr' id='par_1_61' title="bbox 1893 1021 3495 1097">
     <span class='ocr_line' id='line_1_61' title="bbox 1893 1021 3495 1097; baseline 0.003 -19"><span class='ocrx_word' id='word_1_393' title='bbox 1893 1022 2207 1095; x_wconf 73' lang='lat' dir='ltr'><strong>exornavit,</strong></span> <span class='ocrx_word' id='word_1_394' title='bbox 2231 1021 2327 1078; x_wconf 89' lang='lat' dir='ltr'><strong>sed</strong></span> <span class='ocrx_word' id='word_1_395' title='bbox 2357 1023 2480 1093; x_wconf 88' lang='lat' dir='ltr'><strong>ejus</strong></span> <span class='ocrx_word' id='word_1_396' title='bbox 2498 1040 2622 1095; x_wconf 67' lang='lat' dir='ltr'><strong>quae</strong></span> <span class='ocrx_word' id='word_1_397' title='bbox 2639 1034 2765 1097; x_wconf 89' lang='lat' dir='ltr'><strong>post</strong></span> <span class='ocrx_word' id='word_1_398' title='bbox 2788 1026 2921 1081; x_wconf 83' lang='lat' dir='ltr'><strong>illud</strong></span> <span class='ocrx_word' id='word_1_399' title='bbox 2949 1026 3172 1083; x_wconf 85' lang='lat' dir='ltr'><strong>condita</strong></span> <span class='ocrx_word' id='word_1_400' title='bbox 3196 1036 3304 1087; x_wconf 85' lang='lat' dir='ltr'><strong>est.</strong></span> <span class='ocrx_word' id='word_1_401' title='bbox 3328 1036 3495 1083; x_wconf 69' lang='lat' dir='ltr'><strong>terra:</strong></span> 
     </span>
    </p>
   </div>
   <div class='ocr_carea' id='block_1_62' title="bbox 1893 1114 3490 1187">
    <p class='ocr_par' dir='ltr' id='par_1_62' title="bbox 1893 1114 3490 1187">
     <span class='ocr_line' id='line_1_62' title="bbox 1893 1114 3490 1187; baseline 0.003 -18"><span class='ocrx_word' id='word_1_402' title='bbox 1893 1115 2135 1187; x_wconf 82' lang='lat' dir='ltr'><strong>priorem</strong></span> <span class='ocrx_word' id='word_1_403' title='bbox 2161 1129 2355 1171; x_wconf 86' lang='lat' dir='ltr'><strong>curam</strong></span> <span class='ocrx_word' id='word_1_404' title='bbox 2382 1114 2599 1180; x_wconf 85' lang='lat' dir='ltr'><strong>habuit.</strong></span> <span class='ocrx_word' id='word_1_405' title='bbox 2632 1131 2760 1173; x_wconf 87' lang='lat' dir='ltr'><strong>cum</strong></span> <span class='ocrx_word' id='word_1_406' title='bbox 2795 1126 2981 1175; x_wconf 88' lang='lat' dir='ltr'><strong>tamen</strong></span> <span class='ocrx_word' id='word_1_407' title='bbox 3010 1118 3317 1176; x_wconf 84' lang='lat' dir='ltr'><strong>secundum</strong></span> <span class='ocrx_word' id='word_1_408' title='bbox 3352 1133 3490 1175; x_wconf 89' lang='lat' dir='ltr'><strong>con-</strong></span> 
     </span>
    </p>
   </div>
   <div class='ocr_carea' id='block_1_63' title="bbox 1882 1209 3496 1287">
    <p class='ocr_par' dir='ltr' id='par_1_63' title="bbox 1882 1209 3496 1287">
     <span class='ocr_line' id='line_1_63' title="bbox 1882 1209 3496 1287; baseline 0.002 -22"><span class='ocrx_word' id='word_1_409' title='bbox 1882 1210 2240 1287; x_wconf 78' lang='lat' dir='ltr'><strong>sequentiam</strong></span> <span class='ocrx_word' id='word_1_410' title='bbox 2276 1209 2577 1268; x_wconf 87' lang='lat' dir='ltr'><strong>creationis</strong></span> <span class='ocrx_word' id='word_1_411' title='bbox 2615 1210 2845 1272; x_wconf 78' lang='lat' dir='ltr'><strong>deberet</strong></span> <span class='ocrx_word' id='word_1_412' title='bbox 2890 1210 3077 1269; x_wconf 83' lang='lat' dir='ltr'><strong>addita</strong></span> <span class='ocrx_word' id='word_1_413' title='bbox 3122 1212 3301 1269; x_wconf 75' lang='lat' dir='ltr'><strong>fuisse</strong></span> <span class='ocrx_word' id='word_1_414' title='bbox 3349 1211 3496 1268; x_wconf 66' lang='lat' dir='ltr'><strong>calo</strong></span> 
     </span>
    </p>
   </div>
   <div class='ocr_carea' id='block_1_64' title="bbox 1895 1300 2492 1373">
    <p class='ocr_par' dir='ltr' id='par_1_64' title="bbox 1895 1300 2492 1373">
     <span class='ocr_line' id='line_1_64' title="bbox 1895 1300 2492 1373; baseline 0.003 -17"><span class='ocrx_word' id='word_1_415' title='bbox 1895 1300 2135 1373; x_wconf 77' lang='lat' dir='ltr'><strong>primum</strong></span> <span class='ocrx_word' id='word_1_416' title='bbox 2164 1302 2492 1358; x_wconf 71' lang='lat' dir='ltr'><strong>exornatio?</strong></span> 
     </span>
    </p>
   </div>
   <div class='ocr_carea' id='block_1_65' title="bbox 2537 1388 2851 1463">
    <p class='ocr_par' dir='ltr' id='par_1_65' title="bbox 2537 1388 2851 1463">
     <span class='ocr_line' id='line_1_65' title="bbox 2537 1388 2851 1463; baseline 0.006 -16"><span class='ocrx_word' id='word_1_417' title='bbox 2537 1388 2851 1463; x_wconf 71' lang='lat' dir='ltr'><strong>Responsio.</strong></span> 
     </span>
    </p>
   </div>
   <div class='ocr_carea' id='block_1_66' title="bbox 1968 1480 3499 1555">
    <p class='ocr_par' dir='ltr' id='par_1_66' title="bbox 1968 1480 3499 1555">
     <span class='ocr_line' id='line_1_66' title="bbox 1968 1480 3499 1555; baseline 0.001 -18"><span class='ocrx_word' id='word_1_418' title='bbox 1968 1480 2209 1554; x_wconf 76' lang='lat' dir='ltr'><strong>PrOpter</strong></span> <span class='ocrx_word' id='word_1_419' title='bbox 2227 1497 2475 1539; x_wconf 89' lang='lat' dir='ltr'><strong>errorem</strong></span> <span class='ocrx_word' id='word_1_420' title='bbox 2505 1483 2574 1539; x_wconf 89' lang='lat' dir='ltr'><strong>de</strong></span> <span class='ocrx_word' id='word_1_421' title='bbox 2602 1484 2954 1541; x_wconf 82' lang='lat' dir='ltr'><strong>multitudine</strong></span> <span class='ocrx_word' id='word_1_422' title='bbox 2985 1483 3215 1540; x_wconf 89' lang='lat' dir='ltr'><strong>deorum</strong></span> <span class='ocrx_word' id='word_1_423' title='bbox 3246 1482 3345 1555; x_wconf 85' lang='lat' dir='ltr'><strong>qui</strong></span> <span class='ocrx_word' id='word_1_424' title='bbox 3380 1483 3499 1539; x_wconf 86' lang='lat' dir='ltr'><strong>ori-</strong></span> 
     </span>
    </p>
   </div>
   <div class='ocr_carea' id='block_1_67' title="bbox 1898 1574 3521 1647">
    <p class='ocr_par' dir='ltr' id='par_1_67' title="bbox 1898 1574 3521 1647">
     <span class='ocr_line' id='line_1_67' title="bbox 1898 1574 3521 1647; baseline 0.001 -17"><span class='ocrx_word' id='word_1_425' title='bbox 1898 1582 2060 1631; x_wconf 88' lang='lat' dir='ltr'><strong>turus</strong></span> <span class='ocrx_word' id='word_1_426' title='bbox 2083 1582 2224 1639; x_wconf 89' lang='lat' dir='ltr'><strong>erat,</strong></span> <span class='ocrx_word' id='word_1_427' title='bbox 2248 1574 2345 1645; x_wconf 86' lang='lat' dir='ltr'><strong>qui</strong></span> <span class='ocrx_word' id='word_1_428' title='bbox 2367 1574 2533 1630; x_wconf 87' lang='lat' dir='ltr'><strong>etiam</strong></span> <span class='ocrx_word' id='word_1_429' title='bbox 2557 1591 2704 1631; x_wconf 88' lang='lat' dir='ltr'><strong>nunc</strong></span> <span class='ocrx_word' id='word_1_430' title='bbox 2731 1574 2877 1647; x_wconf 83' lang='lat' dir='ltr'><strong>apud</strong></span> <span class='ocrx_word' id='word_1_431' title='bbox 2908 1576 3117 1633; x_wconf 85' lang='lat' dir='ltr'><strong>multos</strong></span> <span class='ocrx_word' id='word_1_432' title='bbox 3141 1575 3377 1642; x_wconf 78' lang='lat' dir='ltr'><strong>obtinet,</strong></span> <span class='ocrx_word' id='word_1_433' title='bbox 3398 1575 3521 1647; x_wconf 85' lang='lat' dir='ltr'><strong>qui‘</strong></span> 
     </span>
    </p>
   </div>
   <div class='ocr_carea' id='block_1_68' title="bbox 1899 1664 3495 1736">
    <p class='ocr_par' dir='ltr' id='par_1_68' title="bbox 1899 1664 3495 1736">
     <span class='ocr_line' id='line_1_68' title="bbox 1899 1664 3495 1736; baseline -0.002 -13"><span class='ocrx_word' id='word_1_434' title='bbox 1899 1666 2070 1723; x_wconf 86' lang='lat' dir='ltr'><strong>solem</strong></span> <span class='ocrx_word' id='word_1_435' title='bbox 2099 1680 2201 1736; x_wconf 90' lang='lat' dir='ltr'><strong>pro</strong></span> <span class='ocrx_word' id='word_1_436' title='bbox 2223 1664 2326 1721; x_wconf 89' lang='lat' dir='ltr'><strong>deo</strong></span> <span class='ocrx_word' id='word_1_437' title='bbox 2355 1665 2567 1733; x_wconf 91' lang='lat' dir='ltr'><strong>colunt,</strong></span> <span class='ocrx_word' id='word_1_438' title='bbox 2601 1681 2727 1720; x_wconf 87' lang='lat' dir='ltr'><strong>cum</strong></span> <span class='ocrx_word' id='word_1_439' title='bbox 2763 1674 2929 1722; x_wconf 86' lang='lat' dir='ltr'><strong>noctu</strong></span> <span class='ocrx_word' id='word_1_440' title='bbox 2964 1667 3031 1723; x_wconf 89' lang='lat' dir='ltr'><strong>ad</strong></span> <span class='ocrx_word' id='word_1_441' title='bbox 3055 1667 3207 1722; x_wconf 85' lang='lat' dir='ltr'><strong>illius</strong></span> <span class='ocrx_word' id='word_1_442' title='bbox 3232 1679 3495 1722; x_wconf 81' lang='lat' dir='ltr'><strong>occasum</strong></span> 
     </span>
    </p>
   </div>
   <div class='ocr_carea' id='block_1_69' title="bbox 1899 1756 3498 1827">
    <p class='ocr_par' dir='ltr' id='par_1_69' title="bbox 1899 1756 3498 1827">
     <span class='ocr_line' id='line_1_69' title="bbox 1899 1756 3498 1827; baseline 0.001 -14"><span class='ocrx_word' id='word_1_443' title='bbox 1899 1758 2013 1813; x_wconf 88' lang='lat' dir='ltr'><strong>sint</strong></span> <span class='ocrx_word' id='word_1_444' title='bbox 2057 1756 2234 1827; x_wconf 87' lang='lat' dir='ltr'><strong>impii,</strong></span> <span class='ocrx_word' id='word_1_445' title='bbox 2284 1773 2354 1812; x_wconf 90' lang='lat' dir='ltr'><strong>ne</strong></span> <span class='ocrx_word' id='word_1_446' title='bbox 2395 1756 2804 1813; x_wconf 73' lang='lat' dir='ltr'><strong>existimantur</strong></span> <span class='ocrx_word' id='word_1_447' title='bbox 2857 1758 3077 1815; x_wconf 82' lang='lat' dir='ltr'><strong>fructus</strong></span> <span class='ocrx_word' id='word_1_448' title='bbox 3124 1760 3319 1815; x_wconf 86' lang='lat' dir='ltr'><strong>calore</strong></span> <span class='ocrx_word' id='word_1_449' title='bbox 3359 1758 3498 1814; x_wconf 86' lang='lat' dir='ltr'><strong>solis</strong></span> 
     </span>
    </p>
   </div>
   <div class='ocr_carea' id='block_1_70' title="bbox 1896 1848 3501 1920">
    <p class='ocr_par' dir='ltr' id='par_1_70' title="bbox 1896 1848 3501 1920">
     <span class='ocr_line' id='line_1_70' title="bbox 1896 1848 3501 1920; baseline 0.001 -17"><span class='ocrx_word' id='word_1_450' title='bbox 1896 1848 2198 1919; x_wconf 88' lang='lat' dir='ltr'><strong>productos</strong></span> <span class='ocrx_word' id='word_1_451' title='bbox 2221 1862 2255 1904; x_wconf 88' lang='lat' dir='ltr'><strong>a</strong></span> <span class='ocrx_word' id='word_1_452' title='bbox 2293 1855 2443 1904; x_wconf 88' lang='lat' dir='ltr'><strong>terra</strong></span> <span class='ocrx_word' id='word_1_453' title='bbox 2469 1848 2669 1920; x_wconf 89' lang='lat' dir='ltr'><strong>digeri,</strong></span> <span class='ocrx_word' id='word_1_454' title='bbox 2694 1856 2751 1905; x_wconf 90' lang='lat' dir='ltr'><strong>et</strong></span> <span class='ocrx_word' id='word_1_455' title='bbox 2781 1863 2891 1905; x_wconf 90' lang='lat' dir='ltr'><strong>non</strong></span> <span class='ocrx_word' id='word_1_456' title='bbox 2918 1850 2989 1906; x_wconf 88' lang='lat' dir='ltr'><strong>ab</strong></span> <span class='ocrx_word' id='word_1_457' title='bbox 3021 1851 3269 1905; x_wconf 88' lang='lat' dir='ltr'><strong>omnium</strong></span> <span class='ocrx_word' id='word_1_458' title='bbox 3308 1849 3501 1905; x_wconf 91' lang='lat' dir='ltr'><strong>mode-</strong></span> 
     </span>
    </p>
   </div>
   <div class='ocr_carea' id='block_1_71' title="bbox 1897 1928 3495 2011">
    <p class='ocr_par' dir='ltr' id='par_1_71' title="bbox 1897 1928 3495 2011">
     <span class='ocr_line' id='line_1_71' title="bbox 1897 1928 3495 2011; baseline 0.001 -17"><span class='ocrx_word' id='word_1_459' title='bbox 1897 1937 2102 1994; x_wconf 84' lang='lat' dir='ltr'><strong>ratrice</strong></span> <span class='ocrx_word' id='word_1_460' title='bbox 2125 1937 2313 1993; x_wconf 85' lang='lat' dir='ltr'><strong>divina</strong></span> <span class='ocrx_word' id='word_1_461' title='bbox 2337 1939 2583 2009; x_wconf 89' lang='lat' dir='ltr'><strong>potentia</strong></span> <span class='ocrx_word' id='word_1_462' title='bbox 2615 1940 3052 2011; x_wconf 89' lang='lat' dir='ltr'><strong>unumquodque</strong></span> <span class='ocrx_word' id='word_1_463' title='bbox 3074 1938 3260 2010; x_wconf 80' lang='lat' dir='ltr'><strong>perﬁci</strong></span> <span class='ocrx_word' id='word_1_464' title='bbox 3283 1938 3352 1994; x_wconf 88' lang='lat' dir='ltr'><strong>ad</strong></span> <span class='ocrx_word' id='word_1_465' title='bbox 3372 1928 3495 1995; x_wconf 80' lang='lat' dir='ltr'><strong>eam</strong></span> 
     </span>
    </p>
   </div>
   <div class='ocr_carea' id='block_1_72' title="bbox 1897 2030 3496 2105">
    <p class='ocr_par' dir='ltr' id='par_1_72' title="bbox 1897 2030 3496 2105">
     <span class='ocr_line' id='line_1_72' title="bbox 1897 2030 3496 2105; baseline 0 -19"><span class='ocrx_word' id='word_1_466' title='bbox 1897 2045 2021 2105; x_wconf 66' lang='lat' dir='ltr'><strong>qum</strong></span> <span class='ocrx_word' id='word_1_467' title='bbox 2048 2031 2119 2087; x_wconf 90' lang='lat' dir='ltr'><strong>ab</strong></span> <span class='ocrx_word' id='word_1_468' title='bbox 2155 2030 2249 2085; x_wconf 88' lang='lat' dir='ltr'><strong>illa</strong></span> <span class='ocrx_word' id='word_1_469' title='bbox 2282 2030 2511 2085; x_wconf 88' lang='lat' dir='ltr'><strong>deﬁnita</strong></span> <span class='ocrx_word' id='word_1_470' title='bbox 2556 2038 2666 2095; x_wconf 86' lang='lat' dir='ltr'><strong>est,</strong></span> <span class='ocrx_word' id='word_1_471' title='bbox 2696 2031 3162 2102; x_wconf 83' lang='lat' dir='ltr'><strong>magnitudinem,</strong></span> <span class='ocrx_word' id='word_1_472' title='bbox 3191 2030 3277 2088; x_wconf 81' lang='lat' dir='ltr'><strong>vel</strong></span> <span class='ocrx_word' id='word_1_473' title='bbox 3306 2032 3496 2097; x_wconf 80' lang='lat' dir='ltr'><strong>etiam,</strong></span> 
     </span>
    </p>
   </div>
   <div class='ocr_carea' id='block_1_73' title="bbox 1896 2123 3505 2195">
    <p class='ocr_par' dir='ltr' id='par_1_73' title="bbox 1896 2123 3505 2195">
     <span class='ocr_line' id='line_1_73' title="bbox 1896 2123 3505 2195; baseline -0.001 -16"><span class='ocrx_word' id='word_1_474' title='bbox 1896 2137 1969 2179; x_wconf 89' lang='lat' dir='ltr'><strong>ne</strong></span> <span class='ocrx_word' id='word_1_475' title='bbox 2014 2130 2297 2180; x_wconf 84' lang='lat' dir='ltr'><strong>auctorem</strong></span> <span class='ocrx_word' id='word_1_476' title='bbox 2335 2131 2392 2180; x_wconf 92' lang='lat' dir='ltr'><strong>et</strong></span> <span class='ocrx_word' id='word_1_477' title='bbox 2439 2131 2653 2195; x_wconf 80' lang='lat' dir='ltr'><strong>patrem</strong></span> <span class='ocrx_word' id='word_1_478' title='bbox 2703 2124 2848 2181; x_wconf 88' lang='lat' dir='ltr'><strong>lucis</strong></span> <span class='ocrx_word' id='word_1_479' title='bbox 2882 2123 3055 2181; x_wconf 85' lang='lat' dir='ltr'><strong>solem</strong></span> <span class='ocrx_word' id='word_1_480' title='bbox 3098 2129 3360 2194; x_wconf 82' lang='lat' dir='ltr'><strong>putarent</strong></span> <span class='ocrx_word' id='word_1_481' title='bbox 3399 2124 3505 2178; x_wconf 84' lang='lat' dir='ltr'><strong>ali-</strong></span> 
     </span>
    </p>
   </div>
   <div class='ocr_carea' id='block_1_74' title="bbox 1898 2214 3506 2287">
    <p class='ocr_par' dir='ltr' id='par_1_74' title="bbox 1898 2214 3506 2287">
     <span class='ocr_line' id='line_1_74' title="bbox 1898 2214 3506 2287; baseline 0 -18"><span class='ocrx_word' id='word_1_482' title='bbox 1898 2215 2017 2287; x_wconf 89' lang='lat' dir='ltr'><strong>qui,</strong></span> <span class='ocrx_word' id='word_1_483' title='bbox 2061 2230 2185 2271; x_wconf 84' lang='lat' dir='ltr'><strong>eam</strong></span> <span class='ocrx_word' id='word_1_484' title='bbox 2233 2215 2307 2271; x_wconf 88' lang='lat' dir='ltr'><strong>ob</strong></span> <span class='ocrx_word' id='word_1_485' title='bbox 2353 2229 2578 2271; x_wconf 87' lang='lat' dir='ltr'><strong>causam</strong></span> <span class='ocrx_word' id='word_1_486' title='bbox 2628 2225 2776 2271; x_wconf 89' lang='lat' dir='ltr'><strong>terra</strong></span> <span class='ocrx_word' id='word_1_487' title='bbox 2819 2214 3390 2287; x_wconf 63' lang='lat' dir='ltr'><strong>priusquamcoelum</strong></span> <span class='ocrx_word' id='word_1_488' title='bbox 3420 2224 3506 2273; x_wconf 81' lang='lat' dir='ltr'><strong>est</strong></span> 
     </span>
    </p>
   </div>
   <div class='ocr_carea' id='block_1_75' title="bbox 1898 2315 2187 2362">
    <p class='ocr_par' dir='ltr' id='par_1_75' title="bbox 1898 2315 2187 2362">
     <span class='ocr_line' id='line_1_75' title="bbox 1898 2315 2187 2362; baseline -0.007 0"><span class='ocrx_word' id='word_1_489' title='bbox 1898 2315 2187 2362; x_wconf 82' lang='lat' dir='ltr'><strong>exornata.</strong></span> 
     </span>
    </p>
   </div>
   <div class='ocr_carea' id='block_1_76' title="bbox 2283 2415 3145 2474">
    <p class='ocr_par' dir='ltr' id='par_1_76' title="bbox 2283 2415 3145 2474">
     <span class='ocr_line' id='line_1_76' title="bbox 2283 2415 3145 2474; baseline 0.001 -2"><span class='ocrx_word' id='word_1_490' title='bbox 2283 2415 2813 2474; x_wconf 70' lang='lat' dir='ltr'><strong>INTERROGATIO</strong></span> <span class='ocrx_word' id='word_1_491' title='bbox 2849 2415 3145 2473; x_wconf 76' lang='lat' dir='ltr'><strong>LXXXIX.</strong></span> 
     </span>
    </p>
   </div>
   <div class='ocr_carea' id='block_1_77' title="bbox 1972 2528 3508 2604">
    <p class='ocr_par' dir='ltr' id='par_1_77' title="bbox 1972 2528 3508 2604">
     <span class='ocr_line' id='line_1_77' title="bbox 1972 2528 3508 2604; baseline -0.001 -19"><span class='ocrx_word' id='word_1_492' title='bbox 1972 2530 2042 2587; x_wconf 84' lang='lat' dir='ltr'><strong>Et</strong></span> <span class='ocrx_word' id='word_1_493' title='bbox 2087 2546 2263 2604; x_wconf 87' lang='lat' dir='ltr'><strong>quare</strong></span> <span class='ocrx_word' id='word_1_494' title='bbox 2296 2546 2408 2586; x_wconf 91' lang='lat' dir='ltr'><strong>non</strong></span> <span class='ocrx_word' id='word_1_495' title='bbox 2462 2531 2555 2587; x_wconf 89' lang='lat' dir='ltr'><strong>die</strong></span> <span class='ocrx_word' id='word_1_496' title='bbox 2611 2532 2835 2603; x_wconf 90' lang='lat' dir='ltr'><strong>primo,</strong></span> <span class='ocrx_word' id='word_1_497' title='bbox 2883 2531 3090 2603; x_wconf 77' lang='lat' dir='ltr'><strong>abysso</strong></span> <span class='ocrx_word' id='word_1_498' title='bbox 3128 2528 3314 2587; x_wconf 78' lang='lat' dir='ltr'><strong>adhuc</strong></span> <span class='ocrx_word' id='word_1_499' title='bbox 3358 2529 3508 2586; x_wconf 79' lang='lat' dir='ltr'><strong>obti-</strong></span> 
     </span>
    </p>
   </div>
   <div class='ocr_carea' id='block_1_78' title="bbox 1901 2620 3506 2696">
    <p class='ocr_par' dir='ltr' id='par_1_78' title="bbox 1901 2620 3506 2696">
     <span class='ocr_line' id='line_1_78' title="bbox 1901 2620 3506 2696; baseline -0.001 -17"><span class='ocrx_word' id='word_1_500' title='bbox 1901 2631 2068 2680; x_wconf 87' lang='lat' dir='ltr'><strong>nente</strong></span> <span class='ocrx_word' id='word_1_501' title='bbox 2105 2623 2391 2692; x_wconf 84' lang='lat' dir='ltr'><strong>coelestia,</strong></span> <span class='ocrx_word' id='word_1_502' title='bbox 2451 2622 2815 2695; x_wconf 84' lang='lat' dir='ltr'><strong>nondumque</strong></span> <span class='ocrx_word' id='word_1_503' title='bbox 2863 2631 3198 2696; x_wconf 82' lang='lat' dir='ltr'><strong>congregata</strong></span> <span class='ocrx_word' id='word_1_504' title='bbox 3243 2635 3386 2692; x_wconf 82' lang='lat' dir='ltr'><strong>aqua</strong></span> <span class='ocrx_word' id='word_1_505' title='bbox 3434 2620 3506 2677; x_wconf 87' lang='lat' dir='ltr'><strong>ad</strong></span> 
     </span>
    </p>
   </div>
   <div class='ocr_carea' id='block_1_79' title="bbox 1901 2711 3509 2785">
    <p class='ocr_par' dir='ltr' id='par_1_79' title="bbox 1901 2711 3509 2785">
     <span class='ocr_line' id='line_1_79' title="bbox 1901 2711 3509 2785; baseline 0 -16"><span class='ocrx_word' id='word_1_506' title='bbox 1901 2713 2386 2785; x_wconf 71' lang='lat' dir='ltr'><strong>congregationem</strong></span> <span class='ocrx_word' id='word_1_507' title='bbox 2434 2726 2599 2767; x_wconf 90' lang='lat' dir='ltr'><strong>unam</strong></span> <span class='ocrx_word' id='word_1_508' title='bbox 2628 2751 2647 2779; x_wconf 92' lang='lat'><strong>,</strong></span> <span class='ocrx_word' id='word_1_509' title='bbox 2699 2711 2833 2768; x_wconf 76' lang='lat' dir='ltr'><strong>fecit</strong></span> <span class='ocrx_word' id='word_1_510' title='bbox 2887 2714 3065 2769; x_wconf 84' lang='lat' dir='ltr'><strong>solem</strong></span> <span class='ocrx_word' id='word_1_511' title='bbox 3116 2722 3173 2769; x_wconf 87' lang='lat' dir='ltr'><strong>et</strong></span> <span class='ocrx_word' id='word_1_512' title='bbox 3214 2711 3401 2767; x_wconf 85' lang='lat' dir='ltr'><strong>lunam</strong></span> <span class='ocrx_word' id='word_1_513' title='bbox 3448 2718 3509 2769; x_wconf 86' lang='lat' dir='ltr'><strong>et</strong></span> 
     </span>
    </p>
   </div>
   <div class='ocr_carea' id='block_1_80' title="bbox 1902 2804 2127 2860">
    <p class='ocr_par' dir='ltr' id='par_1_80' title="bbox 1902 2804 2127 2860">
     <span class='ocr_line' id='line_1_80' title="bbox 1902 2804 2127 2860; baseline -0.004 -1"><span class='ocrx_word' id='word_1_514' title='bbox 1902 2804 2127 2860; x_wconf 78' lang='lat' dir='ltr'><strong>stellas?</strong></span> 
     </span>
    </p>
   </div>
   <div class='ocr_carea' id='block_1_81' title="bbox 2549 2895 2859 2966">
    <p class='ocr_par' dir='ltr' id='par_1_81' title="bbox 2549 2895 2859 2966">
     <span class='ocr_line' id='line_1_81' title="bbox 2549 2895 2859 2966; baseline 0.013 -17"><span class='ocrx_word' id='word_1_515' title='bbox 2549 2895 2859 2966; x_wconf 75' lang='lat' dir='ltr'><strong>Responsio.</strong></span> 
     </span>
    </p>
   </div>
   <div class='ocr_carea' id='block_1_82' title="bbox 1974 2985 3511 3059">
    <p class='ocr_par' dir='ltr' id='par_1_82' title="bbox 1974 2985 3511 3059">
     <span class='ocr_line' id='line_1_82' title="bbox 1974 2985 3511 3059; baseline 0 -17"><span class='ocrx_word' id='word_1_516' title='bbox 1974 2985 2055 3042; x_wconf 83' lang='lat' dir='ltr'><strong>Eo</strong></span> <span class='ocrx_word' id='word_1_517' title='bbox 2086 2985 2235 3057; x_wconf 90' lang='lat' dir='ltr'><strong>quod</strong></span> <span class='ocrx_word' id='word_1_518' title='bbox 2277 2985 2522 3041; x_wconf 87' lang='lat' dir='ltr'><strong>nondum</strong></span> <span class='ocrx_word' id='word_1_519' title='bbox 2565 2996 2688 3042; x_wconf 86' lang='lat' dir='ltr'><strong>erat</strong></span> <span class='ocrx_word' id='word_1_520' title='bbox 2723 2988 3132 3044; x_wconf 86' lang='lat' dir='ltr'><strong>ﬁrmamentum</strong></span> <span class='ocrx_word' id='word_1_521' title='bbox 3173 2986 3231 3043; x_wconf 89' lang='lat' dir='ltr'><strong>in</strong></span> <span class='ocrx_word' id='word_1_522' title='bbox 3273 3000 3389 3059; x_wconf 92' lang='lat' dir='ltr'><strong>quo</strong></span> <span class='ocrx_word' id='word_1_523' title='bbox 3426 2986 3511 3042; x_wconf 84' lang='lat' dir='ltr'><strong>lu-</strong></span> 
     </span>
    </p>
   </div>
   <div class='ocr_carea' id='block_1_83' title="bbox 1902 3076 3513 3149">
    <p class='ocr_par' dir='ltr' id='par_1_83' title="bbox 1902 3076 3513 3149">
     <span class='ocr_line' id='line_1_83' title="bbox 1902 3076 3513 3149; baseline 0 -16"><span class='ocrx_word' id='word_1_524' title='bbox 1902 3076 2138 3133; x_wconf 82' lang='lat' dir='ltr'><strong>minaria</strong></span> <span class='ocrx_word' id='word_1_525' title='bbox 2186 3089 2347 3133; x_wconf 88' lang='lat' dir='ltr'><strong>erant</strong></span> <span class='ocrx_word' id='word_1_526' title='bbox 2396 3080 2735 3149; x_wconf 87' lang='lat' dir='ltr'><strong>reponenda.</strong></span> <span class='ocrx_word' id='word_1_527' title='bbox 2796 3076 2868 3132; x_wconf 82' lang='lat' dir='ltr'><strong>In</strong></span> <span class='ocrx_word' id='word_1_528' title='bbox 2912 3078 3175 3148; x_wconf 79' lang='lat' dir='ltr'><strong>principio</strong></span> <span class='ocrx_word' id='word_1_529' title='bbox 3212 3078 3384 3143; x_wconf 88' lang='lat' dir='ltr'><strong>enim,</strong></span> <span class='ocrx_word' id='word_1_530' title='bbox 3424 3077 3513 3133; x_wconf 91' lang='lat' dir='ltr'><strong>in-</strong></span> 
     </span>
    </p>
   </div>
   <div class='ocr_carea' id='block_1_84' title="bbox 1900 3168 3510 3242">
    <p class='ocr_par' dir='ltr' id='par_1_84' title="bbox 1900 3168 3510 3242">
     <span class='ocr_line' id='line_1_84' title="bbox 1900 3168 3510 3242; baseline 0.001 -18"><span class='ocrx_word' id='word_1_531' title='bbox 1900 3168 2040 3242; x_wconf 89' lang='lat' dir='ltr'><strong>quit,</strong></span> <span class='ocrx_word' id='word_1_532' title='bbox 2077 3168 2204 3236; x_wconf 81' lang='lat' dir='ltr'><strong>fecit</strong></span> <span class='ocrx_word' id='word_1_533' title='bbox 2251 3168 2393 3224; x_wconf 79' lang='lat' dir='ltr'><strong>Deus</strong></span> <span class='ocrx_word' id='word_1_534' title='bbox 2442 3169 2630 3223; x_wconf 72' lang='lat' dir='ltr'><strong>emtum</strong></span> <span class='ocrx_word' id='word_1_535' title='bbox 2671 3178 2722 3224; x_wconf 84' lang='lat' dir='ltr'><strong>et</strong></span> <span class='ocrx_word' id='word_1_536' title='bbox 2775 3179 2977 3225; x_wconf 74' lang='lat' dir='ltr'><strong>terram</strong></span> <span class='ocrx_word' id='word_1_537' title='bbox 3019 3169 3087 3225; x_wconf 71' lang='lat'><strong>“.</strong></span> <span class='ocrx_word' id='word_1_538' title='bbox 3123 3168 3243 3224; x_wconf 84' lang='lat' dir='ltr'><strong>Non</strong></span> <span class='ocrx_word' id='word_1_539' title='bbox 3276 3168 3331 3224; x_wconf 90' lang='lat' dir='ltr'><strong>id</strong></span> <span class='ocrx_word' id='word_1_540' title='bbox 3360 3168 3510 3240; x_wconf 86' lang='lat' dir='ltr'><strong>quod</strong></span> 
     </span>
    </p>
   </div>
   <div class='ocr_carea' id='block_1_85' title="bbox 1901 3260 3509 3332">
    <p class='ocr_par' dir='ltr' id='par_1_85' title="bbox 1901 3260 3509 3332">
     <span class='ocr_line' id='line_1_85' title="bbox 1901 3260 3509 3332; baseline -0.001 -16"><span class='ocrx_word' id='word_1_541' title='bbox 1901 3263 2170 3323; x_wconf 87' lang='lat' dir='ltr'><strong>cernitur,</strong></span> <span class='ocrx_word' id='word_1_542' title='bbox 2209 3260 2305 3317; x_wconf 88' lang='lat' dir='ltr'><strong>sed</strong></span> <span class='ocrx_word' id='word_1_543' title='bbox 2341 3275 2509 3331; x_wconf 81' lang='lat' dir='ltr'><strong>supra</strong></span> <span class='ocrx_word' id='word_1_544' title='bbox 2542 3260 2599 3317; x_wconf 89' lang='lat' dir='ltr'><strong>id</strong></span> <span class='ocrx_word' id='word_1_545' title='bbox 2634 3261 2783 3332; x_wconf 89' lang='lat' dir='ltr'><strong>quod</strong></span> <span class='ocrx_word' id='word_1_546' title='bbox 2818 3261 3091 3330; x_wconf 83' lang='lat' dir='ltr'><strong>cernitur,</strong></span> <span class='ocrx_word' id='word_1_547' title='bbox 3116 3262 3509 3317; x_wconf 88' lang='lat' dir='ltr'><strong>constitutum.</strong></span> 
     </span>
    </p>
   </div>
   <div class='ocr_carea' id='block_1_86' title="bbox 2363 3369 3048 3446">
    <p class='ocr_par' dir='ltr' id='par_1_86' title="bbox 2363 3369 3048 3446">
     <span class='ocr_line' id='line_1_86' title="bbox 2363 3369 3048 3446; baseline 0.001 -22"><span class='ocrx_word' id='word_1_548' title='bbox 2363 3369 2895 3446; x_wconf 78' lang='lat' dir='ltr'><strong>INTERROGATIO</strong></span> <span class='ocrx_word' id='word_1_549' title='bbox 2934 3370 3048 3427; x_wconf 73' lang='lat' dir='ltr'><strong>xc.</strong></span> 
     </span>
    </p>
   </div>
   <div class='ocr_carea' id='block_1_87' title="bbox 1974 3462 3511 3535">
    <p class='ocr_par' dir='ltr' id='par_1_87' title="bbox 1974 3462 3511 3535">
     <span class='ocr_line' id='line_1_87' title="bbox 1974 3462 3511 3535; baseline -0.001 -16"><span class='ocrx_word' id='word_1_550' title='bbox 1974 3462 2117 3520; x_wconf 83' lang='lat' dir='ltr'><strong>Num</strong></span> <span class='ocrx_word' id='word_1_551' title='bbox 2150 3471 2205 3517; x_wconf 90' lang='lat' dir='ltr'><strong>et</strong></span> <span class='ocrx_word' id='word_1_552' title='bbox 2242 3462 2654 3519; x_wconf 87' lang='lat' dir='ltr'><strong>multitudinem</strong></span> <span class='ocrx_word' id='word_1_553' title='bbox 2692 3462 2835 3519; x_wconf 85' lang='lat' dir='ltr'><strong>dicis</strong></span> <span class='ocrx_word' id='word_1_554' title='bbox 2881 3463 3152 3519; x_wconf 70' lang='lat' dir='ltr'><strong>cwlorum</strong></span> <span class='ocrx_word' id='word_1_555' title='bbox 3186 3478 3313 3519; x_wconf 87' lang='lat' dir='ltr'><strong>esse</strong></span> <span class='ocrx_word' id='word_1_556' title='bbox 3341 3477 3511 3535; x_wconf 85' lang='lat' dir='ltr'><strong>supra</strong></span> 
     </span>
    </p>
   </div>
   <div class='ocr_carea' id='block_1_88' title="bbox 1906 3553 2367 3611">
    <p class='ocr_par' dir='ltr' id='par_1_88' title="bbox 1906 3553 2367 3611">
     <span class='ocr_line' id='line_1_88' title="bbox 1906 3553 2367 3611; baseline -0.007 0"><span class='ocrx_word' id='word_1_557' title='bbox 1906 3554 2319 3611; x_wconf 87' lang='lat' dir='ltr'><strong>ﬁrmamentum</strong></span> <span class='ocrx_word' id='word_1_558' title='bbox 2342 3553 2367 3608; x_wconf 65' lang='grc' dir='ltr'><strong>ἲ</strong></span> 
     </span>
    </p>
   </div>
   <div class='ocr_carea' id='block_1_89' title="bbox 2551 3643 2864 3720">
    <p class='ocr_par' dir='ltr' id='par_1_89' title="bbox 2551 3643 2864 3720">
     <span class='ocr_line' id='line_1_89' title="bbox 2551 3643 2864 3720; baseline 0.006 -19"><span class='ocrx_word' id='word_1_559' title='bbox 2551 3643 2864 3720; x_wconf 59' lang='lat' dir='ltr'><strong>Responsio.</strong></span> 
     </span>
    </p>
   </div>
   <div class='ocr_carea' id='block_1_90' title="bbox 1976 3738 3512 3814">
    <p class='ocr_par' dir='ltr' id='par_1_90' title="bbox 1976 3738 3512 3814">
     <span class='ocr_line' id='line_1_90' title="bbox 1976 3738 3512 3814; baseline 0 -21"><span class='ocrx_word' id='word_1_560' title='bbox 1976 3738 2280 3795; x_wconf 82' lang='lat' dir='ltr'><strong>Numerum</strong></span> <span class='ocrx_word' id='word_1_561' title='bbox 2342 3739 2566 3814; x_wconf 76' lang='lat' dir='ltr'><strong>quidem</strong></span> <span class='ocrx_word' id='word_1_562' title='bbox 2628 3738 2821 3795; x_wconf 84' lang='lat' dir='ltr'><strong>nullus</strong></span> <span class='ocrx_word' id='word_1_563' title='bbox 2879 3746 3204 3794; x_wconf 87' lang='lat' dir='ltr'><strong>sanctorum</strong></span> <span class='ocrx_word' id='word_1_564' title='bbox 3268 3753 3512 3810; x_wconf 87' lang='lat' dir='ltr'><strong>unquam</strong></span> 
     </span>
    </p>
   </div>
   <div class='ocr_carea' id='block_1_91' title="bbox 1906 3831 3516 3909">
    <p class='ocr_par' dir='ltr' id='par_1_91' title="bbox 1906 3831 3516 3909">
     <span class='ocr_line' id='line_1_91' title="bbox 1906 3831 3516 3909; baseline -0.001 -22"><span class='ocrx_word' id='word_1_565' title='bbox 1906 3832 2307 3909; x_wconf 76' lang='lat' dir='ltr'><strong>pronuntiavit,</strong></span> <span class='ocrx_word' id='word_1_566' title='bbox 2332 3840 2564 3902; x_wconf 82' lang='lat' dir='ltr'><strong>excepto</strong></span> <span class='ocrx_word' id='word_1_567' title='bbox 2601 3832 2804 3887; x_wconf 80' lang='lat' dir='ltr'><strong>eximio</strong></span> <span class='ocrx_word' id='word_1_568' title='bbox 2844 3832 3137 3902; x_wconf 80' lang='lat' dir='ltr'><strong>Apostolo,</strong></span> <span class='ocrx_word' id='word_1_569' title='bbox 3174 3831 3270 3902; x_wconf 86' lang='lat' dir='ltr'><strong>qui</strong></span> <span class='ocrx_word' id='word_1_570' title='bbox 3300 3833 3369 3887; x_wconf 85' lang='lat' dir='ltr'><strong>ad</strong></span> <span class='ocrx_word' id='word_1_571' title='bbox 3404 3840 3516 3887; x_wconf 83' lang='lat' dir='ltr'><strong>ter-</strong></span> 
     </span>
    </p>
   </div>
   <div class='ocr_carea' id='block_1_92' title="bbox 1907 3923 3512 3997">
    <p class='ocr_par' dir='ltr' id='par_1_92' title="bbox 1907 3923 3512 3997">
     <span class='ocr_line' id='line_1_92' title="bbox 1907 3923 3512 3997; baseline -0.001 -16"><span class='ocrx_word' id='word_1_572' title='bbox 1907 3928 2043 3983; x_wconf 91' lang='lat' dir='ltr'><strong>tium</strong></span> <span class='ocrx_word' id='word_1_573' title='bbox 2075 3941 2136 3982; x_wconf 89' lang='lat' dir='ltr'><strong>se</strong></span> <span class='ocrx_word' id='word_1_574' title='bbox 2160 3924 2481 3997; x_wconf 81' lang='lat' dir='ltr'><strong>pervenisse</strong></span> <span class='ocrx_word' id='word_1_575' title='bbox 2509 3926 2713 3980; x_wconf 86' lang='lat' dir='ltr'><strong>clamat</strong></span> <span class='ocrx_word' id='word_1_576' title='bbox 2743 3924 2809 3979; x_wconf 76' lang='lat'><strong>“.</strong></span> <span class='ocrx_word' id='word_1_577' title='bbox 2845 3923 2965 3979; x_wconf 80' lang='lat' dir='ltr'><strong>Non</strong></span> <span class='ocrx_word' id='word_1_578' title='bbox 2992 3935 3175 3981; x_wconf 88' lang='lat' dir='ltr'><strong>tamen</strong></span> <span class='ocrx_word' id='word_1_579' title='bbox 3209 3926 3265 3980; x_wconf 89' lang='lat' dir='ltr'><strong>in</strong></span> <span class='ocrx_word' id='word_1_580' title='bbox 3300 3940 3370 3981; x_wconf 92' lang='lat' dir='ltr'><strong>eo</strong></span> <span class='ocrx_word' id='word_1_581' title='bbox 3404 3941 3512 3981; x_wconf 86' lang='lat' dir='ltr'><strong>nn-</strong></span> 
     </span>
    </p>
   </div>
   <div class='ocr_carea' id='block_1_93' title="bbox 1907 4014 3517 4087">
    <p class='ocr_par' dir='ltr' id='par_1_93' title="bbox 1907 4014 3517 4087">
     <span class='ocr_line' id='line_1_93' title="bbox 1907 4014 3517 4087; baseline 0.001 -17"><span class='ocrx_word' id='word_1_582' title='bbox 1907 4031 2120 4071; x_wconf 88' lang='lat' dir='ltr'><strong>merum</strong></span> <span class='ocrx_word' id='word_1_583' title='bbox 2170 4016 2416 4085; x_wconf 88' lang='lat' dir='ltr'><strong>ipsorum</strong></span> <span class='ocrx_word' id='word_1_584' title='bbox 2472 4014 2747 4080; x_wconf 83' lang='lat' dir='ltr'><strong>collocat;</strong></span> <span class='ocrx_word' id='word_1_585' title='bbox 2812 4029 2941 4068; x_wconf 87' lang='lat' dir='ltr'><strong>nam</strong></span> <span class='ocrx_word' id='word_1_586' title='bbox 2997 4014 3145 4085; x_wconf 87' lang='lat' dir='ltr'><strong>quod</strong></span> <span class='ocrx_word' id='word_1_587' title='bbox 3217 4015 3398 4087; x_wconf 88' lang='lat' dir='ltr'><strong>inquit</strong></span> <span class='ocrx_word' id='word_1_588' title='bbox 3454 4030 3517 4072; x_wconf 84' lang='lat' dir='ltr'><strong>se</strong></span> 
     </span>
    </p>
   </div>
   <div class='ocr_carea' id='block_1_94' title="bbox 1907 4107 3511 4184">
    <p class='ocr_par' dir='ltr' id='par_1_94' title="bbox 1907 4107 3511 4184">
     <span class='ocr_line' id='line_1_94' title="bbox 1907 4107 3511 4184; baseline -0.002 -19"><span class='ocrx_word' id='word_1_589' title='bbox 1907 4117 2130 4181; x_wconf 88' lang='lat' dir='ltr'><strong>raptum</strong></span> <span class='ocrx_word' id='word_1_590' title='bbox 2177 4109 2232 4163; x_wconf 91' lang='lat' dir='ltr'><strong>in</strong></span> <span class='ocrx_word' id='word_1_591' title='bbox 2283 4108 2508 4163; x_wconf 83' lang='lat' dir='ltr'><strong>tertium</strong></span> <span class='ocrx_word' id='word_1_592' title='bbox 2544 4107 2745 4162; x_wconf 71' lang='lat' dir='ltr'><strong>coelum</strong></span> <span class='ocrx_word' id='word_1_593' title='bbox 2781 4121 2980 4177; x_wconf 85' lang='lat' dir='ltr'><strong>usque,</strong></span> <span class='ocrx_word' id='word_1_594' title='bbox 3039 4122 3136 4184; x_wconf 81' lang='lat' dir='ltr'><strong>per</strong></span> <span class='ocrx_word' id='word_1_595' title='bbox 3189 4108 3511 4170; x_wconf 88' lang='lat' dir='ltr'><strong>articulum,</strong></span> 
     </span>
    </p>
   </div>
   <div class='ocr_carea' id='block_1_95' title="bbox 1907 4197 3515 4270">
    <p class='ocr_par' dir='ltr' id='par_1_95' title="bbox 1907 4197 3515 4270">
     <span class='ocr_line' id='line_1_95' title="bbox 1907 4197 3515 4270; baseline 0.001 -17"><span class='ocrx_word' id='word_1_596' title='bbox 1907 4216 2093 4270; x_wconf 77' lang='lat' dir='ltr'><strong>usque,</strong></span> <span class='ocrx_word' id='word_1_597' title='bbox 2124 4198 2419 4254; x_wconf 86' lang='lat' dir='ltr'><strong>subinnuit</strong></span> <span class='ocrx_word' id='word_1_598' title='bbox 2447 4200 2615 4253; x_wconf 85' lang='lat' dir='ltr'><strong>etiam</strong></span> <span class='ocrx_word' id='word_1_599' title='bbox 2648 4198 2788 4253; x_wconf 88' lang='lat' dir='ltr'><strong>alios</strong></span> <span class='ocrx_word' id='word_1_600' title='bbox 2819 4211 2989 4268; x_wconf 85' lang='lat' dir='ltr'><strong>supra</strong></span> <span class='ocrx_word' id='word_1_601' title='bbox 3031 4205 3145 4253; x_wconf 87' lang='lat' dir='ltr'><strong>tres</strong></span> <span class='ocrx_word' id='word_1_602' title='bbox 3173 4197 3515 4254; x_wconf 79' lang='lat' dir='ltr'><strong>constitutos</strong></span> 
     </span>
    </p>
   </div>
   <div class='ocr_carea' id='block_1_96' title="bbox 1911 4289 3512 4355">
    <p class='ocr_par' dir='ltr' id='par_1_96' title="bbox 1911 4289 3512 4355">
     <span class='ocr_line' id='line_1_96' title="bbox 1911 4289 3512 4355; baseline -0.004 -7"><span class='ocrx_word' id='word_1_603' title='bbox 1911 4306 2053 4348; x_wconf 89' lang='lat' dir='ltr'><strong>esse.</strong></span> <span class='ocrx_word' id='word_1_604' title='bbox 2114 4289 2181 4344; x_wconf 84' lang='lat' dir='ltr'><strong>Et</strong></span> <span class='ocrx_word' id='word_1_605' title='bbox 2244 4289 2482 4345; x_wconf 84' lang='lat' dir='ltr'><strong>Davides</strong></span> <span class='ocrx_word' id='word_1_606' title='bbox 2542 4289 2858 4345; x_wconf 86' lang='lat' dir='ltr'><strong>divinorum</strong></span> <span class='ocrx_word' id='word_1_607' title='bbox 2930 4297 3125 4346; x_wconf 84' lang='lat' dir='ltr'><strong>auctor</strong></span> <span class='ocrx_word' id='word_1_608' title='bbox 3179 4289 3512 4355; x_wconf 88' lang='lat' dir='ltr'><strong>carminum,</strong></span> 
     </span>
    </p>
   </div>
   <div class='ocr_carea' id='block_1_97' title="bbox 1910 4379 3517 4452">
    <p class='ocr_par' dir='ltr' id='par_1_97' title="bbox 1910 4379 3517 4452">
     <span class='ocr_line' id='line_1_97' title="bbox 1910 4379 3517 4452; baseline -0.002 -15"><span class='ocrx_word' id='word_1_609' title='bbox 1910 4382 2155 4437; x_wconf 80' lang='lat' dir='ltr'><strong>Laudale</strong></span> <span class='ocrx_word' id='word_1_610' title='bbox 2176 4380 2464 4436; x_wconf 75' lang='lat' dir='ltr'><strong>Dominum</strong></span> <span class='ocrx_word' id='word_1_611' title='bbox 2490 4396 2556 4436; x_wconf 76' lang='lat' dir='ltr'><strong>ex</strong></span> <span class='ocrx_word' id='word_1_612' title='bbox 2590 4381 2758 4447; x_wconf 71' lang='lat' dir='ltr'><strong>caelis,</strong></span> <span class='ocrx_word' id='word_1_613' title='bbox 2784 4381 2965 4452; x_wconf 78' lang='lat' dir='ltr'><strong>inquit</strong></span> <span class='ocrx_word' id='word_1_614' title='bbox 3001 4382 3067 4434; x_wconf 84' lang='lat'><strong>&#39;°.</strong></span> <span class='ocrx_word' id='word_1_615' title='bbox 3108 4379 3172 4435; x_wconf 82' lang='grc' dir='ltr'><strong>Ει</strong></span> <span class='ocrx_word' id='word_1_616' title='bbox 3206 4380 3343 4437; x_wconf 86' lang='lat' dir='ltr'><strong>socii</strong></span> <span class='ocrx_word' id='word_1_617' title='bbox 3367 4380 3517 4435; x_wconf 82' lang='lat' dir='ltr'><strong>Ana—</strong></span> 
     </span>
    </p>
   </div>
   <div class='ocr_carea' id='block_1_98' title="bbox 1912 4468 3516 4543">
    <p class='ocr_par' dir='ltr' id='par_1_98' title="bbox 1912 4468 3516 4543">
     <span class='ocr_line' id='line_1_98' title="bbox 1912 4468 3516 4543; baseline -0.003 -13"><span class='ocrx_word' id='word_1_618' title='bbox 1912 4476 2018 4531; x_wconf 67' lang='lat' dir='ltr'><strong>niae</strong></span> <span class='ocrx_word' id='word_1_619' title='bbox 2044 4474 2239 4539; x_wconf 82' lang='lat' dir='ltr'><strong>divini,</strong></span> <span class='ocrx_word' id='word_1_620' title='bbox 2269 4473 2593 4537; x_wconf 80' lang='lat' dir='ltr'><strong>Beuedicite,</strong></span> <span class='ocrx_word' id='word_1_621' title='bbox 2641 4472 2920 4543; x_wconf 85' lang='lat' dir='ltr'><strong>inquiunt,</strong></span> <span class='ocrx_word' id='word_1_622' title='bbox 2972 4474 3103 4528; x_wconf 72' lang='lat' dir='ltr'><strong>calt&quot;</strong></span> <span class='ocrx_word' id='word_1_623' title='bbox 3135 4471 3372 4535; x_wconf 79' lang='lat' dir='ltr'><strong>Domini,</strong></span> <span class='ocrx_word' id='word_1_624' title='bbox 3399 4468 3516 4525; x_wconf 85' lang='lat' dir='ltr'><strong>Do-</strong></span> 
     </span>
    </p>
   </div>
   <div class='ocr_carea' id='block_1_99' title="bbox 1911 4562 3517 4637">
    <p class='ocr_par' dir='ltr' id='par_1_99' title="bbox 1911 4562 3517 4637">
     <span class='ocr_line' id='line_1_99' title="bbox 1911 4562 3517 4637; baseline -0.003 -15"><span class='ocrx_word' id='word_1_625' title='bbox 1911 4570 2116 4622; x_wconf 78' lang='lat' dir='ltr'><strong>minum</strong></span> <span class='ocrx_word' id='word_1_626' title='bbox 2152 4568 2198 4599; x_wconf 82' lang='lat'>“</span> <span class='ocrx_word' id='word_1_627' title='bbox 2231 4586 2244 4621; x_wconf 88' lang='lat'>:</span> <span class='ocrx_word' id='word_1_628' title='bbox 2286 4567 2505 4637; x_wconf 76' lang='lat' dir='ltr'><strong>utrique.</strong></span> <span class='ocrx_word' id='word_1_629' title='bbox 2555 4580 2844 4620; x_wconf 87' lang='lat' dir='ltr'><strong>numerum</strong></span> <span class='ocrx_word' id='word_1_630' title='bbox 2898 4580 2998 4636; x_wconf 88' lang='lat' dir='ltr'><strong>per</strong></span> <span class='ocrx_word' id='word_1_631' title='bbox 3036 4564 3294 4636; x_wconf 84' lang='lat' dir='ltr'><strong>spiritum</strong></span> <span class='ocrx_word' id='word_1_632' title='bbox 3332 4562 3517 4619; x_wconf 81' lang='lat' dir='ltr'><strong>subti-</strong></span> 
     </span>
    </p>
   </div>
   <div class='ocr_carea' id='block_1_100' title="bbox 1912 4646 3517 4727">
    <p class='ocr_par' dir='ltr' id='par_1_100' title="bbox 1912 4646 3517 4727">
     <span class='ocr_line' id='line_1_100' title="bbox 1912 4646 3517 4727; baseline -0.003 -11"><span class='ocrx_word' id='word_1_633' title='bbox 1912 4668 2127 4717; x_wconf 89' lang='lat' dir='ltr'><strong>centes.</strong></span> <span class='ocrx_word' id='word_1_634' title='bbox 2150 4658 2292 4727; x_wconf 86' lang='lat' dir='ltr'><strong>Quid</strong></span> <span class='ocrx_word' id='word_1_635' title='bbox 2320 4659 2469 4714; x_wconf 88' lang='lat' dir='ltr'><strong>enim</strong></span> <span class='ocrx_word' id='word_1_636' title='bbox 2494 4673 2597 4714; x_wconf 88' lang='lat' dir='ltr'><strong>nos</strong></span> <span class='ocrx_word' id='word_1_637' title='bbox 2613 4646 2833 4727; x_wconf 79' lang='lat' dir='ltr'><strong>juvabit</strong></span> <span class='ocrx_word' id='word_1_638' title='bbox 2866 4672 3169 4720; x_wconf 86' lang='lat' dir='ltr'><strong>summum,</strong></span> <span class='ocrx_word' id='word_1_639' title='bbox 3204 4664 3261 4712; x_wconf 91' lang='lat' dir='ltr'><strong>et</strong></span> <span class='ocrx_word' id='word_1_640' title='bbox 3283 4669 3517 4711; x_wconf 89' lang='lat' dir='ltr'><strong>numero</strong></span> 
     </span>
    </p>
   </div>
   <div class='ocr_carea' id='block_1_101' title="bbox 1913 4746 3519 4825">
    <p class='ocr_par' dir='ltr' id='par_1_101' title="bbox 1913 4746 3519 4825">
     <span class='ocr_line' id='line_1_101' title="bbox 1913 4746 3519 4825; baseline -0.005 -14"><span class='ocrx_word' id='word_1_641' title='bbox 1913 4753 2172 4825; x_wconf 85' lang='lat' dir='ltr'><strong>superius</strong></span> <span class='ocrx_word' id='word_1_642' title='bbox 2203 4752 2348 4808; x_wconf 89' lang='lat' dir='ltr'><strong>scire</strong></span> <span class='ocrx_word' id='word_1_643' title='bbox 2378 4751 2602 4815; x_wconf 70' lang='lat' dir='ltr'><strong>cmlum.</strong></span> <span class='ocrx_word' id='word_1_644' title='bbox 2629 4764 2756 4805; x_wconf 90' lang='lat' dir='ltr'><strong>cum</strong></span> <span class='ocrx_word' id='word_1_645' title='bbox 2799 4765 2872 4823; x_wconf 85' lang='lat' dir='ltr'><strong>ne</strong></span> <span class='ocrx_word' id='word_1_646' title='bbox 2915 4748 2970 4805; x_wconf 90' lang='lat' dir='ltr'><strong>id</strong></span> <span class='ocrx_word' id='word_1_647' title='bbox 3012 4746 3237 4820; x_wconf 87' lang='lat' dir='ltr'><strong>quidem</strong></span> <span class='ocrx_word' id='word_1_648' title='bbox 3262 4746 3409 4819; x_wconf 90' lang='lat' dir='ltr'><strong>quod</strong></span> <span class='ocrx_word' id='word_1_649' title='bbox 3430 4754 3519 4803; x_wconf 79' lang='lat' dir='ltr'><strong>est</strong></span> 
     </span>
    </p>
   </div>
   <div class='ocr_carea' id='block_1_102' title="bbox 1912 4840 3519 4916">
    <p class='ocr_par' dir='ltr' id='par_1_102' title="bbox 1912 4840 3519 4916">
     <span class='ocr_line' id='line_1_102' title="bbox 1912 4840 3519 4916; baseline -0.004 -15"><span class='ocrx_word' id='word_1_650' title='bbox 1912 4854 2041 4903; x_wconf 87' lang='lat' dir='ltr'><strong>ante</strong></span> <span class='ocrx_word' id='word_1_651' title='bbox 2067 4854 2123 4902; x_wconf 93' lang='lat' dir='ltr'><strong>et</strong></span> <span class='ocrx_word' id='word_1_652' title='bbox 2150 4860 2317 4915; x_wconf 86' lang='lat' dir='ltr'><strong>super</strong></span> <span class='ocrx_word' id='word_1_653' title='bbox 2343 4844 2525 4916; x_wconf 85' lang='lat' dir='ltr'><strong>capita</strong></span> <span class='ocrx_word' id='word_1_654' title='bbox 2556 4850 2771 4906; x_wconf 81' lang='lat' dir='ltr'><strong>nostra,</strong></span> <span class='ocrx_word' id='word_1_655' title='bbox 2806 4840 3183 4899; x_wconf 86' lang='lat' dir='ltr'><strong>conscendere</strong></span> <span class='ocrx_word' id='word_1_656' title='bbox 3215 4848 3398 4895; x_wconf 84' lang='lat' dir='ltr'><strong>mente</strong></span> <span class='ocrx_word' id='word_1_657' title='bbox 3421 4854 3519 4895; x_wconf 77' lang='lat' dir='ltr'><strong>ve-</strong></span> 
     </span>
    </p>
   </div>
   <div class='ocr_carea' id='block_1_103' title="bbox 1912 4929 3514 5009">
    <p class='ocr_par' dir='ltr' id='par_1_103' title="bbox 1912 4929 3514 5009">
     <span class='ocr_line' id='line_1_103' title="bbox 1912 4929 3514 5009; baseline -0.006 -14"><span class='ocrx_word' id='word_1_658' title='bbox 1912 4939 2101 5004; x_wconf 88' lang='lat' dir='ltr'><strong>limus,</strong></span> <span class='ocrx_word' id='word_1_659' title='bbox 2131 4936 2359 5009; x_wconf 68' lang='lat' dir='ltr'><strong>materie</strong></span> <span class='ocrx_word' id='word_1_660' title='bbox 2387 4950 2578 4992; x_wconf 84' lang='lat' dir='ltr'><strong>crassa</strong></span> <span class='ocrx_word' id='word_1_661' title='bbox 2609 4934 2817 5006; x_wconf 78' lang='lat' dir='ltr'><strong>gravati</strong></span> <span class='ocrx_word' id='word_1_662' title='bbox 2850 4941 2906 4990; x_wconf 89' lang='lat' dir='ltr'><strong>et</strong></span> <span class='ocrx_word' id='word_1_663' title='bbox 2927 4933 3239 4997; x_wconf 77' lang='lat' dir='ltr'><strong>affectibus,</strong></span> <span class='ocrx_word' id='word_1_664' title='bbox 3274 4930 3327 4987; x_wconf 89' lang='lat' dir='ltr'><strong>id</strong></span> <span class='ocrx_word' id='word_1_665' title='bbox 3364 4929 3514 5001; x_wconf 88' lang='lat' dir='ltr'><strong>quod</strong></span> 
     </span>
    </p>
   </div>
   <div class='ocr_carea' id='block_1_104' title="bbox 1912 5020 3519 5098">
    <p class='ocr_par' dir='ltr' id='par_1_104' title="bbox 1912 5020 3519 5098">
     <span class='ocr_line' id='line_1_104' title="bbox 1912 5020 3519 5098; baseline -0.006 -13"><span class='ocrx_word' id='word_1_666' title='bbox 1912 5037 2097 5085; x_wconf 87' lang='lat' dir='ltr'><strong>mente</strong></span> <span class='ocrx_word' id='word_1_667' title='bbox 2133 5027 2342 5098; x_wconf 87' lang='lat' dir='ltr'><strong>percipi</strong></span> <span class='ocrx_word' id='word_1_668' title='bbox 2389 5033 2590 5097; x_wconf 87' lang='lat' dir='ltr'><strong>potest,</strong></span> <span class='ocrx_word' id='word_1_669' title='bbox 2639 5026 3029 5093; x_wconf 86' lang='lat' dir='ltr'><strong>obscurantes,</strong></span> <span class='ocrx_word' id='word_1_670' title='bbox 3072 5020 3432 5079; x_wconf 80' lang='lat' dir='ltr'><strong>inferioribus</strong></span> <span class='ocrx_word' id='word_1_671' title='bbox 3460 5029 3519 5077; x_wconf 91' lang='lat' dir='ltr'><strong>et</strong></span> 
     </span>
    </p>
   </div>
   <div class='ocr_carea' id='block_1_105' title="bbox 1850 5120 2886 5193">
    <p class='ocr_par' dir='ltr' id='par_1_105' title="bbox 1850 5120 2886 5193">
     <span class='ocr_line' id='line_1_105' title="bbox 1850 5120 2886 5193; baseline -0.006 -14"><span class='ocrx_word' id='word_1_672' title='bbox 1850 5138 1851 5141; x_wconf 72' lang='lat'>‘</span> <span class='ocrx_word' id='word_1_673' title='bbox 1913 5122 2065 5179; x_wconf 85' lang='lat' dir='ltr'><strong>humi</strong></span> <span class='ocrx_word' id='word_1_674' title='bbox 2093 5120 2293 5193; x_wconf 89' lang='lat' dir='ltr'><strong>positis</strong></span> <span class='ocrx_word' id='word_1_675' title='bbox 2320 5134 2542 5191; x_wconf 86' lang='lat' dir='ltr'><strong>semper</strong></span> <span class='ocrx_word' id='word_1_676' title='bbox 2573 5120 2886 5176; x_wconf 76' lang='lat' dir='ltr'><strong>inhiantes?</strong></span> 
     </span>
    </p>
   </div>
   <div class='ocr_carea' id='block_1_106' title="bbox 2364 5222 3067 5281">
    <p class='ocr_par' dir='ltr' id='par_1_106' title="bbox 2364 5222 3067 5281">
     <span class='ocr_line' id='line_1_106' title="bbox 2364 5222 3067 5281; baseline 0.001 -1"><span class='ocrx_word' id='word_1_677' title='bbox 2364 5222 2889 5281; x_wconf 69' lang='lat' dir='ltr'><strong>INTER‘ROGATIO</strong></span> <span class='ocrx_word' id='word_1_678' title='bbox 2925 5223 3067 5281; x_wconf 82' lang='lat' dir='ltr'><strong>XCI.</strong></span> 
     </span>
    </p>
   </div>
   <div class='ocr_carea' id='block_1_107' title="bbox 1986 5315 3517 5391">
    <p class='ocr_par' dir='ltr' id='par_1_107' title="bbox 1986 5315 3517 5391">
     <span class='ocr_line' id='line_1_107' title="bbox 1986 5315 3517 5391; baseline -0.003 -14"><span class='ocrx_word' id='word_1_679' title='bbox 1986 5319 2131 5390; x_wconf 89' lang='lat' dir='ltr'><strong>Quid</strong></span> <span class='ocrx_word' id='word_1_680' title='bbox 2158 5318 2365 5391; x_wconf 86' lang='lat' dir='ltr'><strong>igitur?</strong></span> <span class='ocrx_word' id='word_1_681' title='bbox 2395 5332 2528 5373; x_wconf 82' lang='lat' dir='ltr'><strong>num</strong></span> <span class='ocrx_word' id='word_1_682' title='bbox 2555 5316 2705 5373; x_wconf 90' lang='lat' dir='ltr'><strong>aliud</strong></span> <span class='ocrx_word' id='word_1_683' title='bbox 2729 5315 3039 5374; x_wconf 82' lang='lat' dir='ltr'><strong>secundum</strong></span> <span class='ocrx_word' id='word_1_684' title='bbox 3073 5325 3329 5373; x_wconf 85' lang='lat' dir='ltr'><strong>naturam</strong></span> <span class='ocrx_word' id='word_1_685' title='bbox 3351 5324 3517 5389; x_wconf 86' lang='lat' dir='ltr'><strong>putas</strong></span> 
     </span>
    </p>
   </div>
   <div class='ocr_carea' id='block_1_108' title="bbox 1915 5408 3515 5483">
    <p class='ocr_par' dir='ltr' id='par_1_108' title="bbox 1915 5408 3515 5483">
     <span class='ocr_line' id='line_1_108' title="bbox 1915 5408 3515 5483; baseline -0.003 -15"><span class='ocrx_word' id='word_1_686' title='bbox 1915 5414 1969 5469; x_wconf 82' lang='lat' dir='ltr'><strong>id</strong></span> <span class='ocrx_word' id='word_1_687' title='bbox 2003 5411 2152 5483; x_wconf 87' lang='lat' dir='ltr'><strong>quod</strong></span> <span class='ocrx_word' id='word_1_688' title='bbox 2186 5424 2354 5481; x_wconf 87' lang='lat' dir='ltr'><strong>supra</strong></span> <span class='ocrx_word' id='word_1_689' title='bbox 2384 5410 2630 5483; x_wconf 82' lang='lat' dir='ltr'><strong>positum</strong></span> <span class='ocrx_word' id='word_1_690' title='bbox 2669 5415 2778 5473; x_wconf 88' lang='lat' dir='ltr'><strong>est,</strong></span> <span class='ocrx_word' id='word_1_691' title='bbox 2828 5408 2902 5464; x_wconf 88' lang='lat' dir='ltr'><strong>ab</strong></span> <span class='ocrx_word' id='word_1_692' title='bbox 2938 5423 3006 5464; x_wconf 87' lang='lat' dir='ltr'><strong>eo</strong></span> <span class='ocrx_word' id='word_1_693' title='bbox 3040 5409 3190 5480; x_wconf 88' lang='lat' dir='ltr'><strong>quod</strong></span> <span class='ocrx_word' id='word_1_694' title='bbox 3210 5410 3515 5475; x_wconf 85' lang='lat' dir='ltr'><strong>cernimus,</strong></span> 
     </span>
    </p>
   </div>
   <div class='ocr_carea' id='block_1_109' title="bbox 1915 5499 2718 5563">
    <p class='ocr_par' dir='ltr' id='par_1_109' title="bbox 1915 5499 2718 5563">
     <span class='ocr_line' id='line_1_109' title="bbox 1915 5499 2718 5563; baseline -0.009 -3"><span class='ocrx_word' id='word_1_695' title='bbox 1915 5512 1970 5563; x_wconf 88' lang='lat' dir='ltr'><strong>et</strong></span> <span class='ocrx_word' id='word_1_696' title='bbox 1999 5503 2406 5558; x_wconf 79' lang='lat' dir='ltr'><strong>ﬁrmamentum</strong></span> <span class='ocrx_word' id='word_1_697' title='bbox 2440 5499 2718 5555; x_wconf 78' lang='lat' dir='ltr'><strong>dicimus?</strong></span> 
     </span>
    </p>
   </div>
   <div class='ocr_carea' id='block_1_110' title="bbox 2558 5590 2871 5661">
    <p class='ocr_par' dir='ltr' id='par_1_110' title="bbox 2558 5590 2871 5661">
     <span class='ocr_line' id='line_1_110' title="bbox 2558 5590 2871 5661; baseline 0 -16"><span class='ocrx_word' id='word_1_698' title='bbox 2558 5590 2871 5661; x_wconf 61' lang='lat' dir='ltr'><strong>Responsio.</strong></span> 
     </span>
    </p>
   </div>
   <div class='ocr_carea' id='block_1_111' title="bbox 1994 5678 3512 5752">
    <p class='ocr_par' dir='ltr' id='par_1_111' title="bbox 1994 5678 3512 5752">
     <span class='ocr_line' id='line_1_111' title="bbox 1994 5678 3512 5752; baseline -0.005 -11"><span class='ocrx_word' id='word_1_699' title='bbox 1994 5684 2315 5742; x_wconf 84' lang='lat' dir='ltr'><strong>Subtilioris</strong></span> <span class='ocrx_word' id='word_1_700' title='bbox 2346 5684 2437 5739; x_wconf 87' lang='lat' dir='ltr'><strong>illa</strong></span> <span class='ocrx_word' id='word_1_701' title='bbox 2471 5697 2597 5739; x_wconf 83' lang='lat' dir='ltr'><strong>esse</strong></span> <span class='ocrx_word' id='word_1_702' title='bbox 2634 5681 2981 5741; x_wconf 27' lang='lat' dir='ltr'><strong>substantia.</strong></span> <span class='ocrx_word' id='word_1_703' title='bbox 3004 5679 3133 5737; x_wconf 82' lang='lat' dir='ltr'><strong>dico</strong></span> <span class='ocrx_word' id='word_1_704' title='bbox 3168 5681 3240 5736; x_wconf 87' lang='lat' dir='ltr'><strong>ab</strong></span> <span class='ocrx_word' id='word_1_705' title='bbox 3265 5695 3333 5736; x_wconf 88' lang='lat' dir='ltr'><strong>eo</strong></span> <span class='ocrx_word' id='word_1_706' title='bbox 3364 5678 3512 5752; x_wconf 88' lang='lat' dir='ltr'><strong>quoi</strong></span> 
     </span>
    </p>
   </div>
   <div class='ocr_carea' id='block_1_112' title="bbox 1922 5770 3515 5845">
    <p class='ocr_par' dir='ltr' id='par_1_112' title="bbox 1922 5770 3515 5845">
     <span class='ocr_line' id='line_1_112' title="bbox 1922 5770 3515 5845; baseline -0.004 -11"><span class='ocrx_word' id='word_1_707' title='bbox 1922 5775 2225 5834; x_wconf 86' lang='lat' dir='ltr'><strong>secundum</strong></span> <span class='ocrx_word' id='word_1_708' title='bbox 2263 5781 2369 5837; x_wconf 87' lang='lat' dir='ltr'><strong>est,</strong></span> <span class='ocrx_word' id='word_1_709' title='bbox 2404 5783 2665 5844; x_wconf 75' lang='lat' dir='ltr'><strong>tanquam</strong></span> <span class='ocrx_word' id='word_1_710' title='bbox 2688 5774 2979 5845; x_wconf 81' lang='lat' dir='ltr'><strong>superiora</strong></span> <span class='ocrx_word' id='word_1_711' title='bbox 3013 5779 3069 5828; x_wconf 89' lang='lat' dir='ltr'><strong>et</strong></span> <span class='ocrx_word' id='word_1_712' title='bbox 3103 5771 3311 5828; x_wconf 89' lang='lat' dir='ltr'><strong>leviora</strong></span> <span class='ocrx_word' id='word_1_713' title='bbox 3363 5770 3515 5828; x_wconf 81' lang='lat' dir='ltr'><strong>velut</strong></span> 
     </span>
    </p>
   </div>
   <div class='ocr_carea' id='block_1_113' title="bbox 293 5911 2449 5984">
    <p class='ocr_par' dir='ltr' id='par_1_113' title="bbox 293 5911 2449 5984">
     <span class='ocr_line' id='line_1_113' title="bbox 293 5911 2449 5984; baseline -0.002 -12"><span class='ocrx_word' id='word_1_714' title='bbox 293 5914 345 5948; x_wconf 70' lang='grc' dir='ltr'><em>υ</em></span> <span class='ocrx_word' id='word_1_715' title='bbox 376 5913 514 5972; x_wconf 80' lang='lat' dir='ltr'><strong>Gen.</strong></span> <span class='ocrx_word' id='word_1_716' title='bbox 550 5931 586 5981; x_wconf 81' lang='grc' dir='ltr'><strong>ι,</strong></span> <span class='ocrx_word' id='word_1_717' title='bbox 623 5914 671 5970; x_wconf 82' lang='grc'><strong>1.</strong></span> <span class='ocrx_word' id='word_1_718' title='bbox 755 5914 801 5945; x_wconf 62' lang='grc' dir='ltr'><strong>δ’</strong></span> <span class='ocrx_word' id='word_1_719' title='bbox 842 5911 885 5969; x_wconf 90' lang='lat' dir='ltr'><strong>ll</strong></span> <span class='ocrx_word' id='word_1_720' title='bbox 918 5912 1041 5971; x_wconf 83' lang='lat' dir='ltr'><strong>Cor.</strong></span> <span class='ocrx_word' id='word_1_721' title='bbox 1069 5929 1171 5983; x_wconf 74' lang='lat' dir='ltr'><strong>xu,</strong></span> <span class='ocrx_word' id='word_1_722' title='bbox 1198 5913 1254 5969; x_wconf 77' lang='lat'><strong>2.</strong></span> <span class='ocrx_word' id='word_1_723' title='bbox 1333 5917 1377 5950; x_wconf 82' lang='lat'><strong>&#39;°</strong></span> <span class='ocrx_word' id='word_1_724' title='bbox 1417 5913 1562 5974; x_wconf 82' lang='lat' dir='ltr'><strong>Psal.</strong></span> <span class='ocrx_word' id='word_1_725' title='bbox 1601 5931 1827 5984; x_wconf 73' lang='lat' dir='ltr'><strong>cxuni,</strong></span> <span class='ocrx_word' id='word_1_726' title='bbox 1861 5918 1911 5973; x_wconf 85' lang='lat' dir='ltr'><strong>I.</strong></span> <span class='ocrx_word' id='word_1_727' title='bbox 1991 5918 2033 5950; x_wconf 85' lang='grc'><strong>¹¹</strong></span> <span class='ocrx_word' id='word_1_728' title='bbox 2076 5914 2211 5971; x_wconf 77' lang='lat' dir='ltr'><strong>Dan.</strong></span> <span class='ocrx_word' id='word_1_729' title='bbox 2244 5929 2325 5980; x_wconf 76' lang='grc' dir='ltr'><strong>ιιι,</strong></span> <span class='ocrx_word' id='word_1_730' title='bbox 2365 5912 2449 5968; x_wconf 68' lang='grc'><strong>59.</strong></span> 
     </span>
    </p>
   </div>
  </div>
