4032 6312
243 416 358 472 ’9ὅ7

253 530 369 586 ἀλλ’
396 528 633 600 ἔπεδὲοη
678 531 850 601 αὐτῆς
892 532 924 602 ἡ
955 533 1186 600 οὐδενία,
1217 534 1312 588 τοῦ
1349 535 1692 606 Σολομῶντος
1731 537 1852 590 ἐπισ-

259 623 557 690 εοήσαντος
579 638 594 651 ³
654 622 1031 698 Ὑψηλότερά
1057 640 1174 680 σου
1204 626 1292 696 μὴ
1320 626 1495 694 ζήτει,
1542 627 1640 681 καί
1666 629 1859 693 ﬁam}-

259 712 399 785 τε·ρὰ
435 729 570 768 ,σου
610 714 701 784 μὴ
751 713 1002 780 ἐξέταζε.
1055 719 1122 770 Ἃ
1153 720 1464 790 προσετάγη
1510 737 1636 782 σοι,
1681 720 1858 774 ταῦτα

255 805 494 870 διανοοῦ,
529 807 808 861 πιστεύων
831 807 931 879 τὴν
971 813 1297 882 συνεκτικὴν
1335 811 1430 866 τοῦ
1467 813 1665 876 παντὸς
1707 813 1857 867 θείαν

258 898 453 970 ῥώμην
480 900 664 953 πάντα
693 900 1024 970 διακρατεῖν,
1047 899 1384 966 καὶ-σώζειν,
1403 903 1501 955 καὶ
1523 904 1611 957 διὰ
1635 904 1857 958 πάντων

257 989 434 1060 ἣκειν,
467 992 566 1045 καὶ
595 989 953 1060 πρυτανεύειν
982 990 1050 1043 τὰ
1075 990 1392 1062 σύμπαντα.

859 1273 1110 1329 ΠΕγΣιΣ
1144 1273 1261 1342 at”.

325 1384 502 1440 Πόθεν
531 1386 786 1456 ἐγένοντο
812 1387 862 1439 οἱ
887 1385 1178 1456 φωστῆρες
1212 1385 1364 1456 ἥλιος
1407 1386 1504 1439 καὶ
1533 1386 1732 1457 σελήνη
1761 1385 1856 1440 καὶ

253 1478 282 1528 ὁ
309 1477 419 1530 τῶν
447 1477 670 1547 ἄστρων
692 1476 884 1548 χορός;
915 1477 997 1530 ὅτι
1028 1478 1127 1548 μὲν
1150 1477 1286 1532 Θεοῦ
1307 1477 1368 1530 τὸ
1394 1476 1574 1548 ἔργον,
1605 1477 1850 1548 οἴδαμεν,

252 1568 393 1624 ἀλλὰ
415 1569 518 1639 τὴν
540 1568 728 1622 οὐσίαν
751 1568 1135 1638 ἐπιζητοῦμεν.

896 1664 1248 1726 Λπόκρισις.

339 1752 433 1807 Ἐκ
460 1751 558 1806 τοῦ
585 1754 933 1824 πρωτογόνου
963 1754 1141 1822 φωτὸς
1170 1755 1319 1808 δοκεῖ
1361 1772 1450 1826 μοι
1479 1755 1607 1818 τοὺς
1635 1755 1854 1826 φωστῆο

253 1860 354 1912 ρας
391 1843 683 1914 ὑπάρχειν.
737 1844 848 1916 Τὴν
874 1843 984 1915 γὰρ
1017 1843 1148 1913 ὓλην
1174 1844 1269 1896 τοῦ
1311 1844 1489 1914 φωτὸς
1531 1845 1795 1916 παράγων
1825 1845 1854 1898 ὁ

249 1933 385 1997 Θεὸς
410 1975 425 1996 ,
481 1936 618 2006 φησί
646 1951 661 1966 ⁸
719 1936 1045 2003 Γενηθήτω
1088 1932 1234 2004 φῶς.
1279 1936 1379 1990 καὶ
1419 1936 1662 2006 ἐγένετο
1701 1935 1850 2006 φῶς.

252 2024 706 2089 Μετασκευάζων
725 2027 781 2080 δὲ
802 2026 939 2098 πρὸς
961 2027 1058 2090 τὰς
1077 2027 1372 2100 διαφόρους
1391 2026 1544 2097 δψεις
1570 2034 1670 2098 τὴν
1696 2027 1850 2100 ὓλην,

250 2117 388 2188 φησί
407 2133 421 2146 °
452 2117 896 2186 Γενηθήτωσαν
915 2119 1251 2190 φωστῆρες.
1282 2120 1370 2183 Ὠς
1391 2121 1444 2174 εί
1473 2138 1555 2186 τις
1586 2123 1852 2194 πρότερον

250 2207 554 2280 προϐάλλοι
595 2208 689 2266 τοῦ
733 2211 963 2284 χρυσίου
999 2211 1210 2280 μάζαν,
1255 2209 1464 2282 ταύτην
1492 2213 1549 2265 δὲ
1581 2214 1662 2276 είς
1695 2211 1850 2282 νομί-

251 2316 437 2369 σματα
459 2299 822 2370 κερματὼας,
842 2298 937 2354 δύο
962 2299 1254 2372 ὑπερέχειν
1276 2301 1354 2372 τῷ
1380 2301 1600 2371 μεγέθει
1625 2302 1848 2374 ποιήσῃ,

249 2389 345 2442 καὶ
388 2389 484 2442 ἐπὶ
531 2389 720 2442 δίσκου
753 2389 1147 2460 παμμεγέθους
1193 2390 1600 2465 κατακολλήσῃ,
1646 2393 1742 2447 καὶ
1781 2397 1847 2466 τῇ

248 2481 422 2551 ὀροφῇ
456 2480 558 2551 τῆς
589 2481 776 2543 οίκίας
814 2483 1127 2554 ὺπαρτήσῃ,
1158 2483 1378 2554 τέρπων
1423 2485 1523 2554 μὲν
1560 2484 1660 2548 τὰς
1699 2485 1852 2555 ὄψεις

245 2572 360 2625 τῶν
407 2571 804 2644 ἱστορούντων,
854 2572 1160 2638 ἀθανάτους
1188 2575 1242 2628 δὲ
1292 2575 1465 2630 ποιῶν
1489 2575 1590 2641 τὰς
1625 2577 1850 2647 μνήμας

248 2665 350 2734 τῆς
403 2664 557 2734 σφῶν
605 2663 920 2734 ἀγχινοίαςο
982 2666 1172 2738 πόρρω
1215 2666 1273 2720 δὲ
1317 2666 1411 2720 τοῦ
1469 2668 1850 2740 περεώματος

243 2755 486 2826 ποιήσας
515 2756 738 2821 αὐτοὺς,
775 2756 899 2810 τότε
928 2757 1206 2832 ὑπέθηκεν
1233 2761 1403 2830 αὐτῷ.
1441 2761 1580 2831 Φησὶ
1608 2761 1718 2832 γὰρ
1753 2761 1851 2815 αὐ-

244 2847 339 2911 τὸς
387 2850 417 2900 ό
459 2847 570 2901 τῶν
601 2847 764 2902 θείων
815 2850 1058 2920 Μωσῆς·
1120 2851 1230 2906 Kal
1278 2852 1572 2920 ἐποίησεν
1613 2855 1646 2906 ό
1702 2852 1850 2917 Θεὸς

243 2939 391 3006 τοὺς
430 2925 544 2993 δῦο
569 2926 894 3012 φωστῆρας
922 2942 1064 3008 τοὺς
1085 2940 1412 3012 μεγάλους.
1455 2941 1724 2996 Ἐνταῦθά
1757 2961 1847 3014 μοι

245 3030 420 3102 πῆξον
463 3031 563 3103 τὴν
611 3031 801 3105 ἀκοὴν,
839 3033 1160 3104 ἁξιὰγαστε.
1211 3034 1298 3087 Ἐν
1333 3032 1444 3105 γὰρ
1476 3037 1543 3105 τῇ
1591 3034 1737 3099 λέξει
1787 3034 1849 3088 τὸ

245 3122 420 3192 σαφὲς
469 3112 809 3196 παραστήσω
865 3127 965 3197 τῆς
1023 3126 1150 3191 ἔξω
1177 3125 1274 3180 τοῦ
1303 3123 1688 3197 περεὼματος
1739 3128 1848 3183 τῶν

246 3210 556 3286 φωστήρων
583 3205 887 3285 γενέσεως·
916 3218 1054 3289 φησι
1080 3226 1190 3289 γὰρ
1221 3217 1430 3288 Μωσῆς
1456 3235 1471 3248 ·
1523 3218 1634 3273 Kal
1681 3217 1850 3292 ἔθετο

243 3303 469 3370 αὐτοὺς
500 3305 574 3358 ἐν
602 3303 686 3370 τῷ
712 3304 950 3374 οὐρανῷ
982 3324 996 3338 ο
1051 3305 1229 3378 δηλῶν
1276 3308 1465 3374 κάτω,
1515 3308 1547 3380 ἢ
1590 3308 1694 3374 ἔξω
1746 3309 1850 3379 τῆς
1902 3375 1904 3377 ,

243 3395 452 3466 ὀροφῆς
485 3395 630 3460 τοὺς
649 3396 888 3462 πίνακας
919 3399 1102 3453 αὐτῶν
1129 3400 1360 3470 γράφων
1378 3417 1392 3432 ·
1426 3399 1520 3454 καὶ
1546 3396 1647 3454 εἷθ’
1675 3400 1848 3467 οὕτως

245 3487 598 3543 ὑποτίθενται
623 3483 828 3560 ,αὒτῷ.’

846 3582 1098 3636 HETle
1136 3586 1249 3650 tau

331 3691 500 3763 Ὁμοῦ
547 3694 675 3758 τοὺς
722 3693 816 3748 δύο
863 3694 1169 3768 ἔπηξεν,ἢ
1219 3695 1462 3769 ἀλλήλων
1507 3698 1705 3764 αὐτοὺς
1736 3699 1848 3754 διέ-

248 3801 458 3857 στησεν
482 3801 499 3852 ς

794 3882 795 3885 “
855 3877 931 3932 "A
940 3879 1237 3946 πόχρισις.

317 3982 433 4038 Καὶ
469 3983 605 4054 μετά
637 3981 742 4055 τὴν
768 3984 870 4063 τῆς
897 3987 1003 4056 γῆς
1037 3985 1404 4058 διακόσμησιν
1431 3991 1459 4042 ὁ
1487 3988 1638 4060 ἣλιος
1665 3989 1847 4059 παρὴο

240 4077 376 4150 χθη,
405 4077 491 4130 ἵνα
524 4077 601 4149 μὴ
641 4066 822 4147 φωτὸς
873 4065 1314 4150 ἀρχηγὺναὺτόν
1340 4098 1486 4145 τινες
1513 4081 1846 4152 όνομὰσωσι,

242 4170 389 4239 μήτε
411 4168 520 4223 τῶν
548 4171 614 4223 ὲκ
647 4169 752 4238 γῆς
785 4157 1073 4240 φυομένων
1103 4171 1456 4243 δημιουργόν.
1489 4172 1717 4244 Πρῶτον
1749 4174 1849 4244 μὲν

238 4263 358 4332 γὰρ
388 4261 482 4316 τοῦ
518 4260 695 4330 φωτὸς
722 4263 756 4331 ἡ
781 4260 949 4331 φύσις
983 4263 1242 4336 παρήχθη
1263 4280 1279 4294 -
1317 4267 1382 4336 τῇ
1414 4264 1455 4317 δ’
1484 4263 1538 4318 δὲ
1571 4265 1756 4338 ἡμέρᾳ
1783 4265 1846 4319 τὸ

238 4354 474 4426 ἡλιακὸν
518 4353 614 4407 τοῦ
663 4353 915 4428 σώματος
961 4355 1146 4425 ὄχημα
1195 4352 1336 4408 εἶναι
1385 4354 1464 4428 τῷ
1514 4357 1844 4428 πρωτογόνῳ

240 4444 392 4512 φωτὶ
422 4427 887 4513 παρεσκεύασται.
912 4443 1116 4516 ’ὥσπερ
1149 4460 1232 4508 τις
1265 4445 1458 4516 λύχνος
1483 4445 1571 4499 διὰ
1597 4427 1846 4518 ἐπιτεθη-

239 4538 479 4608 σὸμενον
499 4535 649 4606 αὐτῷ
674 4535 807 4608 πῦρ.
837 4535 1050 4608 Ὠσπερ
1076 4529 1136 4590 δὲ
1165 4535 1351 4610 ἕτερον
1377 4538 1476 4609 μὲν
1501 4541 1535 4610 ἡ
1557 4539 1842 4611 λευκότης,

237 4631 440 4700 ἕτερον
464 4627 523 4681 δὲ
550 4627 609 4682 τὸ
641 4615 1078 4700 λελευκασμένον
1107 4628 1280 4701 ’σῶμα
1299 4642 1316 4659 ⁸
1362 4628 1509 4683 οὕτω
1542 4632 1638 4684 καὶ
1669 4631 1847 4684 ταῦτα

237 4722 483 4790 διάφορα
510 4717 642 4774 ὅντα
672 4717 934 4791 ήνωνταις
967 4720 1458 4796 ειηκαιάδιαίρετὰ
1496 4723 1657 4777 εἰσιν.
1706 4722 1846 4775 Ἀλλ’

239 4813 412 4864 ianva
445 4811 577 4881 ἡμῖν
603 4811 670 4882 τῇ
710 4810 925 4881 ἐπινοίᾳ
959 4812 1072 4886 ,εἰσὶ
1092 4806 1346 4884 ’χωριστὰ
1372 4853 1388 4874 .
1443 4811 1616 4866 ταῦτα
1655 4815 1721 4882 τῇ
1757 4815 1847 4866 ἐν·

238 4901 446 4972 εργείᾳ
465 4899 762 4956 διίστανται
793 4904 859 4974 τῇ
889 4891 1119 4972 δυνάμει
1149 4894 1243 4955 τοῦ
1267 4903 1595 4974 ποιήσαντος
1619 4919 1632 4933 ·
1668 4904 1726 4969 ὃς
1753 4904 1847 4957 καὶ

238 4986 352 5055 τὴν
396 4985 696 5057 καυστικὴν
734 4981 966 5055 δύναμιν
1005 4983 1098 5041 τοῦ
1132 4978 1304 5060 πυρὸς
1331 4988 1439 5044 ἀπὸ
1467 4993 1566 5062 τῆς
1592 4992 1846 5063 λαμπρό-

235 5090 414 5146 τητος
438 5074 774 5147 διεχώρισεν,
799 5074 889 5140 ὡς
931 5079 989 5129 ἂν
1029 5078 1100 5148 τῇ
1130 5075 1277 5148 βάτῳ
1315 5078 1413 5130 καὶ
1442 5079 1500 5132 ὲν
1527 5080 1595 5148 τῇ
1626 5078 1847 5149 καμίνῳ

238 5167 360 5223 τῶν
383 5167 551 5239 τριῶν
575 5163 783 5232 παίδων
805 5164 920 5223 οἷόν
943 5153 998 5223 ξι
1030 5169 1322 5241 ἀκούομεν,
1355 5173 1448 5225 καὶ
1471 5173 1534 5225 τὸ
1563 5174 1621 5228 ἐν
1649 5177 1715 5244 τῇ
1751 5193 1847 5243 φο-

238 5261 389 5334 ϐερᾷ
411 5261 589 5331 κρίσει
618 5260 733 5333 πῦρ
758 5262 888 5326 τοὺς
906 5253 1150 5326 δικαίους
1174 5261 1431 5334 φωτίζον,
1458 5265 1556 5317 καὶ
1577 5264 1846 5338 πιμπρῶν

237 5352 378 5414 τοὺς
403 5351 788 5423 ἁμαρτωλοὺς,
812 5352 888 5415 ὡς
915 5355 1184 5425 μαρτυρεῖ
1203 5351 1367 5407 Δαὸίδ
1385 5369 1400 5385 ³
1428 5353 1604 5423 Φωνὴ
1620 5356 1846 5424 Κυρίου

237 5443 683 5509 διακόπτοντος
709 5445 909 5513 φλόγα
951 5445 1160 5514 πυρός.
1218 5445 1314 5498 Ἐκ
1355 5445 1414 5499 δὲ
1449 5445 1558 5500 τῶν
1590 5448 1722 5519 περὶ
1753 5464 1845 5502 σε-

241 5535 418 5604 λήνην
447 5533 636 5588 παθῶν
666 5535 774 5588 τῶν
811 5534 1161 5606 ζητουμένων
1204 5535 1510 5608 κατάληψις
1540 5554 1552 5568 ·
1603 5537 1846 5610 λήγουσα

239 5627 380 5694 γὰρ,
413 5625 474 5677 οὐ
500 5623 580 5695 τῷ
615 5626 783 5678 παντὶ
810 5627 983 5696 αὐτῆς
1014 5627 1228 5698 σώματι
1256 5626 1731 5695 δαπανᾶται,ὰλλὰ
1764 5631 1843 5702 τῷ

243 5715 634 5788 περικείμενον
669 5717 785 5785 φῶς
817 5703 1238 5789 ἀποτιθεμένηνς
1276 5721 1369 5774 καὶ
1400 5720 1841 5793 προσλαμϐάνειν

1702 423 2051 483 DIALOGUS
2082 429 2121 483 l.

3444 436 3551 494 938

1962 542 2213 599 inventas
2249 545 2407 602 sedes
2439 547 2578 602 imas
2612 557 2665 602 et
2703 546 2865 604 bases
2889 547 3118 619 insuper
3161 549 3298 606 alias
3329 555 3556 622 CICOgi~

1962 639 2108 694 tans,
2141 633 2285 687 ultra
2325 649 2465 704 quas
2514 635 2660 706 quod
2708 644 2999 691 succurrat
3034 637 3172 690 nihil
3211 646 3335 704 est;
3389 637 3551 693 Solo-

1961 738 2124 780 mone
2154 726 2503 792 inclamante,
2541 727 2872 783 Sublimiora
2912 739 2962 782 te
2991 745 3054 782 ne
3086 745 3320 800 quivi-ar,
3353 737 3402 783 et
3428 746 3555 798 pro-

1959 816 2214 884 fundiore
2240 828 2290 872 te
2319 834 2383 872 ne
2410 821 2665 874 scruteris
2693 820 2764 870 ⁸⁸.
2792 818 2926 886 Qum
2967 819 3066 874 tibi
3111 819 3368 874 mandata
3400 827 3552 881 sunt,

1960 908 2051 962 illa
2099 909 2304 978 cogita,
2347 910 2578 966 credens
2617 910 3080 968 conservatricem
3131 909 3378 966 universi
3413 910 3553 966 divi-

1961 1014 2085 1054 nam
2117 1001 2418 1071 potentiam
2448 1003 2635 1057 omnia
2673 1011 2988 1058 sustentare
3015 1011 3071 1058 et
3111 1017 3464 1068 conservare,
3498 1011 3554 1057 et

1959 1091 2147 1145 omnia
2196 1099 2506 1162 penetrare,
2566 1093 2633 1149 ad
2687 1093 3106 1164 gubernandum
3174 1093 3232 1148 in
3295 1094 3551 1150 universa

1959 1195 2166 1236 omnia.

2380 1257 2902 1330 lNTERROGATl’O
2938 1273 3121 1332 xcut.

2030 1381 2188 1438 Unde
2223 1382 2366 1439 facta
2395 1393 2527 1440 sunt
2558 1386 2855 1443 luminaria
2889 1378 2972 1443 sol
3005 1397 3062 1443 et
3103 1388 3256 1455 luna,
3285 1396 3339 1444 et
3369 1397 3549 1445 astro—

1957 1490 2080 1530 rum
2110 1476 2330 1533 cmtus?
2351 1476 2510 1543 Quod
2544 1477 2640 1532 Dei
2672 1477 2894 1548 quidem
2926 1479 2997 1533 sit
3017 1478 3298 1550 opificium
3316 1480 3549 1548 scimus,

1959 1567 2054 1622 sed
2092 1567 2161 1624 de
2193 1568 2505 1624 substantia
2541 1571 2866 1640 quaerimus.

2596 1657 2913 1726 Responsio.

2029 1744 2107 1800 Ex
2144 1747 2473 1818 primigenia
2504 1749 2626 1804 luce
2649 1749 2782 1803 mihi
2807 1747 3064 1804 videntur
3089 1749 3386 1822 luminaria
3405 1764 3548 1804 esse.

1956 1836 2093 1892 Nam
2123 1839 2410 1893 materiam
2455 1841 2593 1895 lucis
2625 1840 2940 1910 producens
2971 1840 3138 1902 Deus,
3174 1839 3388 1910 inquit,
3422 1838 3555 1894 Fiat

1958 1931 2072 1995 lux,
2097 1940 2146 1984 et
2172 1931 2319 2000 facta
2350 1941 2429 1986 est
2469 1933 2562 1986 lux
2605 1934 2672 1988 ".
2712 1925 3117 1988 Trahsmntans
3166 1942 3346 1988 autem
3378 1934 3434 1988 in
3457 1948 3552 1988 va-

1955 2023 2068 2078 rias
2098 2024 2311 2093 species
2349 2026 2660 2089 materiam,
2705 2027 2908 2096 inquit,
2953 2026 3120 2082 Fiant
3151 2027 3443 2082 lunzinariu
3481 2028 3548 2080 ⁸ο.

1955 2113 2135 2170 Veluti
2169 2117 2214 2171 si
2243 2116 2369 2186 quis
2390 2116 2629 2187 primum
2666 2125 2882 2188 promat
2924 2134 3166 2174 massam
3207 2119 3350 2180 auri,
3385 2132 3550 2187 quam

1956 2203 2012 2256 in
2041 2204 2373 2260 numismata
2407 2220 2625 2272 secans,
2661 2205 2772 2260 duo
2819 2207 3135 2277 praecellere
3177 2206 3553 2278 magnitudine

1956 2296 2164 2361 faciat,
2186 2307 2240 2352 et
2272 2299 2325 2352 in
2359 2297 2492 2352 orbe
2527 2312 2828 2369 permagno
2875 2299 3201 2369 conjungat,
3239 2297 3555 2368 domusque

1955 2395 2104 2444 tecto
2128 2387 2400 2458 applicet;
2432 2388 2720 2442 obiectans
2757 2387 2978 2458 quidem
3004 2386 3389 2455 aspicient-ium
3425 2400 3552 2440 ocu-

1955 2480 2061 2544 los,
2097 2479 2427 2538 immortalia
2460 2494 2588 2534 vero
2621 2478 2842 2536 faciens
2869 2487 3226 2534 monumenta
3251 2493 3367 2533 sua:
3396 2477 3553 2531 indu-

1955 2571 2148 2640 striae;
2187 2578 2415 2642 ipsaque
2476 2573 2668 2639 procul
2735 2587 2766 2626 a
2825 2572 3182 2640 [ﬁrmamento
3233 2584 3551 2630 removens.

1953 2662 2215 2732 deinceps
2248 2665 2324 2717 illi
2361 2646 2642 2732 subjecitf
2666 2662 2851 2732 lnquit
2893 2662 3041 2716 enim
3081 2661 3198 2730 ipse
3235 2660 3550 2714 divinorum

1954 2763 2248 2807 enarrator
2277 2752 2479 2818 Moses,
2513 2751 2579 2806 Et
2611 2753 2737 2822 [erit
2774 2751 2913 2805 Deus
2945 2751 3238 2804 lmninaria
3262 2764 3459 2818 magna
3480 2747 3548 2801 ".

1955 2839 2056 2904 Hic
2099 2843 2229 2896 mibi
2280 2850 2520 2898 attentas
2561 2857 2726 2898 aures
2781 2841 2981 2912 praebe,
3030 2855 3063 2895 ο
3102 2838 3384 2910 praeclare.
3411 2834 3550 2890 Nam

1954 2946 2021 2984 ex
2055 2929 2171 3000 ipsa
2198 2931 2512 2986 elocutione
2541 2931 2892 2985 manifestum
2933 2927 3158 2993 faciant,
3192 2926 3551 2981 luminarium

1954 3020 2293 3075 creationem
2335 3029 2491 3076 extra
2541 3021 2947 3077 ﬁrmamentum
2994 3036 3140 3076 esse.
3184 3019 3369 3090 inquit
3401 3017 3550 3072 enim

1956 3112 2160 3178 Moses,
2188 3111 2256 3166 Et
2283 3114 2461 3180 posuit
2491 3129 2554 3167 ea
2575 3113 2627 3167 in
2652 3114 2788 3168 -ιωιο
2819 3114 2885 3179 ⁸⁸,
2918 3111 3184 3167 inferiora
3206 3111 3550 3182 significans,

1955 3210 2049 3256 aut
2069 3211 2226 3258 extra
2262 3212 2465 3259 tectum
2498 3206 2661 3260 orbes
2695 3207 2944 3275 ipsorum
2985 3204 3331 3270 describens,
3358 3203 3552 3274 sicque

1953 3291 2154 3348 deinde
2185 3293 2233 3348 ei
2265 3294 2516 3364 subjecta
2547 3310 2692 3351 esse.

2381 3576 2900 3635 INTERROGATIO
2938 3577 3124 3634 XCIV.

2021 3685 2160 3739 Num
2199 3685 2363 3742 simul
2400 3688 2489 3742 illa
2525 3689 2635 3744 duo
2664 3690 3064 3755 constabilivit,
3093 3696 3192 3742 aut
3227 3703 3256 3743 a
3312 3705 3371 3743 se
3409 3688 3550 3743 invi-

1954 3791 2073 3833 ccm
2107 3778 2212 3850 disj
2224 3780 2379 3834 unxit
2403 3780 2427 3833 ?

2176 3870 2180 3874 ”
2595 3868 2906 3940 Responsio.

2027 3975 2204 4032 Etiam
2259 3968 2385 4048 post
2423 3986 2588 4034 terra:
2643 3979 3064 4035 exornationem
3119 3979 3202 4035 sol
3247 3978 3555 4050 productus

1952 4067 2368 4138 est,ne,ipsum
2431 4069 2601 4138 aliqui
2645 4070 2788 4125 lucis
2840 4078 3121 4124 auctorem
3173 4071 3548 4130 nominarent,

1952 4175 2093 4215 neve
2130 4159 2198 4216 de
2219 4167 2375 4215 terra
2402 4176 2404 4178 '
2429 4161 2773 4217 nascentium
2807 4162 3081 4231 Opificem.
3105 4159 3366 4214 .Primum
3400 4161 3549 4214 enim

1954 4249 2097 4306 lucis
2131 4258 2326 4305 natura
2353 4249 2620 4321 producta
2649 4259 2752 4307 est.
2809 4249 3021 4316 Quarto
3054 4265 3182 4305 vero
3218 4250 3307 4319 die
3349 4242 3552 4306 solaris

1952 4333 2209 4412 corporis
2235 4355 2439 4398 currus
2465 4344 2812 4412 primigeniis
2853 4343 2962 4396 luci
2996 4349 3224 4412 paratus
3247 4350 3356 4406 est,
3403 4341 3551 4395 velut

1954 4435 2139 4506 aliqua
2217 4433 2446 4489 lucerna
2523 4441 2750 4504 propter
2805 4433 3130 4503 impositum
3180 4431 3284 4487 sibi
3343 4432 3548 4502 ignem.

1952 4526 2426 4592 Quemadmodum
2479 4533 2664 4581 autem
2714 4524 2866 4579 aliud
2924 4524 3148 4595 quidem
3194 4531 3279 4579 est
3315 4522 3548 4586 ‘albedo,

1951 4620 2099 4674 aliud
2127 4635 2259 4674 vero
2281 4619 2598 4673 dcalbatum
2648 4632 2853 4688 corpus
2887 4635 2900 4671 :
2937 4617 3020 4672 sic
3075 4625 3130 4670 et
3177 4617 3294 4669 inec
3327 4614 3548 4670 diversa

1950 4728 2076 4768 cum
2105 4713 2237 4778 sint,
2270 4711 2423 4764 unita
2451 4717 2601 4774 sunt,
2648 4709 2778 4764 licet
2816 4708 3058 4763 discreta
3089 4708 3220 4763 sint.
3251 4705 3549 4760 Enimvero

1950 4819 2073 4874 quce
2101 4803 2360 4874 opinione
2412 4809 2602 4858 nostra
2666 4809 2798 4857 sunt
2825 4799 3180 4874 separabilia,
3220 4799 3550 4871 operatione

1950 4895 2231 4960 differunt,
2263 4896 2457 4949 virtute
2489 4879 2610 4963 ejus
2651 4894 2746 4963 qui
2789 4891 2941 4948 fecit.
2981 4892 3086 4959 Qui
3115 4899 3169 4949 et
3197 4891 3392 4948 urendi
3434 4892 3546 4946 vim

1952 4986 2007 5040 in
2037 4987 2161 5056 igne
2188 5001 2217 5040 a
2250 4985 2545 5056 splendore
2569 4983 2866 5054 separavit,
2896 4976 3060 5053 ‘velu't
3099 4982 3156 5036 in
3187 4982 3325 5036 rubo
3375 4973 3457 5036 ὀι
3488 4981 3546 5034 in

1953 5077 2175 5133 fornace
2202 5078 2366 5131 trium
2396 5091 2720 5146 puerorum,
2755 5073 3071 5143 cuiusmodi
3107 5081 3163 5128 et
3215 5073 3272 5127 in
3312 5072 3546 5128 terribili

1945 5169 2156 5239 judicio
2187 5169 2442 5224 audimus
2471 5169 2652 5239 ignem
2684 5167 2822 5232 fore,
2839 5166 2933 5235 qui
2959 5165 3140 5235 justos
3169 5161 3390 5235 quidem
3422 5163 3548 5218 illu-

1951 5261 2145 5322 minet,
2182 5261 2474 5315 comburat
2512 5274 2645 5314 vero
2691 5267 3033 5329 peccatores.
3069 5254 3546 5322 Quemadmodum

1949 5358 2188 5408 testatur
2245 5348 2481 5406 Davides
2519 5368 2531 5403 :
2568 5347 2684 5404 Vox
2712 5349 2931 5404 Domini
2964 5347 3352 5419 perrumpentis
3387 5346 3546 5414 ﬂauu-

1952 5457 2098 5498 mam
2125 5444 2261 5513 ignis
2281 5443 2347 5497 ⁸³.
2385 5441 2589 5497 Eorum
2613 5456 2744 5497 vero
2776 5458 2900 5512 qua:
2931 5441 2999 5497 de
3020 5440 3372 5508 passionibus
3403 5440 3546 5492 luna:

1957 5536 2302 5608 quaeruntur,
2340 5529 2977 5605 brevis'comprebensio
3017 5541 3122 5594 est,
3170 5531 3314 5602 quod
3349 5532 3546 5586 dcere-

1953 5646 2118 5687 sccns
2156 5645 2268 5684 non
2304 5638 2420 5684 toto
2464 5633 2697 5699 corpore
2731 5642 2835 5683 suo
2871 5633 3254 5693 consumatur,
3297 5623 3392 5680 sed
3434 5624 3540 5677 cir-

1954 5721 2299 5792 cumjacente
2326 5721 2451 5776 luce
2478 5719 2749 5791 deposita,
2774 5733 3077 5788 rursusque
3112 5722 3418 5788 assumpta,
3445 5715 3540 5770 dc-

319 5882 364 5915 "
403 5880 686 5949 Eccli..m,
716 5879 808 5938 22.
886 5883 929 5917 ⁸³
974 5882 1106 5939 Gen.
1143 5901 1177 5952 ι,
1219 5885 1270 5942 5.
1357 5888 1397 5918 θα
1438 5886 1568 5944 ibid;
1607 5888 1688 5944 Η.
1773 5888 1814 5922 θί

1960 5888 1993 5945 Ι.
2027 5887 2108 5943 16.
2193 5887 2235 5917 ε’
2271 5884 2405 5940 ibid.
2457 5886 2537 5940 17.
2625 5885 2668 5918 ⁸³
2708 5884 2853 5940 Psal.
2899 5899 3092 5952 nun,
3129 5882 3178 5938 7.
