4032 6312
412 368 522 425 965

414 482 594 551 ipsum
643 496 739 551 per
786 480 982 542 festum
1016 483 1130 537 otio
1178 484 1434 539 vacabat.
1486 481 1727 537 Proinde
1779 496 2006 536 menses

416 573 817 643 luna‘pcrileit,
865 588 1042 630 annos
1088 585 1269 630 autem
1322 576 1404 629 sol
1440 594 1452 629 :
1487 574 1579 629 illa
1643 573 1866 644 quidem
1912 588 2010 643 per

415 666 701 734 periodum
759 665 971 721 dierum
1027 668 1186 738 plena
1239 668 1381 723 facta
1434 688 1445 722 :

1529 361 1587 417 S.
1621 360 1943 423 CAESAR",
1963 359 2301 420 GREGORII
2342 359 2671 422 FRATRIS.

3614 358 3732 415 904

2117 482 2349 553 κέντρου
2395 479 2668 551 τῆςλὲῴας
2695 478 3121 549 καθιστάμενος,
3148 478 3247 541 τὰς
3276 477 3486 548 τροπὰς
3514 476 3734 547 φυλάσο

2121 588 2232 626 σων
2267 572 2559 643 ἰσημερίας
2597 572 2791 643 θέρους
2816 588 2873 624 τε
2906 569 3002 625 καὶ
3031 567 3401 647 φθινοπώρου.

1504 667 1596 721 hic
1644 676 1828 721 autem
1877 680 1947 719 ex
2004 663 2237 736 periodo
2288 667 2564 724 mensium
2633 666 2689 719 in
2743 664 2936 719 eodem
3003 671 3198 718 centro
3255 670 3413 718 ortus
3464 660 3733 717 matutini

415 758 1179 823 constitutus,conversiones
1206 775 1438 815 servans
1464 757 1809 829 aequinoctii,
1843 758 2059 812 aestatis
2100 762 2156 811 et
2188 758 2461 811 autumni.

806 848 1332 906 iNTERROGATIO
1385 850 1614 907 XCVIII.

485 944 654 1000 Estne
692 945 903 1015 splizera
950 945 1173 1009 caelum,
1226 957 1318 999 aut
1353 946 1820 1016 hemisphaerium,
1870 950 2012 1016 quod

416 1044 597 1089 actum
626 1035 881 1090 circulari
918 1044 1064 1088 motu
1100 1034 1271 1091 solem
1310 1035 1413 1090 sub
1460 1045 1660 1090 terram
1708 1036 1870 1103 ferat,
1920 1046 2012 1090 aut

406 1126 524 1183 'alio
556 1125 722 1181 modo
743 1140 971 1182 cursum
998 1126 1047 1181 ei
1080 1126 1328 1180 tribuat?

1053 1217 1367 1285 Responsio.

487 1308 546 1363 in
580 1309 667 1365 his
698 1310 943 1380 utrisque
978 1311 1048 1365 ab
1074 1311 1280 1366 eximio
1320 1310 1459 1365 Isaia
1500 1312 1875 1377 instituamur,
1917 1312 2010 1384 qui

414 1402 655 1455 clamat:
684 1400 791 1467 Qui
811 1401 1088 1456 constituit
1122 1402 1312 1456 calum
1362 1402 1501 1456 velut
1554 1403 1796 1471 laquear,
1839 1414 1889 1458 et
1920 1419 2015 1459 ea:—

415 1492 578 1546 teudit
607 1492 783 1561 ipsum
814 1494 950 1547 velut
978 1493 1165 1560 pellem
1207 1494 1276 1546 ⁸⁸.
1313 1492 1470 1560 Quod
1518 1494 1685 1564 igitur
1731 1497 2008 1561 consistit,

413 1599 523 1638 non
562 1595 812 1639 movetur
843 1584 1194 1640 circulariter
1225 1586 1411 1656 :quod
1437 1601 1741 1655 expansum
1772 1594 1879 1650 est,
1900 1602 2009 1640 non

412 1678 608 1731 subtus
652 1675 845 1731 fertur.
900 1675 1241 1747 Principium
1275 1678 1454 1748 igitur
1506 1678 1671 1732 habet
1710 1682 1911 1733 coetum
1957 1686 2011 1733 et

415 1765 735 1819 terminum.
784 1762 903 1819 Non
958 1767 1106 1819 enim
1159 1766 1340 1836 inquit
1386 1764 1709 1837 Scriptura,
1760 1768 2012 1822 ascendit

414 1855 518 1923 sol,
540 1853 654 1921 sed,
679 1852 936 1926 Egressus
968 1866 1047 1911 est
1073 1872 1239 1926 supra
1263 1867 1491 1921 terram,
1522 1867 1572 1912 et
1604 1856 1705 1913 Lat
1740 1860 2009 1929 ingressus

408 1956 489 2001 est
530 1945 779 2016 Segorem
819 1948 866 1979 ’°
910 1965 924 2001 :
989 1962 1097 2001 non
1159 1950 1403 2019 globum,
1460 1949 1557 2004 sed
1608 1950 1833 2019 laquear
1890 1966 2011 2005 esse

412 2034 771 2091 coistis-uiuus.
815 2035 881 2090 Et
931 2034 1170 2094 Davides
1224 2038 1405 2108 inquit
1440 2040 1495 2093 in
1530 2040 1876 2095 carminibus
1914 2058 1927 2093 :
1960 2041 2003 2094 Α

413 2127 603 2181 uertice
626 2128 741 2180 cmli
774 2144 1017 2197 egressus
1045 2128 1161 2197 ejus
1181 2143 1201 2192 ,°
1235 2142 1346 2185 non
1391 2143 1691 2196 ascensus;
1736 2142 1784 2185 et
1828 2147 2010 2184 occur-

413 2235 503 2273 sus
542 2218 658 2288 ejus
688 2223 853 2290 usque
876 2222 945 2273 ad
967 2236 1234 2275 summum
1264 2222 1478 2288 creti“;
1532 2237 1642 2277 non
1680 2233 1861 2278 autem
1907 2222 2007 2278 de-

414 2324 645 2365 scensus
677 2310 816 2379 ejus,
842 2321 937 2365 aut
967 2326 1224 2377 occasus,
1261 2327 1331 2367 ne
1370 2312 1551 2382 ipsum
1591 2320 2008 2383 percurrentem

413 2402 760 2456 eirculariter
792 2404 999 2458 moveri
1034 2402 1217 2459 iaciat.
1251 2404 1318 2458 Et
1352 2405 1552 2458 iterum
1588 2424 1600 2458 :
1639 2403 1702 2458 Et
1741 2406 1868 2474 ipse,
1924 2407 2010 2458 in-

414 2494 555 2561 quit,
589 2494 727 2548 relut
755 2510 1005 2563 sponsus,
1053 2511 1160 2550 non
1201 2494 1533 2560 ascendens,
1568 2495 1686 2559 sed,
1735 2498 1915 2550 exiens
1945 2513 2011 2550 ex

415 2588 654 2640 thalamo
704 2602 800 2640 suo
846 2588 914 2641 ⁷³.
968 2587 1090 2657 lpse
1129 2603 1259 2643 vero
1304 2588 1671 2643 concionatur
1718 2587 2007 2652 Dominus,

416 2678 617 2746 Mittet,
641 2678 842 2749 inquit,
882 2679 1097 2749 angelos
1127 2695 1249 2733 cum
1279 2679 1410 2733 tuba
1442 2688 1492 2733 et
1534 2695 1654 2733 vace
1701 2697 1916 2750 magna,
1959 2691 2011 2734 et

413 2769 803 2841 congregabunt
833 2770 1027 2827 electos
1048 2769 1113 2825 ab
1140 2780 1377 2826 extremo
1400 2772 1519 2827 caeli
1535 2790 1698 2843 usque
1726 2774 1796 2826 ad
1826 2764 2006 2828 extre-

414 2878 559 2916 mum
586 2862 702 2931 eius
732 2862 800 2919 ⁷⁸.
1420 2876 1424 2880 ‘

835 3016 1359 3075 INTERROGATIO
1401 3017 1588 3075 XCIX.

476 3108 775 3176 Quomodo
800 3110 964 3181 igitur
1010 3110 1215 3165 occidit
1261 3113 1369 3177 sol,
1433 3113 1478 3168 si
1532 3127 1638 3166 non
1684 3114 1855 3168 fertur
1908 3116 2013 3170 sub

417 3208 620 3255 terram
645 3200 668 3254 ἲ
695 3206 749 3257 et
785 3200 1011 3270 quinam
1049 3200 1203 3256 locus
1232 3205 1432 3273 estqui
1467 3203 1654 3261 radios
1687 3204 1809 3276 ejus
1834 3205 2015 3260 inum-

416 3292 537 3347 brat
559 3290 583 3340 ?

1055 3362 1368 3433 Responsio.

486 3452 801 3526 Peragratis
823 3454 985 3510 celeri
1020 3470 1188 3512 cursu
1216 3456 1535 3514 coelestibus
1554 3460 1828 3527 terminis,
1858 3472 2012 3533 post-

416 3560 578 3613 quam
612 3545 758 3602 latus
787 3538 1082 3617 quoddam,
1116 3548 1336 3605 boreale
1367 3564 1563 3619 nempe
1585 3551 1748 3605 clima
1771 3593 1786 3619 ,
1824 3554 2013 3610 subieo

421 3638 513 3699 rit.
540 3636 790 3694 elevante
817 3653 877 3693 se
910 3637 1302 3710 Cappadocum
1332 3642 1473 3706 solo,
1502 3642 1852 3697 inumbratur
1886 3646 2015 3716 qui-

414 3730 539 3785 dem
568 3730 846 3785 radiorum
879 3730 1060 3803 fulgor
1081 3749 1179 3803 per
1203 3732 1370 3791 silvas
1396 3742 1452 3791 et
1476 3750 1647 3807 aquas
1676 3752 1742 3792 ex
1768 3754 2013 3809 superna

414 3823 765 3890 repressione
796 3823 1150 3890 ﬁrmamenti,
1186 3825 1480 3895 perfractis
1504 3828 1571 3882 ad
1615 3828 1788 3885 latera
1814 3832 2028 3897 radiis;

414 3922 471 3971 et
504 3930 600 3985 per
625 3916 980 3970 eminentiam
1006 3922 1166 3972 terrae
1194 3917 1317 3973 luce
1348 3918 1525 3989 ipsius
1556 3921 1779 3977 exclusa
1801 3962 1815 3988 ,
1850 3923 2015 3993 idque

415 4006 721 4085 secundum
751 4008 905 4079 prius
931 4008 1232 4070 exbibitam
1267 4010 1692 4067 similitudinem
1743 4014 2015 4085 lampadis

416 4101 576 4169 cujus
610 4101 753 4170 apud
787 4116 885 4157 nos
922 4118 1055 4157 usus
1086 4111 1192 4165 est,
1231 4102 1277 4157 si
1310 4109 1448 4158 testa
1474 4103 1561 4157 fax
1588 4106 2010 4177 comprimatur,

416 4201 467 4243 et
498 4190 679 4261 aliqua
719 4207 784 4244 ex
826 4202 981 4260 parte
1009 4193 1388 4257 inumbratur,
1421 4196 1488 4251 ad
1525 4198 1747 4265 aliquod
1778 4198 2008 4255 liberum

417 4281 561 4337 latus
596 4282 689 4336 lux
720 4284 949 4338 recedit.
981 4282 1097 4359 Hoc
1129 4285 1290 4339 modo
1323 4286 1489 4340 etiam
1522 4288 1604 4343 sol
1642 4290 1895 4359 pervenit
1943 4291 2011 4345 ad

410 4373 707 4451 orientem,
737 4374 952 4428 occulte
982 4358 1257 4451 borealem
1297 4378 1510 4449 plagam
1540 4358 1851 4449 permeans.
1884 4383 2011 4435 Est-

414 4480 523 4535 que
562 4464 722 4521 nobis
757 4465 990 4522 illustris
1027 4466 1184 4523 testis
1232 4467 1289 4523 in
1327 4471 1493 4525 rebus
1533 4471 1735 4527 divinis
1787 4475 2012 4544 sapiens

417 4553 676 4609 Solomon
710 4572 723 4609 :
755 4553 964 4621 Oritur,
996 4555 1195 4626 inquit,
1229 4558 1331 4622 sol,
1374 4568 1424 4613 et
1471 4561 1699 4627 occidit;
1739 4574 1887 4619 ortus
1922 4580 2015 4634 per

415 4662 662 4699 occasum
694 4645 960 4714 graditur,
992 4657 1041 4700 et
1092 4664 1289 4718 gyrans
1331 4651 1670 4706 circulariter
1730 4655 1903 4723 fertur
1943 4657 2014 4710 ad

415 4734 736 4803 aquilonem,
768 4746 817 4788 et
842 4735 893 4788 in
920 4734 1095 4789 locum
1116 4753 1271 4790 suum
1296 4738 1431 4792 redit
1452 4739 1520 4790 ⁷⁸.
1547 4740 1750 4813 Aspice
1782 4747 2012 4815 proinde

412 4826 593 4893 ipsum
629 4840 726 4895 per
763 4826 1052 4880 meridiem
1086 4837 1427 4896 currentem,
1459 4840 1513 4885 et
1553 4834 1768 4903 plagam
1816 4837 2013 4892 borea-

414 4914 520 4968 lem
550 4913 1008 4980 circumeuntem,
1045 4924 1105 4968 ut
1128 4914 1273 4969 intra
1294 4919 1675 4989 prmscriptum
1703 4921 1773 4977 ab
1795 4923 2011 4979 oriente

415 5004 646 5062 feratur.

895 5183 1419 5243 INTERROGATIO
1457 5187 1521 5243 C.

484 5271 541 5328 Si
572 5273 777 5345 absque
796 5275 1202 5365 intermissione
1217 5291 1417 5333 cursus
1445 5276 1568 5347 ejus
1588 5286 1699 5345 est,
1725 5280 2006 5348 quomodo

410 5375 600 5422 aestate
629 5366 852 5437 quidem
888 5367 1127 5443 majores
1180 5367 1341 5424 nobis
1396 5367 1518 5425 dies
1576 5368 1767 5437 cﬂicit,
1821 5370 2005 5431 hieme

412 5471 544 5512 vero
572 5457 860 5515 minores?

1056 5526 1368 5599 Responsio.

483 5618 563 5675 Eo
581 5618 735 5694 quod
764 5632 877 5677 non
904 5621 975 5677 ab
1006 5610 1204 5695 eodem
1233 5629 1429 5679 centro
1464 5638 1683 5695 semper
1709 5625 1996 5696 procedit;

487 5759 673 5842 ’χιε-θ.
734 5779 830 5842 τις
872 5764 965 5842 ξε,
1024 5780 1137 5824 sec.
1180 5765 1344 5823 LXX.
1448 5768 1505 5842 το,
1536 5768 1673 5825 Gen.
1726 5786 1849 5836 χιχ,
1899 5770 1989 5827 23.

413 5828 459 5864 "
505 5829 681 5887 Eccle.
720 5849 758 5894 ι,
797 5834 849 5897 5,
1376 5856 1388 5865 '

2098 5774 2142 5808 “
2183 5773 2332 5832 Psal.
2387 5793 2544 5846 mn,
2590 5779 2620 5833 7

2719 846 2972 899 nam:
3010 844 3130 912 ur.

2186 938 2406 1007 Σφαῖρά
2439 937 2590 991 ἐστιν
2616 939 2645 992 ὁ
2671 936 2973 1007 οὐρανδςεῆ
3006 935 3371 1008 ἡμισφαίριον
3404 936 3733 1009 κυλιόμενον

2115 1028 2206 1081 τὸν
2230 1028 2403 1099 ἥλιον,
2458 1029 2563 1082 ὑπὸ
2593 1030 2693 1098 τὴν
2727 1028 2832 1100 γῆν
2885 1030 3079 1100 φέρον,
3136 1029 3171 1097 ἢ
3204 1028 3380 1091 ἄλλως
3432 1027 3580 1100 αὐτῷ
3629 1031 3734 1083 τδν

2114 1122 2319 1192 δρόμον
2346 1122 2717 1195 παραχιυροῦν
2745 1139 2760 1189 ;

2742 1212 3103 1281 Ἀπόκρισις.

2191 1303 2506 1375 Ἄμφω,τῷ
2554 1305 2748 1376 ὑψηλῷ
2786 1307 2987 1376 Ἡσαΐᾳ
3039 1306 3419 1377 στοιχήσωμεν
3442 1346 3457 1367 ,
3487 1305 3726 1378 διαῤῥήέ

2114 1396 2213 1468 δην
2248 1396 2442 1467 βοῶντι
2463 1412 2476 1425 ·
2521 1397 2575 1449 Ὀ
2610 1396 2851 1464 στήσας
2886 1396 2995 1451 τόν
3042 1396 3311 1465 οὐρανὸν
3351 1398 3495 1451 ὡσεὶ
3532 1398 3733 1467 καμά-

2108 1504 2250 1557 ραν,
2280 1490 2375 1543 καὶ
2407 1489 2711 1554 διατείνας
2759 1490 2951 1544 αὐτὸν
2995 1490 3077 1555 ὡς
3102 1488 3365 1556 σκηνήν.
3434 1488 3507 1541 Τὸ
3551 1488 3735 1553 ἑστὼς

2114 1576 2208 1633 οὖν
2260 1582 2322 1632 οὐ
2373 1580 2741 1634 κυλινδεῖταιο
2800 1581 2861 1634 τὸ
2915 1580 3172 1635 διαταθὲν
3211 1582 3317 1651 ,οὐχ
3366 1581 3733 1650 ὑποφέρεται.

2127 1670 2183 1723 ’Λ
2196 1671 2330 1742 ρχὴν
2360 1673 2541 1725 τοίνυν
2572 1671 2685 1743 ἔχει
2718 1671 2970 1743 οὐρανὸς,
3008 1673 3103 1725 κα)⁵
3135 1672 3330 1741 πέρας,
3369 1673 3445 1725 Οὐ
3474 1672 3583 1743 γάρ
3622 1688 3731 1742 φη.

2117 1780 2199 1816 σιν
2236 1764 2507 1835 ήΓραφὴ,
2553 1764 2810 1832 Ἀνῆλθεν
2847 1768 2875 1819 ὁ
2904 1764 3077 1836 ἣλιος,
3116 1764 3257 1827 ἀλλ’,
3300 1764 3585 1833 Ἐξῆλθεν
3624 1763 3738 1818 ἐπὶ

2114 1855 2231 1923 τὴν
2260 1854 2380 1925 γῆν
2400 1898 2414 1923 ,
2451 1856 2545 1912 καὶ
2632 1856 2763 1910 Λὼτ
2795 1857 3088 1925 εἰσῆλθεν
3116 1858 3206 1921 είς
3236 1855 3442 1924 Σηγώρ
3462 1872 3476 1887 ο
3520 1855 3579 1908 οὐ
3626 1854 3741 1927 τὴν

2118 1950 2388 2017 σφαῖραν,
2430 1947 2565 2000 ἀλλὰ
2602 1948 2701 2018 τὴν
2744 1950 3003 2018 καμάραν
3044 1948 3361 2018 βεϐαιοῦσα.
3414 1949 3526 2000 Καὶ
3559 1946 3737 2000 Δασίδ

2117 2055 2284 2107 φησιν
2335 2040 2394 2092 ὲν
2455 2039 2782 2109 μελῳδίαις·
2842 2038 2960 2092 ‘Ast’
2999 2037 3191 2107 ἄκρου
3234 2038 3343 2093 τοῦ
3390 2038 3653 2106 οὐρανοῦ
3688 2038 3736 2103 ἠ

2118 2129 2336 2194 ἔξοδος
2363 2127 2552 2182 αὐτοῦ
2573 2146 2585 2159 ·
2618 2130 2741 2200 οὐχὶ
2771 2124 2830 2183 δὲ
2872 2130 2906 2199 ἡ
2927 2128 3116 2192 ἄνοδος
3140 2147 3153 2161 ι
3187 2130 3298 2183 Καὶ
3328 2128 3397 2183 τὸ
3431 2127 3735 2195 κατάντη-

2115 2237 2201 2290 μα
2230 2219 2421 2274 αὑτοῦ
2452 2220 2563 2287 ἕως
2597 2220 2808 2289 ἄκρου,
2836 2222 2959 2292 οὐχὶ
2992 2220 3057 2273 δὲ
3083 2223 3116 2291 ὴ
3154 2210 3381 2284 κάθοδος
3414 2219 3581 2272 αὑτοῦ
3618 2220 3650 2291 ἢ
3698 2221 3737 2291 ἡ

2120 2312 2447 2375 κατάδυσιςο
2472 2312 2561 2366 ἵνα
2598 2312 2672 2384 μὴ
2712 2312 3172 2384 σφαιροκύλιστον
3208 2314 3527 2383 καταστήσῃ
3563 2310 3738 2365 αὑτὸν

2119 2402 2403 2457 διαθέοντα
2433 2420 2447 2434 ’
2479 2404 2574 2457 καὶ
2604 2404 2788 2469 πάλιν,
2832 2405 2941 2458 Καὶ
2975 2403 3180 2471 αὐτὸς,
3227 2405 3412 2474 φησὶν,
3454 2405 3536 2469 ὠς
3576 2421 3740 2473 νυμ-

2119 2495 2292 2563 φίος,
2330 2495 2465 2558 οὐκ,
2517 2495 2921 2565 ἀνερχόμενος,
2978 2495 3094 2548 ἀλλ’
3144 2495 3622 2565 ἐκπορευόμενος
3657 2496 3738 2549 ἐκ

2122 2586 2361 2640 παστοῦ
2399 2586 2608 2640 αὑτοῦ.
2663 2586 2839 2649 Αὐτὸς
2883 2585 3167 2656 θεηγορῶν
3215 2587 3243 2638 ὁ
3291 2584 3518 2655 Κύριος,
3560 2584 3738 2639 Ἄπο-

2121 2676 2347 2741 στελεῖ,
2369 2678 2522 2747 φησι,
2551 2677 2697 2743 τοὺς
2729 2675 3028 2747 ἀγγέλους
3054 2676 3266 2742 αὐτοῦ,
3296 2676 3445 2746 μετά
3474 2677 3744 2745 σάλπιγ-

2120 2786 2227 2837 γος
2282 2768 2384 2823 καὶ
2438 2767 2644 2838 φωνῆς
2685 2768 2989 2838 μεγάλης,
3044 2768 3145 2823 καὶ
3195 2768 3540 2834 συνάξουσι
3585 2768 3743 2833 τοὺς

2120 2858 2449 2925 ἐκλεκτοὺς
2506 2860 2607 2913 ἀπ’
2658 2859 2848 2927 ἄκρου
2897 2858 3003 2915 τοῦ
3038 2860 3323 2929 ὀὐρανοῦ
3376 2860 3487 2927 ἕως
3540 2860 3744 2929 ἄκρου

2122 2950 2337 3005 αὑτοῦ.

2718 3021 2971 3075 ΠΕΥΣιΣ
3003 3020 3119 3088 [πο.

2186 3111 2312 3175 Πῶς
2345 3106 2438 3166 οὖν
2471 3111 2619 3165 δόντι
2660 3114 2688 3166 δ
2720 3112 2904 3183 ἥλιος.
2954 3116 3002 3168 εί
3039 3114 3114 3186 μὴ
3177 3115 3283 3169 ὑπὸ
3319 3116 3425 3184 γῆν
3463 3116 3738 3187 φέρεταις

2123 3205 2218 3258 καὶ
2237 3204 2320 3268 τίς
2351 3204 2514 3268 τόπος
2542 3205 2570 3257 ὀ
2601 3205 2699 3270 τὰς
2731 3207 2959 3270 ἀκτῖνας
2989 3206 3157 3261 αὑτοῦ
3189 3208 3431 3272 σκιάζων
3458 3226 3471 3274 ;
3560 3198 3565 3203 λ

2743 3356 3103 3435 Ἀπόκρισις.

2205 3454 2584 3526 Ὠκυποδήσας
2634 3456 2705 3509 τὰ
2750 3457 2980 3527 οὐράνια
3010 3456 3290 3527 τέρματα,
3330 3457 3427 3512 καὶ
3459 3456 3563 3511 ὑπό
3601 3474 3743 3513 τινα

2122 3549 2304 3617 τοῖχον
2325 3586 2339 3609 ,
2372 3546 2434 3599 τὸ
2472 3546 2685 3619 βόρειον
2717 3547 3009 3618 γενόμενον
3036 3547 3208 3618 κλίμα
3229 3588 3242 3611 ,
3279 3548 3745 3620 ὑπερανεστῶτος

2116 3637 2218 3692 τοῦ
2266 3637 2655 3693 Καππαδοκῶν
2700 3639 2968 3707 ἐδάφους,
3031 3639 3430 3713 ἀποσκιάζεται
3475 3640 3573 3711 μὲν
3622 3642 3746 3713 τὴν

2123 3730 2413 3799 ἀστραπὴν
2448 3728 2555 3781 τῶν
2588 3704 2828 3783 ἀκτίνων
2859 3704 2978 3792 ταῖς
3007 3704 3239 3800 λόχμαις
3275 3731 3368 3783 καὶ
3396 3704 3509 3794 τοῖς
3544 3704 3738 3795 ὕδασι,

2122 3819 2201 3890 τῷ
2234 3819 2633 3891 ὑπερτεροῦντι
2679 3820 2899 3891 πιεσμῷ
2931 3821 3024 3873 τοῦ
3060 3821 3463 3892 στερεώματος,
3494 3820 3736 3875 διακλω-

2125 3909 2304 3980 μένων
2332 3909 2441 3961 τῶν
2461 3910 2845 3981 μαρμαρυγῶν
2863 3909 2957 3962 ἐπὶ
2986 3910 3054 3963 τὰ
3082 3910 3305 3979 πλάγια,
3337 3911 3433 3964 καὶ
3464 3913 3527 3980 τῇ
3551 3910 3651 3965 {me
3663 3928 3740 3981 p-

2120 4005 2221 4073 οχῇ
2261 4005 2361 4071 τῆς
2410 4002 2606 4073 χέρσου
2644 4002 2747 4071 τὴν
2778 4002 2981 4071 φαῧσιν
3030 4002 3352 4074 εἰργόμενος
3379 4043 3393 4065 ,

2124 4094 2552 4164 προεκδοθείσαν
2576 4094 2762 4147 εἰκόνα
2784 4096 2885 4165 τῆς
2921 4095 3048 4165 παρ’
3074 4098 3204 4165 ἡμῖν
3227 4096 3514 4163 λαμπάδος
3533 4113 3547 4127 ·
3580 4096 3737 4150 ἀνίας

2123 4186 2215 4239 Οεν
2258 4187 2479 4257 τηγὰνιε)
2520 4186 2774 4258 ὀστράκῳ
2817 4189 2927 4241 τινὶ
2974 4186 3067 4242 τοῦ
3118 4188 3327 4259 πυρσοῦ
3371 4188 3736 4259 πιεζομένου,

2126 4277 2219 4330 καὶ
2254 4277 2567 4350 ἔμπροσθέν
2611 4296 2722 4331 τινι
2769 4280 3130 4351 σκιαζομένω
3158 4319 3172 4343 ,
3208 4282 3300 4333 ἐπὶ
3336 4281 3399 4334 τὸ
3437 4280 3739 4352 ἐλεύθερον

2119 4368 2304 4422 λοιπὸν
2363 4369 2470 4423 τῶν
2522 4370 2768 4438 πλαγίων
2825 4372 2923 4441 τῆς
2967 4372 3355 4443 λαμπρότητος
3410 4372 3736 4445 χωρούσης.

2120 4461 2550 4531 Καταλαμϐάνω
2602 4455 2759 4526 οὗτος
2792 4466 2819 4517 ὁ
2872 4465 3100 4536 φωστὴρ
3133 4465 3233 4537 τὴν
3279 4464 3441 4536 ἑῴαν,
3476 4466 3741 4539 κρύὸδην

2121 4552 2395 4622 περιθέων
2429 4552 2491 4613 τὸ
2519 4551 2732 4623 βόρειον
2772 4553 2938 4624 μέρος
2964 4570 2976 4583 ’
3028 4556 3126 4609 καὶ
3165 4557 3376 4629 μάρτυς
3404 4559 3536 4629 ἡμῖν
3562 4558 3740 4625 ἀξιάς

2117 4658 2322 4709 γαστος
2369 4643 2397 4694 ὁ
2442 4641 2552 4695 τῶν
2598 4642 2760 4696 eam
2813 4645 2978 4715 σοφὸς
3028 4646 3299 4716 Σολομὼν.
3374 4649 3738 4706 Ἀνατέλλει

2116 4735 2246 4803 γὰρ,
2280 4734 2466 4805 φησὶν,
2501 4738 2533 4789 ό
2558 4734 2732 4803 ἣλιος
2763 4739 2859 4791 καὶ
2883 4739 3049 4794 δύνει
3067 4755 3079 4767 °
3098 4741 3451 4796 ἀνατέλλων
3469 4744 3733 4812 πορεύε-

2114 4842 2210 4879 ται
2245 4825 2397 4879 κατὰ
2420 4826 2624 4894 δύσιν,
2650 4829 2748 4883 καὶ
2774 4828 3020 4884 κυκλῶν
3041 4832 3266 4887 κυκλοῖ
3285 4833 3439 4902 πρὸς
3456 4834 3728 4903 βορρᾶν,

2114 4914 2214 4968 καὶ
2251 4917 2339 4981 εὶς
2369 4916 2476 4970 τὸν
2524 4918 2713 4972 τόπον
2742 4921 2930 4980 αὐτοῦ
2960 4922 3144 4978 ἕλκει.
3186 4925 3377 4997 Ἀθρει
3409 4926 3464 4979 δὲ
3495 4924 3588 4981 οὖν
3616 4929 3735 4981 αὐ,

2114 5009 2205 5062 τὸν
2246 5010 2345 5081 τὴν
2397 5013 2748 5085 μεσημϐρίαν
2784 5016 3069 5073 διαθέοντα
3092 5059 3106 5083 ,
3142 5019 3236 5072 καὶ
3268 5021 3359 5075 τὸν
3389 5020 3588 5095 βορρᾶν
3617 5040 3733 5077 κυ-

2116 5097 2370 5167 κλοῦντα,
2400 5103 2487 5156 ἵνα
2520 5105 2927 5178 ἐμπροθέσμως
2954 5110 3047 5163 ἐπὶ
3080 5109 3491 5184 ἑῴαςογένηται.

2330 5272 2331 5275 γ
2732 5200 2983 5256 uersu:
3019 5204 3097 5257 P'.

2188 5283 2248 5337 Ei
2287 5285 2569 5353 ἄπαυστος
2608 5289 2774 5344 αὐτοῦ
2819 5294 2970 5345 ἐστιν
3003 5294 3032 5346 ὁ
3069 5295 3306 5365 δρόμος,
3360 5295 3475 5361 πῶς
3520 5296 3725 5370 θέρο·.“ς

2116 5375 2217 5446 μὲν
2252 5380 2495 5448 μεγάλας
2533 5382 2666 5453 ἡμῖν
2694 5382 2793 5449 τὰς
2822 5383 3038 5456 ἡμέρας
3065 5387 3394 5457 ἐργάζεται,
3442 5389 3727 5461 χειμῶνος

3438 4002 3579 4056 κατὰ
3623 4003 3743 4075 τὴν

2103 5467 2171 5521 ,δὲ
2212 5473 2547 5544 μικροτέρας
2570 5491 2585 5543 ;

2732 5548 3102 5618 Ἀπόκρισις.

2193 5631 2349 5687 Ἐπεὶ
2367 5632 2468 5688 οὐκ
2493 5636 2601 5690 ἀπὸ
2629 5636 2723 5692 τοῦ
2752 5638 2919 5693 αὐτοῦ
2948 5640 3180 5714 κέντρου
3204 5643 3291 5697 ἀεὶ
3312 5642 3577 5717 πρόεισιν,
3593 5646 3727 5701 ἀλλ’

2722 5784 2767 5814 7'
2806 5780 2940 5838 ibid.
2975 5782 3030 5842 6.
3110 5784 3157 5818 ⁷³
3194 5783 3387 5840 Matth.
3422 5799 3572 5853 xxiv,
3620 5786 3727 5848 ⁸51.
