4032 6312
523 357 629 419 967

528 479 740 545 tendat,
772 492 1081 547 rursusque
1113 475 1302 531 divino
1329 484 1605 548 precepto
1642 475 1876 531 oriatur.
1914 474 2117 531 Verum

528 585 641 627 non
686 569 852 625 habet
891 571 1163 626 rationem
1197 567 1524 625 similitudo.
1561 566 1695 623 Nam
1730 566 1778 623 si
1824 576 1968 623 terra
2003 568 2123 622 ani-

526 665 676 718 mata
719 676 789 717 ex
828 676 895 717 eo
932 667 1040 727 est,
1093 660 1241 731 quod
1279 659 1522 715 animata
1567 657 1800 730 profert,
1844 673 1905 715 se
1940 659 2120 729 ipsam

526 753 712 805 anima
732 750 1001 806 destituit.
1035 748 1170 804 Nam
1199 748 1295 820 qui
1320 749 1561 807 animam
1584 747 1790 813 educit,
1827 746 1945 803 sive
1961 762 2118 803 suam

526 840 644 894 sive
676 838 938 908 proximi,
974 847 1232 893 mortuus
1259 836 1489 892 omnino
1518 842 1573 891 et
1599 835 1872 891 exanimis
1894 841 2004 900 est,
2035 836 2118 891 vi-

529 930 691 985 talem
725 944 951 985 causam
985 929 1244 999 eiiciens.

988 1018 1519 1074 INTERROGATIO
1558 1018 1671 1073 Cll.

596 1103 740 1169 Num
773 1112 963 1184 igitur,
1006 1111 1454 1182 quandoquidem
1492 1111 1747 1167 homines
1781 1109 2023 1167 viventia
2064 1116 2120 1165 et

452 1210 457 1217 '
524 1205 767 1259 animata
800 1212 1087 1274 generant,
1120 1202 1274 1259 edito
1298 1204 1353 1257 in
1387 1204 1564 1257 lucem
1597 1202 1808 1258 infante
1839 1202 2119 1257 inanimus

524 1296 751 1352 relictus
780 1296 904 1350 est?

1166 1387 1479 1458 Responsio.

562 1496 567 1501 ·
594 1474 804 1534 Verum
835 1479 975 1534 nihil
1006 1480 1156 1535 aliud
1184 1497 1349 1549 quam
1380 1494 1648 1551 organum
1670 1480 1837 1536 homo
1864 1488 2117 1551 generat,

519 1573 763 1625 animam
806 1579 991 1628 autem
1040 1572 1284 1627 immittit
1325 1574 1489 1629 Deus.
1540 1572 1823 1644 Nusquam
1867 1575 2014 1629 enim
2062 1573 2118 1628 in

521 1659 812 1730 Scriptura
840 1660 1049 1716 dictum
1080 1670 1206 1718 est:
1243 1662 1515 1717 Producat
1544 1662 1741 1717 mulier
1758 1664 1999 1717 animam
2038 1666 2119 1717 vi-

519 1760 775 1819 ventem;
833 1769 1011 1824 neque
1058 1753 1204 1823 quod
1257 1752 1367 1809 Eva
1419 1755 1759 1823 concipiens,
1816 1764 1911 1809 aut
1953 1753 2112 1817 Sara,

520 1850 616 1896 aut
667 1842 945 1898 Elisabeta
1000 1844 1328 1913 produxerit
1375 1845 1641 1911 animam,
1688 1844 1783 1899 sed
1833 1848 1977 1914 quod
2022 1861 2117 1913 εε-

520 1932 709 1986 nuerit
763 1931 1033 1992 infantem
1084 1948 1334 2002 puerum.
1382 1932 1493 1987 Cur
1531 1934 1826 2003 ceteroqui
1865 1934 2117 2004 plurimae

521 2028 731 2078 matres
764 2030 1033 2092 generant
1067 2022 1183 2078 sola
1213 2037 1472 2092 corpora,
1505 2023 1688 2077 anima
1722 2023 2007 2088 destituta,
2038 2025 2115 2079 si-

520 2112 743 2182 quidem
776 2121 1029 2184 poterant
1079 2116 1380 2169 animatum
1420 2116 1725 2185 producere
1753 2114 1923 2171 fetum
1945 2116 2114 2170 i-Aut

518 2220 692 2275 quare
724 2204 895 2260 fetum
944 2214 1222 2261 mortuum
1270 2207 1467 2271 enim,
1518 2222 1689 2277 super
1735 2222 1802 2262 eo
1840 2208 2028 2278 lugent
2059 2214 2116 2263 et

409 2326 413 2333 ο
520 2299 761 2369 plorant,
802 2306 857 2353 et
896 2314 1006 2353 non
1062 2315 1187 2354 mox
1244 2301 1482 2354 animam
1523 2300 1721 2355 indunt
1771 2311 2035 2355 mortuo:
2065 2301 2113 2356 si

520 2390 743 2461 quidem
766 2390 952 2445 denuo
980 2391 1062 2447 las
1093 2400 1213 2445 erat
1234 2392 1473 2446 animam
1506 2393 1805 2462 generare?
1828 2390 2114 2457 Quomodo

517 2496 652 2537 vero
681 2481 919 2551 quodvis
956 2482 1262 2535 animatum
1298 2482 1446 2537 ferro
1472 2482 1774 2539 dissectum
1810 2492 1905 2538 aut
1939 2486 2114 2539 lania-

520 2577 663 2636 tum,
692 2590 819 2627 mox
849 2560 1183 2644 Sanguinem
1214 2574 1499 2644 profundit
1523 2576 1701 2631 instar
1733 2578 2019 2639 torrentis,
2059 2583 2115 2631 et

516 2649 955 2734 circumquaque
1020 2665 1296 2720 rubefecit
1330 2665 1711 2739 .subjectum?
1787 2675 1934 2723 terra
1984 2682 2114 2723 vero

518 2763 675 2810 arata
709 2757 1039 2827 pastinoque
1065 2758 1328 2823 dissecta,
1354 2768 1409 2814 et
1442 2758 1496 2813 in
1521 2767 1744 2829 puteum
1775 2759 1976 2815 cllossa
2001 2775 2111 2815 non

517 2847 743 2913 clamat,
794 2862 903 2903 non
955 2848 1133 2903 reddit
1184 2850 1529 2921 sanguinem,
1564 2857 1673 2904 n'on
1724 2850 1945 2913 ruheﬁt,
2002 2866 2111 2905 non

517 2940 852 2995 contradicit
899 2941 1346 3010 percussoribus,
1406 2950 1466 2996 ut
1514 2942 1754 2997 animata
1796 2942 1980 2996 omnia
2022 2958 2113 2996 so-

517 3031 673 3086 lent?
721 3031 1009 3097 Quomodo
1074 3028 1204 3087 vero
1260 3033 1449 3088 allium
1506 3041 1560 3088 et
1615 3048 1783 3104 cepa),
1849 3040 1945 3086 aut
1992 3032 2113 3087 alia:

518 3121 721 3192 plantae
753 3122 929 3177 cultro
957 3122 1039 3178 vel
1065 3122 1202 3179 falce
1236 3131 1532 3193 amputatae
1561 3124 1829 3193 sanguine
1848 3138 1958 3177 non
1988 3138 2113 3193 per-

520 3210 851 3277 funduntur,
885 3214 929 3269 si
962 3214 1182 3282 quidem
1218 3214 1474 3268 animatae
1502 3222 1633 3269 sunt
1668 3214 1969 3269 secundum
1999 3213 2113 3267 Ma-

519 3300 767 3355 nichzcos
798 3302 1125 3372 vaniloquos
1150 3310 1205 3356 et
1248 3303 1468 3363 stultos,
1503 3303 1597 3371 qui
1633 3302 1851 3356 fetidam
1883 3302 2111 3357 maledi-
2147 3324 2153 3333 ι

518 3393 759 3451 centiam
817 3392 871 3446 in
924 3394 1041 3447 suis
1092 3392 1384 3449 animabus
1451 3393 1890 3448 circumferunt?
1938 3393 2111 3450 Omne

519 3490 704 3538 autem
733 3485 1038 3539 animatum
1064 3493 1343 3539 terrenum
1374 3494 1429 3540 et
1456 3489 1730 3540 marinum
1758 3488 1983 3541 omnino
2005 3489 2112 3540 erit

520 3584 573 3629 et
623 3577 951 3646 sanguinem
998 3576 1229 3633 habens.
1270 3575 1391 3631 Non
1451 3576 1618 3647 igitur
1673 3579 1911 3631 animata
1962 3585 2108 3632 terra

515 3675 646 3733 est,
711 3683 891 3739 nequc
938 3668 1239 3739 quidquam
1310 3668 1664 3739 plantarum,
1730 3676 1826 3723 aut
1873 3669 2106 3725 lumina-

523 3758 687 3812 rium.
728 3758 1012 3828 Nusquam
1059 3759 1205 3813 enim
1241 3758 1309 3813 de
1349 3758 1435 3813 his
1484 3758 1659 3828 inquit
1688 3760 1884 3830 pagina
1928 3766 2104 3823 sacra,

517 3848 665 3919 quod
705 3848 1053 3919 inspiraverit
1089 3848 1223 3918 ipsis
1251 3846 1437 3902 ﬂatum
1466 3849 1609 3915 vitaz,
1648 3850 2105 3919 quemadmodum

518 3941 698 4008 inquit
730 3940 798 3995 de
824 3941 1065 3995 homine.
1105 3940 1262 3995 Absit
1310 3940 1478 4009 igitur
1520 3955 1547 3993 a
1598 3948 1651 3995 te
1692 3942 1881 4010 procul
1922 3956 2106 4011 quaeso

517 4029 736 4085 illorum
782 4029 1052 4084 dementia
1096 4036 1151 4083 et
1182 4029 1455 4083 delirium.
1492 4026 1665 4083 Omne
1712 4030 2106 4083 enim-animal

519 4120 625 4173 sibi
668 4120 846 4174 simile
876 4128 1123 4190 generat.
1166 4120 1266 4173 bos
1302 4120 1517 4183 bovem,
1552 4118 1809 4173 similiter
1832 4128 1890 4174 et
1929 4134 2106 4190 equus

517 4224 742 4279 equum,
786 4216 840 4263 et
882 4224 1099 4278 caprea,
1131 4216 1183 4262 et
1214 4208 1391 4277 tigris,
1427 4216 1481 4262 et
1512 4208 1778 4263 oneribus
1818 4211 2103 4279 portandis

517 4301 793 4356 destinata
841 4299 1110 4370 iumenta,
1170 4301 1468 4370 bestiaeque
1520 4300 1859 4369 crudivoree,
1917 4319 2109 4356 unum-

517 4394 798 4461 quodlihet
839 4408 991 4445 suam
1053 4400 1306 4445 naturam
1359 4390 1590 4462 eamque
1644 4393 1817 4447 solam
1860 4403 2101 4462 generat.

514 4484 803 4551 Quomodo
857 4484 1022 4555 igitur
1063 4494 1207 4539 terra
1254 4498 1379 4538 cum
1427 4484 1589 4542 unius
1628 4494 1843 4540 natura:
1892 4485 1983 4550 sit,
2024 4493 2106 4540 tot

516 4582 680 4645 queat
727 4574 940 4629 animas
995 4589 1257 4642 generare
1312 4575 1537 4631 alterius
1591 4576 1811 4644 generis
1854 4582 1912 4629 et
1968 4575 2103 4629 inae-

514 4665 759 4735 qualium
802 4665 1143 4729 animalium,
1186 4664 1294 4721 nisi
1340 4664 1526 4720 divino
1572 4668 1832 4722 mandato
1879 4667 2101 4721 anima-

514 4762 709 4810 rentur
760 4770 883 4823 quae
918 4755 1044 4809 inde
1089 4755 1512 4826 producuntur?
1550 4756 1838 4822 Quomodo
1879 4772 2010 4812 vero
2049 4766 2103 4814 et

514 4859 673 4915 aqum
700 4847 875 4900 eidem
910 4846 1096 4900 divino
1122 4847 1301 4917 jussni
1334 4847 1604 4915 obnoxiae,
1631 4865 1755 4903 cum
1792 4849 1903 4906 sint
1938 4852 2102 4906 unius

516 4946 726 4991 natura:
758 4938 939 4992 mollis
968 4948 1023 4991 et
1052 4936 1232 5004 fluxae,
1259 4940 1547 4995 innumera
1566 4956 1765 5010 genera
1790 4943 2100 4997 natatilium

514 5016 903 5095 animatornm,
962 5038 1397 5103 ceterorumque
1458 5040 1512 5086 et
1570 5032 1802 5087 aliorum
1865 5033 2099 5104 piscium

512 5117 999 5188 carlilagineorum
1026 5119 1079 5171 in
1106 5132 1217 5173 uno
1245 5119 1511 5189 temporis
1534 5129 1810 5176 momento
1838 5122 2101 5176 consimi-

513 5207 640 5263 liter
687 5223 813 5263 cum
867 5218 1013 5263 terra
1057 5212 1451 5265 excreverunt?
1508 5210 1613 5277 Qui
1670 5226 1759 5268 res
1823 5214 2007 5269 mollis
2046 5220 2103 5267 et

513 5300 677 5357 ﬂuida
712 5301 970 5371 produxit
999 5316 1232 5371 corpora
1263 5302 1845 5375 animata,'solidaque
1878 5312 1929 5359 et
1965 5303 2102 5374 lapi-

510 5393 637 5458 dea,
665 5394 719 5447 in
766 5394 967 5465 abysso
1005 5393 1296 5457 ﬂuitantia,
1338 5394 1623 5465 adwquata
1673 5398 1949 5451 montibus
1983 5411 2101 5452 ma-

512 5487 820 5556 gnitudine,
848 5488 1157 5554 cujusmodi
1186 5493 1315 5541 sunt
1343 5486 1552 5556 phocae,
1584 5490 1825 5551 habenae,
1852 5491 2095 5558 priones,

511 5580 691 5648 gauri,
719 5587 851 5643 etc.,
885 5579 1169 5634 horribilia
1208 5579 1358 5634 dictu
1386 5590 1439 5635 et
1464 5588 1688 5649 aspectu
1726 5582 1781 5635 in
1817 5580 2094 5652 profundo

512 5668 767 5739 degentia
801 5671 1081 5737 animalia,
1115 5687 1349 5742 quorum
1388 5688 1493 5727 non
1524 5682 1609 5728 est
1634 5668 1922 5743 prarscnti's
1954 5680 2091 5728 tem-

578 5804 694 5879 (55)
740 5806 1083 5878 Ἒξέρῤωσε.
1110 5808 1271 5865 Forte
1312 5808 1620 5881 ἐξέῥρευσε.
1654 5808 1811 5867 Enlr.

1616 353 1672 410 S.
1709 353 2387 420 CESARII,GREGORH
2414 355 2743 422 FBA-This,

3710 358 3818 416 968

2227 476 2631 556 Omxexéoﬂal,
2663 478 2759 534 καὶ
2788 472 2947 543 αὖθις
2971 476 3052 550 τῷ
3086 479 3217 551 Θείῳ
3261 479 3648 552 προστάγματι
3684 482 3818 537 ἀνα-

2221 567 2495 624 τείλαντα.
2548 568 2690 623 Ἀλλ’
2728 569 2830 623 οὐκ
2868 569 2983 640 ἔχει
3012 568 3172 638 λόγον
3216 570 3251 642 ἡ
3282 570 3577 641 παροιμία.
3618 572 3684 627 Ei
3706 572 3820 645 γὰρ

2223 659 2466 732 ἔμψυχος
2489 661 2524 732 ἡ
2554 659 2751 732 χέρσος
2776 662 2841 715 ὲκ
2867 660 2962 716 τοῦ
2982 660 3295 731 ἀποδρᾶσαι
3320 663 3390 718 τά
3418 661 3661 734 ἔμψυχα.
3686 664 3817 738 ἕρη-

2224 766 2327 821 μον
2363 747 2459 805 οὖν
2484 752 2687 823 ἑαυτὴν
2716 751 2980 806 κατέλιπε
3009 752 3109 824 τῆς
3131 752 3333 825 ψυχῆς.
3375 754 3435 808 ’0
3471 753 3582 827 γὰρ
3605 753 3821 825 ἐξάγων

2219 841 2419 914 ψυχὴν,
2448 844 2558 897 εἴτε
2585 841 2685 915 τὴν
2713 843 3135 916 σφετέραν.εῐτε
3162 843 3258 899 τοῦ
3297 845 3487 912 πέλας,
3514 846 3709 918 νεκρὸς
3724 846 3822 905 καὶ

2221 932 2429 1003 ἄψυχος
2453 932 2671 996 πάντως
2701 932 2961 1004 ὑπάρχει,
2990 932 3052 1001 τὸ
3080 932 3313 998 ζωτικὸν
3343 932 3517 988 αἴτιον
3545 932 3818 991 ἐκϐαλών.

2817 1019 3066 1093 nam}:
3092 1020 3215 1076 ΡΠ.

2291 1107 2510 1178 τίοῦνς
2554 1110 2746 1182 ἐπειδὴ
2792 1110 3072 1183 ἄνθρωποι
3112 1109 3291 1175 ζῶντα
3332 1111 3429 1165 καὶ
3453 1110 3675 1185 ἔμψυχα
3701 1128 3827 1183 γεν-

2222 1203 2387 1257 νῶσιν
2410 1244 2425 1265 ,
2477 1199 2589 1275 ἆρα
2635 1201 2992 1274 προελθόντος
3031 1202 3128 1257 τοῦ
3170 1202 3405 1276 βρέφους
3445 1205 3656 1277 ἄψυχος
3683 1222 3825 1261 κατ.

2219 1295 2444 1365 ελείφοη
2469 1312 2483 1361 ;

2834 1386 3193 1457 Ἀπόκρισις.

2305 1480 2446 1535 Ἀλλ’
2476 1482 2504 1534 ὁ
2541 1478 2830 1552 ἄνθρωπος
2857 1478 3093 1552 ὄργανον
3119 1478 3309 1551 γεννᾷ,
3335 1479 3435 1552 τὴν
3464 1480 3520 1535 δὲ
3545 1479 3731 1554 ψυχὴν
3757 1479 3823 1536 τὺ

2219 1572 2377 1627 Θεῖον
2413 1570 2639 1643 ἐνίησιν.
2673 1570 2902 1625 Οὐδέπω
2928 1569 3039 1641 γὰρ
3065 1573 3133 1643 τῇ
3167 1570 3359 1642 Γραφῇ
3394 1571 3614 1643 είρηται
3635 1589 3651 1605 ’
3698 1572 3822 1638 Ἐε-

2220 1664 2477 1732 αγαγέτω
2498 1664 2532 1732 ή
2562 1663 2697 1732 γυνὴ
2726 1662 2910 1733 ψυχὴν
2947 1660 3129 1726 ζῶσαν
3151 1678 3169 1695 ο
3205 1662 3318 1717 οὐδ’
3352 1663 3436 1717 ὃτι
3469 1662 3820 1718 συλλαϐοῦσα

2220 1754 2353 1818 Εὕα,
2385 1754 2417 1825 ἦ
2458 1754 2665 1823 Σάρρα,
2703 1752 3048 1825 ἢἘλισάὁετ
3080 1752 3319 1823 ἐξήγαγε
3346 1752 3546 1823 ψυχὴν,
3590 1754 3707 1808 ἀλλ’
3736 1754 3825 1810 ὅτι

2218 1845 2477 1916 ἐγέννησε
2526 1842 2756 1897 παιδίον.
2817 1842 2972 1896 Διατί
3015 1842 3072 1896 δὲ
3113 1842 3222 1915 ἄρα
3275 1843 3528 1897 πλεῖσται
3577 1843 3823 1914 μητέρες

2216 1934 2393 2004 ψυχῆς
2437 1931 2635 2004 ἔρημα
2660 1930 2963 1985 ἀποκύουσι
3007 1931 3146 2000 μόνα
3177 1928 3249 1984 ea
3276 1930 3531 2001 σώματα,
3561 1930 3723 2002 εἴπερ
3747 1926 3821 2003 ἦν

2216 2024 2407 2085 αὑταῖς
2438 2022 2664 2076 δυνατὸν
2698 2020 2942 2092 ἔμψυχον
2978 2020 3244 2093 ἀποδεῷειν
3272 2021 3333 2074 τὸ
3364 2021 3639 2093 έμϐρυονς
3673 2022 3823 2077 διατί

2214 2115 2271 2168 δὲ
2298 2090 2741 2186 νεκροτοκοῦσαι,
2772 2090 3144 2167 ἐπιάιωκύουιῖι
3172 2114 3268 2167 καὶ
3304 2090 3687 2185 ὀλοξρύρονται,
3720 2114 3822 2170 καὶ

2220 2204 2295 2277 μὴ
2328 2202 2484 2268 αὖθις
2531 2206 2630 2275 τὴν
2655 2203 2835 2276 ψυχὴν
2879 2201 2956 2274 τῷ
2982 2203 3163 2276 νεκρῷ
3197 2204 3525 2267 ἐντιθέασιν,
3550 2207 3712 2277 εἰπερ
3749 2200 3822 2277 ἦν

2216 2298 2405 2360 αὑταῖς
2436 2294 2653 2365 θεμιτὸν
2678 2294 2862 2365 ψυχὴν
2881 2294 3188 2365 ἀπογεννᾷν
3210 2311 3226 2360 ;
3261 2294 3379 2355 πῶς
3412 2292 3471 2347 δὲ
3498 2294 3702 2358 παντὸς
3718 2295 3825 2366 ἑμ-

2214 2388 2387 2459 ψύχου
2423 2387 2628 2458 σιδήρῳ
2657 2386 2994 2457 τεμνομένου
3045 2384 3078 2455 ἢ
3106 2383 3522 2454 ἀμυσσομένου,
3553 2379 3715 2446 αὖθις
3755 2384 3824 2438 τὸ

2214 2473 2355 2549 αἷμα
2393 2479 2675 2549 προχεῖται
2700 2474 3022 2547 κρουνηδδν,
3043 2476 3139 2527 καὶ
3168 2474 3564 2545 περιφοινίττει
3586 2472 3649 2526 τδ
3676 2475 3819 2527 ὑπο-

2215 2571 2495 2641 κείμενον’
2525 2570 2560 2639 ἡ
2580 2568 2636 2621 δὲ
2670 2568 2868 2639 χέρσος
2892 2565 3199 2637 ἀρουμένη,
3230 2566 3324 2618 καὶ
3352 2564 3525 2635 λίσγῳ
3570 2564 3821 2637 διαιρου-

2220 2661 2377 2732 μένη,
2402 2662 2494 2714 καὶ
2526 2662 2606 2723 εἰς
2628 2659 2806 2731 φρέαρ
2824 2656 3188 2729 ὀρυττομένη,
3217 2658 3280 2710 οὐ
3310 2656 3431 2729 βοᾷ,
3475 2657 3575 2727 οὐχ
3618 2655 3822 2729 αἱμορ-

2216 2754 2398 2825 ραγεῖ,
2416 2751 2478 2803 οὐ
2501 2748 2988 2821 περιφοινίττεται,
3006 2747 3068 2802 οὐ
3089 2750 3330 2818 καματοῖ
3347 2748 3471 2812 τοὺς
3494 2747 3820 2811 πταίοντας,

2216 2845 2470 2914 καθάπερ
2506 2842 2575 2895 τὰ
2602 2841 2821 2914 ἔμψυχα
2851 2839 3033 2895 πάντα
3060 2841 3310 2910 πέφυκες
3346 2839 3467 2902 πῶς
3497 2839 3555 2892 δὲ
3586 2839 3657 2892 τὰ
3689 2838 3824 2892 σκό-

2217 2939 2368 3008 ροδα,
2394 2937 2427 3006 ἢ
2456 2935 2740 3005 κρόμμυα,
2773 2933 2807 3005 ἦ
2838 2933 2907 2986 τά
2940 2931 3106 2986 λοιπά
3136 2930 3245 2983 τῶν
3268 2929 3454 2999 φυτῶν
3488 2930 3739 3001 μαχαίρᾳ
3784 2928 3822 3000 ἦ

2212 3026 2457 3101 δρεπάνῃ
2486 3025 2819 3096 τεμνόμενα,
2858 3025 2961 3096 οὐχ
3001 3024 3351 3095 αἱμάττεται,
3392 3023 3550 3096 εὗπερ
3591 3022 3824 3093 ἔμψυχα

2215 3118 2473 3189 ὑπάρχει,
2507 3116 2653 3170 κατά
2673 3115 3010 3185 Μανιχαίους
3030 3116 3157 3178 τοὺς
3180 3114 3554 3182 εἰκαιολὼίους
3590 3115 3688 3167 καὶ
3711 3129 3823 3184 μα-

2212 3212 2575 3282 ταιόφρονας,
2612 3210 2741 3273 τοὺς
2768 3209 2871 3281 τὴν
2910 3210 3137 3263 ἐκείνων
3154 3208 3429 3278 νδύσοδμον
3456 3208 3824 3280 κακοφημίαν

2212 3304 2271 3357 ὲν
2292 3305 2413 3366 ταῖς
2438 3303 2588 3370 σφῶν
2615 3300 2816 3371 ψυχαῖς
2840 3301 3239 3372 περιφέροντας
3266 3318 3281 3365 ;
3326 3300 3442 3353 Πᾶν
3473 3298 3532 3353 δὲ
3566 3299 3821 3370 ἔμψυχον

2213 3394 2463 3465 χερσαῖον
2505 3410 2566 3445 τε
2617 3392 2716 3446 καὶ
2751 3392 2962 3446 ἐνάλιον
2998 3392 3218 3454 πάντως
3251 3390 3403 3444 ἔσται
3446 3390 3538 3444 xal.
3562 3390 3817 3461 ἔναιμον.

2213 3481 2327 3533 Οὐκ
2379 3477 2621 3551 ἔμψυχος
2652 3479 2832 3533 τοίνυν
2862 3482 2895 3551 ὴ
2927 3482 3032 3549 γῆ,
3076 3479 3199 3533 οὐδέ
3245 3496 3298 3532 τι
3346 3478 3454 3532 τῶν
3506 3480 3727 3547 φυτῶν,
3781 3479 3820 3550 ἢ

2212 3575 2536 3645 φωστήρων.
2594 3572 2822 3626 Οὐδέπω
2866 3572 2977 3644 γὰρ
3010 3574 3141 3644 περὶ
3170 3572 3377 3625 τούτων
3404 3573 3571 3643 φησιν
3612 3574 3646 3641 ἡ
3692 3572 3823 3626 θεία

2212 3664 2423 3735 Πυκτὴ,
2472 3665 2555 3718 ὅτι
2591 3664 2925 3735 ἐνεφύσησεν
2958 3664 3141 3729 αὐτοῖς
3175 3662 3345 3735 πνοὴν
3374 3664 3517 3732 ζωῆς
3554 3662 3823 3735 καθάπερ

2211 3757 2303 3808 ἐπὶ
2344 3755 2439 3809 τοῦ
2484 3754 2772 3824 ἀνθρώπου
2819 3754 3002 3827 φησίν.
3046 3756 3263 3823 Ἀπαγε
3301 3750 3396 3808 οὗν
3437 3755 3538 3823 τῆς
3582 3754 3821 3809 ἐκείνων

2211 3844 2539 3915 παροινίας,
2599 3847 2693 3899 καὶ
2736 3846 3092 3916 φρενήτιδος,
3142 3845 3301 3910 ἀξιῶ.
3359 3846 3477 3897 Πᾶν
3518 3846 3628 3917 γὰρ
3668 3845 3821 3911 ζῶον

2210 3935 2388 4005 ἑαυτῷ
2414 3936 2597 4005 ὅμοιον
2625 3937 2821 4007 γεννᾷ,
2876 3934 3004 4007 βοῦς
3034 3935 3192 4006 βοῦν,
3248 3936 3345 3991 καὶ
3386 3937 3550 3999 ἵππος
3579 3937 3814 4007 ὁμοίως,

2210 4027 2303 4081 καὶ
2342 4028 2543 4100 ὼρκάς
2586 4030 2681 4083 καὶ
2731 4028 2912 4100 τίγρις
2945 4030 3039 4083 καὶ
3087 4030 3157 4083 τά
3186 4029 3468 4101 ἀχθοφόρα
3514 4029 3624 4083 τῶν
3680 4031 3819 4084 ὑπο-

2209 4118 2447 4187 ζυγίων,
2497 4121 2591 4173 καὶ
2645 4120 2915 4192 αἱμοὸὁρα
2961 4120 3072 4174 τῶν
3123 4120 3367 4193 θηρίων,
3423 4116 3655 4176 ἕκαστον
3706 4123 3819 4193 τῆς

2208 4211 2413 4274 οἰκείας
2452 4210 2667 4280 φύσεως
2703 4212 2798 4268 καὶ
2824 4210 2993 4282 μόνης
3035 4212 3268 4283 ὑπάρχει
3304 4213 3643 4282 γεννητικόν.
3680 4215 3817 4278 Πῶς

2208 4296 2303 4355 οὖν
2321 4305 2354 4371 ἠ
2380 4302 2572 4374 χέρσος
2608 4303 2695 4355 οἶα
2721 4320 2783 4356 τε
2807 4299 2876 4375 ἦν
2901 4304 3030 4374 μιᾶς
3064 4302 3385 4373 ὑπάρχοντα
3420 4303 3636 4374 φύσεως
3654 4344 3671 4368 ,
3718 4322 3815 4357 τοο

2210 4394 2415 4457 σαύτας
2474 4396 2846 4467 ἀπογεννῆσαι
2895 4395 3110 4467 ψυχὰς,
3167 4396 3473 4466 ἀλλογενῶν
3524 4397 3618 4449 καὶ
3675 4398 3813 4449 ἀνο-

2212 4484 2379 4557 μοίών
2402 4484 2575 4551 ζώων,
2608 4488 2656 4540 εἰ
2688 4486 2762 4557 μὴ
2795 4486 2874 4557 τῷ
2895 4488 3045 4558 θείῳ
3075 4488 3462 4560 προστάγματι
3490 4487 3813 4560 ὲμψυχοῦτο

2206 4575 2275 4632 τὰ
2314 4577 2759 4649 ὲκϐραττόμενας
2813 4579 2931 4642 πῶς
2976 4579 3033 4633 δὲ
3063 4580 3156 4633 καὶ
3193 4579 3263 4633 τὰ
3316 4579 3485 4633 ὕδατα
3524 4578 3600 4651 τῷ
3644 4580 3814 4650 αὐτῷ

2208 4667 2502 4721 ὑπείκοντα
2528 4668 2881 4739 οεσπίσματι,
2916 4672 3045 4741 μιᾶς
3074 4669 3388 4741 ὑπάρχοντα
3421 4670 3655 4737 φύσεως,
3696 4687 3809 4740 μαι

2204 4757 2380 4830 λακῆς
2408 4777 2469 4814 τε
2496 4762 2592 4814 καὶ
2630 4761 2820 4832 ρυτῆς,
2865 4763 3032 4833 μυρία
3064 4762 3199 4831 γένη
3243 4761 3472 4816 πλωτῶν
3514 4761 3810 4833 ἐμψύχων,

2206 4848 2390 4917 κητῶν
2423 4865 2484 4901 τε
2526 4837 2626 4903 κάκ
2656 4848 2918 4921 σελαχῶν,
2949 4852 3011 4904 ὲν
3064 4852 3165 4923 μιᾷ
3190 4851 3383 4923 καιροῦ
3414 4855 3556 4924 ῥοπῇ
3594 4852 3813 4921 ὁμοίως

2204 4945 2270 5013 τῇ
2304 4945 2373 5013 γῇ
2424 4942 2799 5015 ὲξωμόρξατος
2845 4946 2880 5015 ἡ
2914 4944 3134 5015 μαλακή
3169 4961 3228 4996 τε
3278 4945 3371 4999 καὶ
3408 4944 3542 5015 ῥυτη
3566 4944 3813 5015 σώματα

2205 5033 2603 5103 ἐμψυχωμένα,
2638 5033 2844 5106 στερῥά
2872 5051 2933 5087 τε
2957 5034 3055 5087 καὶ
3086 5034 3343 5105 πετρώδη
3368 5035 3705 5104 ὲννηχόμενα
3732 5038 3809 5106 τῇ

2204 5124 2426 5195 ἀϐύσσῳ
2447 5167 2461 5190 ,
2506 5119 2657 5197 δρεσι
2687 5124 2766 5197 τῷ
2794 5126 3017 5197 μεγέθει
3060 5108 3465 5198 Ζιιαρισούμενα,
3492 5125 3670 5194 φῶκαι
3704 5127 3813 5179 xa‘l.

2204 5216 2483 5285 φάλαιναι,
2510 5217 2729 5288 πρίονες
2756 5218 2849 5271 καὶ
2877 5217 3095 5290 γαῦροι,
3128 5217 3224 5270 καὶ
3251 5216 3321 5270 τά
3350 5215 3515 5269 λοιπά
3548 5215 3809 5287 φρικώδη

2203 5309 2268 5377 τῇ
2310 5305 2499 5377 κλήσει
2531 5308 2625 5360 καὶ
2656 5307 2777 5377 ὄψει
2823 5308 3062 5379 ὲμϐύθια
3093 5307 3228 5376 ζῶα,
3257 5307 3403 5379 ἅπερ
3433 5308 3493 5361 οὐ
3533 5305 3625 5361 τοῦ
3660 5326 3812 5380 παρ-

2203 5397 2355 5460 όντος
2383 5398 2577 5468 καιροῦ
2612 5399 3037 5471 ἀνερμηνεύειν;
3071 5398 3197 5463 Πῶς
3228 5395 3344 5463 οὖν,
3368 5398 3529 5471 εἴπερ
3564 5398 3663 5470 μία
3696 5402 3811 5470 φύς

2204 5507 2287 5553 σις
2310 5490 2553 5561 ἔμψυχος
2574 5490 2637 5544 τὸ
2668 5490 2835 5563 ὕδωρ,
2908 5492 3253 5566 ἀναρίθμητα
3282 5493 3554 5566 ὲξέρῤωσε
3576 5494 3691 5563 (55)
3720 5498 3813 5562 γὲ-

2201 5598 2267 5651 νη
2291 5582 2518 5634 πλωτῶν
2563 5600 2623 5636 τε
2672 5582 2767 5637 καὶ
2813 5583 3031 5656 πτηνῶν
3066 5584 3367 5655 ἐτεροφυῆ,
3421 5584 3515 5637 καὶ
3546 5584 3810 5655 ἑτερόόια

2204 5674 2296 5729 καὶ
2326 5676 2588 5746 ἀμφίϐια,
2612 5675 2708 5731 νῦν
2746 5675 2845 5748 μὲν
2871 5674 2965 5730 ἐπὶ
2994 5676 3095 5747 τῆς
3120 5676 3343 5748 χέρσου,
3370 5674 3467 5731 νῦν
3501 5675 3559 5730 δὲ
3594 5677 3653 5733 ὲν
3684 5681 3812 5744 τοὶς
