4032 6312
174 541 310 594 ὕδασι
350 536 713 608 διαιτώμενα,
747 537 795 590 οἱ
830 534 1062 607 Νειλῷοι
1102 536 1203 605 τῆς
1231 532 1512 602 Αἰγύπτου
1544 531 1746 603 κροκό-

171 633 336 697 δειλοι,
361 634 407 685 οἱ
432 633 683 704 ἑσπέριοι
703 631 1007 685 Φυσωνῖται
1041 627 1436 698 κυνοπὸταμοι,
1456 627 1505 680 oi
1523 625 1746 698 Εὐφρα-

170 726 329 795 τήσιοι
355 724 588 796 γρῦπες,
617 726 667 777 οἱ
693 720 1047 794 τελματήσιοι
1081 720 1366 792 βάτραχοι,
1381 719 1432 772 οἱ
1461 719 1593 791 παρ’
1614 720 1748 790 ἡμῖν

171 816 340 885 ἐχῖνοι,
368 815 461 868 καὶ
495 814 688 867 κύκνοι
714 831 744 889 ς,
761 813 870 866 Καὶ
905 811 1080 884 μυρία
1106 829 1190 875 τις
1214 809 1470 881 εὑρήσειε
1493 808 1604 862 τῶν
1638 809 1749 879 άμ-

171 906 349 976 φισίων
377 906 532 975 γένη,
550 905 650 959 νῦν
679 905 778 976 μὲν
798 905 892 959 ἐπὶ
919 905 1028 958 τῶν
1055 901 1340 974 λειμώνων
1356 901 1451 956 καὶ
1474 901 1750 971 μεδίμνων

171 997 665 1070 στερμολογοῦντα,
712 998 746 1069 ἢ
808 995 1239 1068 ποηφαγοῦντα,
1288 994 1430 1067 alta"
1455 998 1570 1059 τοῖς
1619 1012 1748 1066 χερ-

168 1092 322 1154 σαίοις
354 1089 548 1156 ζώοις·
578 1090 674 1143 νῦν
698 1089 755 1142 δὲ
786 1091 845 1144 ὲν
869 1093 984 1154 τοῖς
1005 1088 1166 1143 ὕδασι
1203 1087 1275 1142 τὰ
1305 1088 1612 1159 λεπτότερα
1637 1087 1749 1140 τῶν

1558 413 1908 474 DIALOCUS
1947 411 2011 468 11.

3342 395 3450 455 9'10

1857 527 2010 600 poris
2055 525 2371 598 expositio?
2401 521 2690 592 Quomodo
2733 518 2923 591 igitur,
2974 515 3020 571 si
3070 512 3292 585 quidem
3339 525 3450 566 una

1853 631 2052 678 natura
2085 621 2329 675 animata
2357 627 2443 675 est
2471 631 2638 690 aqua,
2681 615 2974 669 innumera
3001 607 3331 664 etlluxerunt
3357 619 3454 675 ge-

1853 728 1986 768 nera
2027 711 2342 767 natatilium
2388 715 2445 764 et
2477 704 2808 766 volatilium,
2861 700 3021 755 aliter
3053 696 3360 760 nascentia,
3397 700 3454 749 et

1852 808 2015 863 aliter
2043 805 2309 868 viventia,
2343 809 2397 857 et
2440 799 2663 872 quidem
2698 797 2920 852 diverso
2964 792 3114 847 victu
3153 787 3397 845 viventia
3433 803 3450 841 :

1854 914 2004 955 nunc
2031 895 2254 969 quidem
2285 909 2450 965 super
2485 902 2716 955 terram,
2758 902 2906 944 nunc
2941 900 3076 941 vero
3098 882 3154 937 in
3183 878 3343 952 aquis
3367 877 3453 932 vi-

1854 1001 2004 1048 ctum
2062 987 2408 1062 quaerentia?
2456 983 2648 1040 Niliaci
2703 991 2833 1038 sunt
2878 979 2936 1034 in
2981 977 3220 1049 Egypto
3256 986 3456 1028 croco-

1855 1084 1983 1154 dili;
2022 1083 2092 1140 ad
2143 1079 2543 1138 occidentalem
2591 1074 2903 1148 Physonem
2953 1084 3124 1125 canes
3168 1062 3453 1129 ﬂuminei;

167 1183 375 1236 πλωτῶν
402 1182 774 1254 διανηχόμενα
803 1181 1144 1245 κατεσθίειν,
1194 1181 1334 1253 ὅπερ
1358 1180 1456 1235 καὶ
1486 1157 1557 1234 τά
1589 1179 1750 1250 αἱμο-

1874 1177 2172 1257 Buphratasi
2224 1173 2484 1247 gryphas,
2530 1170 2807 1241 palustres
2849 1179 3022 1228 ranae,
3079 1169 3138 1218 et
3165 1157 3309 1257 apud
3352 1168 3456 1210 nos

167 1276 286 1344 ϐόρα
308 1273 416 1328 τῶν
443 1275 722 1346 χερσαίων
752 1276 928 1328 ποιεῖν
960 1274 1223 1344 πέφυκεν.

1874 1248 2041 1325 :cbini
2067 1275 2122 1322 et
2147 1265 2330 1338 cygni.
2360 1265 2539 1334 Atque
2566 1261 2857 1316 innumera
2882 1255 3010 1327 quis
3036 1248 3311 1308 invenerit
3338 1259 3458 1301 am-

168 1343 459 1434 phibiorum
489 1343 712 1436 genera,
759 1381 882 1435 quae
915 1343 1065 1420 nunc
1106 1365 1329 1436 quidem
1359 1363 1416 1419 in
1451 1363 1625 1434 pratis
1659 1371 1714 1418 et
1744 1359 2039 1421 medimnis
2073 1359 2285 1415 semina
2313 1356 2602 1426 colligunt,
2634 1360 2732 1408 aut
2763 1349 2964 1405 herbas
2991 1343 3314 1406 comedunt,
3345 1352 3457 1394 una

166 1474 280 1514 cum
319 1461 686 1516 terrestribus
728 1462 1063 1516 animalibus
1100 1481 1113 1516 :
1171 1476 1322 1517 nunc
1356 1475 1489 1516 vero
1528 1461 1584 1516 in
1623 1457 2060 1531 aquis’natantia
2090 1457 2324 1512 leviores
2355 1451 2706 1510 ﬂuviatilium
2739 1448 2895 1504 cibos
2935 1441 3274 1502 comedunt:
3307 1436 3457 1509 quod

162 1562 216 1609 et
241 1556 533 1608 crudivora
557 1570 623 1609 ex
659 1554 1019 1610 terrestribus
1055 1551 1237 1608 facere
1275 1552 1477 1607 solent.
3026 1545 3034 1550 ’

238 1645 372 1700 Ἀλλ’
405 1647 504 1700 ἐπὶ
545 1645 606 1698 τὸ
652 1647 1018 1718 προκείμενον
1050 1645 1179 1710 τοὺς
1220 1645 1418 1709 οἴακας
1466 1642 1560 1699 τοῦ
1588 1642 1752 1712 λόγου

1933 1642 2042 1698 Sed
2086 1641 2152 1697 ad
2189 1639 2534 1712 propositum
2585 1649 2897 1694 sermonem
2943 1628 3314 1704 gubernacula
3341 1640 3460 1681 ver-

163 1738 461 1810 τρέφωμεν,
491 1741 605 1803 τοῖς
638 1717 1002 1810 προφητικοῖς
1029 1737 1291 1808 ἑπόμενοι
1325 1735 1614 1809 δόγμασιν.
1648 1734 1750 1789 Οὐ-

1874 1749 2063 1802 amus,
2101 1733 2422 1807 prophetica
2460 1729 2638 1789 secuti
2678 1729 2957 1799 dogmata.
2997 1723 3279 1792 Nusquam
3311 1717 3458 1774 enim

160 1830 297 1884 δέπω
322 1831 432 1899 γὰρ
462 1830 710 1902 ἔμψυχον
749 1829 849 1902 τὴν
882 1829 989 1901 γῆν
1015 1829 1437 1898 ἀποφαίνονται.
1463 1827 1603 1883 ἀλλὰ
1631 1825 1757 1900 θείᾳ.

1874 1837 2068 1884 terram
2113 1827 2414 1881 animatam
2461 1816 2987 1897 pronuntiant,lsed
3031 1814 3215 1870 divina
3259 1812 3464 1874 virtute

165 1921 313 1995 ῥώμῃ
351 1923 448 1976 καὶ
485 1901 761 1993 πνεύματι
803 1901 1193 1993 ίὲμψυχοῦσθαι
1237 1922 1308 1974 τά
1362 1920 1580 1992 ἐκείνης
1621 1921 1753 1974 ἀπο-

1874 1925 1920 1973 et
1953 1916 2151 1988 spiritu
2180 1913 2416 1970 animari
2458 1928 2526 1968 ex
2563 1912 2682 1982 ipsa
2725 1908 3077 1980 pullulantia,
3118 1904 3307 1960 divino
3333 1901 3462 1992 qui-

163 1989 475 2084 6ράσματα’
530 1989 642 2068 τοῦ-
671 2013 770 2085 μὲν
813 1989 1102 2067 θεσπεσίου
1151 2011 1318 2066 Δαδὶδ
1349 1989 1746 2083 μελῳδοῦντοςο

1874 2009 1985 2064 iem
2013 2008 2218 2064 Davide
2245 2014 2501 2073 canente,
2533 2002 2717 2060 Mitte:
2748 2000 3011 2072 Spiritum
3035 2009 3209 2063 tuum,
3238 2006 3288 2052 et
3314 1989 3465 2050 crea-

171 2103 546 2170 Ἇποστελεῖς
591 2102 660 2156 τὸ
687 2101 934 2171 Πνεῦμὰ
967 2115 1108 2166 σου,
1145 2102 1245 2155 καὶ
1278 2100 1716 2169 κτισθήσονται
1736 2117 1752 2132 ο

1874 2101 2123 2155 buntur"
2153 2119 2167 2156 :
2194 2100 2337 2156 lsaia
2369 2114 2501 2155 vero
2533 2098 2683 2155 velut
2730 2095 2784 2152 in
2828 2108 3065 2168 persona
3094 2092 3191 2149 Dei
3238 2089 3466 2146 manife—
3542 2150 3545 2152 ,

161 2192 246 2247 τοῦ
267 2193 323 2246 δὲ
365 2193 595 2248 Ἡσαΐου
627 2193 704 2257 ὡς
734 2193 801 2247 ἑκ
837 2190 1140 2265 προσώπου
1173 2190 1270 2246 τοῦ
1294 2190 1430 2246 Θεοῦ
1456 2176 1758 2265 διαρρήδην

1874 2202 1949 2250 ito
1995 2195 2269 2262 clamante
2297 2213 2309 2248 :
2350 2192 2462 2265 Ego
2488 2181 2633 2248 Dens
2666 2192 2758 2262 qui
2792 2189 2894 2259 feci
2938 2187 3128 2243 caelum
3156 2195 3208 2240 et
3238 2195 3463 2247 terram,

161 2284 384 2355 βοῶντος
412 2302 426 2315 ·
453 2284 609 2354 Ἐγὼ
638 2287 671 2339 ὁ
704 2284 851 2351 Θεὸς
881 2287 914 2339 ό
943 2281 1211 2354 ποιήσας
1230 2281 1495 2352 οὐρανὸν
1521 2282 1621 2335 καὶ
1642 2281 1759 2351 τὴν

159 2377 289 2448 τῆν,
304 2379 402 2433 καὶ
425 2376 636 2443 διδοὺς
667 2376 869 2444 πνοὴν
890 2375 1040 2444 ζωῆς
1061 2376 1187 2443 τοῖς
1210 2375 1514 2433 πατοῦσιν
1538 2374 1756 2439 αὐτήν.

745 2469 998 2523 ΠΕΥΣΙΣ
1031 2469 1151 2523 Pl".

225 2560 389 2616 Οὐδὲν
431 2559 764 2633 μυκώμενον
785 2599 800 2622 ,
842 2561 876 2631 ἢ
911 2559 1257 2632 ὠρυόμενον,
1298 2559 1506 2630 ἄψυχον
1525 2557 1760 2629 λέγομεν

159 2653 458 2725 ὑπάρχεινο
517 2653 638 2716 πῶς
688 2653 940 2725 ὠρυάται
977 2651 1090 2724 ('56)
1123 2652 1156 2722 ἡ
1194 2653 1267 2724 γῆ
1290 2691 1308 2720 ,
1366 2652 1529 2720 εἴπερ
1552 2651 1760 2722 ἄψυχός

160 2745 289 2812 ἐστι,
322 2746 421 2799 καὶ
453 2746 700 2814 μυκᾶται
729 2744 1022 2815 σειομένης

777 2836 1150 2904 Ἀπόκρισις.

236 2928 474 2999 Ὁμοίως
495 2929 564 2999 τῇ
589 2925 835 3001 Θαλάττῃ
855 2929 969 2991 τοῖς
996 2927 1275 2996 ὑπογείοις
1304 2926 1582 2998 πνεύμασι
1613 2926 1762 2994 διογ-

159 3024 394 3097 κουμὲνη
421 3063 437 3087 ,
481 3020 595 3086 οἷον
647 3023 826 3096 ῥοῖζόν
868 3040 993 3076 τινα
1035 3022 1068 3093 ἢ
1112 3020 1403 3094 μυκηθμὸν
1444 3020 1759 3077 ἀποδίδωσι.

161 3117 264 3171 Καὶ
293 3117 407 3189 γὰρ
443 3115 630 3187 ἐκείνη
658 3114 922 3178 πολλάκις
951 3115 1018 3186 τῇ
1066 3112 1432 3182 ἀναθυμιάσει
1454 3112 1551 3165 τοῦ
1598 3110 1761 3173 βυθοῦ

162 3195 496 3282 σαλευομένη
535 3209 632 3264 καὶ
671 3207 1066 3274 ὲξοιδαίνουσα,
1099 3203 1234 3280 ἦχον
1275 3205 1555 3270 ἀποτελεῖ,
1588 3220 1760 3276 προσ-

162 3301 507 3374 αραττομένη
556 3301 762 3372 ἑαυτὴν
789 3299 1113 3372 τρικυμίαις
1145 3315 1159 3330 ·
1199 3297 1294 3352 τοῦ
1345 3298 1403 3352 δὲ
1450 3297 1764 3368 πνεύματος

161 3391 498 3463 ἠρεμοῦντος
525 3386 579 3446 εἴ
597 3390 712 3463 (37)
731 3389 939 3462 ἄψυχος
960 3406 973 3420 °
1004 3389 1186 3460 βοῶσα
1205 3389 1263 3443 δὲ
1285 3390 1382 3441 καὶ
1419 3387 1761 3460 κοιμωμένη,

163 3482 381 3554 βαθεῖαν
420 3483 536 3557 ἔχει
567 3482 831 3555 γαλήνην.
861 3484 932 3537 Ἦ
964 3481 1174 3536 δοκεῖτε
1195 3481 1296 3545 τὰς
1332 3481 1542 3552 ὑδρίας,
1573 3480 1605 3550 ἢ
1639 3480 1761 3542 τοὺς

161 3574 381 3641 πίθους,
423 3574 650 3647 ἔμψυχα
691 3575 981 3646 ὑπάρχειν,
1027 3566 1413 3644 ὧν-ἀκούομεν
1439 3571 1765 3644 ροιζούντων

163 3669 252 3721 καὶ⁵
291 3667 642 3738 μυκωμένων
674 3668 741 3737 τῇ
781 3665 875 3720 τοῦ
921 3664 1108 3736 ἀερίου
1143 3664 1454 3733 πνεύματος
1481 3663 1767 3734 διαφοιτήο-

162 3775 281 3824 σει;
321 3758 718 3832 Σφαττομὲνης
770 3759 828 3812 δὲ
881 3759 983 3830 τῆς
1030 3757 1189 3827 αἰγὸς
1236 3757 1331 3810 καὶ
1379 3756 1766 3828 πτησσομένης

162 3849 337 3921 πάντη
373 3849 489 3919 ['58)
535 3849 698 3920 δῆλον
748 3850 960 3920 ἄψυχον
996 3849 1264 3920 ὑπάρχειν
1304 3848 1365 3902 τὸ
1403 3847 1626 3903 κώδιον·
1685 3849 1767 3910 εἰς

160 3941 329 3996 ἀσκὸν
367 3941 416 3994 δ’
450 3940 898 4012 ἐξεργασθέντος,
930 3940 1027 3994 καὶ
1075 3938 1350 4011 πνεύματι
1397 3938 1764 4003 διαταθέντος,

161 4028 278 4087 εἶτα
312 4033 482 4087 πάλιν
512 4031 591 4104 τῷ
623 4031 849 4104 πιεσμῷ
884 4032 996 4086 τῶν
1037 4032 1240 4104 χειρῶν
1269 4031 1430 4104 ἡμῶν
1461 4032 1768 4103 ὲκπνεόμε-

169 4137 256 4187 νος
279 4164 296 4188 ,
373 4120 495 4187 πῶς
576 4124 755 4195 ροίξὸν
783 4141 940 4181 τινα.
984 4123 1018 4196 ἢ
1052 4122 1346 4195 μυκηθμὸν
1384 4122 1707 4175 ἀποδίδωσιν
1738 4123 1769 4176 6

160 4213 406 4285 ἄψυχοςς
437 4212 565 4277 Πῶς
587 4212 647 4266 δὲ
678 4213 841 4267 πάλιν
877 4212 958 4283 τῷ
982 4212 1233 4286 μουσικῷ
1280 4213 1553 4266 ὑποπνέον
1599 4212 1767 4285 ὀργά-

163 4325 258 4379 νῳ,
304 4311 376 4378 τῇ
413 4305 649 4378 ποδηγίᾳ
678 4305 776 4360 τοῦ
820 4305 1074 4370 ἀστάτως
1122 4305 1431 4375 ἐφεστῶτος
1459 4307 1570 4359 πᾶν
1607 4305 1767 4376 μέλος

159 4401 590 4472 διακεχυμένον,
629 4401 822 4472 γοερόν
863 4417 922 4454 τε
957 4400 1053 4454 καὶ
1088 4400 1279 4454 ὕπτιον
1322 4399 1412 4454 διὰ
1445 4399 1555 4452 τῶν
1585 4398 1767 4453 αὐλῶν

161 4495 430 4565 ἐκφωνῇ;
481 4489 570 4566 ἄρ’
621 4488 716 4568 οὖν
769 4490 920 4564 παρὰ
955 4492 1147 4545 τούτου
1202 4490 1480 4563 ἐμψύχους
1531 4490 1767 4562 ἐροῦμεν

159 4587 259 4651 τὰς
293 4587 717 4657 ὑποπνεομένας
768 4587 884 4650 τοῖς
925 4587 1205 4657 μουσικοῖς
1243 4585 1498 4654 ὀργάνοις
1541 4586 1606 4654 τῇ
1642 4582 1767 4654 βρο-

161 4678 272 4732 τῶν
295 4676 740 4751 ὲπινοίᾳςτὰςδὲ
774 4677 1094 4750 κιννυρικὰς
1125 4678 1347 4748 χορδὰς,
1379 4677 1473 4730 κα)⁹
1499 4676 1599 4739 τὰς
1623 4691 1763 4746 τυμ-

160 4771 405 4835 muas
431 4770 646 4843 δέρρεις
682 4770 938 4833 τιννύσας
970 4769 1066 4824 καὶ
1099 4769 1429 4840 βομϐοῦσας,
1457 4769 1552 4823 καὶ
1583 4783 1767 4839 μυκω-

166 4864 339 4934 μένας
385 4866 454 4936 τῇ
483 4865 667 4935 ἐπαφῇ
701 4864 796 4917 καὶ
834 4863 913 4935 τῷ
959 4863 1224 4935 πλήκτρῳ
1259 4863 1353 4917 τοῦ
1403 4861 1766 4932 κατέχοντος;

159 4955 360 5021 οὕτως
397 4973 487 5026 μοι
532 4953 644 5008 νόει
683 4955 778 5008 καί
820 4956 920 5023 τὴν
966 4955 1070 5025 γῆν
1119 4955 1373 5026 ἐνεργείᾳ
1405 4954 1548 5017 τινος
1575 4954 1765 5024 ἐτέρου

167 5050 508 5121 μυκωμένην
538 5048 630 5101 καὶ
653 5046 961 5119 σειομένην.

768 5225 1019 5279 ΠΕΥΣΙΣ
1055 5225 1172 5279 PA'.

233 5321 369 5382 Πῶς
395 5315 488 5374 οὖν
520 5321 572 5373 ot
606 5321 758 5391 τρεῖς
787 5317 973 5382 παῖδες
1018 5320 1200 5374 πᾶσαν
1227 5318 1327 5391 τὴν
1369 5319 1545 5373 κτίσιν
1588 5317 1766 5389 ἐμψυ-

154 5435 250 5487 κον
291 5411 654 5485 aestatim.
688 5412 906 5484 ᾅδοντες
948 5415 1008 5466 ὲν
1035 5415 1102 5484 τῇ
1142 5413 1380 5483 καμίνῳ,
1417 5413 1762 5482 Εὑλογεῑτε,

161 5509 375 5564 πάντα
399 5509 472 5562 τὰ
505 5507 649 5578 ἐργτι
684 5507 930 5576 Κυρίου.
960 5505 1069 5561 τὸν
1100 5507 1349 5575 Κύριον·
1381 5507 1622 5576 ὑμνεῖτε
1665 5508 1763 5560 καὶ

236 5699 284 5730 ⁷⁸
328 5697 471 5756 Psal.
503 5713 623 5766 cm,
650 5700 741 5756 50.
817 5700 866 5730 ’τ
908 5701 1012 5756 Isa.
1045 5716 1180 5764 XLII,
1207 5702 1261 5755 5.

259 5864 354 5940 ἕρ)
404 5865 886 5940 Ϊρριζᾶται.ἒῐ·”υι·ῑο
911 5869 1169 5940 ὠρύεται.
1209 5868 1369 5924 Ent't'.

263 5936 360 6006 5'7)
395 5936 483 6009 EI.
517 5936 835 5993 Forteéni.
874 5938 947 5992 In.

409 6029 680 6094 l’A't‘ttOL.
726 6034 842 6096 Gn.
879 6035 1236 6097 XXXVIII.

1859 2298 1909 2342 et
1933 2287 2026 2357 qui
2046 2286 2114 2340 do
2137 2287 2331 2356 ﬂatum
2363 2286 2484 2340 vitae
2515 2283 2764 2351 omnibus
2791 2281 3129 2336 calcantibus
3156 2293 3278 2331 eam
3302 2277 3368 2329 ⁷⁷.

2315 2464 2840 2524 INTERROGATIO
2877 2465 3010 2522 Clll.

1934 2563 2085 2620 Nihil
2107 2561 2256 2634 quod
2288 2561 2461 2632 mugit
2490 2569 2587 2615 aut
2612 2559 2780 2629 rugit,
2821 2558 3128 2613 inanimum
3164 2571 3289 2613 esse
3324 2556 3465 2610 dici-

1864 2675 2022 2727 mus;
2059 2656 2338 2729 quomodo
2369 2655 2538 2726 igitur
2567 2653 2715 2726 rugit
2746 2662 2916 2718 terra,
2955 2652 3000 2707 si
3024 2650 3246 2722 quidem
3281 2651 3463 2706 inam-

1864 2758 2011 2806 mata
2041 2759 2148 2816 est,
2175 2759 2231 2805 et
2273 2747 2555 2820 quomodo
2588 2747 2762 2818 mugit
2794 2745 3016 2816 quando
3038 2745 3396 2801 concutitur?

2474 2838 2785 2910 Responsio.

1945 2936 2215 2992 Similiter
2255 2943 2321 2990 ac
2369 2949 2524 2988 mare
2559 2932 2941 2988 subterraneis
2984 2931 3274 3003 spiritibus
3318 2931 3466 2985 intu-

1864 3043 2142 3091 mescens,
2192 3026 2353 3099 quasi
2409 3027 2704 3085 stridorem
2752 3026 2993 3096 aliquem
3038 3032 3135 3079 aut
3193 3025 3465 3096 mugitum

1865 3116 2067 3172 reddit.
2117 3113 2336 3170 Etenim
2377 3113 2514 3168 illud
2549 3127 2928 3184 saepenumero
2965 3124 3299 3182 evaporante
3338 3128 3469 3185 pro-

1868 3205 2020 3262 fundi
2062 3212 2200 3261 aastu
2251 3215 2591 3260 commotum
2632 3212 2686 3259 et
2723 3203 3033 3269 exundans,
3074 3205 3318 3259 sonitum
3353 3205 3470 3276 eme

1871 3299 1981 3364 cit,
2036 3297 2271 3353 allidens
2319 3297 2678 3367 semetipsum
2724 3297 2987 3367 procellis
3035 3297 3468 3354 vehementiori-

1871 3390 1996 3446 bus.
2030 3389 2365 3457 Quiescente
2393 3405 2524 3444 vero
2546 3387 2704 3452 ﬂatu,
2746 3387 2892 3442 velut
2923 3389 3288 3444 inanimatum
3317 3389 3467 3446 haud

1867 3480 2091 3544 clamat,
2139 3481 2234 3536 sed
2283 3478 2524 3550 sopitum
2573 3477 2968 3550 profunditatis
3011 3481 3467 3551 tranquillitatem

1869 3573 2051 3629 habet.
2089 3571 2401 3643 Ceteroqui
2431 3586 2562 3625 num
2601 3571 2806 3642 putatis
2836 3572 3064 3642 aquaria
3088 3589 3217 3629 vasa
3243 3573 3328 3628 vel
3367 3574 3470 3630 do-

1868 3665 1941 3720 lia
1977 3667 2220 3721 animata
2266 3679 2413 3728 esse,
2457 3679 2581 3734 quae
2610 3663 2870 3722 audimus
2919 3666 3210 3722 stridentia
3254 3678 3308 3723 et
3348 3687 3470 3725 mu-

1869 3757 2094 3828 gientia,
2140 3772 2265 3811 cum
2293 3765 2547 3828 penetrat
2575 3757 2759 3813 aerius
2810 3758 3082 3828 spiritus?
3113 3761 3297 3817 occisa
3338 3779 3469 3819 vero

1869 3865 2034 3920 capra
2080 3857 2136 3906 et
2166 3851 2471 3914 exeoriata,
2515 3849 2693 3905 cuivis
2747 3857 2970 3907 constat
3032 3852 3210 3922 ipsam
3271 3855 3465 3924 pellem

1871 3942 2172 3998 iuanimam
2210 3956 2372 4005 esse;
2411 3941 2464 3996 in
2503 3950 2679 3996 utrem
2709 3956 2842 3997 vero
2875 3950 3004 4000 cute
3041 3955 3382 4002 commutata
3412 3956 3468 4002 et

1869 4034 2066 4104 spiritu
2105 4033 2373 4098 distenta,
2402 4033 2601 4089 deinde
2654 4049 2850 4099 rursus
2887 4038 3303 4106 compressione
3350 4054 3472 4093 ma-

1869 4142 2043 4183 nuum
2079 4132 2398 4182 nostrarum
2434 4127 2638 4181 emisso
2666 4125 2819 4192 ﬂatu,
2856 4130 3133 4198 quomodo
3173 4132 3466 4188 stridorem

1870 4218 2164 4289 quemdam
2197 4226 2292 4273 aut
2314 4218 2584 4288 mugitum
2611 4218 2788 4273 reddit
2819 4219 3158 4277 inanimata?
3178 4221 3469 4288 Quomodo

1871 4311 2001 4364 item
2026 4308 2260 4364 'musico
2303 4309 2554 4365 serviens
2586 4296 2978 4376 instrumento,
3018 4312 3188 4386 ductu
3228 4315 3469 4370 hominis

1870 4402 2023 4457 varie
2058 4403 2150 4456 illo
2182 4401 2390 4456 utentis
2421 4402 2656 4471 quodvis
2693 4417 2916 4457 carmen
2959 4403 3216 4471 edicitur,
3261 4421 3325 4461 ac
3355 4415 3466 4462 tam

1872 4493 2181 4565 lugubriter
2205 4509 2371 4565 quam
2400 4493 2633 4549 remisse
2664 4509 2761 4564 per
2791 4494 3004 4551 ﬁstulas
3040 4500 3298 4552 resonat?
3327 4497 3467 4555 Num

1871 4588 2039 4660 igitur
2063 4587 2337 4641 animatas
2368 4585 2621 4656 dicemus
2669 4586 2817 4654 quod
2867 4587 3070 4644 inﬂata:
3117 4591 3347 4649 musicis
3384 4594 3470 4647 in-

1874 4689 2074 4736 sonaut
2107 4679 2498 4737 instrumentis
2542 4680 2827 4734 hominum
2867 4684 3467 4756 excogitatione?ltem

1870 4775 2212 4828 cithararum
2258 4771 2521 4838 chordas,
2572 4779 2628 4827 et
2664 4781 3052 4844 tympanorum
3099 4777 3268 4844 pelles
3298 4780 3468 4832 tinni-

1873 4877 1960 4920 tus
1998 4874 2054 4921 et
2097 4881 2265 4920 sonos
2293 4865 2490 4931 edunt,
2531 4881 2736 4935 perque
2766 4876 2970 4921 tactum
3022 4868 3144 4937 ejus
3185 4885 3214 4924 a
3241 4888 3352 4941 quo
3386 4882 3468 4928 ιθ-

1869 4967 2094 5021 nentur,
2137 4966 2413 5027 strepunt.
2459 4957 2538 5011 Ad
2593 4958 2740 5012 hunc
2776 4959 2999 5027 modum
3047 4961 3227 5032 cogita
3272 4972 3326 5018 et
3355 4973 3468 5021 ter-

1873 5065 2011 5112 ram,
2040 5064 2137 5118 per
2175 5049 2408 5103 alterius
2447 5048 2684 5118 alicujus
2716 5051 3116 5119 operationem,
3159 5056 3373 5126 mugire
3411 5066 3468 5113 et

1870 5144 2112 5198 concuti.

2326 5232 2850 5291 INTERROGATIO
2897 5235 3031 5292 CIV.

1943 5323 2230 5391 Quomodo
2268 5323 2439 5395 igitur
2489 5332 2603 5378 tres
2642 5323 2722 5377 illi
2775 5325 2929 5394 pueri
2978 5340 3196 5383 omnem
3256 5340 3468 5387 creatu-

1871 5429 1986 5466 ram
2010 5413 2302 5468 animatam
2340 5413 2616 5473 influunt,
2652 5419 2914 5467 canentes
2953 5413 3008 5467 in
3055 5414 3280 5472 fornace
3315 5441 3326 5474 :
3367 5419 3467 5474 Be-

1871 5505 2114 5570 ncdicite,
2131 5505 2312 5559 omnia
2337 5521 2496 5574 opera
2532 5502 2765 5569 Domini,
2793 5505 3100 5575 Dominum,
3131 5510 3392 5566 celebrate
3416 5524 3469 5568 et

1940 5866 2050 5952 (58')
2086 5863 2543 5990 1Πτηονσομὲνης
2597 5866 2817 5938 πάντη.
2864 5866 3027 5923 Forte
3073 5871 3464 5940 πτισσομένης,

1940 5954 2054 5990 ιντι.
2109 5955 2158 5990 n.

1872 5953 2054 5990 παντι.
2087 5953 2158 5993 ΙΙ).

3141 6032 3210 6092 31
