4032 6312
473 396 573 456 971

472 513 709 571 exultat:
731 512 907 582 ipsum
950 510 1005 566 in
1050 510 1268 567 sarcula.
1309 508 1634 574 Benedicite,
1682 510 1893 579 angeli,
1924 512 2065 575 caeli,

473 616 643 671 terra,
672 603 776 662 sol.
831 604 978 669 luna,
1027 609 1201 669 astra,
1249 617 1434 669 rores,
1464 602 1661 671 pluvia:
1707 603 1930 667 nivales,
1954 603 2073 674 gla-

473 701 601 762 cies,
636 698 803 759 nives,
827 697 947 757 ιιιω,
973 693 1226 761 leuebrw,
1251 703 1453 759 noctes,
1474 693 1853 761 dies,montes,
1887 694 2072 760 colles,

474 794 641 853 utare,
669 787 901 858 ﬂuinina
928 786 999 854 ",
1029 793 1087 843 et
1126 787 1313 843 omnia
1361 802 1486 858 qua:
1532 794 1842 859 sequuntur
1875 788 1902 843 ‘I
1935 786 2071 844 Nam

472 882 578 935 hoc
613 894 735 936 esse
766 878 857 933 illa
899 879 1143 935 animata
1172 878 1540 951 significatur.

1112 967 1428 1053 Responsio.

546 1059 615 1113 At
645 1074 755 1113 non
787 1058 969 1114 omnia
994 1058 1240 1115 animata
1276 1058 1521 1115 ostendit
1544 1074 1668 1117 esse
1694 1058 1915 1116 illorum
1942 1074 2073 1116 san-

471 1156 687 1210 ctorum
729 1149 988 1216 hymnus,
1007 1142 1207 1216 prater
1278 1146 1559 1213 homines,
1582 1148 1749 1203 etiam
1788 1147 2076 1205 bestiasct

473 1249 624 1294 cetos
664 1245 719 1293 et
746 1244 942 1293 caetera
977 1235 1259 1293 terrestria
1288 1244 1343 1295 et
1373 1237 1657 1311 aquatilia.
1704 1239 1895 1312 Angeli
1926 1238 2073 1295 enim

472 1330 809 1385 benedicunt
842 1338 899 1384 ut
929 1330 1228 1385 rationales
1271 1330 1506 1403 spiritus
1540 1338 1595 1388 et
1624 1324 2016 1388 mi‘uisteriales
2050 1348 2066 1398 ;

473 1422 598 1478 coeli
627 1430 833 1486 autem,
862 1435 975 1476 non
1027 1436 1283 1477 sermone
1335 1429 1390 1478 et
1415 1437 1569 1487 voce,
1604 1421 1701 1478 sed
1747 1423 2074 1494 suppedita-

473 1513 622 1569 tione
650 1512 909 1567 imbrium
933 1521 1002 1583 et
1043 1510 1198 1566 ﬁrma
1242 1502 1673 1579 constitutione;
1704 1512 1788 1569 sol
1812 1520 1994 1568 autem
2020 1521 2077 1568 et

471 1605 626 1670 luna,
662 1611 859 1660 exortu
889 1610 945 1657 et
978 1610 1169 1658 mutua
1220 1602 1609 1659 vicissitudine
1656 1618 1855 1658 cursus
1886 1612 1941 1659 et
1986 1619 2076 1657 ra-

471 1696 689 1752 diorum
712 1692 1198 1764 ejaculationibus.
1233 1690 1507 1748 Praeterea
1538 1693 1892 1763 processione
1918 1692 2075 1749 ordi-

470 1797 600 1842 nata
634 1786 829 1841 lucifer
857 1785 1078 1856 quidem
1124 1785 1271 1841 diem
1303 1784 1615 1851 annuntiat,
1647 1784 1914 1855 hesperos
1942 1800 2074 1841 vero

473 1878 777 1935 diversum.
809 1877 990 1934 Pleias
1027 1886 1331 1947 conspecta
1368 1877 1721 1932 securitatem
1756 1878 2065 1949 naviganti-

472 1972 579 2027 bus
606 1970 931 2042 pollicetur;
960 1969 1222 2026 occidens
1256 1982 1390 2024 vero
1414 1970 1754 2025 contrarium
1778 2009 1793 2023 .
1815 2010 1830 2024 .
1856 2012 1868 2025 .
1891 2012 1905 2025 .
1925 2012 1944 2029 .
1965 1971 2067 2025 ali-

470 2061 697 2132 quando
750 2060 968 2132 quidem
1019 2059 1088 2115 ad
1139 2060 1464 2123 matutinas,
1505 2058 1805 2131 aliquando
1838 2075 1968 2116 vero
1997 2061 2063 2116 ad

388 2222 415 2229 ἡ
473 2154 816 2226 vespertinas
846 2161 1034 2224 partes
1062 2167 1218 2208 axem
1244 2150 1476 2208 ﬂectens
1495 2191 1511 2216 ,
1542 2163 1758 2208 noctem
1790 2160 1846 2208 et
1885 2153 2063 2207 lucem

474 2244 770 2315 signiﬁcat.
823 2244 997 2301 Terra
1027 2259 1160 2301 vero
1208 2242 1483 2300 fructibus
1511 2243 1824 2316 benigniter
1877 2244 2068 2300 fovens

474 2338 756 2399 mortales,
784 2336 968 2392 laudat
997 2336 1312 2392 Dominum.
1358 2335 1507 2419 Mare
1542 2337 1909 2407 prosperitate
1939 2351 2069 2406 pro-

472 2428 797 2496 fectionum,
845 2435 901 2484 et
954 2427 1120 2499 lignis
1168 2425 1524 2497 permeabile,
1554 2425 1848 2498 piscesque
1903 2427 2067 2483 nobis

469 2520 762 2594 proferens
784 2527 839 2575 et
859 2533 1220 2582 conservans,
1250 2516 1544 2573 Dominum
1585 2517 1790 2572 laudat.
1836 2514 2063 2572 Anima-

469 2612 545 2667 lia
580 2618 763 2667 autem
790 2611 973 2677 bruta,
1006 2620 1061 2667 et
1094 2610 1345 2666 homines
1374 2624 1388 2663 :
1415 2622 1521 2665 nos
1547 2608 1769 2680 quidem
1803 2625 1929 2664 cum
1972 2626 2067 2665 ra-

470 2706 624 2760 tione
668 2704 861 2760 laudes
917 2700 1232 2769 oﬂerimus,
1270 2702 1363 2757 illa
1393 2708 1579 2757 autem
1623 2703 1902 2771 portantia
1952 2702 2070 2756 lau-

474 2800 670 2853 dantes
694 2804 749 2851 et
786 2802 908 2851 vota
936 2794 1217 2859 facientes,
1249 2792 1505 2847 ordinate
1525 2791 1727 2847 abillis
1762 2794 2069 2861 gubernata

471 2901 529 2947 et
561 2892 616 2945 in
658 2890 856 2944 timore
909 2886 1174 2953 cohibita,
1201 2885 1500 2940 Dominum
1541 2883 1881 2954 prmdicant;
1929 2886 2067 2941 nihil

469 2984 618 3038 enim
674 2982 859 3035 minus
900 2993 1065 3049 quam
1096 2992 1194 3049 pro
1228 2978 1389 3034 nobis
1440 2961 1600 3048 ipsis,
1639 2977 1804 3033 etiam
1849 2991 1949 3049 pro
1977 2978 2069 3049 ju-

473 3072 674 3129 mentis
705 3085 869 3126 orare
905 3068 1322 3126 consuevimus.

935 3156 1460 3216 INTERROGATIO
1487 3158 1601 3215 ον.

545 3254 602 3308 Si
643 3251 701 3308 in
752 3252 1104 3309 ﬁrmamento
1154 3250 1259 3306 lixa
1309 3257 1439 3307 sunt
1488 3260 1639 3307 astra
1667 3259 1723 3309 et
1750 3253 2063 3318 luminaria,

471 3345 732 3401 consistit
764 3351 953 3400 autem
989 3342 1290 3409 immobile,
1324 3349 1385 3397 ut
1425 3342 1656 3409 dicitur,
1680 3344 1905 3410 caelum,
1931 3359 2069 3415 quo-

470 3437 639 3491 modo
687 3434 867 3490 currit
914 3448 1014 3505 per
1053 3433 1245 3506 ipsum
1268 3434 1355 3489 sol
1384 3441 1439 3489 et
1482 3433 1639 3500 luna,
1672 3450 1784 3491 non
1815 3446 2068 3492 secantes

472 3526 651 3596 ipsius
708 3523 1074 3580 substantiam
1122 3522 1453 3595 iquomodo
1492 3526 1623 3579 item
1653 3525 1710 3580 in
1754 3525 1930 3597 glacie
1976 3525 2066 3598 ﬁgi

470 3622 650 3688 potest
684 3615 849 3688 ignis,
874 3614 951 3670 ita
983 3623 1043 3670 ut
1067 3628 1177 3670 non
1207 3614 1500 3671 solvatur?

1115 3704 1426 3775 Responsio.

541 3802 661 3858 Non
694 3810 825 3859 sunt
862 3800 969 3855 lixa
992 3841 1007 3865 ,
1042 3798 1138 3857 sed
1173 3800 1277 3855 sub
1299 3799 1642 3855 ﬁrmamento
1677 3806 1964 3880 aptata,_et
1997 3798 2070 3856 fe-

470 3904 672 3950 runtur
693 3892 914 3964 quidem
950 3892 1006 3948 in
1058 3891 1260 3948 aethere
1298 3891 1519 3947 levitate
1558 3899 1807 3964 naturae,
1835 3884 2068 3949 cdrrunt

470 4003 603 4043 vero
628 3986 1112 4043 sub‘tirmamento
1154 4002 1169 4039 :
1206 3984 1356 4040 illius
1389 3983 1612 4054 quidem
1646 3982 2068 4055 refrigeratione

471 4078 775 4135 secundum
810 4076 1219 4147 proportionem
1250 4075 1320 4131 ad
1350 4075 1613 4131 inferiora
1644 4078 2068 4146 compulsa,ve-

472 4186 594 4224 rum
638 4170 785 4225 aeris
815 4168 1063 4240 subjecta
1098 4167 1472 4224 crassitudine
1520 4166 1760 4224 sublata.
1793 4166 2067 4223 Omnibus

469 4262 618 4317 enim
651 4263 854 4317 creatis
883 4252 1057 4317 levior
1091 4269 1179 4317 est
1228 4260 1371 4332 ignis
1418 4268 1617 4316 natura
1638 4301 1655 4327 ,
1690 4259 1924 4331 ideoque
1969 4276 2069 4316 an-

472 4352 576 4424 geli
626 4355 791 4409 etiam
842 4353 986 4409 hanc
1035 4354 1218 4410 sortiti
1267 4360 1416 4409 sunt.
1475 4353 1581 4419 Qui
1659 4353 1791 4421 facit
1848 4354 2065 4424 angelos

469 4461 595 4499 suos
626 4444 881 4513 spiritus,
915 4452 967 4499 et
1006 4444 1283 4500 ministros
1312 4461 1460 4509 suos,
1498 4447 1636 4516 ignis
1673 4446 1951 4514 ﬂammam
1987 4446 2065 4512 τ’,

473 4534 772 4607 ἱιιιιιηι.ἱη
824 4536 1078 4595 melodiis
1133 4537 1387 4595 Davides.
1433 4538 1493 4595 in
1552 4538 1817 4610 Epistolis
1878 4547 2060 4594 autem

469 4628 676 4685 Paulus
719 4648 735 4684 :
788 4631 931 4684 Aera
987 4636 1242 4701 superant
1291 4631 1584 4685 luminaria
1639 4631 1847 4685 levitate
1894 4632 2057 4703 ignis.

471 4720 699 4776 Penitus
729 4727 910 4775 autem
938 4723 1005 4775 ad
1035 4722 1439 4778 ﬁrmamentum
1476 4722 1771 4793 appellere,
1808 4731 1901 4778 aut
1939 4724 2061 4794 ejus

470 4813 710 4881 aliquam
757 4822 965 4882 partem
1020 4813 1362 4868 inﬂammare
1400 4829 1510 4869 non
1544 4823 1799 4885 possunt,
1842 4824 2063 4887 propter

472 4909 724 4978 aspirans
745 4906 980 4977 desuper
1013 4905 1188 4979 Frigus
1214 4908 1525 4964 caelestium
1553 4923 1845 4980 aquarum.

925 5080 1449 5139 INTERROGAT'IO
1479 5085 1615 5139 CVI.

544 5174 614 5227 At
639 5175 917 5245 quomodo
949 5185 1238 5231 ventorum
1277 5175 1537 5232 violentia
1566 5180 1620 5233 in
1651 5188 1801 5237 astra
1830 5199 1939 5240 non
1963 5186 2063 5240 im-

472 5268 727 5339 pingunt,
767 5276 860 5321 aut
895 5268 1270 5339 impediuntur
1310 5272 1530 5325 cursu?

1118 5359 1432 5430 Responsio.

544 5448 768 5523 Spirant
810 5451 1027 5507 inferne
1060 5450 1244 5518 ﬂatus,
1285 5465 1339 5508 et
1372 5453 1474 5509 sub
1518 5456 1635 5511 sole
1674 5455 1923 5515 feruntur
1952 5478 2056 5515 nu-

474 5545 589 5608 bes,
625 5556 681 5599 ut
716 5548 769 5599 in
803 5546 913 5601 alto
958 5546 1190 5602 meridie
1220 5548 1404 5602 videre
1446 5548 1594 5615 licet,
1620 5532 1896 5619 quomodo
1954 5571 2057 5609 nu-

540 5677 587 5711 "
628 5675 764 5730 Dan.
802 5692 884 5743 ιιι,
909 5677 977 5731 57
1000 5692 1155 5747 seqq.
1233 5679 1277 5710 ⁷⁹
1321 5677 1469 5734 Psal.
1500 5694 1616 5744 cm,
1648 5679 1703 5734 4.

562 5809 654 5883 ἔρξῃ
686 5810 993 5883 firmirem.
1023 5810 1150 5883 [δεῖς.
1187 5813 1391 5883 ἀπήνη,
1424 5830 1643 5869 currus:
1677 5814 2044 5874 conslellﬂtio.

562 5814 654 5877 59)
686 5814 993 5877 Ἀπήνοια.
1023 5814 1150 5881 Leg.
1187 5814 1391 5883 ἀπήνη,
1424 5830 1611 5868 currus

540 5814 657 5949 ξιο)
692 5880 996 5950 Ἔλεγχον.
1038 5882 1200 5937 Forte
1226 5882 1436 5953 ἔλαχον.
1470 5883 1624 5940 Εῡιτ.

1552 389 1613 446 S.
1652 386 1955 445 CAESAR“
2005 384 2339 445 GBEGORII
2385 386 2693 444 FRATRIS

2176 510 2566 579 ὑπερυψοῦτε
2608 509 2799 565 αὑτὸν
2829 510 2921 575 εἰς
2968 506 3113 574 τοὺς
3153 506 3398 576 αἰῶνας.
3440 506 3789 580 Eum-reita,

2177 602 2443 674 ἄγγελοι,
2464 603 2734 672 οὐρανοί,
2758 601 2859 672 γῆ,
2892 599 3088 670 ἥλιός,
3121 598 3382 675 σελήνη,
3410 598 3628 670 ἄστρα,
3646 598 3789 667 δρό⁴

2176 709 2297 759 σοι,
2327 695 2582 765 rigas-toi,
2611 692 2810 763 πάγοι,
2840 692 3064 764 χιόνες,
3085 691 3235 762 φῶς,
3260 692 3510 763 σκότος,
3535 692 3784 759 νύκτες,

2176 787 2413 861 ἡμέραι,
2450 786 2547 843 καί
2582 787 2691 857 ὄρη
2719 785 2821 841 καὶ
2844 785 3087 852 βουνοί,
3112 784 3426 841 θάλασσαι
3457 783 3559 838 καὶ
3592 799 3784 839 ποτα-

2173 883 2297 954 μοι,
2324 880 2421 937 καί
2445 880 2627 937 πάντα
2652 879 2690 935 ἃ
2713 878 2838 935 καθ’
2854 876 2998 961 ⁸ὲξῆς
3031 876 3253 951 ἔμψυχα
3290 875 3673 950 παριστῶσινς

2806 972 3149 1041 Ἀπόκρισις

2260 1067 2401 1123 Ἀλλ’
2444 1065 2509 1121 οὔ
2550 1064 2733 1122 πάντα
2780 1063 3003 1137 ἔμψυχα
3039 1060 3317 1120 δείκνυσιν
3355 1059 3387 1115 6
3430 1057 3541 1114 τῶν
3585 1059 3794 1115 θεσπε-

2178 1163 2310 1218 σίων
2339 1159 2534 1233 ὕμνος,
2562 1156 2704 1232 πλὴν
2729 1155 3057 1231 ἀνθρώπων,
3082 1154 3293 1227 θηρὲων
3316 1153 3413 1209 καὶ
3437 1152 3550 1207 τῶν
3575 1152 3791 1224 κητῶν,

2177 1255 2271 1313 καὶ
2300 1253 2411 1307 τῶν
2452 1251 2660 1307 λοιπῶν
2690 1249 2966 1323 χερσαίων
3006 1265 3068 1303 τε
3104 1245 3204 1302 καὶ
3228 1243 3490 1318 ἒνύδρων.
3522 1242 3791 1313 ’Ἄγγελοι

2175 1351 2283 1421 γὰρ
2315 1342 2667 1415 εὐλογοῦσιν,
2702 1342 2781 1408 ὡς
2826 1341 3025 1412 λογικά
3060 1339 3355 1411 πνεύματα
3403 1338 3504 1393 καὶ
3536 1338 3789 1408 λειτουρ-

2175 1440 2344 1511 γικάο
2379 1438 2600 1511 οὐρανοὶ
2624 1436 2681 1490 δὲ
2720 1435 2783 1489 οὑ
2813 1434 2961 1505 λόγῳ
3003 1433 3100 1487 καὶ
3134 1433 3309 1503 φωνῇ,
3343 1429 3482 1485 ἀλλὰ
3514 1429 3584 1502 τῇ
3616 1445 3790 1502 χορη-

2175 1534 2274 1606 γίᾳ
2300 1532 2410 1587 τῶν
2438 1530 2667 1602 ὄμϐρων
2709 1527 2801 1582 καὶ
2838 1528 2907 1599 τῇ
2948 1524 3145 1597 ἑδραίᾳ
3170 1523 3391 1590 στάσει,
3419 1522 3580 1593 ἣλιος
3601 1521 3660 1576 δὲ
3690 1522 3789 1576 καὶ

2183 1623 2383 1696 σελήνη
2418 1624 2484 1693 τῇ
2532 1617 2766 1690 ἀνατολῇ
2810 1618 2905 1671 καὶ
2950 1614 3381 1685 ἀντιπαραδόσει
3409 1611 3506 1667 τοῦ
3552 1611 3785 1683 δρόμου,

2175 1717 2271 1769 καὶ
2302 1717 2424 1778 ταῖς
2475 1712 2658 1784 βολαῖς
2695 1710 2805 1765 τῶν
2839 1708 3095 1785 ἀκτίνων.
3140 1706 3287 1777 Ἀρα
3328 1704 3388 1758 δὲ
3434 1706 3501 1775 τῇ
3532 1703 3788 1775 εύτάκτιρ

2175 1807 2370 1879 χορείᾳ
2410 1803 2702 1875 φωσφόρος
2739 1800 2839 1873 μὲν
2872 1798 3113 1869 ἀνίσχων
3152 1795 3251 1868 τὴν
3286 1795 3505 1867 ἡμέραν
3550 1795 3791 1862 εὐαγγε-

2174 1898 2381 1964 λίζεται
2400 1937 2416 1962 ,
2447 1896 2681 1967 ἕσπερος
2717 1892 2775 1946 δὲ
2817 1889 3151 1946 τούναντίον.
3184 1886 3383 1950 Πλειὰς
3409 1885 3693 1958 ὁρωμένη,
3723 1884 3789 1939 τὸ

2173 1990 2455 2045 ἀκίνδυνον
2494 1990 2608 2050 τοῖς
2651 1984 2927 2047 ναυτίλοις
2956 1978 3389 2051 ἑπαγγέλλεται’
3419 1977 3653 2031 δύνουσα
3687 1976 3749 2030 δὲ
3769 2016 3788 2039 ,

2172 2081 2506 2137 τούναντίον.
2550 2079 2616 2132 Ἠ
2656 2078 2897 2147 ἀπήνοια
2921 2073 3061 2144 (59),
3089 2070 3224 2127 ποτὶ
3262 2071 3362 2143 μὲν
3394 2069 3490 2123 ἰπὶ
3516 2068 3587 2122 τὰ
3616 2069 3788 2122 ἑσπέ-

2177 2187 2269 2243 ρια
2314 2169 2407 2223 τὸν
2456 2168 2623 2232 ἄξονα
2672 2163 2975 2237 τρέπουσα,
3026 2158 3224 2223 νυκτὸς
3274 2158 3371 2213 καὶ
3425 2154 3787 2226 ἑπιφαύσεως

2174 2271 2413 2342 ὑπάρχει
2438 2262 2773 2337 σημαντική’
2803 2260 2875 2331 γῆ
2901 2259 2983 2323 δὲ,
3016 2259 3131 2321 τοῖς
3152 2250 3435 2328 ἐκφορίοις
3453 2252 3783 2326 δεξιουμένη

2178 2360 2435 2433 βροτοὺς,
2476 2357 2639 2428 ὑμνεῖ
2666 2354 2760 2408 τὸν
2798 2351 3022 2424 Κύρων.
3063 2347 3315 2403 Θάλαττα
3351 2345 3639 2409 καλωδίοις
3682 2344 3787 2399 καὶ

2175 2453 2357 2521 ξύλοις
2401 2446 2778 2518 πεζευομένη,
2828 2442 2925 2497 καὶ
2966 2441 3121 2513 ίχθὺν
3154 2441 3287 2512 ἡμῖν
3324 2438 3646 2493 άποκύουσα
3680 2436 3787 2503 καὶ,

2174 2539 2453 2613 φοροῦσα,
2502 2537 2665 2607 ὑμνεῖ
2700 2535 2794 2588 τὸν
2843 2530 3086 2605 Κύριον·
3116 2529 3189 2583 τὰ
3216 2528 3273 2582 δὲ
3316 2528 3487 2597 ἄλογα
3532 2526 3651 2591 ζῶα
3686 2526 3784 2579 καὶ

2174 2612 2450 2704 ἄνθρωποι
2474 2670 2489 2694 ,
2520 2630 2570 2683 οἱ
2603 2628 2700 2700 μὲν
2726 2625 2813 2680 διὸ
2845 2622 2942 2677 τοῦ
2971 2612 3132 2692 λόγου
3166 2622 3294 2684 τοὺς
3335 2619 3541 2691 ὕμνους
3571 2617 3784 2686 άναφέο

2178 2744 2369 2800 ρομεν,
2402 2724 2472 2779 τὰ
2517 2722 2576 2775 δὲ
2606 2720 2735 2784 τοὺς
2783 2715 3087 2788 ὑμνοῦντας
3127 2713 3365 2784 φέροντα
3403 2709 3737 2780 εὑξομὲνους
3760 2750 3781 2777 ,

2142 2853 2151 2863 -
2176 2799 2455 2880 εὐτάκτως
2476 2811 2692 2885 ήνιοχού
2701 2826 2840 2883 μενα
2858 2848 2873 2874 ,
2896 2807 2993 2862 καὶ
3018 2804 3170 2878 φόϐῳ
3192 2801 3411 2875 χαλινοῦ
3420 2817 3580 2872 μενα,
3614 2799 3783 2869 ὑμνεῖ

2173 2910 2265 2963 τδν
2290 2907 2515 2981 Κύριον.
2542 2902 2713 2959 Οὑδὲν
2739 2902 2850 2985 γάρ
2881 2894 3067 2972 ἦττον,
3101 2896 3177 2961 ὡς
3203 2895 3346 2967 ὑπὲρ
3376 2891 3610 2959 ἑαυτῶν,
3638 2907 3785 2962 κτη-

2178 3001 2367 3075 μάτων
2389 2996 2689 3070 εὐχόμεθα.

2773 3167 3025 3225 ΠΕΥΣΙΣ
3058 3168 3181 3223 PE’.

2246 3268 2309 3321 Εἰ
2340 3267 2400 3323 ἐν
2445 3265 2525 3337 τῷ
2573 3264 2915 3337 στερεώματι
2945 3262 3226 3332 πεπήγασι
3254 3258 3324 3313 τά
3364 3258 3541 3328 ἄστρα
3582 3256 3680 3309 καὶ
3729 3255 3785 3310 οί

2170 3359 2479 3431 φωστῆρες,
2511 3357 2727 3411 ἵσταται
2751 3356 2811 3410 δὲ
2839 3354 3117 3424 ἀκίνητος,
3141 3353 3217 3415 ὡς
3239 3350 3441 3420 λέγεις,
3469 3351 3499 3403 6
3519 3348 3783 3419 οὐρανός

2169 3445 2501 3519 πῶςτρέχει
2528 3445 2594 3501 δι’
2634 3445 2801 3501 αὑτοῦ
2844 3447 2874 3498 6
2908 3443 3058 3516 ἥλιος
3086 3442 3184 3497 καὶ
3224 3444 3259 3513 ἡ
3305 3439 3539 3511 σελήνη,
3576 3438 3654 3511 μὴ
3681 3438 3783 3493 τέ-

2173 3557 2395 3613 μνοντες
2424 3538 2587 3593 αὑτοῦ
2611 3537 2710 3608 τὴν
2735 3535 2955 3601 οὐσίανς
2984 3532 3103 3597 πῶς
3129 3533 3186 3585 δὲ
3214 3531 3311 3586 καὶ
3330 3528 3561 3584 δυνατὸν
3590 3529 3782 3599 ἔμπα-

2169 3634 2331 3705 γῆναι
2363 3630 2494 3703 πῦρ,
2518 3629 2727 3685 ἐκείνου
2755 3626 2829 3700 μὴ
2852 3624 3153 3697 λυομένου;

2786 3715 3142 3783 Ἀπόκρισις.

2241 3816 2316 3868 Οὑ
2355 3813 2690 3884 πεπήγασιν,
2720 3808 2835 3863 ἀλλ’
2864 3807 3210 3878 ὑπήρτηνται
3232 3802 3329 3857 τοῦ
3364 3800 3776 3875 στερεώματος·

2170 3908 2525 3983 ἐποχούμενοι
2552 3903 2653 3976 μὲν
2679 3901 2758 3973 τῷ
2793 3898 2976 3972 αῐθέρι
3007 3896 3309 3967 κουφότητι
3352 3894 3572 3966 φύσεως
3592 3935 3609 3959 ,
3640 3895 3783 3950 ὑπο-

2169 3997 2385 4061 θέοντες
2408 3996 2469 4049 δὲ
2494 3992 2591 4049 τοῦ
2616 3990 3016 4064 στιρεώματος·
3042 3990 3109 4059 τῇ
3141 3986 3243 4059 μὲν
3276 3986 3494 4041 ἐκείνου
3529 3984 3781 4056 καταψύο

2170 4087 2251 4156 ξει
2297 4086 2578 4155 ἀναλόγως
2623 4084 2761 4159 πρὸς
2804 4083 2867 4137 τὸ
2918 4082 3071 4136 κάτω
3122 4077 3557 4151 συνωθούμενοι,
3597 4080 3666 4149 τῇ
3719 4078 3781 4133 δὲ

2170 4179 2509 4252 ὑποκειμένῃ
2539 4176 2634 4231 τοῦ
2666 4177 2827 4248 ἀέρος
2856 4173 3131 4245 παχύτητι
3162 4171 3502 4243 ἀνεχόμενοι.
3540 4169 3782 4225 Πάντων

2167 4272 2279 4345 γὰρ
2314 4270 2549 4325 κτιστῶν
2578 4268 2884 4338 κουφοτέρα
2915 4268 2947 4335 ὴ
2983 4264 3079 4320 τοῦ
3111 4263 3283 4335 πυρὸς
3310 4262 3544 4333 ὑπάρχει
3584 4260 3779 4331 φύσις*
3874 4290 3899 4314 ς,

2168 4364 2248 4419 διδ
2274 4364 2369 4417 καὶ
2401 4362 2621 4431 ἄγγελοι
2652 4359 2857 4431 ταύτης
2901 4357 3122 4428 ἔλεγχον
3146 4356 3281 4427 (40).
3342 4355 3406 4409 '0
3440 4352 3631 4406 ποιῶν
3661 4352 3782 4426 γὰρ

2170 4456 2312 4523 τοὺς
2333 4455 2632 4526 ἀῖγέλους
2656 4448 2844 4506 αὐτοῦ
2865 4449 3199 4518 πνεύματα,
3224 4445 3325 4501 καί
3345 4445 3489 4510 τοὺς
3501 4449 3780 4515 λειτουρ-

2172 4549 2320 4619 γοὺς
2364 4545 2553 4604 αὑτοῦ
2592 4544 2783 4614 πυρός
2822 4542 3022 4614 φλόγα
3045 4581 3060 4605 ,
3094 4540 3259 4611 φησὶν
3292 4538 3355 4593 ὲν
3406 4537 3700 4610 μελῳδίαις
3745 4539 3778 4591 6

2166 4640 2345 4694 Δαϐίδ·
2392 4642 2451 4693 ὲν
2505 4624 2849 4700 Ἐπιστολαῖς
2877 4634 2935 4687 δὲ
2964 4636 2993 4688 6
3035 4632 3248 4697 Παῦλος
3271 4649 3286 4665 ·
3328 4631 3441 4685 Τὸν
3467 4629 3615 4698 ἀέρα
3652 4623 3780 4684 οὖν

2165 4733 2596 4801 ὺπερίπτανται
2621 4731 2676 4782 οἱ
2695 4724 3010 4798 φωστῆρες
3030 4723 3351 4793 κουφότητι
3372 4722 3616 4793 φύσεων
3630 4720 3774 4793 (ﬂ).

2169 4823 2501 4899 Προσὸαλείν
2526 4821 2584 4874 δὲ
2611 4819 2690 4890 τῷ
2723 4817 3065 4890 στερεώματι
3090 4858 3106 4883 ,
3134 4816 3167 4887 ἢ
3205 4811 3632 4885 παραχωνεῦσαι
3666 4812 3779 4865 αὐ-

2167 4917 2261 4969 τοῦ
2308 4932 2393 4978 τι,
2441 4913 2541 4982 οὐχ
2587 4906 2787 4965 οἷοίτε
2824 4907 3229 4978 καθεστήκασιν
3278 4906 3348 4976 τῇ
3383 4902 3779 4977 ὑπερπνεούσῃ

2168 5003 2469 5076 ψυχρότητι
2504 4999 2612 5053 τῶν
2644 4995 2906 5070 οὐρανίων
2935 4994 3166 5049 ὑδάτων.

2752 5086 3005 5144 ΠΕΥΣΙΣ
3035 5088 3175 5154 PG’.

2237 5183 2347 5238 Kal.
2376 5181 2491 5246 πῶς
2516 5184 2584 5253 τῇ
2606 5179 2717 5234 τῶν
2745 5177 2962 5250 ἀνέμων
2993 5174 3085 5247 βίᾳ
3111 5177 3224 5237 τοῖς
3248 5173 3473 5246 ἄστροις
3501 5173 3561 5227 ού
3596 5190 3776 5243 προσ-

2167 5277 2472 5347 κρούονται,
2501 5274 2534 5345 ἢ
2566 5274 2656 5327 τὸν
2681 5272 2882 5344 δρόμον
2910 5269 2970 5324 οὐ
3000 5266 3339 5333 αωλύονταη

2794 5363 3149 5430 Ἀπόκρισις.

2252 5459 2696 5529 ’Υποπνευματεϊ
2720 5456 2788 5510 τά
2816 5454 3125 5525 πνεύματα,
3163 5451 3259 5509 καὶ
3289 5450 3347 5503 al.
3378 5449 3597 5518 νεφέλαι
3635 5448 3775 5502 ὑπο-

2167 5555 2423 5626 φέρονται
2467 5552 2563 5606 τοῦ
2611 5549 2799 5621 ἡλίου,
2829 5547 2906 5613 ὡς
2946 5546 3095 5600 ἔστιν
3137 5543 3378 5616 ἀθρῆσαι
3428 5544 3484 5598 ὲν
3520 5542 3775 5614 σταθηρᾷ

2232 5813 2341 5880 (tl)
2382 5812 2491 5866 Τὸν
2514 5811 2728 5880 ἀέρα...
2760 5809 3018 5877 φύσεων.
3060 5808 3186 5866 llzec
3222 5808 3384 5866 verba
3411 5808 3463 5864 in
3498 5807 3771 5881 Epistolis

2168 5882 2413 5937 Pauliuis
2455 5885 2709 5953 nuspiam
2738 5888 2978 5937 exstant.
