4032 6312
579 315 690 378 97‘.)

587 438 782 495 Viriles
842 443 1026 491 autem
1073 431 1235 489 efﬁcit
1281 427 1544 483 mulieres
1590 425 1646 479 in
1695 423 2055 495 Capricorno,
2108 417 2164 470 in

587 529 850 602 Aquario,
879 528 973 583 sed
996 527 1051 580 in
1089 540 1148 580 re
1179 536 1409 578 venerea
1441 518 1710 574 infelices.
1741 516 1798 570 In
1823 516 1954 570 viris
1985 523 2166 568 autem

585 623 818 679 dﬁcitur
862 617 1224 680 contrarium,
1268 614 1315 669 si
1353 627 1480 667 cum
1539 609 1710 666 Marte
1756 609 1830 663 sit
1874 607 1929 660 in
1961 605 2164 661 Ariete.

586 719 706 781 Quo
737 715 813 777 ﬁt,
843 722 900 765 ιιι
942 714 1218 779 nequeant
1257 706 1341 763 vel
1374 711 1542 768 metu,
1578 702 1665 757 vel
1714 699 1952 768 alicujus
1978 697 2166 760 minis,

589 811 672 864 vel
708 816 826 862 arte
858 805 1140 862 continere
1173 801 1458 865 libidines,
1501 805 1724 867 propter
1754 791 2168 850 inclinationem

586 910 881 958 astrorum.

1222 965 1531 1036 Responsio.

655 1057 962 1114 Admodum
990 1059 1126 1114 scite
1151 1055 1405 1126 gentilitii
1435 1053 1642 1110 erroris
1673 1048 1979 1106 enuntiasti
2015 1048 2172 1104 fabu-

587 1154 694 1206 las.
725 1151 986 1206 Vicissim
1021 1151 1187 1220 igitur
1235 1158 1288 1203 et
1337 1163 1439 1216 ego
1486 1146 1750 1200 audacter
1783 1143 2069 1214 aggrediar
2108 1156 2172 1197 ea

587 1262 709 1315 quae
737 1258 766 1297 a
796 1250 850 1297 te
899 1243 1044 1296 dicta
1080 1249 1231 1305 sunt,
1266 1248 1320 1296 et
1351 1239 1535 1294 fundae
1567 1238 1652 1293 vel
1689 1251 1854 1292 arcus
1902 1235 2020 1290 vice
2053 1249 2172 1288 ser-

587 1351 751 1391 mone
798 1342 957 1389 utens
999 1332 1246 1388 refellere
1293 1329 1562 1391 conabor,
1623 1343 1693 1383 ne
1741 1328 1808 1382 ad
1844 1325 2071 1408 Martem
2121 1333 2174 1382 et

590 1427 878 1488 Venerem,
939 1433 1156 1479 nostras
1188 1412 1409 1486 s'tellas,
1449 1421 1680 1475 caedium
1715 1432 1915 1474 causas
1943 1417 2171 1474 referas.

589 1518 750 1574 Prius
781 1524 960 1571 autem
995 1515 1251 1580 obsecro,
1284 1523 1346 1568 ut
1375 1512 1591 1568 discere
1619 1512 1775 1574 velis,
1806 1525 1968 1580 posse
2005 1509 2177 1564 homi-

591 1626 736 1673 nem,
795 1610 839 1665 si
867 1609 1089 1679 quidem
1121 1609 1272 1671 velit,
1302 1606 1558 1662 libidines
1608 1612 1663 1660 et
1695 1605 1940 1659 actiones
1971 1603 2055 1658 vel
2083 1616 2176 1656 ca-

592 1705 797 1774 stigare
829 1704 912 1758 vel
942 1703 1158 1773 penitus
1188 1708 1464 1757 excutere.
1519 1697 1696 1768 Atque
1731 1696 1987 1767 equidem
2010 1709 2177 1750 excu-

593 1808 705 1853 tere
732 1799 881 1852 soleo
906 1811 1002 1866 per
1029 1793 1383 1852 conscientiae
1409 1791 1618 1861 ﬂagella
1648 1797 1702 1844 et
1730 1805 1830 1858 per
1853 1786 2172 1842 memoriam

591 1889 924 1944 inevitabilis
969 1886 1198 1955 judieii,
1250 1884 1400 1954 quod
1446 1883 1576 1937 vitia
1630 1880 1905 1950 prohibet.
1966 1877 2075 1932 Sed
2123 1885 2178 1931 et

591 1980 900 2050 principum
932 1979 1099 2051 leges,
1148 1984 1274 2033 ante
1313 1981 1522 2029 tentata
1557 1978 1858 2033 tormenta,
1913 1977 1968 2024 et
2004 1982 2178 2037 angu-

592 2077 762 2138 stias,
801 2085 963 2143 atque
1013 2071 1418 2139 catapultarum
1464 2064 1770 2137 supplicia,
1815 2063 1936 2119 solo
1987 2061 2177 2117 auditu

592 2181 774 2220 rerum
806 2163 1135 2218 terribilium
1163 2177 1285 2230 quae
1314 2166 1444 2215 sunt
1475 2159 1527 2212 in
1557 2155 2008 2226 compensatione
2040 2153 2179 2208 deli-

590 2259 868 2323 lictorum,
911 2254 1217 2311 modestum
1249 2251 1480 2309 reddere
1519 2257 1750 2320 possunt
1785 2247 2062 2302 hominem
2095 2246 2180 2300 in-

588 2357 1010 2421 temperantem,
1059 2356 1113 2402 et
1165 2345 1472 2404 obtundere
1515 2345 1889 2401 lascivientem
1933 2342 2176 2413 vigorem

588 2446 893 2515 iuventutis
946 2444 1000 2497 in
1041 2441 1284 2512 qualibet
1337 2439 1580 2509 regione,
1629 2438 1745 2494 sive
1784 2437 2004 2505 scriptae
2045 2435 2176 2498 sint,

592 2539 708 2596 sive
744 2553 852 2591 non
881 2535 1122 2604 scriptae,
1155 2541 1265 2586 tam
1300 2531 1445 2602 apud
1474 2546 1575 2587 nos
1605 2545 1770 2599 quam
1802 2537 2014 2599 gentes.
2043 2525 2180 2584 Nam

594 2632 738 2701 apud
774 2630 990 2699 aliquos
1023 2629 1106 2683 lex
1137 2628 1366 2696 scripta,
1407 2623 1552 2694 apud
1591 2623 1730 2677 alios
1771 2637 1902 2676 vero
1946 2636 2181 2676 consue-

594 2722 729 2777 tudo
756 2722 916 2776 valet.
947 2719 1186 2790 Legibus
1205 2719 1353 2773 enim
1377 2716 1471 2786 ιμιὶ
1502 2714 1754 2772 destituti
1787 2723 1936 2780 sunt,
1971 2712 2181 2783 patrios

595 2829 777 2868 mores
821 2828 922 2883 pro
981 2811 1192 2880 legibus
1234 2808 1465 2863 ducunt.
1529 2805 1775 2874 Quorum
1819 2804 1978 2875 primi
2018 2803 2182 2860 Seres

595 2914 746 2972 sunt,
775 2906 868 2976 qui
909 2913 1070 2960 terrae
1097 2911 1343 2957 extrema
1393 2900 1723 2962 habitantes,
1761 2913 1861 2969 pro
1917 2898 2034 2968 lege
2085 2897 2182 2950 ha-

595 3004 724 3056 bent
775 2999 1006 3069 patriam
1047 2994 1544 3058 consuetudinem,
1602 3007 1674 3047 ne
1709 2991 1834 3061 quis
1882 2997 2181 3055 scortetur,

595 3108 732 3150 neve
769 3091 1060 3162 pandetur,
1101 3103 1169 3142 ne
1202 3087 1329 3157 quis
1369 3085 1698 3140 adulterium
1751 3083 2079 3145 committat,
2115 3096 2184 3136 ne

595 3192 814 3240 statuas
854 3181 1066 3247 adoret,
1101 3194 1170 3234 ne
1191 3179 1471 3234 damnones
1503 3184 1811 3244 veneretur,
1850 3191 1919 3230 ne
1949 3189 2184 3245 prorsus

597 3274 744 3344 apud
788 3274 937 3343 ipsos
988 3273 1165 3342 imago
1193 3271 1286 3336 sit,
1345 3278 1441 3324 aut
1476 3277 1741 3329 scortum,
1781 3275 1876 3322 aut
1916 3268 2184 3331 adultera,

599 3374 695 3422 aut
723 3366 930 3435 prada,
972 3371 1066 3417 aut
1101 3361 1395 3424 homicida,
1425 3371 1520 3416 aut
1557 3361 1666 3416 fur.
1722 3359 1789 3413 Et
1825 3367 2006 3415 tamen
2063 3361 2188 3414 nul-

600 3463 708 3516 lius
741 3459 936 3512 horum
973 3458 1199 3512 liberam
1242 3463 1566 3526 potestatem
1615 3454 1793 3524 coegit
1823 3454 1936 3518 illa,
1976 3453 2043 3508 de
2077 3469 2186 3524 qua

600 3564 659 3606 tu
695 3551 854 3613 dicis,
892 3551 1084 3604 lucens
1120 3550 1243 3618 igne
1273 3545 1462 3601 Martis
1486 3547 1645 3601 stella
1677 3561 1691 3596 :
1726 3561 1905 3614 neque
1937 3546 1988 3598 vi
2035 3559 2188 3599 com-

601 3645 740 3714 pulit
770 3657 1100 3714 quemquam
1147 3641 1390 3709 ipsorum
1445 3639 1756 3692 inter-licere
1794 3637 1974 3707 gladio
2004 3636 2190 3705 proxi-

602 3751 775 3798 mum,
813 3735 907 3787 alit
935 3729 1114 3800 lapide
1149 3736 1454 3800 percutere.
1481 3726 1599 3781 Non
1628 3723 1814 3781 Venus
1847 3740 1972 3780 cum
2018 3725 2191 3781 Marte

602 3827 873 3899 persuasit
911 3825 1016 3895 ipsi
1061 3831 1121 3878 ut
1154 3821 1360 3877 furiose
1391 3829 1516 3875 ruat
1556 3821 1610 3875 in
1645 3832 1869 3874 uxorem
1903 3817 2099 3872 vicini:
2142 3817 2189 3873 si

601 3923 688 3976 vel
723 3929 838 3973 toto
861 3919 949 3973 die
975 3916 1214 3972 medium
1247 3915 1371 3968 caeli
1408 3912 1554 3967 Mars
1593 3912 1861 3966 obtineat.
1900 3909 2190 3964 Nihilomi-

605 4029 711 4068 nus
742 4011 999 4081 praevalet
1033 4007 1176 4079 apud
1226 4005 1389 4061 Seres
1443 4013 1718 4059 astrorum
1753 4002 2071 4057 necessitati
2107 4003 2191 4057 lex

607 4108 800 4177 patria.
830 4104 940 4160 Lex
969 4112 1151 4158 autem
1187 4109 1236 4156 et
1269 4098 1574 4154 Bactrianis
1603 4104 1688 4152 est
1715 4098 1830 4151 sive
1849 4094 2189 4165 Bragmanis,

606 4214 635 4249 ιι
666 4194 968 4264 majoribus
1004 4199 1228 4261 accepta
1276 4189 1604 4260 disciplina:
1660 4185 1739 4241 Ne
1769 4185 1900 4257 quid
1931 4195 2192 4251 mactem,

607 4303 785 4357 neque
833 4285 1076 4340 inanima
1114 4291 1357 4354 gustent.
1411 4298 1480 4337 ne
1525 4282 1655 4335 vino
1697 4280 2046 4350 simpliciter,
2101 4287 2196 4333 aut

609 4428 622 4440 .
654 4429 666 4441 .
691 4427 704 4439 .
728 4427 741 4438 .
765 4426 778 4439 .
803 4425 815 4437 .
859 4393 1106 4447 utantur,
1145 4381 1314 4438 Deum
1353 4397 1531 4436 meum
1557 4389 1890 4443 reverentes,
1923 4379 2051 4433 licet
2085 4377 2197 4430 sint

607 4483 772 4535 vieini
830 4481 968 4551 ipsis
1013 4479 1129 4537 Indi
1188 4479 1430 4534 caedibus
1485 4477 1676 4548 polluti
1729 4485 1785 4532 et
1830 4477 1956 4530 vino
1998 4474 2190 4539 dediti,

608 4581 702 4649 qui
736 4592 1030 4647 porcorum
1063 4576 1402 4631 silvestrium
1430 4582 1522 4628 aut
1544 4588 1705 4629 suum
1747 4573 1924 4627 lnstar
1952 4586 2078 4625 cum
2111 4571 2195 4624 in-

611 4675 764 4733 sania
799 4676 1030 4731 feminas
1062 4673 1312 4745 deperire
1353 4676 1552 4736 solent,
1607 4679 1658 4725 et
1688 4670 1974 4725 affectibus
2011 4665 2196 4722 indul-

611 4791 757 4844 gere.
817 4772 874 4827 In
920 4771 1200 4840 Hesperiis
1234 4777 1413 4824 autem
1474 4767 1791 4838 regionibus
1838 4767 1981 4820 ultra
2013 4765 2198 4828 Indos,

1683 298 1742 354 S.
1781 293 2079 352 CAESAR“
2104 288 2433 350 GREGORII
2466 285 2762 343 FRATRIS

3753 269 3860 328 980

2271 409 2525 464 ἀποτελεῖ
2555 408 2818 475 γυναῖκας
2851 406 2906 454 ὲν
2948 401 3253 471 αἱγοκέρῳ,
3293 395 3565 469 ὑδροχόῳ,
3601 392 3865 447 κακοδαί-

2275 518 2442 570 μονας
2469 502 2526 553 ὲν
2568 495 2858 569 Ἀφροδίτῃ
2878 493 3015 564 (48).
3065 493 3182 546 Ἐπ’
3217 487 3428 560 ἀνδρῶν
3465 487 3522 539 δὲ
3543 485 3866 539 τούναντίον

2275 594 2370 646 σὺν
2400 593 2557 662 Ἀρεῖ
2591 584 2744 654 οὖσα,
2776 589 2834 641 ὲν
2865 583 3024 657 κριῷ.
3058 582 3223 637 Ὅθεν
3258 582 3358 651 οὑχ
3390 575 3504 634 οἷόν
3541 595 3604 631 τε
3638 576 3793 646 φόσῳ
3825 575 3862 644 ἦ

2271 701 2416 747 τινος
2448 683 2645 752 ἀπειλῇ
2687 680 2721 751 ἢ
2763 678 2980 750 μηχανῇ
3015 676 3260 746 ἐπισχεῖν
3297 673 3397 735 τάς
3435 667 3736 741 ἐπιθυμίας
3773 664 3865 719 διὰ

2271 775 2370 844 τὴν
2403 773 2511 825 τῶν
2540 771 2756 842 ἀστρων
2785 767 3194 838 ἀποκλήρωσιν.

2888 945 3243 1013 Ἀπόκρισις.

2359 1044 2585 1111 Ἐπιστη
2595 1039 2770 1110 μόνως
2800 1037 2940 1090 πάνυ
2962 1036 3061 1105 τῆς
3082 1033 3351 1104 Ἑλλήνων
3380 1029 3590 1098 πλάνης
3610 1027 3738 1090 τοὺς
3769 1022 3875 1096 μύ-

2277 1136 2402 1197 θους
2439 1131 2801 1202 ἀπήγγειλας.
2857 1124 3022 1190 Αὖθις
3065 1122 3158 1178 οὖν
3189 1121 3346 1190 κάγὼ
3377 1117 3698 1191 θαρραλέως
3729 1116 3872 1169 ἀπο-

2274 1224 2505 1294 δύσομαι
2552 1220 2688 1292 πρὸς
2713 1219 2786 1273 τά
2825 1219 2930 1272 ὑπὸ
2959 1216 3054 1269 σοῦ
3095 1213 3357 1287 ρηθέντα,
3393 1210 3487 1265 καὶ
3517 1207 3788 1279 σφενδόνῃ
3834 1205 3870 1277 ἢ

2275 1314 2458 1385 τοξείᾳ
2485 1311 2563 1382 τῷ
2581 1311 2724 1382 λόγῳ
2744 1308 3045 1381 χρώμενος,
3063 1306 3312 1360 καθεῖλαι
3333 1303 3669 1372 πειράσομαι
3691 1299 3877 1370 ’Δρεα

2278 1406 2370 1460 καὶ
2414 1404 2732 1476 Ἀφροδίτην
2771 1404 2899 1465 τοὺς
2949 1397 3120 1472 ήμετέ
3134 1415 3254 1468 ρους
3282 1395 3549 1466 ἀστέρας,
3590 1392 3741 1453 ὅπως
3779 1405 3876 1459 μοι

2277 1495 2662 1569 ἀπροκτονίας
2687 1494 2900 1563 γένεσιν
2943 1488 3306 1561 ὲπιφημίσῃς.
3334 1486 3609 1557 Πρότερον
3637 1481 3699 1534 δὲ
3734 1477 3877 1544 ἀξιῶ

2280 1585 2633 1657 παιδευθῆναι
2662 1603 2755 1647 σε,
2807 1579 2920 1637 οἷόν
2965 1600 3026 1635 τε
3061 1580 3348 1652 ὑπάρχειν,
3401 1576 3494 1633 τὸν
3543 1572 3880 1644 βουλόμενον

2278 1679 2376 1743 τὰς
2407 1678 2702 1749 ἐπιθυμίας
2732 1675 2823 1729 καὶ
2843 1673 3126 1746 ἐνεργείας
3155 1673 3189 1743 ἦ
3219 1670 3494 1735 κολάζειν,
3525 1667 3559 1736 ἢ
3588 1661 3881 1723 παντελῶς

2281 1769 2654 1825 ἀποσείεσθαι.
2691 1767 2828 1820 Σείω
2852 1766 2906 1819 δὲ
2937 1769 3002 1818 ὲν.
3031 1763 3124 1818 τοῦ
3161 1761 3460 1823 συνειδότος
3493 1753 3876 1825 αἰκιζομένου.

2285 1861 2381 1913 καὶ
2423 1860 2614 1930 μνήμῃ
2657 1855 2752 1909 τοῦ
2786 1855 3036 1918 ἀκλινοῦς
3069 1853 3374 1924 κριτηρίου,
3412 1850 3522 1903 τῶν
3546 1847 3739 1902 κακῶν
3764 1847 3882 1916 alp-

2283 1950 2535 2021 γομένου.
2585 1950 2745 2002 Ἀλλά
2776 1949 2869 2000 καὶ
2910 1948 2959 1999 οἱ
3008 1945 3116 1998 τῶν
3155 1944 3432 2016 ἀρχόντων
3477 1942 3636 2010 νόμοι
3673 1931 3781 1991 οἷοί
3817 1951 3880 1988 τε

2285 2042 2392 2113 πρὸ
2440 2039 2542 2110 τῆς
2574 2039 2768 2109 πείρας
2806 2038 2914 2091 τῶν
2952 2034 3416 2106 στρεϐλωτηρίων,
3458 2033 3554 2084 κα).
3596 2028 3880 2099 τηγάνων,

2285 2132 2381 2185 κα)⁵
2427 2127 2811 2192 καταπελτῶν,
2855 2130 2920 2197 τῇ
2975 2128 3112 2196 ἀκοῇ
3159 2125 3252 2179 καὶ
3287 2124 3426 2196 μόνῃ
3477 2120 3589 2174 τῶν
3627 2117 3884 2188 φοϐερῶν

2287 2223 2386 2292 τῆς
2417 2221 2614 2282 κακίας
2643 2217 3043 2289 ἀνταμείψεως,
3080 2215 3410 2286 σωφρονίσαι
3429 2213 3528 2283 τὴν
3552 2209 3882 2271 ἀκόλαστον,

2287 2313 2381 2365 καὶ
2413 2311 2684 2382 ἀμϐλῦναι
2730 2310 2827 2380 τὴν
2874 2309 3195 2380 σφριγῶσαν
3241 2306 3428 2377 ἀκμὴν
3464 2304 3566 2374 τῆς
3602 2301 3882 2371 νεότητος,

2285 2403 2344 2455 ὲν
2376 2402 2580 2470 ἑκάστη
2617 2396 2791 2468 χώρᾳ,
2846 2397 3138 2468 ἐγγράφως
3175 2395 3208 2466 ἢ
3240 2393 3498 2465 ἀγράφως
3537 2391 3886 2461 ὑπάρχοντες

2286 2491 2419 2564 παρ’
2459 2493 2589 2561 ἡμῖν
2625 2508 2686 2544 τε
2733 2490 2829 2544 καὶ
2858 2489 3096 2543 ἔθνεσινο
3151 2489 3208 2541 ὲν
3240 2489 3350 2548 τοῖς
3381 2484 3480 2555 μὲν
3523 2485 3584 2536 τὸ
3617 2482 3881 2553 γράμμα,

2288 2585 2345 2636 ὲν
2377 2586 2487 2646 τοῖς
2517 2583 2574 2634 δὲ
2597 2584 2630 2652 ἡ
2672 2579 2954 2652 συνήθεια.
2979 2579 3162 2649 Νόμος
3191 2578 3299 2651 γάρ
3317 2577 3538 2647 ἀνόμοις
3568 2575 3638 2626 τὰ
3672 2575 3890 2644 πάτρια

2286 2675 2460 2727 δοκεῖ·
2522 2665 2598 2726 ὧν
2630 2672 2840 2744 πρῶτοι
2871 2671 3077 2742 Σῆρες,
3122 2672 3171 2722 οἱ
3219 2669 3281 2722 τὸ
3318 2670 3488 2738 ἄκρον
3536 2669 3637 2735 τῆς
3680 2665 3884 2735 χέρσου

2287 2764 2584 2829 οἰκοῦντες,
2617 2764 2782 2834 νόμον
2815 2761 3030 2834 ἔχοντες
3071 2761 3132 2814 τὸ
3172 2760 3425 2831 πατρῷον
3459 2758 3601 2823 ἔθος,
3630 2757 3707 2826 μὴ
3738 2757 3890 2808 ἐται-

2291 2855 2560 2926 ρίζεσθαι,
2579 2854 2714 2926 μηδὲ
2732 2854 2917 2924 συλᾷν,
2945 2853 3021 2923 μὴ
3053 2850 3363 2922 μοιχᾶσθαι,
3382 2849 3457 2921 μὴ
3484 2848 3695 2913 ξοάνοις
3719 2863 3890 2917 προσ-

2290 2946 2555 3016 κυνείν,ἥ
2594 2944 2917 2998 ποτνιᾶσθαι
2961 2943 3204 3013 δαίμοσι,
3249 2942 3374 3012 μηδ’
3421 2941 3558 3003 ὅλως
3602 2942 3661 2992 ἐν
3699 2940 3893 3000 αὐτοῖς

2290 3036 2556 3108 ὑπάρχειν
2584 3035 2823 3100 εἴδωλον,
2862 3035 2896 3105 ἢ
2941 3032 3226 3105 ἑταίρανῆ
3261 3032 3569 3103 μοιχαλίδα,
3615 3031 3677 3083 οὑ
3720 3029 3894 3100 συλή-

2289 3146 2410 3198 την,
2432 3128 2492 3180 οὑ
2527 3127 2716 3196 φονέα,
2769 3127 2829 3179 οὑ
2860 3125 3176 3195 λωποδύτην
3205 3143 3219 3156 ⁸
3260 3124 3354 3177 καὶ
3397 3125 3546 3194 ὅμως
3574 3121 3796 3184 οὐδενὸς
3829 3121 3895 3174 τὸ

2287 3219 2632 3285 αὐτεξούσιον
2663 3219 2974 3289 ἠνάγκασεν
3006 3219 3035 3269 ό
3062 3216 3158 3270 τοῦ
3203 3215 3346 3269 κατά
3383 3216 3444 3268 σὲ
3493 3210 3895 3286 πυριλαμποῦς

2293 3312 2504 3382 ’Ἄρεως
2542 3307 2735 3379 ἀστὴρ,
2789 3306 2910 3359 οὑδὲ
2949 3305 3205 3360 ὲϐιάσατό
3243 3321 3368 3356 τινα
3399 3301 3580 3356 αὐτῶν
3617 3299 3894 3369 φασγάνῳ

2287 3403 2378 3454 τὸν
2412 3400 2578 3462 πέλας
2606 3399 2872 3468 ἀναιρεῖν,
2903 3395 2937 3466 ἢ
2973 3395 3109 3465 λίθῳ
3135 3392 3406 3459 πατάξαισ
3447 3393 3548 3444 οὑκ
3591 3389 3893 3461 ’Δφροδίτη

2292 3496 2389 3548 σὺν
2411 3494 2477 3546 Ἀ
2488 3509 2569 3563 ρει
2601 3490 2817 3543 ἔπεισεν
2841 3487 3039 3551 αὐτοὺς
3068 3485 3423 3554 ὲπιλυττῆσαι
3449 3485 3515 3554 τῇ
3545 3482 3776 3550 γυναικὶ
3795 3480 3893 3533 τοῦ

2291 3583 2529 3651 γείτονος
2550 3597 2563 3608 ·
2610 3577 2953 3648 πανημέριον
3006 3572 3467 3646 μεσουρανοῦντος
3506 3569 3603 3624 τοῦ
3649 3571 3895 3640 Ἀρεως,

2292 3674 2386 3727 καὶ
2402 3674 2552 3743 ὅμως
2585 3670 2934 3741 ἰσχυρότερος
2961 3667 3062 3736 τῆς
3085 3665 3329 3734 ἀνάγκης
3355 3664 3464 3716 τῶν
3486 3661 3707 3734 ἄστρων
3737 3659 3896 3732 παρά

2293 3763 2496 3835 Σηρσὶν
2516 3766 2543 3817 ὁ
2573 3762 2802 3832 πάτριος
2832 3759 3016 3830 νόμος.
3033 3756 3217 3828 Νόμος
3236 3756 3294 3809 δὲ
3328 3753 3590 3825 καὶπαρά
3612 3753 3898 3825 Βακτρια-

2291 3859 2422 3920 νοῖς,
2453 3856 2571 3926 ῆτοι
2608 3854 2953 3925 Βραγμανοῖς
2984 3850 3123 3920 (49),
3155 3849 3188 3919 ἡ
3230 3849 3296 3901 ὲκ
3323 3845 3605 3918 προγόνων
3646 3842 3894 3907 παιδεία,

2297 3947 2372 4018 μὴ
2418 3945 2656 4017 μεθύειν,
2703 3943 2840 4015 μηδὲ
2889 3941 3115 4012 ἀψύχων
3157 3937 3548 4007 ἀπογεύεσθαι,
3587 3937 3692 3989 οὑκ
3743 3935 3895 3989 οῐνου

2293 4037 2467 4092 ἁπλοῦ
2506 4038 2540 4109 ἢ
2568 4036 2723 4091 νόθου
2751 4035 2863 4106 (50)
2901 4032 3170 4104 μετέχειν,
3203 4030 3335 4085 Θεὸν
3363 4030 3456 4083 τὸν
3485 4028 3617 4096 ἐμὸν
3653 4026 3898 4082 δεδοικό-

2295 4149 2422 4202 τας·
2451 4131 2629 4185 καίτοι
2658 4129 2764 4182 τῶν
2790 4124 3216 4198 παρακειμένων
3243 4122 3429 4184 αὑτοῖς
3461 4119 3641 4174 Ἰνδῶν
3669 4135 3899 4190 μιαιφο-

2297 4223 2552 4286 νούντων,
2581 4220 2677 4275 καὶ
2706 4217 3191 4288 οίνοφλυγοὺντων,
3229 4214 3322 4266 καὶ
3363 4210 3562 4278 μονιῶν
3613 4210 3828 4281 ἀγρίων
3859 4208 3895 4280 ἢ

2300 4313 2445 4367 συῶν
2474 4312 2630 4381 δίκην
2660 4309 3137 4381 θηλυμανούντων,
3182 4306 3277 4360 καὶ
3301 4304 3378 4376 τῷ
3410 4303 3574 4358 πάθει
3603 4303 3897 4375 κραδαινο-

2303 4405 2498 4476 μένων.
2548 4404 2637 4456 Ἐν
2660 4402 2718 4455 δὲ
2744 4404 2858 4465 τοῖς
2897 4401 3173 4471 ἑσπερίοις
3201 4398 3459 4467 κλίμασιν
3489 4395 3759 4466 ἐνδοτέρω
3781 4393 3896 4448 τῶν

2299 4497 2476 4548 ἐκεῖσε
2511 4491 2710 4557 Ἰνδῶν,
2743 4490 3014 4561 ξενοὸόροι
3042 4487 3184 4549 τινες
3211 4485 3569 4556 ὑπάρχοντες,
3611 4484 3740 4547 τοὺς
3793 4485 3896 4536 επ-

2293 4584 2494 4654 ήλυδας
2534 4581 2883 4653 ἀναιροῦντες
2910 4577 3171 4642 ἐσθίουσι,
3196 4577 3292 4629 καὶ
3323 4576 3499 4638 οὐδεὶς
3533 4574 3642 4627 τῶν
3687 4575 3898 4642 ἀγαθο-

2299 4678 2470 4731 ποιῶν
2523 4675 2771 4744 ἀστέρων
2831 4673 2928 4743 τῆς
2980 4668 3295 4744 μιαιφονίας
3325 4667 3524 4731 αὐτοὺς
3565 4665 3897 4737 ἀπωσθῆναι

2303 4769 2490 4839 ἴσχυσε
2524 4768 2686 4838 μέχρι
2717 4767 2977 4837 τήμερον.

610 4867 859 4928 habitant
911 4866 1128 4936 quidem
1161 4863 1252 4932 qui
1313 4863 1558 4931 hospites
1583 4861 1867 4922 devorant,
1898 4870 1954 4915 et
2000 4859 2240 4916 advenas
2289 4860 2683 4916 interﬁcientes
2729 4857 3046 4914 comedunt.
3075 4854 3262 4927 Neque
3287 4853 3394 4909 ulla
3424 4851 3702 4910 stellarum
3727 4851 3899 4908 bene-

613 4972 838 5022 licarum
867 4978 896 5016 a
926 4959 1072 5015 caede
1103 4955 1252 5029 ipsos
1293 4963 1537 5010 avertere
1576 4955 1770 5024 potuit,
1815 4968 1987 5023 usque
2015 4954 2069 5007 in
2099 4953 2424 5010 hodiernum
2458 4951 2624 5007 diem.

682 5065 797 5116 Alia
848 5058 1136 5121 Chaldzcis,
1162 5062 1217 5109 et
1265 5052 1579 5120 Babyloniis
1611 5050 1952 5106 consuetudo
1983 5060 2100 5115 est,
2137 5059 2197 5104 ut

613 5168 820 5211 matres
869 5154 923 5206 in
975 5163 1174 5204 uxores
1223 5147 1458 5208 ducant,
1517 5157 1737 5198 sorores
1796 5143 2034 5207 violent,
2070 5158 2196 5208 erga

682 5321 796 5390 (48)
824 5315 1275 5390 Κακοδιιίμονεες
1394 5311 1913 5390 ξΑφρρδΙτῃεηιεερ
1945 5308 2189 5390 cumCo-

611 5381 824 5448 telerio,
861 5381 1331 5457 κακοδαιμονοῦσα
1363 5381 1670 5457 ’Λφροδίτη
1704 5381 1980 5457 Viragines
2014 5381 2195 5457 itaque

610 5463 761 5533 efﬁcit
797 5461 1021 5533 feminas
1050 5450 1105 5511 iii
1138 5450 1483 5533 Capricorno,
1510 5455 1565 5506 in
1589 5450 1825 5533 ρᾲιισγξο
1862 5450 2198 5505 cacodwmon

629 5523 819 5586 Venus.
858 5531 950 5583 Sic
983 5545 1115 5583 sane
1151 5529 1290 5581 infra
1325 5527 1554 5594 ipsemet
1582 5523 1876 5594 Caesarius.

688 5603 798 5671 (49)
825 5599 1211 5671 Πραγμανοῖς.
1239 5592 1433 5671 Malim
1455 5611 1579 5671 cum
1613 5593 1806 5671 Vigero
1837 5592 2199 5671 Βραχμανοζς.

2376 5049 2601 5119 Ἕτερος
2630 5046 2791 5117 νόμος
2819 5043 3104 5108 Χαλδαίοις
3151 5059 3210 5096 τε
3250 5041 3344 5096 καὶ
3391 5039 3749 5101 Βαϐυλωνίοις
3792 5055 3898 5109 μη-

2305 5142 2601 5210 τρογαμεῖν
2631 5138 2725 5190 καὶ
2760 5133 3204 5208 ἀδελφοφθορεῖν,
3247 5136 3343 5188 καὶ
3376 5135 3498 5192 ταῖς
3524 5131 3676 5202 σφῶν
3709 5134 3898 5185 παισὶν

2373 5307 2488 5374 (50)
2518 5306 2698 5358 Οἶνου
2737 5304 2936 5358 ἁπλοῦ
2965 5303 3003 5372 ἥ
3030 5301 3242 5358 νόθου(
3276 5299 3398 5353 Vim
3432 5298 3582 5352 vocis
3599 5294 3763 5374 νόθου
3792 5295 3896 5349 hoc

2306 5367 2424 5433 loco
2449 5367 2726 5444 usurpatae
2752 5367 3012 5435 Caesarie,
3046 5389 3153 5427 non
3178 5380 3262 5426 est
3283 5367 3894 5444 assecnttls‘interpres,

2306 5450 2550 5516 adeoque
2590 5435 2904 5516 versionem
2948 5439 3499 5516 inmutilamexbibet.
3555 5435 3897 5516 BardeSanes

2307 5505 2475 5588 quem.
2509 5525 2699 5588 auctor
2726 5513 3128 5588 exscribit,_h_ic
3161 5513 3340 5588 habet,
3371 5505 3897 5588 emanant-claram;

2312 5577 2547 5662 (σίκερα)
2582 5587 2656 5654 μὴ
2683 5577 3151 5662 γευόμενοιζΗίῐιο
3184 5583 3298 5636 Cat:
3320 5579 3408 5662 ιςίνί
3438 5577 3617 5659 verbis
3653 5577 3741 5630 lux
3777 5577 3897 5662 red:

616 5648 832 5727 Sciliizlet
866 5648 1478 5740 Ep‘é’d'CésS'rtunilnie
1501 5648 1563 5718 τὸ
1586 5648 1790 5740 [inin
1822 5648 2034 5740 succisa
2062 5648 2205 5740 tibiae
2313 5648 2605 5740 {lita-{qua}
2639 5648 2865 5726 proinde
2888 5654 2967 5710 sic
3000 5661 3264 5709 verterem
3293 5668 3308 5706 :
3346 5648 3426 5704 Ne
3473 5649 3588 5703 vino
3627 5663 3774 5701 mero
3809 5653 3893 5702 aut

616 5734 1139 5814 parte,decurtatulu
1158 5740 1340 5814 fuerit.
1359 5736 1494 5814 Nam
1513 5734 1618 5791 sub
1633 5736 1798 5803 hujus
1824 5734 2197 5814 liespo‘nsiunis

617 5803 778 5871 tinem
799 5813 1028 5882 legimus
1042 5807 1465 5882 Βραχμᾶνας.Ει
1485 5808 1815 5879 insequente
1834 5803 2200 5876 Βραχμαίους.

2312 5733 2519 5799 {actitio
2555 5740 2793 5786 utantur.
