4032 6312
205 326 304 382 ιλιι

209 436 616 510 ἐπιμαίνεσθαι,
673 441 769 496 καὶ
817 441 1192 514 μιαιφθορεῖνο
1237 442 1287 495 εἰ
1334 441 1427 495 καὶ
1483 441 1675 514 πόῤῥω
1711 442 1808 512 τῆς

205 527 584 602 ἐνεγκαμένης
611 531 900 601 γένωνται,
935 534 1034 587 καὶ
1059 536 1173 597 τοῖς
1207 533 1356 602 σφῶν
1401 532 1706 604 κεχρῆσθαι
1735 532 1817 585 νό-

205 635 354 690 μοις,
383 623 641 694 φανερῶς
684 626 778 679 καὶ
815 623 1120 697 λεληθότως
1148 624 1582 695 διακελευόμενοι
1601 641 1614 654 ·
1651 623 1714 688 ἐξ
1741 617 1816 678 ὧν

202 724 351 772 τινες
399 711 582 766 αὐτῶν
630 713 794 786 μέχρι
841 715 939 768 καὶ
982 714 1079 768 νῦν
1121 713 1462 788 ὑπάρχουσιν
1508 713 1568 767 ὲν
1609 713 1816 784 Μήδοις

202 800 301 854 καὶ
332 803 573 874 Πάρθοις
605 805 702 860 καὶ
729 806 1051 878 Ἑλαμίταις
1074 808 1169 861 καὶ
1201 807 1542 876 Αἰγυπτίας,
1562 807 1621 859 ὲν
1646 805 1816 877 Φρυξὶ

202 893 300 946 καὶ
335 894 624 968 Γαλάταις,
667 898 725 950 ἐν
755 915 867 953 τισι
905 902 1122 971 κώμαις
1153 899 1539 972 μιαισιοῦντες.
1581 896 1695 951 ΚαὶΙ
1725 896 1817 950 ού-

200 981 355 1036 δέπω
389 984 612 1056 Κύπρις
653 989 752 1042 σὺν
794 991 956 1061 Μήνῃ
986 991 1043 1044 ὲν
1065 991 1237 1061 ὁρίοις
1274 992 1371 1044 καὶ
1401 989 1572 1054 οἴκοις
1603 988 1814 1060 Κρόνου

201 1073 719 1146 ἑπιμαρτυροῦντος
755 1078 851 1131 τοῦ
891 1081 1104 1151 Ἀρεως
1138 1080 1197 1133 ὲν
1224 1081 1348 1143 ταῖς
1386 1079 1606 1133 πάντων
1635 1075 1815 1132 αὐτῶν

201 1166 488 1237 γενέσεσιν
547 1170 900 1244 εὑρίσκεσθαι
961 1171 1050 1225 οία
1097 1189 1179 1227 τε.
1250 1171 1490 1242 Θάτερος
1542 1170 1600 1224 δὲ
1663 1167 1816 1238 παρὰ

200 1257 408 1330 Γήλαις
449 1261 560 1332 (5t)
608 1261 802 1332 νόμος,
854 1266 1120 1332 γυναῖκας
1169 1265 1433 1335 γεωργεῖν
1476 1263 1570 1316 καὶ
1609 1262 1816 1316 οἰκοδο-

203 1355 351 1424 μεῖν,
397 1355 490 1408 καὶ
538 1355 609 1410 τὰ
653 1355 864 1429 ἀνδρῶν
906 1358 1201 1430 πράττειν,
1245 1358 1384 1411 ἀλλά
1408 1357 1505 1411 καὶ
1537 1358 1815 1410 κοινωνεῖν

197 1438 286 1508 οἷς
326 1444 371 1498 δ’
398 1447 466 1500 ἂν
503 1446 805 1518 βούλωνται
848 1447 957 1501 τῶν
989 1447 1292 1518 ἐπηλύδων,
1321 1448 1422 1500 οὐκ
1468 1445 1815 1516 ἐπιτιμώμε-

200 1553 294 1590 ναι
343 1537 452 1590 ύπὺ
492 1534 601 1592 τῶν
654 1540 998 1610 προεχόντων
1035 1539 1266 1610 ἀνδρῶν,
1305 1539 1425 1593 ούδὲ
1459 1537 1812 1610 ζηλούμεναι.

197 1629 276 1683 οὐ
311 1629 638 1702 μυρίζονται
682 1609 762 1697 δὲ,
789 1609 913 1686 οὐδὲ
928 1609 1167 1702 ’φυκίοις
1199 1631 1301 1702 τὴν
1327 1631 1450 1701 ὄψιν
1477 1631 1812 1696 νοθεύονται,

198 1721 358 1789 σφῶν
409 1723 646 1794 παρειάς
693 1724 1117 1797 ἐπιχρωννῦσαι.
1168 1722 1350 1788 καθὼς
1409 1725 1466 1778 αἱ
1515 1725 1647 1796 παρ’
1683 1725 1816 1795 ἡμῖν

194 1811 484 1880 ἀλλότριαι
521 1813 882 1869 ύποδύνουσαι
902 1817 1267 1886 προσωπεῖον.
1296 1816 1364 1868 Οἰ
1399 1815 1455 1868 δὲ
1482 1815 1677 1887 ἄνδρες
1708 1832 1816 1868 στι-

195 1901 462 1967 ϐάζονται
508 1903 699 1975 ἐσθῆτι
743 1905 986 1977 μαλακῇ,
1037 1905 1132 1960 καὶ
1175 1903 1470 1976 ἀνθοϐάφῳ
1528 1891 1813 1976 περιϐολῇ.

210 1992 557 2067 Ὑπάρχουσι
578 1996 622 2050 δ’
650 1997 710 2050 ὲν
738 1998 932 2064 αύτατς
962 1996 1057 2052 καὶ
1090 1995 1560 2068 πολεμικώταται,
1590 1996 1686 2051 καὶ
1720 1994 1818 2066 θη-

198 2083 400 2155 ροῦσαι
451 2085 523 2138 τά
575 2085 651 2158 μὴ
711 2085 832 2141 λίαν
867 2087 1081 2160 ,ισχυρὰ
1121 2086 1232 2141 τῶν
1278 2085 1503 2158 θηρίων.
1553 2083 1678 2148 Πῶς
1722 2080 1816 2139 οὖν

195 2177 380 2229 πᾶσαι
425 2176 484 2230 αἰ
525 2174 714 2247 Γήλων
747 2179 1027 2246 γυναῖκες,
1068 2177 1170 2230 οὐκ
1218 2176 1411 2246 ἔλαχον
1453 2175 1736 2246 αίγοκέρῳ
1782 2174 1816 2245 ἦ

193 2266 466 2340 ύδροχόῳ,
506 2269 964 2341 κακοδαιμονοῦσι
1021 2268 1136 2342 (52)
1177 2272 1245 2340 τῇ
1287 2266 1561 2339 Κύπριδις
1601 2266 1713 2322 οὔτ’
1747 2264 1816 2322 αὖ

193 2359 366 2413 πάλιν
398 2362 450 2414 ot
488 2362 684 2434 ἄνδρες
718 2362 902 2417 αὐτῶν
930 2361 1126 2433 ἔλαχον
1155 2363 1213 2415 ὲν
1240 2360 1379 2433 κριῷ
1412 2362 1508 2415 σὺν
1538 2361 1696 2432 Ἀρει
1719 2357 1818 2430 τὴν

205 2453 564 2527 Ἀφροδίτην,
595 2455 725 2510 ἔνθα
744 2457 876 2520 ’τοὺς
909 2455 1189 2528 ἀνδρείους
1225 2457 1320 2510 καὶ
1358 2454 1667 2518 σπατάλους
1709 2471 1816 2523 φα-

192 2547 282 2599 σὶν
315 2548 367 2600 οί
409 2549 480 2617 τῇ
524 2547 720 2619 γνώμῃ
758 2546 1045 2615 Χαλδαῖοι;
1096 2549 1184 2602 Ἐν
1217 2549 1274 2602 δὲ
1313 2547 1535 2611 Σούσοις
1572 2546 1673 2617 τῆς
1710 2545 1816 2598 Βα-

193 2637 445 2701 ϐυλῶνος
472 2640 528 2692 αί
552 2641 811 2707 γυναῖκες
846 2641 1010 2692 παντὶ
1053 2638 1212 2710 μύρῳ
1251 2638 1564 2708 διαφέροντι
1605 2638 1699 2690 καί⁵
1727 2637 1820 2690 κό-

195 2746 325 2800 σμῳ
355 2729 618 2801 χρῶνται,
644 2729 1111 2802 ύπηρετούμειαι,
1141 2731 1234 2785 καὶ
1257 2729 1499 2801 φαιδρῶς
1532 2731 1819 2802 προϊοῦσαι

195 2823 297 2875 σὺν
336 2820 602 2893 βλοσυρίᾳ
637 2812 1001 2892 καὶ.διαχύσει
1057 2821 1262 2894 πολλῇ·
1299 2824 1436 2875 πᾶσι
1467 2822 1525 2876 δὲ
1561 2821 1819 2892 Ἕλλητιν

194 2911 370 2977 ἀδεῶς
435 2929 498 2965 τε
551 2912 644 2966 καὶ
697 2913 935 2978 ἀναιδῶς
992 2912 1492 2982 συγκαθεύδουσιν,
1552 2910 1819 2983 ἄρχουσαι

197 3005 408 3074 μᾶλλον
440 3005 552 3058 τῶν
577 3004 796 3058 οἰκείων
826 3005 1037 3077 ἀνδρῶν
1057 3021 1073 3036 ο
1107 3005 1203 3059 καὶ
1229 3005 1290 3058 ού
1331 3004 1551 3068 πάντως
1579 3006 1638 3057 ὲν
1669 3004 1819 3076 πάσῃ

195 3097 419 3164 γενέσει
467 3094 576 3150 τῶν
629 3095 901 3152 Σουσίδων
961 3095 1238 3164 γυναικῶν
1294 3096 1624 3168 μεσουρανεῖ
1682 3096 1822 3166 μετά

197 3189 323 3254 Διὸς
349 3189 448 3242 καὶ
471 3189 686 3260 ’Δρεως
709 3189 770 3242 ὲν
803 3190 924 3252 Διὸς
951 3188 1100 3261 ὅροις
1126 3191 1160 3261 ἡ
1198 3189 1514 3261 Ἀφροδίτη.
1556 3189 1645 3243 Ἐν
1675 3189 1732 3242 δὲ
1755 3190 1822 3260 τῇ

197 3283 314 3354 ὲῴᾳ
354 3284 404 3335 οί
453 3280 1009 3354 ἁῤῥενοφθοροῢντες,
1043 3283 1095 3336 οἱ
1137 3280 1291 3354 παρά
1329 3281 1702 3355 Χριστιανοῖς,
1730 3278 1828 3332 ἐὰν

197 3375 531 3442 γνωσθῶσιν
570 3375 677 3428 ὑπὸ
727 3373 837 3428 τῶν
878 3374 1131 3446 ὁμαίμων
1159 3372 1395 3445 ἀφειδῶς
1419 3371 1821 3448 ,τιμωρούνταμ

209 3469 304 3521 Ἐν
355 3466 658 3538 Βρεττανίᾳ
710 3465 954 3520 πλεῖστοι
1002 3467 1194 3540 ἄνδρες
1239 3467 1341 3537 μιᾷ
1393 3465 1826 3534 συγκαθεύδουσι

196 3559 454 3630 γυναικίο
486 3559 752 3624 ὡσαύτως
794 3559 892 3613 καὶ
936 3559 1133 3616 πολλαὶ
1189 3562 1450 3628 γυναῖκες
1489 3558 1570 3612 ἐν).
1615 3555 1822 3629 ἑταιρίν

198 3653 392 3718 ζονται
419 3652 590 3724 ἀνδρί.

275 3932 390 3986 Καὶ
418 3931 552 3985 πᾶσι
582 3934 693 3996 τοῖς
719 3931 972 4004 πατρίοις
1002 3933 1069 3985 τὰ
1115 3929 1244 4001 ἔθνη
1277 3929 1468 3999 ὥσπερ
1494 3929 1645 3998 νόμῳ
1680 3945 1822 3980 στοι-

197 4023 397 4096 χοῦσιν
431 4024 680 4088 ἀδάκνως
729 4024 826 4078 καὶ
888 4023 1128 4088 ἀπόνως.
1177 4020 1474 4094 Ἀμαζόνες
1524 4021 1580 4075 δὲ
1619 4021 1824 4092 ἄνδρας

196 4115 310 4168 οὐκ
343 4113 558 4184 ἔχουσιν
577 4130 590 4144 ·
622 4113 739 4168 ἀλλ’
770 4114 848 4178 ὡς
889 4113 958 4167 τὰ
982 4113 1155 4182 ἄλογα
1185 4113 1322 4182 ζῶα,
1359 4111 1504 4179 ἅπαξ
1538 4113 1632 4165 τοῦ
1666 4112 1822 4177 ἔτους

197 4205 339 4276 περὶ
366 4207 468 4278 τὴν
495 4205 779 4278 ὲαρινικὴν
814 4207 928 4277 (53)
983 4189 1276 4277 ἰσημερίαν
1324 4204 1612 4277 ὑπερόριοι
1642 4205 1823 4274 γίνονο

195 4315 320 4360 ται,
351 4297 678 4370 μισγόμεναι
708 4298 820 4362 τοῖς
865 4297 1183 4367 γειτνιῶσιν
1221 4296 1503 4369 ἀνδράσιν,
1547 4291 1660 4350 οἷον
1695 4315 1825 4352 παν-

195 4389 406 4462 ήγυρίν
437 4406 558 4445 τινα
585 4390 679 4444 καὶ
697 4390 891 4461 ἑορτὴν
913 4390 1003 4444 τὸν
1025 4389 1216 4461 καιρὸν
1232 4388 1332 4459 τῆς
1359 4389 1635 4460 ἑταιρείας
1659 4388 1826 4460 ἡγού-

201 4497 393 4552 μεναι.
437 4480 527 4548 Ἐξ
553 4473 630 4536 ὧν
659 4479 804 4534 κατά
835 4479 1075 4557 γαστρὸς
1104 4477 1388 4550 φέρουσαι,
1422 4477 1818 4550 παλινδρομοῦ-

199 4591 294 4628 σιν
323 4573 504 4629 οἴκαδε
533 4572 653 4643 ἅμα
677 4574 871 4627 πᾶσαι.
903 4571 998 4643 Τῷ
1022 4571 1078 4625 δὲ
1101 4570 1281 4643 καιρῷ
1309 4571 1410 4640 τῆς
1438 4572 1823 4641 ἀποκυήσεως,

195 4663 298 4717 τὸν
352 4663 450 4732 μὲν
499 4664 709 4740 ἄρρενα
743 4662 1052 4735 φθείρουσι,
1096 4663 1159 4716 τὺ
1209 4664 1267 4716 δὲ
1315 4662 1451 4734 θῆλυ
1497 4662 1827 4732 ζωογονοὖσι

195 4755 306 4810 καὶ
329 4753 643 4830 τιθηνοῦσιν
680 4753 981 4826 ἐπιμελῶς.
1019 4755 1258 4809 ’Δτοπον
1301 4754 1360 4808 δὲ
1405 4753 1697 4810 πιστεύσαι
1736 4756 1831 4809 ἐπὶ

200 4849 312 4919 μὲν
360 4849 430 4920 τῇ
482 4847 595 4900 τῶν
650 4847 905 4919 ἀρρένων
953 4849 1136 4920 σπορᾷ.
1189 4849 1363 4919 ’Δρεα
1416 4847 1557 4919 μετά
1617 4847 1836 4918 Κρόνου.

196 4941 301 4997 ἐπὶ
321 4939 419 5010 τῆς
448 4938 598 5010 ὧρας
627 4939 922 5011 ίσομοίρως
970 4942 1192 5012 τυχεῖν,
1230 4940 1326 4997 ἐπὶ
1374 4940 1432 4993 δὲ
1474 4938 1570 4994 τοῦ
1616 4938 1824 5012 θήλεως

195 5029 487 5084 οὐδέποτε.
523 5029 636 5084 Καϊ
670 5027 789 5094 πῶς
835 5031 894 5084 ὲν
940 5028 1021 5100 τῷ
1063 5027 1212 5100 αὑτῷ
1240 5028 1572 5101 νυχθημὲρῳ
1602 5029 1824 5084 πάντων

197 5124 268 5178 ἐν
321 5123 441 5185 ταῖς
489 5118 921 5192 ύποδεξαμέναις
982 5120 1435 5192 καταϐληθέντων
1456 5163 1470 5187 ,
1537 5121 1632 5175 καὶ⁸
1682 5119 1820 5190 ὁμοῦ

200 5212 373 5269 πάλιν
403 5212 478 5277 ὡς
513 5214 579 5266 ὲκ
601 5214 742 5284 μιᾶς
773 5213 967 5283 νηδύος
994 5214 1438 5286 προερχομένων,
1467 5213 1539 5268 τά
1579 5215 1676 5285 μὲν
1709 5216 1821 5268 δια-

199 5306 511 5376 φθείρεται,
541 5306 638 5360 τοῦ
669 5307 785 5379 ἅμα
815 5307 928 5378 (54)
955 5307 1050 5362 τοῦ
1085 5307 1202 5378 βίου
1240 5305 1560 5377 γεύσασθαι,
1592 5309 1684 5360 καὶ
1716 5309 1822 5360 ὑπὸ

198 5399 317 5454 τῶν
355 5399 659 5471 μιαιφόνων
686 5399 1068 5472 θανατούμενα
1116 5400 1222 5472 πρὸ
1261 5401 1354 5454 τοῦ
1410 5401 1618 5453 σπᾶσαι
1655 5400 1819 5467 γάλα,

201 5493 236 5563 ἦ
274 5491 437 5564 ῥῆξαι
468 5492 688 5563 φωνήν
727 5491 796 5546 τὰ
837 5492 894 5546 δὲ
940 5492 1312 5562 ζωογονεῖται,
1350 5494 1446 5547 καὶ
1498 5493 1821 5562 περιέπεται

203 5585 266 5642 ἑν
291 5587 408 5648 τοῖς
455 5583 678 5656 ἀνόμοις
721 5585 942 5650 κόλποις
985 5585 1055 5640 τὰ
1088 5585 1236 5640 κακὰ
1266 5584 1620 5657 ὲνσκαίροντα
1648 5604 1660 5653 ;
1697 5587 1822 5650 Πῶς

207 5719 396 5848 acili:
430 5722 600 5788 Παρὰ
616 5722 668 5774 Γ
671 5720 867 5788 Male.
903 5721 1245 5784 Bardesanes
1272 5723 1424 5791 παρὰ
1443 5724 1649 5788 Γέλοις,
1677 5725 1815 5784 apud

288 5862 398 5932 (52)
415 5861 959 5932 Κακοδαιμονοῦσι.
977 5856 1141 5922 Forte
1158 5882 1223 5920 κσ
1231 5866 1380 5920 κοδαι
1389 5863 1553 5937 μονού
1563 5878 1643 5940 σῃ.
1655 5863 1729 5920 Eu
1741 5881 1751 5919 ι
1763 5881 1791 5921 1·
1804 5905 1815 5918 .

1632 327 1985 390 πελιοιςυδ
2020 328 2086 385 ll.

3395 330 3502 388 982

1918 457 2051 498 suos
2079 440 2286 496 liberos
2314 438 2595 497 insaniant
2623 449 2827 509 eosque
2849 435 3118 507 polluant.
3145 434 3211 489 Et
3241 434 3288 490 si
3323 435 3514 504 procul

1921 549 1950 588 a
1983 534 2160 604 patria
2188 533 2330 600 sint,
2358 533 2476 589 suis
2497 539 2730 587 utuntur
2759 529 3002 602 legibus,
3029 537 3220 598 aperte
3245 534 3301 581 et
3337 525 3517 596 priva-

1919 626 2015 680 tim
2047 625 2334 683 admoniti.
2372 608 2453 678 E'x
2485 623 2690 694 quibus
2741 621 2913 692 aliqui
2959 620 3265 676 etiamnum
3311 614 3520 686 degunt

1920 720 2064 773 inter
2093 717 2278 773 Medos
2306 725 2361 772 et
2385 714 2621 770 Parthos
2641 754 2656 778 ,
2683 723 2738 769 et
2767 711 3035 767 Elamitas
3060 751 3076 776 ,
3111 717 3168 764 et
3196 707 3484 779 Egyptios
3506 747 3521 766 .

1921 808 2066 864 inter
2098 805 2340 880 Phryges
2372 815 2428 863 et
2461 805 2722 870 Galatas,
2761 803 2815 858 in
2864 800 3197 874 quibusdam
3233 798 3389 870 pagis
3420 798 3524 851 iiii-

1920 902 2007 972 pie
2038 901 2319 967 viventes,
2355 898 2575 956 etiamsi
2624 910 2906 967 nunquam
2955 893 3138 950 Venus
3186 907 3314 947 cum
3357 890 3512 944 Luna

1923 994 1977 1048 in
2012 992 2211 1048 finibus
2237 999 2292 1048 et
2327 990 2711 1047 mansionibus
2743 986 3006 1051 Saturni,
3037 985 3336 1057 adjuvante
3370 981 3520 1036 Mar-

1921 1091 1975 1140 te
1996 1124 2011 1149 ,
2037 1085 2092 1138 in
2119 1083 2364 1138 omnium
2389 1082 2636 1154 ipsorum
2660 1078 3045 1135 nativitatibus
3069 1073 3306 1130 inveniri
3329 1077 3518 1143 queat.

1919 1178 2040 1232 Alia
2073 1177 2199 1233 item
2239 1176 2384 1247 apud
2414 1174 2578 1230 Gelas
2613 1175 2736 1238 lex,
2774 1181 2835 1227 ut
2869 1171 3129 1225 mulieres
3183 1181 3348 1238 agros
3394 1163 3522 1233 qui-

1919 1269 2043 1325 dem
2084 1267 2277 1323 colant
2317 1274 2373 1321 et
2418 1265 2694 1321 aedificent
2741 1270 2796 1320 et
2834 1277 3002 1334 opera
3045 1258 3227 1314 virilia
3273 1256 3519 1319 faciant,

1917 1357 2016 1413 sed
2047 1354 2504 1411 consuetudinem
2536 1353 2776 1409 habeant
2801 1367 2926 1408 cum
2973 1349 3400 1421 quibuscunque
3430 1361 3524 1398 ve-

1921 1451 2026 1507 lint
2084 1449 2432 1521 peregrinis,
2486 1448 2636 1503 nulla
2689 1445 3070 1516 increpatione
3122 1443 3370 1496 virorum
3428 1437 3522 1508 qui

1921 1542 2058 1610 ipsis
2108 1547 2392 1612 praesunt,
2429 1553 2609 1610 neque
2655 1537 3008 1594 simulatione
3054 1533 3353 1605 impeditae.
3402 1530 3522 1584 Non

1921 1643 2210 1705 unguntur
2237 1641 2425 1689 autem
2455 1629 2834 1687 odoramentis
2855 1667 2871 1695 ,
2904 1644 3082 1699 neque
3113 1626 3241 1680 fuco
3285 1624 3342 1679 in
3385 1621 3528 1677 facie

1921 1723 2266 1789 inficiuntur,
2298 1729 2360 1776 ut
2387 1735 2558 1793 genas
2588 1720 2852 1793 pingant,
2885 1715 3348 1790 quemadmodum
3378 1716 3524 1785 apud

1921 1832 2023 1873 nos
2058 1831 2261 1871 uxores
2277 1814 2615 1884 alienaque:
2643 1811 2804 1868 faciei
2838 1811 3242 1866 medicamenta
3271 1807 3524 1880 quaedam

1919 1907 2203 1964 adhibent.
2261 1906 2384 1963 Viri
2430 1922 2564 1962 vero
2614 1904 2924 1961 induuntur
2974 1902 3042 1957 ad
3076 1902 3245 1973 pedes
3278 1900 3523 1956 demissa

1919 2008 2073 2056 veste
2119 1998 2308 2065 molli,
2358 2006 2414 2054 et
2466 1998 2644 2054 tincto
2683 1996 2912 2052 amictu.
2969 1993 3112 2049 Sunt
3156 2001 3344 2048 autem
3379 1995 3526 2046 inter

1921 2092 2072 2163 ipsas
2097 2089 2267 2145 etiam
2295 2088 2773 2154 bellicosissimas,
2805 2095 2860 2142 et
2889 2093 3166 2141 venantur
3194 2083 3374 2149 feras,
3403 2081 3528 2151 qui-

1921 2186 2025 2242 bus
2055 2185 2148 2240 vix
2183 2183 2306 2239 alia}
2355 2192 2488 2240 sunt
2539 2182 2825 2239 fortiores.
2869 2178 3162 2248 Quomodo
3206 2178 3378 2250 igitur
3419 2193 3527 2232 non

1921 2292 2116 2332 omnes
2167 2274 2424 2330 Gelarum
2475 2274 2739 2331 mulieres
2784 2273 2997 2329 sortita:
3048 2279 3182 2326 sunt
3233 2267 3527 2338 Capricor-

1921 2386 2088 2436 imm,
2122 2377 2219 2424 aut
2249 2367 2553 2439 Aquarium
2573 2409 2589 2432 ,
2623 2364 2874 2424 infausto
2905 2365 3028 2419 loco
3056 2362 3238 2434 posita
3272 2359 3534 2417 Venere?

1919 2464 2030 2519 Aut
2059 2462 2180 2517 vice
2206 2475 2367 2517 versa
2391 2476 2491 2517 cur
2523 2476 2633 2516 non
2667 2458 2917 2529 ipsorum
2948 2456 3052 2511 viri
3091 2454 3274 2512 sortiti
3307 2460 3441 2510 sunt
3471 2453 3527 2508 in

1922 2555 2106 2610 Ariete
2135 2569 2261 2609 cum
2297 2553 2469 2609 Marte
2501 2551 2804 2612 Venerem,
2861 2550 2957 2605 ubi
3004 2548 3195 2604 viriles
3241 2554 3297 2601 et
3335 2546 3530 2600 molles

1922 2648 2080 2702 aiunt
2100 2661 2224 2704 esse
2246 2685 2262 2711 ,
2283 2647 2379 2718 qui
2406 2661 2532 2701 cum
2555 2644 2830 2700 Chaldaeis
2860 2643 3152 2700 sentiunt?
3175 2640 3530 2712 Babylonieis

1923 2749 2108 2795 autem
2141 2739 2306 2796 Susis
2336 2738 2600 2794 mulieres
2630 2737 2813 2792 omnis
2842 2735 3065 2808 generis
3098 2742 3383 2806 unguento
3410 2748 3534 2804 pre-

1925 2833 2100 2895 tioso,
2133 2838 2190 2888 et
2223 2838 2426 2886 ornatu
2458 2836 2713 2894 utuntur,
2753 2828 3021 2884 ministris
3059 2827 3350 2883 instructae
3380 2825 3533 2878 hila—

1922 2926 2058 2980 riter
2082 2924 2138 2979 in
2169 2923 2452 2996 publicum
2485 2922 2836 2994 procedunt,
2870 2937 3000 2978 cum
3032 2920 3381 2976 immodestia
3417 2920 3537 2974 vul-

1924 3024 2014 3071 tus
2036 3024 2089 3070 et
2113 3014 2391 3070 hilaritate
2407 3028 2626 3083 magna.
2645 3013 2781 3069 Cum
2800 3013 3060 3069 omnibus
3080 3011 3285 3068 eaedem
3310 3010 3538 3067 advenis

1934 3110 2143 3178 absque
2175 3107 2377 3162 timore
2408 3116 2461 3161 et
2495 3105 2711 3176 pudore
2745 3105 3160 3168 concumbunt,
3195 3105 3537 3174 imperantes

1934 3204 2117 3270 potius
2154 3198 2394 3270 prepriis
2428 3197 2586 3253 viris.
2621 3195 2812 3268 Neque
2841 3205 3028 3253 tamen
3061 3198 3118 3252 in
3152 3196 3304 3253 omni
3339 3196 3541 3250 nativi-

1931 3298 2044 3344 tate
2071 3289 2336 3346 Susidum
2383 3290 2678 3345 mulierum
2701 3330 2716 3354 ,
2747 3289 2991 3345 medium
3019 3289 3145 3346 cceli
3174 3305 3299 3344 cum
3327 3287 3462 3355 Jove
3484 3296 3540 3343 et

1933 3381 2105 3438 Marte
2136 3383 2190 3436 in
2225 3381 2431 3437 finibus
2457 3379 2610 3437 lovis
2638 3380 2826 3436 Venus
2855 3389 3028 3438 tenet.
3062 3381 3120 3436 In
3149 3381 3405 3436 orientali
3441 3398 3540 3434 au-

1931 3482 2040 3528 tem
2076 3473 2230 3543 plaga
2269 3473 2586 3545 paedicones
2619 3478 2791 3536 Sunt,
2830 3473 2927 3543 qui
2965 3472 3113 3544 apud
3151 3473 3536 3535 Christianos.

1929 3567 1972 3619 si
2023 3565 2506 3635 deprehendantur
2561 3565 2632 3620 ab
2678 3565 2817 3636 ipsis
2859 3565 3330 3635 consanguineis,
3387 3566 3542 3618 nullo

1932 3667 2228 3728 parcente,
2262 3657 2538 3727 supplicio
2573 3655 2911 3711 adiciuntur.
2965 3656 3026 3711 In
3075 3655 3367 3712 Britannia
3415 3658 3540 3726 plu-

1930 3747 2054 3801 rimi
2080 3746 2182 3802 viri
2216 3762 2341 3800 cum
2375 3747 2541 3801 unica
2575 3746 2959 3802 concumbunt
2991 3745 3245 3801 muliere.
3272 3745 3542 3801 Similiter

1927 3852 1980 3894 et
2008 3840 2193 3894 multa:
2226 3839 2489 3895 mulieres
2525 3840 2620 3894 uni
2646 3839 2960 3910 junguntur
2990 3839 3130 3894 viro.

2000 3934 2246 3990 Utuntur
2278 3933 2519 4004 denique
2548 3933 2746 4004 patriis
2789 3932 3040 3989 moribus
3085 3941 3315 4004 gentes,
3367 3933 3537 3988 veluti

1927 4025 2046 4095 tege
2066 4064 2081 4089 ,
2114 4025 2254 4079 citra
2289 4039 2538 4080 morsum
2566 4024 2738 4078 animi
2770 4033 2826 4078 et
2855 4023 3188 4080 molestiam.
3225 4026 3536 4080 Amazones

1927 4134 1996 4174 ne
2031 4118 2180 4174 viros
2214 4117 2438 4188 quidem
2471 4116 2710 4181 habent,
2751 4115 2848 4172 sed
2879 4116 3204 4171 animalium
3242 4117 3534 4172 brutorum

1928 4210 2037 4266 ritu
2071 4209 2243 4266 semel
2277 4209 2332 4264 in
2366 4222 2517 4263 anno
2544 4208 2695 4263 circa
2729 4224 2960 4263 vernum
2992 4210 3388 4279 aequinoctium
3420 4212 3538 4266 suis

1928 4303 2129 4358 tinibus
2153 4315 2427 4372 egressae,
2466 4308 2523 4355 et
2571 4315 2700 4355 cum
2747 4300 2884 4357 viris
2915 4300 3012 4370 qui
3064 4309 3198 4356 sunt
3243 4300 3298 4354 in
3334 4302 3537 4356 vicinia

1927 4403 2226 4460 coeuntes,
2276 4393 2439 4465 quasi
2492 4403 2829 4449 conventum
2884 4394 3124 4464 aliquem
3157 4396 3442 4465 publicum
3485 4408 3541 4450 et

1930 4486 2130 4541 festum
2164 4494 2381 4556 tempus
2413 4484 2466 4539 id
2496 4485 2680 4540 coitus
2727 4485 2962 4540 ducunt.
3013 4484 3092 4539 Ex
3149 4487 3353 4555 quibus
3389 4497 3540 4557 post-

1929 4593 2092 4650 quam
2120 4587 2470 4650 praegnantes
2501 4577 2657 4632 factae
2686 4587 2817 4633 sunt
2841 4617 2855 4641 ,
2882 4577 3109 4631 domum
3147 4578 3311 4632 simul
3339 4594 3538 4635 omnes

1929 4678 2200 4725 remeant.
2238 4667 2512 4738 Tempore
2541 4683 2674 4724 vero
2711 4677 2968 4744 partuum
3005 4668 3378 4734 edendorum,
3412 4686 3542 4741 pro-

1930 4762 2036 4818 lem
2070 4761 2295 4831 quidem
2330 4760 2633 4816 masculam
2677 4759 3042 4827 interimunt,
3092 4758 3366 4816 femellani
3410 4778 3540 4816 vero

1931 4862 2272 4909 conservant
2319 4864 2377 4909 et
2427 4853 2635 4908 lactant
2669 4861 2948 4908 accurate.
3001 4852 3321 4908 Absurdum
3353 4861 3536 4908 autem

1935 4955 2020 5001 est
2044 4945 2305 5011 credere,
2342 4947 2397 5000 in
2435 4947 2799 5018 conceptione
2842 4946 3066 5016 quidem
3113 4948 3409 5003 masculini
3453 4965 3538 5002 se-

1934 5038 2101 5098 minis
2137 5038 2366 5094 Martem
2396 5054 2523 5094 cum
2561 5037 2804 5094 Saturno
2833 5053 2898 5095 ea
2933 5039 3067 5094 hora
3095 5040 3388 5110 aequaliter
3417 5056 3540 5094 sor-

1932 5133 2062 5197 tiri,
2101 5134 2156 5189 in
2197 5134 2451 5189 feminini
2498 5142 2680 5190 autem
2735 5151 3042 5204 nunquam.
3089 5134 3213 5200 Quo
3242 5133 3536 5202 caatcroqui

1932 5235 2094 5294 pacto
2126 5225 2179 5279 in
2208 5225 2403 5281 eodem
2430 5226 2609 5280 noctis
2639 5226 2815 5282 dicive
2847 5235 3127 5281 momento
3152 5224 3458 5281 seminibus
3485 5225 3538 5278 in

1933 5315 2089 5369 alvos
2121 5315 2466 5384 excipientes
2489 5315 2656 5384 jactis
2681 5357 2696 5381 ,
2731 5331 3040 5386 rursusque
3078 5316 3242 5370 simul
3276 5313 3439 5385 quasi
3471 5330 3539 5369 ex

1941 5408 2132 5462 eodem
2166 5417 2324 5462 utero
2352 5409 2839 5478 progredientibus
2864 5450 2878 5472 ,
2911 5411 3002 5462 alii
3035 5407 3256 5478 quidem
3291 5407 3435 5463 fetus
3463 5409 3539 5461 in-

1935 5502 2292 5564 terimuntur,
2323 5501 2488 5557 simul
2524 5511 2685 5572 atque
2715 5501 2882 5554 vitam
2916 5501 3318 5571 (legustarunt,
3346 5499 3415 5554 ab
3441 5501 3539 5554 ho-

1935 5595 2150 5651 micidis
2185 5595 2454 5650 matribus
2490 5596 2599 5650 leto
2626 5595 2776 5660 dati,
2807 5603 3106 5664 antequam
3143 5594 3233 5648 lac
3266 5594 3537 5649 traxerint

2000 5732 2113 5802 (53)
2163 5731 2525 5803 Ἐαρινικήνς
2566 5731 2730 5786 Fmte
2769 5733 3012 5803 ὲαρινήν.
3043 5729 3123 5803 in.

2002 5797 2114 5876 (54)
2156 5797 2275 5859 Τοῦ
2307 5797 2639 5874 ᾶμίιζΡθτιο
2669 5803 2744 5875 τῷ
2779 5797 2892 5876 ἅμα
2919 5797 3000 5857 vel
3039 5802 3154 5873 ἆμα
3183 5800 3280 5872 τῷ.
3317 5797 3396 5855 ιυ.
