4032 6312
513 290 620 345 98ἶ

515 405 662 460 enim
687 401 865 458 Graeci
907 406 1003 457 aut
1040 397 1217 457 Judaei
1279 410 1374 455 aut
1406 400 1714 456 Christiani
1766 403 1959 457 eadem
2011 402 2103 458 die

515 496 601 551 vel
631 498 786 560 hora,
822 495 876 548 in
907 503 1220 548 maternum
1241 491 1376 562 jaeti
1405 501 1537 548 sunt
1573 501 1814 556 uterum,
1849 500 1905 548 et
1946 492 2111 547 simul

515 584 574 639 in
612 587 788 639 lucem
813 583 982 640 editi?
1018 583 1309 649 Quomodo
1342 585 1512 655 igitur
1561 585 1819 653 plurimis
1867 585 2112 654 ipsorum

513 675 742 732 Christo
771 674 1075 745 adjunctis,
1111 675 1293 744 patrio
1321 675 1594 752 abnegato
1614 691 1828 741 errore,
1867 691 1976 730 non
2012 691 2112 745 po-

513 768 624 821 tuit
645 769 695 823 ei
737 779 970 822 terrenae
995 767 1139 838 parti
1175 767 1472 822 dominans
1517 767 1677 822 stella
1720 768 1876 838 ipsos
1922 782 2114 823 arcere

515 860 588 915 ab
615 875 743 916 vera
778 861 832 914 in
865 859 1036 915 Deum
1064 859 1313 929 pietate?

962 971 1488 1029 INTERROGATIO
1525 970 1664 1029 CXI.

588 1088 659 1140 At
689 1087 852 1142 nobis
886 1087 1014 1142 dum
1045 1088 1113 1143 de
1146 1087 1316 1142 astris
1342 1087 1642 1158 loquimur,
1674 1103 1783 1142 non
1817 1095 1901 1143 est
1931 1104 2114 1145 sermo

516 1178 588 1233 de
623 1177 751 1242 fide,
779 1179 874 1234 sed
917 1179 986 1234 de
1021 1179 1266 1233 moribus
1308 1186 1361 1232 et
1391 1178 1605 1232 ratione
1633 1180 1873 1241 vivendi.
1904 1188 1958 1234 et
1989 1180 2117 1236 inde

519 1269 793 1340 pendente
820 1271 1061 1334 actione,
1105 1280 1370 1339 praeterea
1423 1270 1493 1324 de
1542 1271 1943 1326 constitutione
1989 1287 2117 1325 cor-

519 1361 693 1430 poris.
721 1359 856 1414 Nam
887 1377 1125 1431 quorum
1176 1361 1282 1417 sub
1325 1360 1511 1417 Ariete
1544 1364 1804 1418 nativitas
1852 1372 1960 1431 est,
2005 1364 2117 1419 cri-

519 1453 638 1521 spis
685 1459 815 1506 sunt
862 1451 1136 1523 crinibus,
1192 1451 1421 1521 gratiosi
1476 1458 1533 1504 et
1583 1453 1942 1522 magnamini,
1986 1455 2116 1524 quia

519 1543 791 1613 principis
820 1542 1004 1597 officio
1031 1541 1281 1613 fungitur
1325 1542 1489 1598 Aries
1521 1562 1534 1596 :
1564 1545 1730 1598 etiam
1785 1545 1969 1599 liberae
2013 1561 2114 1600 vo-

521 1634 751 1689 luntatis
779 1635 1104 1689 electionem
1137 1635 1363 1699 habent,
1387 1635 1660 1704 siquidem
1686 1643 1740 1689 et
1761 1635 2117 1708 Aries,depo-

519 1729 628 1781 sito
661 1728 871 1796 absque
894 1727 1086 1782 dolore
1115 1728 1344 1792 vellere,
1371 1742 1570 1783 rursus
1613 1742 1643 1781 a
1692 1735 1891 1782 natura
1940 1729 2113 1785 vesti-

519 1826 634 1872 tur.
669 1817 965 1888 Subjectus
1001 1827 1182 1874 autem
1229 1818 1439 1882 Tauro,
1491 1835 1843 1877 arumnosus
1900 1829 2007 1886 est,
2064 1828 2122 1876 et

521 1909 784 1965 servilis:
821 1918 1018 1965 taurus
1048 1911 1197 1965 enim
1234 1910 1340 1965 sub
1381 1911 1518 1982 jugo
1567 1919 1675 1967 est.
1727 1912 1829 1977 Qui
1877 1921 1963 1968 est
2013 1912 2118 1968 sub

523 1998 826 2070 Scorpione
883 2016 1183 2072 percussor
1209 2009 1318 2065 est,
1348 2009 1574 2071 propter
1609 2016 1733 2057 eam
1776 2018 1900 2072 quae
1942 2003 2014 2057 ab
2053 2003 2118 2057 il-

520 2093 592 2147 lis
624 2093 819 2149 bestiis
847 2095 1089 2149 sumitur
1161 2093 1607 2150 similitudinem.
1663 2092 1798 2148 Nam
1850 2101 1905 2149 et
1941 2092 2119 2150 Librae

521 2185 809 2254 subjectus
863 2193 950 2240 est
997 2186 1205 2255 justus,
1235 2193 1464 2256 propter
1490 2193 1812 2241 nostrarum
1842 2185 2118 2242 librarum

520 2276 916 2347 aqualitatem.

1172 2368 1477 2439 Responsio.

594 2458 641 2514 Ο
679 2459 1010 2530 gentilitiam
1041 2459 1413 2516 dementiam!
1449 2459 1584 2531 quid
1616 2460 1765 2515 enim
1799 2461 1925 2517 istis
1955 2459 2120 2516 fuerit

521 2551 698 2622 magis
732 2553 1073 2607 ridiculum?
1100 2551 1237 2607 Nam
1263 2553 1428 2609 Aries
1468 2553 1618 2608 unde
1655 2553 1817 2608 deliri
1860 2555 2122 2607 nativita-

523 2652 633 2697 tem
658 2645 904 2699 hominis
933 2653 1209 2715 repetunt,
1243 2645 1370 2700 caeli
1407 2644 1736 2699 duodecima
1761 2659 1888 2714 pars
1922 2653 2025 2708 est,
2066 2644 2120 2697 in

520 2753 633 2806 quo
662 2737 743 2791 sol
779 2752 990 2796 means.
1031 2751 1196 2792 verna
1227 2737 1387 2808 signa
1430 2734 1760 2806 ingreditur.
1801 2732 1909 2790 Sed
1934 2744 1992 2788 et
2026 2734 2119 2787 Li-

521 2830 645 2894 bra,
675 2839 731 2884 et
762 2828 1002 2893 Taurus,
1064 2839 1120 2885 et
1179 2830 1466 2900 Scorpius,
1512 2838 1566 2884 et
1615 2829 1874 2884 similiter
1924 2828 2118 2882 borum

520 2920 756 2990 quodvis
802 2921 1127 2977 duodecima
1164 2922 1347 2992 portio
1397 2928 1504 2986 est,
1531 2929 1586 2976 et
1619 2935 1748 2991 pars
1784 2921 1907 2975 caeli
1940 2920 1994 2973 in
2025 2918 2123 2973 Zo—

522 3016 706 3082 diaco,
734 3031 900 3085 quem
942 3021 1170 3077 vocant,
1193 3013 1426 3069 circulo.
1463 3012 1751 3079 Quomodo
1778 3011 1946 3082 igitur
1996 3009 2121 3065 inde

523 3107 852 3163 mortalibus
897 3105 1274 3177 praecedentes
1317 3118 1521 3161 causas
1571 3104 1843 3160 exsistere
1887 3103 2114 3166 dicunt,

523 3200 656 3254 dum
681 3215 750 3255 ex
781 3200 848 3254 iis
875 3214 998 3268 qua
1029 3197 1176 3270 apud
1203 3213 1307 3254 nos
1337 3198 1550 3263 balant,
1582 3212 1777 3272 mores
1810 3196 1947 3266 ipsis
1975 3196 2122 3251 desi-

525 3288 808 3357 gnantur?
853 3288 1073 3342 Animal
1127 3287 1275 3341 enim
1338 3287 1406 3342 ad
1467 3285 1895 3356 impartiendum
1940 3286 2121 3350 facile,

524 3379 684 3434 Aries
716 3387 800 3432 est
838 3395 851 3431 :
887 3394 995 3432 non
1033 3378 1178 3448 quod
1208 3378 1440 3446 hujusce
1468 3377 1640 3432 moris
1668 3374 1912 3432 effectrix
1956 3377 2029 3431 sit
2059 3391 2123 3431 ea

527 3487 657 3542 pars
686 3471 838 3536 coeli,
877 3471 972 3526 sed
1004 3470 1149 3538 quod
1177 3470 1297 3525 ovis
1329 3485 1358 3523 a
1396 3480 1651 3524 creatore
1673 3468 1836 3523 talem
1867 3477 2122 3522 naturam

528 3562 760 3632 accepit.
796 3562 978 3632 Atque
999 3577 1065 3617 ex
1108 3565 1274 3617 astris
1324 3561 1546 3630 quidem
1580 3561 1785 3631 satagis
1828 3561 2124 3616 ostendere

528 3653 776 3724 genesim
803 3661 1074 3718 nostram,
1102 3653 1155 3707 id
1186 3667 1318 3707 vero
1371 3668 1468 3722 per
1507 3652 1729 3709 balatus
1789 3654 2124 3723 persuadere

528 3748 772 3800 conaris.
824 3744 1108 3814 Siquidem
1164 3760 1196 3800 a
1257 3745 1462 3801 talibus
1519 3745 1856 3802 animalibus
1923 3746 2123 3802 calum

529 3848 803 3912 gestatum
843 3840 982 3896 tales
1019 3839 1187 3895 habet
1225 3855 1441 3895 morum
1496 3855 1698 3897 causas
1737 3861 1750 3897 :
1798 3840 2025 3896 omnino
2071 3851 2126 3896 et

531 3932 713 4000 ipsum
743 3929 1052 3999 subjectum
1080 3938 1167 3985 est
1194 3931 1389 3987 alienis
1421 3933 1791 4002 potestatibus
1816 3972 1830 3997 ,
1860 3933 2123 3987 nimirum

532 4021 900 4091 potestatibus
925 4028 1240 4087 astrorum;
1265 4033 1416 4076 astra
1444 4039 1575 4078 vero
1606 4025 1950 4087 animalium,
1993 4041 2127 4094 pen-

532 4112 728 4166 dentes
755 4112 824 4166 ab
855 4111 992 4181 ipsis
1048 4126 1251 4167 causas
1297 4113 1577 4168 habentia.
1633 4112 1691 4168 Si
1740 4130 1868 4170 vero
1913 4115 2124 4170 ridicu-

534 4205 646 4257 lum
676 4201 782 4258 boc
822 4211 928 4267 est,
957 4204 1131 4275 magis
1163 4203 1458 4259 ridiculum
1486 4204 1623 4260 illud
1653 4207 1780 4274 erit,
1806 4222 1874 4262 ex
1904 4208 1972 4263 iis
2003 4224 2127 4277 quae

533 4295 671 4348 nihil
706 4295 849 4350 inter
877 4311 937 4351 se
963 4310 1257 4350 commune
1279 4295 1503 4363 habent,
1536 4297 1801 4353 inducere
1830 4299 1968 4353 velle
2001 4314 2125 4368 pro-

533 4388 872 4443 babilitatem
940 4404 1133 4443 eorum
1187 4405 1309 4460 qua:
1365 4389 1434 4444 de
1488 4391 1778 4447 nativitate
1835 4393 2118 4448 dicuntur.

533 4481 822 4546 Quomodo
848 4481 993 4535 enim
1028 4483 1278 4551 quotidie
1321 4483 1802 4539 innumerabiliter
1841 4493 2124 4540 mutantur

534 4573 820 4628 stellarum
871 4576 1177 4644 aspectus?
1221 4573 1355 4630 Nam
1403 4577 1658 4647 planetae,
1690 4585 1750 4630 ut
1787 4586 1948 4642 sunt,
1990 4593 2130 4633 sem.

535 4681 634 4737 per
663 4667 894 4723 mobiles
923 4668 1292 4737 appellantur.
1332 4669 1512 4740 Atque
1545 4670 1636 4725 alii
1678 4669 1900 4741 quidem
1960 4672 2127 4728 citius

536 4767 911 4828 assequuntur
950 4774 1010 4814 se
1038 4759 1298 4822 invicem.
1333 4761 1427 4814 alii
1465 4777 1596 4816 vero
1639 4763 1898 4832 periodos
1935 4764 2127 4818 eadem

536 4850 672 4904 hora
709 4848 918 4903 faciunt
950 4849 1247 4907 tardiores.
1273 4851 1584 4922 Aliquoties
1607 4854 1773 4908 etiam
1804 4869 1865 4908 se
1887 4853 2126 4909 invicem

535 4940 892 5012 aspicientes,
930 4957 1054 4997 mox
1081 4944 1455 4999 occultantur.
1502 4944 1660 5009 Quod
1719 4944 1767 5001 si
1822 4961 1887 4999 ex
1934 4954 2131 4998 natura

536 5033 674 5103 ipsis
703 5034 911 5088 bonum
948 5042 1003 5088 et
1041 5036 1246 5089 malum
1274 5034 1457 5100 adest,
1490 5036 1722 5090 omnino
1777 5036 1843 5090 ad
1877 5035 2130 5107 opiﬁcem

536 5141 705 5183 causa
744 5127 876 5182 mali
911 5141 942 5180 a
994 5127 1156 5182 nobis
1193 5127 1454 5183 refertur.
1487 5127 1644 5194 Quod
1699 5128 1743 5184 si
1800 5129 1986 5183 liberae
2036 5142 2134 5181 vo-

537 5218 768 5272 luntatis
793 5218 1060 5274 electione
1087 5228 1402 5284 moventur,
1445 5221 1684 5291 primum
1714 5223 1935 5292 quidem
1966 5231 2133 5276 erunt

540 5309 798 5365 animalia
837 5311 1062 5381 praedita
1099 5312 1275 5368 libera
1306 5314 1610 5382 voluntate,
1633 5315 1836 5370 solutis
1865 5323 1918 5370 et
1942 5314 2126 5369 liberae

612 5511 730 5583 (60)
761 5510 1294 5583 Xapoao¢o[.7Forte
1333 5513 1584 5583 χαροποί.
1625 5513 1781 5570 Enn“.

611 5581 726 5653 (61)
769 5581 1058 5653 Ἀερινῶν.
1097 5582 1225 5652 Leg.
1259 5581 1511 5653 ἐαρινῶν.
1543 5585 1614 5638 In.

608 5652 723 5718 (62)
747 5652 1200 5732 ιᾙθουςλίηρριε
1230 5654 1285 5732 in
1315 5652 1562 5732 Vulgatis
1587 5661 1779 5732 ἤχους,
1814 5654 1903 5732 ubi
1947 5654 2134 5713 sie.lu-

553 5741 650 5779 cus
668 5722 914 5792 redditur
941 5742 952 5776 :
988 5721 1270 5792 Non’quod
1311 5721 1506 5779 Arietis
1538 5721 1724 5778 sonitm
1769 5724 1891 5779 edat
1923 5741 1982 5778 ea
2009 5739 2132 5790 pars

552 5794 686 5857 cwli,
716 5791 785 5845 At
819 5791 981 5858 ἤθους
1022 5791 1206 5848 veram
1261 5795 1548 5851 lectionem
1607 5795 1804 5851 docere
1857 5795 2136 5851 debuisset

1617 285 1673 341 S.
1717 286 2019 343 CIESARII
2061 286 2398 348 GREGORII
2437 293 2740 351 FRATRIS

3699 291 3815 348 988

2223 407 2466 462 Ἰουδαῖοι
2494 410 2526 481 ἢ
2557 408 2880 480 Χριστιανοὶ
2913 410 2971 461 ὲν
2995 410 3061 480 τῇ
3086 408 3223 479 αύτῇ
3246 407 3428 478 ἡμέρα
3449 407 3482 478 ἢ
3507 406 3630 478 ὥρᾳ
3661 408 3718 460 ὲν
3741 409 3817 477 τῇ

2218 499 2448 572 μητρῷα
2482 500 2894 572 κατεϐλήθησαν
2928 499 3115 570 νηδύϊ·
3155 498 3261 551 οὐδ’
3307 493 3373 551 αὖ
3412 497 3569 550 πάλιν
3611 497 3822 560 πάντες

2215 591 2334 661 ἅμα
2363 592 2778 662 ἀπεκυήθησαν.
2829 591 2955 654 Πῶς
2997 585 3090 643 οῦν
3120 592 3170 642 οἱ
3205 590 3444 642 πλεῖστοι
3465 588 3650 640 αὐτῶν
3679 587 3824 660 Χριο

2217 679 2330 751 στῷ
2369 680 2681 758 συνέθεντο,
2721 682 2823 752 τὴν
2868 681 3130 752 πατρῴαν
3175 679 3544 751 ἀρνησάμενοι
3578 678 3820 746 πλάνην,

2222 771 2296 843 μὴ
2341 773 2661 843 ἰσχύσαντος
2707 771 2802 826 τοῦ
2844 773 3103 842 ἄρχοντος
3149 771 3381 841 ἀστέρος
3421 770 3521 841 τῆς
3557 768 3821 841 χερσαίου

2219 863 2436 935 μερίδος
2471 863 2763 935 ἐμποδίσαι
2794 863 2992 927 αὐτοὺς
3031 864 3164 934 πρὸς
3201 862 3544 927 θεοσέϐειαν;

2783 977 3036 1034 ΠΕΥΣΙΣ
3086 977 3238 1032 PlA'.

2301 1089 2440 1142 Ἀλλ’
2472 1089 2532 1142 οὐ
2564 1093 2695 1160 περὶ
2720 1089 2954 1153 πίστεως
2984 1091 3115 1160 ἡμῖν
3155 1090 3185 1143 6
3223 1087 3354 1158 περὶ
3392 1085 3611 1156 ἄστρων
3638 1085 3827 1153 λόγος,

2219 1180 2332 1234 ἀλλ’
2359 1181 2522 1250 ἠθους
2551 1181 2645 1233 καὶ⁵
2684 1181 2958 1243 πολιτείας
2984 1181 3078 1234 καὶ
3107 1179 3362 1252 πράξεως
3399 1177 3612 1231 ἐκεῖθεν
3648 1179 3828 1248 ἁρμο-

2219 1271 2471 1342 ζομένης,
2500 1271 2579 1326 ἔτι
2607 1273 2664 1326 δὲ
2689 1272 2783 1326 καὶ
2804 1271 2905 1341 τῆς
2945 1272 3265 1342 σωματικῆς
3307 1270 3722 1331 καταστάσεως.
3757 1269 3830 1322 Οί

2219 1365 2328 1437 γὰρ
2358 1363 2499 1434 κριῷ
2524 1365 2622 1435 τὴν
2653 1365 2870 1434 γένεσιν
2895 1364 3131 1436 ἔχοντες,
3166 1363 3316 1417 ούλοὶ
3358 1363 3459 1434 τὴν
3485 1362 3653 1434 τρίχα
3685 1363 3835 1414 ἁπο-

2217 1452 2516 1515 τελοῦνται,
2545 1455 2829 1526 χαροποιοὶ
2867 1455 2977 1524 (6οὶ
3017 1457 3112 1509 καὶ
3162 1454 3588 1525 μεγαλόφρονες,
3635 1450 3832 1522 ἐπειδὴ

2220 1544 2548 1615 ἡγεμονικὸν
2579 1549 2607 1600 6
2645 1547 2828 1618 κριός’
2875 1545 3012 1600 ἀλλὰ
3058 1548 3152 1600 καὶ
3193 1546 3592 1620 προαιρετικοὶ,
3638 1541 3836 1614 ἐπειδὴ

2219 1636 2314 1689 καὶ
2337 1639 2367 1689 6
2394 1637 2548 1708 κριὸς
2586 1637 2905 1692 ἀποτίθεται
2949 1638 3173 1701 ἀλύπως
3202 1639 3265 1692 τὸ
3319 1638 3487 1710 ἔριον,
3526 1637 3621 1692 καὶ
3667 1635 3836 1688 πάλιν

2223 1728 2330 1782 ὑπὸ
2355 1729 2453 1800 τῆς
2485 1731 2702 1800 φύσεως
2729 1732 3068 1787 ὲπενδύεται.
3114 1734 3171 1788 '0
3198 1733 3255 1786 δὲ
3285 1731 3597 1806 ταυριανὺς,
3626 1732 3837 1799 τληπα-

2222 1820 2320 1892 θὴς
2364 1821 2459 1876 καὶ
2503 1821 2781 1886 δουλικός⁶
2834 1823 2943 1878 ὑπὸ
2990 1823 3155 1891 ζυγὸν
3186 1823 3297 1896 γὰρ
3332 1825 3361 1877 ὁ
3409 1821 3633 1891 ταῦρος.
3677 1822 3738 1874 '0
3770 1818 3838 1877 δδ

2223 1910 2568 1980 σκορπιανὸς,
2599 1911 2866 1982 πλήκτης,
2895 1912 2981 1966 διὰ
3013 1912 3111 1983 τὴν
3139 1911 3277 1984 πρὸς
3317 1912 3380 1966 τὺ
3423 1912 3614 1983 θηρίον
3638 1910 3838 1980 ὁμοίων-

2223 2017 2326 2054 σιν.
2373 2001 2430 2054 Ὀ
2458 2002 2565 2071 γὰρ
2589 2001 2863 2070 ζυγιανδς,
2885 2004 3115 2068 δίκαιος,
3147 2002 3236 2060 διὰ
3273 2004 3374 2075 τὴν
3398 2005 3530 2075 παρ’
3569 2005 3706 2074 ἡμῖν
3731 2000 3844 2060 £66-

2220 2111 2360 2164 τητα
2393 2096 2500 2147 τῶν
2535 2094 2737 2164 ζυγῶν.

2839 2369 3209 2435 Ἀπόκρισις.

2298 2465 2361 2516 ’Ὠ
2382 2463 2482 2532 τῆς
2514 2461 2833 2533 Ἑλληνικῆς
2857 2463 2868 2513 l
2899 2461 2950 2512 τί
2976 2459 3085 2532 γὰρ
3109 2459 3175 2513 ἂν
3205 2459 3417 2527 γένοιτο
3437 2462 3647 2515 τούτων
3671 2474 3842 2511 καταρ

2221 2555 2651 2625 γελαστότερον;
2693 2553 2751 2606 '0
2784 2552 2893 2624 γὰρ
2928 2554 3102 2623 κριὸς,
3129 2551 3223 2620 ἀφ’
3263 2542 3325 2604 οῦ
3360 2550 3460 2621 τὴν
3479 2549 3697 2618 γένεσιν
3738 2547 3834 2602 τοῦ

2222 2645 2510 2717 ἀνθρώπου
2533 2645 2812 2716 ληροῦσιν,
2841 2645 3070 2714 ούρανοῦ
3112 2643 3544 2714 μέρος“ύπάρχει
3584 2641 3650 2694 τὺ
3668 2641 3838 2694 δωδέ-

2222 2756 2414 2791 κατον·
2449 2740 2507 2791 ὲν
2551 2730 2595 2803 ᾧ
2638 2736 2855 2805 φθάνων
2904 2735 2933 2787 6
2972 2735 3124 2806 ἥλιος
3173 2734 3284 2787 τῶν
3317 2734 3550 2804 άερινῶν
3583 2733 3700 2803 (61)
3722 2748 3840 2804 ση-

2226 2830 2392 2899 μείων
2421 2828 2655 2882 ἇπτεται
2675 2843 2688 2857 '
2719 2828 2814 2880 καὶ
2839 2825 3025 2894 ζυγὸν,
3055 2825 3152 2879 καὶ
3171 2823 3393 2896 ταῦρος,
3422 2825 3517 2878 καὶ
3546 2825 3840 2896 σκορπίος,

2221 2921 2423 2991 ὁμοίως
2467 2919 2672 2973 τούτων
2715 2919 2945 2972 ἕκαστον
3000 2916 3303 2970 δωδέκατον
3349 2916 3536 2987 μόριον
3594 2916 3841 2985 ὑπάρχει

2227 3013 2390 3084 μέρος
2420 3011 2513 3064 τοῦ
2535 3011 2769 3082 ούρανοῦ
2807 3010 2904 3064 τοῦ
2944 3009 3214 3074 ζωδιακοῦ
3264 3009 3558 3079 λεγομένου
3603 3008 3834 3062 κύκλου.

2226 3105 2352 3167 Πῶς
2378 3099 2471 3157 οῦν
2494 3105 2702 3158 ἐκεῖθεν
2725 3104 2823 3166 τὰς
2855 3102 3279 3174 προηγουμένας
3316 3102 3496 3166 αίτίας
3533 3100 3840 3172 φάσκοντες

2227 3195 2440 3266 βροτοῖς
2468 3195 2759 3267 ὑπάρχειν,
2793 3197 2859 3248 ὲκ
2886 3196 2998 3248 τῶν
3040 3197 3172 3267 παρ’
3202 3197 3338 3266 ἡμῖν
3367 3194 3736 3265 βληχωμένων
3767 3194 3842 3250 τὰ

2225 3288 2330 3356 ἤθη
2357 3288 2542 3350 αὐτοῖς
2575 3287 3042 3359 χαρακτηρίζεται
3069 3304 3082 3351 ;
3116 3285 3491 3357 Εὗμετάδοτον
3524 3287 3635 3358 γὰρ
3660 3287 3838 3356 κριὸς,

2225 3380 2323 3432 οὐκ
2353 3380 2540 3452 ἐπειδὴ
2570 3380 2810 3434 τοιούτου
2859 3381 3023 3451 ἤθους
3053 3380 3167 3450 (62)
3215 3380 3498 3451 ποιητικὸν
3549 3381 3728 3431 ἐκεῖνο
3768 3379 3832 3432 τὺ

2228 3473 2397 3543 μέρος
2422 3472 2516 3525 τοῦ
2550 3471 2804 3542 ούρανοῦ,
2835 3471 2947 3525 ἀλλ’
2977 3473 3101 3524 ἐπεὶ
3135 3471 3391 3541 τοιαύτης
3429 3469 3590 3540 ἔλαχε
3621 3471 3680 3522 τὸ
3704 3470 3836 3541 πρό-

2225 3566 2390 3618 ϐατον
2413 3564 2630 3634 φύσεως
2659 3563 2814 3636 παρά
2847 3562 2940 3617 τοῦ
2981 3563 3287 3627 κτίσαντος.
3335 3563 3445 3616 Καὶ
3490 3563 3553 3615 ὲκ
3589 3563 3687 3633 μὲν
3722 3562 3835 3616 τῶν

2227 3661 2440 3730 ἄστρων
2469 3657 2724 3721 σπεύδεις
2751 3657 2911 3728 ἡμῶν
2943 3657 3042 3727 τὴν
3084 3657 3300 3726 γένεσιν
3343 3658 3637 3728 παριστᾷν,
3669 3657 3734 3709 ὲκ
3776 3655 3838 3710 δδ

2212 3751 2335 3804 ’τῶν
2374 3751 2738 3822 βληχημάτων
2787 3750 2994 3804 πείθειν
3050 3751 3374 3820 ἐπιχειρεῖς.
3410 3751 3474 3802 El
3522 3750 3621 3820 μὲν
3677 3748 3837 3820 παρά

2227 3840 2336 3894 τῶν
2369 3840 2523 3904 ζώων
2561 3843 2588 3893 6
2619 3839 2849 3910 οὐρανὸς
2877 3838 3248 3909 κομισάμενος
3280 3835 3393 3908 ἔχει
3439 3836 3539 3899 τὰς
3579 3836 3840 3907 ἀφορμὰς

2227 3932 2481 3994 τοιαύτας
2516 3931 2622 3985 τῶν
2643 3929 2812 4001 ἠθῶν,
2840 3929 3124 3983 ὑπόκειται
3169 3929 3263 3985 καὶ
3296 3927 3459 3990 αὐτὸς
3487 3925 3705 3990 πάντως
3741 3925 3838 3980 ἀλ-

2226 4026 2469 4096 λοτρίαις
2509 4025 2728 4095 ἀρχαῖς,
2751 4023 2914 4085 αὐτὸς
2959 4022 3059 4093 μὲν
3086 4023 3206 4084 ταῖς
3234 4019 3340 4074 τῶν
3379 4021 3617 4091 ἄστρων,
3650 4021 3839 4073 ἐκεῖνα

2227 4119 2284 4171 δὲ
2315 4118 2423 4171 τῶν
2451 4115 2626 4181 ζώων,
2662 4116 2720 4183 ἐξ
2752 4113 2934 4168 αὐτῶν
2979 4114 3170 4184 ἔχοντα
3211 4113 3311 4175 τὰς
3368 4113 3548 4176 αἰτίας
3595 4112 3838 4181 ἀπηρτι·

2231 4211 2434 4280 σμὲνας
2470 4208 2605 4278 (63).
2637 4209 2699 4261 Εί
2749 4207 2805 4259 δὲ
2848 4205 3254 4274 καταγέλαστον
3300 4203 3477 4268 τοῦτο,
3530 4202 3838 4270 καταγελα-

2228 4303 2483 4374 στότερον
2542 4299 2602 4353 τὸ
2657 4302 2720 4352 ὲκ
2768 4299 2876 4352 τῶν
2931 4297 3095 4369 μηδὲν
3156 4295 3560 4350 κοινωνούντων
3608 4294 3838 4362 ἐπάγειν

2231 4395 2531 4465 ἐπιχειρεῖν
2577 4391 2686 4446 τῶν
2729 4392 2903 4460 λόγων
2957 4391 3054 4454 τὰς
3098 4390 3465 4458 πιθανότητας
3509 4389 3639 4459 περὶ
3685 4386 3839 4456 γενέ-

2233 4502 2392 4548 σεως.
2425 4485 2548 4547 Πῶς
2577 4483 2685 4556 γὰρ
2721 4483 2803 4551 ἐφ’
2845 4482 3084 4552 ἑκάστης
3127 4482 3340 4552 ἡμέρας
3387 4480 3649 4551 μυριάκις
3680 4478 3837 4548 ἀμεί-

2230 4578 2384 4632 ϐεται
2438 4576 2543 4630 τῶν
2596 4574 2842 4646 ἀστέρων
2884 4573 2953 4628 τά
3013 4573 3303 4643 σχήματα;
3348 4571 3674 4642 Ἀεικίνητοι
3726 4569 3836 4640 γὰρ

2230 4668 2381 4732 ὄντες
2407 4669 2455 4721 οἱ
2481 4665 2749 4736 πλανῆται
2781 4663 3334 4736 προσαγορευόμενοι,
3365 4663 3462 4716 καὶ
3501 4663 3552 4715 οἱ
3579 4663 3678 4733 μὲν
3707 4661 3837 4715 θᾶτ-

2230 4777 2323 4812 τον
2357 4756 2967 4828 ὲπικαταλαμὸάνοντες
3001 4755 3287 4826 ἀλλήλους,
3321 4754 3372 4806 οί
3409 4752 3469 4806 δὲ
3497 4751 3837 4823 βραδυτέρας

2233 4852 2328 4916 τὰς
2362 4829 2645 4923 περιόδους
2687 4849 3000 4919 ποιούμενοι
3045 4847 3138 4900 ἐπὶ
3179 4846 3279 4916 τῆς
3303 4843 3478 4914 αὐτῆς
3507 4843 3678 4914 ὥρας,
3707 4843 3837 4897 πολ-

2233 4946 2391 5006 λάκις
2433 4945 2526 4997 καὶ
2564 4941 2765 5014 ὁρῶσιν
2807 4939 3072 5010 ἀλλήλους
3121 4938 3218 4992 καὶ
3259 4935 3722 5009 ἀποκρύπτονται.
3770 4933 3835 4988 Εί

2234 5039 2290 5092 δὲ
2324 5038 2418 5092 καὶ
2449 5038 2513 5090 ὲκ
2551 5035 2765 5105 φύσεως
2800 5033 2987 5097 αὐτοῖς
3016 5032 3077 5086 τὸ
3123 5029 3329 5100 ἀγαθὸν
3373 5029 3466 5083 καὶ
3505 5031 3707 5098 χεῖρον,
3743 5027 3836 5081 ἐπὶ

2237 5133 2327 5186 τὸν
2353 5127 2693 5201 Δημιουργὸν
2733 5128 2766 5197 ἡ
2800 5126 2950 5180 αίτία
2986 5125 3081 5179 τοῦ
3118 5122 3290 5179 κακοῦ
3336 5124 3468 5195 παρ’
3500 5120 3658 5193 ἡμῶν
3687 5120 3835 5174 ἀνα-

2237 5224 2462 5295 φέρεται
2491 5221 2797 5284 πάντως.Εί
2821 5219 2879 5272 δὲ
2909 5217 3228 5290 προαιρέσει
3255 5215 3596 5286 κεκίνηνται,
3614 5211 3834 5284 πρῶτον

2239 5316 2340 5386 μὲν
2371 5314 2525 5368 ἔσται
2552 5313 2667 5378 ζῶα
2696 5309 3057 5384 προαιρετικά
3093 5309 3413 5381 λελυμέναις
3444 5307 3539 5361 καὶ
3564 5306 3835 5378 αὐτοκραρ-

2245 5513 2619 5582 interpretem,
2663 5519 2776 5564 tum
2822 5517 3170 5582 sensus,tum
3204 5507 3351 5582 ἠθῶν
3382 5505 3532 5582 quod
3578 5521 3703 5582 mox
3754 5519 3836 5563 se.

2244 5576 2451 5650 quitur,
2484 5592 2538 5635 ut
2591 5582 2802 5636 monuit
2839 5581 3197 5637 doctissimus
3230 5576 3546 5635 ‘Cotelerius
3591 5576 3827 5631 Momm.

2247 5653 2393 5706 Eccl.
2433 5652 2525 5707 Gr.
2558 5661 2693 5705 tum.
2726 5652 2790 5713 ll,
2827 5667 2950 5722 pag.
2984 5651 3108 5722 5:30.

2317 5725 2427 5794 (63)
2475 5716 2966 5793 Ἀπηρτισμέὶεᾱς.
2999 5719 3161 5777 Fonte
3190 5719 3604 5794 ἁπηρτημένας.
3626 5716 3781 5776 Eutr.
