4032 6312
271 306 376 362 eas

269 431 517 496 τορικαῖς
554 428 751 502 ὁρμαῖς
800 438 1143 506 κεχρημένα·
1201 441 1336 511 ὅπερ
1385 443 1580 511 μανίας
1631 447 1864 518 ὑπάρχει

273 520 365 569 καὶ
417 519 604 582 ἀνοίας
659 522 913 594 ἐσχάτης,
966 528 1059 580 τὸν
1115 532 1456 604 Δημιουργὸν
1504 536 1864 608 βλασφημεῖν,

269 608 364 660 καὶ
395 610 504 662 τῶν
535 611 757 681 ἀψύχων
786 617 1238 689 καταψεύδεσθαι.

345 699 468 763 Πῶς
505 701 560 754 δὲ
594 704 644 753 οἱ
694 705 832 776 κριῷ
879 709 978 779 τὴν
1029 711 1242 778 γένεσιν
1286 713 1532 784 ἔχοντες,
1568 717 1713 771 οὖλοι
1771 717 1866 772 καὶ

271 792 527 860 χαροποὶ,
567 793 662 845 καὶ
694 803 1084 868 προαιρετικοὶ,
1119 805 1215 857 καὶ
1242 810 1581 876 ποριστικοί;
1617 810 1866 881 Ὀρῶμεν

274 881 502 945 πολλοὺς
531 885 721 950 οὑλοίος
752 889 852 957 μὲν
880 891 978 962 τὴν
1017 895 1198 965 τρίχα,
1246 897 1480 964 τυφλοὺς
1523 901 1580 954 δὲ
1626 903 1719 955 καὶ
1764 903 1866 956 οὐκ

271 972 568 1063 εὐπόρους,
620 979 741 1032 οὐδὲ
796 988 1244 1053 προαιρετικοὺς,
1292 988 1408 1042 ἀλλ’
1472 992 1716 1063 ἰταμοὺς.
1770 995 1866 1047 καὶ

268 1061 592 1134 δυσπόρους,
618 1068 710 1125 καὶ
730 1071 874 1143 ρυπή
884 1091 1047 1144 μονας
1067 1077 1200 1146 (64),
1219 1079 1314 1132 καὶ
1339 1061 1676 1152 ρακοφόρους
1701 1083 1866 1155 ἀγύρ-

269 1169 386 1246 τας,
421 1155 592 1226 θύραν
625 1159 687 1211 ἐκ
720 1159 892 1235 θύρας
925 1165 1269 1236 ἀμείϐοντας,
1302 1170 1403 1240 τῆς
1435 1172 1713 1242 ἐφημέρου
1745 1191 1865 1246 τρο-

270 1244 378 1316 φῆς
403 1247 611 1305 ἕνεκεν.
648 1251 773 1317 Πῶς
804 1254 858 1307 δὲ
884 1257 931 1308 oi
962 1256 1232 1332 φαλακροὶ
1263 1259 1294 1330 ἢ
1332 1262 1428 1315 καὶ
1472 1244 1795 1333 άπλόκομοι,
1826 1265 1859 1335 ἢ

269 1337 600 1406 diametrum!
632 1343 892 1400 τάναντία
940 1346 1141 1417 έχουσι,
1188 1349 1417 1404 πλοῦτον
1461 1353 1555 1406 καὶ
1602 1354 1862 1421 ἀφθονίαν

269 1427 363 1480 καὶ
389 1429 646 1501 ἠρεμίαν,
681 1437 923 1500 σπανίως
949 1442 1060 1502 τοῖς
1096 1441 1270 1509 φίλοις
1314 1444 1575 1511 ὁμαίμοις
1617 1463 1866 1516 συναγειο

267 1521 524 1588 ρόμενοις
560 1525 797 1590 Ποσάκις
849 1528 906 1580 δὲ
944 1530 1042 1601 τῆς
1086 1534 1314 1604 ἡμέρας,
1354 1535 1387 1606 ἢ
1430 1537 1526 1606 τῆς
1559 1537 1773 1602 νυκτὸς,
1813 1539 1862 1592 oi.

263 1607 376 1661 τῶν
411 1609 705 1679 βασιλικῶν
731 1617 996 1684 γενέσεων
1041 1620 1424 1676 ἀποτελοῦνται
1459 1625 1856 1697 σχηματισμοίί

263 1698 354 1754 δ.ἀ
376 1700 428 1752 τί
458 1701 533 1773 μή
561 1705 644 1772 ἐφ’
674 1706 910 1776 ἑκάστης
935 1711 1226 1777 γεννῶνται
1257 1713 1523 1783 βασιλεῖς;
1553 1716 1585 1786 ἢ
1615 1718 1731 1780 πῶς
1752 1717 1861 1772 πά-

263 1789 348 1843 λιν
389 1796 656 1865 πατρικαὶ
706 1800 889 1862 αὐτοῖς
930 1802 1264 1873 ὑπάρχουσιν
1317 1807 1373 1858 αί
1431 1806 1532 1876 τῆς
1582 1806 1859 1876 βασιλείας

261 1881 537 1954 διαδοχαί;
575 1888 648 1939 Οὐ
675 1889 846 1960 δήπου
891 1893 1002 1964 γὰρ
1042 1895 1273 1962 ἕκαστος
1317 1897 1426 1951 τῶν
1459 1897 1725 1969 βασιλέων
1754 1916 1863 1954 πα-

269 1979 712 2049 ρατπηρημένος
747 1984 826 2046 είς
857 1983 918 2035 τὸ
951 1984 1228 2054 βασιλικὸν
1270 1989 1378 2042 τῶν
1426 1991 1643 2063 ἄστρων
1674 1991 1864 2062 σχῆμα

262 2065 351 2154 δια
388 2069 486 2137 τῆς
525 2072 663 2141 πρὸς
691 2071 788 2144 τὴν
830 2076 1056 2147 σύμϐιον
1097 2081 1380 2145 κοινωνίας
1420 2082 1515 2136 τοῦ
1554 2083 1861 2154 ἐναρμόσαι

264 2152 373 2219 οἷός
409 2178 494 2212 τε·
528 2162 653 2216 οὕτε
689 2167 795 2236 γάρ
839 2185 923 2230 τις
962 2169 1148 2240 κύριος
1187 2170 1282 2224 τοῦ
1319 2173 1584 2228 τοιούτου.
1614 2173 1738 2238 Πῶς
1765 2170 1862 2230 οὖν

280 2247 462 2312 Ὀζίας
502 2254 530 2304 ὁ
580 2251 831 2321 βασιλεὺς
882 2257 1138 2329 ἐγέννησε
1186 2261 1276 2315 τὸν
1337 2261 1573 2333 Ἰωαθάμ
1616 2260 1860 2333 βασιλέα,

278 2336 519 2410 Ἰωαθάμ
547 2343 602 2394 δέ
631 2343 721 2397 τὸν
758 2345 944 2415 Ἀχάζ,
988 2349 1154 2420 ’Λχάζ
1180 2351 1232 2403 δὲ
1271 2351 1360 2404 τὸν
1398 2353 1668 2417 Ἑζεκίαν,
1707 2347 1862 2418 οὗτος

260 2429 315 2482 δὲ
343 2432 437 2483 τὸν
468 2434 791 2505 Μανασσῆν,
821 2431 975 2503 οὗτος
1005 2441 1062 2493 δὲ
1094 2441 1188 2495 τὸν
1231 2442 1476 2513 Ἀμμὼς,
1503 2437 1658 2510 οὗτος
1682 2447 1740 2500 δὲ
1769 2447 1860 2500 τὸν

273 2521 508 2591 Ἰωσίαν,
559 2519 714 2590 οὗτος
768 2529 825 2583 δὲ
881 2531 972 2584 τὸν
1016 2533 1264 2603 Ἶωαχάζ,
1317 2535 1548 2599 ἕκαστος
1609 2537 1861 2607 βασιλεὺς

261 2610 521 2682 βασιλέα;
575 2616 669 2668 καὶ
717 2619 892 2682 οὐδεὶς
937 2623 995 2674 ἐν
1058 2623 1242 2685 αὐτοῖς
1279 2624 1525 2695 οἰκετικῇ
1577 2627 1860 2700 συνέτυχεν

257 2702 380 2775 ὥρα
410 2708 736 2777 γεννήσεως.
775 2712 1008 2766 Ἔπειτα
1035 2715 1083 2766 εί
1116 2716 1210 2768 καὶ
1238 2715 1345 2766 τῶν
1371 2716 1511 2769 κατά
1538 2718 1736 2771 κακίαν
1765 2722 1861 2773 καὶ

253 2795 464 2867 ἀρετήν
500 2799 893 2870 ἐνεργημάτων
931 2805 1031 2857 οὐκ
1060 2806 1124 2858 ἐκ
1156 2806 1262 2858 τῶν
1297 2807 1380 2874 ἐφ’
1412 2810 1545 2878 ήμῖν
1579 2809 1859 2881 ὑπάρχου-

256 2903 341 2939 σιν
383 2891 440 2940 αἱ
478 2890 665 2959 ἀρχαὶ,
717 2893 829 2945 ἀλλ’
868 2898 934 2947 ἐκ
985 2897 1084 2966 τῆς
1135 2900 1441 2969 γεννήσεως
1494 2901 1550 2953 αἱ
1601 2902 1856 2970 ἀνάγκαι,

255 2980 505 3050 περιττοὶ
534 2981 635 3051 μὲν
660 2983 708 3034 οί
737 2985 1022 3053 νομοθέται
1055 2988 1120 3041 τὰ
1148 2988 1338 3058 αἰρετά
1365 2989 1458 3040 καὶ
1492 2991 1697 3058 φευκτὰ
1727 2991 1859 3062 ἡμῖν

255 3069 557 3140 ὁρίζοντες,
597 3074 842 3142 περιττοὶ
898 3074 953 3126 δὲ
1009 3078 1056 3127 oi
1107 3077 1358 3130 δικασταὶ
1404 3079 1607 3150 ἀρετὴν
1637 3099 1856 3150 μετατι-

260 3161 474 3230 μῶντες
491 3162 648 3232 (64⁸),
671 3163 868 3217 κακίαν
881 3166 935 3217 δὲ
959 3166 1295 3231 κολάζοντες.
1311 3168 1385 3222 Οὐ
1401 3169 1508 3243 γὰρ
1522 3169 1613 3223 τοῦ
1628 3171 1859 3227 κλέπτου

255 3251 289 3324 ἢ
325 3251 420 3305 τοῦ
454 3254 660 3321 φονέως
707 3255 769 3308 τὸ
815 3255 1081 3327 ἀδίκημα,
1130 3252 1211 3318 οἷς
1249 3275 1312 3326 γε
1356 3259 1476 3311 οὐδὲ
1518 3259 1860 3330 βουλομένοις

257 3347 486 3414 κρατεῖν
511 3345 611 3415 τῆς
644 3346 825 3417 χειρὸς
865 3340 975 3399 οἷόν
1020 3366 1101 3414 τε,
1128 3348 1216 3401 διὰ
1240 3349 1338 3420 τὴν
1366 3350 1459 3402 ἐπί
1497 3351 1595 3414 τὰς
1632 3353 1860 3422 πράξεις

255 3437 693 3504 κατεπείγουσαν
736 3439 930 3501 αὐτοὺς
972 3439 1354 3511 ἀστρονομίαν,
1389 3443 1482 3494 καὶ
1515 3444 1614 3513 τὴν
1656 3445 1721 3497 ἐκ
1756 3445 1857 3516 τῆς

257 3528 604 3599 εἱμαρμένης
637 3530 880 3599 ἀνάγκην
912 3531 1282 3600 ἐπικειμένην.

260 3617 391 3671 bere
427 3627 683 3686 possunt,
715 3629 942 3689 propter
971 3630 1257 3692 urgentem
1296 3620 1445 3692 ipsos
1489 3623 1556 3676 ad
1607 3638 1670 3678 ea
1710 3624 1886 3691 facta,

259 3708 670 3764 necessitatem.

334 3820 609 3889 Διελέγξω
646 3821 691 3875 δ’
725 3821 924 3887 αὐτοὺς
965 3825 1060 3878 καὶ
1105 3825 1171 3879 ἐκ
1215 3826 1314 3894 τῆς
1361 3826 1469 3879 τῶν
1515 3827 1859 3898 πραγμάτων

268 3909 502 3964 καθόλου
539 3910 860 3983 μεταϐολῆς.
909 3913 1020 3984 Πρὸ
1073 3913 1182 3982 γάρ
1229 3916 1328 3984 τῆς
1371 3915 1690 3987 θεανδρικῆς
1738 3919 1859 3968 ἐπι-

267 4004 603 4072 φοιτήσεως.
635 4002 855 4057 πάντων
884 4004 1057 4058 ἐθνῶν
1082 4005 1584 4076 εἰδωλομανούντων
1605 4047 1619 4070 ,
1646 4009 1740 4060 καὶ
1771 4007 1862 4060 διά

266 4093 449 4164 πάσης
495 4091 804 4164 χορούντων
864 4095 1146 4161 ἀσεϐείας,
1212 4097 1352 4167 μετά
1401 4099 1501 4168 τὴν
1543 4100 1725 4168 ἄφιξιν
1771 4099 1866 4154 τοῦ

266 4183 553 4256 θεάνδρου,
589 4184 678 4238 διὰ
721 4183 817 4238 τοῦ
849 4187 1206 4254 εὐαγγελικοῦ
1242 4188 1602 4260 κηρύγματος
1653 4193 1686 4262 ή
1732 4193 1867 4263 πρὸς

267 4276 583 4334 θεοσέϐειαν
637 4277 829 4346 γέγονε
900 4279 1216 4349 μεθίδρυσις
1277 4295 1290 4309 ·
1341 4283 1439 4351 τῆς
1502 4281 1710 4353 πλάνης
1770 4283 1868 4353 μὲν

267 4369 516 4421 ἐκποδὼν
568 4369 918 4441 γενομένης,
985 4373 1188 4442 ἀρετῆς
1253 4373 1310 4424 δὲ
1373 4374 1713 4442 τιμωμένης,
1770 4375 1868 4444 τῆς

266 4461 440 4530 αὐτῆς
471 4461 580 4513 τῶν
613 4461 830 4533 ἄστρων
862 4463 1130 4533 μενούσης
1156 4463 1332 4532 ὄψεώς
1358 4482 1420 4516 τε
1452 4465 1547 4516 καὶ
1584 4466 1825 4526 στάσεως
1844 4505 1860 4530 ,

267 4550 331 4616 ἐξ
380 4553 651 4624 Ἐλλήνων
693 4570 753 4606 τε
795 4555 891 4608 καὶ
926 4555 1193 4608 Ἰουδαίων
1239 4556 1332 4608 καὶ
1380 4556 1547 4609 ἐθνῶν
1592 4557 1862 4610 πλείστων

268 4642 740 4712 ὲπιστραφέντων,
776 4645 870 4698 καὶ
903 4643 1126 4714 Χριστῷ
1158 4644 1521 4715 συνθεμένων.
1552 4646 1660 4698 Ποῦ
1691 4643 1785 4699 οὖν
1816 4646 1865 4699 οἱ

272 4732 492 4801 πρῶτον
538 4735 1048 4802 καταναγκάζοντες
1093 4737 1290 4797 αὐτοὺς
1324 4736 1554 4804 ἀστέρες
1577 4774 1591 4798 ,
1627 4735 1866 4800 εἰδώλοις

275 4825 622 4879 πατνιεῖσθαι
657 4825 801 4898 (65);
849 4827 953 4880 ποῦ
998 4827 1052 4880 δὲ
1096 4827 1379 4880 λανθάνειν
1429 4828 1647 4880 ἐδόκουν
1683 4828 1732 4881 οἱ
1770 4828 1867 4881 νῦν

274 4917 413 4988 πρὸς
459 4915 772 4972 θεοσέὗειαν
813 4918 1010 4982 αὐτοὺς
1058 4919 1468 4990 ἐπισπώμενος
1512 4922 1574 4973 Εἰ
1621 4921 1677 4973 δὲ
1730 4923 1867 4991 μήτε

273 5009 592 5081 ἀφαίρεσις,
615 5010 753 5081 μήτε
767 5011 1054 5082 προσθήκη
1074 5014 1138 5081 τῇ
1162 5011 1336 5081 χωρία
1369 5012 1480 5083 (66)
1511 5013 1620 5064 τῶν
1650 5013 1868 5084 ἄστρων

272 5099 519 5168 γέγονεν.
539 5099 762 5163 ἄκοντες
776 5100 1209 5171 ὁμολογήσωσιν,
1236 5102 1335 5153 οὐκ
1351 5101 1415 5153 ἐκ
1431 5118 1577 5165 τινος
1593 5104 1641 5154 εἱ
1648 5121 1723 5173 μα
1730 5103 1867 5172 ρμέ-

275 5207 371 5261 νης
397 5190 431 5262 ἢ
466 5190 730 5261 ἀνάγκης,
766 5192 1014 5263 ἀρετὴνῆ
1041 5192 1239 5245 κακίαν
1294 5193 1709 5263 ἐμ6ιοτεύεσθαι
1735 5194 1770 5263 ἢ
1789 5195 1870 5247 aio

291 5281 645 5354 ρείσθαι,ἀλλ⁹
667 5284 731 5336 ἐκ
743 5283 844 5354 τῆς
858 5283 1090 5336 ἑκάστου
1111 5285 1337 5349 αὐτεξου
1347 5285 1461 5337 σίου
1493 5286 1866 5356 προαιρέσεως

284 5358 379 5428 ιάι
419 5373 710 5444 αἱρεθέντα
758 5375 1081 5446 χωροῦντος.
1122 5377 1303 5445 Ὅπερ
1350 5377 1536 5445 σαφῶς
1582 5379 1610 5430 ὁ
1665 5378 1870 5448 ὑψηλὸς

276 5465 566 5538 παριστῶν
610 5465 837 5531 Ἦσαϊας
871 5467 1170 5538 διαρρήδην
1203 5466 1300 5538 βοᾷ
1341 5469 1406 5519 ἐκ
1447 5467 1742 5540 προσώπου
1774 5467 1868 5520 τοῦ

349 5643 463 5714 (ϐό)
498 5645 896 5714 ἰξυπήμοναᾳ
927 5646 1232 5701 Cotelerius
1288 5646 1526 5700 Monum.
1590 5645 1734 5700 Eccl.
1776 5646 1866 5701 Cr.

274 5722 411 5788 t_om.
433 5714 519 5778 III,
557 5731 679 5784 pag.
704 5717 830 5782 660,
855 5717 1107 5788 rescribit
1139 5717 1490 5788 ρυπείμονας.
1513 5719 1602 5769 Sic
1647 5728 1699 5768 rt
1733 5719 1871 5772 intra

281 5783 743 5856 Interrag.rccvut
773 5802 872 5856 pro
909 5783 1226 5857 ῤὐπώμοσιν
1262 5783 1385 5857 legit
1421 5788 1767 5859 ρυπείμοσιν.

1621 315 1971 383 DISLOGUS
2028 326 2093 382 ll.

3445 325 3553 384 om

1973 449 2260 519 potestatis
2290 448 2530 504 motibus
2562 447 2769 502 utentia
2803 465 2816 502 :
2849 447 2901 502 id
2935 436 3080 517 quod
3109 451 3368 503 extremae
3399 443 3553 501 insa-

1968 543 2073 596 niae
2117 551 2279 611 atque
2319 540 2608 596 dementiae
2651 540 2836 603 fuerit,
2882 554 3006 593 cum
3053 537 3388 608 blasphemia
3420 551 3554 592 con-

1963 632 2214 701 junctum
2249 630 2483 702 opiﬁcis,
2507 639 2561 686 et
2585 645 2708 685 cum
2745 628 3032 684 mendacio
3053 628 3122 683 de
3149 627 3485 683 inanimatis.

2037 721 2325 788 Quomodo
2352 729 2556 784 autem,
2598 720 2689 790 qui
2723 719 2790 774 ad
2827 719 3063 774 Arietem
3108 732 3267 773 suam
3290 717 3554 771 nativita-

1967 820 2076 867 tem
2109 811 2379 875 referunt,
2411 811 2579 879 crispi
2603 818 2659 863 et
2692 808 2943 879 gratiosi,
2974 816 3029 862 et
3064 808 3250 862 libera;
3298 808 3558 862 volunta-

1969 903 2062 966 tis;
2093 910 2149 956 et
2178 900 2376 955 divites
2401 899 2574 954 sunt?
2602 896 2869 952 Videmus
2897 898 3102 953 multos
3121 897 3344 966 quidem
3379 897 3552 950 crini-

1966 993 2070 1049 bus
2105 991 2326 1061 crispis,
2365 990 2458 1060 qui
2492 998 2675 1043 tamen
2712 988 2846 1042 caeci
2874 997 3004 1042 sunt
3033 997 3088 1041 et
3140 986 3368 1040 minime
3418 986 3554 1040 divi-

1967 1092 2072 1147 tes,
2106 1098 2287 1153 neque
2324 1083 2492 1136 libera
2524 1079 2738 1150 praediti
2795 1077 3101 1132 voluntatis
3125 1077 3412 1140 electione,
3454 1077 3552 1131 sed

1966 1159 2224 1244 improbi,
2256 1173 2321 1227 ad
2357 1178 2626 1242 quastum
2660 1168 2968 1223 faciendum
2999 1169 3192 1238 inepti.
3231 1178 3285 1221 et
3317 1166 3549 1226 sordidi.

1964 1273 2018 1320 et
2057 1262 2314 1335 pannosi,
2342 1272 2396 1316 et
2415 1259 2869 1322 circumforanei,
2909 1258 3002 1328 qui
3031 1258 3261 1326 januam
3305 1271 3434 1310 cum
3473 1256 3556 1327 ja-

1965 1371 2076 1411 nua
2109 1361 2324 1408 mutant
2353 1351 2657 1422 quotidiani
2705 1350 2886 1404 victus
2946 1347 3288 1418 adipiscendi
3352 1348 3549 1417 gratia.

1965 1446 2256 1513 Quomodo
2283 1454 2465 1498 autem
2497 1442 2590 1512 qui
2647 1440 2786 1495 calvi
2845 1446 2995 1505 sunt,
3051 1438 3134 1493 vel
3185 1437 3359 1492 etiam
3399 1437 3554 1491 crine

1966 1537 2202 1607 simplici
2233 1542 2331 1589 aut
2363 1533 2557 1588 hebete
2583 1532 2728 1594 visu,
2759 1531 3037 1584 diversum
3065 1529 3290 1592 habent,
3321 1527 3550 1582 divitias

1963 1631 2226 1686 nimirum
2253 1635 2308 1681 et
2341 1623 2733 1689 abundantiam
2757 1630 2923 1692 atque
2948 1622 3217 1689 quietem,
3253 1636 3382 1675 raro
3415 1636 3543 1674 cum

1966 1721 2162 1776 amicis
2183 1717 2611 1788 consanguineis
2627 1714 3084 1785 congredientes?
3102 1713 3332 1778 Quoties
3356 1721 3544 1766 autem

1965 1813 2056 1868 die
2092 1813 2175 1867 vel
2241 1820 2405 1870 nocte
2455 1809 2731 1879 regiarum
2777 1806 3124 1859 nativitatum
3189 1803 3555 1875 perﬁciuntur

1965 1902 2344 1974 figurationes,
2368 1914 2540 1968 quare
2573 1914 2680 1952 non
2699 1897 2942 1967 qualibet
2972 1895 3094 1949 vice
3122 1910 3280 1965 reges
3307 1909 3555 1949 nascun-

1963 1995 2087 2047 tur?
2117 1992 2228 2045 Aut
2261 1990 2538 2062 quomodo
2585 1989 2776 2058 patria:
2829 1988 2964 2056 ipsis
3007 1987 3360 2041 intercedunt
3398 1985 3553 2056 regni

1965 2080 2396 2139 successiones?
2419 2077 2688 2133 Nimirum
2717 2092 2827 2131 non
2858 2077 3038 2145 quivis
3077 2092 3172 2130 rex
3217 2077 3422 2146 regiam
3463 2089 3554 2129 as-

1964 2183 2176 2229 trorum
2251 2172 2629 2243 ﬁgurationem
2690 2185 2786 2238 per
2830 2171 3039 2224 coitum
3094 2182 3220 2223 cum
3290 2173 3555 2221 consorte

1963 2267 2094 2327 tori,
2146 2265 2259 2318 tilio
2327 2262 2708 2334 applicandam
2770 2261 3070 2316 observare
3116 2257 3314 2328 potuit.
3363 2257 3553 2325 Neque

1963 2356 2108 2410 enim
2149 2355 2440 2424 quisquam
2471 2367 2591 2406 eam
2631 2367 2744 2407 rem
2771 2351 2937 2405 habet
2975 2350 3031 2404 in
3098 2356 3368 2419 potestate
3427 2363 3551 2401 sua.

1962 2445 2252 2514 Quomodo
2288 2445 2458 2516 igitur
2488 2442 2650 2499 Ozias
2681 2459 2773 2497 rex
2828 2442 3018 2512 genuit
3061 2441 3417 2495 Joathamum
3464 2453 3552 2491 re-

1961 2555 2106 2610 gem,
2142 2538 2471 2592 Joathamus
2511 2551 2641 2589 vero
2694 2535 3001 2597 Achazum,
3051 2533 3307 2586 Achazus
3366 2537 3551 2583 autem

1966 2630 2298 2684 Ezechiatn?
2327 2629 2428 2681 llic
2476 2643 2606 2682 vero
2655 2625 2988 2687 Manassem.
3050 2633 3104 2679 et
3168 2625 3216 2678 is
3263 2624 3550 2682 Amosum,

1963 2722 2053 2774 ille
2088 2736 2216 2775 vero
2245 2719 2476 2778 Josiam.
2515 2720 2604 2772 hic
2640 2727 2824 2772 autem
2864 2715 3222 2778 Joaehasum,
3257 2712 3556 2782 unusquis-

1961 2828 2068 2882 quc
2102 2827 2196 2864 rex
2239 2810 2461 2880 regem?
2491 2820 2547 2864 et
2581 2811 2804 2878 quidem
2855 2810 3041 2864 nullus
3101 2821 3294 2862 eorum
3330 2807 3384 2858 in
3434 2820 3553 2859 ser-

1963 2903 2123 2957 vilem
2162 2901 2470 2955 nativitatis
2504 2901 2695 2954 horam
2729 2901 2943 2956 incidit.
3001 2900 3210 2954 Deinde
3237 2900 3282 2954 si
3320 2898 3550 2951 vitiosa-

1963 3008 2082 3045 rum
2113 2999 2168 3045 et
2206 2993 2389 3045 virtuti
2415 3000 2914 3046 consentanearum
2976 2991 3254 3046 actionum
3314 3002 3422 3040 non
3483 3001 3551 3040 ex

1964 3083 2125 3136 nobis
2188 3083 2453 3152 principia
2516 3083 2778 3152 pendent,
2846 3083 2941 3138 sed
2996 3098 3060 3137 ex
3124 3078 3554 3135 necessitatibus

1966 3175 2273 3228 nativitatis
2315 3194 2327 3227 :
2362 3175 2628 3243 superﬂui
2667 3184 2800 3230 sunt
2837 3177 3014 3244 legum
3059 3174 3263 3226 latores
3296 3171 3388 3240 qui
3426 3185 3550 3224 sec-

1964 3267 2128 3319 tanda
2154 3265 2523 3335 fugiendaque
2554 3267 2712 3320 nobis
2745 3266 3038 3328 deﬁniunt,
3085 3261 3348 3332 superﬂui
3403 3260 3555 3329 judi-

1961 3372 2075 3416 ces,
2101 3358 2194 3426 qui
2222 3357 2482 3412 virtutem
2516 3358 2735 3428 quidem
2793 3359 3094 3420 honorant,
3139 3354 3550 3424 improbitatem

1959 3463 2093 3502 vero
2124 3449 2378 3516 puniunt.
2414 3447 2598 3518 Neque
2628 3451 2772 3503 enim
2819 3450 2958 3504 furis
2995 3459 3087 3502 aut
3146 3446 3436 3500 hontieidze
3488 3459 3553 3498 ea

1963 3536 2167 3606 injuria
2215 3550 2320 3604 est,
2354 3541 2446 3608 qui
2481 3539 2790 3608 nequidem,
2818 3542 2862 3594 si
2900 3541 3087 3601 velint,
3131 3553 3354 3591 manum
3394 3536 3552 3588 cohi-

1928 3637 2201 3684 astrorum
2251 3631 2460 3702 legem,
2495 3639 2548 3686 et
2584 3641 2805 3701 propter
2847 3631 3157 3700 impositam
3204 3628 3306 3682 sibi
3342 3643 3408 3681 ex
3443 3626 3554 3678 fato

2039 3828 2311 3884 Refutabo
2340 3838 2519 3884 autem
2553 3830 2708 3899 ipsos.
2737 3827 2902 3882 etiam
2938 3842 3002 3882 ex
3034 3824 3428 3879 universalium
3462 3836 3551 3875 reo

1967 3937 2091 3975 rum
2118 3922 2437 3976 mutatione.
2456 3918 2590 3974 Nam
2611 3935 2734 3974 eum
2751 3926 2878 3971 ante
2893 3915 3186 3970 adventum
3206 3912 3377 3970 divini
3403 3915 3554 3967 illius

1970 4013 2210 4067 hominis
2247 4028 2442 4067 omnes
2481 4018 2670 4081 gentes
2713 4011 2883 4064 cultui
2927 4017 3200 4064 astrorum
3234 4005 3430 4060 dedita:
3463 4019 3554 4058 es-

1966 4092 2086 4158 sent
2121 4111 2173 4157 et
2218 4104 2273 4156 in
2310 4104 2458 4157 omni
2492 4102 2803 4155 incederent
2865 4101 3162 4170 impietate,
3206 4107 3325 4166 post
3366 4109 3555 4150 acces-

1966 4209 2087 4249 sum
2133 4192 2301 4246 divini
2339 4192 2599 4252 hominis,
2652 4207 2748 4260 per
2795 4191 3166 4258 evangelicatn
3218 4186 3551 4256 praedicatio-

1967 4301 2115 4347 nem,
2163 4285 2228 4338 ad
2266 4284 2518 4354 pietatem
2557 4283 2697 4336 facta
2740 4283 2991 4336 transitio
3023 4289 3129 4342 est,
3173 4281 3399 4334 aniolito
3432 4278 3556 4348 qui-

1967 4377 2088 4435 dem
2116 4391 2323 4438 errore,
2359 4375 2562 4428 virtute
2592 4383 2774 4427 autem
2821 4376 2873 4426 in
2913 4374 3088 4442 pretio
3120 4372 3326 4432 habita,
3359 4369 3551 4424 eodem

1970 4477 2246 4521 astrorum
2276 4475 2529 4519 manente
2559 4480 2680 4518 cum
2715 4471 2941 4534 aspectu
2975 4471 3087 4514 tum
3119 4460 3508 4514 constitutione
3539 4477 3553 4512 :

1970 4572 2035 4611 ex
2081 4554 2321 4617 Graecis,
2373 4562 2428 4608 et
2471 4553 2703 4618 Iudaeis,
2749 4562 2802 4607 et
2852 4553 3104 4622 gentibus
3140 4552 3557 4620 quatnplnrimis

1967 4647 2284 4708 conversis,
2326 4655 2380 4700 et
2419 4645 2639 4700 Christo
2675 4644 2972 4712 atljnnctis.
3011 4640 3111 4696 Ubi
3150 4643 3312 4712 igitur
3350 4643 3558 4709 priores

1968 4739 2160 4799 stellae,
2193 4753 2314 4806 qua:
2341 4737 2608 4806 cogebant
2631 4743 2756 4790 ante
2790 4734 2928 4788 idola
2955 4735 3273 4802 suppliciter
3303 4748 3557 4800 procum-

1969 4830 2134 4885 bere?
2167 4829 2265 4883 Ubi
2313 4829 2526 4882 latitare
2559 4827 2904 4892 videbantur,
2936 4841 3056 4895 quae
3090 4840 3234 4878 nunc
3276 4824 3342 4876 ad
3389 4825 3554 4892 picta.

1970 4929 2076 4975 tem
2106 4921 2256 4990 ipsos
2281 4920 2636 4994 pertrahunt?
2659 4917 2714 4971 Si
2737 4933 2868 4972 vero
2897 4933 3071 4986 neque
3091 4917 3364 4984 ademptio
3383 4919 3559 4983 neque

1970 5011 2178 5066 additio
2219 5009 2429 5080 regioni
2477 5022 2750 5063 aSlrorum
2795 5009 3055 5079 contigit,
3102 5009 3183 5060 vel
3237 5007 3390 5059 inviti
3425 5005 3557 5059 fate-

1971 5102 2195 5162 buntur,
2232 5117 2339 5154 non
2371 5115 2436 5154 ex
2462 5100 2647 5168 aliquo
2683 5099 2793 5151 lato
2828 5099 2910 5152 vel
2942 5095 3270 5152 necessitate
3303 5097 3556 5149 virtutem

1972 5187 2444 5261 improbitatemvt';
2480 5191 2789 5245 viventibus
2835 5189 2998 5243 inseri
3047 5199 3140 5242 aut
3181 5188 3420 5252 decerni,
3461 5188 3558 5241 sed

1974 5301 2038 5340 ex
2073 5284 2506 5352 uniuscujusque
2539 5283 2706 5336 libera
2741 5281 3024 5350 potestatis
3066 5282 3331 5335 electione
3363 5295 3559 5331 unum-

1976 5395 2248 5448 quemque
2279 5395 2336 5432 se
2384 5377 2449 5430 ad
2495 5391 2554 5430 ea
2599 5390 2718 5445 tutae
2752 5374 2931 5443 elegit,
2979 5373 3248 5426 conferre.
3301 5370 3354 5423 Id
3409 5370 3556 5440 quod

1979 5471 2268 5527 manifele
2293 5471 2526 5524 eximius
2558 5469 2852 5522 ostendens
2883 5465 3075 5528 Isaias,
3109 5456 3412 5522 luculenter
3443 5462 3558 5518 cla-

2053 5647 2186 5715 (tii‘)
2231 5644 2690 5712 Μετατιμῶντες.
2726 5641 2997 5715 [θεαμέν
3023 5641 3309 5715 τιμῶντες.
3336 5640 3492 5696 Ευιτ.

2054 5713 2165 5779 (63)
2199 5715 2592 5768 Πιτνιεῖσθαι.
2626 5715 2782 5766 Forte
2808 5713 3150 5766 ποτνιᾶσθαι.
3185 5713 3260 5765 lo.

2060 5789 2168 5856 (ltiti)
2203 5788 2408 5852 Χωρίςι.
2445 5784 2604 5838 Fot'lc
2636 5783 2842 5854 χορεία,
2889 5781 2962 5839 ID.
