4032 6312
500 360 602 420 991

504 483 619 528 mat
646 474 703 528 lu
727 488 960 545 persona
991 474 1083 530 Dei
1114 495 1127 529 :
1160 475 1222 529 Si
1273 477 1545 531 volueritis
1572 488 1621 531 et
1651 474 2082 532 auscultaveritis

506 564 655 629 mihi,
689 565 827 620 bona
857 576 1013 621 terrm
1036 566 1351 629 comedetis;
1374 570 1420 621 si
1452 584 1570 622 vero
1598 568 1901 632 nolueritis,
1924 582 2086 638 neque

504 656 935 711 auscultaverim
964 658 1116 722 mihi,
1165 660 1377 729 gladius
1411 678 1497 714 vos
1526 660 1798 715 decor-abit
1824 676 1841 714 :
1870 677 1993 714 nam
2025 676 2085 714 os

503 741 724 798 Domini
768 746 1000 800 locutum
1028 758 1107 801 est
1140 748 1246 816 ista
1278 749 1347 804 ”.
1399 748 1517 819 Ipse
1546 765 1676 806 vero
1705 750 1759 804 in
1793 748 2087 821 Evangelia

504 838 841 891 conciouans
871 836 1133 895 Dominus
1166 840 1342 909 inquit
1368 860 1381 895 :
1412 841 1807 911 Hierosolyma,
1839 840 2088 895 Hieroso-

504 922 672 987 lyma,
706 941 823 990 quis
868 926 1065 981 occidis
1103 928 1407 997 prophetas,
1443 937 1493 981 et
1526 927 1738 996 lepidas
1768 944 1856 981 eos
1895 927 1987 996 qui
2017 924 2086 980 ad

506 1021 557 1063 ta
588 1014 735 1065 missi
772 1024 918 1078 sunt,
951 1016 1151 1083 quoties
1183 1017 1325 1069 votui
1352 1032 1670 1087 congregare
1706 1032 1795 1069 vos
1834 1014 1931 1068 sub
1965 1014 2084 1068 alas

508 1118 675 1165 meas,
707 1105 1147 1171 quemadmodum
1175 1108 1379 1177 gallina
1420 1116 1699 1179 congregat
1728 1107 1903 1174 pullos
1935 1123 2084 1173 suos,

504 1204 553 1247 et
572 1195 819 1250 noluistis
835 1197 879 1228 '"
899 1199 914 1252 ἰ
941 1199 1015 1253 Ad
1034 1199 1369 1256 voluntatem
1390 1202 1829 1271 uniuscujusque
1842 1201 2085 1256 referens

504 1288 783 1353 sequenda
812 1296 906 1341 aut
936 1289 1178 1355 vitanda,
1218 1298 1272 1345 et
1319 1306 1427 1345 non
1469 1294 1536 1345 ad
1572 1292 1953 1347 necessitatem
1988 1288 2085 1344 fati

503 1385 599 1430 aut
628 1378 763 1447 legis
789 1392 1085 1441 astrorum.
1116 1380 1234 1435 Non
1283 1384 1430 1437 enim
1471 1395 1785 1454 peccatores
1817 1398 1918 1437 nos
1962 1398 2085 1439 esse

502 1466 747 1534 duceret,
777 1471 822 1523 si
855 1471 1073 1525 illorum
1105 1472 1321 1531 insidiis
1352 1489 1601 1531 essemus
1626 1474 1883 1544 expositi.

932 1649 1457 1706 lNTEllROGATIO
1494 1650 1656 1707 CXII.

573 1740 730 1806 Quod
772 1742 817 1796 si
848 1742 999 1798 nullo
1028 1744 1111 1799 vel
1143 1743 1406 1799 beneficio
1442 1744 1524 1819 vel
1568 1742 1767 1813 injuria
1801 1758 1867 1799 ex
1914 1744 2083 1800 astris

502 1830 812 1888 adiciuntur
838 1833 1112 1897 homines,
1163 1833 1439 1905 quomodo
1486 1832 1838 1904 Evangelium
1884 1833 2083 1889 lunati-

502 1938 600 1981 cos
622 1931 780 1980 vocat
799 1924 1141 1996 epilepticos,
1172 1932 1491 1995 spumantes
1520 1932 1574 1979 ct
1600 1939 1726 1979 sese
1750 1924 2091 1979 lacerantes?

1136 2106 1444 2177 Responsio.

574 2194 869 2253 Lunaticos
901 2205 1065 2253 vocat
1115 2199 1416 2254 secundum
1464 2198 1743 2272 vulgarem
1786 2200 2083 2255 multorum

500 2287 855 2352 sententiam,
889 2288 981 2357 qui
1018 2288 1070 2343 id
1099 2289 1246 2360 quod
1282 2288 1448 2343 altius
1478 2296 1564 2343 est
1595 2288 1785 2345 audire
1814 2305 1923 2345 non
1953 2307 2083 2361 pos.

502 2383 655 2431 sunt.
684 2376 1138 2449 Quandoquidem
1171 2380 1316 2434 enim
1343 2376 1484 2433 luna:
1512 2388 1566 2434 et
1592 2380 1692 2437 soli
1723 2388 1777 2435 et
1803 2383 1969 2436 astris
1998 2397 2088 2436 ve—

502 2469 805 2523 nerationis
832 2470 1036 2524 cultum
1065 2470 1397 2526 exhibebant
1424 2470 1675 2525 homines
1712 2473 1863 2534 vani,
1894 2474 2085 2529 volens

501 2561 654 2629 ipsos
685 2575 717 2614 a
747 2575 845 2614 sua
874 2570 1135 2632 tanquam
1168 2563 1476 2632 perniciosa
1514 2563 1773 2632 opinione
1804 2550 2081 2627 revocare,

500 2651 666 2704 ctiam
712 2652 1171 2707 damoniacorutn
1212 2668 1438 2708 causam
1484 2655 1726 2709 ostendit
1767 2656 1973 2717 lunam,
2026 2662 2085 2709 ut

501 2742 580 2793 illi
620 2727 1001 2811 supplicantes
1040 2745 1407 2814 languidiores
1438 2746 1587 2807 facti,
1616 2747 1686 2799 ab
1718 2745 1839 2814 ejus
1866 2761 2086 2800 venera-

502 2830 651 2885 tione
682 2834 981 2888 resilirent.
1014 2832 1133 2888 Non
1167 2836 1311 2889 enim
1346 2836 1399 2902 ip
1436 2835 1735 2907 perniciem
1770 2836 2081 2891 mortalium

501 2923 790 2977 luminaria
836 2926 1212 2981 universitatis
1254 2926 1587 2982 architectus
1620 2928 1895 2983 exstruxit
1918 2926 2083 2981 Chri-

501 3023 645 3077 stus,
675 3016 769 3068 sed
806 3017 1120 3072 immundus
1150 3018 1377 3086 spiritus
1406 3018 1710 3072 observans
1749 3019 1802 3071 in
1836 3018 1968 3087 ipsis
2005 3027 2084 3070 ta-

502 3102 608 3159 lem
642 3104 899 3173 speciem.
932 3103 998 3159 ad
1031 3107 1401 3162 seducendum
1432 3108 1647 3177 aliquos
1695 3108 1978 3170 subduxit,
2024 3116 2083 3161 ut

503 3195 879 3251 inconstantes
909 3205 963 3251 et
992 3213 1182 3267 parum
1218 3196 1359 3268 frugi
1380 3183 1649 3253 mortales
1680 3200 1745 3253 ad
1783 3200 2086 3270 praestigia-

501 3294 651 3341 tores
676 3294 731 3341 et
758 3287 823 3340 ad
856 3303 950 3343 eos
978 3290 1177 3341 abeant
1208 3300 1422 3356 sponte,
1454 3290 1547 3359 qui
1578 3305 1607 3342 a
1628 3288 1761 3346 Jove
1784 3292 1975 3345 nutriti
2008 3292 2086 3346 vi-

503 3375 726 3440 dentur,
759 3377 1016 3431 nimirum
1046 3393 1143 3447 per
1171 3378 1605 3434 iucautationum
1637 3382 2005 3445 occasionem,
2032 3389 2087 3437 et

504 3480 656 3535 Spem
692 3466 905 3519 levandi
942 3468 1165 3521 malum.
1203 3466 1593 3537 Saepenumero
1623 3476 1804 3523 autem
1838 3470 2087 3525 videmus

503 3566 559 3610 et
583 3570 749 3609 canes
777 3558 1007 3611 latenter
1033 3560 1086 3612 in
1119 3574 1219 3612 nos
1246 3558 1498 3624 irruere;
1537 3575 1714 3631 neque
1739 3568 1918 3615 tamen
1953 3560 2088 3615 dici-

505 3662 627 3701 mus
659 3647 842 3701 luuam
874 3663 1096 3703 causam
1135 3667 1259 3705 esse
1291 3666 1509 3705 morsus
1540 3660 1633 3703 aut
1673 3660 1853 3709 motus
1880 3651 2086 3704 anima-

504 3736 595 3791 lis.
646 3737 711 3790 Et
761 3739 905 3792 servi
962 3755 1336 3808 saepenumero
1385 3757 1509 3795 cum
1551 3750 1665 3795 toto
1709 3742 1835 3795 luna
1883 3743 2089 3797 lumine

505 3832 789 3899 splendet,
838 3830 907 3883 ad
956 3831 1282 3900 capiendum
1327 3831 1509 3901 fugam
1550 3843 1813 3903 surgunt,
1862 3842 1917 3887 et
1966 3828 2087 3904 ejus

505 3922 713 3975 auxilio
742 3922 809 3973 ad
844 3922 1182 3975 celeritatem
1212 3932 1457 3977 utuntur.
1491 3921 1629 3978 Num
1667 3924 1835 3995 Igitur
1861 3938 2086 3979 causam

506 4011 831 4067 temeritatis
876 4011 1087 4083 fugitivi
1129 4012 1377 4083 dicemus
1421 4012 1646 4066 lunam?
1702 4011 2089 4081 Saepenumero

509 4101 639 4155 item
667 4111 721 4156 et
754 4103 1099 4158 elfeminatus
1129 4103 1296 4157 homo
1324 4113 1623 4158 nocturnas
1653 4103 1913 4159 tenebras
1950 4103 2090 4158 veri-

506 4199 597 4246 tus
639 4190 787 4246 domi
819 4193 1061 4248 dormire
1100 4194 1351 4263 cogitur;
1394 4194 1521 4248 luna
1564 4209 1695 4248 vero
1737 4210 1832 4264 per
1871 4202 2088 4250 noctem

506 4283 742 4347 lucente,
782 4284 944 4339 citius
980 4284 1047 4337 ad
1085 4285 1449 4355 prostibulum
1493 4286 1671 4341 instar
1710 4286 1837 4355 equi
1887 4287 2091 4341 lascive

509 4372 825 4443 prosiliens,
861 4375 1138 4438 hinniens,
1174 4384 1230 4431 et
1262 4392 1517 4441 currens,
1554 4376 1621 4430 ad
1648 4386 1891 4432 scortum
1934 4378 2089 4431 laztus

505 4467 676 4521 venit.
712 4466 849 4520 Num
888 4467 1051 4539 igitur
1086 4466 1300 4523 itineris
1344 4468 1595 4525 scelerati
1626 4483 1793 4523 causa
1823 4476 1909 4525 est
1938 4470 2086 4533 luna,

505 4578 631 4632 quae
678 4562 864 4617 divino
912 4568 1183 4633 prrecepto
1231 4570 1409 4619 terras
1446 4565 1588 4618 ctelo
1640 4561 1918 4632 subiectas
1965 4563 2089 4617 illu-

506 4652 685 4707 strat?
716 4652 921 4707 Cohibe
947 4668 1133 4721 quasso
1175 4653 1520 4723 temetipsum
1548 4669 1578 4707 a
1611 4654 1852 4707 lunatica
1872 4653 2090 4708 demen-

506 4746 582 4798 tia
611 4762 623 4797 :
671 4744 947 4798 daemones
982 4747 1127 4798 enim
1166 4744 1233 4799 iis
1268 4746 1359 4815 qui
1397 4745 1585 4801 faciles
1618 4754 1779 4815 captu
1826 4758 1973 4810 sunt,
2007 4754 2091 4799 ta-

504 4834 614 4889 cite
642 4834 694 4887 in
720 4835 937 4889 animos
962 4834 1205 4889 inserere
1231 4846 1654 4901 consueverunt,
1689 4843 1747 4889 ut
1779 4853 1885 4889 non
1911 4838 2086 4890 solum

509 4924 800 4979 luminaria
823 4926 1091 4981 malorum
1118 4940 1316 4981 causas
1340 4942 1463 4982 esse
1487 4935 1759 4989 asserunt,
1789 4927 1883 4982 scd
1911 4927 2085 4995 ipsum

507 5016 675 5070 etiam
699 5017 950 5086 Opificem
975 5018 1123 5073 velut
1156 5017 1422 5071 malorum
1454 5023 1509 5071 et
1532 5016 1897 5071 exitiosorum
1924 5018 2091 5072 facto-

507 5124 621 5163 rem
662 5110 1089 5165 calumniantur.
1135 5109 1241 5175 Qui
1276 5125 1404 5164 vero
1440 5109 1601 5164 ﬁdem
1656 5110 1766 5163 illis
1808 5111 2088 5176 adhibent,

506 5216 618 5258 non
645 5201 813 5256 Deum
847 5202 942 5258 sed
972 5204 1211 5258 cinerem
1236 5194 1466 5257 adurant
1490 5202 1545 5256 in
1577 5203 1873 5274 parricida,
1908 5218 1972 5257 eo
2001 5204 2091 5271 qui

570 5364 618 5397 ⁸⁵
660 5365 766 5419 lsa.
802 5380 837 5430 ι,
873 5364 939 5418 l9
995 5364 1086 5419 20.
1162 5364 1208 5397 ⁸³
1249 5363 1438 5419 Matth.
1476 5380 1631 5429 χχιιι,
1659 5364 1747 5421 57.

581 5531 694 5599 (67)
738 5533 1192 5587 Ὰποκτενοῦσα.
1232 5531 1393 5588 Forte
1425 5534 1842 5587 ἀποκτείνουσα.
1880 5532 2037 5587 Ευιτ.

602 5602 696 5669 68)
738 5604 835 5665 Ὧς
859 5604 955 5656 ἐπὶ
980 5602 1204 5670 βλάϐῃ.
1234 5602 1395 5659 Forte
1417 5605 1493 5667 ὡς
1525 5602 1867 5665 ἐπιὸλαϐοὖς.
1902 5602 1974 5656 lu.

604 5672 694 5744 liii)
722 5672 1076 5744 Σεληνικῆς.
1105 5671 1267 5744 Forte
1304 5674 1651 5744 σεληνιακῆς.
1685 5674 1756 5727 lo.
1937 5741 1961 5744 Α
2048 5724 2057 5739 ,

605 5742 692 5809 70)
725 5743 825 5795 Διά
868 5742 1172 5809 tat-Luam.
1214 5742 1313 5797 llic
1358 5741 1595 5799 tlmsarii‘
1632 5744 1784 5797 locus
1827 5758 1892 5797 ex
1930 5741 2087 5796 Reco—

511 5812 802 5881 guitionum
833 5810 1284 5867 Ctementiuarum
1316 5814 1409 5869 lib.
1445 5830 1499 5881 ι,
1536 5828 1653 5885 cap.
1692 5814 1761 5869 Εὖ
1790 5829 1943 5885 seqq.
1979 5812 2088 5868 for-

1596 355 1655 413 S.
1686 353 1990 415 CAESARI!
2029 350 2373 411 GREGORII
2409 345 2713 409 ΓΒΑτῆιὸ

3665 345 3779 405 992

2191 470 2348 525 Θεοῦο
2377 471 2520 525 Ἐὰν
2541 468 2884 537 θέλητε,καί
2905 466 3294 524 εἰσακούσετέ
3317 484 3452 535 μου,
3478 466 3553 521 τὰ
3575 464 3777 537 ἀγαθὰ

2188 561 2299 629 τῆς
2328 560 2441 631 τῆς
2468 562 2731 629 φάγεσθε
2768 576 2781 588 ·
2819 561 2873 613 st
2899 558 3070 628 δὲμὴ
3110 557 3343 624 θέλητε,
3379 556 3481 609 καὶ
3508 554 3596 625 μὴ
3644 557 3775 609 εἰσ·-

2186 651 2480 705 ακούσετέ
2520 668 2637 719 μου
2656 688 2672 712 ,
2702 648 2967 718 μάχαιρα
2992 646 3149 717 ὑμᾶς
3176 645 3484 701 κατέδεται
3516 662 3529 675 ·
3559 646 3625 698 τό
3660 644 3777 715 γὰρ

2186 744 2383 811 στόμα
2416 744 2635 810 Κυρίου
2668 740 2935 808 Molinae
2962 740 3177 794 ταῦτα.
3224 738 3397 801 Αὐτὸς
3420 737 3479 791 δὲ
3507 739 3566 790 ὲν
3594 737 3777 803 Εὐαγ-

2185 833 2384 903 γελίοις
2434 832 2713 905 θεηγορῶν
2745 834 2774 885 ὁ
2823 830 3064 901 Κύριος,
3099 830 3292 901 φησιν’
3355 828 3774 897 ἰερουσωι-ὴμ,

2197 924 2607 994 Ἰερουσαλὴμ,
2628 924 3112 992 ή’ἀποκτενοῦσα
3132 922 3243 994 (67)
3265 920 3408 987 τοὺς
3435 917 3772 989 προφήτας,

2185 1015 2283 1069 καί
2323 1014 2728 1068 λιθοϐολοῦσα
2769 1012 2910 1079 τοὺς
2941 1011 3471 1081 ἀπεσταλμένους,
3507 1008 3778 1073 ποσάκις

2184 1105 2460 1174 ἠθέλησα
2475 1104 2843 1172 συναγαγεῖν
2865 1102 3019 1173 ὑμᾶς
3042 1102 3159 1157 ὑπὸ
3184 1101 3293 1169 τὰς
3316 1097 3617 1169 πτέρυγάς
3631 1116 3776 1168 μου,

2185 1196 2261 1250 ὃν
2290 1199 2515 1267 τρόπον
2552 1197 2717 1266 ὅρνις
2761 1198 3012 1269 συνάγει
3040 1201 3113 1252 τὰ
3151 1196 3377 1251 νοσσιὰ
3405 1190 3651 1261 ἑαυτῆς,
3675 1192 3774 1246 καὶ

2183 1288 2671 1357 οῠκκὴθελήσατε
2694 1289 2716 1342 .'
2763 1290 2858 1345 ἐπὶ
2893 1292 2955 1344 τὺ
2997 1291 3173 1343 θέλειν
3207 1289 3438 1342 ἑκάστου
3482 1286 3779 1355 ἀναφέρων

2183 1377 2254 1431 τὰ
2292 1378 2518 1449 αἱρετά,
2557 1380 2868 1451 ἢφευκτὰ,
2914 1380 3008 1434 καὶ
3048 1380 3150 1433 ούκ
3198 1379 3285 1431 ἐπ’
3319 1376 3536 1446 ἀνάγκῃ
3578 1376 3780 1445 εἱμαρ-

2188 1469 2361 1541 μένης
2394 1470 2429 1540 ἢ
2459 1472 2842 1544 ἀστρονομίας.
2898 1472 2975 1526 Ού
3004 1471 3114 1542 γὰρ
3144 1471 3390 1541 ήγήσατο
3414 1469 3563 1538 ἡμᾶς
3590 1468 3779 1535 ἀμαρ-

2183 1561 2466 1628 τάνοντας,
2507 1565 2666 1636 είπερ
2704 1563 2805 1633 τῆς
2831 1562 3055 1617 ἐκείνων
3093 1560 3377 1631 μεθοδείας
3410 1554 3778 1626 ὑπεκείμεθα.

2764 1653 3014 1707 ΠΕΥΣΙΣ
3054 1652 3198 1705 PIB'.

2258 1742 2369 1796 Kal.
2400 1744 2448 1795 εἰ
2480 1742 2648 1814 μηδὲν
2680 1745 2746 1796 ὲκ
2770 1744 2879 1797 τῶν
2902 1743 3119 1815 ἄστρων
3143 1740 3568 1813 εύεργετῶνται,
3600 1740 3635 1810 ἢ
3660 1738 3777 1793 ἀδι-

2192 1831 2412 1886 κοῦνται
2459 1834 2510 1886 οἰ
2558 1834 2856 1906 ἅνθρωποι,
2904 1833 3020 1897 πῶς
3066 1834 3127 1885 τὸ
3163 1831 3495 1901 Εὑαγγέλιον
3521 1830 3781 1901 σεληνια-

2190 1922 2453 1995 ζομένους
2501 1924 2651 1993 λέγει
2689 1926 2819 1991 τοὺς
2862 1922 3291 1996 ἐπιληπτικοὺς,
3330 1922 3642 1996 ἁφροῦντας
3681 1919 3784 1976 καὶ

2190 2015 2560 2086 ρησσομένους
2589 2034 2608 2087 ί

2801 2108 3167 2175 Ἀπόκρισις.

2260 2198 2753 2270 Σεληνιαζομένους
2804 2200 2969 2269 φησί,
3014 2198 3157 2253 κατὰ
3201 2196 3303 2269 τὴν
3346 2195 3638 2268 πρόχειρον
3667 2194 3782 2249 τῶν

2188 2291 2400 2345 πολλῶν
2424 2291 2700 2356 ὑπόνοιαν,
2744 2292 2818 2363 μή
2847 2289 3169 2362 χωρούντων
3199 2288 3429 2342 ἀκοῦσαι
3468 2288 3531 2341 τὸ
3573 2285 3777 2356 ὑψηλό-

2186 2400 2365 2453 τερον.
2404 2383 2557 2435 Ἐπεὶ
2587 2382 2696 2454 γὰρ
2736 2380 2964 2453 σελήνῃ,
3010 2380 3106 2435 καὶ
3137 2378 3305 2450 ήλίῳ,
3330 2379 3423 2433 καὶ
3460 2378 3683 2449 ἄστροις
3716 2376 3780 2429 τὸ

2188 2473 2353 2535 σέϐας
2383 2472 2656 2543 ἀπένεμον
2679 2472 2731 2523 οἰ
2762 2472 3179 2541 ματαιόφρονες,
3221 2468 3546 2540 βουλόμενος
3578 2468 3779 2531 αὐτοὺς

2186 2565 2499 2633 ἀπαγαγεῖν
2523 2567 2624 2633 τῆς
2655 2563 2863 2625 οἰκείας
2888 2562 3072 2633 δόξης,
3101 2562 3177 2625 ὡς
3204 2562 3298 2615 ἐπὶ
3320 2560 3494 2634 βλάϐῃ
3517 2560 3653 2629 (68),
3685 2560 3782 2614 καὶ

2187 2652 2366 2706 αἰτίαν
2416 2653 2524 2706 τῶν
2572 2650 2969 2722 δαιμονούντων
3015 2649 3115 2721 τὴν
3165 2649 3397 2721 σελήνην
3450 2648 3777 2717 timeatur

2186 2746 2334 2810 ὅπως
2382 2744 2755 2816 ναρκήσαντες
2784 2744 2833 2796 οἰ
2867 2742 3056 2814 ἐκείνῃ
3084 2740 3466 2813 ποτνιώμενοι,
3493 2743 3783 2813 omnes-

2188 2854 2322 2890 σωσι
2346 2834 2440 2888 τοῦ
2466 2835 2674 2887 είκαίου
2705 2835 3069 2904 σεϐάσματος.
3116 2834 3190 2886 Οὐ
3228 2834 3338 2904 γὰρ
3370 2834 3463 2886 ὲπί
3485 2833 3632 2905 λύμῃ
3655 2832 3783 2905 βρο-

2184 2928 2295 2981 τῶν
2336 2927 2465 2990 τοὺς
2502 2926 2799 2995 φωστῆρας
2837 2926 2865 2977 ὁ
2892 2925 2985 2978 τοῦ
3017 2925 3219 2989 παντὸς
3261 2916 3602 2996 ἁρχιτέκτων
3636 2925 3779 2979 ἐδεί-

2190 3036 2329 3089 ματο
2353 3018 2608 3087 Χριστὸς,
2635 3018 2749 3070 ἀλλ’
2781 3017 3091 3087 ἀκάθαρτον
3119 3015 3335 3086 πνεῦμα
3362 3016 3659 3088 ὲπιτηροῦν
3682 3017 3783 3069 αύ-

2190 3111 2301 3172 τοῖς
2318 3108 2377 3161 τὸ
2398 3108 2597 3161 τοιόνδε
2628 3108 2834 3179 σχῆμα,
2859 3109 3223 3173 ἑπιτωθάζειν
3246 3108 3388 3162 τισὶν
3407 3109 3779 3180 ύπαγόμενον,

2188 3199 2314 3264 τοὺς
2370 3199 2629 3269 εύρίπους
2679 3200 2771 3252 καὶ
2815 3200 3135 3267 ἀνερίστους
3178 3199 3389 3271 βροτῶν
3437 3200 3533 3253 ἐπὶ
3576 3200 3783 3271 γόητας

2189 3291 2283 3343 κα)⁹
2320 3290 2620 3361 διοτρεφεῖς
2664 3291 3008 3362 αὐτομολεῖν,
3052 3293 3324 3362 προφάσει
3370 3292 3630 3363 ἑπαοιδῆς
3684 3291 3785 3345 καὶ

2188 3381 2281 3435 τοῦ
2313 3381 2652 3452 διοχλούντος
2692 3383 2986 3455 ἀνακωχῆς
3059 3383 3325 3447 Πολλάκις
3350 3384 3407 3438 δὲ
3441 3384 3660 3456 δρῶμεν
3684 3383 3781 3437 κύ⁸

2189 3489 2287 3534 νας
2322 3472 2565 3543 κρύϐδην
2599 3472 2997 3544 ὲφαλλομένους
3022 3475 3154 3544 ἡμῖν
3173 3514 3189 3537 ,
3217 3474 3309 3527 καὶ
3357 3466 3416 3527 οὗ
3456 3492 3640 3545 φαμεν
3671 3474 3783 3545 τήν

2191 3560 2422 3633 σελήνην
2461 3565 2642 3617 αἰτίαν
2672 3564 2766 3617 τοῦ
2797 3564 3097 3635 δήγματος,
3139 3565 3172 3634 ἢ
3199 3566 3298 3635 τῆς
3332 3566 3426 3618 τοῦ
3454 3564 3596 3631 ζώου
3628 3568 3783 3637 κινή-

2192 3671 2349 3718 σεως.
2371 3654 2481 3708 Καὶ
2493 3656 2711 3724 οἰκέτης
2724 3655 3006 3719 πολλάκις,
3024 3656 3383 3727 πληρηφαοῦς
3402 3656 3781 3728 ὑπαρχούσης,

2192 3744 2327 3815 πρὸς
2350 3745 2678 3814 δραπὲτειαν
2700 3745 3021 3817 ήγέρθη,τῷ
3044 3745 3415 3817 ἐκείνης’φωτὶ
3442 3747 3620 3817 βοηθῴ
3643 3749 3784 3817 πρὸς

2189 3833 2500 3887 ὠκυποδίαν
2528 3832 2828 3904 χρώμενος.
2860 3831 2989 3906 ⁷Αρ’
3008 3831 3103 3888 οὖν
3128 3820 3503 3906 αἰτιασώμεθα
3531 3836 3632 3905 τῆς
3654 3836 3784 3890 δυσ-

2192 3921 2412 3985 ϐουλίας
2440 3922 2535 3975 τοῦ
2567 3924 2899 3995 ὑποδράντος
2933 3925 3033 3996 τὴν
3063 3925 3339 3994 φαίνακα;
3381 3926 3492 3979 Καὶ
3512 3930 3541 3979 ὁ
3583 3926 3784 3996 λάγνος

2190 4014 2453 4078 πολλάκις
2494 4015 2555 4068 τὸ
2588 4015 2802 4069 νύκτιον
2844 4017 3036 4080 σκότος
3079 4015 3288 4084 δεδιὼς,
3323 4017 3463 4073 οἶκοι
3494 4019 3783 4074 καθεύδειν

2190 4105 2471 4175 ἐπείγεται
2490 4123 2504 4137 ·
2530 4108 2595 4177 τῇ
2622 4107 2678 4160 δὲ
2704 4108 2901 4181 σελήνῃ
2922 4108 3409 4179 καταυγαξομένης
3432 4110 3532 4181 τῆς
3560 4113 3779 4177 νυκτὸς,

2191 4192 2384 4247 θᾶττον
2418 4194 2510 4248 ἐπὶ
2541 4195 2603 4248 τὸ
2642 4198 3062 4266 χαμαιτυπεῖον,
3096 4197 3264 4251 ἵππου
3296 4197 3452 4268 δίκην
3484 4200 3780 4269 κροαίνων,

2192 4285 2530 4356 χρεμετίζων
2569 4288 2663 4341 καὶ
2704 4287 2863 4352 θέων,
2898 4282 3033 4359 ἧκεν
3080 4288 3419 4360 ὲπισκαίρων
3460 4292 3529 4360 τῇ
3562 4290 3779 4362 ἑταίρᾳ.

2192 4371 2261 4427 Ἀ
2273 4377 2318 4445 ρ’
2346 4372 2439 4429 οὖν
2454 4377 2552 4447 τῆς
2581 4362 2890 4445 μωιὸαδίας
2914 4377 3061 4430 αἰτία
3086 4377 3120 4449 ή
3146 4379 3217 4448 γῇ
3246 4378 3339 4430 ὑπ’
3360 4378 3591 4448 οὐρανὸν
3612 4394 3783 4431 κατα-

2196 4467 2489 4539 λάμπουσα
2519 4468 2647 4539 θείῳ
2681 4471 3069 4540 προστάγματι
3097 4486 3113 4536 ;
3146 4466 3314 4540 Εἷργε
3349 4469 3544 4523 σαυτὸν
3570 4473 3669 4542 τῆς
3692 4487 3783 4523 σε-

2193 4561 2421 4632 ληνικῆς
2440 4563 2553 4633 (69)
2582 4562 2889 4632 παροινίας.
2924 4562 3049 4625 Τοῖς
3075 4562 3186 4633 γὰρ
3212 4561 3501 4627 εύαλώτοις
3523 4562 3781 4633 δαίμονες

2193 4652 2549 4721 ύποσπείρειν
2590 4654 2876 4717 εἰώθασιν,
2916 4654 2974 4706 οὐ
3017 4654 3178 4725 μόνον
3214 4654 3342 4717 τοὺς
3370 4654 3664 4725 φωστῆρας
3698 4656 3784 4707 αἰ-

2190 4742 2408 4795 τιᾶσθαι
2431 4742 2538 4795 τῶν
2561 4745 2767 4809 κακῶν,
2790 4745 2927 4799 ἀλλὰ
2954 4748 3047 4800 καὶ
3074 4746 3235 4799 αὑτὸν
3257 4746 3355 4818 ήδη
3383 4746 3473 4800 τὸν
3504 4751 3780 4820 Δημιουρ·

2191 4835 2287 4903 γὸν
2324 4834 2400 4899 ὡς
2429 4836 2647 4904 φαύλων
2680 4838 2773 4891 καὶ
2826 4837 3141 4909 φθαρτικῶν
3178 4839 3411 4909 ποιητὴν
3439 4837 3779 4891 διαϐάλλειν·

2193 4929 2241 4980 οί
2268 4927 2326 4980 δὲ
2351 4927 2560 4993 τούτοις
2584 4928 2913 4998 πειθόμενοι,
2939 4930 2999 4981 οὐ
3030 4929 3151 5000 Θεῷ
3176 4929 3312 4983 ἀλλὰ
3335 4927 3517 4999 σποδῷ
3540 4945 3785 5000 προσκυ-

2192 5020 2365 5085 νοῦσι,
2402 5020 2489 5072 διὰ
2534 5020 2627 5073 τοῦ
2669 5021 2993 5092 πατραλοίου
3018 5022 3130 5093 (70)
3158 5024 3251 5076 καὶ
3286 5021 3395 5076 τῶν
3432 5021 3651 5076 οἰκείων
3688 5018 3781 5075 τι-

2196 5128 2340 5165 κνων
2377 5113 2505 5173 τοὺς
2539 5112 2751 5182 γάμους
2788 5112 3139 5183 φθείραντος,
3188 5114 3284 5167 καὶ
3326 5114 3385 5166 ὲν
3430 5113 3587 5183 τάφῳ
3628 5114 3784 5183 παρὰ

2195 5202 2380 5277 Κρησὶ
2408 5203 2705 5275 φθαρέντος
2725 5220 2736 5233 ⁸
2772 5205 2908 5276 ὅπερ
2933 5205 3031 5257 οὐκ
3063 5204 3177 5259 ἐστι
3214 5201 3361 5260 Θεοῦ.
3386 5200 3467 5257 Ού
3504 5202 3613 5275 μὴν
3643 5202 3783 5259 ἀλλὰ

2192 5540 2397 5593 matus,
2428 5531 2663 5599 possitne
2704 5544 2732 5581 a
2778 5527 3019 5599 librariis
3044 5535 3309 5599 acceptus
3353 5525 3475 5581 fuit.
3509 5524 3601 5580 Sic
3629 5526 3777 5599 enim

2193 5602 2247 5655 in
2278 5596 2507 5669 vulgatis
2534 5600 2753 5667 legitur,
2778 5599 2866 5651 διὰ
2893 5598 2987 5669 τοῦ
3008 5596 3325 5669 ,πατραλοία
3345 5634 3417 5669 _...
3444 5596 3780 5666 παρακρίσει

2192 5666 2487 5741 nptias-llic
2515 5666 2641 5724 vero
2673 5670 2809 5741 nihil
2840 5668 2983 5741 vidit
3006 5666 3300 5741 interpres.
3342 5666 3543 5741 Locum
3566 5707 3579 5728 ,
3613 5676 3779 5741 prout

2192 5732 2502 5805 cllidimus',
2555 5740 2796 5794 restituit
2837 5732 3179 5806 reddiditque
3212 5736 3519 5806 Cotelcrius
3558 5732 3627 5789 ad
3675 5732 3781 5806 Rc.

2192 5813 2385 5883 cognit.
2411 5813 2445 5867 Ι.
2468 5804 2515 5866 c.
2544 5812 2634 5882 qui
2661 5819 2714 5867 et
2738 5808 3053 5878 suspicatur
3083 5804 3181 5881 pro
3202 5806 3292 5861 διά
3319 5804 3604 5876 legendum
3628 5805 3773 5870 Διός.
