4032 6312
505 416 611 473 999

502 534 648 602 Quin
690 539 746 586 et
789 529 951 584 divus
1008 526 1185 597 inquit
1240 525 1573 596 evangelista
1612 523 1790 578 :Ante
1833 538 1928 577 ses;
1982 522 2095 575 dies

502 629 728 683 Pascha
779 610 917 678 venit
968 621 1128 676 Jcsus
1170 624 1225 674 in
1275 619 1594 673 Bethania»:
1624 617 1695 671 ”.
1730 616 1797 671 Et
1828 615 2094 671 Dominus

502 721 619 789 ipse
660 716 923 772 divinitus
963 728 1094 768 suos
1139 713 1424 782 alloquens
1463 713 1584 764 ait:
1629 707 1790 764 Scitis
1843 715 1961 777 post
2008 706 2093 760 bi-

499 811 667 864 duum
709 819 889 861 actum
934 806 1005 860 iri
1042 803 1253 858 Pascha
1293 803 1362 856 ".
1401 801 1750 872 Quapropter
1780 815 1903 867 quae
1945 813 2093 852 nunc

501 897 558 951 in
589 896 774 965 specie
809 893 1142 948 narrationis
1174 891 1374 946 tradita
1407 899 1559 955 sunt,
1599 905 1700 961 pro
1741 891 1860 961 lege
1903 892 1960 944 in
2008 903 2095 942 se-

497 987 796 1054 quentibus
828 985 1131 1040 habeantur
1155 1002 1173 1038 :
1208 969 1275 1036 Et
1318 983 1438 1051 fuit,
1483 983 1682 1053 inquit,
1704 998 1885 1053 vesper
1909 992 1961 1037 et
1989 982 2092 1051 fuit

481 1086 675 1138 “mane,
703 1074 815 1127 dies
834 1089 969 1138 unus
996 1074 1042 1104 ⁸⁸
1072 1089 1087 1124 :
1114 1086 1240 1126 cum
1266 1070 1512 1140 diesjam
1543 1079 1668 1125 ante
1688 1071 2088 1140 praecessisset,

497 1165 708 1232 exstitit
749 1179 964 1234 vesper,
993 1179 1059 1218 ex
1100 1173 1325 1233 vespere
1369 1179 1498 1218 vero
1527 1179 1658 1228 nox,
1694 1180 1763 1218 ex
1802 1173 1963 1219 nocte
1991 1180 2090 1217 au-

495 1266 606 1311 tem
642 1271 825 1323 mane,
867 1257 958 1311 ubi
997 1257 1111 1326 jam
1158 1257 1322 1312 unius
1363 1257 1470 1312 diei
1508 1257 1633 1312 linis
1671 1267 1776 1323 est,
1827 1273 1950 1327 quae
1995 1272 2092 1326 per

494 1350 688 1422 viginti
737 1360 978 1420 quatuor
1031 1351 1197 1405 horas
1260 1349 1366 1403 diei
1423 1349 1690 1419 potiorem
1743 1358 1950 1420 partem
1987 1348 2090 1403 sibi

496 1442 757 1507 vindicat,
789 1441 1088 1496 subaudita
1115 1441 1374 1497 videlicet
1415 1447 1579 1496 nocte
1604 1441 1707 1496 sub
1725 1440 2089 1512 appellatione

494 1533 625 1593 dici,
670 1547 766 1601 per
815 1533 1006 1602 viginti
1060 1541 1303 1602 quatuor
1345 1535 1530 1588 horas.
1583 1531 1706 1598 Quo
1740 1532 1800 1588 ﬁt
1831 1541 1892 1587 ut
1921 1532 2086 1588 etiam

494 1617 743 1693 tempore
786 1621 1217 1677 conversionum
1254 1623 1387 1678 solis
1428 1622 1768 1687 aestivarum,
1813 1638 1944 1694 quae
1977 1624 2089 1679 sol-

494 1716 641 1770 stitia
672 1725 893 1781 vocant,
949 1725 1164 1770 noctem
1210 1716 1330 1771 dies
1377 1715 1682 1772 intervallis
1728 1718 1981 1773 excedat.
2017 1719 2089 1772 At

493 1814 743 1876 tempore
778 1809 925 1877 quod
977 1808 1311 1877 aequinoctio
1353 1808 1686 1863 destinatum
1715 1817 1822 1872 est,
1858 1825 2085 1876 prorsus

492 1903 709 1965 oportet
754 1904 1020 1964 utrasque
1059 1897 1302 1966 aequales
1329 1911 1474 1964 esse,
1505 1899 1746 1953 vicissim
1783 1915 1815 1954 a
1847 1915 1906 1955 se
1941 1900 2084 1954 invi—

491 1985 943 2041 cemaui‘erentes
998 1978 1053 2041 id
1103 1988 1248 2057 quod
1296 1989 1472 2044 deest.
1509 1988 1616 2044 Sed
1648 1999 1704 2043 et
1734 1991 1858 2046 cmli
1895 1990 2089 2053 facies.

495 2094 693 2134 rursus
718 2079 787 2133 ad
809 2079 1058 2134 eamdem
1086 2094 1305 2135 reversa
1331 2079 1807 2145 constitutionem,
1838 2097 1947 2136 una
1970 2081 2090 2136 dies

493 2172 693 2230 merito
744 2172 1080 2241 appellatur;
1134 2172 1606 2242 quemadmodum
1660 2174 1714 2229 in
1771 2183 1921 2229 terra
1971 2175 2086 2230 ﬁeri

492 2265 654 2329 solet,
689 2273 751 2318 ut
792 2265 1139 2334 interjectum
1188 2267 1259 2320 ab
1313 2282 1427 2322 uno
1467 2267 1666 2322 ﬂerunt
1700 2277 1969 2339 proventu
2019 2268 2087 2322 ad

498 2354 691 2418 alium,
723 2364 964 2425 tempus,
995 2372 1178 2412 annus
1209 2367 1453 2413 vocetur.
1479 2358 1847 2426 Quamobrem
1873 2361 2088 2429 quoties

491 2461 691 2515 vesper
719 2457 776 2501 et
805 2463 970 2503 mane
1000 2450 1309 2505 secundum
1346 2451 1478 2505 solis
1503 2451 1793 2507 circuitum
1818 2452 2082 2506 ntundum

491 2545 751 2604 occupat,
778 2551 884 2591 non
922 2538 976 2592 in
1027 2548 1274 2607 tempore
1318 2541 1528 2609 majore
1570 2556 1736 2610 quam
1782 2541 1947 2598 unius
1976 2541 2084 2596 diei

492 2630 696 2698 spatio,
731 2629 1072 2697 signiﬁcetur
1096 2630 1217 2684 dies
1248 2646 1356 2685 una
1388 2646 1509 2686 cum
1544 2641 1705 2687 nocte
1732 2632 2082 2701 conjunctus,

500 2727 556 2771 et
592 2719 950 2773 luminarium
973 2720 1040 2772 ad
1076 2720 1316 2789 priorem
1335 2721 1787 2777 constitutionem
1820 2725 2082 2778 reversio.

489 2807 590 2863 Vel
618 2814 803 2879 potius
837 2811 1003 2864 tribui
1036 2811 1162 2880 plus
1197 2812 1398 2867 debere
1448 2813 1581 2867 milii
1630 2814 1848 2868 videtur
1882 2814 1957 2868 illi
1993 2831 2082 2868 ra-

489 2901 650 2965 tioni,
711 2917 832 2972 quae
886 2912 1098 2957 secreto
1152 2903 1409 2958 traditur.
1467 2902 1624 2970 Quod
1673 2906 1934 2960 nimirum
1987 2906 2081 2975 qui

491 2993 758 3061 temporis
787 3004 1041 3047 naturam
1074 2992 1204 3048 fecit
1251 2979 1414 3059 Deus,
1460 2995 1514 3048 in
1562 2987 1852 3060 mensuras
1884 2997 2003 3067 ejus
2029 3007 2084 3052 et

490 3086 668 3154 signa,
697 3085 910 3139 dierum
949 3084 1232 3162 intervalla
1275 3086 1630 3152 ordinavet‘it,
1667 3087 1958 3158 ipsumque
1984 3105 2083 3159 per

491 3167 889 3243 hebdomadem
950 3175 1266 3239 dimetiens,
1307 3187 1522 3245 semper
1565 3177 1964 3234 hebdomadem
2024 3180 2078 3233 in

488 3269 843 3338 semetipsam
877 3267 1080 3323 revolvi
1116 3267 1296 3336 jubet,
1338 3269 1602 3340 temporis
1645 3270 1749 3325 hoc
1783 3270 1946 3324 modo
1997 3270 2079 3324 di-

489 3373 791 3414 numerans
821 3368 1054 3422 motum,
1091 3359 1234 3413 sicut
1264 3358 1661 3414 hebdomadem
1684 3375 1879 3416 rursus
1901 3361 2083 3431 explet

488 3447 642 3509 dies,
705 3447 906 3515 septies
955 3446 1010 3499 in
1063 3446 1412 3518 semetipsam
1462 3449 1732 3503 revoluta.
1789 3449 1848 3504 id
1897 3459 2080 3504 autem

487 3534 778 3587 circularis
830 3542 917 3588 est
959 3535 1156 3604 ligurs,
1205 3550 1237 3590 a
1284 3537 1583 3608 semetipso
1622 3538 1884 3609 incipere,
1925 3547 1981 3594 et
2026 3540 2080 3594 in

489 3626 847 3694 semetipsum
897 3625 1149 3682 desinere
1203 3647 1217 3682 :
1270 3633 1418 3698 quod
1483 3631 1697 3686 scilicet
1763 3633 1929 3686 etiam
1979 3633 2080 3686 aevi

489 3714 773 3785 proprium
806 3722 920 3779 est;
960 3724 1014 3769 et
1061 3716 1112 3768 in
1151 3725 1322 3771 semet
1357 3719 1535 3786 ipsum
1565 3719 1764 3774 reverti
1804 3735 2078 3789 nusquam

489 3803 869 3858 terminatum.
903 3801 1191 3873 Propterea
1221 3818 1385 3874 caput
1413 3808 1681 3878 temporis
1708 3824 1816 3863 non
1844 3810 2081 3879 primam

490 3895 725 3958 dierum,
755 3897 849 3963 sed
883 3910 1045 3950 unam
1096 3898 1420 3965 nominavit,
1469 3909 1530 3954 ut
1565 3901 1679 3970 ipsa
1710 3899 2084 3971 appellatione

489 3987 866 4058 cognationem
897 4003 1019 4041 cum
1041 4004 1156 4042 revo
1182 3989 1426 4044 haberet.
1457 3989 1909 4062 Quandoquidem
1932 3995 2082 4052 enim

490 4079 738 4141 unitatis,
768 4088 822 4133 et
851 4079 972 4147 ejus
995 4079 1138 4150 quod
1165 4084 1577 4139 communionis
1600 4086 1668 4140 ad
1700 4086 1854 4142 aliud
1884 4102 2083 4158 expers

489 4174 597 4230 est,
633 4177 820 4220 notam
863 4168 1023 4222 nobis
1063 4172 1320 4234 ostendit,
1355 4172 1574 4242 proprie
1603 4182 1660 4228 et
1690 4177 2084 4238 convenienter

488 4258 757 4329 appellata
805 4269 890 4314 est
926 4275 1070 4322 una,
1113 4277 1240 4316 cum
1294 4263 1410 4332 ipsa
1458 4264 1511 4326 in
1565 4265 1744 4336 seipse
1782 4281 1883 4337 per
1918 4282 2082 4324 omne

487 4348 750 4402 saeculum
781 4349 835 4401 in
868 4349 1102 4417 seipsam
1139 4349 1470 4404 revolvatur.

906 4474 1427 4534 lNTERROGATlO
1464 4480 1654 4540 CXVI.

564 4600 628 4655 Et
665 4618 904 4671 quonam
943 4615 1102 4673 pacto
1151 4606 1371 4664 Litterae
1411 4626 1583 4668 sacrae
1622 4615 1790 4670 multa
1829 4631 1952 4675 esse
1981 4635 2084 4676 ste-

489 4690 612 4742 cula
642 4691 1102 4757 demonstrantes,
1140 4698 1339 4751 saecula
1385 4710 1585 4754 vocant
1619 4704 1981 4760 smculorum?
2015 4708 2084 4761 Et

491 4781 724 4836 Davides
758 4785 810 4836 in
853 4786 958 4839 line
1000 4786 1194 4856 psalmi
1236 4789 1368 4846 dicit
1400 4810 1413 4846 :
1451 4792 1791 4864 Conﬁtemini
1828 4798 2078 4865 Domino,

489 4873 629 4934 cwli,
661 4876 915 4940 quoniam
938 4875 994 4928 in
1030 4880 1209 4931 omnia
1246 4881 1444 4934 secula
1489 4884 1860 4940 misericordia
1878 4887 1996 4956 ejus
2023 4890 2081 4943 ‘?

492 4958 558 5012 Et
589 4975 782 5015 rursus
811 4962 953 5017 idem
979 4981 992 5017 :
1027 4963 1297 5019 Exaltabo
1330 4979 1399 5030 te,
1428 4968 1569 5024 Deus
1596 4981 1765 5040 meus,
1787 4991 1880 5028 rex
1909 4993 2077 5041 meus,

489 5058 540 5101 et
572 5047 874 5104 benedicens
902 5069 1090 5109 nautea
1126 5065 1277 5110 tuum
1318 5061 1372 5111 in
1421 5063 1699 5131 siccatum,
1737 5075 1788 5118 et
1813 5066 1869 5118 in
1905 5083 2079 5120 secu-

489 5138 602 5211 tast
629 5142 815 5195 seculi
838 5131 890 5184 ’ῗ
909 5143 1048 5200 Ecce
1077 5147 1181 5202 tria
1207 5151 1405 5206 saecula
1433 5151 1485 5206 in
1520 5156 1819 5212 centesimo
1838 5159 2079 5228 quadra-

489 5232 698 5298 gesimo
737 5243 935 5302 quarto
972 5239 1206 5306 psalmo.
1250 5239 1354 5298 Sed
1385 5252 1441 5300 et
1476 5245 1530 5304 in
1568 5247 1637 5301 iis
1677 5265 1798 5316 quae
1818 5249 2078 5307 dicuntur

491 5333 521 5371 a
550 5333 834 5374 sacrorum
866 5324 1150 5390 ministris,
1180 5326 1290 5383 Deo
1317 5333 1619 5401 gratiarum
1652 5339 1920 5393 actionem
1950 5339 2078 5396 olfe-

491 5414 760 5475 rentibus,
785 5427 838 5469 et
878 5415 1162 5486 imperium
1211 5423 1263 5475 in
1311 5426 1494 5480 omnia
1538 5428 1922 5497 tribuentibus,
1960 5437 2076 5491 haec

491 5503 723 5571 proferri
760 5507 1009 5581 audimus
1043 5527 1054 5561 :
1093 5509 1383 5578 Imperium
1405 5524 1455 5569 et
1479 5534 1714 5588 regnum,
1739 5531 1786 5574 ct
1811 5533 2070 5589 potestas.

561 5657 605 5689 "
644 5657 802 5714 Joan.
846 5677 942 5730 xu,
986 5666 1036 5718 l.
1113 5669 1158 5698 ’⁸
1200 5667 1387 5725 Matth.
1431 5688 1578 5739 xxw,
1620 5677 1671 5732 2.
1753 5679 1796 5710 ⁹⁹
1837 5680 1973 5741 Gen.
2023 5702 2059 5749 ι,

2231 5692 2244 5721 ¹
2291 5691 2434 5748 Psal.

567 5815 678 5885 (80)
733 5816 1272 5902 ᾉναὲυκλοῦτῖθαι,
1309 5827 1514 5902 rerum.
1557 5826 1685 5902 Leg.
1726 5833 2068 5889 ἀνακυκλόῦ-

494 5883 774 5947 «eum».
803 5889 981 5957 πάλιν,
1014 5895 1091 5946 vel
1123 5883 2022 5969 ἀνακύκλουμένην,⁹πάλινξ

1531 407 1591 464 S.
1631 404 1937 462 CAESARI!
1971 400 2316 461 GREGORII
2366 401 2674 460 FRATRIS

3667 404 3810 468 I000

2206 519 2466 590 γελιστής
2495 536 2662 588 φησιν
2685 533 2698 547 ·
2725 518 2847 586 Πρὸ
2882 516 2953 583 ἐξ
2986 515 3228 589 ἡμερῶν
3249 517 3356 573 τοῦ
3370 518 3591 594 Mala
3616 518 3810 593 ἦλθεν

2199 614 2235 665 ό
2279 611 2514 681 Ἰησοῦς
2540 613 2628 677 είς
2645 611 2972 679 Βηθανίαν.
2997 611 3172 675 Αὐτὸς
3192 608 3576 682 δὲθεητορῶν,
3605 615 3774 686 φησίν
3789 633 3806 647 ·

2202 703 2439 768 Οιὸατε,
2484 704 2575 757 ὅτι
2617 705 2768 773 μετὰ
2812 702 2922 758 δύο
2954 705 3184 773 ’ἡμέρας
3213 704 3282 758 τὸ
3313 703 3530 776 Πάσχα
3551 709 3805 775 γίνεται.

2208 793 2299 859 Ὠς
2322 797 2392 850 τά
2419 795 2516 850 νῦν
2548 797 2607 851 ὲν
2637 795 2880 868 ἱστορίας
2914 795 3044 849 εῖδει
3082 789 3482 868 παραδοθέντα,
3509 801 3804 870 νομοθεσία

2198 889 2440 961 ὑπάρχει
2465 888 2603 961 πρὸς
2629 888 2699 943 τά
2725 888 2854 960 ἑξῆς
2876 907 2890 920 ο
2924 889 3036 942 Kal
3066 890 3342 961 ἐγένετο,
3372 893 3806 963 φησίν,ὲσπέρα

2194 983 2298 1038 καί
2336 982 2575 1054 ἐγένετο
2618 983 2801 1052 πρωῒ,
2834 981 3028 1052 ἡμέρα
3054 984 3194 1053 μία·
3230 984 3476 1057 δηλονότι
3510 990 3804 1057 προῦπαρο

2196 1075 2403 1148 χούσης
2436 1074 2537 1146 τῆς
2567 1075 2785 1146 ἡμέρας
2817 1074 3035 1144 ἐγένετο
3069 1074 3301 1148 ἑσπέρα,
3335 1077 3403 1130 ὲκ
3425 1076 3480 1129 δὲ
3513 1077 3805 1148 τῆςςὲσπέ-

2194 1184 2316 1240 ρας,
2349 1164 2467 1231 νὺξ,
2499 1168 2564 1220 ὲκ
2594 1165 2650 1218 δὲ
2680 1167 2779 1237 τῆς
2806 1165 3002 1230 νυκτὸς
3041 1165 3210 1236 πρωῒ,
3239 1164 3369 1220 ἔνθα
3399 1167 3739 1238 περατοῦται
3762 1167 3798 1240 ἠ

2197 1263 2298 1333 μία
2330 1263 2534 1334 ἡμέρα,
2587 1260 2676 1314 διὰ
2705 1261 2816 1314 τῶν
2859 1261 3139 1332 τεττάρων
3179 1260 3275 1314 καὶ
3301 1260 3474 1314 εἰκοσι
3696 1261 3801 1331 τῆς

2197 1356 2329 1426 μιᾶς
2361 1354 2573 1426 ἡμέρας
2612 1354 2673 1406 τὸ
2701 1352 2866 1424 κῦρος
2893 1353 3112 1425 ἔχουσα,
3149 1353 3670 1424 συνυπακουομένης
3702 1352 3801 1424 δη-

2191 1447 2370 1500 λονότι
2401 1447 2496 1517 τῆς
2529 1445 2730 1509 νυκτὸς
2755 1448 2822 1517 τῇ
2857 1445 3040 1517 ἡμέρᾳ
3073 1444 3162 1498 διὰ
3194 1446 3303 1498 τῶν
3335 1447 3804 1516 εἰκοσιτεσσάρων

2190 1538 2371 1611 ὡρῶν.
2407 1538 2572 1590 Ὥστε
2601 1535 2698 1589 καὶ
2742 1536 2802 1588 ὲν
2828 1537 2950 1598 ταῖς
2975 1537 3209 1605 τροπαῖς
3237 1533 3334 1588 τοῦ
3365 1533 3522 1604 ἡλίου
3557 1533 3800 1604 συμϐαί-

2190 1647 2271 1683 νει
2323 1627 2531 1698 ταύτην
2569 1627 2788 1699 ἐκείνης
2840 1625 3195 1696 ὑπερϐαίνειν
3238 1628 3351 1689 τοῖς
3405 1625 3800 1695 διαστήμασιν.

2205 1719 2365 1773 Ἀλλὰ
2396 1719 2522 1772 τότε
2573 1717 2950 1789 ἀφωρισμένῳ
3001 1717 3180 1788 χρόνῳ
3229 1718 3329 1785 τῆς
3360 1715 3678 1787 ἰσημερίας,
3713 1713 3805 1767 δεῖ

2190 1811 2410 1875 πάντως
2436 1810 2747 1881 ἰσομοίρους
2768 1808 3060 1879 τυγχάνειν
3085 1809 3424 1878 ἀμφοτέρας,
3447 1807 3805 1877 ἀντισπωμέ-

2194 1921 2293 1966 νας
2313 1902 2450 1974 παρ’
2488 1901 2736 1972 ἀλλήλων
2764 1901 2827 1954 τὸ
2857 1901 3062 1954 λεῖπον.
3114 1900 3227 1953 Καὶ
3270 1901 3303 1971 ἡ
3334 1898 3431 1952 τοῦ
3469 1896 3704 1967 οὐρανοῦ
3737 1896 3801 1950 δὲ

2193 1991 2318 2061 ὄψις
2344 1991 2440 2044 ἐπὶ
2472 1990 2570 2061 τὴν
2595 1989 2766 2060 αὐτὴν
2793 1990 2960 2043 πάλιν
2986 1986 3457 2052 ἀποκατάστασιν,
3483 1986 3584 2058 μία
3612 1986 3805 2057 ἡμέρα

2193 2082 2420 2146 εἰκότως
2469 2081 3164 2152 προσαγορεύεται··ὂπερ
3204 2080 3298 2133 καὶ
3328 2079 3422 2131 ἐπὶ
3465 2078 3565 2149 τῆς
3597 2076 3804 2148 χέρσου

2191 2173 2441 2242 γίνεσθαι
2465 2173 2730 2243 πέφυκεν,
2757 2175 2821 2226 ὲκ
2846 2172 2950 2243 τῆς
2989 2173 3162 2243 αὐτῆς
3193 2171 3529 2243 ἀνθοφορίας
3577 2169 3672 2224 ἐπὶ
3697 2170 3803 2243 τὴν

2189 2265 2384 2337 αὐτὴν,
2404 2265 2648 2320 ἐνιαυτὸν
2666 2263 3055 2336 ὀνομάζεσθαι.
3076 2265 3242 2318 ’Ὥστε
3260 2258 3355 2316 οὗν
3374 2256 3568 2326 ὁσάκις
3586 2262 3804 2335 ἑσπέρα

2193 2357 2286 2409 καὶ
2321 2354 2470 2427 πρωῒ
2507 2356 2650 2410 κατὰ
2696 2355 2797 2428 τὴν
2827 2354 2920 2409 τοῦ
2960 2344 3113 2426 ἡλίου
3142 2355 3395 2427 περίοδον
3421 2352 3802 2424 ἐπιλαμϐάνει

2191 2446 2284 2500 τὸν
2317 2447 2547 2518 κόσμον,
2587 2450 2663 2519 μὴ
2689 2451 2746 2503 ὲν
2775 2449 2983 2509 πλείονι
3013 2446 3214 2518 καιρῷ,
3248 2447 3451 2501 ἀλλ”ὲν
3489 2448 3622 2518 μιᾶς
3658 2445 3802 2516 ἡμέ-

2194 2555 2293 2606 ρας
2350 2523 2685 2609 διαστήματι
2726 2539 3089 2611 σημαίνεσθαι
3138 2539 3201 2593 τὺ
3235 2537 3668 2610 ἡμερονύκτιον,
3702 2537 3804 2593 καὶ

2186 2627 2288 2698 τὴν
2313 2630 2485 2700 αὐτὴν
2513 2631 2625 2684 τῶν
2666 2633 2978 2702 φωστήρων
3008 2631 3460 2685 ἀποκατάστασιν
3481 2648 3494 2662 ·
3525 2632 3559 2702 ἢ
3593 2629 3804 2701 μᾶλλον

2191 2718 2272 2791 [ἢ]
2303 2719 2642 2792 κυριώτερός
2669 2739 2759 2791 μοι
2791 2719 2939 2775 δοκεῖ
2983 2724 3012 2775 ὀ
3058 2723 3116 2775 ὲν
3148 2723 3483 2795 ἀπορρήτοις
3507 2721 3802 2792 παραδιδό-

2191 2825 2381 2878 μενοςο
2421 2811 2507 2864 ὅτι
2556 2814 2584 2864 ὁ
2636 2812 2736 2882 τὴν
2775 2812 2869 2866 τοῦ
2917 2812 3112 2883 χρόνου
3162 2813 3326 2882 φύσιν
3377 2810 3800 2875 κατασκευάσας

2186 2899 2339 2962 Θεὸς,
2377 2901 2552 2971 μέτρα
2580 2901 2729 2972 αύτῷ
2758 2905 2849 2955 καὶ
2882 2907 3085 2974 σημεῖα
3112 2905 3182 2958 τά
3213 2903 3323 2956 τῶν
3371 2904 3596 2976 ἡμερῶν
3633 2902 3800 2969 ἔταξε

2184 2988 2564 3060 διαστήματα·
2627 2993 2722 3044 καὶ
2761 2991 3020 3062 ὲῦδομάδι
3055 2993 3220 3047 αὐτὸν
3263 2996 3650 3066 ὲκμετρήσας,
3702 2995 3802 3048 ἀεὶ

2184 3076 2285 3150 τὴν
2320 3080 2593 3151 ἑϐδομάδα
2626 3083 2706 3144 εἰς
2738 3083 2939 3154 ἑαυτὴν
2971 3084 3414 3138 ἀνακυκλοῦσθαι
3449 3085 3681 3149 κελεύει,
3704 3086 3802 3152 ἐξ-

2184 3170 2439 3241 αριομῶν
2477 3171 2571 3224 τοῦ
2613 3173 2809 3243 χρόνου
2854 3173 2953 3244 τὴν
2979 3174 3197 3244 κίνησιν
3223 3192 3237 3206 ο
3292 3176 3394 3246 τὴν
3429 3175 3702 3246 ἑϐδομάδα
3736 3177 3801 3230 δὲ

2188 3264 2270 3326 εἰς
2295 3263 2493 3334 ἑαυτὴν
2523 3264 2986 3332 ἀνακυκλοῦσθαι,
3023 3268 3188 3322 πάλιν
3211 3269 3325 3340 (80)
3355 3270 3667 3342 ἐκπληροῦν
3688 3269 3804 3342 τὴν

2189 3355 2318 3425 μίαν
2339 3357 2578 3429 ἡμέραν,
2607 3358 2837 3422 ἑπτάκις
2868 3360 3038 3432 αὐτὴν
3077 3362 3156 3424 εἰς
3194 3362 3394 3434 ἑαυτὴν
3416 3363 3803 3435 ἀναστρέφου-

2186 3464 2305 3502 σαν.
2342 3448 2515 3503 Τοῦτο
2541 3449 2599 3503 δὲ
2640 3451 2904 3508 κυκλικὸν
2947 3453 3184 3524 ὑπάρχει
3229 3455 3437 3526 σχῆμα,
3470 3457 3566 3524 ἀφ’
3595 3456 3802 3512 ἑαυτοῦ

2184 3535 2480 3607 ἄρχεσθαι,
2532 3539 2628 3593 καὶ
2662 3543 2744 3604 είς
2784 3543 2953 3596 ἑαυτὸ
2985 3545 3321 3615 καταλήγειν
3354 3561 3368 3575 ο
3407 3545 3436 3598 δ
3467 3546 3534 3617 δὴ
3567 3547 3661 3600 καί
3691 3547 3801 3600 τοῦ

2184 3630 2382 3692 αἰῶνος
2430 3631 2594 3697 τδιον,
2643 3633 2739 3687 καὶ
2786 3636 2867 3698 είς
2908 3636 3107 3690 ἑαυτὸν
3136 3637 3500 3709 ἀναστρέφειν
3533 3640 3802 3710 μηδαμοῦ

2186 3719 2610 3791 περατούμενον.
2645 3723 2738 3776 Διὸ
2762 3723 2862 3795 τὴν
2888 3725 3135 3796 κεφαλὴν
3158 3725 3254 3779 τοῦ
3293 3727 3512 3798 χρόνου,
3547 3729 3606 3781 οὺ
3638 3729 3803 3801 πρώ-

2185 3828 2283 3884 την
2317 3814 2562 3886 ἡμερσῖδν,
2593 3815 2732 3870 ἀλλά
2755 3817 2889 3886 μίαν
2913 3816 3219 3888 ὠνόμασεν,
3243 3819 3392 3884 ὅπως
3420 3824 3486 3892 τῇ
3518 3810 3804 3893 προσηίγο-

2187 3903 2281 3976 ρίᾳ
2309 3904 2371 3957 τὸ
2416 3907 2678 3975 συγγενὲς
2713 3906 2813 3978 ἔχῃ
2860 3907 2999 3978 πρὸς
3037 3909 3130 3962 τὸν
3162 3909 3357 3962 αἰῶνα.
3409 3910 3515 3964 Τοῦ
3551 3910 3659 3981 γάρ
3686 3929 3801 3983 μο-

2186 3991 2351 4064 ναχοῦ
2391 3994 2486 4050 καὶ
2519 3995 2891 4068 ἀκοινωνήτου
2936 3995 3074 4067 πρὸς
3106 3997 3298 4069 ἕτερον
3335 3999 3427 4052 τὸν
3459 4001 3802 4072 χαρακτῆρα

2184 4083 2462 4154 δεικνῦσα,
2498 4085 2722 4164 οἰκείως
2747 4087 2844 4141 καί⁵
2888 4089 3184 4161 προσφυῶς
3207 4091 3627 4163 προσηγορεύθη
3659 4095 3798 4164 μία,

2183 4175 2324 4245 αὐτὴ
2354 4177 2413 4228 ὲν
2440 4161 2623 4249 ἑαυτῆ
2648 4177 2739 4232 διὰ
2769 4180 2971 4246 παντὸς
2997 4181 3194 4246 αἰῶνος
3224 4161 3679 4254 ἀνακυκλουμέντι
3700 4186 3796 4257 εις

2185 4266 2403 4336 ἑαυτήν.

2734 4500 2984 4554 uersis
3031 4503 3194 4571 qu”.

2264 4629 2374 4680 Καὶ
2413 4629 2532 4693 πῶς
2581 4633 2614 4702 ἡ
2659 4633 2851 4705 Ιραφὴ
2893 4636 3127 4701 πολλοὺς
3165 4638 3367 4703 αἰῶνας
3416 4641 3794 4712 ἐμφαίνουσα,

2187 4716 2336 4785 λέγει
2377 4721 2581 4786 αἰῶνας
2615 4723 2863 4787 αἰώνωνς
2899 4730 2991 4781 καὶ
3028 4730 3194 4783 Δαϐὶδ
3233 4732 3372 4802 πρὸς
3416 4733 3494 4803 τῷ
3522 4734 3664 4788 τέλει
3686 4737 3796 4792 τοῦ

2183 4810 2403 4882 ψαλμοῦ
2429 4831 2591 4884 φησιν
2607 4833 2620 4846 ³
2671 4817 3190 4901 Ἐξομολογεξσθαι
3214 4823 3326 4894 (81)
3349 4826 3431 4891 τῷ
3453 4829 3645 4894 Κυρίῳ
3672 4831 3797 4885 τοῦ

2183 4901 2471 4978 ορρανοῦ,
2522 4903 2611 4982 ὅτε
2661 4909 2752 4974 εὶς
2801 4907 3034 4978 πάντας
3065 4912 3210 4981 τοὺς
3241 4915 3465 4982 αἰῶνας
3499 4916 3565 4969 τὸ
3609 4919 3797 4987 ἕλεος

2183 4992 2414 5058 αὑτοῦ;
2455 4995 2548 5048 καὶ
2581 4998 2746 5052 πάλιν
2771 5001 2799 5053 ό
2841 5001 3036 5066 αὐτός·
3074 5002 3330 5074 ’Υψώσω
3356 5023 3455 5073 σε,
3491 5012 3527 5063 ὁ
3568 5011 3716 5077 Θεὸς
3757 5017 3797 5068 ό

2182 5080 2488 5149 ,βασιλεὺς
2521 5103 2661 5155 μου,
2701 5089 2801 5142 καὶ
2848 5092 3168 5162 εὐλογήσω
3207 5095 3276 5149 τὸ
3318 5096 3509 5168 ὄνομά
3534 5116 3653 5154 σου
3691 5104 3797 5170 είς

2187 5171 2296 5225 τὸν
2333 5174 2542 5242 αἰῶνα,
2578 5180 2677 5233 καὶ
2709 5183 2798 5248 εἰς
2826 5183 2935 5236 τὸν
2976 5185 3165 5259 αιιῖξνα
3195 5187 3304 5243 τοῦ
3341 5189 3594 5258 αἱῶνος;
3647 5192 3794 5250 Ἰδοὺ

2185 5267 2336 5359 τρεῖς
2359 5269 2555 5334 αἰῶνες
2587 5272 2643 5324 ὲν
2669 5273 2745 5344 τῷ
2782 5275 3061 5349 ἑκατοστῷ
3083 5282 3510 5354 τεσσαρακοστῷ
3531 5283 3795 5359 τετάρτῳ

2183 5356 2406 5452 ialm}.
2448 5359 2612 5416 Ἀλλά
2636 5365 2727 5418 καὶ
2753 5366 2861 5420 τῶν
2885 5370 3035 5438 παρά
3056 5370 3166 5424 τῶν
3193 5373 3384 5445 ἱερέων
3405 5373 3676 5447 ἀκούομεν

2182 5445 2304 5516 Θεῷ
2340 5448 2694 5522 εὐχαριστίαν
2729 5456 3134 5529 ἀναφερόντων,
3176 5464 3274 5516 καὶ
3302 5463 3362 5518 τὸ
3403 5445 3602 5536 κράτος
3636 5445 3791 5524 κατά

2186 5537 2406 5592 πάντων
2436 5542 2842 5614 ἀπονεμύντων,
2873 5549 2963 5601 ὅτε
2998 5551 3164 5618 φασί·
3206 5551 3278 5606 Τὸ
3323 5554 3562 5623 κράτος,
3602 5558 3706 5612 καὶ
3745 5557 3789 5626 ἠ

2471 5709 2671 5765 cxxxv,
2711 5698 2802 5753 26.
2884 5703 2904 5732 ¹
2945 5700 3087 5757 Psal.
3134 5719 3315 5772 cxuv,
3362 5705 3414 5760 1.

2249 5846 2358 5917 (8i)
2407 5849 2947 5920 Ἐξομολογεῖσθαι.
2980 5855 3107 5930 Leg.
3135 5845 3571 5938 ἐξομολογεῖσθε.
3605 5860 3687 5918 In.
