4032 6312
209 504 508 578 βασιλεία.
538 503 640 559 καὶ
663 501 702 573 ἡ
732 502 1005 572 δύναμις,
1031 501 1129 556 καί
1158 503 1197 570 ἡ
1226 500 1377 566 δόξα
1405 500 1513 556 τοῦ
1535 503 1787 571 Πατρὸς,

213 600 307 656 καὶ
336 594 442 651 τοῦ
488 594 648 658 Υἱοῦ,
681 593 781 649 καὶ
813 593 919 648 τοῦ
949 593 1125 663 ἁγίου
1156 589 1521 662 Har-stipatae,
1549 594 1668 648 νῦν
1694 594 1793 649 καὶ

212 691 318 757 ἀεὶ,
345 689 442 745 καί
466 691 555 757 εις
579 688 723 754 τοὺς
749 685 969 753 αὶῶνας
999 684 1121 739 τῶν
1144 685 1396 742 αἰώνων.
1434 685 1640 757 Ἀμήν.

824 776 1186 845 Ἀπόκρισις.

288 870 425 925 Ἀλλ’
452 872 554 924 οὐκ
586 869 651 922 ἐκ
672 868 893 922 »τούτων
909 868 1141 934 πολλοὺς
1167 868 1369 933 αίῶνας
1388 864 1641 941 ἀριθμεῖν
1668 887 1795 924 παι-

208 963 497 1039 δευόμεθα,
533 962 672 1017 ἀλλά
702 962 797 1015 καὶ
831 960 1087 1031 ἀμείψεις
1124 961 1465 1032 πραγμάτων
1495 962 1590 1015 καὶ
1621 960 1799 1016 καταέ

210 1056 464 1117 στάσεων,
497 1055 561 1106 οὐ
592 1042 946 1124 πέμγραφάς
980 1052 1037 1105 δὲ
1077 1053 1172 1105 καὶ
1196 1053 1433 1125 πέρατα,
1471 1053 1505 1123 ἢ
1544 1052 1791 1124 διαδοχὰς

207 1152 429 1208 αίώνων.
481 1150 694 1221 Ἡμέρα
716 1151 823 1221 γάρ
844 1150 1069 1217 Κυρίου
1085 1149 1320 1229 μεγάλη
1346 1150 1445 1203 καὶ
1469 1150 1790 1219 ἐπιφανὴς,

206 1244 362 1314 φησὶν
400 1245 428 1297 ὁ
478 1242 770 1313 προφήτης
789 1256 804 1271 ο
853 1242 949 1293 καὶ¹
979 1240 1163 1306 πάλιν,
1196 1242 1319 1295 Ἵνα
1346 1242 1406 1295 τί
1427 1236 1571 1311 ὑμῖν
1599 1240 1794 1310 ζητεῖν

206 1334 312 1405 τὴν
351 1333 593 1402 ἡμέραν
626 1331 882 1400 Κυρίους
916 1332 1016 1385 καὶ
1070 1332 1221 1401 αὕτη
1267 1333 1514 1398 σκότος,
1565 1332 1665 1386 καὶ
1720 1333 1792 1386 οὐ

204 1428 323 1498 φῶς
341 1446 353 1459 α
388 1428 581 1489 σκότος
602 1424 847 1496 δηλονότι
870 1427 982 1486 τοῖς
1001 1424 1190 1489 ἀξίοις,
1223 1426 1346 1479 ἐπεὶ
1376 1425 1677 1497 ἀνέσπερον
1698 1424 1792 1477 καὶ

203 1518 474 1587 ἀδιάδοχον
514 1516 617 1586 τὴν
642 1515 859 1585 ἡμέραν
896 1514 1115 1582 ἐκείνην
1154 1510 1294 1567 οἶδεν
1317 1517 1345 1567 ὁ
1371 1514 1531 1581 λόγος
1557 1528 1570 1542 ⁸
1599 1514 1666 1583 ἢν
1699 1515 1791 1567 καὶ¹

202 1611 386 1681 ὀγδόην
427 1611 455 1660 ὁ
481 1609 592 1661 τῶν
635 1607 797 1659 θείων
835 1606 1073 1691 μελειδὸς
1103 1606 1573 1676 προσηγόρευσεν,
1612 1604 1791 1673 ’Υπὲρ

200 1701 304 1771 τῆς
334 1702 556 1772 ὀγδόης
599 1687 954 1770 ἐπισημάναξ
988 1687 1103 1751 ’τῶν
1148 1698 1343 1751 ἑαυτοῦ
1370 1697 1602 1769 ψαλμῶν
1629 1697 1786 1771 (81‘).

200 1796 380 1867 ἕτερον
419 1795 500 1857 δὲ,
536 1796 753 1865 γραφῇ,
798 1793 981 1861 ’Υπὲρ
1009 1792 1532 1860 κληρονομούσης,
1560 1791 1636 1854 ὼς
1664 1791 1787 1845 ταύ-

196 1906 292 1959 της
324 1889 421 1941 καὶ
471 1888 644 1957 μόνης
682 1886 782 1948 τὰς
824 1885 1018 1948 λοιπὰς
1050 1883 1497 1956 κληρονομούσης
1543 1884 1779 1961 ⁴ἡμέρας,

194 1981 302 2042 τοῖς
352 1981 689 2048 ἀπεράντοις
735 1977 832 2031 καὶ
878 1978 1145 2047 ἀτμήτοις
1195 1976 1570 2046 διαστήμασι,
1634 1975 1695 2029 τὸ
1725 1976 1781 2027 δὲ

194 2065 333 2119 κατά
378 2068 603 2119 πάντων
637 2065 806 2135 κῦρος
849 2060 1289 2135 ἀναδησαμένης,
1328 2066 1417 2118 διὰ
1457 2065 1517 2117 τὸ
1550 2065 1783 2137 ὑπερτε-

197 2154 303 2220 ρείν
349 2153 446 2205 καὶ
497 2152 619 2217 ἔξω·
638 2152 879 2206 κεῖσθαι-
899 2153 994 2206 τοῦ
1043 2153 1410 2224 ἑϐδοματικοῦ
1468 2152 1652 2207 τούτου
1684 2153 1781 2206 κύ-

189 2241 336 2298 κλου.
376 2244 545 2297 Ὥστε
582 2244 689 2298 κᾶν
717 2245 931 2316 ἡμέραν
982 2247 1160 2317 φήσω,
1203 2246 1306 2300 κᾶν
1330 2246 1525 2310 αἰῶνα,
1554 2246 1653 2318 τὴν
1683 2246 1781 2300 αὐ-

188 2335 284 2405 τήν
330 2353 477 2406 φημι
525 2334 759 2390 ἔννοιαν.
793 2338 920 2391 Είτε
965 2341 1077 2411 γὰρ
1108 2338 1292 2410 ἡμέρα
1331 2339 1439 2408 εἴη,
1479 2338 1577 2408 μία
1604 2337 1778 2402 ἔσται,

188 2427 280 2480 καὶ
308 2427 368 2481 οὐ
401 2428 635 2481 πολλαί·
666 2429 777 2481 εἴτε
810 2428 946 2484 αίὼν
977 2430 1405 2501 προσαγορεύων
1447 2429 1583 2500 (82),
1615 2441 1782 2501 μονα-

185 2521 274 2590 χδς
305 2520 371 2573 ἂν
400 2520 487 2591 εἴη
527 2520 623 2575 καὶ
662 2521 987 2593 ἀπέραντος.
1026 2522 1173 2595 Πρὸς
1208 2523 1303 2593 τὴν
1340 2520 1640 2593 μέλλουσαν
1684 2517 1780 2577 οὖν

184 2612 325 2684 ζωὴν
359 2613 582 2680 ἀνάγων
622 2612 783 2683 ἡμῶν
814 2612 914 2685 τὴν
958 2613 1189 2679 ἔννοιαν,
1241 2615 1371 2686 μίαν
1419 2614 1627 2687 ἔγραψε
1679 2614 1779 2687 τὴν

184 2703 360 2756 εἰκόνα
388 2702 487 2755 τοῦ
538 2703 741 2767 παντὸς
786 2703 983 2767 αίῶνος
1016 2705 1222 2774 Μωσῆς
1249 2707 1277 2758 ὁ
1304 2706 1649 2776 ἱεροφάντης,
1679 2706 1777 2778 τὴν

182 2795 435 2867 ἀπαρχὴν
462 2794 574 2853 τῶν
602 2795 851 2867 ἡμερῶν,
891 2796 991 2867 τὴν
1032 2797 1272 2868 ὁμήλικα
1310 2797 1407 2850 τοῦ
1454 2796 1650 2867 φωτὸς,
1678 2797 1776 2869 τὴν

182 2881 328 2937 θείαν
376 2886 475 2938 καὶ
524 2884 732 2956 σεπτὴν
776 2886 1091 2959 Κυριακὴν,
1128 2889 1228 2961 τὴν
1259 2890 1324 2961 τῇ
1358 2889 1773 2943 ἀναστάσειτοῦ

180 2975 380 3049 Κυρίου
414 2994 615 3049 τετιμςη
622 2978 815 3051 μένην.

764 3271 1015 3325 ΠΕΥΣΙΣ
1047 3273 1195 3327 PIZ'.

253 3358 478 3433 Ἐπειδὴ
506 3359 729 3430 λέγουσί
748 3379 896 3428 τινες
918 3363 1223 3429 ὲπαοιδίαις
1249 3368 1344 3421 καὶ
1370 3374 1648 3443 γοητείαις
1673 3375 1773 3445 τὴν

178 3450 405 3525 σελήνην
432 3452 1105 3527 κατάγεσθαι-οὐρανόθεν
1128 3474 1142 3490 ·
1168 3462 1263 3514 καὶ
1295 3463 1357 3516 τὸ
1393 3466 1648 3522 πλεῖστον
1676 3470 1773 3540 μέ-

178 3558 265 3615 ρος
291 3545 393 3615 τῆς
414 3544 849 3618 ἀνθρωπότητος,
868 3550 936 3619 τῇ
969 3549 1129 3621 φήμῃ
1153 3550 1331 3626 ταύτῃ
1357 3558 1654 3641 κρατηθέν,
1687 3559 1770 3613 σί-

173 3633 332 3707 δηρον
361 3637 462 3689 καὶ
495 3636 698 3707 χαλκὸν
726 3637 1045 3709 κρούοντες,
1073 3640 1269 3715 ὥσπερ
1297 3646 1356 3697 ἐν
1399 3633 1653 3702 ἐκστάσει
1679 3667 1771 3719 γε-

173 3727 401 3799 νομένην
429 3728 510 3800 τῷ
537 3728 679 3801 ἡχῴ,
702 3730 806 3801 τῆς
836 3730 1047 3803 πλάνης
1069 3733 1239 3806 αὐτὴν
1283 3737 1656 3807 ὲπανάγεσθαι
1685 3760 1771 3796 νο·-

174 3818 445 3890 μίζουσιν.

782 3915 1143 3985 Ἀπόκρισις.

233 4000 415 4057 Μῦθοί
459 4020 606 4067 τινες
647 4004 1049 4074 καταγέλαστοι
1092 4008 1198 4061 ὑπὸ
1233 4012 1423 4082 γραῶν
1452 4014 1763 4081 κωθωνιζο-

172 4094 344 4162 μένων
397 4095 580 4168 πάντη
631 4097 948 4170 διεδόθησαν
988 4102 1498 4176 παραληρούμενοι,
1546 4126 1764 4179 μαγγα-

168 4186 331 4251 νείαις
353 4188 471 4241 τισὶ
497 4188 601 4257 τῆς
632 4190 845 4254 οἰκείας
869 4191 1036 4263 ἕδρας
1056 4196 1459 4263 ἀποκινεῖσθαι,
1500 4202 1596 4254 καὶ
1625 4203 1763 4272 πρὸς

166 4281 266 4350 γῆν
304 4279 481 4351 αὐτὴν
515 4272 801 4352 φέρεσθαι,
851 4284 947 4337 καὶ
973 4283 1364 4356 ψηλαφῶθαι·
1409 4290 1546 4364 ὅπερ
1578 4292 1762 4364 πάσης

165 4369 385 4438 ἀλογίας
409 4370 506 4423 καὶ
530 4370 631 4440 τῆς
652 4371 894 4455 ἐσχάτης
919 4375 1184 4441 ἀπονοίας
1212 4364 1461 4451 ὗπάρχον
1495 4400 1587 4453 μοι
1610 4383 1762 4447 δοκεῖ

164 4465 249 4519 τὸν
271 4465 419 4520 θεῖον
445 4466 895 4538 παρακρούεσθαι
926 4469 1185 4542 μελῳδὸν,
1212 4474 1431 4546 ᾅδοντα·
1450 4482 1753 4551 Σελήνην,

148 4553 1091 4629 καὶάστέραςᾶσὺὲθεμελίωσας.
1146 4564 1308 4629 Ποῖος
1350 4566 1409 4619 δὲ
1448 4568 1552 4641 ἄρα
1589 4571 1752 4636 τόπος

164 4647 648 4703 κατασπασθεῖσαν
683 4651 856 4724 αὐτὴν
894 4653 1221 4722 ὑπεδέξατος
1265 4651 1367 4721 Ἧς
1403 4658 1472 4712 δι’
1501 4663 1751 4734 ἀμυδράς

166 4741 373 4805 είκόνος
407 4739 679 4806 ἀποδείξω
706 4743 768 4797 τὸ
805 4744 1036 4815 μέγεθος
1072 4749 1186 4811 τοῖς
1226 4750 1653 4817 είκαιοὸούλοις·
1685 4755 1753 4809 Αἱ

160 4834 297 4886 κατά
337 4833 441 4906 τὴν
486 4833 818 4907 οἰκουμένην
866 4836 1052 4901 πόλεις
1098 4838 1351 4894 πλεῖστον
1391 4841 1636 4915 ἀλλήλων
1673 4844 1753 4898 δι-

162 4926 397 4980 εστῶσαι
417 4928 540 4991 ταῖς
564 4927 706 4981 κατὰ
725 4928 826 4999 τὴν
850 4927 991 4999 ἑῴαν
1015 4931 1297 5002 κειμέναις
1318 4934 1412 4987 καὶ
1426 4935 1525 5007 τὴν
1590 4939 1752 4993 ἑσπέ-

164 5035 279 5089 ραν,
306 5020 403 5073 καὶ
418 5019 697 5089 διαφόροις
710 5020 810 5090 τῆς
826 5020 1022 5092 χέρσου
1042 5025 1405 5095 ριιμοτομίαις
1422 5029 1522 5083 καὶ
1532 5029 1745 5100 ὄχθαις,

162 5112 456 5185 ίσομοίρως
514 5114 688 5166 πᾶσαι
733 5113 796 5167 τὸ
821 5114 1140 5186 ,σεληνιαῖον
1187 5118 1305 5187 φῶς
1368 5121 1743 5193 ὑποδέχονται,

155 5202 292 5273 ὅπερ
318 5208 435 5268 τοῖς
458 5204 781 5276 ἀρτίφροσιν
811 5205 999 5260 ἱκανὸν
1030 5208 1233 5275 πάσαις
1275 5212 1446 5282 αὐτὴν
1484 5216 1744 5287 ἀντιπρό-

156 5311 332 5350 σωπον
363 5297 459 5351 καὶ
498 5297 855 5369 ὑπερμεγέθη
883 5298 1192 5370 τυγχάνειν.
1233 5304 1297 5355 Ei
1327 5303 1403 5375 μὴ
1426 5306 1540 5375 ’γὰρ
1568 5306 1742 5371 οὕτως

151 5384 237 5462 ἦν,
275 5391 498 5455 πάντως
525 5390 592 5445 ἂν
618 5380 746 5457 τοὺς
773 5394 860 5446 ἐπ’
895 5393 1116 5459 εὐθείας
1148 5398 1490 5467 κατεφὼτισε
1518 5398 1738 5469 μόνους,

151 5486 259 5548 τοίς
281 5484 339 5538 δὲ
364 5484 426 5538 τὸ
463 5480 624 5555 εὖρος
647 5486 819 5556 αὐτῆς
852 5486 1287 5558 ὑπερπίπτουσιν
1315 5491 1735 5562 ὲγκεκλιμέναις

1587 388 1941 449 DIALOGUS

2007 390 2098 447 ιιι.
3341 399 3482 457 1002

1898 513 1947 558 et
1974 503 2146 573 gloria
2189 498 2395 572 Patris,
2417 514 2467 560 et
2490 505 2639 573 Filii,
2666 522 2713 565 et
2741 508 2972 578 Spiritus
3027 511 3218 575 sancti,
3257 528 3395 568 nunc
3428 521 3483 568 et

1898 611 2120 664 semper,
2149 606 2198 651 et
2224 596 2278 649 in
2309 596 2507 651 saecula
2537 598 2872 653 seculorum.
2906 605 3093 655 Amen.

2539 774 2853 846 Responsio.

1968 868 2038 921 At
2064 867 2278 923 existis
2302 883 2407 922 non
2444 868 2715 924 docemur'
2735 870 2902 925 multa
2934 886 3227 930 numerare
3257 874 3482 942 saecula,

1897 960 1992 1017 sed
2021 972 2074 1015 et
2104 962 2436 1017 mutationes
2470 979 2653 1019 rerum
2701 972 2756 1018 et
2794 973 3054 1031 statuum,
3092 983 3197 1023 non
3241 968 3485 1024 circum-

1896 1050 2225 1121 scriptiones
2245 1060 2300 1108 et
2322 1052 2588 1109 terminos
2606 1066 2701 1108 aut
2728 1055 3107 1111 successiones
3126 1058 3483 1116 sicculorum.

1895 1141 2022 1197 Dies
2047 1145 2193 1199 enim
2246 1144 2465 1198 Domini
2508 1161 2732 1216 magnus
2764 1157 2815 1202 et
2837 1149 3103 1217 illustris,
3144 1150 3322 1221 inquit
3353 1168 3482 1222 prn-

1894 1239 2053 1308 pheta
2086 1240 2128 1294 ⁸.
2161 1241 2227 1294 Et
2255 1240 2491 1296 iterum:
2530 1242 2599 1294 At
2638 1243 2766 1311 quid
2815 1243 2961 1298 vobis
2998 1247 3212 1313 prodest
3247 1261 3485 1316 quwrere

1894 1331 2037 1384 diem
2065 1331 2324 1387 Domini?
2350 1333 2511 1388 etiam
2540 1335 2659 1403 ipsa
2682 1336 2783 1388 erit
2813 1336 3005 1407 caligo,
3038 1354 3142 1391 non
3176 1337 3272 1391 lux
3304 1340 3346 1393 ⁸.
3380 1340 3486 1395 Ca-

1893 1419 2002 1491 ligo
2027 1421 2238 1475 scilicet
2267 1422 2337 1477 iis
2370 1423 2463 1493 qui
2500 1425 2580 1478 sic
2623 1436 2932 1492 merentur,
2974 1429 3244 1498 siquidem
3277 1432 3487 1500 absque

1891 1530 2119 1584 vespere
2168 1530 2234 1571 ac
2282 1517 2634 1586 successione
2682 1518 2825 1573 diem
2879 1520 3022 1574 illam
3084 1520 3200 1577 fore
3250 1522 3481 1590 scimus,

1893 1623 2059 1678 quam
2089 1618 2144 1664 et
2165 1618 2412 1665 octavam
2448 1610 2759 1667 divinorum
2807 1614 3115 1670 carminum
3154 1624 3354 1671 auctor
3381 1632 3483 1687 ap-

1892 1700 2114 1769 pellavit
2152 1719 2165 1756 :
2206 1699 2317 1755 Pro
2374 1712 2561 1758 octava
2610 1707 2849 1771 psalmos
2899 1723 3029 1762 suos
3079 1707 3391 1765 inscribens
3434 1711 3480 1765 ‘.

1891 1795 2074 1849 Alium
2111 1796 2238 1849 item
2286 1797 2561 1865 psalmum
2595 1798 2843 1855 inscribit
2873 1819 2887 1855 :
2933 1799 3042 1854 Pro
3069 1818 3133 1856 ea
3165 1819 3283 1873 qua:
3312 1788 3483 1858 inere-

1892 1884 2111 1939 ditatem
2143 1887 2339 1957 accipit
2369 1887 2390 1919 ⁸
2425 1906 2437 1941 :
2483 1890 2642 1958 quasi
2687 1893 2801 1946 haec
2843 1893 2956 1947 sola
2996 1888 3331 1963 reliquarum
3362 1894 3481 1951 die-

1891 1994 2013 2031 rum
2044 1980 2113 2033 sit
2145 1980 2339 2047 haeres,
2368 1980 2505 2052 'per.
2532 1983 2737 2039 inﬁnita
2778 1993 2834 2040 et
2876 1986 3117 2056 expertia
3170 1988 3477 2045 sectionum

1892 2068 2126 2123 ullarum
2153 2064 2329 2140 spatia
2358 2085 2677 2128 cunctarum
2708 2091 2893 2130 rerum
2921 2076 3153 2147 imperio
3178 2080 3429 2135 redimita
3459 2102 3473 2137 :

1891 2177 2176 2232 pr0pterea
2202 2166 2355 2236 quod
2391 2169 2641 2235 superior
2673 2170 2766 2237 sit,
2810 2180 2864 2225 et
2908 2182 3059 2227 extra
3109 2176 3478 2243 septenarium

1890 2254 2038 2309 hunc
2061 2256 2341 2312 circulum
2359 2259 2556 2328 posita.
2583 2261 2951 2328 Quamobrem
2982 2265 3099 2320 sive
3118 2266 3260 2320 diem
3294 2268 3480 2338 appel-

1888 2345 2093 2413 lavero,
2127 2350 2242 2404 sive
2280 2353 2542 2405 szeculum
2572 2363 2626 2407 et
2654 2368 2829 2409 aevum
2880 2374 2893 2408 :
2941 2359 3131 2412 eodem
3183 2369 3480 2426 utrumque

1888 2439 2196 2508 proferetur
2238 2443 2536 2499 intellectu.
2586 2444 2714 2502 Sive
2762 2448 2908 2504 enim
2963 2450 3081 2506 dies
3136 2450 3318 2513 fuerit,
3368 2469 3477 2509 una

1882 2533 2012 2597 erit,
2044 2543 2099 2588 et
2128 2550 2237 2590 non
2273 2537 2493 2603 multae;
2541 2539 2658 2593 sive
2700 2542 2959 2596 saeculum
2997 2544 3319 2613 appelletur,
3354 2547 3479 2600 uni-

1886 2638 2013 2677 cum
2061 2627 2191 2694 quid
2248 2625 2433 2694 fuerit,
2481 2639 2533 2684 et
2580 2631 2788 2703 absque
2818 2634 3075 2703 termino.
3112 2639 3193 2693 Ad
3229 2638 3475 2695 futuram

1886 2715 2051 2783 igitur
2077 2720 2241 2772 vitam
2267 2722 2577 2779 Subducens
2621 2736 2869 2781 nostrum
2919 2728 3273 2797 intellectum,
3305 2748 3475 2788 unam

1885 2808 2027 2879 diem
2065 2809 2201 2864 dixit
2226 2813 2495 2881 interpres
2535 2814 2626 2870 ille
2652 2832 2833 2871 rerum
2863 2836 3152 2877 sacrarum
3183 2822 3381 2888 Moses,
3416 2834 3477 2879 ut

1885 2913 2007 2968 quae
2033 2900 2105 2954 sit
2140 2900 2321 2973 imago
2367 2905 2535 2961 totius
2574 2910 2916 2986 aeternitatis,
2954 2914 3210 2983 primitiae
3233 2917 3471 2986 dierum,

1884 3006 2083 3063 comva
2108 2992 2269 3057 lucis,
2321 2995 2502 3051 divina
2546 2984 2783 3071 denique
2812 3019 2862 3056 at
2918 3010 3221 3063 venerantia
3254 3010 3339 3065 illa
3366 3011 3474 3066 Do-

1884 3083 2107 3149 minica,
2141 3100 2264 3154 quae
2293 3089 2458 3142 etiam
2492 3105 2556 3144 ex
2600 3090 2817 3148 Domini
2863 3101 3263 3157 resurrectione
3295 3103 3473 3159 hono-

1884 3190 2000 3231 rem
2032 3179 2363 3248 peculiarem
2399 3193 2484 3237 est
2513 3197 2828 3243 consecuta.

2287 3273 2812 3337 INTERROGATIO
2849 3283 3062 3341 CXVII.

1946 3365 2233 3433 Quomodo
2282 3371 2472 3426 dicunt
2534 3373 2724 3444 aliqui.
2765 3376 3189 3438 incantamentis
3230 3392 3285 3438 et
3314 3398 3472 3453 'prae-

1874 3457 2049 3528 stigiis
2098 3459 2285 3514 lunam
2327 3463 2468 3517 caelo
2509 3464 2764 3520 detrahi?
2802 3467 3039 3525 Maxima
3073 3482 3221 3529 certe
3250 3482 3467 3547 generis

1874 3548 2100 3603 humani
2131 3564 2261 3620 pars
2288 3550 2455 3622 hujus
2489 3554 2566 3608 rei
2610 3554 2757 3611 fama
2790 3562 3036 3630 persuasi
3087 3575 3141 3618 et
3185 3572 3462 3639 occupati,

1870 3638 2079 3697 ferrum
2109 3652 2165 3698 et
2195 3661 2269 3701 aes
2295 3646 2587 3715 pulsando,
2634 3657 2898 3722 tanquam
2932 3670 2962 3711 e
2992 3666 3261 3725 potestate
3280 3677 3466 3735 egres-

1870 3747 1987 3788 sam
2013 3750 2111 3807 per
2136 3739 2429 3809 strepitum
2457 3740 2528 3796 ab
2556 3756 2745 3800 errore
2775 3745 2997 3803 liberari
3027 3759 3241 3821 putant.

2514 3920 2828 3993 Responsio.

1936 3998 2158 4057 Fabulae
2182 4006 2431 4075 quaedam
2468 4010 2713 4071 ridiculae
2757 4017 2826 4072 ab
2868 4018 3102 4077 aniculis
3133 4027 3461 4084 somnianti-

1863 4095 1967 4153 bus
1999 4099 2199 4171 ubiquc
2232 4096 2605 4165 disseminata:
2633 4122 2781 4180 sunt,
2808 4130 3043 4186 quarum
3072 4120 3323 4178 delirium
3348 4136 3454 4193 est,

1863 4187 2185 4261 imposturis
2209 4197 2537 4266 quibusdam
2570 4206 2793 4273 propria
2829 4207 2960 4265 sede
2998 4210 3184 4266 lunam
3223 4219 3452 4286 moveri,

1859 4292 1915 4337 et
1937 4285 2004 4339 ad
2053 4288 2227 4357 ipsam
2275 4300 2479 4348 terram
2540 4295 2669 4351 ferri
2717 4308 2771 4353 et
2820 4306 3167 4361 contrectari.
3210 4307 3264 4364 id
3304 4314 3454 4382 quod

1856 4378 2039 4433 omnis
2094 4381 2452 4442 absurditatis
2501 4397 2555 4443 et
2602 4400 2860 4449 extremae
2906 4396 3195 4457 dementia:
3226 4378 3450 4473 plenum

1857 4466 2099 4524 refutare
2125 4473 2280 4540 mihi,
2309 4475 2620 4534 divinorum
2667 4481 2759 4537 ille
2797 4488 3106 4544 carminum
3136 4466 3330 4549 auctor
3365 4498 3452 4551 vi-

1860 4559 2042 4626 detur,
2078 4578 2203 4619 cum
2246 4567 2395 4621 canit
2426 4582 2441 4621 :
2481 4568 2691 4625 Lunam
2733 4585 2783 4629 et
2825 4577 3011 4633 stellas
3042 4591 3101 4635 tu
3130 4582 3443 4651 fundasti".

1861 4650 2050 4719 Qualis
2091 4666 2274 4712 autem
2317 4658 2490 4729 locus,
2540 4678 2747 4734 quaeso,
2794 4668 3094 4727 detractam
3136 4650 3311 4745 ipsam
3344 4694 3450 4734 un-

1856 4760 2022 4843 quam
2051 4751 2478 4843 excepiticujus
2512 4757 2641 4811 exili
2688 4751 2922 4829 quada'm
2962 4766 3201 4837 imagine
3232 4774 3447 4843 magni-

1856 4836 2101 4891 tudinem
2144 4842 2300 4897 vanis
2338 4838 2447 4900 illis
2493 4849 2809 4906 hominibus
2846 4836 3260 4917 demonstrabo.
3310 4836 3471 4931 ῥυπ-

1854 4940 1952 4995 per
1998 4928 2185 4984 orbem
2232 4940 2503 4989 terrarum
2556 4950 2685 4993 sunt
2730 4942 2916 5012 urbes,
2972 4946 3266 5016 plurimum
3313 4928 3351 5007 ιι
3382 4969 3445 5010 se

1846 5016 2087 5075 invicem
2112 5024 2412 5081 secundum
2454 5029 2777 5088 orientalem
2807 5044 2861 5092 et
2899 5040 3293 5117 occidentalem
3326 5046 3443 5115 pla-

1855 5127 1978 5182 gam
2028 5114 2237 5172 dissita:
2284 5129 2434 5184 sunt,
2482 5136 2547 5178 ac
2587 5124 2816 5182 diversis
2849 5124 3057 5186 viarum
3104 5114 3442 5195 sectionibus

1850 5206 2125 5279 editisque
2190 5211 2324 5268 locis
2387 5208 2668 5286 sejunctie.
2739 5219 3105 5281 Nihilominus
3154 5233 3443 5303 aequaliter

1850 5315 2040 5357 omnes
2073 5303 2263 5359 lunare
2308 5305 2493 5361 lum'en
2534 5312 2863 5381 suscipiunt.
2913 5314 2969 5369 Id
3014 5319 3160 5387 quod
3199 5322 3442 5378 cordatis

1850 5393 2070 5457 sufﬁcit,
2099 5398 2359 5453 omnibus
2390 5400 2565 5469 ipsam
2614 5404 2846 5460 urbibus
2885 5408 3197 5476 obversam,
3234 5422 3289 5469 et
3321 5416 3440 5471 exi-

1848 5486 1972 5539 mite
2003 5488 2391 5557 magnitudinis
2435 5508 2575 5546 esse.
2629 5492 2743 5549 Nisi
2795 5499 2942 5553 enim
2990 5500 3071 5556 sic
3116 5516 3436 5575 comparata

151 5578 363 5647 αὐγαῖς,
388 5577 478 5632 διά
517 5577 628 5631 τῶν
676 5578 928 5648 πλαγίων
968 5580 1345 5652 παραθέουσα,
1396 5584 1733 5657 προσέϐαλεν

1881 5595 1932 5634 es
1958 5578 2121 5646 foret,
2175 5583 2399 5639 omnino
2441 5598 2536 5640 eos
2590 5586 2888 5645 illustraret
2930 5593 3103 5662 solos,
3145 5598 3241 5667 qui
3286 5613 3435 5656 reeta

217 5713 238 5745 ³
270 5712 392 5772 Joel
431 5731 494 5781 ιι,
538 5715 561 5770 ι
604 5730 713 5773 sec.
756 5715 922 5774 LXX.
998 5718 1020 5749 "
1057 5718 1223 5777 Amos
1264 5738 1318 5788 v,
1371 5723 1461 5778 l8.
1541 5725 1562 5757 '
1602 5724 1744 5780 Psal.

1907 5724 1963 5788 i;
1999 5738 2074 5784 ιι.
2116 5723 2167 5775 1.
2248 5724 2267 5753 ⁸
2307 5708 2453 5777 Ρειιι.
2491 5740 2545 5790 v,
2588 5726 2639 5781 l.
2717 5729 2737 5758 ⁷
2778 5727 2921 5785 Psal.
2963 5746 3084 5799 νιιῐ,
3127 5732 3181 5787 4.

218 5847 354 5921 (81⁸)
398 5850 523 5907 Τῶν
551 5897 574 5914 ,
595 5894 610 5908 .
643 5891 657 5905 .
1010 5857 1165 5913 Anne
1204 5859 1296 5912 τὸν
1325 5897 1340 5913 .
1373 5896 1388 5912 .
1424 5898 1439 5913 .
1470 5857 1723 5930 ψαλμὸνῖ

150 5914 301 5976 ΕΜ.
506 6017 781 6088 Panos.
841 6024 961 6089 GI.
1012 6020 1354 6087 XXXVIII.

1905 5857 2020 5946 (εἳ)
2060 5862 2218 5946 ᾼὶὼν
2244 5870 2728 5940 προσαγορεύων.
2762 5865 2914 5924 Fort.
2951 5869 3127 5927 αἰῶνα
3157 5888 3434 5946 προσαγοε

3035 6034 3116 6098 32

1836 5928 2037 6000 ρεύσω.
2061 5932 2139 5987 Ib.
