4032 6312
546 339 696 395 4003

552 451 658 522 ipsi
696 457 1099 519 Opponerentur
1134 470 1146 504 :
1188 450 1281 519 qui
1324 465 1451 505 vero
1491 454 1555 507 ad
1602 455 1744 511 latus
1794 457 2122 519 siti'essent.

554 560 649 599 eos
681 543 957 598 inclinatis
1009 546 1393 613 depressisque
1440 546 1611 603 radiis
1651 549 1873 619 oblique
1909 560 2132 620 praster-

553 649 781 690 currens
827 642 1032 688 tantum
1079 636 1385 705 attingeret.
1434 635 1551 693 Non
1605 641 1789 696 minus
1832 643 1976 696 enim
2028 644 2134 699 alia

553 727 768 781 ratione
803 726 992 780 eadem
1040 726 1107 781 de
1161 728 1264 782 hac
1320 728 1765 786 deelarabuntur.
1815 730 1875 787 Si
1915 735 2135 804 quando

552 817 722 887 igitur
754 816 822 870 ab
851 818 1068 872 excelso
1116 820 1318 875 montis
1362 823 1567 876 vertice
1615 838 1868 893 campum
1914 828 2133 895 conspi-

552 923 705 963 ceres
727 910 998 980 ingentem
1024 919 1080 965 et
1098 911 1340 981 planum,
1369 926 1610 982 quantae,
1629 915 1881 981 obsecro,
1917 919 2132 988 magni-

540 1000 758 1057 tudinis
802 1016 921 1056 esse
971 1002 1069 1056 tibi
1117 1004 1428 1058 viderentur
1477 1005 1642 1060 boum
1685 1007 1847 1077 juga?
1892 1020 2132 1079 quanta,

552 1092 834 1147 aratores?
900 1102 1156 1165 quantae,
1217 1096 1483 1152 bubulcus
1548 1098 1748 1168 aliquis
1802 1114 1926 1156 cum
1987 1103 2134 1158 mille

550 1184 715 1239 boum
769 1197 1038 1254 armento,
1071 1198 1167 1243 aut
1202 1190 1523 1245 innumerus
1574 1207 1845 1265 agnorum
1894 1210 2022 1266 grex
2064 1196 2133 1250 ad

551 1276 801 1346 paludem
848 1274 1077 1335 balans?
1126 1290 1366 1350 quantm,
1415 1280 1686 1339 ferociens
1727 1301 1993 1358 equorum
2039 1301 2133 1341 ar-

548 1380 815 1436 mentum,
850 1381 905 1426 et
936 1371 991 1426 in
1023 1374 1194 1443 pratis
1233 1374 1556 1430 exsultans?
1605 1378 1689 1432 An
1737 1393 1848 1433 non
1892 1377 1992 1433 tibi
2020 1377 2134 1433 for-

548 1461 706 1521 micis
740 1462 991 1519 exiliores
1014 1464 1370 1520 viderentur?
1397 1456 1563 1533 Quod
1588 1469 1634 1524 si
1659 1469 1823 1524 etiam
1854 1484 1886 1524 e
1910 1470 2131 1539 specula

545 1553 631 1608 vel
670 1554 853 1624 aliquo
898 1554 1037 1610 colle
1086 1556 1158 1610 ad
1204 1556 1605 1627 amplissimum
1641 1560 1865 1630 pelagus
1903 1575 2132 1616 conver-

546 1662 665 1710 sus,
714 1645 922 1702 deﬁxos
964 1646 1023 1700 in
1072 1660 1224 1702 mare
1277 1649 1469 1704 oculos
1531 1648 1853 1720 conjiceres,
1912 1661 2132 1721 quanta!

544 1737 641 1791 tibi
716 1736 1109 1806 magnitudinis
1184 1753 1305 1796 esse
1390 1741 1707 1796 viderentur
1785 1741 1978 1797 insulae
2044 1742 2129 1798 vel

542 1825 825 1879 maximae?
858 1836 1099 1895 quantae,
1138 1838 1361 1885 onerata
1403 1832 1673 1901 quaepiam
1721 1829 1952 1888 inﬁnitis
1981 1847 2128 1888 mer-

539 1917 700 1973 cibus
727 1917 882 1973 navis
914 1934 1039 1973 cum
1081 1919 1221 1974 albis
1244 1921 1400 1976 'velis
1426 1921 1661 1977 ceruleo
1700 1924 1914 1980 invecta
1951 1925 2130 1986 mari?

543 2010 625 2063 An
676 2024 787 2064 non
837 2002 1032 2080 quavis
1081 2010 1336 2067 columba
1396 2012 1682 2069 exiliorem
1740 2014 1838 2071 tibi
1886 2017 2127 2086 speciem

541 2117 935 2178 aspectumque
957 2110 1261 2174 exhiberet,
1305 2109 1429 2165 visu
1473 2110 1530 2166 in
1562 2125 1692 2167 aere
1730 2111 2041 2181 absumpto,
2073 2120 2129 2168 et

537 2207 895 2254 evanescentn
939 2200 1010 2253 ob
1065 2199 1432 2263 intervallum,
1474 2215 1585 2270 quo
1630 2201 1817 2257 minus
1867 2210 2128 2259 accurate

537 2284 711 2352 ipsam
746 2284 943 2340 oculus
984 2286 1460 2356 comprehendat?
1500 2286 1688 2343 Itidem
1742 2290 2022 2347 nonnullis
2064 2291 2125 2347 in

536 2378 671 2433 locis
701 2389 917 2435 montes
947 2388 1077 2434 sunt
1116 2378 1370 2444 maximi,
1420 2382 1515 2451 qui
1563 2368 1619 2437 in
1660 2381 2126 2453 profunditatibus

537 2472 855 2527 ambiuntur
893 2488 991 2542 per
1032 2473 1332 2538 convalles,
1367 2483 1422 2528 et
1454 2473 1780 2530 torrentium
1818 2478 1988 2532 alveis
2005 2478 2126 2533 cin-

534 2575 757 2635 guntur,
790 2564 856 2619 ad
886 2568 1119 2635 quorum
1147 2565 1477 2622 eminentias
1498 2566 1633 2623 levis
1656 2567 1951 2639 Iquusque
1975 2571 2125 2627 visus

536 2655 731 2720 fertur,
780 2667 835 2711 et
882 2657 1053 2713 solam
1096 2656 1314 2727 attingit
1357 2657 1702 2727 superﬁciem
1732 2699 1746 2723 ,
1786 2675 1906 2715 cum
1949 2660 2125 2716 inter-

529 2748 781 2826 iacentes
806 2748 1175 2803 colicavitates
1199 2758 1486 2818 penetrare
1524 2755 1579 2803 et
1606 2749 1876 2819 inspicere
1904 2763 2128 2823 propter

537 2840 962 2894 imbecillitatem
992 2847 1243 2911 nequeat.
1277 2838 1365 2894 An
1400 2855 1509 2895 non
1538 2839 1704 2896 etiam
1733 2842 2039 2912 quadratas,
2071 2852 2127 2900 et

537 2931 605 2986 ad
631 2932 803 2986 nubes
836 2930 1126 2985 altitudine
1162 2932 1537 3003 pertingentes
1572 2940 1777 2998 turres,
1815 2934 2051 2991 humiles
2071 2944 2127 2990 et

1633 341 1688 397 S.
1731 342 2027 398 CAESAR"
2057 341 2387 400 GBEGORII
2422 342 2723 399 FRATRIS

3682 345 3818 401 ίθῦδ

2236 457 2321 511 ἀν.
2362 456 2529 509 Οὐδὲν
2566 451 2738 528 ἦττον⁴
2774 452 2866 507 καὶ
2899 454 3102 524 ἑτέρως
3142 453 3211 508 τά
3244 454 3373 525 περὶ⁵
3414 453 3621 525 ταύτης
3648 472 3821 527 σαφη-

2236 549 2573 620 νισθήσεται.
2605 548 2805 600 Εἷποτε
2820 542 2916 599 οὖν
2949 546 3041 616 ἀφ’
3070 547 3283 618 ὑψηλῆς
3308 548 3623 620 ἀκρωρείας
3640 549 3823 603 πεδίον

2235 640 2448 694 ἐθεάσω
2483 638 2620 692 πολὺ
2667 638 2763 691 καὶ
2805 636 3025 704 ὕπτιον,
3070 636 3235 708 ἡλίκα
3276 638 3378 707 μέν
3418 655 3502 690 σοι
3539 640 3650 697 τῶν
3686 639 3821 710 βοιῖιν

2235 730 2519 801 κατεφάνη
2557 729 2627 782 τά
2661 727 2865 800 (stin;
2914 728 3137 799 πηλίκοι
3171 728 3229 781 δὲ
3263 731 3311 782 οἱ
3340 729 3631 801 ἀροτῆρες,
3664 732 3698 802 ἢ
3726 732 3823 784 σὺν

2234 823 2301 891 τῇ
2329 818 2590 892 χιλιόμϐῃ
2610 822 2637 872 ὁ
2656 817 2928 888 βουκόλος,
2951 819 2986 889 ἢ
3007 818 3069 871 τὸ
3097 836 3167 889 μυ
3176 819 3399 890 ρίαμνον
3432 818 3640 872 ἐπὶιτοῦ
3670 821 3824 883 ἕλους

2238 912 2608 983 βληχόμενον;
2636 910 2840 983 πηλίκη
2864 908 2923 962 δὲ
2942 909 3097 980 ήτῶν
3118 910 3303 964 τππων
3326 911 3495 981 ἀγέλη
3512 912 3820 980 γαυριῶσα,

2235 1006 2331 1060 καὶ
2358 1007 2452 1058 ἐπὶ
2480 1004 2589 1058 τῶν
2608 1002 2893 1074 λειμώνων
2927 1004 3267 1074 σκαίρουσας
3297 1007 3345 1056 εἰ
3373 1006 3447 1075 μή
3484 1021 3567 1057 σοι
3600 1007 3824 1074 μυρμή-

2234 1111 2348 1147 κων
2370 1093 2731 1165 ἀμυδρότεροι
2773 1092 2994 1159 ἔδοξαν;
3048 1093 3112 1145 Ei
3139 1092 3195 1146 δὲ
3226 1092 3319 1145 καὶ
3356 1094 3465 1147 ἀπὸ
3506 1096 3741 1157 σκοπιᾶς
3788 1093 3822 1164 ἢ

2233 1184 2511 1253 γεωλόφου
2532 1183 2679 1247 τινὸς
2698 1184 2792 1236 ἐπὶ
2812 1185 3074 1254 μέγιστον
3093 1184 3327 1253 πέλαγος
3339 1184 3735 1258 τετραμμένος,
3752 1185 3823 1254 τῇ

2236 1274 2474 1347 θαλάττῃ
2490 1274 2590 1339 τάς
2612 1275 2763 1345 ὄψεις
2780 1275 3067 1339 ὲπὲϐαλες,
3088 1275 3274 1348 ἡλίκαι
3298 1276 3463 1348 μέσαι
3481 1276 3616 1347 (82‘)
3637 1276 3824 1342 ἔδοξαν

2233 1369 2342 1423 τῶν
2368 1371 2549 1442 νήσων
2582 1371 2638 1423 αί
2689 1369 2974 1441 μέγισται;
3007 1369 3211 1441 πηλίκη
3241 1370 3299 1423 δέ
3343 1386 3427 1422 σοι
3476 1368 3668 1441 ὡράθη
3724 1368 3827 1438 μία

2231 1461 2342 1515 τῶν
2399 1461 2751 1534 μυριοιρόρων
2820 1461 3098 1524 ὁλκάδων,
3148 1461 3365 1525 λευκοῖς
3421 1461 3610 1524 ἱστίοις
3681 1460 3826 1531 ὑπὲρ

2235 1556 2442 1626 κυανῆς
2473 1555 2885 1626 ποντοποροῦσα
2912 1553 3221 1625 θαλάσσης;
3252 1556 3302 1608 εί
3342 1554 3417 1626 μὴ
3452 1556 3636 1625 πάσης
3666 1570 3829 1624 περιο

2236 1648 2434 1718 στερᾶς
2475 1646 2856 1718 ἀμυδροτέραν
2904 1664 2990 1700 σοι
3036 1646 3133 1718 τὴν
3182 1646 3425 1716 ἱστορίαν
3489 1644 3823 1714 παρέσχετο,

2237 1738 2700 1810 ὲνδαπανωμένης
2733 1738 2813 1811 τῷ
2837 1739 2963 1811 ἀέρι
2986 1738 3087 1809 τῆς
3118 1739 3314 1807 ὅψεως,
3349 1738 3444 1792 καὶ
3481 1734 3831 1808 ὲξιτηλουμέο

2237 1848 2336 1903 νης
2372 1830 2451 1901 τῷ
2482 1831 2844 1902 διαστήματι,
2880 1830 3024 1901 πρὸς
3064 1830 3162 1902 τὴν
3208 1829 3411 1902 ἀκριϐῆ
3456 1828 3824 1898 κατανόησιν;

2240 1919 2381 1991 Ἤδη
2414 1919 2473 1972 δέ
2517 1937 2621 1974 που
2663 1921 2760 1974 καὶ
2796 1919 2904 1973 τῶν
2933 1918 3105 1992 ὀρέων
3145 1919 3215 1973 τά
3268 1919 3523 1990 μέγιστα,
3578 1915 3826 1989 βαθείαις

2236 2014 2544 2087 ὲρῥιγμένα
2567 2014 2679 2087 (85)
2706 2014 2980 2087 φάραγξιν
3000 2015 3095 2068 καὶ
3121 2013 3425 2085 χαράδραις
3438 2012 3823 2084 περιφέρεταν

2234 2107 2333 2161 καὶ
2368 2105 2489 2160 λεια
2512 2107 2546 2178 η
2573 2105 2698 2177 ὄψις
2719 2106 3056 2171 ὑποτίθεται,
3086 2109 3209 2168 ταῖς
3235 2105 3448 2176 ἐξοχαῖς
3471 2106 3593 2175 ἦτοι
3619 2106 3829 2171 ἐπιφα-

2234 2196 2407 2261 νείαις
2432 2196 2850 2269 προσϐάλλουσα
2880 2198 3093 2268 μόναις,
3118 2202 3239 2261 ταῖς
3267 2196 3322 2250 δὲ
3353 2194 3556 2268 μεταξὺ
3578 2194 3832 2265 κοιλότη-

2235 2305 2321 2342 σιν
2351 2289 2592 2361 ἐμϐῆναι
2620 2290 2718 2344 καὶ
2750 2289 3049 2362 ὲναθρῆσαι
3074 2289 3142 2343 δι’
3178 2288 3399 2343 ἀτονίαν
3424 2286 3501 2358 μὴ
3521 2286 3829 2358 δυναμένη.

2233 2381 2309 2436 Οὐ
2357 2382 2416 2437 δὲ
2471 2382 2813 2454 τετράγωνοι
2875 2383 2973 2436 καὶ
3030 2383 3364 2454 νεφομήκεις
3406 2378 3517 2435 τῶν
3571 2378 3833 2451 πύργων,

2232 2472 2505 2544 χθαμαλοί
2529 2489 2592 2525 τε
2631 2473 2727 2527 καὶ
2777 2474 3042 2544 ὲμπερείς
3074 2472 3211 2544 (85‘)
3250 2469 3472 2526 δοκοῦσι
3499 2468 3715 2533 πολλοῖς
3745 2466 3829 2539 τῷ

2231 2565 2597 2636 διαστήματις
2632 2564 2795 2617 ’Ὥστε
2829 2565 2879 2617 εί
2908 2563 2985 2635 μὴ
3012 2561 3376 2635 παμμέγεθες
3404 2560 3618 2631 ὑπῆρχε
3640 2557 3702 2612 τὸ
3735 2575 3829 2612 σε·

2234 2655 2455 2729 ληναῖον
2482 2656 2665 2727 σῶμα,
2682 2657 2785 2710 οὐκ
2806 2656 2873 2709 ἂν
2901 2656 3103 2727 ὁμοίως
3130 2657 3267 2709 πᾶσι
3294 2653 3564 2710 πάντοθεν
3592 2652 3828 2724 ίσοφαὴς

2232 2750 2503 2819 ἐφαίνετο,
2523 2749 2627 2820 τῆς
2651 2749 2853 2820 χέρσου
2877 2748 3062 2820 πάσης
3085 2746 3163 2817 τῷ
3188 2744 3341 2818 εὔρει
3369 2744 3444 2816 μὴ
3462 2741 3827 2816 δευτεροῦσα,

2232 2841 2441 2912 ἐναργῆ
2486 2840 2603 2912 ἅμα
2645 2841 2742 2894 καὶ⁵
2786 2842 2903 2903 τοῖς
2935 2841 3128 2912 πόρρω
3159 2839 3363 2909 ταύτης
3401 2834 3828 2909 ποντοποροῦσι,

2228 2934 2327 2988 τοῦ
2366 2933 2632 3005 μεγέθους
2670 2932 2769 3004 τὴν
2812 2931 2937 3003 δψιν
2967 2931 3325 3005 παρεχομένη
3361 2932 3457 2985 καὶ
3478 2930 3828 2999 αὐγάζουσα.

536 3024 786 3077 rotunda:
807 3022 992 3078 multis
1009 3022 1263 3077 videntur
1292 3024 1505 3078 ratione
1545 3023 1852 3080 intervalli?
1881 3023 2119 3081 Proinde
2143 3025 2250 3081 nisi
2276 3026 2476 3082 eximie
2501 3040 2761 3095 magnum
2791 3023 2864 3080 sit
2890 3024 3083 3079 lunare
3106 3038 3330 3093 corpus,
3365 3038 3477 3079 non
3508 3038 3641 3079 sane
3662 3021 3827 3078 simi-

538 3115 663 3169 liter
690 3115 945 3169 omnibus
974 3104 1189 3184 ubique’
1206 3114 1373 3169 simili
1408 3114 1529 3169 luce
1556 3116 1989 3185 conspiceretur,
2019 3117 2379 3189 amplitudine
2400 3133 2507 3177 sua
2529 3117 2803 3172 universae
2828 3125 2988 3171 terrm
3021 3130 3131 3171 non
3158 3116 3379 3181 cedens,
3408 3114 3683 3185 simulque
3710 3131 3834 3171 ma-

540 3206 795 3264 nifestam
827 3215 882 3261 et
907 3206 993 3262 his
1017 3206 1110 3277 qui
1140 3208 1384 3276 procula
1409 3215 1556 3262 terra
1582 3207 1635 3261 in
1666 3208 1805 3265 mari
1831 3210 2108 3282 navigant,
2141 3211 2536 3285 magnitudinis
2558 3210 2799 3280 speciem
2829 3208 3103 3280 praebens,
3132 3218 3188 3264 et
3216 3207 3385 3264 radiis
3415 3208 3531 3264 suis
3559 3208 3777 3265 lucens.

930 3317 1455 3375 IN'I‘ERROGATIO
1494 3318 1733 3374 CXVIII.

605 3413 746 3481 Quid
780 3414 943 3485 igitur
974 3415 1079 3470 sibi
1103 3416 1238 3481 vult,
1268 3416 1417 3486 quod
1456 3417 1759 3486 sanguinea
1798 3417 1859 3473 Iit
1903 3418 2113 3491 aliquo-

538 3508 663 3572 ties,
699 3515 755 3563 et
792 3509 1037 3563 variatur
1071 3516 1237 3576 atque
1270 3507 1614 3577 dissipatur?

1167 3596 1478 3667 Responsio.

613 3693 876 3765 Equidem
936 3692 1042 3749 hoc
1101 3701 1323 3761 aspectu
1369 3699 1502 3762 puto
1558 3693 1781 3750 bellicas
1826 3693 2123 3752 eﬂusiones

541 3786 828 3857 sanguinis
884 3784 1205 3855 signiﬁcari,
1243 3795 1339 3838 aut
1376 3800 1471 3854 per
1501 3785 1917 3864 subvectionem
1958 3787 2123 3845 obfut-

540 3882 675 3935 scati
704 3895 734 3933 a
777 3887 920 3933 terra
975 3878 1117 3932 aeris
1169 3876 1445 3932 turbidam
1482 3878 1637 3934 reddi
1683 3879 1804 3951 ejus
1848 3881 2027 3936 lucem
2068 3890 2123 3937 et

538 3971 906 4041 splendorem,
940 3969 1248 4038 variarique
1268 3983 1365 4039 per
1394 3969 1677 4040 pulverem
1706 3971 1859 4028 hunc
1878 3972 2120 4044 speciem

534 4069 737 4138 ipsius,
769 4069 944 4121 donec
974 4075 1228 4136 provecta
1256 4067 1700 4136 pulverulentum
1732 4064 2121 4144 {uliginosum-

539 4168 647 4231 que
660 4161 851 4215 locum
892 4159 1130 4214 evaserit
1160 4176 1174 4212 :
1209 4160 1409 4228 partim
1432 4162 1579 4216 enim
1598 4162 1818 4234 pinguis
1849 4173 1905 4220 et
1927 4165 2119 4231 densa,

541 4253 735 4323 partim
772 4252 968 4307 adusta
1001 4261 1056 4307 et
1085 4251 1303 4308 cineres
1327 4260 1409 4308 est
1441 4260 1611 4317 terra,
1646 4256 1928 4312 nonnullis
1958 4258 2014 4313 in
2035 4258 2120 4313 lo-

542 4348 623 4402 cis
650 4346 887 4414 denique
912 4344 1155 4399 crassior
1186 4354 1244 4399 et
1274 4344 1494 4415 gravior
1531 4353 1637 4401 est.
1686 4345 1841 4403 Unde
1879 4349 2117 4418 videtur,

539 4436 764 4507 pulvere
794 4434 1189 4491 circumdatam
1237 4434 1422 4489 lunam
1453 4436 1679 4490 mutari.
1713 4436 1869 4507 Sapo
1900 4438 2118 4510 quidem

541 4531 657 4587 fieri
690 4530 960 4593 videmus,
991 4537 1051 4583 ut
1072 4528 1210 4582 fumi
1243 4528 1539 4592 exhalatio,
1591 4528 1674 4582 vel
1703 4530 1884 4598 pulvis
1913 4532 2118 4589 nimius

540 4622 747 4693 aliquid
780 4621 923 4691 apud
964 4634 1066 4675 nos
1096 4619 1373 4684 obseuret,
1430 4628 1487 4673 et
1530 4620 1765 4688 procella
1814 4621 1895 4676 vel
1925 4622 2119 4678 nebula

539 4716 747 4773 salares
794 4714 976 4768 radios
1025 4713 1259 4767 hebetet.
1306 4710 1401 4765 Vel
1448 4713 1628 4781 potius
1660 4728 1824 4768 causa
1867 4716 2114 4769 omnium

530 4816 621 4862 est
650 4804 1078 4867 evidentissima,
1105 4802 1249 4871 quod
1280 4816 1406 4856 cum
1430 4817 1587 4856 soror
1617 4803 1689 4857 sit
1716 4803 1866 4866 solis,
1889 4816 1943 4859 et
1969 4804 2119 4874 ejus-

536 4898 661 4953 dem
706 4895 900 4949 matris
938 4894 1229 4963 Sapientia!
1263 4891 1395 4956 illis,
1431 4905 1625 4960 nempe
1652 4890 1878 4956 Christi,
1902 4907 2010 4946 non
2041 4892 2119 4947 fe-

539 4999 627 5045 rat
685 5002 807 5058 quae
857 4984 1168 5041 inferuntur
1221 4984 1326 5054 ipsi
1377 4985 1446 5039 ab
1505 4985 1689 5056 impiis
1749 4985 2111 5052 contumelia,

535 5080 1001 5157 quemadmodum
1037 5087 1094 5134 et
1128 5079 1223 5133 sol
1255 5075 1400 5132 idem
1441 5077 1499 5131 in
1552 5091 1655 5133 suo
1698 5076 1898 5133 diurno
1945 5092 2113 5133 cursu

536 5173 934 5231 demonstravit
962 5169 1197 5240 caligine
1238 5168 1470 5238 puniens
1502 5183 1757 5222 vesanam
1796 5166 2111 5225 Judmorum

537 5275 595 5321 et
628 5264 800 5319 Deum
824 5272 1108 5318 uocantem
1142 5260 1490 5333 phalangem,
1514 5262 2000 5331 contractioneque
2026 5277 2115 5315 ra-

537 5357 760 5411 diorum
790 5352 1027 5425 fugiens,
1054 5368 1121 5408 ne
1147 5353 1421 5423 aspiceret
1448 5360 1748 5407 creatorem
1772 5369 1931 5408 suum
1971 5353 2118 5425 ligno

611 5465 752 5538 (ΒΨ)
785 5466 999 5519 Μέσαι.
1022 5462 1203 5538 Forte
1239 5464 1337 5536 μέν
1363 5478 1471 5538 σοι.
1492 5463 1649 5538 Emjr.

612 5534 742 5613 (85)_'
766 5535 1133 5607 Ἐρῤιγμένα.
1162 5534 1326 5591 Forte
1358 5536 1696 5607 ὲρῤηγμένα,
1724 5539 1805 5594 vel
1833 5538 2111 5610 ἐρρηγμέ-

541 5609 1129 5751 ναὶξςξῑέἷλΕμπερεῒς.
1170 5677 1751 5751 ᾼῖιηογὲμφερεῐςςλῐι).

614 5747 738 5824 (δι).
757 5747 1123 5824 Αλμδῤῥοῖᾳς.
1153 5749 1240 5804 AI.
1290 5747 1626 5824 αἱμορῤύαςη
1651 5747 1743 5803 Sic
1771 5750 1966 5824 et_sub
2002 5749 2110 5804 iui-

534 5820 681 5880 tiu'm
706 5820 1003 5892 sequentis
1040 5821 1370 5890 Interrogat.
1407 5820 1560 5889 ουκ,
1602 5820 1969 5892 ἀποφυτῶσαν
2009 5837 2109 5888 pro

2822 3326 3077 3381 ΠΕΥΣΙΣ
3103 3324 3263 3384 PIH'.

2301 3421 2368 3475 Τί
2408 3415 2502 3475 οῦν
2537 3419 2789 3491 βούλεται
2835 3420 2898 3476 τὸ
2948 3419 3188 3491 ὕφαιμον
3223 3417 3398 3490 αὐτὴν
3430 3416 3693 3481 πολλάκις
3731 3416 3834 3486 γί-

2228 3513 2436 3579 νεσθαι,
2477 3514 2574 3566 καὶ
2602 3510 2953 3566 ἀλλοιοῦσθαι
2987 3512 3081 3565 καὶ
3109 3507 3532 3583 σκορπίζεσθαις

2845 3601 3205 3669 Ἀπόκρισις.

2297 3692 2388 3764 Τῷ
2437 3695 2680 3765 σχήματι
2724 3691 2904 3762 τούτῳ
2938 3685 3116 3761 οἶμαι,
3153 3687 3460 3759 πολεμικάς
3492 3687 3832 3760 αίμορῤοῒας

2228 3785 2344 3857 (ϐό)
2378 3785 2769 3856 σημαίνεσθαι,
2809 3782 2953 3855 ἢτῷ
2993 3780 3390 3856 ἀναῤῥιπισμῷ
3436 3779 3534 3835 τοῦ
3574 3781 3687 3837 ἀπὸ
3712 3781 3830 3854 γῆς

2230 3875 2589 3949 αἱθαλομένου
2632 3874 2799 3949 ἀέρος
2842 3873 3225 3948 ἑπιθολοῦσθαι
3270 3874 3445 3945 αὐτῆς
3471 3874 3573 3946 τὴν
3609 3871 3826 3942 φαῦσιν

2224 3968 2320 4022 καὶ
2360 3966 2744 4040 λαμπρότητα,
2799 3967 2894 4021 καὶ⁵
2937 3960 3283 4020 ἀλλοιοῦσθαι
3314 3964 3394 4037 τῷ
3423 3965 3509 4037 χοτ
3539 3964 3638 4038 τὴν
3668 3965 3823 4036 δψιν,

2226 4059 2421 4133 μέχρις
2442 4059 2509 4115 ἂν
2528 4058 2910 4131 διιππεύουσα,
2942 4057 3049 4125 ἐξω
3077 4057 3174 4112 τοῦ
3197 4056 3425 4112 ὶκκόνου
3456 4056 3594 4129 (84')
3618 4058 3713 4112 καὶ
3732 4061 3825 4114 αι-

2224 4152 2493 4218 θαλώδους
2518 4154 2687 4209 τόπου
2712 4153 2963 4226 γένηται.
2992 4152 3076 4226 Πὴ
3104 4153 3205 4225 μὲν
3222 4153 3333 4226 γὰρ
3353 4153 3493 4208 πίων
3512 4153 3608 4209 καὶ
3630 4171 3822 4227 παχυ-

2223 4245 2379 4319 τέρα,
2432 4246 2511 4317 πὴ
2538 4246 2598 4301 δὲ
2643 4246 3048 4319 διακεκαυμένη
3092 4247 3189 4301 καὶ
3227 4245 3532 4319 τεφρώδης,
3576 4247 3816 4320 ἑτέρωθι

2221 4340 2281 4394 δὲ
2326 4339 2488 4412 ὑλικὴ
2537 4340 2633 4395 καὶ
2686 4339 2965 4413 βαρυτέρα
3004 4340 3039 4413 ὴ
3086 4341 3282 4413 χέρσος
3332 4341 3599 4410 πέφυκεν.
3647 4341 3823 4397 Ὅθεν

2221 4434 2372 4488 δοκεῖ
2403 4451 2515 4504 μοι,
2546 4433 2904 4505 κονιζομένην
2927 4434 3102 4506 αὐτὴν
3130 4433 3509 4490 ἀλλοιοῦσθαι·
3544 4433 3823 4499 πολλάκις

2223 4526 2303 4590 δὲ,
2338 4527 2433 4580 καὶ
2465 4526 2678 4581 καπνοῦ
2724 4525 3112 4599 ἀναθυμίασις,
3157 4526 3192 4598 ἢ
3226 4528 3379 4591 κόνις
3411 4525 3820 4593 πλεονάζουσα,

2221 4617 2283 4670 τὸ
2322 4619 2451 4689 παρ’
2479 4619 2614 4688 ἡμῖν
2642 4617 2968 4690 ἠμαύρωσε,
3018 4618 3114 4671 καὶ
3142 4618 3399 4687 καταιγὶς
3425 4617 3459 4688 ἢ
3484 4611 3692 4689 ὁμίχλη
3712 4618 3822 4683 τὰς

2226 4710 2459 4782 ἡλιακὰς
2496 4711 2724 4775 ἀκτῖνας
2757 4710 3053 4781 ἤμϐλυνεν.
3083 4712 3156 4764 Ἢ
3184 4710 3386 4782 μᾶλλον
3409 4709 3472 4764 τὸ
3501 4712 3631 4764 πᾶψ
3659 4712 3824 4783 ἔναρ-

2224 4805 2482 4873 γέστερον
2502 4817 2515 4830 ·
2556 4796 2690 4867 οἷον,
2717 4802 2955 4874 ἀδελφὴν
2982 4803 3354 4875 τυγχάνουσαν
3377 4801 3473 4857 τοῦ
3506 4802 3679 4873 ἡλίου,
3717 4804 3823 4857 καὶ

2222 4898 2323 4968 τῆς
2360 4894 2525 4949 αὑτοῦ
2565 4895 2770 4966 μητρὸς
2816 4896 2918 4968 τῆς
2954 4895 3180 4966 Σοφίας,
3213 4894 3475 4964 Χριστοῦ,
3511 4893 3587 4966 μὴ
3619 4894 3822 4966 φέρειν

2219 4984 2319 5047 τὰς
2344 4984 2423 5046 είς
2441 4981 2605 5036 αὐτὸν
2622 4981 2910 5054 δρωμένας
2934 4981 3040 5035 ὑπὸ
3073 4980 3184 5036 τῶν
3214 4980 3390 5034 ἀθέων
3418 4979 3608 5052 ὕϐρεις
3626 4997 3641 5011 ο
3668 4980 3821 5051 ὅπερ

2221 5077 2430 5139 ἐκεῖνος
2451 5074 2510 5129 ὲν
2537 5072 2617 5145 τῷ
2646 5075 2770 5127 κατ’
2800 5072 2965 5129 αὐτὸν
2987 5072 3233 5147 ἡμερινῷ
3251 5073 3441 5147 δρόμῳ
3467 5072 3814 5139 ἐπεδείξατο,

2226 5168 2403 5239 σκότῳ
2435 5166 2611 5221 παίων
2641 5166 2741 5239 τὴν
2776 5166 3057 5239 φρενίτιδα
3082 5168 3179 5221 καὶ
3201 5166 3497 5221 Θεοκτόνον
3535 5165 3819 5221 Ἰουδαίων

2226 5259 2499 5330 φάλαγγα,
2532 5260 2599 5329 τῇ
2633 5258 2863 5329 συστολῇ
2887 5256 2996 5311 τῶν
3020 5258 3253 5313 ἀκτίνων
3275 5258 3495 5327 φεύγων
3521 5256 3817 5330 ίστορῆσαι

2224 5353 2316 5406 τὸν
2357 5350 2505 5422 σφῶν
2536 5350 2765 5423 ποιητὴν
2794 5349 2937 5422 ξύλῳ
2966 5350 3372 5425 καθηλούμενον
3408 5351 3486 5423 τῷ
3517 5350 3814 5424 προσλήμ-

2221 5466 2715 5537 ἀωφοιτῶσαν-ει
2761 5466 2996 5537 solemni
3041 5467 3447 5537 permutatione
3472 5485 3523 5521 οι
3555 5475 3612 5523 et
3653 5485 3711 5533 υ,
3746 5486 3814 5528 ιιι

2223 5534 2458 5621 advertit
2486 5535 2793 5621 Cotelerius
2825 5534 3071 5621 Monum}
3106 5534 3254 5621 licet.
3274 5535 3374 5621 Gr,
3399 5547 3538 5593 tom.
3571 5538 3641 5603 Il,
3665 5554 3809 5621 pag.

2220 5609 2346 5672 558,
2372 5608 2661 5681 permultis
2685 5606 2908 5681 inlianc
2938 5607 3272 5681 sententiam
3293 5617 3540 5665 veterum
3565 5606 3809 5681 scripto-

2221 5696 2340 5735 rum
2373 5677 2518 5733 locis
2552 5678 2608 5731 in
2639 5677 2882 5734 medium
2908 5677 3181 5734 adductis.

2217 5820 2259 5878 Ε
2291 5749 2425 5822 (84“)
2475 5749 2788 5807 Ἐκκόγου.
2844 5745 3013 5807 Forte
3072 5748 3336 5819 ἐγκύνου,
3373 5749 3804 5821 pulverulentus.

2263 5838 2375 5877 Dl’l’.

2263 5838 2375 5877 DI'I.
