4032 6312
140 407 275 461 £005

140 538 298 591 ματι,
362 524 460 576 καὶ
507 522 695 595 δόρατι
744 524 1139 595 ἀμυσσόμενον.
1203 526 1372 578 Τοῦτό
1425 542 1514 596 μοι
1561 527 1708 578 δοκεῖ

142 613 379 682 ὁρᾶσθαι
398 613 507 671 ὑπὸ
534 615 636 685 τῆς
670 616 949 684 φαίνακος,
970 617 1062 669 τὸν
1087 616 1311 685 ἀδελφὸν
1346 618 1706 688 μιμουμένης,

135 706 195 755 ἐν
226 705 308 776 τῷ
329 708 451 760 κατ’
484 707 657 777 αὐτῆς
693 708 952 778 νυκτιαίῳ
976 707 1182 781 δρόμῳ,
1212 708 1321 760 τῶν
1354 710 1447 761 ἐπὶ
1476 708 1716 779 τύμϐους

137 794 234 847 καὶ
255 793 479 865 βωμοὺς
504 796 949 866 αὐτομολούντων
965 798 1193 868 γοήτων,
1215 798 1313 851 καῖ
1334 797 1441 850 τῶν
1464 799 1582 851 ἐκεῖ
1602 798 1714 851 τολ-

143 888 419 955 μωμένων
445 889 771 957 μιαιφονιῶν
795 890 889 943 καὶ
920 889 1352 958 παιδοσφαγιῶν,
1384 892 1478 943 καὶ⁵
1510 889 1714 957 σπλάγο

136 994 284 1047 χνων
331 978 549 1032 οἰκείων
579 980 927 1051 κατατομῶν,
950 976 1025 1035 ὧν
1055 983 1148 1034 ἐπὶ
1172 982 1278 1034 τῶν
1312 981 1720 1053 ήπάτωνκσπαι-

139 1066 345 1136 ρόντων
391 1069 441 1120 οἱ
487 1070 760 1139 μιαιφόνοι
790 1069 870 1141 τῷ
908 1069 1102 1140 αἵματι
1141 1070 1473 1142 χραίνονται.
1523 1066 1624 1123 Ὧν
1654 1072 1716 1123 τὸ

136 1155 299 1210 ἄθεον
328 1157 554 1222 είκότως
586 1157 944 1228 ὲκτραγῳδῶν
967 1157 1131 1211 Δαὸὶδ
1160 1159 1188 1210 ὁ
1219 1157 1712 1226 θεσπέσιος,φησί·

138 1247 251 1300 Καὶ
280 1247 513 1301 ἔθυσαν
538 1248 681 1313 τοὺς
708 1248 877 1314 υἱοὺς
900 1247 1098 1302 αὐτῶν
1120 1249 1222 1302 καὶ
1255 1249 1362 1313 τὰς
1393 1248 1719 1318 θυγατέρας

139 1338 345 1392 αὐτῶν
378 1339 502 1405 τοῖς
538 1340 889 1410 δαιμονίοις,
920 1341 1017 1393 καί
1052 1340 1303 1409 ἐξέχεαν
1332 1338 1473 1409 αἷμα
1500 1339 1713 1403 ἀθῶον,

137 1425 289 1499 αἷμα
314 1429 463 1484 υἱῶν
490 1431 690 1486 αὐτῶν
716 1433 814 1486 καὶ
848 1432 1183 1501 θυγατέρων
1213 1428 1299 1487 ὧν
1328 1434 1558 1486 ἔθυσαν
1593 1433 1718 1497 τοῖς

139 1521 437 1590 γλυπτοῖς
465 1522 711 1591 Χαναὰν
730 1538 743 1553 ’
774 1522 871 1574 καὶ
905 1523 1023 1593 μεθ’
1055 1522 1219 1593 ἕτερα
1254 1522 1344 1574 τὸν
1375 1521 1585 1591 ἀμητὺν
1615 1522 1716 1574 αὑ-

137 1614 255 1674 τοῖς
293 1612 405 1664 τῶν
460 1614 675 1667 οἰκείων
725 1603 1052 1685 σπερμάτων
1097 1614 1260 1685 φησί·
1308 1614 1419 1667 Καὶ
1458 1614 1717 1683 ὠργίσθη

140 1701 311 1770 θυμῷ
334 1703 549 1770 Κύριος
566 1703 665 1772 ἐπὶ
690 1679 963 1757 td;
987 1679 1195 1765 αὐτού,
1231 1702 1328 1756 καὶ
1356 1679 1719 1767 ἐϐδεᾷύξατὸ

137 1790 260 1859 τὴν
294 1796 701 1862 κληρονομίαν
742 1792 947 1848 αὐτοῦ.
996 1793 1151 1847 Ἐπεὶ
1174 1788 1266 1847 οὖν
1297 1793 1389 1847 καί⁵
1428 1791 1533 1846 -νῢν
1571 1793 1722 1848 πλεῖ-

142 1900 262 1936 στοι
288 1884 372 1953 τῷ
410 1884 708 1955 Ἐλληνικῷ
738 1885 887 1957 ζόφῳ
930 1885 1390 1955 ἐπισκοτούμενον..
1419 1885 1514 1938 καὶ
1561 1884 1720 1953 λελη..

140 1976 320 2037 θότως
350 1979 417 2047 τῇ
464 1981 759 2049 προγονικῇ
795 1978 972 2051 πλάνῃ
1028 1977 1450 2041 ὑποκύπτοντες,
1505 1978 1598 2030 καὶ
1652 1979 1719 2048 τῇ

140 2069 318 2124 πάλαι
345 2069 452 2123 τῶν
479 2069 755 2140 λογισμῶν
790 2072 1094 2143 μιαιφονίᾳ,
1115 2070 1208 2125 ἐπὶ
1234 2070 1548 2140 γεωλόφοις,
1574 2070 1607 2140 ἢ
1630 2070 1723 2122 καὶ

137 2158 398 2229 τύμϐοις,
440 2160 476 2231 ἢ
529 2160 776 2232 μνήμασι
816 2160 1019 2225 νύκτας
1074 2161 1186 2233 (85)
1238 2160 1720 2232 ἀποσχολάζοντες,

139 2252 401 2315 κνίσσαις
443 2251 538 2305 καί⁵
580 2252 777 2322 αἵμασι
826 2254 949 2325 τοὺς
998 2253 1258 2323 δαίμονας
1306 2253 1721 2325 θεραπεύοντες,

136 2342 287 2396 οἴκοι
316 2342 671 2414 ποτνιώμενοι
688 2346 772 2415 ἐφ’
800 2339 881 2409 οἷς
910 2363 1000 2416 κρμ.
1033 2387 1046 2401 .
1068 2387 1083 2401 .
1105 2386 1119 2399 .
1146 2387 1160 2399 .
1183 2336 1396 2416 ,μέντοι
1424 2344 1723 2414 καθιεμένη

141 2436 182 2505 ἠ
210 2434 415 2504 φαίναξ
438 2435 611 2507 αὐτὴν
641 2435 858 2508 ίλυγγιᾷ
873 2437 969 2491 καὶ
993 2440 1221 2508 πτήσσει
1238 2437 1331 2491 καὶ
1349 2436 1724 2505 συγκαλύπτε-

139 2545 263 2591 ται,
295 2528 373 2598 τῷ
408 2529 561 2598 νέφει
606 2528 922 2595 ὲνδύνουσα,
965 2529 1059 2583 καὶ
1099 2528 1406 2593 ἀπαξιοῢσα
1445 2528 1725 2585 ἐπιϐαλεῖν

140 2620 264 2680 τοῖς
317 2614 556 2683 ἀναξίοις
602 2618 664 2673 τὸ
708 2620 864 2688 φάος,
908 2622 1029 2673 κατ’
1076 2604 1260 2674 εἰκόνα
1304 2608 1399 2673 τόῢ
1457 2619 1721 2688 ἀδελφοῢο

142 2708 343 2782 ὥσπερ
382 2710 444 2775 ἐξ
493 2710 803 2781 ἀπόπτουῆ
852 2712 1163 2783 ἀκρωρείας
1191 2710 1483 2782 οὐρανόθεν
1525 2714 1592 2783 τῇ
1638 2702 1728 2765 ἀλ-

141 2801 365 2868 λοιώσει
408 2800 705 2863 ἐπιϐοῶσα,
732 2795 833 2863 ,καλ
866 2803 1042 2874 σκότῳ
1073 2803 1313 2858 παίουσα
1343 2803 1438 2858 καὶ
1465 2804 1724 2875 εἴργουσα

143 2893 277 2956 τοὺς
309 2892 628 2965 μιαιφόνους
651 2892 746 2947 τοῦ
779 2892 939 2948 ἀθέου
963 2893 1266 2964 δράματος.

724 3081 973 3135 ΠΕΥΣΙΣ
1004 3082 1149 3135 ΡῙΘ’.

220 3186 287 3238 Ei
333 3186 434 3240 ούκ
489 3186 740 3256 ἀνόμοιος
772 3188 801 3240 ὁ
832 3187 961 3251 Υἱὸς
990 3186 1083 3240 τοῦ
1120 3181 1254 3241 Θεοῦ
1282 3188 1359 3259 τῷ
1398 3190 1576 3262 Πατρὶ
1628 3195 1723 3245 καί¹

145 3276 294 3347 Θεῷ.
328 3277 442 3330 ἀλλ’
499 3276 613 3341 ἴσος
654 3277 797 3331 κατὰ
830 3278 1008 3335 πάντα
1045 3280 1140 3332 καὶ
1171 3280 1451 3352 ὁμότιμος,
1499 3284 1723 3353 καὶτῆς

146 3370 323 3440 αὐτῆς
347 3368 589 3439 φύσεως,
628 3369 745 3433 πῶς
772 3370 933 3434 αὐτὸς
961 3370 1130 3439 λέγει,
1174 3371 1319 3442 Ἐγώ
1340 3375 1456 3442 ειμι
1476 3375 1513 3442 ἡ
1541 3376 1726 3445 ἄμπε-

143 3463 283 3526 λος,
314 3460 414 3514 καί
443 3463 477 3514 ὁ
513 3459 713 3529 Πατήρ
735 3478 855 3529 μου
876 3463 908 3515 ὀ
936 3463 1184 3531 γεωργός
1206 3467 1321 3528 ;Οἰ›
1338 3465 1448 3534 γὰρ
1480 3464 1559 3538 εὴ]
1590 3466 1725 3539 αὐτὴ

143 3551 314 3623 φύσις
341 3552 460 3604 ἐστὶ
487 3551 736 3624 γεωργοῦ
767 3553 861 3607 καὶ
890 3554 1164 3624 ἀμπέλου·
1200 3559 1235 3629 ἡ
1291 3556 1388 3626 μὲν
1412 3556 1523 3629 γὰρ
1552 3560 1727 3632 ὑπάρ-

144 3660 235 3716 χει
259 3643 453 3716 λογικὴ
482 3644 575 3699 καί
603 3643 865 3715 ἔμψυχος,
899 3648 933 3716 ἡ
968 3635 1024 3699 δὲ
1047 3646 1240 3717 ἄλογος
1272 3650 1366 3701 καὶ
1391 3650 1617 3720 ἄψυχος.

762 3727 1125 3805 Ἀπόκρισις.

216 3824 336 3879 οὐκ
364 3825 574 3880 ἀπαινῶ
623 3826 723 3897 σὴν
766 3828 1107 3885 ἀστατοῦσαν
1144 3831 1247 3903 τὴν
1292 3832 1592 3902 ἀγχίνοιαν,
1633 3834 1726 3887 καὶ

142 3914 413 3979 πολλάκις
448 3916 555 3983 ἔξω
577 3916 689 3971 τῶν
716 3921 1089 3992 προκειμένων
1114 3922 1514 3992 ἀποφοιτῶσαν,
1537 3924 1630 3978 καὶ
1657 3928 1723 3997 τῇ

143 4007 645 4079 ἀλλοκότῳέπιύσει
679 4028 747 4082 με
775 4013 1230 4084 διαστρέφουσαν.
1258 4016 1369 4069 Καὶ
1403 4018 1451 4068 εί
1481 4019 1578 4087 μὲν
1604 4016 1727 4088 βου-

143 4097 575 4169 λόμενοςκτοὸτο
607 4106 801 4167 ποιεῖς,
840 4104 1101 4173 ἐπίγνωθι
1145 4109 1575 4179 γινωσκόμενος·
1603 4113 1651 4163 εί
1679 4109 1724 4162 δ’

141 4189 337 4253 ἁπλῶς
367 4189 445 4244 τὰ.
456 4188 704 4263 φυόμενα
718 4196 785 4265 τῇ
808 4194 1015 4267 διανοίᾳ
1042 4199 1358 4271 προφέρεις,
1393 4200 1725 4272 συγγνώμην

142 4284 263 4355 ἔχε,
309 4284 479 4354 κάμοὶ
523 4284 730 4357 σαύτην
761 4287 1123 4359 δωρούμενος.
1165 4290 1245 4344 Τά
1278 4291 1335 4344 δὲ
1357 4293 1720 4363 Χριστιανῶν,

139 4372 334 4425 πίστει
382 4372 734 4445 κρατύνεται,
786 4377 881 4430 καὶ
914 4379 974 4431 οὐ
1010 4377 1412 4450 συλλογισμοῖς,
1445 4382 1513 4435 δι’
1558 4377 1639 4436 ὧν
1672 4386 1721 4436 oi

143 4463 391 4518 πλεῖστοι
418 4464 527 4519 τῶν
558 4467 771 4538 φρενῶν
796 4469 1239 4544 ὲξετινάχθησαν.
1262 4467 1407 4545 Ἀρα
1432 4473 1540 4546 γὰρ
1576 4474 1723 4528 Παῦ-

139 4555 237 4621 λος
266 4557 366 4609 καὶ
406 4556 675 4621 Ἀπολλὼς
696 4560 1159 4635 ἑτέραςὺπῆρχον
1178 4567 1330 4635 παρὰ
1350 4566 1448 4636 τὴν
1489 4568 1718 4639 Ἐκκληο

140 4648 270 4703 σιαν
298 4649 545 4719 φύσεως;
581 4652 787 4723 Γράφει
830 4653 941 4727 γὰρ
964 4655 1040 4727 τῷ
1062 4657 1234 4729 θιάσῳ
1260 4661 1373 4729 τῆς
1395 4660 1722 4733 Ἐκκλησίας

137 4743 171 4795 δ
197 4742 402 4813 ὑψηλὸς
429 4742 529 4814 τὴν
558 4743 794 4799 διάνοιαν
813 4764 828 4777 ο
872 4748 1020 4818 Ἐγὼ
1042 4751 1367 4819 ἐφύτευσα,
1414 4754 1722 4822 Ἀπολλὼς

137 4834 452 4899 ἐπότισεν,
498 4836 636 4889 ἀλλ’
672 4839 705 4891 ὁ
740 4839 883 4905 Θεὸς
910 4841 1194 4908 ηὔξανεν.
1244 4840 1370 4917 Ἆρ’
1397 4841 1488 4899 οὖν
1517 4846 1721 4918 ἄψυχος

138 4925 238 4976 καὶ
272 4924 468 4992 ἄλογος
487 4928 520 4996 ἡ
569 4926 865 4998 Ἐκκλησία
890 4930 996 4984 ὑπὸ
1014 4933 1228 4987 Παύλου
1260 4937 1597 5008 φυτευομένη
1624 4940 1719 4992 καὶ

452 5017 783 5091 ποτιζομένη
815 5025 881 5093 τῇ
934 5023 1043 5076 τῶν
1086 5022 1316 5083 ἐντολῶν
1371 5031 1562 5104 ἀρδείᾳ
1624 5034 1717 5087 καὶ

142 5121 201 5156 εν
258 5113 446 5156 ουσειε

134 5113 161 5156 ε
174 5113 411 5173 νιδρῡσει
431 5123 446 5172 ;

722 5382 972 5439 ΠΕΥΣῘΣ
1010 5387 1137 5447 PK'.

207 5463 366 5560 Arati
409 5468 719 5560 προέδωκεν
762 5475 789 5526 ὁ
840 5476 971 5541 Θεὸς
1018 5478 1109 5533 τὸν
1162 5479 1281 5534 Ἰὼϐ
1329 5484 1406 5556 τῷ
1461 5486 1712 5560 διαϐόλῳ,

135 5554 305 5619 αὐτὸς
334 5559 629 5631 μαρτυρῶν
658 5562 823 5619 αὑτοῦ
852 5567 917 5637 τῇ
946 5566 1259 5644 δικαιοσύνῃ
1277 5554 1463 5648 καὶ-τῇ
1488 5554 1712 5652 ἀληθινῇ

1519 402 1869 459 DlALOGUS
1919 402 2010 455 Ill.

3249 388 3384 442 1006

1814 525 1982 579 clavis
2009 521 2224 576 allixum
2255 521 2463 573 ratione
2498 517 2765 586 assumpti
2788 556 2801 578 ,
2854 523 2906 568 et
2934 516 3087 567 hasta
3133 513 3384 564 vulnera-

1819 625 1952 670 tum.
1984 614 2130 670 ldem
2153 629 2282 684 ergo
2316 612 2449 666 mihi
2469 611 2682 665 videtur
2702 611 2787 680 agi
2814 626 2841 661 a
2864 608 2989 661 luna
3011 606 3233 659 fratrem
3266 604 3390 657 imi-

1817 716 1990 770 tante,
2018 707 2145 759 dum
2188 715 2433 773 tempore
2477 701 2735 763 nocturni
2781 714 2978 753 cursus
3026 697 3145 765 ejus
3180 696 3249 750 ad
3295 709 3387 749 se-

1816 798 2003 867 pulcra
2031 806 2083 850 et
2115 811 2240 851 aras
2270 803 2401 849 eunt
2430 793 2879 863 praestigiatores,
2938 798 2991 842 et
3042 788 3151 841 illic
3197 800 3391 855 perpe-

1816 894 2031 942 trantu‘r
2064 887 2237 941 caedes
2263 902 2325 940 ac
2356 899 2651 955 puerorum
2679 883 3064 944 mactationes,
3119 890 3173 934 et
3218 882 3392 934 visce-

1818 994 1940 1032 rum
1994 978 2341 1047 propriorum
2390 976 2775 1036 dissectiones,
2833 988 3066 1042 quorum
3126 972 3392 1041 sanguine

1818 1068 2209 1139 palpitantibus
2255 1066 2435 1121 adhuc
2476 1065 2811 1135 jecinoribus
2894 1064 3047 1132 impii
3106 1064 3392 1131 parricidas

1818 1161 2156 1230 polluuntur.
2181 1158 2424 1224 Quorum
2458 1158 2792 1226 impietatem
2832 1172 2935 1209 non
2967 1156 3064 1209 abs
3097 1171 3157 1208 re
3194 1156 3394 1222 tragice

1802 1253 1970 1306 ~velut
2015 1267 2298 1321 exponens
2351 1250 2581 1304 Davides
2633 1250 2721 1302 ille
2773 1248 3013 1307 divinus,
3062 1248 3283 1315 inquit:
3326 1246 3393 1300 Et

1818 1352 2180 1403 nuntiaverunt
2206 1344 2347 1411 ﬁlios
2390 1359 2510 1395 suos
2553 1351 2601 1394 et
2645 1342 2787 1410 ﬁlius
2836 1357 2961 1393 suas
2999 1339 3273 1393 dcemoniis
3300 1356 3317 1391 :
3346 1348 3397 1393 et

1818 1435 2114 1503 e/Iuderunl
2146 1434 2452 1501 Sanguinem
2476 1434 2787 1493 innoxium,
2826 1435 3134 1502 sanguinem
3158 1432 3395 1501 ﬁliorum

1819 1537 2110 1581 suorumet
2133 1526 2391 1599 ﬁliarum,
2438 1541 2592 1589 quem
2626 1524 3029 1578 immolaverunt
3053 1518 3399 1593 ‘sculptilibus

1844 1618 2266 1673 Chanaumorum
2283 1617 2323 1670 ⁸.
2342 1616 2407 1671 Ει
2438 1627 2559 1686 post
2584 1618 2707 1677 alia.
2736 1632 2969 1672 messem
2992 1615 3108 1684 ejus
3138 1616 3396 1669 sementis

1820 1709 1957 1779 ipsis
1980 1708 2251 1770 indicans,
2280 1710 2402 1783 ait;
2444 1708 2513 1761 Et
2558 1712 2731 1761 iratus
2784 1718 2860 1762 est
2910 1709 3089 1777 furore
3138 1706 3398 1759 Dominus

1822 1818 1980 1871 super
2001 1802 2256 1870 populum
2287 1818 2465 1864 suum,
2494 1810 2541 1855 et
2570 1800 2903 1853 abominatus
2936 1812 3011 1852 est
3034 1800 3417 1854 hwreditatem'

1824 1906 1975 1945 suam
1994 1893 2036 1944 ’.
2072 1891 2523 1959 Quandoquidem
2552 1892 2717 1959 igitur
2748 1906 2893 1945 nunc
2921 1906 3142 1960 quoque
3174 1891 3399 1961 plurimi

1823 1983 2087 2050 gentilitia
2159 1974 2390 2051 caligine
2445 1982 2698 2041 involuti,
2756 1982 3067 2036 clanculum
3123 1982 3393 2048 maj'orum

1825 2087 2050 2125 suorum
2107 2074 2281 2126 errori
2332 2087 2389 2125 se
2427 2072 2776 2137 submittunt,
2828 2071 3064 2140 priscam
3111 2070 3398 2141 cogitatio-

1823 2177 1953 2216 num
1986 2164 2187 2217 cae'dem
2237 2166 2290 2217 in
2340 2164 2569 2220 collibus
2619 2172 2713 2216 aut
2761 2163 3026 2231 sepulcris
3070 2173 3162 2217 aut
3205 2178 3401 2218 monu-

1824 2254 2024 2309 mentis
2056 2264 2220 2309 noctu
2269 2266 2543 2321 exercent,
2583 2255 2864 2309 nidoribus
2896 2263 2951 2310 et
2993 2256 3261 2325 sanguine
3298 2256 3403 2310 dte-

1825 2358 2015 2398 mones
2045 2356 2397 2407 venerantur,
2417 2360 2556 2414 quos
2581 2344 2729 2413 ipsos
2750 2345 2914 2398 etiam
2946 2344 3094 2399 domi
3122 2345 3400 2415 supplices

1824 2432 2051 2485 adorant
2077 2449 2091 2484 :
2115 2432 2321 2486 idcirco
2351 2433 2500 2495 luna,
2536 2446 2849 2501 quanquam
2889 2446 2949 2485 se
2992 2447 3098 2485 non
3128 2430 3398 2495 'dimittat,

1822 2537 1934 2591 prae
1968 2522 2156 2577 dolore
2184 2533 2363 2578 tamen
2390 2533 2604 2588 aestuat,
2641 2523 2920 2588 exhorret,
2940 2524 3089 2578 abdit
3121 2538 3266 2587 sese.
3295 2538 3399 2577 nu-

1823 2613 1945 2667 hem
2001 2613 2256 2677 inducns,
2308 2614 2493 2668 fratris
2527 2615 2777 2684 exemplo
2840 2614 3186 2683 splendorem
3236 2630 3398 2669 suum

1824 2704 2060 2775 indignis
2094 2707 2280 2777 largiri
2306 2707 2647 2778 dedignatur,
2690 2707 2907 2762 caelitus
2939 2708 3084 2762 velut
3117 2722 3187 2761 ex
3218 2707 3400 2777 aliqua

1824 2800 2045 2868 specula
2068 2798 2147 2853 vel
2177 2798 2397 2853 sublimi
2435 2798 2574 2859 loco,
2608 2814 2703 2867 per
2730 2799 2902 2868 ipsam
2951 2798 3398 2853 immutationem

1825 2890 1911 2946 sui
1940 2890 2187 2944 clamans
2211 2900 2264 2942 et
2297 2888 2528 2957 caligine
2548 2890 2781 2957 puniens
2816 2896 2982 2959 atque
3005 2904 3266 2945 coercens
3299 2889 3403 2945 ho-

1825 2979 2053 3036 micidas
2089 2980 2158 3034 ab
2187 2979 2354 3048 impio
2386 2974 2646 3033 facinore.

2247 3088 2453 3144 INTER
2462 3088 2762 3145 ROGATIO
2822 3089 3008 3146 CXIX.

1903 3198 1960 3254 Si
2015 3216 2121 3256 non
2160 3196 2244 3254 est
2288 3200 2572 3271 inaequalis
2612 3199 2709 3254 Dei
2748 3200 2925 3255 Filius
2975 3200 3082 3255 Deo
3132 3207 3188 3254 et
3232 3198 3379 3261 Patri

1828 3290 1920 3346 sed
1951 3305 2048 3359 par
2082 3291 2135 3344 in
2169 3291 2515 3356 omnibus,et
2532 3290 2773 3359 ejusdem
2798 3292 3021 3347 honoris
3048 3291 3405 3362 ejusdemque

1825 3389 2068 3447 naturas,
2093 3382 2375 3450 quomodo
2425 3382 2602 3451 inquit
2648 3384 2761 3459 ipse
2798 3406 2808 3437 ;
2841 3381 2953 3453 Ego
3006 3400 3125 3437 sum
3169 3385 3315 3449 ditis,
3352 3394 3404 3438 et

1815 3468 1975 3525 Pater
2012 3488 2156 3524 meus
2185 3472 2662 3542 agricola’°?N0n
2693 3475 2839 3529 enim
2873 3475 3063 3530 eadem
3099 3485 3295 3531 natura
3318 3485 3405 3532 est

1824 3564 1950 3617 vitis
1989 3573 2043 3617 et
2067 3564 2340 3633 agricolae,
2371 3580 2496 3620 cum
2537 3566 2900 3636 hacquidem
2931 3567 3004 3621 sit
3027 3569 3312 3624 rationalis
3351 3580 3404 3624 et

1824 3652 2084 3714 animata,
2118 3654 2206 3708 illa
2240 3670 2370 3709 vero
2405 3656 2632 3711 rationis
2667 3671 2866 3727 expers
2891 3666 2943 3713 et
2974 3658 3239 3716 inanima.

2454 3745 2761 3813 Responsio.

1893 3828 2013 3885 Non
2046 3831 2209 3887 laudo
2236 3842 2385 3888 tuam
2416 3834 2815 3891 inconstantem
2841 3840 3221 3908 sagacitatem,
3267 3857 3392 3912 quae

1823 3920 2055 3977 multum
2083 3932 2136 3979 et
2182 3934 2336 3979 extra
2386 3929 2734 3997 propoSitum
2775 3932 3072 3995 exorbitat,
3117 3943 3170 3988 et
3222 3935 3403 3990 aliena

1824 4012 2121 4080 quaestione
2172 4029 2259 4070 me
2307 4015 2583 4071 distrahit.
2634 4017 2701 4073 Et
2740 4019 2786 4073 si
2822 4020 3045 4090 quidem
3091 4024 3281 4080 volens
3344 4025 3403 4080 id

1823 4100 1984 4169 facis,
2035 4107 2318 4176 agnoscito
2364 4123 2450 4162 me
2473 4108 2583 4164 hoc
2630 4110 3083 4169 animadvertere.
3148 4114 3242 4171 Sin
3273 4131 3404 4171 vero

1824 4195 2147 4265 simpliciter
2188 4197 2241 4250 in
2298 4206 2482 4254 mente
2527 4202 2705 4271 genita
2755 4203 2991 4273 profers,
3035 4209 3247 4263 veniam
3301 4211 3403 4267 tibi

1823 4286 1942 4341 dari
1968 4288 2127 4352 scito,
2163 4305 2331 4359 quam
2363 4301 2419 4345 et
2457 4292 2593 4346 mihi
2623 4293 2867 4349 vicissim
2917 4296 3152 4368 benigne
3195 4301 3396 4371 largie-

1821 4379 1920 4432 ris.
1954 4377 2392 4436 Christianorum
2438 4384 2654 4453 quidem
2678 4394 2826 4442 certe
2851 4387 3102 4459 dogmata
3138 4393 3245 4447 fide
3268 4408 3403 4448 con-

1825 4467 2071 4521 tinentur
2096 4476 2150 4522 et
2198 4468 2524 4535 fulciuntur,
2574 4490 2687 4529 non
2724 4476 3266 4545 ratiocinationibus,
3306 4498 3405 4549 per

1826 4573 1964 4627 quas
1996 4559 2216 4629 plurimi
2242 4577 2470 4631 prorsus
2486 4576 2721 4621 mentem
2755 4568 3074 4626 amiserunt.
3094 4571 3233 4633 Num
3254 4576 3402 4630 enim

1824 4648 2052 4706 diversae
2084 4649 2290 4709 Paulus
2336 4664 2391 4710 et
2442 4654 2668 4725 Apollas
2713 4671 2890 4723 erant,
2929 4673 3175 4731 respectu
3220 4665 3405 4722 Eccle-

1825 4742 1941 4805 siae,
1986 4745 2229 4799 naturae?
2279 4746 2482 4802 Scribit
2523 4749 2672 4803 enim
2723 4766 2880 4806 sacro
2925 4755 3093 4809 coetui
3144 4757 3404 4815 Ecclesiae

1825 4834 2027 4889 mentis
2075 4836 2429 4908 intelligentia
2480 4841 2698 4926 sublimi
2747 4845 3007 4911 praeditus
3056 4847 3148 4901 ille
3177 4848 3403 4917 Aposto-

1823 4923 1909 4977 lus
1941 4941 1954 4975 :
1992 4923 2103 4996 Ego
2129 4926 2388 4995 plantavi,
2431 4923 2645 5001 Apollas
2698 4935 2909 5003 rigavit,
2949 4953 3011 4990 ac
3055 4937 3196 4993 Deus
3231 4942 3404 4996 incre-

1826 5028 2057 5087 mentum
2100 5020 2325 5075 dedit”.
2378 5022 2517 5078 Num
2570 5026 2733 5094 igitur
2776 5028 3014 5084 inanima
3067 5040 3120 5086 et
3177 5035 3405 5092 rationis

1825 5114 2021 5176 expers
2059 5120 2177 5164 erat
2213 5112 2457 5170 Ecclesia
2490 5131 2519 5170 a
2554 5117 2722 5172 Paulo
2751 5120 3085 5188 plantala,et
3124 5126 3192 5181 ab
3208 5128 3403 5198 Apollo

1830 5199 2028 5265 rigata,
2094 5216 2191 5269 per
2261 5204 2636 5275 irrigationem
2698 5219 2753 5263 et
2818 5212 3131 5269 insitionem
3197 5234 3403 5287 praece-

1822 5294 2073 5361 ptorum?

2272 5405 2342 5461 IN
2349 5408 2792 5469 TERROGATIO
2847 5415 3013 5470 CXX.

1893 5493 2075 5560 Quare
2098 5498 2245 5555 Deus
2269 5500 2491 5557 diabolo
2518 5503 2717 5559 Johum
2750 5509 2997 5575 tradidit,
3049 5526 3173 5565 cum
3219 5522 3397 5568 tamen

1822 5583 1939 5652 ipse
1960 5586 2332 5644 testimonium
2356 5592 2504 5649 illius
2542 5594 2771 5664 justitiae
2818 5600 3125 5669 perhibeat,
3171 5614 3226 5658 et
3255 5620 3399 5664 vera)

209 5681 235 5715 ⁸
270 5681 420 5739 Psal.
464 5702 552 5751 cv,
586 5687 673 5756 57,
712 5691 799 5747 58.
872 5693 894 5725 ⁹
927 5694 1059 5751 ibid.
1110 5698 1201 5755 40.
1280 5703 1322 5735 ¹⁰
1374 5700 1534 5762 Joan.
1587 5725 1677 5776 xv,

1869 5718 1907 5748 “
1946 5720 1967 5771 Ι
2005 5720 2135 5775 Cor.
2178 5737 2259 5790 ιιι,
2297 5724 2351 5777 6.

205 5822 326 5902 (85)
360 5826 627 5891 Νύκτας.
664 5826 826 5887 Forte
858 5835 1070 5901 νυκτός.
1105 5836 1260 5894 Ευιτ.
