4032 6312
155 359 292 418 1009

151 482 751 553 ἐγκαταλελειμμένα
786 484 889 539 ὠά.
927 485 1157 540 Ἐπάνω
1187 487 1309 541 τῶν
1339 488 1582 557 ἄστρων
1617 491 1762 544 ἁνα-

153 573 437 641 ϐήσομαι,
463 573 634 640 θήσω
661 576 761 630 ἐπὶ
793 575 1209 648 τῶν-νεφελῶν
1236 580 1348 633 τὸν
1372 583 1594 650 θρόνον
1615 601 1759 652 μου,

151 665 251 717 καὶ
292 665 509 734 ἔσομαι
545 666 752 736 ὅμοιος
790 668 871 733 τῷ
910 670 1203 739 ’Υψίστᾳλ
1237 674 1415 726 Οἰονεὶ
1454 675 1632 742 γελῶν
1665 679 1762 730 αύ-

149 757 247 810 -τοῦ
293 758 391 828 τὴν
417 758 744 824 ἀλαζονείαν
765 762 794 814 ὁ
831 761 988 829 Θεὸς,
1023 765 1120 817 καὶ
1148 766 1373 834 φάσκων
1395 782 1410 797 ⁸
1449 769 1514 822 Τί
1547 772 1763 840 κομπά-

149 847 289 913 ζεις,
332 844 376 904 ὦ
421 851 586 922 μιαρὲ
636 852 889 919 διάϐολες
945 855 1057 910 ἰδοὺ
1109 853 1190 921 εἷς
1226 858 1336 915 τῶν
1382 861 1613 914 οἰκετῶν
1659 881 1760 932 μου

150 941 404 1011 πήλινος,
442 943 650 1012 χοῖκὸς,
683 945 931 1017 εὐτελὴς,
965 948 1066 1020 τὴν
1096 947 1259 1017 φύσιν
1292 949 1506 1021 βροτὸς,
1538 954 1636 1005 οὐκ
1661 943 1763 1022 άγέ

147 1034 314 1101 γελος
370 1032 554 1106 (ὕϐρις
593 1037 704 1107 γάρ
736 1038 955 1108 ἀγγέλῳ
976 1022 1124 1109 ⁵πρὸς
1153 1041 1212 1094 σὲ
1248 1042 1638 1110 ἀγωνίζεσθαι,
1669 1046 1762 1100 τὸν

153 1125 296 1195 μηδὲ
319 1125 493 1196 πηλοῦ
513 1129 949 1200 περιεσόμενον)ο
979 1131 1150 1196 Ἰδοὺ,
1171 1134 1326 1204 φησι,
1352 1135 1762 1206 παραδίδομεν

149 1215 344 1270 αὑτὸν
367 1217 440 1270 ἐν
462 1216 539 1286 τῇ
564 1220 722 1289 χειρί
740 1234 882 1285 σου,
907 1223 1073 1275 οἱονεὶ
1093 1207 1317 1295 δέσμιον
1344 1227 1440 1281 καὶ
1466 1229 1618 1282 κάτω
1647 1230 1761 1284 κεί-

153 1324 338 1379 μενον.
389 1309 452 1363 Εί
500 1312 610 1383 ἄρα
647 1313 882 1386 περιέσῃ
912 1315 1080 1370 αὑτοῦ
1109 1316 1212 1388 τῆς
1253 1319 1464 1391 ὑψηλῆς
1495 1322 1760 1387 διανοίας,

149 1397 465 1473 πολιορκῶν
489 1401 658 1454 αὑτὸν
691 1404 787 1456 καὶ
816 1403 1052 1469 τοξεύων
1083 1407 1142 1460 ὲν
1163 1407 1242 1479 τῷ
1275 1407 1512 1479 σώματι.
1547 1411 1657 1463 Καὶ
1705 1412 1760 1464 τί

152 1489 296 1556 μετά
338 1488 547 1556 ταῦτα;
585 1493 751 1546 οἱονεὶ
794 1493 950 1564 βέλος
1000 1497 1378 1570 στερροτέρως
1430 1501 1758 1571 προσπεσὼν

147 1581 507 1655 ἀπεκρούσθη
543 1584 830 1655 ἄπρακτος
871 1589 902 1666 ξ
944 1582 1163 1654 ἀλαζὼν
1195 1594 1290 1646 καὶ
1335 1593 1455 1656 θεὸς
1486 1595 1758 1666 ὑπάρχειν

146 1674 400 1744 οἰόμενος
447 1679 612 1748 σαρκὶ
645 1659 902 1751 ἡττηθεὶς
931 1683 1026 1737 καὶ
1059 1685 1274 1756 αἵματι.
1311 1689 1384 1741 Ού
1413 1690 1523 1761 γὰρ
1568 1659 1757 1761 ἴσχυσε

147 1767 460 1841 πολιορκῶν
493 1774 592 1825 καὶ
623 1773 862 1840 τοξεύων
909 1778 1022 1849 τὴν·
1052 1778 1202 1834 θείαν
1237 1783 1333 1836 τοῦ
1362 1785 1617 1855 σώματος
1657 1788 1754 1841 πό⁴

145 1860 250 1923 λιν,
287 1863 321 1933 ἦ
352 1880 476 1918 τινα
504 1866 615 1920 τῶν
641 1868 878 1923 πολιτῶν
899 1870 1180 1943 λογισμῶν
1203 1875 1577 1951 χειρώσασθαι
1595 1896 1608 1916 ’
1630 1881 1752 1934 οὐδὲ

142 1954 255 2007 τῶν
285 1957 380 2009 ἐπὶ
409 1956 519 2010 τῶν
545 1960 733 2014 πυλῶν
760 1961 856 2015 τοῦ
885 1965 1157 2036 στόματός
1193 1984 1316 2021 τινα
1346 1970 1616 2043 ἀναιρεῖν.
1664 1973 1751 2025 Ἐν

141 2045 363 2116 τούτοις
404 2048 514 2123 γὰρ
557 2054 694 2106 πᾶσι
727 2058 842 2120 τοῖς
878 2057 1287 2129 συμϐεϐηκόσιν
1325 2063 1496 2134 αύτῷ,
1542 2065 1661 2119 οὐδὲ
1693 2067 1752 2118 ἐν

139 2140 260 2202 τοῖς
296 2141 730 2210 χείλεσινιαύτοῦ
761 2147 1013 2219 ἥμαρτεν
1057 2150 1176 2203 ’1ὼῦ
1225 2154 1466 2209 ἐναντίον
1518 2157 1745 2228 Κυρίου.

156 2230 326 2287 Ἀλλά
373 2233 774 2310 βλασφημῆσαι
812 2241 1266 2312 ἀναγκαζόμενος
1303 2249 1410 2301 ὑπὸ
1447 2250 1542 2303 τοῦ
1592 2252 1750 2305 πολε-

144 2324 302 2393 μίου,
353 2328 668 2384 τούναντίον
715 2333 916 2398 ἐποίει,
965 2337 1215 2405 φάσκων,
1277 2343 1496 2409 Κύριος
1541 2344 1752 2410 ἔδωκε,

141 2419 366 2485 Κύριος
396 2421 681 2489 ἀφείλετο
702 2439 716 2454 '
743 2425 825 2492 ὡς
851 2426 933 2493 τῷ
957 2430 1157 2498 Κυρίῳ
1179 2431 1414 2499 ἔδοξεν,
1440 2433 1596 2490 οὕτω
1652 2441 1753 2494 καὶ

137 2507 417 2577 ἐγένετοο
451 2514 546 2582 εἴη
570 2514 651 2580 ξτὸ
702 2516 893 2587 ὄνομα
935 2523 1160 2590 Κυρίου
1209 2527 1624 2603 εὐλογημένον
1663 2537 1752 2601 εἰς

138 2602 291 2668 τοὺς
325 2604 569 2673 αίῶνας.
608 2610 686 2663 υύ
715 2612 1030 2689 προδίδοται
1067 2612 1185 2681 οὖν,
1218 2618 1354 2673 ἀλλά
1384 2602 1748 2692 προϐάλλεται

142 2693 460 2768 ἀγωνιστὴς
499 2701 595 2753 καὶ
639 2703 932 2772 παιδευτὴς
963 2707 1243 2779 ἀνδρείας,
1287 2713 1382 2766 καὶ
1411 2716 1469 2767 ὲν
1499 2720 1614 2781 τοῖς
1643 2718 1742 2773 ἀλ-

140 2791 348 2854 γεινοῖς
371 2789 468 2848 τοῦ
495 2790 614 2861 βίου
649 2794 1028 2868 εὐχαριστίας.

1595 367 1847 424 DlALOG
1860 368 1945 425 US
1977 369 2065 428 lli.

1848 2815 2011 2874 modo
2052 2815 2298 2886 gerebat,
2336 2815 2583 2869 dicens':
2621 2814 2880 2869 Dominus

3333 374 3474 432 1010

1870 491 2029 554 foret,
2057 491 2157 561 qui
2210 505 2397 548 carnis
2442 500 2564 548 erat
2583 506 2788 569 expers
2833 501 2888 547 et
2925 490 3267 562 gloriabatur
3304 507 3469 566 atque

1867 584 2082 638 dicebat
2115 584 2362 639 :Robore
2384 601 2497 638 meo
2531 585 2749 654 faciam,
2779 593 2830 639 et
2855 602 3016 639 manu
3042 603 3159 640 mea
3192 585 3470 640 destruant

1867 677 2117 730 terminos
2151 678 2408 746 gentium,
2437 686 2487 731 et
2528 677 2705 732 orbem
2738 688 3004 731 terrarum
3029 686 3197 731 totum
3232 679 3468 746 capiam.

1864 777 1914 820 et
1956 768 2142 822 tollam
2188 769 2350 822 veluti
2425 769 2676 824 derelicta
2733 772 2912 824 ora”.
2950 770 3247 823 Ascendam
3303 786 3466 839 supra

1865 863 2064 925 sidera,
2091 879 2289 931 ponam
2320 877 2486 930 supra
2519 861 2680 915 nubes
2716 862 2911 915 solium
2947 877 3139 926 meum,
3179 869 3230 914 et
3256 876 3346 915 ero
3397 860 3468 912 si-

1864 953 2011 1008 milis
2029 944 2309 1008 Altissimo
2330 953 2395 1007 “.
2431 953 2603 1021 Quasi
2631 969 2764 1024 ergo
2781 954 2971 1008 ridens
2996 952 3181 1022 ipsius.
3198 967 3465 1021 arrogano

1866 1048 1996 1100 tiam
2028 1046 2196 1109 Deus,
2246 1047 2427 1118 inquit
2459 1067 2473 1102 :
2501 1047 2672 1114 Quid,
2727 1064 2761 1102 ο
2787 1047 2956 1102 miser
2992 1046 3230 1110 diabolo,
3268 1046 3468 1116 gloria-

1862 1132 1984 1192 ris?
2019 1137 2158 1194 Ecce
2198 1155 2343 1195 unus
2390 1147 2478 1194 est
2528 1139 2620 1192 hic
2660 1152 2948 1192 servorum
2996 1152 3267 1200 meorum,
3306 1135 3464 1205 isque

1861 1229 2065 1295 luteus,
2104 1231 2564 1300 pulvereus,vilis
2598 1245 2627 1283 a
2658 1239 2855 1284 natura
2881 1230 3243 1299 mortalisque
3272 1229 3460 1296 homo,

1860 1337 1972 1375 non
2003 1322 2232 1392 angelus
2258 1326 2441 1392 (turpe
2475 1321 2741 1375 nimirum
2770 1319 2938 1374 fuerit
3012 1336 3140 1376 cum
3174 1320 3370 1390 angelo
3409 1330 3464 1375 te

1860 1424 2094 1480 certare,
2142 1414 2236 1484 qui
2270 1429 2338 1468 ne
2373 1413 2594 1484 quidem
2639 1414 2757 1468 luto
2807 1413 3061 1484 superior
3104 1413 3260 1483 eris).
3303 1411 3460 1476 Ecce,

1859 1508 2057 1577 inquit,
2111 1510 2269 1569 trado
2304 1511 2476 1578 ipsum
2510 1511 2565 1563 in
2592 1526 2810 1564 manum
2859 1511 3092 1575 tuam",
3141 1509 3303 1580 quasi
3344 1509 3464 1562 vin-

1858 1611 2008 1656 ctum
2039 1611 2094 1656 et
2121 1611 2486 1672 prostratum.
2518 1603 2652 1659 Vide
2684 1620 2816 1659 num
2855 1604 3138 1659 excelsum
3172 1603 3320 1656 illius
3344 1603 3447 1656 ani-

1858 1711 2008 1750 mum
2051 1711 2314 1765 superare
2347 1697 2553 1767 possis,
2587 1712 2910 1767 expugnans
2945 1699 3126 1767 ipsum
3154 1704 3210 1751 et
3241 1695 3294 1750 in
3330 1711 3457 1750 cer-

1863 1805 1996 1859 pore
2042 1790 2249 1859 jaculis
2291 1790 2598 1860 conﬁgens.
2650 1789 2794 1857 Quid
2853 1791 3158 1846 secundum
3205 1783 3323 1846 hac
3361 1788 3461 1843 lit?

1868 1880 2041 1934 veluti
2086 1881 2330 1945 iaculum
2369 1882 2611 1937 validius
2641 1883 2916 1947 invectus,
2966 1881 3459 1953 repulsuse'st‘in-

1862 1969 2004 2029 fecta
2042 1990 2100 2028 re
2135 1975 2410 2044 superbus
2440 1985 2495 2030 et
2523 1991 2794 2049 arrogans
2828 1977 2941 2044 ille,
2967 1977 3176 2052 quique
3200 1991 3260 2031 se
3298 1974 3456 2028 deum

1859 2083 1983 2129 esse
2019 2069 2265 2137 putabat,
2315 2085 2343 2123 a
2394 2086 2561 2125 carne
2603 2079 2900 2140 superatus
2946 2079 3032 2126 est
3075 2079 3129 2125 et
3165 2068 3457 2139 sanguine.

1858 2161 1978 2215 Non
2009 2163 2162 2218 enim
2209 2165 2387 2234 potuit
2423 2165 2794 2234 oppugnando
2827 2166 3155 2237 sagittisque
3211 2163 3459 2218 feriendo

1858 2257 2099 2311 divinam
2135 2257 2384 2327 corporis
2416 2258 2565 2314 illius
2597 2259 2900 2324 civitatem,
2944 2269 3038 2315 aut
3075 2260 3318 2330 aliquem
3360 2259 3458 2314 ci—

1856 2354 2031 2419 vium,
2058 2367 2254 2423 nempe
2292 2353 2718 2425 cegitetionum,
2766 2370 2988 2425 capere,
3045 2371 3224 2427 neque
3263 2370 3459 2426 quem-

1858 2459 2026 2513 quam
2085 2444 2141 2498 in
2179 2443 2357 2514 portis
2411 2444 2526 2498 oris
2567 2444 2842 2500 occidere.
2886 2443 2946 2498 in
3003 2446 3268 2500 omnibus
3308 2446 3456 2502 enim

1856 2536 1966 2589 illis
1995 2551 2120 2606 quae
2152 2536 2480 2590 acciderunt
2514 2536 2588 2601 ei,
2644 2545 2752 2590 non
2784 2537 3010 2592 admisit
3052 2536 3223 2591 ullum
3257 2552 3457 2608 pecca-

1854 2638 1966 2682 tum
2004 2626 2172 2682 Johus
2195 2627 2357 2682 labiis
2388 2627 2505 2682 suis
2523 2628 2789 2683 adversus
2811 2629 3144 2693 Dominum;
3176 2629 3272 2685 sed
3297 2630 3460 2685 hoste

1855 2721 2190 2792 impellente,
2246 2730 2307 2776 ut
2340 2719 2453 2776 Deo
2500 2721 2812 2777 convicium
2859 2721 3082 2786 faceret,
3131 2723 3357 2800 [diverso
3398 2739 3459 2779 se

2965 2808 3136 2884 dedit,
3194 2818 3456 2872 Dominus

140 2886 371 2989 abstulit
392 2905 414 2955 ;
441 2899 499 2943 ut
529 2889 758 2946 Domina
795 2894 1018 2962 placuit,
1058 2897 1136 2952 ita
1159 2898 1363 2968 factum
1398 2915 1477 2959 est
1497 2922 1515 2961 :
1535 2909 1606 2962 sit
1633 2925 1822 2965 nomen
1852 2911 2064 2966 Domini
2092 2913 2423 2967 benedictum
2456 2913 2512 2964 in
2535 2912 2735 2989 smcula
2755 2913 2818 2967 “.
2845 2910 2962 2967 Non
2995 2914 3246 2981 proditur
3271 2914 3453 2984 igitur,

142 2977 238 3034 Sed
280 2981 614 3076 proponitur
637 2993 697 3038 ut
727 2987 875 3057 pugil
904 2996 958 3043 et
991 2992 1254 3062 magister
1286 2995 1654 3066 fortitudinis,
1699 3012 1755 3059 et
1783 3006 2087 3076 gratiarum
2123 3006 2360 3061 actionis
2391 3006 2444 3060 in
2478 2983 2903 3061 adversitatibus
2941 3006 3104 3074 hujus
3134 3008 3278 3064 vitas.

216 3072 504 3164 Τέτταρας
555 3070 650 3130 οὖν
706 3079 952 3150 παιδείας
980 3083 1222 3154 τρόπους
1273 3087 1457 3159 ἴσμεν⁶
1486 3091 1598 3164 Τὴν
1642 3095 1741 3164 μὲν

140 3162 212 3217 δι’
239 3163 520 3238 ἁμαρτίας
548 3167 682 3238 ἡμῖν
701 3170 837 3242 πρὸς
856 3171 1144 3245 διόρθωσιν
1171 3177 1524 3254 ἐπαγομένην
1555 3162 1753 3253 (Πολ-

141 3255 247 3313 λαὶ
279 3257 388 3330 γὰρ
411 3261 472 3311 al
484 3258 781 3331 μάστιγες
800 3263 907 3318 τοῦ
927 3266 1478 3342 ἀμαρτοιλού,φησὶν
1493 3276 1522 3326 ὁ
1537 3276 1748 3346 Δαϐὶδ),

139 3348 243 3418 τὴν
289 3349 346 3403 δὲ
381 3351 449 3404 δι’
484 3353 867 3424 ὑπερηφανίας
911 3359 1006 3410 καὶ
1041 3358 1214 3428 τύφου
1257 3363 1608 3436 καθαίρεσιν,
1651 3368 1752 3440 τὴν

141 3441 355 3512 οῐδησιν
383 3443 501 3516 ἦτοι
543 3446 860 3518 κορύφωσιν
899 3450 1000 3521 τῆς
1032 3451 1215 3523 ψυχῆς
1252 3458 1747 3514 καταστέλλουσαν·

156 3534 592 3606 Ὑπερηςρὰνοις
630 3539 741 3610 γάρ
779 3542 1000 3610 Κύριος
1042 3544 1493 3604 ἀντιτάσσεται.
1533 3552 1750 3625 ’Έτεροι

141 3626 200 3681 δὲ
227 3627 678 3686 διαλανθάνουσιν
707 3633 912 3706 ἀρετὴν
952 3635 1046 3688 καὶ
1093 3637 1348 3708 ἀνδρείαν
1388 3635 1532 3712 πρὸς
1564 3645 1627 3697 τὸ
1659 3664 1748 3716 ut-

146 3719 431 3791 μήσασθαι
461 3722 589 3785 τοὺς
612 3723 885 3795 ὀρῶντας.,
918 3726 1134 3793 Οὐδεὶς
1174 3729 1284 3801 γὰρ
1308 3731 1483 3786 ἅπτει
1514 3737 1754 3804 λύχνον

141 3811 248 3866 καὶ
269 3813 515 3881 τίθησιν
543 3815 735 3870 αὑτὸν
756 3817 878 3871 ὑπὸ
907 3818 1014 3872 τὸν
1032 3820 1252 3889 μόδιον
1275 3824 1313 3893 ἢ
1346 3824 1463 3893 τὴν
1504 3830 1749 3898 κλίνην,

139 3903 311 3958 ἀλλὰ
333 3903 434 3960 ἐπὶ
459 3905 579 3975 τὴν
600 3909 888 3978 λυχνίαν,
925 3910 1026 3973 ἵνα
1057 3913 1244 3983 φαίνῃ
1312 3913 1463 3970 πᾶσι
1511 3919 1638 3985 τοῖς
1683 3906 1754 3974 ἐν

141 3996 221 4068 τῇ
252 3999 446 4067 οἰκίᾳ,
477 3999 644 4070 φησιν
687 4002 716 4055 ὁ
747 4002 953 4074 Κύριος
974 4021 988 4035 ο
1031 4006 1198 4059 οίονεὶ
1226 4006 1434 4076 λέγων,
1466 4011 1566 4065 Διά
1593 4012 1750 4067 τοῦτο

141 4091 359 4165 πυρσοῦ
387 4094 542 4166 δίκην
570 4093 748 4166 ὲξῆψα
780 4095 873 4152 τὸν
922 4097 1045 4151 Ἰὼϐ
1069 4138 1084 4163 ,
1126 4099 1221 4153 καὶ
1266 4099 1374 4165 ἔξω
1419 4103 1515 4157 106
1559 4107 1752 4170 ἄστεος

141 4187 239 4242 ἀπὶ
269 4186 495 4258 λυχνίαν
532 4188 634 4260 τῆς
662 4188 900 4260 κοπρίας
925 4189 1168 4262 ἐθέμην,
1217 4193 1430 4262 φαίνειν
1464 4197 1600 4250 πᾶσι
1638 4201 1752 4263 τοῖς

140 4278 202 4333 δν
247 4280 318 4351 τῇ
347 4270 816 4352 οἰκουμένῃητὴν
845 4281 903 4336 δὲ
953 4283 1193 4356 παντελῆ
1226 4287 1549 4359 κατάλειψιν
1597 4293 1751 4364 παρὰ

141 4373 280 4429 Θεοῦ
333 4373 402 4428 δι’
457 4375 699 4455 ἐσχάτην
753 4377 956 4432 κακίαν
1013 4379 1111 4434 καὶ
1160 4381 1336 4454 ἀμιγῆ
1367 4383 1595 4438 καθόλου
1651 4385 1749 4439 106

139 4467 493 4541 upsi'rrovoc'
532 4470 674 4541 ὅπερ
705 4471 801 4525 ἐπὶ
843 4471 938 4526 106
979 4472 1183 4546 Φαραὼ
1217 4476 1313 4530 καὶ
1344 4474 1440 4530 τοῦ
1471 4477 1749 4546 Ναϐουχο-

137 4561 367 4634 invoco?
392 4562 492 4618 καὶ
547 4561 717 4633 Ἰούδα
749 4564 1134 4639 συμσέσηκεν,
1161 4568 1408 4641 ἀπωλείᾳ
1438 4570 1748 4643 παραδοθῆ-

139 4670 231 4710 ναι
263 4653 358 4709 διὰ
382 4653 721 4726 ἀμετάθετον
758 4655 1046 4729 πονηρίαν.
1104 4658 1492 4728 Ἀποστρέψω
1535 4661 1647 4734 γὰρ
1681 4660 1748 4715 τὸ

140 4745 474 4814 πρόσωπόν
487 4763 610 4816 μου
625 4747 728 4800 ἀπ’
739 4746 960 4813 αὐτῶν,
975 4749 1073 4802 καί
1092 4747 1270 4814 δείξω
1285 4747 1749 4818 τίὲσταιαύτοῖς

140 4835 236 4889 ἐπ’
256 4835 559 4906 ἐσχάτων,
585 4839 752 4910 φησιν
779 4839 809 4892 ὁ
830 4838 964 4904 Θεὸς
981 4839 1072 4893 διὰ
1095 4840 1195 4912 τῆς
1215 4841 1462 4906 Μωσέως
1476 4841 1744 4914 γλώττης.

153 4929 297 4984 Ἀλλ’
323 4923 421 4985 οὗν
446 4947 511 5000 γε
638 4930 859 5003 παιδείᾳ
882 4931 978 4986 τὸν
999 4933 1478 5008 Ναϐουχοδονόσορ
1506 4937 1750 5009 ἀνασφή-

141 5022 316 5079 λαντα
337 5064 354 5090 ,
384 5023 483 5078 καὶ
507 5025 611 5096 τῆς
639 5024 926 5097 παροινίας
955 5025 1267 5098 ὲκνήψαντα
1297 5027 1399 5082 οὐκ
1441 5027 1746 5096 ἀπωθεῖται

141 5117 172 5171 6
209 5115 495 5182 ἀπωσθεὶς
540 5116 674 5182 Θεός
699 5134 714 5149 ⁸
752 5118 892 5174 ἀλλά
939 5120 1102 5174 πάλιν
1140 5121 1292 5192 αὐτῷ
1319 5120 1420 5193 τὴν
1464 5122 1746 5193 βασιλείαν

142 5206 448 5274 adiunxi,
475 5206 764 5282 ἁλουργίδι
785 5209 1088 5282 φαιδρύνας
1116 5211 1561 5284 καὶδιαδήματι.

711 5493 963 5550 ΠΕΥΣΙΣ
990 5497 1168 5553 PKB’.

207 5584 397 5651 Πόσας
414 5584 631 5658 ἡμέρας
659 5587 932 5661 διέτριψεν
956 5593 985 5644 ὁ
1021 5589 1195 5662 Ἀδάμ
1217 5594 1276 5645 ὲν
1298 5594 1378 5666 τῷ
1397 5596 1738 5669 παραδείσῳ;

139 5677 331 5750 ἐπειδὴ
358 5678 545 5734 πολλοὶ
571 5678 682 5734 τῶν
706 5681 1062 5754 ἱστορούντων
1085 5686 1154 5740 τὰ
1177 5689 1300 5740 κατ’
1333 5687 1520 5753 αὐτὸν,
1553 5690 1600 5743 oi
1634 5692 1734 5761 μὲν

137 5770 391 5843 λέγουσιν
415 5812 432 5840 ,
795 5793 810 5808 ⁸
833 5775 947 5843 διὸ,
973 5779 1108 5849 φησὶ
1133 5821 1147 5845 ,
1181 5781 1316 5851 ’ἑκτῃ
1359 5781 1544 5853 ἡμέρᾳ
1573 5779 1738 5846 ἦλθεν

1916 3096 2167 3163 Quatuor
2200 3099 2367 3167 igitur
2400 3099 2595 3152 modos
2625 3097 3006 3168 castigationis
3040 3101 3273 3154 scimus.
3299 3099 3450 3170 Nam

1855 3190 1961 3242 alia
1984 3189 2203 3260 quidem
2243 3199 2465 3259 propter
2494 3201 2717 3257 peccata
2752 3190 2914 3245 nobis
2946 3189 3015 3244 ad
3051 3192 3453 3248 correctionem

1855 3278 2389 3336 adhibeturlMulta
2444 3280 2592 3333 enim
2644 3280 2863 3350 ﬂagella
2915 3293 3037 3336 sunt
3072 3285 3367 3353 peccatoris
3387 3286 3455 3349 ",

1857 3371 2034 3441 inquit
2075 3370 2375 3442 Davides).
2425 3373 2542 3426 Alia
2607 3389 2740 3428 vero
2781 3376 3099 3443 superbiam
3141 3385 3196 3431 et
3246 3376 3453 3433 fastum

1833 3462 2080 3534 .dejicit,
2119 3465 2223 3519 hoc
2258 3474 2375 3527 est,
2429 3466 2794 3521 elevationem
2836 3483 2902 3523 ac
2953 3477 3226 3524 tumorem
3280 3470 3453 3525 animi

1856 3557 2197 3627 comprimit.
2232 3557 2487 3626 Superbis
2518 3560 2666 3615 enim
2708 3559 2971 3615 Dominus
3021 3562 3220 3616 resistit
3251 3561 3317 3616 “.
3348 3563 3455 3618 Alii

1855 3661 2037 3704 autem
2068 3650 2328 3705 latentem
2355 3652 2610 3707 virtutem
2642 3661 2696 3708 et
2725 3652 3106 3708 fortitudinem
3132 3655 3455 3721 ostendunt,

1857 3751 1916 3795 ut
1949 3758 2069 3796 eam
2111 3753 2452 3811 spectatores
2492 3744 2799 3801 imitentur.
2834 3725 3036 3800 Nullus
3072 3748 3219 3801 enim
3270 3764 3459 3802 accen-

1855 3835 1934 3888 dit
1970 3835 2276 3899 lucernam,
2331 3845 2380 3890 et
2410 3837 2559 3905 ponit
2591 3853 2710 3890 eam
2763 3837 2947 3890 subter
2979 3839 3218 3892 modium
3258 3849 3351 3892 aut
3381 3840 3458 3894 le-

1854 3936 2018 3992 ctum,
2047 3927 2138 3981 sed
2161 3944 2320 3996 super
2355 3928 2738 4003 candelabrum
2762 3947 2781 3984 :
2813 3944 2869 3985 ut
2893 3931 3070 3985 luceat
3098 3934 3339 3988 omnibus
3365 3936 3457 4005 qui

1854 4028 1978 4071 sunt
2006 4019 2262 4082 in"domo,
2295 4019 2476 4089 inquit
2513 4018 2783 4076 Dominus
2807 4021 2886 4075 “z
2920 4023 3078 4092 quasi
3112 4022 3290 4078 dicat:
3321 4022 3457 4080 Pro-

1853 4121 1976 4180 pter
2008 4111 2114 4166 boc
2147 4112 2324 4166 instar
2348 4110 2487 4168 facis
2513 4114 2738 4169 accendi
2771 4112 2973 4169 Jobum
2994 4124 3102 4182 ,-et
3128 4126 3282 4171 exlra
3315 4117 3454 4172 civi-

1858 4213 2022 4259 tatem
2051 4219 2217 4274 super
2250 4205 2648 4261 candelabrum
2675 4216 3030 4263 ste‘rcoreum
3058 4209 3240 4279 posui,
3281 4221 3340 4265 ut
3370 4211 3475 4266 lu-.

1854 4304 1975 4352 cent
2018 4296 2282 4352 omnibus
2325 4297 2381 4351 in
2413 4298 2552 4353 orbe
2592 4305 2886 4354 terrarum.
2919 4299 3039 4353 Alia
3074 4301 3314 4371 denique
3359 4317 3454 4359 ca-

1855 4389 2078 4460 stigatio
2104 4399 2209 4458 est,
2247 4391 2301 4445 in
2331 4392 2652 4446 universum
2678 4407 2707 4446 a
2743 4391 2854 4446 Deo
2883 4392 3064 4449 deseri
3105 4406 3331 4466 propter
3362 4413 3456 4454 ex-

1860 4491 2090 4556 tremam
2113 4485 2416 4555 nequitiam
2435 4493 2491 4541 et
2507 4485 2942 4556 improbitatem,
2960 4491 3047 4544 cui
3074 4491 3211 4544 nihil
3229 4493 3457 4549 omnino

1850 4579 2148 4649 admistum
2183 4587 2269 4635 est
2297 4579 2430 4635 boni
2454 4597 2467 4634 ε
2495 4580 2645 4651 quod
2669 4590 2723 4636 et
2748 4580 3045 4650 Pharaoni,
3077 4593 3131 4640 et
3159 4583 3457 4642 Nabucho-

1850 4668 2137 4732 donosori,
2169 4677 2224 4723 et
2246 4667 2401 4724 Iudae
2436 4671 2689 4742 contigit,
2714 4683 2775 4726 ut
2807 4674 2860 4727 in
2903 4675 3135 4730 exitium
3171 4679 3455 4733 traderen-

1850 4771 1941 4815 tur
2009 4771 2232 4832 propter
2307 4763 2770 4840 inemendabilem
2851 4767 3140 4823 malitiam.
3203 4771 3454 4826 Avertam

1848 4855 1994 4908 enim
2025 4854 2261 4925 ab-ipsis
2293 4857 2488 4926 faciem
2526 4873 2736 4926 meum,
2777 4869 2826 4915 et
2866 4861 3144 4916 ostendam
3167 4865 3294 4935 quid
3331 4883 3452 4921 cum

1848 4946 1980 5014 ipsis
2024 4946 2266 5016 futurum
2315 4949 2386 5001 sit
2438 4948 2495 5003 in
2537 4949 2852 5006 novissimis
2884 4994 2897 5017 ,
2950 4955 3131 5024 inquit
3159 4955 3307 5013 Deus
3354 4976 3452 5030 per

1849 5039 2091 5110 linguam
2123 5039 2290 5097 Mosis
2315 5043 2384 5097 '°.
2423 5041 2819 5100 Verumtamen
2846 5044 3452 5107 Nabuchodonosorcm

1849 5146 1947 5200 per
1977 5131 2326 5202 disciplinam
2367 5135 2686 5191 cautiorem
2719 5139 2994 5203 redditum
3019 5180 3034 5205 ,
3081 5150 3137 5197 et
3172 5157 3241 5198 ex
3275 5152 3454 5200 temu-

1847 5225 2014 5280 lentia
2058 5227 2305 5282 sobrium
2356 5227 2562 5283 factum
2596 5244 2709 5284 non
2741 5231 2922 5300 rejicit
2954 5234 3049 5304 qui
3102 5235 3346 5306 rejectus
3380 5240 3451 5294 ah

1847 5319 1968 5389 ipso
1997 5330 2147 5388 erat,
2189 5320 2366 5377 Deus:
2420 5321 2516 5378 sed
2556 5338 2753 5378 rursus
2783 5325 2860 5379 illi
2896 5341 3124 5395 regnum
3183 5330 3446 5397 restituit,

1847 5428 2091 5484 purpura
2123 5415 2442 5472 exhilarans
2481 5418 2662 5487 ipsum
2697 5425 2753 5470 et
2785 5419 3122 5498 diademate.

2262 5506 2780 5564 INTERROGATIO
2823 5511 3033 5566 (ΣΧΧΗ.

1916 5601 2061 5667 Quot
2093 5602 2209 5656 dies
2241 5602 2294 5656 in
2327 5603 2588 5673 paradiso
2621 5607 2803 5674 exegit
2835 5607 3128 5662 Adamus?
3158 5607 3442 5680 Siquidem

1847 5696 2000 5776 multi
2034 5697 2126 5766 qui
2161 5697 2281 5766 ejus
2305 5708 2457 5764 gesta
2486 5699 2770 5754 memoria:
2800 5700 3060 5768 produnt,
3093 5705 3294 5772 partim
3323 5709 3446 5776 qui-

1848 5770 1970 5844 dem
2007 5787 2231 5844 tradunt
2256 5791 2372 5846 dies
2395 5807 2528 5852 sex;
2562 5793 2827 5864 ideoque,
2865 5803 2923 5849 ut
2953 5770 3109 5852 aiunt
3132 5839 3146 5862 ,
3174 5770 3446 5857 sexto-die

214 5877 400 5976 i1":-
441 5896 504 5976 ’.ι
538 5881 874 5976 “ﬁt”?
915 5886 1175 5976 les-15.”,
1211 5890 1431 5976 3.5;“.-
1499 5891 1539 5923 ’⁵
1573 5890 1678 5947 δοι)
1707 5910 1754 5976 1'.

1932 5898 1976 5927 ιδ
2009 5896 2185 5976 tonui,
2222 5899 2311 5954 τι.
2396 5899 2438 5932 ¹⁷
2480 5897 2805 5972 Psal.xm,
2853 5900 2935 5958 10.
3023 5903 3066 5936 "
3101 5902 3218 5963 Jac.
3263 5923 3338 5973 iv,
3374 5908 3441 5976 6;

140 5947 161 6006 Ι
199 5947 316 6008 Pet.
358 5967 412 6022 ν,
469 5952 528 6014 5.

613 5953 655 5986 "
693 5953 886 6015 Matth.
949 5973 996 6022 ν,
1043 5957 1128 6014 15.
1211 5962 1254 5993 ³ο
1293 5959 1452 6018 Deut.
1498 5979 1667 6026 χχχιι,
1706 5953 1796 6028 ΞΟ,
1855 5983 1966 6023 scc.
2011 5967 2171 6026 LXX.
