4032 6312
574 302 711 356 IOII

569 418 720 471 venit
754 416 1033 473 Servatur.
1058 417 1167 473 Alii
1194 434 1323 474 vero
1354 435 1451 474 sex
1486 428 1697 475 tantum
1730 422 1921 477 dicunt
1961 422 2145 487 horas;

571 506 806 579 ideoque
856 518 1008 565 sexta
1060 510 1193 565 hora
1232 513 1530 567 cruciﬁxus
1562 513 1839 568 Servator.
1886 514 1992 568 Alii
2022 530 2158 583 qua-

573 600 827 672 draginta
857 602 973 657 dies
1005 612 1295 669 asserunt,
1332 620 1473 673 quos
1504 604 1560 659 in
1593 606 1848 672 paradiso
1880 606 2159 660 habitave-

574 692 667 755 rit,
699 701 754 745 et
774 692 827 744 in
859 692 1068 746 deliciis
1097 693 1298 762 egerit,
1336 695 1477 749 unde
1506 706 1726 765 propter
1765 698 2159 767 transgressio-

577 798 697 836 nem
733 784 993 851 expulsus
1025 785 1097 838 sit
1122 801 1309 854 :quos
1338 787 1495 841 aiunt
1528 789 1779 843 retulisse
1796 788 2077 844 Christum
2105 800 2159 845 et

572 889 980 943 compensasse,
1012 891 1121 943 quo
1144 887 1386 946 tempore
1420 894 1515 948 per
1541 879 1899 949 quadraginta
1919 880 2038 935 dies
2063 896 2160 934 ne-

573 981 681 1034 que
708 967 946 1023 comedit
977 984 1155 1037 neque
1182 969 1342 1036 bibit,
1366 970 1422 1024 in
1456 971 1671 1026 deserto
1697 988 1727 1026 a
1761 974 1982 1027 diabolo
2013 974 2160 1028 velut

574 1060 740 1113 homo
770 1069 1029 1115 tentatus.

1197 1154 1501 1225 Responsio.

646 1244 803 1310 Quod
828 1247 1192 1317 quadraginta
1210 1248 1423 1303 dierum
1454 1260 1669 1319 tempus
1702 1252 1923 1315 attinet,
1950 1252 2001 1305 id
2031 1268 2160 1307 vero

574 1347 630 1391 et
679 1337 796 1407 ipse
842 1336 956 1406 jam
1004 1348 1169 1394 antea
1210 1340 1453 1405 tradidi,
1502 1357 1566 1397 ac
1599 1342 1816 1396 videtur
1846 1344 1979 1397 mihi
2011 1344 2160 1399 haud

576 1428 827 1485 absimile
860 1446 989 1485 vero
1022 1446 1167 1486 esse.
1192 1430 1325 1489 Nam
1364 1433 1468 1487 hoc
1509 1434 1736 1489 imitans
1773 1449 1933 1489 sacer
1973 1435 2160 1489 Eccle-

575 1522 671 1577 sia:
699 1532 897 1579 nostra
921 1533 1131 1587 cretus,
1168 1525 1337 1579 semel
1375 1539 1473 1595 per
1507 1534 1681 1581 totum
1706 1528 1834 1581 anni
1868 1528 2156 1592 ambitum,

574 1629 700 1668 cum
734 1615 1061 1669 abstinentia
1089 1616 1439 1670 severissima
1468 1624 1578 1669 tam
1608 1618 1856 1671 ciborum
1884 1632 2050 1687 quam
2077 1633 2161 1671 re-

573 1720 697 1759 rum
726 1706 958 1775 jejunat,
990 1706 1273 1775 pristinam
1306 1708 1542 1777 paradisi
1569 1708 1823 1777 patriam,
1852 1718 1905 1763 et
1934 1709 2156 1764 deside-

572 1796 800 1851 rabilem
836 1798 983 1853 illius
1033 1799 1234 1853 victum
1267 1800 1540 1854 desiderio
1592 1786 1833 1857 maximo
1874 1812 2155 1872 expetens.

572 1889 843 1948 Nimirum
901 1892 1142 1946 vicissim
1205 1894 1419 1946 cunctis
1477 1894 1641 1962 primi
1694 1898 1940 1964 parentis
1981 1900 2158 1953 nostri

572 1980 771 2036 debitis
810 1978 1063 2035 Christus
1097 1996 1157 2035 se
1208 1982 1491 2050 subjecit;
1520 1981 1657 2037 Cum
1710 1985 1801 2039 ille
1846 1986 1995 2041 dicto
2047 2002 2157 2041 non

572 2071 737 2127 fuerit
761 2071 1027 2139 audiens,
1061 2074 1305 2139 vicissim
1340 2074 1427 2128 hic
1470 2074 1676 2130 obediit
1713 2092 1888 2147 usque
1922 2078 1991 2134 ad
2026 2093 2157 2132 cru-

572 2180 690 2220 cem
723 2175 777 2218 et
823 2174 1075 2219 mortem.
1110 2165 1203 2225 Ille
1254 2175 1495 2222 tentatus
1528 2183 1625 2236 per
1668 2167 1869 2235 Evam,
1917 2185 2043 2225 cum
2066 2171 2156 2225 illa

566 2259 683 2327 jam
716 2274 745 2312 a
779 2266 1046 2312 tentatore
1077 2268 1331 2327 superata
1361 2269 1529 2324 esset,
1566 2262 1807 2331 gustavit
1834 2261 1901 2317 de
1925 2264 2109 2317 vetitis
2141 2282 2156 2319 :

573 2352 662 2406 hic
692 2358 934 2406 tentatus
960 2351 1172 2420 jejunat
1193 2393 1209 2417 ,
1237 2368 1604 2421 compensans
1624 2353 1988 2424 quadraginta
2023 2371 2157 2410 exa-

570 2454 689 2499 ctos
723 2445 776 2517 in
813 2444 1067 2512 paradiso
1102 2444 1220 2499 dies
1252 2461 1281 2497 a
1334 2444 1513 2514 primo
1536 2455 1764 2514 parente
1792 2456 1985 2502 nostro
2007 2446 2158 2502 Ada-

570 2550 697 2601 mo,
742 2546 795 2589 et
842 2552 939 2604 pro
966 2536 1182 2591 deliciis
1213 2536 1280 2590 ad
1310 2537 1551 2605 inopiam
1603 2552 1705 2592 nos
1745 2538 2013 2592 excitans.
2064 2539 2159 2594 ille

570 2630 707 2683 deus
731 2629 845 2682 ﬁeri
876 2630 1087 2693 volens,
1131 2629 1431 2683 frustratus
1464 2646 1560 2697 spe
1584 2646 1682 2684 sua
1708 2672 1723 2693 ,
1753 2631 1917 2685 etiam
1953 2632 2003 2684 id
2035 2647 2156 2685 mu-

575 2734 720 2779 tatus
756 2724 940 2778 amisit
970 2723 1115 2792 quod
1146 2724 1301 2793 prius
1326 2732 1482 2788 erat-,
1516 2738 1580 2777 ex
1627 2724 1922 2778 immortali
1952 2735 2161 2779 morta-

573 2816 641 2870 lis
672 2814 868 2878 ractus,
905 2825 958 2869 et
982 2831 1046 2869 ex
1074 2816 1232 2869 beato
1263 2815 1594 2870 damnatus:
1629 2815 1719 2869 hic
1752 2831 1849 2885 pro
1884 2817 1978 2871 illo
2009 2832 2159 2871 mor-

573 2910 699 2964 talis
726 2908 783 2962 ﬁt
804 2949 818 2972 ,
851 2924 1079 2963 manens
1112 2909 1288 2973 Deus,
1342 2911 1550 2965 ratione
1584 2920 1793 2965 natura;
1839 2925 1945 2964 non
1987 2919 2161 2965 mutao

571 3010 680 3065 tus,
715 3018 891 3070 neque
924 3002 1099 3057 factus
1150 3002 1291 3056 alius
1326 3002 1537 3056 ratione
1582 3002 1905 3057 divinitatis.
1958 3002 2050 3055 Ille
2090 3017 2157 3055 ex

570 3095 826 3165 paradiso
851 3096 903 3148 in
932 3094 1075 3148 hunc
1100 3108 1472 3148 arrumnosum
1498 3094 1942 3164 laboriosumque
1970 3095 2150 3149 locum

570 3190 832 3257 expulsus
863 3199 975 3243 est:
1011 3190 1099 3242 hic
1132 3188 1253 3258 ejus
1303 3203 1471 3243 causa
1519 3189 1589 3243 de
1641 3188 1796 3243 caelis
1835 3188 2153 3253 adveniens,

574 3281 721 3334 illius
746 3281 977 3335 assumit
1008 3280 1197 3344 vitam,
1226 3292 1326 3348 pro
1356 3279 1479 3334 luce
1504 3281 1785 3336 inaccessa
1811 3280 2156 3335 tenebrosam

574 3374 715 3426 hanc
745 3382 798 3425 et
833 3373 1125 3426 obscurant
1170 3373 1486 3441 speluncam
1529 3372 1816 3427 habitans:
1849 3373 1970 3427 vice
1999 3372 2159 3426 intel-

568 3465 831 3519 lectilium
861 3476 912 3518 et
944 3466 1155 3518 ratione
1188 3466 1541 3534 praeditorum
1574 3464 1921 3527 animalium,
1953 3464 2161 3518 anima-

572 3561 719 3614 libus
774 3560 987 3613 ratione
1038 3560 1355 3613 carentibus
1395 3558 1807 3614 circumdatus:
1852 3558 1973 3612 loco
2008 3567 2164 3628 pote-

576 3663 781 3709 statum
814 3654 1059 3706 omnium
1094 3668 1123 3705 a
1164 3652 1365 3720 quibus
1388 3650 1728 3719 gestabatur,
1770 3651 1821 3703 in
1853 3649 1997 3705 ulnis
2031 3665 2156 3703 san-

574 3758 675 3800 ctie
704 3746 923 3814 quidem
978 3744 1225 3798 mulieris
1255 3753 1309 3795 et
1356 3744 1515 3812 cujus
1554 3744 1756 3797 intacta
1791 3753 2160 3812 perpetuaque

574 3837 860 3905 virginitas
881 3844 1047 3897 esset,
1068 3834 1376 3888 communis
1400 3842 1583 3888 tamen
1615 3836 1900 3889 nobiscum
1930 3846 2155 3902 naturae,

574 3934 862 3999 portatus:
898 3942 994 3995 pro
1026 3925 1287 3994 angelicis
1324 3925 1543 3994 hymnis
1572 3934 1625 3979 et
1664 3926 1925 3989 canticis,
1960 3928 2159 3996 petitus

582 4019 872 4073 calumniis
901 4057 914 4079 ,
972 4019 1127 4086 quasi
1164 4018 1494 4070 daemonium
1545 4016 1795 4082 haberet,
1843 4028 1897 4071 et
1927 4014 2019 4088 per
2045 4019 2158 4081 dae-

571 4112 886 4170 tuoniorum
917 4110 1215 4178 principem
1246 4109 1513 4162 da-monia
1542 4109 1781 4178 ejiceret,
1815 4120 1868 4165 ct
1899 4112 2158 4181 populum

572 4204 896 4264 soduooret;
932 4202 1268 4271 eaeteroquin
1306 4216 1336 4254 a
1395 4202 1580 4269 pueris
1628 4200 1978 4256 Hebraeorum
2020 4205 2161 4259 cele—

574 4296 790 4359 brutus,
820 4294 1207 4349 clamantibus:
1242 4293 1556 4348 Benedictus
1585 4296 1676 4363 qui
1715 4297 1847 4348 venit
1873 4297 1925 4348 in
1954 4299 2160 4350 nomine

576 4388 791 4441 Domini
818 4388 883 4438 ἰ.
922 4384 1028 4440 Pro
1050 4386 1170 4439 loco
1204 4386 1450 4455 virginis,
1498 4388 1756 4440 nimirum
1793 4387 1934 4453 Erae,
1969 4404 2158 4456 perpe-

579 4489 728 4535 tuam
755 4480 1021 4549 virginem
1064 4488 1311 4532 sanctam
1355 4490 1584 4533 matrem
1636 4496 1793 4533 suam
1825 4482 2110 4534 suscitavit
2145 4502 2156 4535 :

577 4585 680 4641 pro
707 4570 853 4624 illius
884 4586 1067 4639 pmna,
1094 4570 1221 4623 huic
1252 4570 1482 4623 salutem
1519 4586 1610 4639 per
1638 4572 1913 4639 proprium
1941 4588 2160 4627 servum

580 4662 897 4717 Gabricium
919 4662 1091 4727 misit,
1124 4663 1179 4716 in
1213 4663 1313 4717 hac
1344 4680 1545 4717 sanans
1578 4680 1697 4732 qum
1724 4666 1812 4717 illa
1836 4666 2155 4735 deliquerat.

577 4754 686 4808 Pro
719 4754 868 4823 ligno
903 4752 1359 4821 transgressionis
1396 4754 1601 4824 lignum
1653 4756 2074 4810 resurrectionis
2106 4754 2159 4808 in

578 4843 758 4898 medio
782 4854 958 4907 terrm,
1006 4843 1299 4897 salutat-em
1341 4858 1560 4899 crucem
1598 4860 1753 4898 suam
1794 4846 1930 4899 ﬁxit.
1961 4845 2162 4912 Quem-

578 4937 874 4992 admodum
927 4936 1107 5005 inquit
1140 4936 1227 4990 ille
1258 4937 1567 4991 carminum
1608 4938 1920 4992 divinorum
1970 4948 2162 4993 auctor

578 5029 844 5083 Davides:
880 5027 1019 5081 Deus
1048 5038 1225 5080 noster
1254 5030 1345 5099 qui
1392 5040 1467 5082 est
1517 5040 1638 5083 ante
1665 5030 1861 5084 σακκία
1888 5070 1902 5094 ,
1936 5032 2162 5089 salutent

579 5132 829 5191 operatus
858 5132 933 5175 est
957 5123 1011 5175 in
1043 5122 1215 5175 medio
1242 5132 1395 5175 terra
1423 5125 1490 5178 ".
1510 5122 1630 5179 ΔΡιο
1668 5128 1777 5177 nun
1815 5125 1907 5177 illo
1940 5124 2161 5193 quidem

580 5214 905 5268 naturaliter
926 5256 939 5279 ,
973 5214 1066 5269 sed
1099 5229 1193 5284 per
1223 5216 1716 5287 transgressionem
1772 5214 1986 5271 letifero
2015 5217 2160 5281 cibo,

580 5318 833 5363 naturam
868 5325 1024 5363 suam
1053 5308 1291 5362 divinam
1333 5319 1535 5363 nostra:
1573 5309 1768 5363 uniens
1791 5347 1805 5373 ,
1845 5310 1999 5364 cibus
2030 5311 2166 5363 vivi—

581 5404 719 5455 ﬁeus
755 5403 934 5455 medio
992 5402 1047 5455 in
1097 5416 1223 5456 aere
1268 5402 1514 5470 pendens
1564 5402 1820 5457 omnibus
1851 5404 2165 5471 propositus

582 5503 703 5558 est,
736 5502 791 5548 et
822 5495 891 5549 ab
928 5494 1189 5548 omnibus
1240 5496 1536 5564 percipitur
1562 5534 1575 5557 ,
1630 5495 1747 5565 ipse
1806 5496 2165 5552 nihilominus

1636 301 1693 356 S.
1726 301 2034 357 CAESARI]
2072 301 2405 363 GREGORH
2446 306 2750 367 FRATRIS

3707 318 3860 376 1018

2260 424 2290 475 6
2314 426 2525 500 Σωτήρ.
2572 431 2756 486 Ἀλλοι
2781 433 2839 487 δὲ
2868 433 3117 502 λέγουσιν
3159 433 3219 498 ἓξ
3247 436 3409 506 μόνον
3430 437 3579 507 ὥρας
3598 455 3613 469 ·
3642 437 3719 492 διὲ
3757 440 3859 493 καὶ

2264 517 2397 590 ἕκτῃ
2432 517 2551 591 ὥρᾳ
2579 524 2902 596 ἐσταυρώθη
2930 527 2959 578 6
2984 528 3193 598 Σωτήρ.
3228 528 3443 599 Ἐτεροι
3473 529 3527 581 δὲ
3577 532 3859 602 τεσσαρά-

2264 626 2428 663 κοντα
2451 611 2701 680 λέγουσιν
2736 615 2947 687 ἡμέρας
2973 616 3377 687 ἐνδιαιτηθὺντα
3404 617 3482 689 τῷ
3507 610 3853 690 παραδείσῳ,

2264 702 2357 754 καὶ
2402 703 2851 775 ἐντρυφήσαντα,
2886 709 3186 779 ἐξωσθῆναι
3246 711 3313 780 τῇ
3366 708 3678 780 παραϐάσει
3704 729 3719 741 ⁹
3760 710 3857 777 ἃς,

2266 795 2468 861 φησὶν,
2527 796 2864 866 ἀντεισάγων
2908 799 2937 851 6
2990 800 3226 871 Χριστὸς
3269 800 3365 854 καὶ
3396 800 3703 868 ἀντισηκῶν
3751 801 3861 854 οὐκ

2262 887 2464 955 ἔφαγεν
2490 928 2504 952 ,
2549 887 2671 941 οὐδὲ
2719 888 2907 951 ἔπιεν,
2964 893 3373 962 τεσσαράκοντα
3414 891 3624 962 ἡμέρας
3674 892 3735 942 ἐν
3784 893 3857 962 τῇ

2265 981 2456 1050 ἐρήμῳ
2486 980 2592 1034 ὑπὸ
2620 982 2715 1035 τοῦ
2750 982 2997 1036 διαϐόλου
3023 982 3417 1055 πειραζόμενος
3441 983 3516 1047 ὡς
3539 982 3856 1055 ἀνθρωπος.

2876 1161 3239 1229 Ἀπόκρισις.

2334 1250 2536 1306 Τοῦτον
2580 1252 2679 1322 μὲν
2706 1253 2807 1323 τῆς
2853 1252 3297 1324 τεσσαρακοστῆς
3331 1251 3425 1305 τὸν
3460 1252 3660 1323 τρόπον
3689 1249 3863 1322 κάγὼ

2262 1342 2365 1413 ήδη
2393 1343 2674 1414 προέφηψ
2710 1343 2804 1395 καὶ
2854 1344 2914 1395 οὐ
2961 1343 3110 1397 δοκεῖ
3154 1361 3244 1414 μοι
3278 1343 3508 1406 ἀπεικὸς
3558 1344 3857 1415 ὑπάρχειν.

2262 1427 2448 1488 Ταῦτα
2493 1435 2604 1506 γάρ
2650 1435 2888 1507 ἑπομένη
2923 1437 2956 1506 ἡ
2997 1434 3116 1487 θεία
3164 1435 3264 1506 τῆς
3312 1434 3640 1505 Ἐκκλησίας
3689 1434 3860 1507 ἡμῶν

2261 1528 2553 1597 ὁμήγυρις,
2602 1526 2751 1592 ἅπαξ
2795 1527 2883 1581 διά
2923 1529 3105 1598 πάσης
3137 1526 3245 1580 τοῦ
3276 1524 3524 1580 ἐνιαυτοῦ
3557 1524 3655 1595 τῆς
3688 1542 3860 1596 περι-

2259 1618 2381 1671 όδου
2414 1621 2511 1673 σὺν
2539 1619 2875 1691 σφοδροτάτῃ
2902 1620 3082 1689 ἀποχῇ
3118 1618 3424 1691 βρωμάτων
3454 1619 3549 1693 καὶ
3586 1616 3862 1688 πραγμά-

2264 1729 2372 1766 των
2394 1710 2664 1782 νηστεύει,
2678 1711 2777 1782 τὴν
2793 1712 3024 1783 ἀρχαίαν
3048 1710 3143 1764 τοῦ
3165 1710 3493 1783 παραδείσου
3515 1704 3863 1779 ἐπιζητοῦσα

2266 1804 2536 1875 πατρίδα,
2591 1806 2685 1858 καὶ
2734 1803 2833 1875 τὴν
2880 1800 3009 1856 ἐκεῖ
3038 1802 3389 1875 ίμειρομένην
3424 1802 3652 1854 δίαιταν.
3698 1798 3867 1851 Ἀνθ-

2261 1895 2437 1966 υπέϐη
2472 1896 2581 1967 γάρ
2612 1899 2746 1950 πᾶσι
2784 1899 2895 1960 τοῖς
2922 1895 3015 1948 τοῦ
3044 1896 3385 1966 προπάτορος
3410 1896 3443 1964 ἡ
3454 1893 3571 1962 μῶν
3599 1892 3861 1963 ὀφλήμα-

2261 2004 2346 2041 σιν
2378 1990 2406 2041 ὁ
2431 1986 2689 2058 Χριστός.
2757 1987 2996 2041 Ἐκείνου
3039 1988 3149 2059 γὰρ
3192 1984 3640 2058 παρακούσαντος
3665 2025 3680 2049 ,
3723 1981 3864 2036 ἀνθ-

2260 2077 2521 2134 υπακούει
2552 2070 2709 2140 οὗτος
2742 2078 2904 2147 μέχρι
2947 2076 3180 2147 σταυροῦ
3210 2078 3303 2129 καὶ
3327 2075 3578 2129 θανάτου.
3617 2075 3864 2137 Ἐκεῖνος

2260 2170 2652 2242 πειραζόμενος
2676 2169 2765 2222 διά
2808 2170 2910 2239 τῆς
2944 2168 3087 2233 Εὔας
3123 2170 3223 2241 ήδη
3254 2171 3569 2239 ἡττημένης
3603 2166 3682 2237 τῷ
3727 2182 3862 2219 πει·

2259 2263 2478 2335 ράζοντι
2504 2306 2517 2329 ,
2569 2262 2679 2315 τῶν
2706 2308 2715 2319 .,
2736 2258 3202 2333 ἀπηγορευμένων
3255 2260 3637 2329 ἀπεγεύσατο·
3693 2249 3864 2321 οὗτος

2260 2344 2677 2426 πειραζόμενος,
2710 2353 2961 2424 νηστεύει
2996 2351 3473 2423 ἀντιπρυτανεύων
3505 2351 3604 2412 τὰς
3651 2351 3710 2402 ἐν
3748 2364 3863 2401 πα-

2262 2448 2494 2519 ραδείσῳ
2523 2446 2933 2518 τεσσαράκοντα
2961 2446 3174 2517 ἡμέρας
3197 2444 3289 2498 τοῦ
3319 2444 3663 2515 προπάτορος
3693 2443 3725 2511 ἡ
3735 2439 3864 2510 μῶν

2272 2540 2479 2611 Ἀδάμ,
2528 2540 2859 2609 ἀντεγείρων
2887 2541 2952 2609 τῇ
2999 2540 3179 2608 τρυφῇ
3210 2538 3310 2607 τὴν
3360 2535 3597 2589 ἔνδειαν
3649 2536 3862 2594 ἐκεῖνος

2256 2634 2380 2701 θεὸς
2423 2633 2677 2703 γενέσθαι
2716 2632 2995 2703 βουληθεὶς
3032 2631 3089 2684 δὲ
3118 2631 3229 2700 (88)
3252 2672 3266 2695 ,
3294 2631 3389 2683 καί
3416 2631 3553 2700 ὅπερ
3578 2622 3668 2700 ἦν,
3694 2625 3863 2697 ἐτρά-

2260 2744 2339 2798 πη
2368 2768 2382 2793 ,
2418 2727 2477 2791 ἐξ
2516 2725 2787 2780 ἀθανάτου
2824 2726 3018 2795 θνητὸς
3052 2723 3378 2795 γενόμενος,
3430 2724 3525 2775 καὶ
3572 2722 3637 2773 ἐκ
3672 2720 3862 2788 μάκα-

2262 2836 2355 2894 ρος
2384 2819 2744 2889 κατάκριτος·
2779 2813 2937 2888 οὗτος,
2963 2817 3103 2887 ὑπὲρ
3138 2815 3345 2868 ἐκείνου
3389 2813 3581 2885 βροτὸς
3620 2811 3860 2881 γίνεται,

2264 2913 2442 2983 μένων
2480 2910 2643 2987 Θεὸς,
2675 2909 2751 2980 μὴ
2782 2911 3013 2980 τραπεὶς
3051 2908 3150 2979 τὴν
3202 2907 3364 2975 φύσιν
3391 2946 3407 2969 ,
3440 2905 3515 2975 μὴ
3543 2902 3864 2965 ἀλλοιωθεὶς

2260 3006 2358 3077 τὴν
2392 3006 2639 3076 θεότητα.
2693 3002 2931 3067 Ἐκεῖνος
2961 3003 3026 3055 ἐκ
3051 2999 3381 3071 παραδείσου
3415 2999 3495 3062 είς
3520 2997 3580 3049 τὸ
3606 2995 3864 3066 ἐμπαθὲς

2262 3100 2356 3152 καὶ
2407 3098 2667 3152 ἐπίπονον
2716 3094 2876 3149 τοῦτο
2926 3093 3201 3165 ἐξοικίσθη
3256 3091 3485 3163 χωρίον’
3520 3085 3672 3153 οὗτος
3712 3089 3863 3162 ὑπὲρ

2261 3190 2473 3246 ἐκείνου
2501 3190 2559 3256 ἐξ
2581 3186 2828 3260 οὐρανῶν
2858 3184 3357 3257 ἐπιφοιτήσας,·τδν
3379 3182 3590 3236 ἐκείνου
3616 3182 3866 3252 ἀναλαμ-

2260 3282 2484 3335 ϐάνεται
2537 3279 2687 3350 βίον,
2728 3278 2850 3333 ἀντὶ
2909 3277 3089 3347 φωτὸς
3142 3275 3236 3329 τοῦ
3288 3274 3584 3346 ἀπροσίτου
3627 3274 3694 3327 τὸ
3730 3289 3862 3327 σκο-

2258 3356 2432 3429 τεινὸν
2458 3373 2553 3427 καὶ
2583 3371 2824 3442 ἀφεγγὲς
2862 3372 3058 3442 ἀντρον
3090 3369 3255 3424 οἰκῶν
3279 3386 3294 3398 ·
3332 3368 3605 3439 ἀντὶδτῶν
3648 3368 3863 3439 νοερῶν

2260 3468 2354 3520 καί
2386 3465 2619 3535 λογικῶν
2650 3463 2825 3528 ζώων,
2856 3461 3015 3528 ζώοις
3046 3462 3263 3530 ἀλόγοις
3292 3461 3661 3532 κυκλούμενος
3684 3477 3697 3490 ·
3734 3460 3862 3514 ἀντὶ

2260 3558 2451 3613 πασῶν
2478 3555 2757 3629 φερουσῶν
2782 3554 3087 3623 δυνάμεων,
3115 3553 3383 3623 ἀγκάλαις
3410 3552 3665 3622 γυναικὸς
3691 3552 3855 3619 ἁγίας

2264 3654 2383 3725 μὲν,
2416 3653 2686 3723 ἀχράντου
2716 3651 2812 3704 καὶ
2840 3650 3148 3713 ἀείπαιδος,
3201 3648 3304 3717 τῆς
3350 3647 3407 3700 δὲ
3457 3646 3644 3715 κοινῆς
3696 3646 3857 3716 ἡμῶν

2261 3747 2510 3815 φύσεως,
2575 3742 2876 3815 φερόμενος
2894 3760 2914 3799 ,ο
2973 3743 3094 3795 ἀντὶ
3152 3739 3459 3810 ἀγγελικῶν
3517 3738 3704 3809 ὓμνων
3761 3739 3861 3791 καὶ

2260 3840 2415 3910 ᾠδῶν
2436 3877 2450 3901 ,
2480 3836 2990 3907 συκοφαντούμενος
3032 3835 3309 3904 δαιμόνιον
3351 3831 3493 3902 ἐχειν
3520 3871 3534 3895 ,
3567 3833 3662 3883 καὶ
3690 3833 3750 3884 ἐν
3780 3828 3860 3900 τῷ

2261 3934 2484 4005 ἄρχοντι
2515 3932 2809 4002 δαιμονίων
2839 3930 3125 3983 ἐκϐάλλειν
3170 3923 3238 3980 τὰ
3269 3926 3521 3997 δαιμόνια
3547 3965 3560 3988 ,
3596 3925 3690 3976 καὶ
3718 3923 3858 3977 πλα-

2260 4028 2359 4097 νᾷν
2421 4025 2549 4087 τοὺς
2598 4023 2788 4093 ὄχλους
2820 4038 2834 4052 ο
2889 4021 3076 4074 παισὶν
3123 4016 3393 4089 Ἑϐραίων
3447 4014 3857 4085 ἀνυμνούμενος

2264 4116 2542 4189 βοώντων,
2599 4113 3021 4183 Εὐλογημένος
3054 4115 3087 4166 ὁ
3125 4111 3447 4180 ἐρχόμενος
3490 4110 3563 4162 ἐν
3606 4109 3859 4177 ὀνόματι

2261 4210 2505 4277 Κυρίου.
2539 4206 2685 4259 ’Λντὶ
2710 4204 2980 4275 παρθένου
3006 4202 3105 4274 τῆς
3124 4199 3266 4264 Εὔας
3286 4199 3544 4253 ἀείπαιδα
3565 4197 3664 4270 τὴν
3691 4198 3857 4267 ἁγίαν

2262 4300 2428 4357 αὑτοῦ
2483 4300 2695 4371 μητέρα
2724 4297 3049 4369 ἀντήγειρεν
3071 4312 3084 4325 ·
3116 4294 3240 4347 ἀντὶ
3284 4287 3377 4345 τοῦ
3430 4290 3644 4362 ἐκείνης
3678 4293 3860 4344 ἐπιτι-

2273 4394 2415 4464 μίου,
2438 4392 2612 4461 ταύτῃ
2634 4391 2717 4456 τὸ,
2736 4389 2935 4459 Χαῖρε,
2956 4386 3045 4439 διά
3065 4384 3160 4438 τοῦ
3184 4384 3385 4437 οίκείου
3406 4382 3592 4435 δούλου
3614 4382 3859 4455 Γαϐριὴλ

2269 4486 2622 4546 ἀπέστειλεν,
2666 4485 2723 4536 ἐν
2751 4482 2925 4555 ταύτῃ
2962 4478 3031 4532 τά
3075 4479 3289 4548 ἐκείνης
3340 4474 3681 4545 ἀκούμενοςυ
3737 4478 3859 4529 ἀντὶ

2271 4580 2429 4647 ξύλου
2480 4577 2878 4647 παραϐάσεως,
2924 4572 3077 4638 ξύλον
3112 4570 3456 4631 ἀναστάσεως
3483 4572 3541 4621 ἐν
3577 4569 3729 4638 μέσῳ
3756 4569 3857 4638 τῆς

2270 4672 2532 4754 γῆςετὸν
2581 4671 2849 4739 σωτήριον
2900 4664 3093 4719 ἑαυτοῦ
3142 4662 3373 4733 σταυρὸν
3415 4658 3599 4754 ἔπηξε,
3659 4661 3859 4754 βαθῴς

2270 4751 2642 4836 φησιν,Δαϐ“ιδ
2666 4763 2693 4813 ὁ
2722 4758 2829 4813 τῶν
2856 4756 3015 4811 θείων
3049 4754 3284 4839 μελῳδὸς
3312 4770 3324 4783 ·
3372 4756 3427 4806 '0
3465 4752 3535 4808 δὲ
3568 4752 3683 4820 πρὸ
3722 4751 3859 4805 αἰὼ-

2269 4876 2391 4911 νων
2420 4858 2563 4919 Θεὸς
2599 4853 2770 4924 ἡμῶν
2791 4851 3109 4921 εἰργάσατο
3126 4849 3432 4917 σωτηρίαν
3457 4849 3528 4901 ἐν
3553 4846 3723 4916 μέσῳ
3748 4846 3859 4913 τῆς

2268 4950 2416 5021 γῆς’
2446 4949 2565 5003 ἀντὶ
2587 4948 2686 5016 τῆς
2728 4945 2789 4998 οὐ
2818 4945 2977 5014 φύσει
3022 4942 3157 4995 ἀλλά
3188 4941 3440 5010 παρακοῇ
3478 4938 3857 5009 θανατηφόρου

2270 5042 2468 5111 ἐδωδῆς
2490 5081 2505 5105 ,
2530 5040 2628 5107 τὴν
2657 5037 2848 5091 ἑαυτοῦ
2884 5034 3035 5099 θείαν
3067 5034 3226 5104 φύσιν
3252 5035 3318 5102 τῇ
3347 5031 3594 5103 ἡμετέρᾳ
3625 5028 3854 5123 ἐνώμας,

2271 5132 2552 5202 ζωηφόρος
2578 5130 2746 5199 ἐδωδὴ
2779 5128 3063 5197 πρόκειται
3090 5126 3230 5181 κατά
3272 5126 3362 5179 τὸν
3411 5126 3548 5195 ἀέρα
3576 5124 3683 5177 ὑπὸ
3717 5124 3855 5177 πάν-

2272 5242 2379 5277 των
2414 5222 2773 5293 μετεχόμενος
2798 5264 2811 5285 ,
2860 5221 2954 5275 καὶ
3011 5221 3185 5290 μένων
3228 5221 3255 5271 ὁ
3292 5218 3452 5280 αὐτὸς
3502 5216 3737 5287 ἀληκτος
3762 5256 3777 5279 ,
3831 5218 3858 5269 ὁ

2275 5316 2416 5387 ὑπὲρ
2442 5314 2550 5368 τῶν
2573 5314 2920 5383 κατακρίτων
2946 5310 3305 5383 κατακριθεὶς
3324 5309 3604 5376 ἑκουσίως,
3625 5306 3703 5371 ὠς
3727 5306 3857 5371 Θεὸς

2274 5407 2369 5460 καὶ
2400 5405 2590 5476 βροτὸς
2614 5405 2641 5455 ὁ
2670 5405 2850 5469 αὐτός.
2879 5405 3089 5475 Ὥσπερ
3131 5399 3224 5456 οὖν
3256 5402 3348 5455 καὶ
3382 5402 3541 5473 χολὴν
3568 5401 3858 5471 ὲψωμίσθη

2275 5499 2369 5551 καὶ
2416 5496 2527 5561 δξει
2583 5496 2803 5569 ἄρδεται
2831 5539 2846 5563 ,
2894 5497 3034 5567 ὑπὲρ
3065 5495 3165 5565 τῆς
3216 5493 3309 5548 τοῦ
3373 5493 3545 5563 Ἀδάμ
3601 5493 3858 5564 βρώτεως

621 5611 665 5642 ἰ
709 5607 1018 5671 Matth.xxt,
1071 5607 1139 5672 9;
1194 5607 1364 5663 Marc.
1426 5623 1504 5675 XI,
1560 5609 1663 5675 10;
1715 5607 1874 5685 Joan,
1929 5626 1983 5674 κ,
2042 5613 2128 5667 13.

2306 5615 2450 5671 Psal.
2483 5626 2677 5678 tum,
2707 5611 2795 5665 12.

659 5727 1198 5807 (88)_Deest_.alig‘nid
1257 5726 1557 5797 forsanque
1617 5729 1947 5799 legendum:
2080 5732 2158 5803 βοι

2265 5735 2396 5799 ὶεὶςς,
2445 5730 2735 5801 ἀποτυχὼν
2766 5729 2821 5783 δὲ
2872 5729 2967 5799 τῆς
3004 5726 3248 5790 ἐλπίδος,
3294 5724 3398 5778 nisi
3450 5722 3611 5778 aliter
3670 5722 3857 5780 locum

590 5800 857 5859 resarcire
882 5798 1037 5853 velis.
1078 5798 1231 5853 Eutr.
