4032 6312
219 375 360 433 101³

222 489 559 563 θεανδρικῶς
589 492 884 559 ἀποτιννὺς
905 492 1073 548 αὐτοῦ
1096 496 1165 549 τά
1191 493 1486 568 ὀφλήματα
1496 512 1515 544 .·
1553 496 1697 552 οὕτω
1731 514 1821 569 μοι

224 582 372 638 δοκεί
398 584 498 639 καὶ
537 584 643 649 τὰς
667 585 1079 658 τεσσαράκοντα
1116 586 1259 658 ὑπὲρ
1290 586 1564 643 τοσούτων
1597 590 1822 658 ἀντιση-

227 673 457 729 κοῦσθαι
493 677 713 751 ἡμέρας
738 693 752 707 ·
776 676 889 748 ἐγὼ
912 678 971 732 δὲ
1000 682 1104 751 τῆς
1131 679 1356 735 ἐκείνων
1380 680 1568 746 ἑξάδος
1596 682 1691 735 καὶ
1722 682 1824 753 τῆς

227 765 372 837 ἐμῆς
402 768 845 840 τετταρακοστῆς
868 808 885 833 ,
922 769 1014 823 τδν
1043 770 1109 825 εκ
1147 788 1309 826 τινων
1337 773 1440 827 οὐκ
1475 772 1706 844 ἀσήμων
1728 790 1824 843 γε·

230 857 438 929 ρόντων
492 861 574 924 εἰς
617 862 771 932 ἡμᾶς
799 861 1229 935 διαφοιτῆσαντα
1272 864 1402 936 περὶ
1428 864 1634 919 τούτου
1667 864 1826 933 λόγον

231 951 437 1022 μᾶλλον
461 951 819 1025 ἀποδέχομαι,
860 955 927 1009 ὲκ
963 955 1071 1008 τῶν
1108 954 1204 1011 τοῦ
1257 956 1465 1030 ὑψηλοῦ
1502 958 1825 1013 ’Δποστόλου

231 1044 498 1116 ῥημάτων
528 1043 937 1118 βεϐαιούμενον,
959 1047 1053 1101 τὸν
1084 1045 1308 1103 πλείονα
1335 1049 1529 1121 χρόνον
1552 1052 1612 1104 ὲν
1647 1068 1827 1121 παρα·

225 1136 395 1207 δείσῳ
448 1138 738 1212 μακαρίως
782 1138 946 1211 ζῆσαι
994 1139 1087 1195 τδν
1131 1141 1454 1216 προπάτορα
1499 1143 1678 1215 ἡμῶν.
1732 1142 1828 1197 Ἐκ

230 1227 529 1301 προσώπου
560 1232 670 1304 γὰρ
708 1231 875 1287 αὐτοῦ
913 1233 943 1287 δ
992 1231 1137 1297 θεῖος
1180 1233 1502 1300 Ἀπόστολος
1530 1235 1829 1310 διαρρήδην

231 1319 354 1391 βοᾷ.
400 1322 551 1395 ἐγὼ
577 1323 648 1407 δὲ
680 1323 830 1387 ἕξων
857 1325 1039 1397 χωρὶς
1068 1327 1261 1398 νόμον
1298 1329 1466 1384 ποτέ.
1493 1330 1609 1384 οὐκ
1633 1330 1742 1400 ἀρα
1770 1328 1828 1383 δὲ

229 1413 448 1480 Παῦλος
478 1418 800 1492 προϋπῆρχε
824 1417 919 1474 τοῦ
951 1419 1139 1492 νόμου,
1164 1420 1194 1474 ὀ
1221 1420 1450 1493 ἔσχατος
1479 1422 1700 1477 πάντων
1719 1421 1829 1477 τῶν

229 1506 328 1560 τοῦ
356 1507 523 1579 νόμου
551 1511 843 1583 φοιτητῶν,
866 1512 976 1569 οὐδ’
997 1508 1066 1569 αὖ
1093 1512 1256 1570 πάλιν
1278 1515 1450 1588 χωρὶς
1478 1514 1671 1569 τούτου
1696 1514 1829 1568 ποτὲ

229 1601 402 1672 νόμου
430 1597 553 1674 ἦνῆ
585 1604 825 1674 ἐγένετο.
863 1607 977 1661 lict
1000 1607 1114 1682 γὰρ
1158 1609 1219 1663 τὸ
1248 1607 1581 1678 Εὐαγγέλιον
1620 1607 1830 1680 κηρύτ-

228 1706 341 1743 των
368 1691 471 1755 τάς
492 1692 726 1763 νομικὰς
759 1697 1068 1769 μαρτυρίας
1089 1698 1266 1771 πάντη
1294 1698 1684 1771 παρατίθησιν,
1715 1695 1829 1750 ἀλλ’

228 1783 297 1835 ὲκ
330 1783 624 1857 προσώπου
649 1785 744 1841 τοῦ
791 1788 962 1860 Ἀδάμ
988 1789 1395 1863 ἀποδυρόμενος
1422 1782 1686 1854 εἰκότως,
1724 1806 1829 1861 φη-

231 1875 349 1940 σὶν,
398 1875 548 1948 Ἐγὼ
575 1877 647 1932 δὲ
669 1878 815 1941 ἔζων
840 1884 1025 1951 χωρὶς
1054 1884 1245 1953 νόμου
1276 1883 1443 1937 ποτέ.
1479 1871 1823 1955 Σαφέστερον

228 1966 291 2020 δὲ
318 1972 559 2042 παριστᾷ
588 1972 654 2024 ἐκ
683 1972 977 2045 προσώπου
1000 1974 1092 2029 τοῦ
1119 1974 1291 2047 ’Δδάμ
1312 1974 1486 2030 ταῦτα
1510 1975 1649 2048 βοῶν
1669 1992 1684 2007 ⁸
1712 1974 1825 2028 λευ-

229 2060 417 2114 καίνει
439 2062 502 2115 τὸ
526 2063 728 2135 νόημα,
756 2065 856 2122 οὐκ
878 2066 960 2121 ἔτι
989 2068 1154 2141 νόμον
1184 2067 1299 2122 ἀλλ’
1328 2069 1550 2140 ἐντολὴν
1578 2069 1823 2140 φάσκων,

227 2151 334 2222 τὴν
353 2150 599 2209 δοθεῖσαν
622 2154 703 2225 τῷ
744 2153 915 2225 Ἀδάμ
933 2157 1177 2229 δηλονότι
1196 2171 1214 2188 ⁸
1255 2159 1593 2227 Ἐλθούσης
1621 2158 1690 2212 δὲ
1716 2158 1843 2227 τῆς-

225 2239 493 2309 ἐκτολῆς
515 2284 529 2307 ,
563 2242 765 2296 ὡσανεὶ
813 2244 1062 2317 δοθείσης
1084 2289 1098 2309 ,
1129 2248 1167 2315 ἡ
1210 2247 1469 2318 ἁμαρτία
1499 2246 1828 2317 ἀνέζησεν

225 2331 349 2402 ἐγὼ
372 2332 442 2386 δὲ
465 2334 792 2401 ἀπέθανον,
825 2338 979 2409 φησὶ.
1009 2341 1074 2410 τῇ
1110 2339 1198 2393 διὰ
1235 2341 1522 2414 παρακοῆς
1554 2340 1830 2401 ὲκπτώσει

225 2425 333 2494 τῆς
358 2426 639 2497 μακαρίας
666 2429 841 2501 ζωῆς·
871 2431 949 2495 ὡς
993 2431 1151 2503 δῆλον
1192 2432 1462 2505 ὑπάρχειν
1483 2473 1498 2497 ,
1526 2432 1603 2505 μὴ
1632 2433 1831 2487 αὐτίκα

226 2516 331 2570 τοῦ
360 2519 615 2585 γενέσθαι
656 2522 747 2576 τὸν
793 2523 963 2595 Ἀδὰμ
984 2565 996 2587 ,
1039 2524 1257 2596 δοθῆναι
1287 2526 1387 2599 τὴν
1424 2525 1669 2598 ἐντολὴν,
1694 2527 1831 2581 ἀλλά

230 2610 380 2678 μετά
411 2627 530 2664 τινα
557 2612 769 2683 χρόνον,
799 2616 1056 2685 ἀόριστον
1092 2617 1169 2672 δέ.

1668 374 2019 435 DIALOGUS
2058 374 2149 434 111.

3371 366 3512 425 ισιι

1928 505 2168 551 aeternus
2202 504 2452 547 manens.
2487 489 2594 547 Pro
2637 488 2913 546 damnatis
2944 488 3237 544 damnatus
3288 495 3371 542 est
3416 499 3517 542 sua

1926 594 2121 656 sponte
2140 626 2156 647 .
2183 592 2448 654 tanquam
2479 581 2626 638 Deus
2669 590 2725 637 et
2752 579 2897 636 idem
2928 581 3112 649 homo.
3147 576 3519 645 Quemadmo-

1924 679 2055 733 dum
2112 680 2278 750 igitur
2319 677 2446 733 felle
2494 674 2686 747 pastus
2745 682 2905 731 aceto
2958 674 3205 745 rigatur,
3251 671 3373 741 ejus
3406 668 3516 723 cibi

1924 776 2091 824 causa
2142 782 2305 839 quem
2365 766 2613 823 Adamus
2662 758 3022 837 sumpserat,
3062 763 3193 818 dum
3246 762 3418 817 homo
3461 760 3517 813 iu

1926 862 2107 916 divina
2142 869 2336 916 natura
2364 860 2513 915 illius
2536 859 2717 915 debita
2739 857 3031 929 dependit:
3058 856 3137 911 ita
3165 854 3300 910 mihi
3324 854 3517 909 riden-

1927 962 2018 1009 tur
2053 966 2108 1010 et
2136 954 2191 1009 hi
2220 954 2587 1026 quadraginta
2623 952 2742 1008 dies
2788 967 2890 1023 pro
2925 949 3149 1006 totidem
3184 947 3378 1002 diebus
3424 960 3519 1001 re-

1928 1046 2113 1117 pendi.
2146 1044 2254 1102 Sed
2284 1055 2466 1101 tamen
2522 1031 2625 1117 pro
2674 1043 2892 1099 illorum
2938 1040 3414 1097 numerosenario
3463 1045 3519 1095 et

1929 1154 2053 1192 meo
2083 1136 2541 1208 quadragenario,
2569 1128 2868 1206 profectam
2899 1134 2966 1188 ad
2994 1147 3099 1188 nos
3131 1148 3160 1185 a
3188 1129 3517 1201 quibusdam

1915 1228 2072 1286 'haud
2102 1230 2356 1287 obscuris
2383 1228 2610 1289 senibus
2631 1228 2700 1284 de
2737 1212 2849 1284 hoe
2872 1227 3166 1287 rationem.
3195 1225 3355 1296 cujus
3394 1222 3521 1277 fun-

1929 1324 2247 1379 damentum
2280 1321 2475 1379 eximii
2507 1321 2756 1393 Apostoli
2790 1321 2973 1377 verbis
3003 1319 3199 1374 nititur
3221 1359 3236 1384 ,
3276 1316 3522 1387 recipere

1931 1414 2116 1482 malo;
2152 1415 2301 1486 quod
2337 1414 2601 1469 nimirum
2658 1413 2908 1485 longiore
2942 1410 3205 1481 temporis
3254 1409 3433 1479 spatio
3465 1407 3518 1461 in

1930 1506 2191 1578 paradiso
2220 1507 2381 1562 beate
2409 1506 2622 1577 primus
2661 1505 2752 1560 ille
2802 1519 3003 1575 parens
3060 1510 3247 1556 noster
3298 1500 3516 1555 vixerit.

1929 1602 2069 1659 Nam
2092 1603 2161 1658 'in
2194 1602 2317 1672 ejus
2348 1617 2587 1672 persona
2630 1593 2793 1656 divus
2822 1599 3121 1669 Aposmlus
3163 1606 3349 1667 aperte
3404 1594 3521 1649 eia-

1931 1709 2048 1755 mat
2089 1718 2101 1754 :
2147 1698 2260 1769 Ego
2290 1714 2410 1755 vero
2448 1697 2683 1752 vivebam
2738 1696 2932 1762 absque
2970 1691 3079 1761 lege
3130 1688 3422 1759 aliquando
3450 1687 3519 1741 ".

1932 1791 2051 1847 Non
2078 1791 2182 1846 fuit
2210 1792 2403 1861 utique
2421 1788 2629 1844 Paulus
2659 1794 2788 1841 ante
2812 1786 3004 1855 legem,
3025 1782 3119 1852 qni
3146 1782 3249 1835 fuit
3271 1780 3522 1834 omnium

1934 1883 2331 1954 discipulorum
2386 1881 2522 1953 legis
2583 1888 2916 1949 postremus.
2984 1874 3169 1942 Neque
3227 1872 3355 1925 item
3427 1871 3526 1924 ali-

1930 1975 2153 2046 quando
2184 1974 2395 2045 absque
2429 1974 2532 2028 hac
2568 1984 2685 2026 erat
2726 1979 2821 2024 aut
2855 1968 2975 2022 fuit.
3005 1966 3141 2021 Nam
3173 1974 3227 2020 et
3280 1963 3527 2032 Evange-

1928 2069 2064 2124 lium
2099 2067 2403 2139 praedicans
2432 2065 2629 2136 legalia
2663 2065 2977 2119 teSIimoniu
3012 2061 3219 2130 ubique
3255 2057 3521 2113 adducit:

1936 2161 2201 2215 nimirum
2257 2159 2313 2213 in
2362 2158 2556 2212 Adami
2610 2172 2846 2227 persona
2908 2155 3102 2209 merito
3142 2152 3523 2223 conqueritur,

1934 2254 2157 2308 dicens:
2199 2251 2315 2321 Ego
2371 2267 2489 2306 vero
2538 2249 2767 2331 vigebam
2825 2250 3020 2319 absque
3057 2247 3167 2318 lege
3213 2246 3524 2317 aliquando.

1937 2342 2285 2399 Manifestius
2355 2352 2535 2397 autem
2602 2338 2846 2396 declarat
2897 2338 3012 2393 haec
3069 2339 3122 2392 in
3180 2351 3412 2406 persona
3468 2350 3531 2389 se

1939 2434 2135 2490 Adami
2165 2432 2412 2504 proferre
2434 2472 2449 2495 ,
2480 2447 2605 2487 cum
2634 2431 2701 2485 ad
2737 2430 3123 2485 illustrandum
3178 2428 3374 2481 horum
3407 2440 3531 2479 ver-

1939 2526 2133 2582 borum
2171 2526 2544 2588 intellectum,
2600 2540 2708 2578 non
2752 2507 2988 2594 amplius
3039 2521 3166 2575 inde
3198 2519 3404 2590 legem,
3433 2517 3529 2572 sed

1938 2626 2267 2689 praeceptum
2302 2628 2463 2672 vocat
2503 2615 2653 2688 quod
2709 2616 2923 2671 Adamo
2971 2615 3159 2670 datum
3215 2622 3370 2676 erat,
3413 2610 3531 2664 haec

228 2717 433 2773 nempe
455 2706 755 2775 subjiciens
788 2726 802 2762 :
841 2709 1088 2765 Veniente
1110 2729 1230 2767 vero
1256 2714 1511 2768 mandato
1535 2712 1715 2784 (quasi
1743 2712 1911 2788 dicat,
1951 2714 2125 2786 dato),
2154 2722 2428 2784 peccatum
2450 2713 2640 2767 revixit
2667 2727 2686 2777 ;
2722 2726 2813 2783 ego
2847 2719 3023 2767 autem
3056 2717 3296 2762 mortuus
3321 2723 3439 2761 sum
3458 2706 3530 2768 “,

228 2797 489 2854 videlicet
518 2815 616 2871 per
637 2802 1065 2860 inobedientiam
1097 2807 1403 2864 excidenda
1432 2808 1593 2864 beata
1618 2808 1750 2865 vita.
1777 2808 1855 2865 De
1888 2822 1999 2881 quo
2019 2808 2133 2880 jam
2171 2809 2524 2879 perspicuum
2553 2817 2654 2873 est,
2699 2822 2808 2861 non
2851 2821 2980 2860 mox
3013 2815 3176 2874 atque
3209 2803 3383 2857 iactus
3415 2808 3534 2856 erat

231 2893 503 2956 Adamus.
541 2907 875 2969 praeceptum
908 2901 1097 2957 datum
1126 2902 1321 2969 fuisse,
1353 2903 1449 2961 sed
1479 2912 1605 2974 post
1626 2904 1849 2976 aliquod
1881 2914 2120 2975 tempus,
2152 2905 2297 2975 quod
2322 2914 2506 2957 tamen
2531 2903 2758 2958 minime
2782 2900 3063 2957 deﬁnitum
3099 2900 3387 2954 habemus.

308 2992 782 3075 Quququuntur,
806 3013 970 3075 usque
986 2997 1062 3075 ad
1082 3000 1462 3075 interrogantis
1488 3016 1727 3075 persona:
1748 3001 1928 3065 verba,
1959 3018 2061 3075 non
2081 3000 2305 3075 Caesarii
2331 3000 2580 3075 sunt,_sed
2598 2997 2840 3075 Gregorii
2859 2994 3109 3075 Nysseni,
3136 2995 3367 3075 antici_et
3397 3009 3535 3047 eoa:-

232 3067 381 3147 ιιιηςξ
414 3067 527 3147 eli}!
547 3080 565 3116 -'
597 3067 801 3147 inserta
832 3069 955 3147 huic
979 3068 1114 3147 libro
1141 3086 1234 3147 per
1258 3067 1512 3147 aliquem,
1544 3073 1633 3147 qui
1669 3088 1781 3147 sua:
1809 3070 2078 3126 memoria:
2102 3072 2375 3126 consulere
2399 3071 2649 3147 vellet_,_et
2675 3067 2779 3122 uno
2802 3068 2926 3147 loco
2958 3067 3197 3147 duorum
3212 3067 3534 3147 scriptorum

230 3136 615 3220 exﬁlicqtjonu
640 3138 851 3220 liabere.
875 3136 1660 3220 Deme/tendimusconsimilia
1681 3142 2157 3220 dgiucepsgwque
2179 3158 2472 3220 ecfurrere,
2499 3140 2588 3220 ubi
2614 3140 2840 3220 notauit
2864 3138 3017 3201 locis,
3036 3140 3381 3220 q’uwﬂirttei'ta
3404 3137 3533 3220 sint,

231 3207 615 3283 indicabimus.
643 3206 779 3263 Sunt
822 3206 1000 3265 autem
1030 3211 1142 3266 luec
1179 3212 1445 3281 descripta
1484 3229 1512 3267 ε
1552 3213 1689 3267 libro
1715 3206 1974 3283 Nysseni,
2007 3206 2097 3282 qui
2124 3226 2201 3268 est
2228 3213 2303 3268 De
2335 3211 2574 3267 hominis
2608 3210 2851 3281 opilicio,
2877 3226 2993 3279 cap.
3029 3206 3117 3274 l9,
3148 3207 3239 3273 ΞΟ,
3271 3208 3361 3262 sed
3396 3208 3535 3260 ntul-

235 3292 353 3336 tum
379 3280 613 3334 uariant.

321 3372 390 3429 Ἠ
417 3371 630 3426 δοθεῖσα
672 3371 863 3443 ἐντολὴ
906 3373 967 3426 ὲν
996 3371 1316 3444 παραδείσῳ
1360 3372 1439 3443 τῷ
1474 3374 1647 3446 Ἀδὰμ
1679 3374 1834 3447 παρά

233 3462 334 3517 τοῦ
359 3464 517 3528 Θεοῦ,
544 3463 675 3536 περὶ
702 3463 803 3534 τῆς
827 3465 891 3517 ἐκ
914 3463 1010 3517 τοῦ
1038 3463 1238 3525 παντὸς
1262 3462 1421 3529 ξύλου
1454 3465 1834 3539 μεταλήψεως,

236 3558 338 3611 καὶ
372 3558 473 3629 τῆς
491 3558 705 3629 ἀποχῆς
728 3556 823 3611 τοῦ
853 3554 1011 3623 ξύλου
1036 3556 1131 3611 τοῦ
1160 3558 1615 3630 ἀπηγορευμένον
1638 3575 1653 3590 ο
1682 3557 1840 3612 τοῦτό

234 3653 360 3704 ἐστι
412 3651 474 3704 τὸ
524 3650 679 3716 ξύλον
714 3650 776 3704 τὸ
829 3651 1225 3722 περιληπτικὺν
1271 3646 1473 3714 παντὸς
1505 3650 1711 3720 ἀγαθοῦ
1735 3690 1752 3715 ,
1795 3644 1842 3721 ᾧ

236 3740 420 3811 ὄνομά
446 3742 561 3794 ἐστι
591 3740 652 3792 τὸ
678 3743 806 3795 πᾶν.
842 3741 983 3795 Δύτό
1035 3743 1153 3795 ἐστι
1202 3740 1265 3795 τὸ
1305 3739 1474 3803 ὅντως
1512 3739 1572 3793 ὂν
1612 3739 1839 3809 ἀγαθὸν,

238 3830 375 3903 περὶ
424 3824 486 3885 οὗ
516 3830 680 3886 Δασιδ
726 3830 874 3901 λέγει
895 3871 910 3895 ,
945 3832 1426 3902 Κατατρύφησον
1460 3830 1565 3885 τοῦ
1593 3830 1840 3900 Κυρίου-

240 3920 501 3994 Σολομὼν
534 3922 592 3977 δὲ
623 3923 721 3993 τὴν
736 3922 964 3993 Σοφίαν,
991 3925 1115 3996 ἥτις
1142 3912 1292 3978 ἐστὶν
1328 3925 1358 3978 ὀ
1384 3922 1609 3995 Κύριος,
1648 3923 1843 3989 ξύλον

241 4015 399 4087 ζῳῆς
435 4015 734 4085 ὁνομὰζων.
784 4014 996 4070 Οὐκοῦν
1030 4015 1227 4070 ταύτόν
1268 4017 1417 4069 ἐστιν
1454 4015 1516 4069 τὸ
1556 4014 1657 4087 τῆς
1694 4014 1843 4084 ζωῆς

241 4102 406 4169 ξύλον
428 4102 506 4174 τῷ
531 4102 655 4159 πᾶν
687 4103 900 4171 ξύλον,
925 4096 987 4156 οὗ
1019 4103 1117 4176 τὴν
1150 4103 1354 4175 βρῶσιν
1386 4105 1416 4158 ὀ
1454 4104 1586 4169 Θεὸς
1612 4105 1845 4175 προτρέ-

243 4213 433 4251 πεται.
480 4195 826 4269 Ἀντιδιαιρεῖ
851 4197 911 4251 δὲ
938 4197 1113 4267 τούτῳ
1158 4198 1221 4251 τὸ
1265 4198 1451 4269 ἕτερον
1480 4195 1676 4263 ξύλον,
1714 4192 1775 4252 οῦ
1809 4199 1842 4269 ἠ

244 4288 456 4362 βρῶσις
481 4290 584 4343 ούκ
626 4290 938 4355 ἰδιαζόντως
974 4291 1143 4345 καλοῦ
1191 4292 1226 4364 ἢ
1272 4290 1446 4345 κακοῦ
1474 4332 1488 4357 ,
1525 4290 1663 4345 ἀλλά
1707 4291 1845 4362 σύμ-

244 4401 445 4455 μικτος
469 4401 484 4414 ⁶
524 4383 591 4455 ἢν
615 4383 815 4437 κωλύει
853 4383 951 4455 μὲν
978 4385 1221 4456 ἀρχηγὸς
1254 4385 1354 4457 τῆς
1378 4381 1525 4454 ζωῆς
1548 4424 1563 4450 ,
1605 4384 1845 4455 συμϐου-

240 4476 394 4530 λεύει
423 4476 481 4530 δὲ
520 4477 549 4529 ὁ
603 4476 758 4546 ὄφις,
805 4477 891 4531 ἴνα
942 4478 1019 4548 τῷ
1073 4477 1289 4550 θανάτῳ
1325 4480 1714 4551 κατασκευάσῃ
1746 4477 1845 4550 τὴν

241 4568 473 4624 εἴσοδον.
504 4568 891 4640 Συμμέμικται
920 4569 978 4622 δὲ
1005 4570 1095 4624 διὰ
1127 4570 1237 4623 τῶν
1274 4570 1533 4624 ἐναντίων
1567 4572 1597 4623 ὁ
1632 4569 1848 4640 καρπὸς

241 4662 341 4715 τοῦ
391 4661 847 4732 ἀπηγορευμένον
881 4658 1041 4727 ξύλου
1082 4658 1225 4714 κατά
1262 4658 1454 4713 τοῦτον
1499 4658 1592 4715 τὸν
1645 4659 1803 4727 λόγον
1826 4673 1841 4687 ⁸

241 4757 331 4810 ὅτι
358 4755 422 4808 ού
456 4754 662 4825 γυμνὸν
708 4755 996 4826 πρόκειται
1044 4756 1104 4807 τὸ
1158 4754 1329 4808 κακὸν
1377 4754 1520 4809 κατὰ
1567 4755 1666 4827 τὴν
1703 4754 1841 4807 ἰδίαν

243 4848 414 4919 φύσιν
454 4847 779 4919 φαινόμενον
800 4866 813 4879 ·
848 4842 885 4921 ἦ
924 4848 1032 4921 γὰρ
1064 4848 1347 4920 ἄπρακτος
1395 4848 1462 4903 ἂν
1498 4844 1567 4920 ἦν
1605 4849 1639 4919 ἡ
1672 4847 1841 4901 κακία

247 4940 445 5013 μηδενὶ
485 4942 843 5013 κεχρωσμένη
874 4940 1026 5013 καλῷ
1071 4940 1149 5011 τῷ
1182 4940 1532 5012 ὲφελκομένῳ
1573 4936 1668 4991 τὸν
1706 4940 1843 4993 ἀπα-

242 5032 492 5103 τώμενον
532 5031 667 5103 πρὸς
710 5032 1006 5103 ἐπιθυμίαν
1055 5033 1243 5087 αὐτοῦ.
1281 5032 1396 5086 Νῦν
1430 5032 1487 5085 δὲ
1536 5030 1841 5101 σύμμικτός

244 5129 400 5181 ἔστιν
428 5128 487 5180 ὲν
513 5126 593 5198 τῷ
628 5125 780 5198 βάθει
803 5126 895 5179 τὸν
944 5123 1330 5198 κεκρυμμένον
1362 5124 1582 5196 ὄλεθρον
1620 5122 1840 5194 ἔχουσα,

244 5223 311 5276 ἐν
335 5221 394 5274 δὲ
418 5223 485 5291 τῇ
520 5218 665 5275 κατά
700 5219 762 5273 τὸ
793 5220 1119 5289 φαινόμενον
1145 5217 1331 5291 ἀπάτῃ
1360 5215 1526 5270 καλοῦ
1558 5232 1680 5268 τινα
1702 5231 1842 5283 φαν-

245 5312 447 5365 τασίαν
472 5310 966 5382 παραδεικνύουσα.
996 5306 1153 5362 Οῦτω
1182 5306 1250 5361 τά
1283 5305 1659 5377 ἁμαρτήματα
1690 5305 1847 5372 ἐγκε-

247 5403 581 5477 κρυμμένην
613 5403 806 5474 ἔχοντα
837 5402 936 5473 τὴν
961 5399 1279 5473 διαφθορὰν,
1304 5402 1497 5474 αἱρετὰ
1518 5400 1630 5461 τοῖς
1652 5398 1841 5451 ἀνεπι-

248 5497 515 5560 σκέπτοις
576 5496 826 5564 γίνεται,
877 5498 992 5550 ἀντ’
1046 5494 1251 5565 ἀγαθοῦ
1320 5494 1714 5558 σπουδάζουσιν
1781 5492 1841 5557 ἐξ

247 5591 473 5663 ἀπάτης
497 5632 512 5657 ,
542 5588 639 5643 καὶ
667 5590 759 5643 ἐπὶ
787 5588 847 5643 τὸ
874 5588 1035 5643 καλὸν
1070 5590 1119 5643 oi
1168 5586 1353 5640 πολλοὶ
1391 5588 1449 5640 ἐν
1490 5584 1569 5657 τῷ
1621 5585 1719 5650 τὰς
1756 5587 1842 5637 ai-

254 5683 482 5756 σθήσεις
528 5680 891 5757 εὐφραίνοντα
927 5685 1229 5763 ’κρίνουσι,
1259 5679 1355 5734 καὶ
1380 5678 1479 5750 τῆς
1522 5677 1839 5750 ὁμωνύμου,

328 5827 374 5860 ³³
419 5824 577 5878 lium.
620 5837 719 5886 vn,
755 5821 810 5878 9.
882 5820 927 5853 "
966 5819 1097 5875 ibid.
1134 5823 1189 5885 9,
1234 5818 1319 5874 10.

2016 3378 2189 3432 Porro
2225 3375 2416 3431 datum
2471 3374 2604 3429 illud
2639 3372 2850 3428 Adamo
2902 3379 3232 3443 praeceptum
3281 3371 3334 3425 in
3372 3387 3534 3442 para-

1939 3469 2062 3524 diso
2084 3466 2369 3534 divinitus,
2406 3465 2697 3537 spectabat
2726 3463 3045 3519 lruitionem
3074 3462 3255 3518 omnis
3298 3463 3451 3533 ligni,
3483 3471 3537 3517 et

1941 3561 2329 3618 abstinentiam
2364 3575 2395 3615 a
2431 3559 2577 3630 ligno
2603 3557 2794 3614 vetito.
2826 3555 2945 3613 Hoc
2985 3556 3117 3611 illud
3163 3566 3249 3611 est
3301 3557 3533 3626 lignum,

1942 3654 2090 3725 quod
2121 3650 2505 3721 complectitur
2543 3664 2710 3705 omne
2740 3648 2943 3703 bonum
2970 3691 2986 3716 ,
3039 3650 3126 3704 cui
3182 3663 3379 3703 nomen
3431 3656 3534 3713 est,

1940 3758 2122 3799 omne.
2160 3743 2276 3798 Hoc
2306 3743 2567 3797 nimirum
2612 3741 2747 3797 illud
2784 3744 2909 3797 vere
2937 3741 3141 3796 bonum
3173 3749 3292 3805 est,
3326 3740 3393 3795 de
3426 3757 3537 3811 quo

1940 3833 2175 3891 Davides
2233 3834 2450 3904 inquit:
2489 3831 2769 3889 Oblectare
2821 3831 3127 3887 inDomino
3160 3834 3228 3885 ".
3278 3831 3345 3885 Et
3378 3833 3539 3887 Solo-

1942 3942 2072 3981 mon
2097 3966 2111 3989 ,
2147 3925 2487 3994 Sapientiam
2515 3966 2530 3991 ,
2562 3940 2690 3993 quae
2716 3932 2800 3980 est
2828 3923 3097 3979 Dominus
3121 3965 3135 3989 ,
3168 3923 3371 3994 lignum
3416 3928 3538 3979 vitm

1943 4019 2190 4075 nominat
2210 4020 2273 4073 “.
2316 4018 2549 4073 Proinde
2583 4018 2723 4072 idem
2753 4028 2839 4073 est
2872 4033 2996 4071 cum
3040 4017 3188 4087 ligno
3227 4018 3348 4072 vitae
3380 4017 3533 4081 illud,

1948 4106 2115 4163 Omne
2142 4107 2341 4178 lignum
2369 4106 2437 4171 ",
2471 4106 2537 4160 ad
2567 4106 2726 4178 cujus
2759 4105 3081 4161 fruitionem
3110 4105 3255 4161 Deus
3281 4107 3539 4161 exhorta-

1944 4212 2055 4257 tur.
2076 4200 2154 4255 Ex
2186 4200 2438 4270 opposito
2458 4215 2590 4255 vero
2611 4198 2875 4256 discernit
2896 4199 2965 4253 ab
2993 4200 3098 4254 hoc
3128 4200 3272 4255 aliud
3306 4202 3535 4272 lignum,

1945 4292 2103 4361 cujus
2159 4291 2344 4346 fruitio
2399 4307 2508 4347 non
2541 4303 2625 4348 est
2680 4292 2901 4361 proprie
2942 4292 3067 4346 boni
3125 4294 3207 4346 vel
3258 4294 3411 4359 mali,
3442 4294 3537 4348 sed

1945 4386 2274 4441 commista:
2324 4400 2491 4455 quam
2526 4384 2780 4455 prohibet
2818 4385 3039 4455 quidem
3088 4386 3344 4455 princeps
3393 4387 3536 4452 vitae,

1947 4478 2140 4534 suadet
2170 4492 2299 4533 vero
2328 4493 2557 4547 serpens
2602 4487 2663 4531 ut
2704 4478 2861 4530 morti
2892 4478 3098 4537 aditum
3140 4490 3311 4547 ραι-ιρι.
3344 4479 3538 4534 Mistus

1946 4580 2033 4626 est
2069 4579 2253 4625 autem
2289 4585 2385 4640 per
2422 4562 2698 4625 contraria
2752 4570 2965 4625 fructus
3026 4569 3155 4641 ligni
3214 4572 3398 4633 vetiti,
3435 4572 3540 4625 hac

1945 4663 2185 4726 ratione,
2219 4662 2365 4732 quod
2408 4678 2513 4715 non
2554 4665 2699 4717 node
2746 4663 2907 4717 nobis
2936 4664 3276 4733 propositum
3306 4676 3388 4719 est
3418 4681 3537 4719 ma—

1948 4755 2063 4810 lum
2096 4752 2399 4809 secundum
2432 4752 2707 4823 propriam
2764 4761 3014 4808 naturam
3064 4768 3369 4822 apparens;
3414 4770 3537 4807 nam

1948 4848 2107 4903 irrita
2133 4847 2275 4903 foret
2311 4847 2558 4913 malitia,
2596 4846 2747 4900 nullo
2778 4847 3017 4901 colorata
3052 4845 3226 4910 hono,
3256 4846 3400 4914 quod
3435 4846 3539 4899 ho-

1948 4943 2153 4995 minem
2186 4941 2471 5008 deceptum
2494 4938 2571 4993 ad
2600 4938 3102 5007 concupiscentiam
3129 4938 3213 4992 sui
3239 4938 3535 5007 pellicerct.

1948 5033 2108 5089 Nunc
2138 5042 2319 5087 autem
2353 5033 2515 5088 mista
2547 5042 2660 5099 est,
2692 5033 2745 5085 in
2772 5030 2945 5086 fundo
2987 5031 3196 5085 habens
3249 5031 3541 5085 abscondi-

1948 5135 2059 5179 tam
2099 5124 2395 5193 perniciem
2420 5167 2435 5190 ,
2470 5125 2524 5179 in
2560 5132 2857 5194 apparente
2913 5138 3042 5177 vero
3084 5126 3239 5192 parte
3284 5123 3539 5191 speciem

1945 5216 2243 5287 quamdam
2277 5216 2744 5281 boni,ostentans.
2777 5215 2853 5269 lta
2880 5225 3103 5285 peccata
3140 5214 3416 5267 occultum
3466 5214 3542 5266 in-

1948 5311 2173 5363 teritum
2230 5309 2371 5362 intra
2401 5324 2460 5362 se
2505 5308 2793 5369 habentia,
2836 5307 3073 5361 incautis
3125 5315 3344 5376 accepta
3377 5307 3537 5371 iiunt,

1950 5400 2198 5455 studiose
2226 5408 2488 5469 usurpata
2524 5415 2621 5471 pro
2646 5400 2788 5454 bono
2813 5415 2876 5452 ex
2913 5400 3232 5469 deceptione
3258 5415 3272 5451 :
3321 5409 3374 5453 et
3397 5400 3541 5453 inter

1950 5493 2093 5548 bona
2138 5491 2290 5548 multi
2324 5508 2449 5561 qua:
2493 5505 2691 5546 sensus
2718 5492 3060 5556 exhilarant,
3097 5492 3370 5546 referunt:
3414 5506 3541 5561 pro-

1950 5595 2070 5655 pter
2093 5588 2539 5640 communionem
2566 5584 2824 5647 nominis,
2860 5594 2972 5639 tum
3003 5586 3123 5655 ejus
3147 5585 3288 5654 quod
3322 5601 3380 5639 rc
3410 5599 3538 5637 vera

1952 5679 2156 5734 bonum
2189 5686 2303 5745 est,
2336 5688 2451 5733 tum
2500 5676 2648 5748 quod
2703 5678 2909 5732 bonum
2956 5693 3076 5732 esse
3130 5687 3370 5747 putatur.
3401 5675 3519 5742 Qua

1396 5818 1443 5851 "
1483 5815 1628 5873 Psal.
1685 5833 1872 5885 xxxvr,
1927 5816 1982 5874 ι.
2062 5818 2107 5850 ³⁸
2148 5814 2312 5874 Prov.
2356 5831 2439 5882 Ill,
2490 5816 2574 5871 18.
2660 5817 2703 5849 ’⁷
2741 5815 2881 5874 Gen.
2926 5832 2985 5882 ιι,
3027 5816 3112 5871 16.
