4032 6312
171 335 299 396 {Oli

177 456 424 514 τάλαιναν
459 454 683 510 ἔδεσθαι
702 454 796 510 τοῦ
827 455 1299 528 άπηγορευμένου,
1337 457 1429 513 καὶ
1461 458 1526 512 δι’
1551 461 1766 532 ἐκείνης

174 548 444 622 χειροῦται
471 547 569 601 τὸν
606 546 808 619 ἄνδρα,
836 546 1199 619 ὀρεγομένους
1231 548 1501 618 θεότητος.
1539 551 1765 622 Γυμνώ-

179 661 273 707 σας
328 642 512 695 τοίνυν
569 641 768 704 αὐτοὺς
820 641 914 700 καὶ
961 633 1036 695 ὧν
1078 641 1287 712 εἰχοντο
1335 641 1636 706 ἀθανασίας
1671 645 1766 698 καὶ

175 733 485 804 ἀφθαρσίας
518 720 614 784 καὶ
646 731 1051 801 μακαριότητος
1076 771 1091 794 ,
1141 731 1372 803 ἀνέζησε
1407 737 1473 804 τῇ
1507 733 1707 806 πράξει
1740 735 1770 787 ὁ

179 825 429 897 μισόθεος
482 825 583 877 καὶ⁷
625 823 1076 896 ἀνθρωποκτόνος
1101 841 1113 853 ·
1153 827 1247 878 καὶ
1296 822 1452 888 αὖθις
1492 827 1768 880 διαϐάλλει

174 919 294 990 Θεῷ
327 919 419 973 τὸν
452 917 739 987 ἄνθρωπον
773 917 1118 988 παραϐάντα.
1153 918 1358 990 Γράφει
1392 919 1449 971 δὲ
1493 919 1702 988 Μωσῆς
1742 920 1771 970 ὸ

176 1010 414 1081 θεόπτης
461 1011 555 1062 καὶ
610 1010 752 1072 θεῖος
811 1009 1147 1079 νομοθέτης,
1200 1009 1301 1079 τῆς
1361 1010 1615 1080 διαϐολῆς
1673 1011 1771 1062 αὑ-

174 1103 267 1159 τοῦ
316 1103 386 1170 τά
422 1104 680 1173 ῥήματα·
743 1104 800 1154 ἐν
831 1095 876 1170 ᾧ
914 1102 978 1174 δὴ
1037 1102 1403 1173 ὲκτραγῳδῶν
1438 1103 1528 1156 τὸν
1573 1102 1768 1155 δόλιον.

172 1196 315 1268 φησι
361 1195 493 1260 γοῦν
527 1194 831 1248 διαβάλλων
883 1193 1003 1265 Θεῷ
1058 1177 1150 1247 τὸν
1205 1194 1378 1266 Ἀδὰμ
1410 1198 1438 1249 ὁ
1478 1193 1769 1258 διάδολοςο

172 1290 285 1344 Kal
315 1289 544 1361 Egomet
572 1286 800 1349 Ἰακὼϐ,
853 1288 952 1340 καὶ
1004 1288 1378 1354 ἐνεπλήσθη,
1418 1289 1517 1340 καί
1549 1288 1774 1342 ἀπελά-

173 1395 391 1434 κτισεν
444 1379 478 1430 ὁ
530 1376 938 1447 ἠγαπημένος.
996 1377 1329 1447 Ἐλιπάνθη
1384 1378 1532 1449 γὰρ,
1585 1380 1770 1450 φησιν,

169 1470 514 1538 ἐπαχύνθη,
544 1468 918 1536 ἐπλατύνθη,
963 1468 1061 1521 καὶ
1099 1469 1458 1538 ἐγκατέλιπε
1496 1469 1640 1524 Θεὸν
1666 1469 1775 1523 τὸν

171 1548 525 1632 έτοιήσαντα
547 1562 754 1625 αὐτὸν,
785 1560 884 1614 καὶ
909 1561 1145 1642 (ἐπέστη
1172 1565 1292 1617 ἀπὸ
1326 1563 1476 1618 Θεοῦ
1503 1563 1775 1642 σωτῆρος

170 1657 388 1713 αὑτοῦ.
430 1656 605 1711 Τοῦτο
653 1657 762 1728 γὰρ
820 1631 948 1710 καὶ⁶
971 1655 1052 1726 τῷ
1097 1655 1292 1710 Ἰακὼϐ
1343 1631 1777 1726 ἐποίησεν,ἐίς

171 1747 522 1823 κρεωϐορίαν
548 1749 645 1802 καὶ
675 1748 964 1820 παροινίαν
995 1749 1159 1802 αὐτὸν
1193 1748 1521 1814 ὲκκυλίσας,
1559 1744 1658 1802 εἶθ’
1693 1747 1778 1801 οὖα

168 1858 285 1905 τως
335 1843 418 1905 εἰς
469 1840 916 1911 είδωλολατρείαν
975 1841 1173 1905 αὐτοὺς
1235 1841 1587 1915 καταρῤάξας
1649 1839 1776 1894 καθ’

168 1927 251 1988 ὦν
282 1933 494 2004 Μωσῆς
525 1934 616 1986 τὸν
662 1933 827 1987 Λευῒν
862 1933 1152 1997 ἐξοπλίσας
1178 1973 1193 1997 ,
1236 1934 1565 2006 εἰκοσιτρεῖς
1597 1933 1776 2005 χιλιά-

169 2024 273 2089 δας
300 2024 396 2078 τοῦ
437 2024 631 2078 Ἰακὼό
670 2028 728 2080 ἐν
765 2027 866 2097 μιᾷ
899 2025 1087 2098 ἡμέρᾳ
1147 2028 1206 2080 ἐν
1255 2030 1322 2098 τῇ
1364 2028 1560 2098 ἐρήμῳ
1619 2026 1777 2098 δίκην

169 2119 376 2191 χόρτου
417 2118 698 2191 ἐδρέψατο.
749 2118 889 2172 Ἀλλ’
922 2119 1072 2189 ὅμως
1133 2120 1162 2171 ὁ
1217 2119 1602 2189 φιλάνθρωπος
1643 2117 1778 2182 Θεὸς

170 2211 472 2282 ἀτρέπτως
530 2211 676 2265 κατὰ
723 2212 816 2265 τὸν
873 2210 1235 2281 διαδληθέντα
1288 2211 1618 2281 γενόμενος,
1673 2211 1778 2264 ἐπ·-

167 2304 469 2373 εφοίτησεν
510 2305 644 2375 ἡμῖν
675 2303 769 2358 τὸν
832 2303 1093 2374 πολέμιον
1149 2302 1538 2375 χειρώσασθαι.
1579 2305 1638 2358 ἐν
1679 2303 1781 2374 θέᾳ

167 2396 273 2449 τοῦ
333 2395 710 2466 ἀπατηθέντος
769 2395 990 2466 άληθῶς
1046 2395 1340 2466 γενόμενος
1368 2435 1382 2458 ,
1431 2396 1521 2449 ἵνα
1577 2395 1652 2466 μὴ
1705 2394 1781 2464 δῷ

169 2489 416 2558 φάσκειν
472 2488 565 2540 τὸν
616 2486 878 2558 Ἐχθρὸν,
929 2489 1011 2541 ὅτι
1044 2489 1267 2559 Βροτοἶς
1303 2489 1624 2558 πολεμήσας
1676 2487 1782 2540 ὑπὸ

169 2576 276 2631 τοῦ
336 2574 475 2630 Θεοῦ
535 2577 822 2647 ήττημαι,
874 2576 1039 2640 αὐτὸς
1099 2575 1292 2648 βροτὸς
1332 2579 1542 2645 γίνεται
1604 2578 1782 2648 μένων

169 2669 354 2735 Θεὸς,
391 2670 487 2723 καὶ
540 2671 666 2739 ῆκει
719 2670 975 2740 πολεμῶν
1008 2670 1152 2741 ὑπὲρ
1199 2670 1430 2742 βροτῶν.
1467 2672 1644 2740 Ὅπερ
1677 2670 1785 2742 πρὸ

167 2761 560 2826 πεντακοσίων
588 2759 726 2814 ἐτῶν
761 2761 865 2831 ήδη
901 2762 930 2814 ὁ
977 2761 1086 2815 τῶν
1140 2761 1299 2815 θείων
1333 2763 1568 2834 μελῳδὸς
1620 2763 1787 2815 Δαϐιδ

167 2857 625 2929 προεφήτευσεν
662 2854 1094 2924 Εὐλογημένος
1131 2855 1242 2927 γὰρ
1267 2897 1282 2921 ,
1320 2856 1519 2927 φησιν,
1551 2859 1583 2910 ό
1611 2857 1784 2926 ἐρχό-

163 2966 368 3020 μενος
392 2949 464 3006 ἐν
489 2947 734 3017 ὀνόματι
766 2951 1014 3016 Κυρίου.
1050 2949 1148 3012 Τίς
1178 2944 1336 3012 οὗτος
1357 2991 1372 3014 ,
1407 2943 1452 3003 ὧ
1486 2949 1743 3002 θεσπέσιε
1769 2964 1785 3013 ;

173 3042 335 3109 Θεὸς
361 3045 614 3111 Κύριος,
648 3038 1074 3120 καὶὲπέςρανεν
1094 3041 1260 3110 ἡμῖν.
1292 3042 1403 3094 Καὶ
1455 3042 1597 3104 τίνος
1628 3042 1789 3113 χάριν

171 3139 202 3192 ὁ
255 3136 393 3200 Θεὸς
431 3134 625 3207 βροτὸς
671 3135 921 3206 γίνεται,
977 3128 1023 3188 ὧ
1073 3135 1239 3188 Δαὸίδ
1263 3152 1276 3202 ;
1325 3133 1430 3186 Τοῦ
1485 3133 1790 3187 καταλῦσαι

174 3229 408 3302 ἐχθρὸν,
442 3230 632 3300 φησιν,
669 3229 766 3282 καὶ
800 3227 1094 3298 ἐκδικητὴν
1135 3227 1228 3280 τὸν
1261 3225 1529 3280 διάὸολον.
1561 3225 1792 3280 Διαϐάλ-

172 3324 264 3376 λει
301 3322 414 3394 γὰρ
437 3322 557 3393 Θεῷ
584 3321 655 3376 τὰ
687 3321 886 3385 πάντα,
926 3321 1024 3375 καὶ
1054 3321 1237 3383 ἄλλοις
1270 3322 1498 3383 ἐκεῖνον,
1535 3320 1629 3373 καὶ
1660 3320 1788 3372 ἐκα-

172 3417 368 3488 τέροις
394 3415 496 3488 τὴν
521 3416 808 3488 ἐκδίκησιν
841 3413 1179 3468 ὑποτίθεται.
1209 3413 1392 3484 ’Ὀπερ
1425 3413 1517 3466 ἐπὶ
1543 3411 1636 3466 τοῦ
1672 3412 1792 3466 Ἰὼϐ

176 3509 285 3566 καὶ
311 3508 408 3563 τοῦ
439 3507 576 3562 Θεοῦ
603 3507 940 3581 άμφικάκως
963 3510 1126 3562 ποιεῖ’
1154 3506 1275 3577 Θεῷ
1299 3506 1400 3577 μὲν
1427 3507 1672 3576 φάσκων,
1694 3506 1791 3574 Μὴ

175 3603 420 3672 δωρεὰν
465 3603 708 3657 σέϐεται
755 3601 884 3656 ³1ὼό
923 3601 1036 3655 τὸν
1076 3600 1263 3663 Θεὸν,
1307 3599 1341 3670 ἢ
1399 3600 1455 3652 ἐν
1506 3599 1795 3669 περιουσίᾳ

178 3697 362 3768 πολλῇ
400 3695 787 3767 θωπευόμενος
816 3694 913 3749 καὶ
944 3693 1201 3765 τρυφῶν;
1236 3691 1326 3762 Τῷ
1356 3693 1412 3745 δὲ
1455 3691 1576 3744 Ίώϐ
1607 3708 1792 3762 φησιν,

177 3790 320 3858 Πῦρ
346 3788 578 3843 ἔπεσεν
632 3789 699 3842 ἐκ
730 3788 837 3842 τοῦ
879 3787 1142 3856 οὐρανοῦ
1168 3825 1182 3849 ,
1215 3785 1313 3839 καὶ
1348 3784 1629 3838 κατέδετό
1680 3801 1798 3838 σου

178 3881 414 3937 πάντα.
445 3881 559 3935 Καὶ
609 3876 769 3945 αὖθις
821 3897 956 3951 φησι
999 3878 1080 3950 τῷ
1131 3877 1289 3948 Θεῷ,
1345 3880 1427 3932 Οὑ
1473 3877 1602 3947 μὴν
1637 3877 1800 3931 ἀλλὰ

177 3976 569 4031 ἀπόστειλον
598 3973 715 4042 τὴν
743 3972 915 4044 χεῖρά
941 3988 1083 4036 σου,
1124 3972 1222 4024 καί
1259 3970 1413 4038 ἅψαι
1449 3969 1568 4024 τῶν
1600 3970 1800 4024 ὀστῶν

179 4069 387 4125 αὑτοῦ
416 4067 516 4123 καί
546 4067 666 4122 τῶν
693 4065 943 4137 σαρκῶν
975 4064 1165 4119 αὐτοῦ
1186 4081 1199 4094 ’
1229 4065 1324 4117 καὶ
1353 4060 1512 4127 αὖθις
1543 4063 1622 4134 τῷ
1657 4061 1798 4127 Ἰὼὸ,

176 4162 284 4217 διὰ
303 4161 408 4231 τῆς
437 4159 688 4232 συμσίου,
707 4160 857 4225 Ἕως
882 4160 1029 4213 πότε
1053 4159 1550 4226 διακαρτερήσας
1574 4158 1802 4227 αιθριοο

178 4253 295 4310 ἐπὶ
323 4252 438 4322 τῆς
468 4253 722 4320 κοπρίας
742 4269 770 4327 ;_
792 4251 930 4306 ἀλλ’
961 4251 1091 4306 ειπέ
1118 4269 1172 4307 τι
1186 4251 1355 4321 ῥῆμα
1384 4252 1527 4320 πρὸς
1559 4251 1800 4319 Κύριον,

178 4348 296 4405 καὶ
321 4347 596 4413 τελεύτα,
623 4346 724 4401 καὶ
753 4345 1122 4400 ἀπαλλάττει
1137 4344 1250 4415 (89)
1269 4343 1389 4398 τῶν
1412 4343 1805 4413 συνεχόντων

175 4440 438 4497 δεινῶν.
469 4438 673 4493 Τοῦτον
700 4424 794 4492 οὖν
815 4437 1010 4511 ἐχθρὸν
1032 4438 1128 4492 καὶ
1148 4437 1442 4508 ἐκδικητὴν
1471 4436 1751 4508 καθαιρῶν
1776 4438 1804 4490 ὁ

175 4535 407 4607 Κύριος
428 4535 497 4604 τῇ
526 4532 819 4604 θεανδρικῇ
845 4530 1013 4586 αὑτοῦ
1037 4531 1404 4603 ἐπιφοιτήσει.
1432 4530 1620 4601 φησίν·
1654 4530 1804 4586 Ἰδοὺ

175 4629 432 4686 δέδωκα
468 4625 613 4698 ὑμῖν
649 4625 948 4691 ἐξουσίαν
991 4623 1206 4678 πατεῖν
1241 4622 1444 4676 ἐπάνω
1472 4621 1669 4692 ὄφεων
1705 4624 1806 4679 καὶ

175 4722 514 4792 σκορπίων
537 4719 635 4775 καί
653 4718 980 4775 ἐπιστᾶσαν
1000 4717 1119 4787 τὴν
1142 4716 1406 4786 ’δύναμιν
1427 4714 1537 4770 τοῦ
1564 4715 1805 4785 ἐχθροῦ.

1570 345 1922 405 DIALOGUS
1961 348 2051 406 Ill.

3325 346 3464 402 1018

1876 465 2016 518 oculi
2050 465 2240 533 uestri,
2279 473 2331 520 et
2381 465 2530 520 eritis
2569 473 2825 535 tanquam
2863 462 2976 528 dii,
3014 462 3239 516 scientes
3278 461 3470 517 bonum

1874 564 1923 609 et
1953 555 2235 623 malum”,
2259 556 2490 627 ideoque
2519 555 2822 626 prohibuit.
2853 553 2969 610 Hoc
2997 554 3161 610 modo
3178 554 3475 624 persuadet

1877 649 2092 704 misera:
2115 688 2130 713 ,
2166 659 2229 704 ut
2257 651 2401 720 quod
2442 651 2670 706 vetitum
2708 657 2828 705 erat
2889 648 3200 705 comederet
3223 688 3237 711 ,
3275 657 3331 704 et
3381 664 3476 716 per

1873 739 2020 794 illam
2052 740 2200 810 capit
2248 741 2462 796 virum:
2500 751 2845 812 appetentem
2882 750 3181 810 utrumque
3209 740 3474 794 divinita~

1872 837 2004 884 tem.
2044 829 2345 902 Postquam
2378 833 2546 903 igitur
2578 832 2834 902 spoliavit
2872 832 3022 901 ipsos
3046 832 3211 886 etiam
3247 832 3316 886 iis
3353 845 3477 900 qua:

1874 923 2165 988 habebam,
2198 926 2456 982 nimirum
2487 927 2932 989 immortalitate,
2954 924 3479 993 incorruptibilitate

1873 1025 1926 1069 et
1963 1016 2352 1074 beatitudine:
2405 1035 2464 1074 re
2504 1019 2624 1089 ipsa
2679 1018 2960 1073 reviviscit
3004 1017 3181 1072 hostis
3235 1016 3324 1071 ille
3381 1015 3477 1071 Dei

1873 1120 1927 1164 et
1970 1109 2279 1172 homicida;
2332 1125 2575 1180 moxque
2618 1111 2760 1180 apud
2813 1109 3004 1172 Deum,
3066 1107 3343 1161 hominem
3382 1106 3478 1176 qui

1878 1210 2256 1270 transgressus
2304 1211 2444 1268 crat,
2491 1213 2738 1259 accusat.
2771 1201 3010 1272 Exponit
3059 1207 3242 1254 autem
3275 1198 3479 1263 Moses,

1878 1295 1968 1348 ille
2021 1294 2114 1349 Dei
2164 1306 2442 1364 spectator
2487 1304 2542 1350 et
2595 1295 2873 1366 legislator
2918 1293 3160 1357 divinus,
3213 1292 3331 1361 ipsa
3384 1306 3479 1346 ca-

1875 1386 2102 1441 lumnias
2131 1387 2336 1441 diaboli
2389 1387 2576 1452 verba,
2613 1385 3026 1441 fraudulentum
3081 1384 3235 1437 illum
3277 1383 3482 1452 tragice

1877 1476 2220 1532 describens.
2267 1475 2364 1532 His
2413 1477 2559 1532 enim
2594 1477 2847 1532 diabolus
2883 1476 3028 1545 apud
3078 1475 3258 1544 ipsum
3299 1473 3483 1527 verbis

1877 1569 2146 1624 Adamum
2187 1583 2374 1624 curam
2418 1569 2532 1625 Deo
2565 1569 2832 1624 incusans
2884 1568 3058 1622 utitur
3100 1585 3114 1620 :
3150 1564 3217 1618 Et
3255 1565 3485 1619 comedit

1878 1661 2135 1725 Jacobus,
2177 1674 2226 1716 et
2270 1672 2550 1716 saturatus
2581 1672 2678 1726 est,
2726 1673 2774 1716 et
2819 1661 3182 1715 recalcitravit
3231 1658 3485 1730 dilectus.

1880 1749 2258 1823 Impinguatus
2289 1753 2436 1806 enim
2460 1763 2560 1817 est,
2590 1755 2786 1822 inquit,
2819 1764 2868 1806 et
2903 1753 3238 1806 incrassatus
3267 1759 3367 1812 est,
3397 1749 3486 1803 di—

1880 1843 2082 1898 latatus
2111 1855 2211 1909 est,
2243 1855 2295 1900 et
2330 1845 2618 1916 dereliquit
2654 1846 2819 1898 Deum
2862 1844 3188 1898 conditorem
3220 1858 3398 1904 suum,
3437 1848 3488 1894 et

1883 1938 2100 1991 recessit
2137 1955 2169 1990 a
2203 1937 2311 1992 Deo
2355 1948 2628 1992 servatore
2661 1955 2756 1991 suo
2785 1938 2851 1991 ³³.
2892 1936 3006 1993 Hoc
3038 1937 3186 1992 enim
3215 1944 3267 1990 et
3299 1931 3489 1988 Jacobi

1880 2031 2118 2101 posteris
2153 2029 2305 2095 fecit,
2342 2047 2466 2086 cum
2499 2047 2597 2086 eos
2642 2032 2708 2085 ad
2739 2032 3084 2086 saturitatem
3114 2030 3301 2084 carnis
3331 2036 3385 2082 et
3405 2029 3490 2081 vi-

1881 2124 2182 2179 nolentiam
2205 2124 2468 2192 ﬂexisset,
2495 2140 2563 2180 ac
2583 2124 2781 2180 deinde
2812 2125 2878 2179 ad
2900 2124 3266 2179 idololatriam
3299 2122 3496 2193 praeci—

1884 2217 2116 2286 pitasset
2147 2235 2159 2271 :
2195 2218 2262 2273 de
2287 2217 2492 2287 quibus
2523 2216 2729 2280 Moses,
2777 2233 2902 2272 cum
2937 2225 3206 2271 armasset
3249 2214 3491 2277 Levitas,

1883 2309 2080 2380 viginti
2111 2309 2216 2364 tria
2262 2309 2434 2364 millia
2472 2308 2850 2365 Jacobitarum
2901 2324 3011 2363 uno
3051 2308 3138 2363 die
3181 2309 3235 2362 in
3277 2307 3499 2361 deserto

1887 2406 2156 2475 graminis
2209 2406 2392 2464 instar
2456 2405 2778 2460 demessuit.
2831 2401 3207 2457 Nihilominus
3264 2400 3495 2455 humani

1888 2499 2106 2568 generis
2137 2509 2354 2554 amator
2384 2497 2553 2565 Deus,
2582 2513 2711 2569 erga
2734 2513 2862 2552 eum
2899 2494 2991 2566 qui
3023 2503 3319 2552 accusatus
3349 2501 3497 2559 erat,

1889 2591 2323 2661 haudquaquam
2361 2600 2633 2654 mutatus.
2667 2591 2735 2645 ad
2766 2605 2867 2646 nos
2910 2590 3053 2644 venit
3081 2600 3141 2644 ut
3164 2589 3379 2644 hostem
3404 2603 3501 2642 ca-

1890 2694 2064 2756 peret,
2100 2687 2153 2739 in
2179 2684 2301 2755 ejus
2343 2683 2520 2739 forma
2549 2684 2645 2755 qui
2676 2684 2941 2754 deceptus
2974 2691 3116 2758 erat,
3152 2697 3278 2736 vere
3312 2688 3499 2734 natus.

1891 2778 2070 2847 Atque
2105 2792 2174 2831 ne
2204 2777 2350 2832 hosti
2381 2777 2732 2831 occasionem
2765 2776 2924 2832 daret
2957 2775 3197 2838 dicendi,
3241 2773 3504 2828 Mortales

1893 2883 2220 2940 Oppugnans
2245 2883 2275 2923 a
2305 2867 2418 2923 Deo
2455 2877 2750 2937 superatus
2779 2883 2901 2923 sum
2932 2886 2947 2925 :
2983 2868 3100 2938 ipse
3137 2867 3390 2920 mortalis
3420 2865 3502 2931 ﬁt,

1895 2977 2129 3016 manens
2156 2959 2328 3024 Deus,
2364 2970 2420 3014 et
2451 2961 2601 3016 venit
2631 2969 2696 3015 ut
2745 2973 2845 3030 pro
2884 2959 3214 3013 mortalibus
3258 2956 3508 3012 homini-

1895 3055 2000 3110 bus
2044 3061 2272 3124 pugnet.
2322 3049 2379 3106 Id
2427 3053 2576 3122 quod
2615 3053 2730 3124 jam
2781 3060 2909 3107 ante
2957 3051 3292 3123 quingentos
3329 3063 3506 3118 annos

1896 3146 2230 3216 prmdixerat
2261 3154 2418 3200 vates
2451 3146 2542 3200 ille
2575 3145 3005 3215 divinorumque
3048 3143 3359 3198 carminum
3405 3156 3508 3195 au-

1901 3248 2018 3294 ctor
2047 3237 2323 3292 Davides:
2360 3235 2682 3291 Benedictus
2709 3239 2883 3304 enim,
2918 3235 3121 3307 inquit,
3162 3235 3252 3305 qui
3284 3233 3420 3288 venit
3450 3233 3508 3286 in

1899 3330 2110 3384 nomine
2153 3329 2376 3383 Domini
2408 3329 2474 3382 “.
2507 3329 2778 3395 Quisnam
2819 3340 2903 3384 est
2933 3329 3047 3391 ille,
3082 3338 3234 3382 vates
3283 3326 3510 3380 divine?

1898 3424 2161 3478 Dominus
2189 3423 2354 3486 Deus,
2384 3430 2434 3476 et
2471 3423 2723 3492 apparuit
2750 3423 2905 3478 nobis
2932 3422 3001 3477 ³⁸.
3036 3423 3106 3475 At
3131 3420 3293 3490 cujus
3333 3417 3508 3492 gratia

1898 3517 2044 3571 Deus
2098 3515 2351 3571 mortalis
2386 3515 2468 3580 iit,
2517 3515 2592 3568 mi
2627 3515 2906 3570 Davides?
2960 3514 3042 3568 Ad
3083 3513 3508 3577 destruendum,

1899 3612 2101 3681 inquit,
2154 3609 2447 3665 inimicum
2503 3619 2559 3665 et
2592 3617 2908 3666 exactorem
2950 3606 3254 3662 diabolum.
3305 3604 3511 3660 Crimi-

1903 3714 2066 3761 natur
2098 3705 2246 3760 enim
2279 3706 2425 3775 apud
2461 3704 2631 3760 Deum
2665 3702 2875 3765 omnia,
2905 3710 2958 3755 et
2981 3698 3126 3770 apud
3158 3699 3297 3753 alios
3329 3698 3509 3760 illum,

1900 3806 1955 3853 et
1985 3797 2235 3866 utrisque
2280 3797 2550 3851 ultionem
2588 3795 2852 3866 suggerit.
2888 3791 2944 3849 ld
2985 3790 3136 3862 quod
3166 3800 3221 3846 et
3252 3806 3382 3860 erga
3413 3787 3511 3844 Jo~

1902 3893 2058 3958 bum,
2096 3899 2152 3946 et
2196 3906 2327 3964 erga
2361 3891 2534 3947 Deum
2586 3890 2848 3958 utrinque
2896 3885 3177 3941 malitiose
3229 3883 3382 3940 facit.
3428 3882 3512 3936 Ad

1902 3983 2075 4040 Deum
2091 3983 2313 4055 quidem
2336 3985 2526 4040 dicens
2546 4002 2559 4038 :
2583 3982 2730 4036 Num
2748 3980 2917 4051 gratis
2934 3978 3109 4057 colit]
3115 3977 3243 4032 obus
3257 3963 3514 4040 Deum“,

1904 4086 2003 4131 aut
2023 4076 2078 4130 in
2101 4076 2273 4132 multa
2292 4075 2616 4131 facultatum
2639 4073 2992 4147 possessione
3009 4070 3222 4126 fovetur
3241 4077 3406 4138 atque
3420 4066 3517 4122 de-

1903 4166 2162 4222 liciatur?
2180 4165 2260 4221 Ad
2287 4164 2487 4221 Jobum
2510 4175 2692 4222 autem
2719 4164 2901 4236 inquit
2924 4182 2937 4217 :
2961 4162 3112 4234 Ignis
3138 4161 3202 4214 de
3224 4157 3353 4239 caelo
3370 4157 3517 4212 deci-

1905 4259 2004 4323 dit,
2041 4270 2092 4313 et
2114 4257 2412 4329 absumpsit
2453 4275 2633 4313 omnes
2661 4256 2944 4328 facultates
2973 4262 3092 4308 tuas
3113 4253 3178 4306 '7.
3202 4251 3519 4320 lterumque

1907 4353 2087 4423 inquit
2123 4351 2195 4407 ad
2220 4350 2392 4407 Deum
2420 4369 2434 4407 ε
2477 4349 2602 4405 Non
2635 4359 2843 4404 tantum
2869 4349 2988 4412 hoc,
3016 4347 3106 4401 sed
3133 4347 3282 4399 mitte
3299 4359 3519 4397 ntanuns

1909 4455 2079 4508 tuam,
2112 4453 2162 4499 et
2192 4453 2348 4515 tange
2381 4459 2507 4498 ossa
2535 4443 2652 4513 ejus
2677 4451 2728 4496 et
2753 4457 2940 4496 carnes
2971 4439 3086 4508 ejus
3109 4437 3174 4490 ’⁸.
3216 4435 3283 4492 Et
3316 4436 3518 4490 iterum

1909 4538 1976 4591 ad
2003 4535 2204 4592 Jobum
2231 4553 2327 4608 per
2353 4535 2480 4591 vita;
2509 4542 2826 4590 consortem
2859 4551 2872 4586 :
2913 4530 3172 4597 Quandiu
3217 4544 3521 4598 persevera-

1913 4629 1992 4682 bis
2033 4629 2128 4683 sub
2167 4630 2258 4684 dio
2288 4631 2344 4684 in
2384 4629 2656 4682 stercore?
2686 4627 2813 4693 quin
2844 4625 2932 4678 dic
2965 4623 3178 4678 uerbum
3205 4621 3423 4692 aliquod
3449 4621 3522 4674 ad

1917 4720 2230 4786 Dominum,
2257 4728 2306 4775 et
2333 4735 2559 4787 morere,
2591 4730 2650 4773 ut
2686 4718 2926 4773 libereris
2956 4733 2990 4770 ο
3022 4714 3180 4769 malis
3204 4729 3325 4785 qua:
3357 4723 3406 4767 te
3427 4713 3532 4767 ἀει

175 4820 368 4875 tinent
391 4817 459 4871 ”.
494 4814 654 4872 Hunc
681 4815 849 4886 igitur
873 4813 1158 4869 inimicum
1185 4819 1240 4867 et
1270 4820 1583 4867 exactorem
1617 4812 1812 4868 tollens
1841 4812 2108 4872 Dominus
2143 4831 2241 4886 per
2267 4813 2577 4870 divinitatis
2606 4813 2664 4868 in
2695 4827 2917 4868 carnem
2947 4809 3266 4872 adventum,
3292 4805 3480 4877 inquit
3500 4821 3530 4861 ::

173 4911 338 4969 Ecce
359 4909 487 4966 dedi
509 4909 652 4966 vobis
673 4917 994 4979 potestatem
1021 4906 1270 4961 calcandi
1300 4923 1457 4977 super
1487 4916 1757 4977 serpentes
1788 4918 1843 4964 et
1871 4911 2204 4980 scorpiones,
2232 4917 2283 4964 et
2316 4925 2478 4984 super
2508 4924 2714 4962 omnem
2742 4913 3060 4976 potestatem
3085 4901 3294 4957 inimici
3320 4901 3393 4956 “.

769 5001 1024 5055 ΠΕΥΣῙΣ
1061 5001 1233 5054 ΡΚΔ’.

263 5097 389 5155 Καὶ
413 5099 463 5152 εί
492 5095 713 5150 καθεῖλε
741 5094 834 5150 τὸν
876 5093 1073 5164 ἐχθρὸν
1104 5093 1134 5145 δ
1161 5090 1387 5163 Κύριος,
1417 5091 1502 5156 τίς
1532 5093 1667 5163 ἡμῖν
1707 5109 1806 5146 πο-

172 5197 250 5252 λε
260 5194 362 5265 μετ
389 5190 668 5253 ἑκάστοις,
700 5187 796 5240 καὶ
823 5186 1153 5258 πειρασμοῖς
1182 5184 1472 5256 ἀδοκήτοις
1496 5183 1592 5238 καὶ
1625 5185 1809 5257 ἁμαρ-

170 5288 415 5360 τήμασι
449 5279 803 5354 περιϐάλλει;

841 5371 1198 5438 Ἀπόκρισις.

287 5469 458 5524 Ἀλλὰ
504 5468 600 5522 καὶ
626 5462 739 5530 οἷός
770 5482 830 5519 τε
865 5463 942 5518 ὢν
978 5462 1214 5532 παντελῆ
1285 5463 1453 5516 αὑτοῦ
1499 5458 1812 5531 ἀφανισμὸν

177 5565 303 5624 καὶ
334 5560 620 5633 ἀναίρεσιν
659 5556 1015 5632 ποιήσασθαι,
1058 5555 1159 5608 οὐκ
1186 5553 1487 5625 ήῦουλήθη,
1519 5553 1607 5606 διὰ
1633 5554 1694 5606 τὸ
1731 5554 1804 5625 μὴ

2315 4997 2843 5058 INTERROGATIO
2880 4993 3119 5054 CXXIV.

1987 5091 2145 5159 Quod
2197 5089 2242 5147 si
2303 5092 2532 5148 sustulit
2566 5091 2854 5146 inimicum
2909 5087 3204 5149 Dominus,
3245 5085 3374 5157 quis
3421 5095 3528 5142 no-

1914 5194 2092 5242 strum
2128 5187 2433 5257 quemlibet
2465 5195 2766 5258 oppugnat,
2798 5196 2851 5239 et
2886 5181 3286 5239 tentationibus
3312 5181 3524 5252 impro-

1915 5279 2053 5335 visis
2093 5289 2258 5350 atque
2287 5268 2532 5351 peccaiis
2567 5277 2842 5332 involvit?

2560 5371 2870 5441 Responsio.

1986 5465 2151 5536 Atqui
2179 5467 2304 5522 licet
2339 5465 2482 5520 Deus
2520 5464 2898 5520 omnimodam
2935 5462 3056 5533 ejus
3093 5460 3522 5518 exstinctionem

1913 5567 2078 5628 atque
2122 5559 2498 5614 sublationem"
2524 5555 2703 5611 facere
2736 5562 2943 5627 posset,
2981 5555 3158 5608 noluit
3191 5554 3294 5608 hoc
3335 5563 3525 5607 tamen

276 5684 330 5716 ³¹
364 5680 502 5736 Gen.
532 5696 613 5743 ιιι,
655 5679 707 5734 5.
783 5677 830 5709 ³⁸
867 5675 1024 5731 Deut.
1065 5691 1196 5736 xxx,
1229 5673 1314 5731 15.
1369 5673 1411 5704 "°
1452 5673 1599 5729 Psal.
1635 5690 1779 5728 cxvu

1894 5674 1938 5728 ὃ.
2017 5679 2062 5710 ³⁸
2099 5678 2232 5734 ibid.
2268 5677 2359 5731 27.
2403 5675 2447 5707 ³⁸
2485 5673 2588 5730 Job
2629 5690 2668 5739 1,
2712 5675 2764 5728 9.
2849 5672 2893 5708 ³⁷
2932 5671 3064 5726 ibid.
3112 5665 3197 5725 i6.
3242 5671 3287 5701 ³⁸
3323 5667 3520 5732 Job",

178 5760 254 5818 4,
293 5752 354 5808 5.
421 5754 466 5785 ”
506 5752 641 5806 ibid.
676 5750 730 5804 9.
808 5745 856 5780 "°
897 5747 1034 5802 Luc.
1067 5762 1120 5809 x,
1162 5744 1246 5798 l9.

273 5845 398 5915 (89l
456 5847 567 5898 Kal
610 5840 998 5915 omnemi.
1065 5837 1178 5894 Sic.
1238 5840 1317 5915 .{ln
1367 5837 1793 5915 rescribendum

181 5907 604 5980 ἀπαλλάττουῗ
656 5915 928 5970 Caeterum
981 5913 1097 5968 haec
1150 5911 1316 5965 verba
1365 5910 1418 5964 in
1456 5907 1649 5965 Bibliis
1693 5925 1806 5965 non

1903 5845 2145 5891 exstant.
2185 5831 2325 5888 LXX
2370 5833 2613 5889 habent:
2651 5873 2663 5884 .
2693 5873 2705 5885 .
2733 5872 2746 5885 .

2821 5831 2934 5888 ἀλλ’
2971 5827 3128 5885 ἐἶπόν
3170 5846 3220 5882 τι
3253 5827 3406 5901 ῥῆμα
3447 5828 3529 5889 είς

1917 5908 2145 5975 Κύριον,
2187 5907 2280 5961 καὶ
2308 5903 2558 5961 τελεύτα.
2597 5902 2758 5961 Eutr.
