4032 6312
614 339 755 399 1007

1661 344 1729 402 ’5.
1770 346 2078 404 (ἉΞΞΑΒΙΙ
2108 345 2458 407 ΕΒΕΟΟΗΙΙ
2490 347 2799 410 FRATRIS

3741 346 3878 408 1008

612 467 779 533 atque
833 462 1296 534 irreprehensibili
1345 464 1559 521 vivendi
1613 469 1857 524 rationi?
1898 470 2072 526 Simul
2120 473 2163 527 d:

2297 473 2394 527 ml
2420 473 2699 547 ἀμέμπτῳ
2730 474 3005 546 πολιτείας
3041 472 3140 529 καὶ
3188 467 3544 542 συγχώρησον
3584 469 3653 540 τῇ
3680 466 3879 523 ἀνακο-

612 556 826 610 veniam
886 571 995 611 non
1029 555 1325 613 cohaerenti
1367 572 1494 613 cum
1537 560 1920 629 superioribus
1965 562 2163 619 interro

2294 564 2469 639 λούθῳ
2497 569 2792 641 ἐρωτήσειε
2816 570 2877 623 οὐ
2909 570 3024 640 ’γάρ
3053 566 3333 640 πειράζων
3355 563 3514 617 τοῦτο
3541 562 3701 615 ποιῶ.

610 647 837 717 gationi.
864 644 983 701 Non
1008 646 1153 703 enim
1185 649 1429 705 tentandi
1458 650 1632 720 gratia
1662 652 1765 707 hoc
1786 650 1946 708 facio.

1244 737 1558 809 Responsio.

676 828 794 885 Non
822 828 1023 900 ipsum,
1075 831 1168 886 sed
1198 847 1319 902 qua:
1361 832 1537 902 ipsius
1570 846 1750 901 erant,
1791 853 1897 892 non
1943 836 2189 904 tradidit,

604 919 698 975 sed
731 920 1033 983 concessit,
1070 936 1334 978 exercens
1358 920 1560 979 Johum
1599 926 1778 995 ipsum
1810 928 1881 982 ad
1923 926 2193 983 fortitudi-

2914 745 3275 813 Ἀπόκρισις.

2365 843 2480 896 Οὐκ
2498 842 2681 903 αὐτὸν.
2705 838 2843 895 ἀλλὰ
2861 838 2910 894 τ’
2926 836 3115 900 αὐτοῦ,
3139 837 3202 890 οὐ
3230 825 3718 905 παρέδυ·κεν(85⁶).
3742 824 3879 880 ἀλλὰ

2293 929 2710 1002 συνεχώρησεν,
2734 926 3030 1000 γυμνάζων
3064 926 3201 996 πρὸς
3234 922 3505 995 ἀνδρείαν,
3532 919 3627 975 καὶ
3653 916 3879 985 ἐπάγων

602 1023 753 1092 nem,
787 1020 839 1066 et
862 1010 1149 1067 abducens
1188 1027 1286 1081 per
1333 1029 1424 1068 res
1467 1015 1639 1071 luteas
1693 1018 1881 1073 carnis
1911 1029 2163 1089 expertcn

2294 1023 2385 1077 διὰ
2415 1022 2591 1095 πηλοῦ
2616 1022 2709 1076 τὸν
2737 1020 2981 1092 ἄσαρκον
3010 1014 3420 1087 ἀνταγωνιστὴν
3440 1011 3533 1067 τοῦ
3564 1008 3804 1065 δικαίου.

602 1081 974 1159 adversarium
1006 1119 1035 1157 a
1075 1105 1377 1159 tentatione
1397 1106 1654 1183 hominis
1681 1108 1836 1178 justi.

1024 1194 1541 1252 INTERROGATIO
1579 1197 1768 1254 CXXI.

667 1285 831 1342 ltecte
858 1287 1069 1351 dixisti,
1093 1302 1203 1343 non
1231 1288 1434 1359 ipsum,
1490 1290 1585 1346 sed
1625 1307 1749 1361 qua:
1785 1292 1958 1363 ipsius
2005 1303 2182 1361 erant,

2844 1197 3095 1251 ΠΕΥΣΙΣ
3131 1194 3310 1249 ΡΚᾹ⁹⁸

2355 1289 2554 1354 Καλῶς
2589 1291 2842 1361 εἴρηκας,
2884 1288 2959 1361 μὴ
2987 1288 3177 1350 αὐτὸν,
3218 1285 3356 1341 ἀλλὰ
3395 1284 3442 1338 τ’
3479 1278 3647 1335 αὐτοῦ
3688 1294 3874 1349 παρα⁹

605 1379 806 1435 tradita
843 1378 1036 1434 fuisse.
1063 1378 1206 1445 Quid
1251 1381 1456 1451 igitur?
1494 1394 1563 1438 an
1611 1399 1722 1439 non
1766 1385 1897 1457 ipse
1933 1395 2051 1441 erat
2089 1403 2160 1456 qu

2283 1381 2548 1437 δεδόσθαι.
2584 1382 2650 1435 Τί
2676 1378 2805 1448 οὗν;
2833 1382 2933 1435 οὐκ
2960 1380 3123 1444 αὐτὸς
3157 1374 3251 1433 οὖν
3282 1373 3393 1449 (86)
3424 1376 3455 1430 ὁ
3486 1376 3599 1438 τοῖς
3631 1368 3877 1440 σκώληξῑ

597 1469 879 1525 vermibus
913 1469 1345 1539 perfodiebatur,
1379 1482 1432 1530 et
1471 1475 1541 1531 ab
1563 1476 1645 1531 eis
1676 1476 2088 1542 comedebatur,
2128 1494 2158 1533 e

2286 1474 2683 1546 συνηλούμενος
2699 1476 2836 1546 (87),
2860 1476 2954 1528 καὶ
2978 1474 3071 1528 ὑπ’
3099 1472 3281 1527 αὐτῶν
3304 1466 3747 1538 κατεσθιόμενος,
3775 1461 3877 1517 καὶ

597 1565 808 1620 saniem
845 1573 981 1619 testa
1014 1561 1274 1619 radebat?

1228 1654 1539 1727 Responsio.

612 1732 633 1815 λ
664 1744 887 1801 Minime
914 1762 1017 1817 ρετ
1033 1761 1301 1817 corporea
1340 1748 1565 1803 vulnera
1603 1746 2172 1813 laedebatur‘animus:

594 1853 955 1902 necvermes,
990 1830 1117 1895 licet
1156 1847 1332 1893 utrem
1377 1837 1743 1908 perforarent,
1782 1842 1932 1899 intus
1965 1845 2175 1914 reposi-

594 1940 711 1986 tum
742 1930 1062 1986 thesaurum
1094 1929 1302 1984 adoriri
1330 1938 1602 2000 poterant.
1644 1927 1763 1987 Non
1802 1934 1947 1989 enim
1974 1950 2173 2006 corpus

590 2021 764 2081 Jobus
797 2034 936 2086 erat,
959 2023 1054 2079 sed
1084 2020 1256 2079 Jobus
1294 2032 1412 2077 erat
1458 2022 1572 2093 ipsa
1607 2024 1692 2079 vis
1725 2026 1893 2080 animi
1942 2029 2172 2084 rationis

590 2115 896 2187 particeps;
941 2107 1067 2170 Jobi
1112 2128 1271 2177 vero,
1330 2129 1565 2184 corpus;
1614 2119 1883 2187 corporis,
1933 2134 2019 2175 res
2053 2120 2173 2176 alia:

592 2216 883 2263 terrestres
906 2218 1173 2277 cegnatae.
1220 2203 1357 2261 Nam
1394 2206 1449 2260 in
1496 2209 1680 2264 anima
1722 2211 1977 2267 rationali
2020 2227 2173 2269 mens

588 2308 674 2357 est
700 2300 942 2367 scientia:
964 2298 1251 2355 rationalis
1285 2314 1478 2370 capax.
1523 2298 1681 2366 Quod
1717 2310 1900 2358 autem
1940 2306 2173 2361 rationis

587 2401 674 2449 est
698 2403 916 2460 expers.
950 2404 1118 2445 sensu
1153 2398 1304 2446 caret
1326 2397 1383 2444 et
1408 2392 1619 2446 luteum
1644 2400 1749 2447 est.
1799 2392 2171 2452 hihilominus

551 2556 554 2559 Α
586 2481 1278 2559 prepter‘commlstionem
1317 2497 1510 2537 eorum
1540 2498 1664 2553 quae
1684 2485 1887 2543 diversi
1920 2496 2050 2542 sunt
2074 2498 2169 2557 ge-

584 2578 763 2644 neris,
799 2585 856 2631 et
880 2575 1142 2631 unionem
1193 2574 1513 2629 animalium
1552 2576 1928 2643 rationalium,
1975 2582 2170 2636 merito

586 2669 893 2741 appellatur
918 2669 1106 2724 homo.
1135 2667 1398 2722 Concedit
1426 2667 1593 2738 igitur
1623 2668 1767 2724 Deus
1801 2670 1943 2726 hosti
1985 2678 2168 2725 exter-

588 2777 693 2825 na,
749 2768 820 2814 ut.
858 2759 1203 2815 innotescant
1252 2759 1511 2839 omnibus
1556 2759 1815 2816 interiora
1853 2762 1999 2833 regis
2051 2779 2171 2819 sce-

585 2849 1176 2923 ptra,suisfulgoribus
1192 2849 1545 2928 obscuranlia
1586 2860 1885 2921 purpuram
1915 2865 2167 2924 aspecta-

585 2930 748 2999 bilem
787 2953 841 2999 et
870 2943 1140 2997 diadema.
1172 2940 1409 3009 Praeerat
1448 2944 1592 3000 enim
1631 2946 1782 3001 Bolus
1810 2948 2018 3017 regioni
2049 2947 2170 3003 Usi-

586 3045 765 3092 tarum
796 3050 921 3093 cum
956 3034 1207 3104 imperio,
1232 3033 1555 3106 priusquam
1592 3052 1624 3093 τι
1661 3039 1943 3094 vermibus
1985 3041 2168 3111 perfo-

583 3136 798 3185 teretur
825 3129 1015 3184 carnis
1059 3128 1234 3198 ipsius
1281 3120 1748 3196 domiciliumret
1778 3133 2165 3191 illustraretur

581 3218 736 3274 orbis
763 3233 860 3288 per
892 3218 1223 3271 declaratam
1249 3216 1303 3270 in
1334 3218 1453 3288 ipso
1475 3220 1815 3289 patientiam.
1847 3224 2165 3280 Denudatur

586 3324 721 3380 ergo
772 3317 993 3363 strenua
1034 3308 1139 3363 viri
1173 3308 1349 3364 virtus
1399 3325 1546 3381 cum
1596 3297 1936 3369 existimaret
1989 3316 2164 3373 hostis

581 3414 709 3458 cum
732 3401 887 3470 copia
916 3398 1237 3474 facultatum
1279 3400 1510 3456 miriﬁce
1539 3402 1822 3469 delectari,
1848 3420 1915 3461 ac
1944 3404 2161 3463 illarum

582 3508 716 3549 cura
763 3491 914 3547 velut
970 3491 1305 3546 assentando
1348 3502 1671 3560 corruptum
1729 3493 1843 3550 Deo
1885 3496 2161 3565 dicturum

580 3584 918 3643 convicium.
959 3581 1306 3654 Quapropter
1336 3582 1587 3654 exposcit
1619 3585 1793 3656 ipsius
1845 3584 2159 3653 facultates,

582 3678 787 3748 quibus
838 3685 1130 3745 postquam
1164 3675 1455 3745 spoliasset
1477 3675 1680 3746 ipsum,
1722 3690 1778 3732 et
1803 3692 1833 3731 a
1864 3693 2033 3753 scopo
2063 3680 2164 3736 ab-

579 3772 843 3828 errasset,
880 3764 1145 3830 concutit,
1164 3763 1508 3821 charissimis
1537 3764 1729 3821 liberis
1762 3782 1871 3821 una
1892 3757 2017 3823 cum
2042 3768 2162 3839 ipso

580 3857 895 3915 convivium
932 3856 1364 3920 celebrantibus,
1384 3863 1559 3911 totam
1577 3858 1825 3926 domum,
1852 3874 1917 3915 ac
1941 3869 2161 3930 repente

580 3963 829 4006 mensam
854 3950 909 4002 in
941 3947 1255 4018 sepulcrum
1280 3948 1704 4019 tumultuarium
1728 3957 2053 4006 commutat.
2076 3950 2162 4005 ln-

578 4042 719 4119 fecta
750 4050 939 4097 autem
958 4056 1037 4108 re,
1097 4055 1222 4097 cum
1281 4041 1618 4111 turpitudine
1658 4043 1741 4109 sic
1768 4044 1950 4100 etiam.
1975 4046 2158 4116 repul-

578 4124 699 4199 sus,
725 4134 860 4191 alias
894 4133 1151 4189 admovet
1187 4134 1386 4189 divinae
1421 4133 1630 4189 civitati
1662 4135 1968 4200 machinas,
2000 4138 2158 4208 cujus

575 4224 729 4282 cives
757 4224 1120 4294 cogitationes
1155 4232 1332 4290 erant,
1381 4223 1582 4279 iterum
1628 4225 1895 4282 adversus
1944 4227 2157 4284 hostem

579 4316 635 4372 in
671 4316 843 4370 aciem
900 4314 1333 4385 progredientes.
1394 4313 1533 4371 Nam
1565 4326 1871 4387 postquam
1900 4319 2156 4376 omnibus

577 4406 871 4479 spoliasset
907 4404 1186 4459 hominem
1207 4403 1422 4475 justum
1460 4406 1735 4471 diabolus,
1768 4422 1944 4478 neque
1971 4407 2154 4466 ﬂexis-

577 4505 661 4553 set
689 4495 753 4550 ad
782 4493 1182 4564 blasphemiam
1215 4493 1346 4564 (hoc
1386 4495 1533 4549 enim
1566 4506 1707 4563 erat,
1741 4496 1887 4567 quod
1931 4513 2150 4553 summo

578 4588 764 4648 studio
794 4587 1114 4658 quaerebat),
1162 4586 1461 4656 ipsummet
1495 4586 1753 4660 deinceps
1792 4591 2055 4660 exposcit.
2099 4601 2154 4648 et

575 4682 644 4737 ad
676 4680 846 4734 Deum
879 4674 1055 4748 inquit
1083 4698 1097 4734 :
1138 4677 1291 4731 Mitte
1318 4694 1535 4732 manum
1565 4688 1733 4745 tuam,
1766 4690 1816 4735 et
1854 4691 2005 4752 tange
2031 4699 2152 4736 car-

577 4788 666 4827 nes
718 4769 830 4839 ejus
856 4776 905 4821 et
931 4784 1052 4822 ossa
1080 4769 1215 4836 ejus,
1238 4783 1301 4820 ac
1323 4768 1437 4827 vide
1469 4784 1593 4823 num
1628 4768 1684 4822 in
1714 4770 1901 4839 faciem
1926 4772 2022 4824 tibi
2049 4788 2152 4825 non

578 4874 689 4920 tam
729 4863 1090 4917 benedicturus
1115 4861 1205 4929 sit,
1236 4878 1396 4932 quam
1424 4855 1804 4918 maledictum;
1828 4865 1917 4925 "1
1967 4864 2152 4921 Con“-

574 4957 712 5013 dens
734 4953 1058 5008 autem-viro
1080 4953 1230 5023 justo
1265 4954 1358 5023 qui
1382 4943 1550 5009 cot‘da
1589 4965 1868 5010 scrutatur
1904 4954 2070 5025 Deus,
2097 4967 2151 5013 et

576 5060 796 5103 omnem
832 5043 1086 5098 allectum
1119 5044 1579 5100 misericordiane
1619 5057 1942 5115 praetextum
1984 5049 2153 5118 depo-

577 5137 678 5203 nit,
705 5152 773 5192 ne
802 5142 1083 5205 putaretur
1120 5150 1151 5190 a
1174 5133 1395 5212 diabolo
1428 5151 1594 5207 parce
1620 5139 1922 5210 tangendus
1942 5139 2148 5210 justus,

579 5227 851 5296 simulque
888 5226 1059 5281 fretus
1106 5226 1285 5297 pugile
1329 5240 1450 5293 suo,
1498 5238 1555 5285 et
1585 5228 1731 5285 illius
1774 5232 2150 5289 adversarium

576 5319 916 5387 vituperans,
952 5317 1117 5388 quasi
1164 5332 1330 5373 carne
1383 5321 1750 5392 ct‘sanguine
1806 5322 2031 5378 inferior
2060 5324 2151 5379 ille

646 5453 692 5489 “
725 5454 829 5511 Job
870 5471 932 5521 tt,
974 5456 1030 5512 5.

647 5579 783 5653 (85')
820 5588 963 5641 Οὐκ.
993 5623 1008 5638 .
1035 5627 1050 5641 .
1083 5587 1155 5638 οὐ
1180 5585 1542 5655 παρέδωκεν.
1576 5586 1811 5643 Delenda
1838 5590 2052 5648 videtur
2070 5608 2153 5650 se-

575 5656 757 5708 cunda
778 5656 1269 5734 _|regatio,_repeti_ta
1298 5656 1618 5734 fortasseex
1642 5669 1915 5734 postrema
1942 5662 2151 5733 syllaba

587 5723 948 5798 precedentis
976 5723 1163 5781 αὐτοῦ,
1204 5723 1405 5798 Verum
1446 5723 1655 5798 ὲπέχωξ
1689 5723 2149 5798 Interdum'enim

584 5796 699 5849 hzec
725 5797 991 5865 particula
1028 5796 1388 5867 πυσματικῶς
1417 5796 1735 5871 usurpatur,
1765 5810 1823 5859 ut
1852 5805 2011 5860 docet
2047 5802 2150 5861 Bu-

2279 1567 2372 1619 τὸν
2407 1567 2580 1637 ίχῶρα
2614 1567 2752 1634 ξέων
2782 1567 3078 1639 ὀστράκῳς

2892 1658 3258 1727 Ἀπόκρισις.

2354 1749 2521 1803 Οὐδὲν
2550 1752 2619 1823 τῇ
2643 1788 2646 1791 λ
2673 1753 2959 1823 σωματικῇ
3001 1749 3205 1820 τρώσει
3260 1748 3360 1819 τὴν
3388 1744 3569 1816 ψυχὴν
3618 1741 3873 1813 ὲτρὼθη’

2281 1844 2390 1897 οὐδ’
2411 1843 2575 1897 αὑτὸν
2609 1842 2844 1898 θύλακον
2881 1842 3297 1915 διατρήσαντες,
3327 1839 3406 1911 τῷ
3436 1836 3742 1907 ἐγκειμένῳ
3772 1835 3875 1906 θη-

2281 1936 2468 2008 σαυρῷ
2504 1935 2835 2008 προσϐαλεῖν
2874 1936 3122 2007 ἴσχυσαν.
3164 1936 3239 1989 Οὐ
3268 1934 3379 2004 γὰρ
3422 1930 3543 1986 Ἰὼϐ
3582 1930 3643 1984 τὸ
3680 1930 3872 1998 σῶμα»

2280 2027 2415 2081 ἀλλὰ
2462 2028 2584 2081 Ἰὼϐ
2621 2028 2684 2082 τὸ
2724 2015 2966 2097 λογικδν,
2998 2030 3208 2083 ἐκείνου
3238 2027 3295 2081 δὲ
3338 2025 3401 2080 τὸ
3448 2023 3629 2094 σῶμα,
3672 2021 3871 2075 τούτου

2274 2118 2335 2171 δὲ
2360 2118 2428 2173 τά
2452 2119 2517 2172 ὲκ
2551 2121 2653 2187 γῆς
2685 2118 2961 2191 σύμφυλα.
3006 2120 3069 2173 Εἰ
3103 2119 3203 2188 μὲν
3235 2118 3345 2192 γὰρ
3373 2117 3519 2189 ψυχὴ
3549 2116 3740 2187 λογικὴ
3771 2116 3871 2171 νοῦ

2279 2210 2374 2277 καὶ
2405 2211 2746 2282 ἐπιστήμης,
2770 2211 2960 2284 λογική
2997 2228 3056 2265 τε
3081 2211 3173 2265 καὶ
3202 2211 3447 2283 δεκτικὴ,
3476 2210 3538 2264 τὸ
3564 2211 3621 2263 δὲ
3645 2210 3869 2279 ἄλογον,

2277 2301 2605 2372 ἀναίσθητον
2641 2302 2737 2355 καὶ
2787 2301 3070 2371 πηλῶδες
3111 2300 3248 2355 ἀλλὰ
3289 2303 3355 2372 τῇ
3411 2298 3712 2371 συγκράσει
3752 2299 3869 2354 τῶν

2278 2390 2613 2462 ἑτερογενῶν
2651 2390 2749 2444 καὶ
2788 2390 2981 2444 ἐνώσει
3011 2389 3164 2454 ζώων
3191 2389 3424 2458 λογικῶν
3458 2388 3870 2460 προσαγορεύε⁴

2275 2500 2366 2536 ται
2400 2482 2627 2547 εἰκότως
2650 2484 2679 2535 ὁ
2712 2482 2922 2555 βροτός.
2958 2483 3239 2554 Συγχωρεῐ
3252 2477 3355 2535 οὖν
3382 2484 3410 2535 ὁ
3439 2480 3572 2546 Θεὸς
3604 2481 3681 2552 τῷ
3710 2481 3873 2535 πολε-

2279 2574 2387 2645 μίῳ
2416 2576 2485 2629 τὰ
2512 2573 2638 2641 ἔξω,
2666 2576 2815 2639 ὅπως
2844 2574 3064 2645 γνωσθῇ
3094 2576 3231 2627 πᾶσι
3259 2574 3328 2627 τά
3355 2573 3608 2647 ὲνδότερα
3635 2574 3730 2627 τοῦ
3762 2573 3870 2643 βα-

2278 2665 2472 2730 σιλέως
2501 2667 2760 2738 σκῆπτρα
2816 2664 3209 2719 ἐπισκοτοῦντα
3248 2666 3370 2729 ταῖς
3414 2666 3726 2734 ἀστραπαῖς
3761 2662 3871 2735 τὴν

2273 2758 2558 2829 ὁρωμένην
2593 2756 2897 2830 ,ἁλουργίδα
2938 2757 3032 2809 καὶ
3065 2756 3323 2828 διάδημα.
3370 2756 3552 2825 Μάνης
3600 2755 3711 2827 γάρ
3761 2756 3871 2825 τῆς

2271 2848 2520 2903 Δὺοιτῶν
2544 2847 2729 2921 χώρας
2750 2848 3051 2915 ἐϐασίλευε,
3081 2835 3211 2918 πρὶν
3232 2850 3347 2911 τοῖς
3369 2849 3620 2919 ἑρπετοῖς
3637 2846 3755 2899 διατ
3765 2863 3873 2917 ρης

2274 2938 2432 3011 θῆναι
2476 2940 2574 3011 τῆς
2606 2939 2811 3011 σαρκὸς
2864 2938 2969 3002 τὰς
3026 2938 3289 3004 καλύϐας,
3340 2940 3435 2992 καὶ
3475 2938 3872 3010 ἀστραφθῆναι

2271 3030 2371 3101 τὴν
2400 3030 2725 3101 οίκουμένην
2750 3031 2816 3101 τῇ
2848 3030 3062 3083 ἐκεῖθεν
3095 3030 3361 3101 ὑπομονῇ.
3394 3028 3870 3101 Παραγυμνοῦται

2271 3119 2364 3178 οὖν
2379 3124 2479 3192 τῆς
2502 3124 2780 3193 γενναίας,
2812 3123 2908 3178 τοῦ
2942 3124 3202 3195 πολεμίου
3230 3122 3512 3186 δοκοῦντος
3544 3126 3611 3194 τῇ
3640 3140 3873 3201 περιου-

2273 3216 2365 3288 σίᾳ
2409 3216 2806 3286 ὲπιγάννυσθαι
2852 3217 2961 3271 τῶν
3013 3218 3331 3289 κτημάτων,
3375 3216 3471 3270 καὶ
3520 3219 3586 3287 τῇ
3632 3215 3871 3270 ἐκείνων

2266 3302 2535 3375 θεραπείᾳ
2557 3304 2941 3377 θωπευόμενον
2968 3306 3042 3377 μὴ
3063 3305 3425 3377 βλασφημεῖν.
3450 3306 3543 3357 Διὸ
3562 3304 3870 3371 ὲξαιτεῖται

2267 3396 2366 3466 μὲν
2390 3384 2561 3450 αὐτοῦ
2593 3396 2662 3450 τὰ
2697 3397 3033 3469 ὑπάρχοντα,
3079 3397 3307 3450 ἐκείνων
3340 3396 3398 3450 δὲ
3430 3394 3726 3467 γυμνώσας
3756 3396 3872 3450 αύ-

2263 3486 2375 3553 τὸν,
2406 3490 2501 3541 καὶ
2553 3488 2861 3559 άστοχήσας
2899 3489 2990 3541 τοῦ
3047 3487 3275 3551 σκοποῦ,
3322 3488 3697 3542 ὲπικατασείει
3739 3491 3871 3554 τοῖς

2265 3579 2542 3648 φιλτάτοις
2579 3566 2739 3634 παισὶ
2773 3580 3211 3652 συνεσθιομένοις
3244 3581 3343 3651 τὴν
3362 3580 3562 3646 οἰκίαν,
3592 3581 3871 3663 αὐτοσχέ-

2261 3670 2373 3724 διον
2400 3672 2571 3739 τάφον
2587 3671 2771 3733 αὐτοῖς
2788 3672 2888 3744 τὴν
2916 3672 3197 3745 τράπεζαν
3214 3672 3611 3742 ἐργασάμενος.
3638 3673 3872 3745 Ἀπρα-

2262 3778 2391 3826 κτος
2415 3761 2472 3815 δὲ
2512 3763 2609 3816 καὶ
2634 3756 2809 3826 οὕτως
2840 3762 2958 3833 μετ’
3003 3762 3265 3834 αἰσχύνης
3303 3760 3722 3833 ἀποκρουσθεὶς,
3747 3760 3870 3817 λοι-

2262 3852 2364 3907 πὸν
2393 3856 2461 3925 τῇ
2504 3852 2627 3926 θείᾳ
2651 3854 2805 3908 πόλει
2848 3855 3117 3927 προσάγει
3163 3855 3232 3910 τὰ
3267 3856 3641 3929 μηχανήματα
3662 3870 3677 3885 ·
3705 3849 3785 3929 ἦς
3811 3858 3869 3914 οι

2261 3947 2477 4002 πολῖται
2510 3947 2764 4019 λογισμοὶ
2792 3944 2949 4013 αὖθις
2976 3948 3053 4021 τῷ
3099 3949 3344 4021 πολεμίῳ
3386 3950 3865 4022 παρατάττονται.

2258 4040 2417 4095 Μετὰ
2437 4039 2547 4113 γάρ
2570 4040 2633 4094 τὸ
2666 4041 2848 4111 πάντα
2875 4042 3175 4112 ἀφελέσθαι
3194 4041 3291 4097 τοῦ
3308 4042 3519 4098 δικαίου
3532 4043 3561 4095 6
3577 4044 3867 4111 διάϐολος,

2258 4136 2355 4189 καὶ
2380 4135 2455 4207 μὴ
2486 4134 2676 4198 κλίνας
2691 4133 2854 4215 αὐτὸν
2874 4135 2954 4200 είς
2987 4135 3339 4210 βλασφημίαν
3364 4136 3542 4208 (τοῦτο
3557 4138 3667 4211 γὰρ
3698 4138 3867 4211 αὐτῷ

2257 4224 2354 4278 καὶ
2389 4225 2549 4299 μόνον
2590 4220 2659 4297 ἦν
2687 4217 3395 4301 περισπούδαστον),λαὺτὸν
3420 4228 3605 4286 λοιπὸν
3636 4232 3867 4290 ἐκεῖνον

2256 4314 2481 4383 ἐξαιτεῖ,
2509 4316 2602 4371 καί
2630 4334 2765 4390 φησι
2790 4316 2869 4390 τῷ
2907 4318 3027 4391 Θεῷ
3046 4334 3061 4351 ο
3110 4318 3508 4377 Ἀπόστειλον
3533 4321 3650 4391 τὴν
3676 4324 3864 4393 χεῖρά

2255 4425 2394 4472 σου,
2423 4409 2523 4462 καί
2552 4408 2701 4479 ἅψαι
2731 4409 2853 4466 τῶν
2883 4410 3129 4480 σαρκῶν
3151 4413 3339 4469 αὐτοῦ
3364 4413 3614 4491 καὶξτῶν
3640 4415 3865 4473 ὀστῶν

2258 4499 2468 4565 αὺτοῦ,
2488 4502 2541 4555 εί
2557 4501 2685 4573 μὴν
2704 4505 2792 4570 εὶς
2812 4495 3141 4572 πρόσωπόν
3157 4521 3232 4560 σε
3252 4505 3601 4577 εὐλογήσω,
3616 4508 3862 4567 ὡσανεὶ

2254 4593 2715 4665 βλασφημήσει.
2751 4595 2981 4669 Θαρρῶν
3008 4596 3067 4651 δὲ
3096 4596 3176 4668 τῷ
3200 4595 3394 4670 δικαίῳ
3419 4600 3449 4653 ὁ
3476 4598 3577 4663 τάς
3609 4601 3863 4672 καρδίας

2257 4685 2575 4757 ἐμϐατεύων
2601 4687 2753 4753 Θεὸς,
2790 4690 2885 4743 καὶ
2914 4691 3095 4745 πᾶσαν
3122 4690 3500 4763 προσπάθειαν
3540 4692 3573 4765 ἢ
3618 4694 3860 4763 φειδοῦς

2257 4780 2529 4851 πρόφασιν
2572 4782 3052 4855 περιαιρούμενος,
3098 4784 3171 4855 μή
3203 4801 3333 4838 ποτε
3360 4785 3592 4859 νομισθῇ
3616 4786 3698 4859 τῷ
3724 4787 3863 4845 δια-

2257 4870 2399 4944 ϐόλῳ
2438 4873 2766 4944 φειδομένως
2803 4873 3046 4946 ἅψασθαι
3077 4876 3172 4931 τοῦ
3218 4877 3429 4933 δικαίου
3449 4895 3464 4910 '
3495 4877 3615 4949 ἅμα
3637 4879 3698 4935 δὲ
3747 4887 3865 4940 καὶ

2257 4961 2477 5038 θαρρῶν
2511 4965 2589 5037 τῷ
2636 4968 2824 5039 οίκείῳ
2869 4952 3169 5041 άγωνιστῇ,
3217 4971 3312 5024 καὶ
3348 4970 3620 5038 ὀνειδίζων
3670 4976 3863 5032 αὐτοῦ

2254 5054 2347 5109 τὸν
2380 5055 2695 5123 ἀντίπαλον,
2736 5057 2810 5121 ὡς
2846 5060 3010 5130 σαρκὶ
3035 5061 3131 5113 καὶ
3177 5061 3371 5132 αἵματι
3402 5061 3715 5135 ἡττώμενον
3752 5069 3863 5125 τὸν

2256 5146 2514 5219 ἄσαρκον,
2547 5149 2638 5202 τὸν
2654 5149 3009 5222 καυχώμενον
3032 5136 3127 5206 καὶ
3152 5153 3398 5222 λέγοντα·
3432 5153 3512 5225 Τῇ
3530 5156 3707 5226 ισχύτ
3716 5177 3859 5228 μου

2256 5239 2510 5307 ποιήσω,
2535 5241 2634 5295 καί
2668 5240 2742 5310 τῇ
2766 5244 2921 5311 χειρί
2935 5261 3055 5312 μου
3085 5243 3319 5301 καθελῶ
3346 5246 3476 5315 ὅρια
3499 5247 3713 5313 ἐθνῶν,
3740 5256 3861 5309 καὶ

2254 5331 2374 5400 τὴν
2419 5334 2781 5404 οἰκουμένην
2817 5335 2973 5403 ὅλην
3004 5338 3432 5410 περιλήψομαι,
3463 5338 3563 5396 καὶ
3595 5339 3723 5412 ἀρῶ
3765 5346 3864 5416 ὡς

2256 5598 2724 5670 ᾱωιιεϐοπεπιειιι.
2759 5601 2887 5670 (ing.
2922 5597 3014 5655 Gr.
3038 5615 3093 5670 p.
3121 5599 3196 5658 In.
3220 5601 3345 5659 ιδε.

2331 5669 2445 5745 (ὃῤ)
2478 5664 2623 5745 ρῦν.
2652 5667 2815 5745 Forte
2833 5664 2921 5745 ἧν.
2953 5664 3112 5745 Eph.

2328 5740 2441 5814 (87)
2480 5740 2961 5811 Συνηλούμεγίος.
2988 5740 3153 5801 Forte
3175 5744 3604 5816 συνειλούμενος.
3634 5742 3716 5803 In.
