4024 6202
873 265 918 274 -εν
1263 267 1423 275 -—--—-—
1433 268 1462 275 -
1473 268 1718 278 ’.σο-ρ·

296 265 3555 334 Ἥ
1495 309 1506 315 -
1524 309 1554 315 ..
1579 309 1908 318 _.--.-___

1227 307 1258 314 ο-
1277 307 1348 313 --νο
1385 311 1388 313 .
1443 309 1466 315 -ο
1479 309 1695 316 -οηὺμα
1717 307 1796 318 ἃς
1797 311 1908 318 .-α-.-

1065 435 1219 540 IN
1385 435 2084 561 QUINTUM
2193 440 2753 556 TOMUM

1619 646 2296 830 gemmae.

1709 885 2180 942 οῧεεῠββΙῆ-ο-

358 1031 628 1086 Aurelium
653 1031 1011 1108 Augustinum
1040 1047 1160 1088 cum
1191 1034 1370 1092 multis
1393 1033 1668 1108 praeclaris
1694 1035 1906 1090 dotibus
1925 1033 1990 1086 ad
2023 1033 2264 1090 obeunda
2289 1032 2493 1104 singula
2521 1034 2776 1098 Ecclesia:
2803 1052 3019 1093 munera
3054 1039 3369 1104 instructum
3391 1039 3566 1112 fuisse

288 1139 446 1179 nemo
468 1133 649 1194 negat,
675 1135 786 1177 tum
817 1125 1081 1194 prmcipue
1101 1127 1352 1180 eximium
1377 1127 1539 1181 divini
1567 1127 1713 1181 verbi
1736 1140 2037 1196 praeconem
2061 1125 2350 1188 exstitisse,
2374 1135 2534 1196 atque
2554 1142 2617 1180 ex
2638 1127 2753 1196 ejus
2773 1129 2938 1184 sacris
2957 1131 3303 1188 concionibus
3327 1131 3389 1186 ad
3422 1132 3566 1199 chri-

288 1215 490 1268 stianos
523 1216 748 1284 populos
776 1216 1056 1278 utilitatem
1080 1215 1302 1272 rediisse
1331 1233 1436 1270 non
1468 1217 1792 1276 mediocrem
1819 1217 1872 1274 in
1903 1215 2146 1270 confesso
2169 1225 2268 1270 est.
2299 1217 2362 1270 Et
2383 1231 2510 1274 sane
2533 1217 2631 1271 hoc
2647 1218 2720 1278 ita
2744 1219 2971 1276 futurum
2995 1221 3570 1291 videturpracsensisse

292 1307 535 1361 Valerius
581 1311 886 1379 episcopus,
919 1309 1346 1380 quandoquidem
1382 1311 1454 1365 illi
1487 1327 1676 1366 recens
1706 1311 1757 1365 in
1790 1310 2116 1380 Hipponiensi
2147 1309 2381 1363 Ecclesia
2409 1308 2473 1370 ad
2500 1310 2851 1372 sacerdotium
2877 1323 3122 1382 cooptato
3147 1325 3482 1382 potestatem,
3508 1325 3572 1388 ut

292 1399 560 1456 Possidius
589 1410 774 1454 auctor
801 1411 902 1466 est,
937 1402 1226 1470 Evangelii,
1257 1413 1518 1472 praesente
1540 1418 1617 1466 se,
1644 1403 1839 1472 populo
1865 1401 2162 1471 exponendi
2186 1401 2338 1464 fecit;
2365 1416 2468 1470 quo
2493 1409 2750 1469 tempore,
2775 1403 2962 1458 eodem
2988 1404 3228 1460 Possidio
3255 1415 3405 1470 teste,
3428 1405 3570 1472 aliud

291 1489 494 1542 ferebat
524 1506 648 1542 usus
675 1491 1038 1544 Africanarum
1071 1491 1454 1559 Ecclesiartnn,
1487 1494 1535 1546 in
1563 1494 1752 1563 quibus
1779 1501 1870 1544 aut
1895 1492 2112 1546 omnino
2139 1507 2430 1560 nunquam,
2459 1501 2549 1546 aut
2574 1493 2759 1547 saltem
2787 1509 2964 1548 coram
2994 1497 3254 1565 episcopis
3289 1498 3567 1568 presbyte-

286 1597 375 1634 ros
395 1598 425 1635 e
445 1591 693 1652 Sttggcsltl
718 1583 875 1636 verba
901 1584 1072 1636 facere
1104 1599 1207 1636 non
1241 1584 1448 1638 licebat.
1474 1584 1749 1638 .ludicabat
1771 1583 1970 1637 scilicet
1992 1584 2107 1653 pius
2131 1582 2368 1636 Valerius
2395 1584 2746 1653 antiquiorem
2774 1585 2840 1640 de
2865 1601 3024 1656 grege
3049 1587 3149 1641 sibi
3170 1587 3372 1652 credito
3396 1589 3568 1662 deque

285 1676 407 1740 ejus
435 1673 729 1726 commodis
751 1673 1126 1742 promovendis
1158 1675 1257 1728 sibi
1287 1690 1470 1729 curam
1500 1690 1618 1730 esse
1644 1675 1857 1740 debere,
1882 1690 2039 1745 quam
2067 1675 2132 1727 de
2155 1673 2384 1728 humana
2412 1674 2813 1741 consuetudine,
2845 1692 2950 1732 non
2981 1677 3084 1732 alio
3111 1681 3333 1733 consilio
3359 1681 3565 1735 institu-

291 1778 366 1828 ta,
397 1769 498 1820 nisi
531 1778 588 1820 ut
617 1769 747 1821 inter
772 1769 1160 1822 ecclesiasticos
1192 1769 1463 1823 ministros
1483 1769 1823 1838 spectabilior
1848 1784 2060 1838 semper
2091 1768 2351 1822 emineret
2375 1767 2674 1836 episcopus.
2712 1765 2843 1822 Cum
2871 1778 3046 1822 autem
3079 1769 3130 1823 id
3162 1773 3394 1826 muneris
3423 1782 3560 1826 stre-

287 1875 392 1912 nue
421 1860 661 1928 Hippone
689 1860 833 1928 regio
861 1859 1104 1929 impleret
1141 1861 1482 1929 Augustinus,
1512 1869 1670 1929 atque
1697 1859 1811 1928 ejus
1841 1859 1977 1912 fama
2005 1859 2159 1927 longe
2181 1859 2391 1926 lateque
2420 1866 2812 1928 pervagaretur,
2842 1858 3087 1928 exemplo
3109 1861 3331 1929 permoti
3361 1863 3562 1932 aliquot

288 1952 550 2003 antistites
576 1965 703 2004 suos
733 1966 942 2020 quoque
969 1952 1307 2021 presbyteros
1331 1951 1540 2021 publice
1568 1951 1616 2004 in
1645 1951 1868 2005 ecclesia
1898 1950 2074 2004 dicere
2102 1949 2402 2013 voluerunt,
2432 1949 2530 2017 ipsi
2558 1949 2770 2002 interim
2793 1949 2844 2002 in
2867 1950 3166 2005 auditorum
3196 1969 3416 2008 numero
3436 1970 3570 2009 con-

286 2043 544 2097 sidentes.
577 2045 713 2111 Quin
759 2045 920 2099 etiam
965 2045 1188 2099 subinde
1217 2047 1266 2099 in
1297 2045 1523 2099 concilio
1551 2042 1957 2114 Carthaginiensi
1987 2042 2310 2122 Augustinus
2353 2042 2714 2110 episcopatum
2767 2041 2990 2096 necdum
3033 2042 3252 2112 adeptus
3273 2061 3300 2100 a
3329 2045 3570 2100 Patribus

285 2138 417 2206 ipsis
446 2153 624 2190 coram
649 2154 707 2191 se
737 2139 804 2192 de
836 2139 938 2193 lide
967 2153 1029 2192 ac
1053 2139 1298 2207 symbolo
1324 2137 1786 2208 disputarejussus
1810 2145 1910 2201 est,
1936 2151 2054 2188 cum
2085 2135 2298 2189 biennio
2337 2145 2462 2190 ante
2488 2135 2856 2206 presbyterum
2887 2147 3149 2206 praesente
3179 2138 3428 2211 episcopo
3454 2155 3570 2193 ser-

284 2245 500 2283 monem
529 2231 726 2285 habere
754 2231 1042 2285 inauditum
1072 2240 1231 2284 esset.
2606 2253 2610 2257 -
3207 2213 3210 2216 ’

355 2317 605 2373 Ceterum
635 2322 926 2390 episcopatu
953 2330 1199 2389 suscepto,
1232 2319 1456 2373 Possidii
1485 2319 1600 2372 haec
1624 2317 1786 2372 verba
1815 2326 1957 2381 sunt,
1987 2315 2143 2368 multo
2172 2315 2440 2368 instantius
2467 2331 2527 2367 ac
2555 2315 2844 2385 ferventius,
2889 2315 3080 2384 majore
3117 2319 3434 2381 auctoritate,
3471 2335 3571 2373 non

285 2412 338 2461 in
368 2427 472 2462 una
495 2421 691 2462 tantum
721 2413 941 2482 regione,
972 2412 1059 2464 sed
1081 2410 1379 2479 ubicumque
1399 2418 1604 2479 rogatus
1636 2409 1869 2474 venisset,
1902 2407 2103 2460 verbum
2129 2406 2308 2458 salutis
2333 2415 2534 2458 teterna;
2556 2403 2792 2458 alacriter
2820 2420 2882 2458 ac
2905 2407 3141 2472 suaviter,
3167 2407 3450 2478 pullulante
3483 2417 3567 2462 at-

289 2518 382 2569 que
407 2512 654 2554 crescente
683 2501 896 2554 Domini
926 2502 1166 2562 Ecclesia,
1195 2500 1501 2568 prtcdicavit.
1531 2497 1710 2568 Itaque
1736 2514 1840 2551 non
1869 2497 2006 2570 apud
2036 2510 2160 2548 suos
2188 2503 2388 2547 tantum
2423 2494 2810 2562 llippouenses,
2843 2494 2936 2549 sed
2967 2494 3104 2565 apud
3129 2495 3574 2566 Carthagineuses

295 2607 521 2660 quoque,
551 2609 760 2646 necnon
793 2594 924 2646 alios
947 2609 1042 2662 per
1072 2591 1302 2645 Africam
1329 2590 1552 2660 populos
1581 2602 1956 2658 sarpenumero
1985 2586 2331 2639 concinnatus
2360 2593 2460 2637 cst.
2493 2584 2557 2638 Et
2579 2599 2704 2639 vero
2724 2599 2789 2638 ex
2813 2585 2875 2638 iis
2902 2585 3092 2655 quibus
3117 2586 3221 2640 vita
3248 2587 3362 2656 ejus
3386 2589 3576 2644 nobili-

297 2693 435 2737 tatur
461 2685 728 2752 pra-claris
753 2685 935 2754 gestis,
969 2685 1095 2738 illud
1127 2685 1206 2738 vel
1237 2684 1519 2737 maximam
1545 2682 1751 2736 laudem
1778 2689 1937 2749 atque
1962 2679 2366 2733 admirationem
2397 2688 2647 2742 meretur,
2669 2679 2808 2748 quod
2826 2680 3153 2736 Cmsaremin
3171 2681 3478 2738 Mauritania
3496 2685 3575 2738 di-

290 2775 462 2829 cendo
487 2791 604 2830 sese
633 2777 876 2830 effecisse
900 2776 1034 2829 libro
1061 2785 1248 2844 quarto
1275 2775 1343 2828 de
1374 2774 1626 2828 Doctrina
1653 2773 1958 2826 Christiana
1987 2772 2099 2840 ipse
2124 2779 2403 2825 memorat.
2445 2770 2668 2840 Vigebat
2708 2771 2955 2825 nimirum
2985 2772 3038 2826 in
3067 2787 3130 2827 ea
3170 2775 3302 2829 urbe
3331 2776 3574 2831 immanis

289 2867 640 2931 consuetudo,
667 2881 695 2919 a
729 2867 962 2934 patribus
983 2875 1034 2919 et
1062 2866 1173 2918 avis
1204 2866 1460 2933 longeque
1485 2880 1515 2918 a
1546 2862 1838 2932 majoribus
1868 2863 2075 2924 tradita,
2103 2879 2201 2932 qua
2231 2878 2329 2914 non
2358 2862 2487 2915 cives
2516 2862 2880 2926 tantummodo,
2912 2879 3081 2916 verum
3108 2865 3258 2918 etiam
3286 2869 3572 2938 propinqui,

292 2960 498 3026 fratres,
529 2968 779 3025 postremo
802 2966 1031 3027 parentes
1052 2974 1112 3009 ac
1137 2958 1231 3026 ﬁlii
1255 2956 1504 3025 lapidibus
1527 2956 1654 3008 inter
1679 2973 1730 3009 se
1758 2957 1810 3009 in
1838 2956 1964 3008 duas
1993 2966 2162 3024 partes
2191 2954 2353 3015 divisi,
2399 2971 2486 3023 per
2522 2955 2711 3025 aliquot
2746 2953 2852 3008 dies
2886 2957 3148 3010 continuos
3185 2968 3318 3012 certo
3357 2968 3577 3030 tmpore

290 3051 414 3102 anni
429 3050 714 3102 solemniter
729 3048 1056 3115 dimicabant,
1085 3057 1131 3102 et
1147 3049 1352 3118 quisque
1369 3057 1419 3099 ut
1445 3063 1686 3117 quemque
1711 3055 1925 3116 poterat,
1945 3046 2198 3098 occidebat
2222 3044 2322 3114 (De
2342 3044 2578 3098 Doctrina
2597 3045 2909 3111 Christiana,
2933 3046 3022 3101 lib.
3044 3047 3096 3114 4,
3115 3063 3232 3118 cap.
3253 3048 3343 3113 25,
3369 3066 3421 3103 tt.
3456 3050 3569 3120 56).

296 3141 449 3194 Ilunc
477 3139 567 3193 ille
597 3154 801 3194 morem
835 3147 942 3193 tam
972 3138 1144 3194 ferum
1175 3149 1385 3208 tamque
1411 3148 1668 3202 atrocem,
1702 3145 1809 3190 tam
1852 3136 2067 3191 crudele
2095 3145 2253 3205 atque
2282 3136 2631 3190 inveteratum
2663 3137 2880 3200 malum,
2910 3153 3075 3193 sacra:
3105 3154 3214 3195 sua:
3257 3125 3574 3211 eloquentia:

291 3233 342 3285 vi
370 3233 580 3286 sustulit
604 3243 762 3302 atque
789 3232 1044 3286 abolevit.
1079 3232 1175 3286 Cui
1203 3231 1445 3301 profecto
1470 3231 1702 3285 victoria:
1734 3245 1915 3300 parem
1943 3229 2100 3282 aliam
2134 3229 2374 3283 facundia
2396 3237 2449 3283 et
2470 3229 2703 3284 efficacia
2722 3233 2984 3302 sermonis
3009 3247 3038 3287 a
3069 3233 3431 3291 celeberrimis
3449 3249 3572 3292 οη·
3619 3257 3624 3260 ·

293 3324 500 3378 toribus
529 3334 731 3392 partam
757 3323 845 3376 vix
876 3337 1109 3390 unquam
1137 3322 1393 3390 reperias.

363 3409 493 3466 Erat
523 3428 652 3467 sane
679 3413 1071 3466 concionatoris
1099 3411 1236 3466 adeo
1282 3410 1500 3480 prfecti
1546 3417 1714 3465 artem
1757 3410 2106 3465 concionandi
2154 3409 2397 3464 cdoccre.
2440 3410 2549 3465 Hoc
2593 3411 2678 3466 ille
2704 3413 2948 3482 praestitit
2971 3429 3036 3469 eo
3061 3415 3112 3469 in
3142 3415 3295 3482 libro,
3326 3433 3482 3488 quem
3505 3418 3573 3474 de

292 3505 540 3558 Doctrina
568 3504 890 3567 Christiana,
922 3503 974 3557 id
1000 3512 1102 3570 est,
1129 3503 1198 3556 de
1227 3503 1444 3557 scientia
1471 3503 1692 3572 aliisque
1719 3503 1952 3556 doctoris
1980 3503 2252 3556 christiani
2287 3504 2523 3571 partibus
2552 3504 2780 3573 scripsit.
2812 3503 2885 3560 lbi
2915 3517 3035 3575 post
3063 3509 3351 3577 explicatas
3377 3511 3570 3580 priori-

289 3597 392 3651 bus
416 3596 562 3650 libris
579 3597 815 3665 germani
841 3609 1030 3651 sensus
1060 3610 1090 3650 e
1117 3595 1407 3664 Scriptura:
1447 3593 1618 3664 adytis
1645 3594 1863 3648 eruendi
1895 3595 2121 3662 regulas,
2154 3592 2218 3646 ad
2249 3604 2546 3647 extremum
2575 3594 2786 3648 dicendi
2815 3606 3080 3666 praecepta
3111 3582 3473 3668 persequitur;
3517 3612 3571 3656 et

286 3693 379 3760 qui
403 3691 614 3760 juvenis
635 3702 758 3745 ante
787 3689 1190 3745 conversionem
1221 3687 1548 3743 instituendo
1577 3687 1775 3742 oratori
1801 3685 2018 3755 profano
2039 3701 2256 3753 operam
2281 3685 2518 3748 dederat,
2543 3685 2681 3739 idem
2706 3687 2988 3755 episcopus
3010 3704 3073 3742 ac
3097 3703 3259 3745 senex
3281 3692 3571 3749 studiosius

287 3785 342 3838 in
377 3783 517 3837 hanc
545 3797 656 3838 rem
685 3782 940 3847 incubuit,
962 3791 1022 3836 ut
1045 3781 1390 3836 christianum
1418 3790 1685 3834 oratorem
1712 3777 1943 3832 erudiret
1965 3776 2400 3843 informaretque.

362 3877 444 3931 Ex
486 3877 588 3930 hoc
628 3876 840 3946 quidem
866 3890 1029 3946 opere
1057 3888 1351 3944 cognoscas
1379 3875 1500 3928 licet
1529 3872 1676 3926 illum
1702 3867 2068 3924 concionando
2101 3881 2204 3920 non
2234 3866 2406 3920 solum
2433 3867 2644 3937 ingenio
2671 3882 2771 3923 suo
2787 3866 2934 3922 facili
2962 3878 3122 3941 atque
3151 3873 3367 3942 copioso
3389 3875 3565 3931 indul-

284 3973 449 4036 sisse,
477 3987 663 4025 verum
693 3970 853 4025 etiam
884 3969 1013 4022 artis
1039 3969 1288 4023 calluisse
1314 3967 1546 4037 regulas,
1573 3978 1671 4018 nec
1701 3977 1882 4016 eorum
1911 3960 2100 4030 quibus
2128 3959 2182 4013 fit
2212 3967 2268 4012 ιιι
2293 3959 2487 4014 veritas
2512 3968 2707 4029 pateat,
2737 3969 2795 4014 ut
2808 3961 3006 4015 veritas
3028 3963 3339 4030 placeat,.ut
3371 3968 3569 4023 veritas

286 4074 526 4129 moveat,
548 4063 833 4132 quidquam
862 4062 1154 4132 ignorasse.
1181 4061 1514 4129 Quapropter
1535 4055 1632 4110 etsi
1656 4054 1769 4125 ejus
1792 4054 1843 4107 in
1871 4053 2204 4107 sermonibus
2227 4067 2331 4104 non
2353 4051 2722 4118 deprehendas
2741 4053 2948 4106 anxiam
2972 4053 3111 4107 illaut
3135 4056 3565 4126 sollicitudinem,
3601 4107 3607 4111 .

288 4170 397 4223 qua
424 4154 722 4208 auditorem
753 4153 976 4208 docilem
1008 4151 1268 4221 prooemio
1299 4149 1492 4213 facere,
1525 4147 1818 4201 orationem
1846 4144 1897 4197 in
1920 4145 2062 4196 varia
2091 4143 2329 4197 membra
2353 4141 2638 4206 dissecare,
2662 4157 2726 4196 ac
2753 4141 3121 4198 vehementem
3153 4147 3467 4220 plenamque
3483 4152 3568 4207 af-

288 4249 520 4304 fectibus
549 4248 916 4302 collectionem
947 4259 1158 4314 semper
1187 4243 1310 4298 hinc
1341 4242 1554 4303 elicere,
1587 4249 1641 4293 ut
1671 4251 1812 4291 nunc
1838 4238 2001 4290 moris
2026 4245 2125 4300 est,
2153 4234 2454 4289 curaverit:
2478 4231 2528 4287 id
2558 4244 2736 4289 tamen
2780 4249 2954 4304 neque
2996 4248 3380 4308 princeptomm
3411 4243 3568 4314 igno-

288 4339 509 4401 rationi,
537 4353 710 4406 neque
739 4336 1054 4392 necessaria:
1077 4335 1141 4388 ad
1173 4334 1258 4388 illa
1286 4334 1336 4386 in
1366 4348 1518 4388 usmn
1543 4327 1841 4385 reducenda
1875 4327 2149 4382 industriae
2176 4325 2413 4379 tenuitati
2441 4325 2560 4395 jure
2585 4325 2821 4390 tribuas;
2845 4327 2936 4381 sed
2966 4329 3138 4395 potius
3166 4331 3342 4387 inlhas
3379 4349 3568 4390 mrisas

288 4433 495 4483 referre
522 4429 644 4483 debt
662 4443 709 4487 ς.
735 4427 816 4482 vel
843 4425 982 4495 quod
1007 4434 1062 4479 ut
1083 4424 1366 4494 plurimum
1393 4421 1662 4490 simplices
1687 4418 1947 4481 homilias,
1976 4417 2074 4470 hoc
2091 4425 2190 4481 est,
2216 4413 2793 4470 sermoncst‘amiliares
2811 4418 3039 4486 pastoris
3053 4419 3118 4472 ad
3145 4421 3404 4490 aviculae,
3426 4439 3563 4494 pm-

289 4519 528 4588 ccptoris
555 4517 622 4570 ad
646 4516 955 4585 discipulos,
985 4523 1038 4569 et
1060 4513 1210 4584 quasi
1243 4511 1479 4583 parentis
1504 4510 1568 4564 ad
1609 4509 1764 4570 filios,
1799 4507 2046 4570 haberet;
2078 4506 2158 4560 vel
2188 4505 2328 4575 quod
2361 4501 2650 4574 imparatus
2691 4514 2850 4575 atque
2873 4521 2939 4560 ex
2970 4512 3392 4577 temporeverha
3414 4513 3564 4570 face-

289 4621 408 4668 ret:
435 4610 521 4665 vel
553 4609 782 4678 denique
809 4607 950 4678 quod
976 4623 1078 4660 non
1108 4606 1350 4674 apposite
1375 4603 1440 4657 ad
1468 4601 1758 4671 captandos
1805 4599 2076 4652 hominum
2099 4598 2459 4661 rumusculos,
2499 4597 2591 4651 sed
2621 4597 2687 4652 ad
2719 4598 3058 4654 illuminanda
3087 4601 3317 4672 ingenia,
3347 4605 3560 4662 inﬂam-

288 4702 488 4756 manda
519 4711 758 4771 pectora,
791 4700 1021 4766 vitiaque
1047 4713 1109 4750 ex
1140 4695 1330 4749 animis
1356 4696 1565 4764 penitus
1591 4688 1945 4745 exscindenda
1978 4687 2120 4757 loqui
2148 4695 2435 4757 satageret.
2469 4687 2631 4756 Hujus
2653 4687 2729 4742 rei
2757 4687 2950 4756 passim
2993 4691 3330 4757 probationes
3361 4709 3562 4765 suppe-

292 4803 414 4848 tunt
440 4808 695 4863 perquam
726 4791 981 4844 illustres.
1003 4787 1133 4842 Nam
1155 4802 1274 4840 cum
1305 4782 1586 4854 aliquando
1614 4782 1666 4835 in
1699 4779 2064 4841 vinolentiam,
2090 4793 2210 4847 qua:
2235 4777 2422 4832 diebus
2449 4777 2596 4832 festis
2625 4777 2894 4834 charitatis
2922 4780 3099 4848 specie
3121 4781 3256 4838 intra
3281 4785 3560 4845 ecclesiam

289 4883 749 4954 frequentabatur,
771 4880 948 4934 dicere
967 4879 1238 4947 cmpisset,
1260 4873 1616 4942 corruptelam
1645 4873 1781 4925 hanc
1809 4884 2021 4926 rursum
2041 4869 2147 4922 alio
2171 4869 2258 4923 die
2279 4868 2533 4924 adhibitis
2547 4867 2740 4938 diuinis
2768 4869 3102 4934 lectionibus,
3131 4881 3188 4926 ut
3210 4873 3446 4943 Epistola
3466 4878 3556 4943 29,

288 4976 360 5030 ad
393 4975 639 5046 Alypium
670 4987 698 5026 a
728 4971 880 5025 nobis
905 4984 1046 5024 nunc
1074 4968 1302 5038 primum
1329 4965 1566 5034 evulgato
1597 4971 1860 5029 narratur,
1889 4976 2056 5031 usque
2088 4975 2154 5014 eo
2183 4959 2472 5014 insectatus
2498 4959 2994 5030 est,.quoad.ipsam
3022 4962 3091 5018 de
3109 4965 3356 5023 moribus
3381 4966 3564 5032 hami.

287 5083 419 5122 num
460 5066 695 5120 funditus
719 5062 956 5118 evulsam
982 5059 1316 5130 intelligeret.
1337 5057 1441 5113 Sed
1462 5065 1517 5111 et
1543 5055 1636 5110 Vir
1661 5065 1874 5109 sanctus
1895 5053 2211 5124 quandoque
2250 5067 2316 5107 ex
2356 5052 2542 5110 intimo
2576 5052 2806 5121 quodam
2829 5054 2997 5121 animi
3025 5068 3204 5118 sensu.
3243 5059 3562 5132 quandoun

287 5160 452 5213 etiam
485 5173 550 5212 ex
579 5155 810 5210 fortuitis
839 5153 1068 5218 casibus,
1098 5150 1221 5222 quid
1248 5166 1276 5203 a
1305 5164 1364 5203 se
1392 5148 1530 5202 Deus
1549 5147 1651 5202 dici
1681 5147 1855 5210 vellet,
1874 5145 2173 5214 judicabat;
2203 5153 2418 5212 tumque
2449 5143 2631 5197 relicto
2653 5158 2738 5209 eo,
2769 5143 2910 5214 quod
2948 5145 3259 5203 meditatum
3289 5153 3560 5223 attulerat,

290 5259 632 5320 argumento,
662 5248 718 5302 in
743 5245 882 5300 aliud
915 5246 1028 5315 ipso
1056 5242 1309 5312 temporis
1337 5241 1560 5295 articulo
1597 5240 1697 5294 sibi
1731 5239 2059 5310 propositum
2095 5234 2426 5291 excurrebant.
2460 5233 2516 5288 Id
2541 5243 2656 5289 tum
2685 5234 2837 5292 dese
2861 5236 2977 5308 ipso
3003 5237 3059 5294 in
3082 5237 3257 5297 Serm.
3285 5243 3376 5311 ~7l,
3405 5261 3461 5300 ιι.
3490 5247 3561 5314 8;

290 5351 350 5396 et
379 5343 499 5406 180,
532 5358 585 5394 ιι.
616 5341 672 5404 4,
707 5348 760 5392 et
783 5337 908 5401 352,
936 5352 990 5390 ιι.
1024 5335 1076 5399 1,
1106 5342 1234 5397 etc.;
1265 5342 1373 5386 tum
1399 5331 1468 5386 de
1496 5331 1612 5401 ipso
1634 5329 1914 5384 Possidius
1937 5343 2055 5398 cap.
2085 5328 2154 5382 I5
2174 5334 2522 5388 contestatur.

365 5433 498 5488 Cum
528 5433 760 5502 primum
788 5425 1134 5484 ωηείοηειιάί
1161 5425 1392 5494 suscepit
1416 5422 1762 5493 provinciam,
1791 5422 2036 5476 certatim
2063 5420 2130 5474 ad
2158 5436 2281 5478 eum
2307 5418 2633 5475 audiendum
2665 5421 2910 5478 catholici
2932 5423 3286 5493 .bmreticique
3308 5431 3567 5490 convola-

295 5526 454 5580 bant.
481 5532 733 5592 tantoque
763 5521 816 5574 in
839 5519 1010 5590 pretio
1033 5531 1310 5571 sermones
1334 5515 1498 5586 ipsius
1519 5513 1870 5578 habebantur,
1897 5521 1956 5566 ut
1973 5512 2240 5568 auditores
2265 5526 2371 5567 non
2399 5519 2604 5568 tantum
2636 5513 2756 5568 illos
2779 5514 2880 5570 sibi
2917 5517 2972 5569 in
3002 5517 3254 5578 memoria
3287 5519 3568 5580 εωάοτωι

295 5615 548 5686 deﬁgere,
569 5615 664 5672 sed
689 5615 850 5670 etiam
877 5611 1075 5668 charta:
1103 5608 1380 5664 mandatos
1419 5605 1562 5663 domi
1587 5620 1804 5662 servare
1828 5614 2190 5677 peroptarent.
2220 5605 2309 5661 Sic
2332 5605 2474 5661 enim
2491 5602 2604 5660 hac
2627 5604 2696 5661 de
2723 5622 2780 5660 re
2801 5605 3110 5670 Possidius:
3133 5608 3373 5684 Quiqui;
3394 5623 3450 5670 υ
3475 5630 3566 5672 ω.

583 5712 851 5767 ΡΑτιιυι..
891 5705 1246 5764 XXXVIII.

2713 5743 2732 5751 ρ
2937 5699 3166 5774 (ΠΜ.)

214 5805 390 5968 60s

109 5950 222 6034 (⁵)
