4024 6202
408 270 466 331 tt
544 304 549 307 -
1244 254 1249 261 '
1874 263 2262 322 PR;EF.\TIO.
2538 318 2551 323 ε
3630 274 3691 331 ,ρ

407 397 502 446 luit
519 399 566 445 et
595 388 756 460 potuit
781 386 1003 442 notarios
1026 384 1289 449 adhibens,
1310 383 1461 439 etiam
1489 400 1546 440 ea
1573 399 1688 455 ante
1709 382 2002 440 dicebautur
2022 393 2228 453 excepta
2254 380 2577 437 describebat.
2608 380 2824 437 Certum
2858 388 2939 438 est
2968 390 3221 451 prmterea
3252 385 3536 442 conciones
3571 394 3682 458 ptu-

411 487 572 540 rimas
601 483 668 538 ab
692 481 881 537 eodem
911 480 1156 545 Doctore,
1187 489 1278 532 aut
1306 479 1540 533 nondum
1570 478 1954 549 pronuntiatas,
1984 488 2077 532 aut
2103 479 2263 533 etiam
2291 489 2568 547 postquam
2594 492 2687 533 eas
2707 478 2815 547 jam
2839 481 3255 548 pronuntiasset,
3289 481 3513 539 dictatas
3542 499 3682 550 esse,

408 578 520 633 sive
550 584 607 631 nt
633 579 775 647 ipsas
794 575 1008 644 juberet
1034 573 1084 626 in
1109 572 1335 628 ecclesia
1356 587 1450 627 sua
1478 571 1710 640 recitari,
1734 572 1847 626 sive
1867 580 1926 625 ut
1949 571 2134 626 iisdem
2175 572 2262 625 alii
2293 585 2505 641 quoque
2534 570 2610 625 uti
2642 571 2808 628 libere
2838 560 3072 642 possent.
3115 574 3166 629 is
3207 577 3348 630 enim
3380 592 3485 632 non
3512 580 3689 634 minus

411 668 683 738 ingeniose
713 680 872 735 quam
903 663 988 733 pie
1012 662 1245 721 illorum.
1269 662 1357 733 qui
1386 676 1506 716 cum
1536 662 1732 732 populo
1755 661 1965 717 virtutis
1986 676 2096 716 sum
2122 662 2475 731 prmlucerent
2503 663 2783 733 exemplis,
2828 664 3034 719 alienos
3077 680 3350 722 sermones
3379 669 3687 738 recitareut,

406 758 704 829 apologiam
733 755 934 810 scribit.
958 753 1218 809 Observat
1241 752 1504 824 siquidem
1533 754 1677 824 ipsos
1703 753 1911 807 nonnisi
1945 752 2133 823 injuria
2156 753 2276 807 furti
2304 748 2395 807 a'nt
2425 753 2581 825 plagii
2609 756 2824 811 nomine
2850 757 3168 826 postulatum
3194 759 3279 825 iri,
3304 775 3424 815 cum
3453 761 3590 817 bene
3616 763 3690 816 vi-

406 852 601 915 vendo,
632 859 687 904 et
715 863 894 904 mores
919 862 1046 903 suos
1066 847 1134 903 ad
1152 862 1270 903 eam
1296 850 1455 919 quam
1476 847 1769 919 praedicant
1792 846 2089 902 doctrinam
2114 847 2266 917 quasi
2292 847 2357 901 ad
2386 849 2638 903 amussim
2660 850 2957 921 dirigenda,
2986 851 3128 905 illam
3155 853 3253 908 sibi
3281 854 3510 923 quodam
3532 854 3711 911 modo

410 942 676 1014 propriam
697 939 946 995 efficiant.
986 937 1200 992 Verbum
1226 937 1336 1001 Dei,
1368 937 1538 1008 inquit
1563 937 1669 1004 ille,
1695 946 1885 991 nonest
1910 939 1974 992 ab
2002 938 2074 992 eis
2095 937 2337 1004 alienum,
2367 938 2455 1009 qui
2473 938 2813 1010 obtemperant
2838 941 2885 994 ei
2898 956 2918 1005 ;
2949 942 3210 1013 potiusque
3237 943 3325 998 ille
3352 944 3474 998 dicit
3500 946 3686 1011 aliena,

404 1036 492 1107 qui
514 1051 629 1090 eum
649 1034 784 1088 dicat
802 1033 946 1099 bene,
971 1032 1087 1087 vivit
1115 1033 1267 1087 male.
1303 1030 1644 1102 Quaecumque
1679 1031 1811 1084 enim
1839 1028 1968 1084 bona
1991 1029 2133 1096 dicit,
2161 1029 2271 1100 ejus
2296 1030 2572 1101 excogitari
2599 1032 2829 1086 videntur
2866 1034 3088 1105 ingenio,
3127 1034 3217 1090 sed
3243 1035 3306 1089 ab
3331 1037 3441 1107 ejus
3469 1039 3688 1095 moribus

408 1127 577 1181 aliena
604 1134 720 1180 sunt
750 1124 850 1196 (De
878 1122 1028 1178 Dect.
1058 1121 1270 1188 CItrist.,
1294 1122 1381 1177 lib.
1408 1121 1463 1188 4,
1490 1136 1606 1191 cap.
1626 1120 1716 1187 29,
1740 1137 1796 1176 tt.
1813 1119 1925 1194 62).

476 1218 679 1275 Tomos
701 1235 769 1275 ex
801 1217 1197 1289 Augustinianis
1221 1217 1460 1273 decimus
1490 1217 1573 1272 his
1606 1219 1943 1275 sermonibus
1977 1219 2165 1289 partim
2193 1218 2377 1285 dictis,
2407 1221 2599 1291 partim
2627 1222 2839 1278 dictatis
2860 1266 2875 1290 ,
2910 1226 3002 1297 qui
3032 1242 3127 1297 per
3157 1229 3433 1287 intervalla
3463 1233 3687 1291 diversis

405 1322 461 1366 et
490 1312 821 1382 temporibus
856 1320 911 1366 et
938 1310 1199 1366 classibus
1229 1311 1282 1365 in
1306 1310 1494 1381 vulgus
1517 1310 1863 1381 prodierunt,
1893 1311 2191 1367 constabat.
2216 1312 2445 1368 Eosdem
2475 1313 2559 1369 hic
2586 1316 2900 1373 exhibemus
2937 1335 3128 1376 novum
3159 1322 3210 1377 in
3241 1324 3482 1387 ordinem
3504 1327 3688 1384 distri.

408 1405 584 1470 hutos,
613 1420 724 1475 quo
750 1413 805 1488 et
829 1404 1122 1460 secundum
1147 1403 1430 1474 genuinam
1458 1418 1610 1458 suam
1639 1408 1831 1459 seriem
1858 1403 2229 1474 disponuntur,
2261 1413 2319 1460 et
2343 1405 2410 1460 ab
2433 1406 2746 1464 adulterinis
2770 1411 3019 1467 omnibus
3042 1427 3105 1468 ac
3136 1416 3484 1485 supposititiis
3510 1420 3689 1490 sejun-

405 1509 621 1570 guntur.
656 1498 723 1555 Ut
750 1507 926 1554 autem
950 1513 981 1554 e
1010 1506 1155 1553 tomo
1179 1496 1389 1552 decimo
1412 1497 1500 1553 ubi
1526 1497 1837 1568 legebantur
1860 1507 2039 1565 antea,
2073 1498 2126 1553 in
2154 1500 2397 1568 quintum
2446 1501 2587 1557 hunc
2611 1517 2705 1557 eos
2745 1506 3193 1574 transferremus,
3236 1509 3389 1581 longa
3429 1512 3689 1569 delibera-

407 1593 552 1648 tione
577 1607 683 1646 non
709 1605 844 1662 epus
871 1590 986 1646 fuit.
1020 1590 1229 1645 Etenim
1257 1605 1377 1643 cum
1409 1589 1648 1667 plerique
1690 1589 1744 1645 in
1785 1590 2114 1660 Scripturam
2159 1607 2366 1647 sacram
2410 1592 2603 1649 fuerint
2642 1594 2836 1665 habiti,
2870 1613 2899 1651 a
2932 1604 3241 1657 tractatibus
3282 1606 3408 1659 tomi
3451 1608 3588 1661 tertii
3631 1619 3686 1664 et

406 1685 578 1756 quani
608 1685 800 1756 quibus
828 1684 1017 1741 eadem
1045 1683 1134 1739 illa
1163 1683 1467 1755 exponitur,
1496 1683 1694 1754 quique
1718 1684 2004 1739 maximam
2035 1694 2238 1754 partem
2267 1687 2580 1741 concionum
2606 1686 2829 1743 formam
2872 1707 2979 1760 pra!
3021 1706 3081 1747 se
3124 1693 3326 1763 ferunt,
3361 1697 3568 1768 longius
3595 1716 3683 1755 re-

406 1776 609 1833 moveri
634 1776 1040 1847 haudquaquam
1069 1783 1337 1846 poterant.
1369 1776 1439 1829 At
1462 1790 1594 1830 vero
1615 1775 1815 1832 diutius
1844 1775 2103 1832 bmsimus
2125 1776 2300 1842 dubii,
2327 1788 2383 1833 ut
2410 1778 2619 1834 illorum
2649 1781 2891 1838 ordinem
2931 1792 3006 1840 tot
3029 1786 3138 1856 jam
3168 1803 3428 1847 annorum
3459 1808 3554 1848 usu
3593 1809 3680 1850 re—

408 1878 619 1939 ceptum
647 1868 957 1936 immutare,
976 1882 1047 1923 ac
1073 1876 1180 1922 tam
1208 1866 1424 1933 multos,
1455 1882 1592 1938 quos
1619 1867 1868 1938 legitimis
1895 1869 2125 1924 insertos
2150 1869 2509 1926 Lovanicnses
2537 1872 2655 1927 loco
2681 1891 2785 1930 non
2817 1890 3114 1945 moverant,
3140 1884 3289 1952 quasi
3318 1884 3510 1941 nothos
3527 1898 3687 1957 atque

390 1964 612 2035 alienos
637 1962 861 2034 rejicere
891 1962 943 2016 in
973 1962 1209 2016 animum
1238 1960 1632 2016 induceremus.
1660 1960 1768 2015 Nos
1792 1976 1922 2017 sane
1950 1962 2169 2017 minime
2200 1961 2464 2033 fugiebat,
2490 1965 2619 2035 quin
2649 1974 2705 2021 ut
2732 1979 2965 2038 coeptum
2996 1969 3220 2028 feliciter
3248 1974 3495 2043 caderet,
3522 1978 3686 2034 ardua

405 2057 740 2129 disceptatio,
771 2073 995 2129 quaeque
1016 2058 1238 2113 multum
1268 2057 1525 2128 temporis
1549 2067 1605 2113 et
1633 2057 1991 2114 meditationis
2015 2060 2273 2129 exigeret,
2298 2066 2439 2114 esset
2462 2060 2761 2118 adhibenda
2787 2082 2801 2118 :
2829 2081 2893 2120 ac
2926 2076 3183 2137 praeterea
3218 2071 3507 2127 timendum
3534 2075 3687 2129 vide-

409 2152 583 2218 batur,
612 2169 679 2209 nc
706 2153 905 2208 criticis
934 2153 1125 2222 spinis,
1151 2167 1218 2208 ex
1248 2153 1440 2223 quibus
1462 2152 1777 2222 plerumque
1803 2153 2030 2206 maxima
2057 2154 2227 2207 oritur
2250 2155 2649 2210 contentionum
2675 2172 2861 2229 seges,
2892 2158 3303 2230 implicaremur.
3340 2164 3533 2219 Verum
3560 2181 3684 2222 cum

406 2248 636 2317 suscepti
666 2248 718 2302 in
745 2246 1130 2318 Augustiniana
1159 2261 1320 2320 opera
1353 2244 1552 2300 laboris
1579 2244 1862 2300 consilium
1884 2245 1979 2299 tria
2003 2247 2335 2316 potissimum
2365 2259 2590 2318 Spectet,
2609 2266 2728 2320 quae
2754 2252 2906 2307 nobis
2932 2255 3110 2308 statim
3132 2255 3199 2309 ab
3225 2256 3375 2312 initio
3404 2260 3680 2328 proposui-

409 2358 547 2406 mus,
578 2351 632 2397 et
659 2341 933 2411 hucusque
954 2348 1214 2410 praestare
1242 2353 1427 2394 sumus
1451 2338 1623 2393 conati
1646 2379 1663 2402 ,
1690 2338 1942 2393 nimirum
1969 2348 2027 2405 ut
2049 2353 2112 2393 ea
2139 2339 2348 2395 mendis
2377 2351 2763 2411 expurgentur,
2791 2344 2997 2401 meliori
3040 2346 3228 2402 ordine
3275 2364 3433 2419 quam
3474 2350 3684 2408 fuerant

405 2434 736 2505 digerantur,
757 2433 987 2501 denique
1015 2430 1335 2501 supposititii
1365 2428 1503 2484 fctus
1528 2429 1598 2483 ab
1621 2429 1844 2483 aliorum
1866 2445 2089 2484 numero
2108 2441 2490 2501 segregentur;
2513 2432 2667 2488 nobis
2692 2450 2797 2488 non
2821 2435 2916 2490 fuit
2941 2435 3200 2507 integrum
3225 2438 3276 2493 in
3294 2439 3398 2495 hoc
3417 2440 3688 2497 volumine

409 2529 633 2599 primam
656 2527 910 2584 duntaxat
937 2524 1099 2583 officii
1131 2526 1298 2581 nostri
1322 2532 1529 2595 partem
1559 2523 1843 2595 attingere,
1872 2523 1995 2579 aliis
2031 2523 2238 2579 duabus
2266 2525 2662 2594 przetcrmissis,
2689 2542 2824 2598 quas
2851 2529 3064 2599 quidem
3103 2531 3158 2587 in
3184 2531 3532 2590 Sermonibus
3549 2574 3567 2601 ,
3595 2534 3686 2591 ubi

394 2632 461 2687 et
498 2620 632 2678 ordo
670 2619 924 2687 deterior,
949 2628 1003 2675 et
1030 2617 1202 2689 major
1238 2618 1349 2672 veri
1393 2615 1616 2687 falsique
1656 2616 1919 2685 confusio,
1948 2617 2229 2673 strictioris
2268 2635 2425 2690 quam
2461 2621 2513 2674 in
2547 2622 2756 2678 caeteris
2792 2621 2941 2677 libris
2968 2625 3299 2681 necessitatis
3327 2640 3448 2682 esse
3477 2628 3690 2699 negabit

411 2730 591 2775 ιιοιῐιο.

478 2807 631 2877 Quod
653 2808 721 2862 ad
750 2807 1012 2872 ordinem,
1040 2805 1279 2878 quisquis
1298 2820 1419 2861 cum
1448 2819 1589 2860 novo
1615 2810 1847 2860 veterem
1871 2817 2191 2874 componere
2219 2818 2322 2859 non
2346 2804 2678 2874 gravabitur,
2707 2805 2931 2876 plurima
2957 2814 3006 2861 et
3038 2807 3216 2877 gravia
3242 2807 3361 2878 ejus
3387 2810 3516 2865 vitia
3541 2810 3688 2868 nullo

408 2901 621 2972 negotio
665 2898 1049 2971 deprehendet.
1100 2897 1500 2954 Animadvertet
1543 2895 1853 2961 Sermones,
1876 2895 1965 2966 qui
2012 2895 2342 2950 commodius
2367 2896 2419 2949 in
2445 2904 2678 2966 quatuor
2701 2897 2903 2952 classes
2924 2908 3261 2963 revocantur,
3296 2899 3351 2954 in
3376 2899 3682 2968 duodecim,

410 3009 634 3063 quarum
661 2992 781 3047 alim
806 2992 982 3047 debita
1025 2990 1145 3046 aliis
1176 2997 1484 3060 argumenta
1524 2987 1898 3053 continebant,
1937 2985 2102 3041 fuisse
2143 2985 2446 3041 distractos.
2487 2988 2751 3056 Agnoscet
2786 2987 2984 3053 libros,
3008 3003 3142 3059 quos
3167 3000 3389 3055 vocant,
3411 2990 3475 3044 de
3506 2989 3678 3046 Verbis

413 3083 613 3139 Domini
632 3125 648 3149 ,
675 3091 730 3139 et
757 3084 820 3136 de
858 3081 1032 3136 Verbis
1063 3081 1288 3152 Δρομοιί
1308 3122 1325 3145 ,
1354 3077 1721 3134 tantummodo
1765 3086 1973 3150 partem
2014 3076 2295 3148 complecti
2336 3092 2643 3133 sermonum
2670 3093 2854 3134 eorum
2877 3120 2892 3143 ,
2916 3081 3005 3150 qui
3035 3080 3102 3134 ad
3126 3078 3287 3137 hosce
3315 3080 3492 3138 titulos
3519 3087 3689 3154 perti-

410 3177 643 3231 nebant:
672 3174 933 3245 intelliget
969 3172 1262 3229 Sermones
1286 3172 1353 3228 de
1378 3169 1571 3237 Festis,
1599 3184 1719 3224 cum
1752 3184 1846 3224 eos
1875 3170 1926 3223 in
1956 3169 2157 3224 classes
2182 3169 2245 3222 de
2272 3168 2516 3238 Tempore
2551 3179 2606 3225 et
2651 3170 2715 3224 de
2752 3171 2955 3227 Sanctis
2994 3182 3208 3228 coaetos
3245 3174 3599 3244 oportuisset,
3632 3175 3689 3230 in

408 3269 543 3322 alias
561 3277 765 3338 septem
788 3276 878 3321 aut
902 3274 1024 3322 octo
1050 3266 1375 3334 dissipatos;
1406 3272 1462 3319 et
1484 3279 1549 3319 ex
1564 3262 1928 3339 _Sermonibus
1953 3262 2181 3332 amplius
2203 3263 2435 3331 triginta,
2454 3263 2543 3332 qui
2571 3262 2639 3319 de
2664 3261 2814 3320 festis
2840 3265 3206 3334 Paschalibus,
3235 3276 3292 3321 ut
3315 3267 3418 3324 hoc
3445 3269 3690 3339 exemplo

410 3370 639 3421 utamur,
672 3358 1052 3423 inscribuntur,
1084 3373 1190 3413 non
1218 3356 1323 3411 nisi
1361 3336 1641 3411 decem‘in
1679 3355 1819 3410 serie
1855 3354 1924 3410 de
1963 3354 2227 3425 Tempore
2258 3356 2515 3420 inveniri;
2548 3357 2684 3412 alios
2718 3373 2878 3423 vero,
2906 3360 2950 3413 si
2977 3360 3099 3431 quis
3125 3376 3316 3417 omnes
3352 3336 3689 3417 evolvere—in

410 3455 592 3507 animo
620 3452 860 3518 haberet,
885 3452 1024 3506 inter
1051 3448 1431 3520 quinquaginta
1462 3447 1719 3502 llomilias
1739 3488 1757 3513 ,
1779 3447 1831 3501 in
1860 3445 2177 3501 collectione
2205 3447 2524 3501 Sermonnm
2550 3464 2579 3501 a
2607 3447 2998 3505 Parisiensibus
3025 3449 3358 3516 additorum,
3386 3453 3438 3505 in
3468 3463 3693 3522 utraque

412 3553 564 3614 parte
589 3544 776 3599 classis
797 3541 868 3598 de
892 3540 1128 3597 Diversis
1147 3582 1163 3607 ,
1188 3555 1254 3596 ac
1277 3540 1328 3596 in
1360 3539 1743 3610 posterioribus
1770 3537 2031 3593 classibus
2062 3538 2518 3608 pervestigandos.
2550 3538 2666 3595 Non
2699 3550 2873 3597 tamen
2900 3542 3267 3600 confusionem
3298 3544 3438 3600 hanc
3461 3545 3692 3600 mirabe-

412 3636 505 3702 ris,
534 3636 580 3691 si
604 3634 913 3691 consideres
940 3646 1036 3688 eos
1058 3647 1089 3686 a
1115 3631 1309 3703 quibus
1329 3631 1445 3687 isne
1472 3630 1671 3686 classes
1698 3629 1951 3685 instituta:
1977 3641 2122 3694 sunt,
2156 3630 2353 3686 habere
2378 3631 2429 3685 in
2460 3631 2701 3685 manibus
2740 3649 3072 3706 nequaquam
3100 3639 3335 3707 potuisse
3358 3639 3684 3707 exemplaria

412 3727 650 3784 omnium
684 3725 961 3797 Augustini
987 3714 1337 3790 concionum;
1359 3724 1552 3795 quippe
1585 3737 1704 3793 quae
1735 3721 2009 3778 codicibus
2054 3721 2221 3777 ferme
2263 3721 2586 3788 innumeris,
2622 3725 2761 3778 unde
2806 3726 3146 3794 postmodum
3173 3730 3332 3785 variis
3360 3729 3690 3799 temporibus

413 3828 580 3887 eruta:
606 3816 953 3887 collectteque
978 3815 1209 3880 fuerunt,
1234 3816 1663 3870 continerentur.

485 3913 619 3971 Tres
670 3912 869 3982 primas
911 3909 1145 3974 classes,
1168 3905 1422 3962 nimis-nm
1450 3906 1517 3962 de
1546 3905 1731 3961 Verbis
1761 3906 2004 3973 Domini,
2030 3905 2103 3962 de
2132 3906 2320 3962 Verbis
2348 3908 2585 3977 Apostoli
2603 3949 2619 3975 ,
2650 3916 2704 3964 et
2732 3908 3082 3965 llomiliarum
3110 3911 3489 3983 quinquaginta
3516 3952 3532 3977 ,
3568 3924 3691 3967 cum

414 4010 469 4064 in
498 4003 875 4073 munscriptis
901 4016 1165 4058 annorum
1194 4000 1621 4070 octingentorum
1651 4006 1707 4053 et
1731 3998 1964 4067 amplius
1989 3998 2348 4068 reperiantur,
2369 4000 2614 4068 antiquas
2633 4015 2758 4056 esse
2787 4000 3005 4056 inliciari
3034 4016 3140 4057 non
3166 4017 3449 4072 possumus
3476 4018 3492 4056 :
3519 4011 3571 4056 at
3599 4015 3693 4056 eas

383 4149 388 4153 .
417 4100 711 4172 Augustino
735 4097 988 4169 aequales,
1016 4095 1158 4167 quod
1187 4094 1371 4150 volunt
1405 4092 1644 4149 nonnulli
1667 4133 1685 4159 ,
1708 4090 1851 4146 haud
1879 4090 2033 4146 facile
2060 4091 2438 4147 concedemus.
2468 4093 2650 4160 Qualis
2678 4095 2820 4149 enim
2851 4095 3163 4152 eorumdem
3193 4111 3499 4152 sermonum
3524 4096 3693 4151 sancti

418 4197 662 4252 Doctoris
685 4201 841 4249 actate
867 4191 1001 4247 ordo
1029 4189 1223 4258 fuerit,
1250 4204 1361 4247 non
1384 4187 1599 4243 aliunde
1625 4186 1827 4243 certius
1854 4185 1979 4241 licet
2002 4200 2359 4256 cognoscere,
2384 4202 2543 4255 quam
2570 4201 2634 4240 ex
2666 4185 2843 4242 Indice
2890 4188 3112 4244 Possidii
3133 4230 3150 4256 ,
3195 4189 3285 4259 qui
3329 4189 3530 4244 classes
3578 4188 3695 4243 illas

417 4288 638 4345 omnino
663 4299 838 4356 neque
868 4291 1167 4349 memorat,
1191 4296 1364 4352 neque
1386 4280 1649 4350 sequitur.
1679 4277 1878 4334 Harum
1922 4278 2081 4333 trium
2121 4276 2262 4331 nulla
2313 4293 2419 4333 non
2464 4276 2627 4333 habet
2668 4277 3001 4347 subdititios,
3030 4293 3258 4350 quorum
3287 4280 3450 4350 aliqui
3478 4279 3694 4335 (larsarii

418 4381 751 4440 Arelatensis
772 4379 1007 4449 episcopi
1034 4376 1216 4433 stilum
1237 4375 1473 4446 sapiunt.

489 4471 691 4530 Classis
712 4470 783 4526 de
811 4468 1001 4525 Verbis
1022 4466 1231 4523 Domini
1272 4481 1380 4522 non
1425 4462 1621 4521 eodem
1646 4461 1836 4519 ordine
1877 4476 2153 4519 sermones
2177 4461 2373 4532 ubique
2399 4462 2451 4516 in
2481 4460 2702 4517 vetustis
2739 4460 3131 4531 exemplaribus
3173 4460 3428 4519 ostendit.
3460 4461 3696 4516 Plurima

420 4582 546 4625 uim
588 4542 910 4622 editionibus
937 4560 1312 4626 consentiunt,
1343 4558 1440 4615 sed
1467 4572 1574 4614 non
1599 4556 1801 4613 omnia.
1834 4556 1946 4613 Hoc
1976 4557 2148 4628 ipsum
2181 4570 2246 4611 ex
2285 4556 2417 4612 locis
2441 4571 2471 4609 a
2503 4556 2639 4611 Beda
2658 4598 2675 4624 ,
2716 4556 2768 4612 id
2799 4566 2901 4621 est,
2932 4571 2963 4611 a
2991 4556 3171 4621 Floro,
3203 4557 3469 4628 excerptis
3494 4556 3699 4624 optime

421 4661 786 4733 eonjectarant
809 4657 1173 4713 Loranienses
1196 4653 1451 4724 Theologi
1477 4672 1490 4706 :
1517 4666 1615 4706 nos
1632 4666 1761 4706 vero
1786 4650 2030 4721 ipsismet
2054 4649 2223 4705 oculis
2269 4649 2320 4703 in
2365 4649 2615 4719 singulari
2655 4659 2709 4705 et
2744 4650 3007 4720 exquisito
3047 4649 3232 4705 codice
3277 4664 3342 4704 ex
3389 4649 3693 4705 Colbertina

419 4754 739 4814 bibliotheca
762 4759 946 4807 notato
968 4749 1132 4813 282i,
1153 4756 1209 4804 et
1232 4748 1301 4803 ab
1329 4746 1503 4809 annis,
1532 4754 1592 4800 ut
1618 4743 1928 4807 minimum,
1959 4742 2277 4813 octingentis
2300 4752 2518 4797 exorato
2535 4783 2550 4807 ,
2580 4741 2670 4795 ubi
2694 4742 2878 4797 eadem
2906 4743 2992 4797 illa
3030 4743 3197 4797 series
3217 4758 3339 4797 cum
3368 4741 3507 4797 Flori
3533 4742 3692 4796 collo-

421 4849 598 4905 ctione
620 4844 885 4915 congruit,
916 4851 974 4898 et
997 4840 1139 4896 unde
1167 4853 1274 4894 non
1302 4850 1504 4910 paucos
1532 4847 1811 4891 sermones
1855 4833 2283 4903 exprompsimus
2331 4831 2588 4886 hactenus
2627 4832 2856 4887 ineditos
2877 4872 2891 4897 ,
2931 4831 3402 4901 deprehendimus.
3434 4831 3696 4888 Germana

423 4942 611 5012 prima
639 4938 799 5005 hujus
822 4934 1009 4991 classis
1038 4930 1334 5000 inscriptio,
1361 4941 1483 4983 cum
1512 4925 1685 4992 Flori,
1715 4932 1824 4979 tum
1856 4923 2336 4992 manuscriptorum
2363 4921 2499 4977 bene
2533 4922 2816 4976 multorum
2845 4920 3147 4976 testimonio
3175 4921 3517 4993 comprobata
3536 4961 3553 4988 ,
3585 4921 3698 4973 lucc

421 5011 537 5086 erat
558 5070 573 5091 .
603 5028 670 5083 de
702 5024 874 5081 Verbis
896 5020 1162 5093 Evangelii
1184 5036 1203 5075 :
1221 5017 1365 5090 quod
1394 5016 1672 5088 Augustini
1714 5028 1906 5084 nempe
1948 5013 2430 5069 commentationes
2459 5012 2510 5066 in
2537 5027 2698 5068 omne
2738 5025 2906 5082 genus
2949 5011 3187 5067 locorum
3213 5028 3245 5068 e
3275 5022 3501 5084 quatuor
3529 5011 3703 5067 Eva..-

420 5121 579 5192 geiiis
604 5120 889 5190 petitorum
914 5114 1326 5184 complectatur.

497 5215 811 5282 Quanquam
834 5216 1017 5262 autem
1046 5205 1336 5273 Sermones
1358 5202 1428 5257 de
1453 5199 1644 5256 Verbis
1671 5197 1879 5253 Domini
1910 5199 1962 5252 in
1991 5196 2384 5267 exemplaribus
2404 5194 2724 5265 quibusdam
2751 5197 2989 5266 reperire
3015 5208 3099 5253 est
3125 5200 3243 5255 sine
3267 5198 3614 5255 Sermonibus
3633 5197 3702 5253 de

431 5305 623 5365 Verbis
651 5299 880 5373 apostoli
908 5316 922 5352 :
955 5297 1054 5353 bos
1082 5305 1259 5351 tamen
1292 5306 1553 5363 nusquam
1581 5289 1819 5360 reperias
1844 5290 1946 5345 nisi
1984 5304 2111 5345 cum
2154 5288 2258 5343 illis
2299 5287 2369 5342 ita
2406 5287 2742 5355 conjunetos,
2766 5298 2822 5343 ut
2852 5298 2973 5359 post
2998 5294 3387 5360 sexagesimum
3417 5301 3661 5361 quartum
3685 5333 3700 5356 ,

429 5413 541 5469 quo
560 5394 730 5453 series
755 5392 826 5449 de
853 5389 1047 5447 Verbis
1074 5384 1282 5442 Domini
1312 5381 1673 5447 concluditur,
1706 5381 1909 5451 primus
1934 5380 2004 5437 de
2031 5379 2222 5436 Verbis
2246 5377 2482 5448 Apostoli
2510 5378 2705 5469 ubique
2731 5390 3042 5436 numeretur
3068 5381 3429 5451 sexagesimus
3456 5382 3703 5451 quintus,

429 5467 723 5551 secundus,
753 5481 1117 5555 sexagesimus
1144 5486 1362 5543 sextus;
1388 5483 1444 5531 et
1468 5474 1549 5530 sic
1571 5471 1640 5529 de
1662 5472 1909 5528 caeteris:
1935 5486 2161 5541 quorum
2185 5470 2293 5525 non
2319 5482 2508 5526 omnes
2531 5467 2601 5525 de
2628 5471 2804 5528 verbis
2830 5474 3067 5543 Apostoli
3087 5514 3102 5538 ,
3131 5472 3223 5527 sed
3253 5472 3445 5543 partim
3468 5472 3537 5528 de
3563 5475 3705 5547 Aeti-

417 5582 535 5638 .bus
557 5577 967 5649 Apostolorum,
992 5572 1185 5644 partim
1226 5568 1387 5623 etiam
1423 5564 1493 5621 de
1527 5563 1706 5620 verbis
1730 5562 1905 5626 Petri,
1943 5561 2165 5642 Jacobi,
2206 5574 2270 5617 ac
2296 5559 2547 5627 Joannis,
2572 5577 2638 5618 ex
2667 5562 2920 5634 Epistolis
2954 5564 3296 5629 earumdem,
3327 5572 3491 5635 agunt
3517 5580 3529 5615 :
3556 5565 3705 5641 itaIut

433 5674 553 5730 duc
579 5671 679 5727 illa:
705 5670 903 5733 classes
924 5667 1051 5723 nihil
1079 5662 1223 5719 aliud
1252 5661 1359 5715 sint
1382 5673 1539 5729 quatn
1568 5656 1886 5712 Sermonum
1915 5654 1965 5708 in
1990 5653 2315 5724 Scripturatn
2349 5654 2471 5707 novi
2500 5653 2826 5710 Testatncnti
2850 5655 3114 5712 collectio.
