4076 6198
439 254 506 309 13
636 283 643 289 -
1901 250 2281 309 ΝιᾸζΡΑΊΊΟ.
3651 249 3714 304 υ

505 367 705 421 Classis
746 380 877 423 vero
915 365 1296 437 quinquaginta
1335 365 1681 422 Homiliarum
1710 380 1921 437 semper
1946 367 2156 437 quidem
2184 368 2252 421 ab
2278 365 2394 421 aliis
2421 373 2661 435 separata
2690 363 2973 430 invenitur,
3006 372 3061 417 at
3088 378 3194 419 non
3223 375 3347 419 raro
3377 367 3710 418 numerosior

434 475 591 530 quam
619 460 672 513 in
693 459 928 514 excusis.
957 458 1229 528 Siquidem
1261 473 1539 515 sermones
1567 458 1722 524 duos,
1751 468 1999 528 quatuor,
2030 468 2118 512 aut
2138 459 2297 513 etiam
2327 458 2504 528 plures
2531 470 2691 525 supra
2715 455 3095 527 quinquaginta
3119 454 3337 511 exhibet
3364 454 3417 509 in
3443 455 3711 510 nonnulli;

442 549 850 617 manuscriptis;
880 548 1003 603 licet
1028 548 1413 618 propemodum
1440 548 1493 602 in
1518 548 1771 602 omnibus
1796 562 2073 604 sermones
2098 549 2321 619 integri,
2347 563 2412 603 ex
2441 548 2504 601 iis
2527 546 2617 618 qui
2646 561 2924 601 numerum
2956 546 3464 619 qninquagenarium
3504 547 3558 601 in
3598 548 3703 601 vul-

434 642 571 709 gatis
606 640 755 694 libris
796 638 1121 703 conﬁciunt,
1149 639 1540 695 desiderentur.
1570 639 1694 694 Haec
1722 639 1970 695 collectio
1996 638 2214 694 Ctesarii
2258 637 2587 709 temporibus
2623 653 2727 693 non
2760 645 2933 706 potest
2960 636 3064 692 dici
3092 637 3377 707 antiquior,
3404 652 3526 692 cum
3556 637 3608 692 ei
3638 647 3715 692 tut

440 731 668 786 homilia:
694 730 765 785 ab
793 732 910 801 ipso
937 732 1160 800 scripta:
1187 731 1508 794 inserantur,
1538 740 1594 785 et
1619 729 1886 801 plerisque
1929 730 2152 784 aliarum
2194 728 2660 799 recapitulatiuues
2693 727 2761 781 ab
2793 727 3033 798 ejusdem
3074 730 3198 784 stilo
3231 743 3336 783 non
3365 728 3714 784 abhorrentes

440 828 626 874 assutae
657 818 872 874 fuerint.
891 819 1002 876 lllic
1029 820 1399 890 Augustiuiani
1426 834 1704 876 sermones
1728 829 1785 874 ut
1815 820 2100 890 plurimum
2128 820 2358 875 truncati
2385 828 2543 883 sunt,
2569 834 2632 874 ac
2660 819 2910 875 brevibus
2932 820 3249 890 quibusdam
3277 820 3515 876 exordiis
3553 828 3714 892 atque

435 912 656 984 epilogis
682 912 831 968 omni
858 913 1168 969 auditorum
1196 913 1379 983 generi
1409 912 1827 967 accommodatis
1850 912 2171 982 interpolati.
2198 912 2266 967 Et
2291 920 2437 967 certe
2465 912 2553 982 qui
2579 926 2643 967 ex
2673 913 2755 967 his
2782 912 3118 968 Sermonibus
3145 928 3251 968 non
3298 913 3467 968 mutili
3495 914 3614 969 aliis
3656 915 3712 968 in

431 1005 827 1075 exemplaribus
853 1018 1138 1060 occurrere
1161 1046 1177 1071 ,
1204 1005 1241 1059 ii
1272 1005 1487 1075 planum
1518 1003 1717 1060 faciunt
1751 1004 1875 1060 hinc
1909 1003 2086 1071 locos,
2126 1018 2354 1074 quorum
2401 1002 2558 1059 lectio
2603 1002 2780 1057 minus
2820 1003 3068 1059 omnibus
3109 1002 3470 1073 conduceret,
3499 1004 3715 1061 avulsas

433 1110 573 1151 esse.

506 1188 854 1260 lnsequentes
871 1188 1074 1244 classes
1098 1187 1357 1261 (exceptis
1380 1186 1731 1243 Sertnonihus
1753 1186 2062 1242 ad-Fratres
2087 1187 2140 1241 in
2169 1200 2373 1251 eremo,
2396 1199 2531 1256 quos
2557 1186 2609 1240 in
2639 1193 2843 1241 tomum
2866 1185 3162 1257 proximum
3181 1184 3509 1257 distulimus)
3529 1201 3718 1242 omnes

435 1281 656 1335 omnino
683 1280 1074 1351 posterioribus
1101 1281 1345 1347 saeculis,
1375 1290 1619 1350 tempore
1656 1279 1904 1333 videlicet
1931 1278 2159 1333 inventa:
2180 1266 2288 1346 jam
2320 1276 2716 1347 typugraphias,
2746 1285 2963 1333 exortas
2984 1285 3214 1332 constat.
3241 1276 3442 1332 Classis
3460 1275 3529 1332 de
3551 1276 3711 1332 Tem-

439 1389 590 1443 pore,
617 1390 773 1446 quam
803 1390 903 1445 pro
926 1375 1286 1430 vetustissima
1316 1388 1572 1429 censores
1597 1371 1812 1443 quidam
1835 1371 1973 1426 haud
1999 1370 2257 1441 ignobiles
2283 1370 2504 1437 habent,
2537 1370 2719 1439 procul
2747 1369 2911 1425 dubio
2942 1368 3163 1425 Basilete
3192 1370 3245 1424 in
3271 1369 3505 1425 editione
3528 1371 3716 1423 Amer-

439 1466 614 1521 bacltii
661 1468 867 1537 vulgata
911 1483 1054 1524 anno
1098 1482 1372 1522 uccccxcv
1415 1466 1657 1521 ordinata
1704 1475 1821 1531 est,
1850 1465 2044 1534 idque,
2073 1464 2150 1519 uti
2177 1462 2389 1519 videtur-
2411 1463 2700 1519 adtnodum
2726 1464 3037 1530 verisimile,
3066 1472 3387 1533 procurante
3421 1463 3717 1533 Augustino

440 1559 662 1615 Dodone
686 1560 754 1615 de
782 1560 949 1614 Frisia
971 1558 1231 1614 canonico
1259 1558 1522 1627 regulari,
1550 1557 1705 1628 cujus
1730 1556 2014 1626 imaginem
2038 1554 2227 1611 eadem
2258 1555 2420 1610 editio
2449 1554 2767 1611 Sermonum
2794 1556 2862 1610 de
2889 1555 3158 1625 Tempore
3186 1555 3237 1608 in
3261 1553 3435 1610 fronte
3452 1552 3716 1624 depictam

437 1652 676 1721 praefert,
706 1653 787 1708 his
815 1653 1058 1708 versibus
1085 1651 1341 1723 subjectis
1374 1670 1388 1706 :

1233 1779 1439 1844 Perlege
1460 1787 1720 1830 sermones
1739 1791 2040 1839 communes,
2063 1778 2218 1829 lector
2238 1778 2412 1837 anum,

1295 1862 1447 1912 Edidit
1467 1860 1689 1911 Aurelius
1708 1873 1832 1924 quos
1852 1866 1992 1923 pater
2013 1865 2163 1922 atque
2180 1859 2349 1909 dcats.

1233 1949 1523 2009 Augustinus
1544 1957 1634 1995 eos
1653 1942 1831 2007 maesti!
1855 1941 2162 1994 venerandus
2184 1948 2236 1992 et
2256 1951 2422 1992 auctor

1292 2026 1471 2077 t-‘iliolis
1491 2026 1700 2089 scripsit,
1724 2023 1923 2088 protulit
1942 2032 2091 2088 atque
2110 2024 2232 2073 suis.

1236 2108 1413 2158 Ordine
1434 2108 1524 2157 sed
1548 2106 1698 2167 nullo,
1719 2119 1813 2157 nec
1834 2106 1965 2155 enim
1986 2106 2162 2168 stripta
2197 2104 2275 2154 illa
2297 2104 2493 2166 redegit

1299 2197 1348 2239 tn
1373 2203 1628 2239 numerum
1649 2197 1733 2240 aut
1754 2187 1973 2247 formam,
1994 2188 2273 2249 contiguum
2296 2183 2377 2235 vel
2399 2196 2537 2247 opus.

1238 2279 1332 2324 nos
1350 2272 1493 2322 modo
1513 2280 1772 2322 sermones
1790 2268 2080 2333 collegimus
2099 2268 2313 2331 undique
2334 2278 2545 2329 sparsos,

1301 2359 1456 2416 Atque
1477 2353 1606 2403 hunc
1619 2357 1909 2416 congestum
1930 2350 2198 2414 pressimus
2220 2348 2334 2399 inde
2359 2349 2548 2398 librant.

514 2523 816 2580 Editiuueut
846 2523 1205 2578 Basilceusem
1233 2522 1318 2576 hic
1341 2520 1625 2593 signiﬁcat,
1649 2529 1706 2576 ut
1726 2519 1926 2577 clarius
1952 2516 2188 2575 ostendit
2215 2518 2510 2574 carminum
2539 2517 2731 2584 series,
2763 2517 2814 2571 iu
2841 2531 2941 2587 qua
2976 2517 3200 2588 legitur:

1235 2633 1390 2685 Crede
1411 2634 1548 2695 mihi,
1571 2634 1705 2684 dicos
1725 2631 1959 2684 Basileam
1973 2631 2091 2695 jure
2110 2629 2320 2680 beatam.

523 2763 690 2816 Porro
718 2777 750 2817 e
774 2761 1110 2817 sermonibus
1137 2758 1245 2815 256
1269 2773 1403 2830 quos
1427 2773 1490 2815 ea
1517 2757 1764 2814 collectio
1785 2754 2223 2828 comprehcndit,
2248 2753 2335 2809 vix
2365 2753 2639 2824 sexaginta
2665 2751 2927 2822 genuinos
2950 2751 3229 2823 quisquam
3260 2754 3562 2813 alﬁrmarit.

513 2853 713 2908 Classis
733 2852 800 2908 de
828 2851 1042 2908 Sanctis
1063 2893 1080 2919 ,
1123 2866 1245 2922 qum
1272 2850 1535 2920 superiori
1582 2865 1688 2906 non
1710 2857 1797 2905 est
1817 2848 2118 2905 accuratior
2140 2887 2157 2914 ,
2199 2845 2363 2903 simul
2404 2846 2457 2901 in
2486 2844 2673 2902 eadem
2699 2843 2964 2914 editione,
2991 2859 3197 2903 necnon
3224 2845 3367 2904 haud
3390 2848 3551 2908 dubie
3573 2853 3720 2923 ejus-

442 2943 566 3000 dem
594 2943 829 2998 auctoris
852 2942 1029 2998 studio
1060 2942 1111 2996 in
1140 2942 1316 2998 lucem
1346 2941 1563 3012 prodiit.

516 3033 707 3088 Postea
752 3049 873 3088 eum
921 3033 1203 3104 Augustini
1237 3020 1411 3103 Opera
1461 3032 1682 3088 Parisiis
1708 3046 1850 3088 anno
1873 3030 2306 3103 quingentesimo
2349 3029 2620 3101 trigesimo
2657 3028 2832 3100 primo
2867 3042 3027 3101 supra
3056 3031 3396 3090 millesimum
3423 3036 3573 3107 prelo
3597 3040 3721 3096 sub-

441 3125 580 3194 jecta
607 3132 789 3180 essent
806 3165 823 3191 ,
851 3139 1127 3179 sermones
1153 3123 1534 3194 septemdecim
1559 3138 1592 3179 e
1620 3124 1994 3193 manuscriptis
2020 3122 2318 3180 Carthasim
2350 3121 2418 3177 ad
2443 3135 2627 3178 muros
2654 3121 2987 3179 Parisienses
3014 3123 3141 3179 editi
3169 3134 3314 3181 sunt.
3579 3124 3591 3136 '

514 3217 671 3271 Anno
694 3231 892 3271 untxtv
916 3214 1151 3272 Joannes
1175 3215 1520 3273 Ulimmerius
1547 3231 1742 3271 novum
1770 3215 2016 3272 volumen
2035 3256 2050 3281 ,
2080 3216 2165 3270 cui
2195 3215 2404 3271 titulum
2427 3214 2699 3285 inscripsit
2719 3214 2784 3270 de
2810 3214 3067 3283 Diversis,
3094 3227 3352 3276 constans
3380 3225 3721 3284 sermonibus

450 3316 667 3364 centum
694 3308 909 3379 triginta
934 3308 1145 3364 duobus
1174 3322 1397 3379 quorum
1432 3324 1539 3363 non
1569 3308 1720 3379 pauci
1740 3308 1850 3379 jam
1880 3309 2061 3366 excusi
2114 3308 2356 3373 fuerant,
2400 3306 2495 3364 sed
2525 3307 2701 3362 minus
2719 3309 2961 3378 castigati
3003 3319 3164 3381 atque
3186 3313 3411 3385 integri,
3442 3315 3494 3373 in
3535 3319 3723 3392 vulgus

444 3399 647 3453 emisit.
681 3398 811 3453 lude
837 3399 1075 3468 excerpti
1104 3414 1239 3453 unus
1259 3407 1317 3455 et
1340 3398 1720 3470 quinquaginta
1747 3412 2027 3456 sermones
2054 3409 2239 3470 postea
2268 3398 2503 3470 priorem
2532 3409 2733 3470 partem
2760 3399 2828 3456 de
2858 3401 3093 3458 Diversis
3111 3406 3457 3475 constituere,
3485 3411 3570 3466 cui
3601 3425 3722 3483 post

444 3506 617 3547 annos
636 3490 920 3546 duodecim
948 3490 1171 3546 alteram
1191 3506 1259 3546 ex
1278 3490 1399 3545 aliis
1427 3492 1697 3562 sexaginta
1718 3491 1927 3548 duobus
1953 3493 2106 3548 novis
2130 3493 2469 3549 sermonibus
2487 3494 2782 3565 adjunxere
2803 3495 3188 3555 Lovanienses.

516 3584 836 3640 Prodierunt
854 3583 1049 3640 deinde
1075 3583 1321 3639 undecim
1370 3582 1605 3638 homilize
1632 3599 1697 3638 ex
1748 3584 2026 3640 codicibus
2065 3584 2365 3640 Carthusia:
2392 3586 2650 3654 majoris,
2697 3599 2831 3656 quas
2873 3587 2943 3641 ab
2988 3589 3223 3646 editione
3263 3593 3388 3647 anui
3432 3610 3625 3654 uncxtv
3650 3604 3717 3658 ad

447 3678 652 3733 calcem
677 3678 805 3732 torni
825 3676 1019 3732 decimi
1049 3674 1377 3747 legebamus.
1405 3674 1631 3745 Insuper
1652 3675 1705 3729 in
1737 3674 1926 3729 eadem
1948 3675 2033 3729 illa
2059 3675 2293 3730 editione
2321 3674 2574 3729 tredecim
2609 3675 2699 3728 alii
2726 3690 2759 3731 e
2784 3678 3163 3749 manuscriptis
3201 3680 3492 3743 Pitlnnanis
3517 3690 3716 3761 vulgati

444 3773 594 3823 sunt.
623 3770 696 3823 At
722 3782 830 3823 non
853 3767 922 3822 ita
954 3767 1123 3822 multo
1144 3773 1268 3837 post
1284 3763 1521 3821 Iacobus
1544 3764 1862 3820 Sirmondus
1882 3764 2133 3819 volumen
2163 3763 2359 3834 publici
2385 3764 2523 3835 juris
2549 3762 2693 3831 fecit,
2722 3767 2867 3837 quod
2891 3768 3031 3824 inter
3044 3771 3390 3845 quadraginta
3418 3792 3715 3846 sermones.

443 3858 641 3928 quibus
677 3858 988 3925 constabat,
1026 3856 1123 3912 has
1145 3855 1410 3943 tredecim
1440 3855 1654 3911 ultimas
1703 3854 1946 3910 homilias
1976 3855 2465 3927 complectebatur,
2496 3871 2628 3928 quas
2656 3868 2940 3932 propterea
2970 3876 3226 3934 nusquam
3266 3869 3400 3923 ultra
3429 3877 3714 3943 separatim

441 3950 619 4006 editas
640 3952 961 4021 reperimus.
3752 3948 3763 3961 ‘

517 4043 665 4099 ldcm
706 4044 927 4114 contigit
968 4042 1240 4100 nonnullis
1268 4042 1490 4099 minoris
1520 4044 1681 4115 pretii
1738 4042 2128 4113 Sermonibus,
2173 4045 2261 4115 qui
2307 4045 2409 4102 sub
2434 4046 2722 4116 Augustini
2750 4050 2964 4105 nomine
3003 4051 3193 4121 partim
3233 4052 3374 4112 anno
3413 4075 3714 4126 uncxxxtv.

445 4135 718 4190 Parisiisa
748 4135 1036 4192 Guillelmo
1078 4135 1383 4192 Camerario
1411 4135 1572 4191 Scoto
1600 4135 1667 4190 ad
1710 4135 2131 4206 manuscriptum
2179 4135 2659 4207 Andegavensem,
2709 4138 2901 4208 partim
2945 4156 3088 4197 anno
3133 4160 3402 4216 uncxuv,
3459 4151 3639 4210 Ruunt:
3682 4176 3709 4211 a

443 4227 652 4284 Joanne
680 4230 913 4299 Baptista
940 4229 1082 4284 Maro
1105 4229 1172 4284 ad
1206 4228 1422 4285 codices
1439 4227 1722 4285 Vaticanos
1749 4236 1805 4284 et
1828 4228 2149 4284 Barberinos
2178 4228 2316 4300 typis
2342 4229 2527 4285 excusi
2555 4238 2697 4285 sunt.
2729 4230 3002 4302 Siquidem
3024 4250 3117 4290 eos
3144 4238 3261 4295 aliis
3283 4239 3379 4294 abs
3406 4257 3464 4297 se
3492 4252 3715 4315 repertis

445 4320 669 4374 inseruit
697 4321 1047 4392 Hieronymus
1077 4319 1359 4391 Vignerlus
1377 4359 1393 4387 ,
1425 4328 1582 4391 atque
1607 4334 1672 4375 ex
1702 4319 1806 4376 illis
1831 4319 2077 4376 omnibus
2095 4318 2227 4376 duas
2245 4319 2481 4390 classes,
2508 4321 2727 4379 alteram
2755 4323 2807 4378 in
2838 4325 3007 4396 prima
3036 4326 3403 4400 Supplementi
3427 4337 3509 4391 sui
3540 4352 3710 4410 parte,

442 4412 668 4467 alteram
694 4413 748 4466 in
770 4412 1003 4468 secunda
1025 4455 1038 4478 ,
1060 4411 1307 4468 confecit.

516 4503 645 4558 llzec
670 4514 787 4559 erat
814 4511 967 4559 antea
994 4519 1303 4559 sermonum
1324 4503 1647 4560 distributio.
1678 4503 1830 4561 Unde
1852 4519 2011 4561 nemo
2035 4519 2141 4561 non
2170 4504 2431 4578 intelligat
2457 4513 2514 4563 et
2550 4522 2711 4579 quam
2751 4509 3082 4568 incommoda
3114 4516 3270 4573 fuerit
3291 4559 3306 4585 ,
3353 4530 3406 4576 ct
3434 4531 3591 4594 quani
3620 4546 3686 4584 ne
3704 4564 3719 4571 ο

443 4595 686 4650 cessario
704 4594 1052 4650 immolanda.
1084 4596 1349 4651 Robertus
1375 4594 1443 4652 de
1471 4596 1657 4651 Bardis
1677 4637 1692 4663 ,
1722 4596 2038 4653 Parisiensis
2065 4597 2430 4656 Cancellarius
2454 4641 2471 4669 ,
2501 4600 2659 4655 aliam
2693 4602 3053 4673 pulchriorem
3084 4625 3146 4664 ac
3186 4615 3354 4683 magis
3382 4616 3708 4688 ingeniosam

443 4687 750 4742 instituerat
775 4687 831 4743 in
856 4688 1205 4756 Collectorio,
1235 4695 1295 4742 ut
1320 4696 1507 4755 vocat,
1533 4686 1853 4745 Sermonum
1895 4691 2214 4762 Augustini,
2244 4707 2518 4773 nunquam
2546 4694 2791 4767 vulgato,
2828 4699 2970 4768 quod
3015 4707 3269 4761 trecentis
3292 4686 3459 4766 annis—
3492 4714 3560 4769 ab
3588 4716 3711 4773 hinc

444 4787 593 4833 retro
612 4780 809 4850 elapsis
832 4779 1185 4851 excogitavit,
1217 4780 1407 4836 iisdem
1427 4780 1773 4861 Sermonibus
1796 4782 1848 4837 in
1874 4783 2107 4853 quinque
2136 4795 2316 4855 partes
2339 4786 2607 4845 discretis.
2636 4790 2702 4844 In
2725 4790 2890 4860 prima
2917 4804 3063 4862 parte
3079 4798 3277 4855 collecti
3297 4814 3413 4857 sunt
3442 4805 3713 4866 Sermonrs

446 4870 513 4962 de
539 4871 838 4940 quibusdam
864 4872 1016 4944 gratis
1039 4883 1086 4928 et
1106 4874 1293 4928 sanctis
1325 4871 1515 4928 Veteris
1548 4872 1870 4929 Testamenti.
1904 4873 1971 4928 In
1996 4875 2217 4931 secunda
2244 4887 2417 4950 parte,
2449 4877 2512 4933 de
2540 4880 2938 4939 solemnitatibus
2958 4893 3004 4938 cl
3018 4889 3203 4942 sanctis
3230 4889 3364 4946 Novi
3383 4893 3716 4962 Testanwmi.

448 4960 513 5014 In
544 4962 691 5015 tertia
707 5002 724 5028 ,
749 4962 812 5016 de
832 4962 993 5018 verbis
1017 4973 1063 5018 et
1088 4965 1347 5035 scripturis
1376 4962 1565 5019 Veteris
1585 4964 1908 5020 Testamenti.
1951 4965 2014 5022 In
2039 4977 2219 5037 quarta
2238 5009 2250 5033 ,
2281 4969 2342 5023 de
2368 4970 2526 5062 uerbis
2549 4983 2595 5026 et
2620 4975 2882 5044 scripturis
2904 4975 3038 5033 Novi
3063 4979 3382 5040 Testametui.
3413 4987 3483 5044 In
3512 4960 3687 5062 quau}.

442 5054 509 5107 de
527 5055 834 5108 ornamentis
864 5062 911 5110 et
935 5055 1300 5127 impedimentis
1327 5054 1572 5112 Ecclesia:
1593 5057 1695 5111 sive
1714 5057 1942 5126 ﬁdelium
1958 5098 1972 5123 ,
2000 5074 2062 5113 ac
2085 5058 2149 5113 de
2174 5050 2580 5116 retributionibus
2605 5039 2795 5120 ultimis
2814 5064 3059 5124 bonorum
3078 5082 3126 5127 et
3155 5039 3437 5135 "talorum.~
3451 5039 3715 5141 éewrwv-a't'i;

443 5146 500 5199 in
533 5146 853 5203 bibliotheca
881 5147 1042 5220 Regia
1074 5150 1465 5220 manuscriptus
1486 5164 1622 5204 unus
1640 5188 1658 5216 ,
1681 5164 1789 5220 quo
1808 5149 1994 5221 primas
2014 5150 2135 5206 dua:
2163 5151 2316 5210 istius
2352 5152 2685 5234 collcCtionis
2714 5164 2892 5226 partes
2917 5160 3290 5234 continentur;
3319 5180 3374 5226 et
3403 5171 3455 5226 in
3487 5172 3710 5230 conm-

444 5238 555 5293 tina
583 5237 722 5304 duo,
755 5240 808 5295 in
841 5242 1031 5312 quibus
1057 5241 1221 5298 index
1265 5242 1584 5298 Sermonum
1625 5240 1835 5297 illarum
1864 5243 2097 5313 quinque
2128 5244 2357 5314 partium
2404 5233 2838 5316 repraesentatur.
2872 5250 3135 5329 Caeterum
3164 5233 3290 5315 licet
3311 5259 3625 5320 Sirmondus
3655 5267 3708 5322 in

445 5330 760 5399 prwfatione
781 5349 997 5391 suorum
1019 5335 1364 5407 quadraginta
1389 5350 1697 5391 sermonum
1719 5335 1950 5392 afﬁrmet
1968 5376 1984 5403 ,
2007 5338 2061 5391 in
2080 5338 2340 5395 censendis
2369 5341 2808 5413 approbandisque
2829 5330 3101 5419 Augustini
3125 5352 3472 5423 operibus.....
3506 5359 3713 5415 minimc

444 5425 861 5520 contemnendum
902 5427 1109 5483 Roberti
1152 5426 1459 5500 κυῶ-παίωνι
1481 5445 1508 5520 :7
1524 5436 1701 5483 tamen
1730 5427 2058 5520 adulterinos
2095 5444 2374 5489 sermones
2408 5446 2574 5505 prope
2601 5433 2915 5493 innumeros
2955 5437 3201 5520 admisit,
3242 5445 3414 5515 utqui
3444 5445 3499 5504 in
3539 5451 3714 5520 prima

442 5515 746 5610 collectum
777 5529 927 5589 parte
953 5521 1095 5576 solos
1123 5521 1390 5592 legitimos
1416 5519 1773 5590 relinqueret,
1802 5519 1942 5575 illam
1969 5528 2173 5577 tantum
2201 5537 2308 5579 non
2334 5523 2400 5578 ad
2431 5524 2654 5582 nihilum
2681 5526 2982 5585 reduceret.
3015 5529 3128 5586 Alia
3146 5516 3313 5601 vitia,
3347 5520 3468 5610 qme
3494 5515 3709 5598 a—nobis

449 5607 504 5663 in
526 5609 640 5679 ejus
669 5611 1041 5669 distributione
1086 5614 1365 5670 observata
1390 5623 1512 5668 sunt
1543 5654 1559 5681 ,
1586 5612 1674 5667 hic
1696 5628 1975 5669 recensere
2002 5630 2180 5686 operae
2203 5610 2427 5688 pretium
2460 5633 2563 5673 non
2589 5628 2855 5689 putamus.
