4024 6202
1340 186 1351 211 J

376 283 438 339 L‘i
1824 279 2203 336 PREFATIO.
3543 279 3609 337 l6

430 389 783 456 Partitionem
808 389 1130 445 instituimus
1163 389 1331 443 nmlto
1370 388 1521 445 comi
1545 391 1764 446 miorem
1799 395 2285 465 accuratioremquc
2312 436 2329 460 ,
2356 394 2406 448 iu
2432 409 2534 465 qua
2554 403 2713 451 etiam
2741 411 2850 466 pm
2892 396 3181 453 Robertina
3212 397 3310 453 hoc
3334 399 3601 456 commodi

360 493 467 551 est,
496 484 637 555 quod
665 484 879 554 propius
902 483 970 537 ab
992 484 1204 551 antiqua
1226 492 1286 537 et
1317 486 1519 553 vulgata
1547 484 1782 550 recedit;
1833 500 1955 540 cum
1983 501 2261 540 sermones
2282 502 2473 542 omnes
2508 501 2606 555 pro
2631 489 2885 544 varietate
2928 490 3231 560 argumenti
3270 496 3493 545 revocet
3533 489 3601 546 ad

361 578 520 634 hosce
548 589 773 649 quatuor
794 577 1007 632 ordines
1026 617 1042 638 ,
1074 576 1140 632 de
1164 576 1452 647 Scripturis
1470 619 1484 641 ,
1508 577 1578 631 de
1605 578 1867 647 Tempore
1889 618 1905 643 ,
1930 578 1996 632 de
2023 579 2233 633 Sanctis
2250 621 2265 646 ,
2291 579 2435 634 etde
2462 580 2709 634 Diversis.
2737 581 3048 636 Addidimus
3076 594 3328 649 prseterea
3356 584 3597 651 quintum

358 669 599 724 ordinem
627 668 943 723 Sermonum
967 666 1267 733 dubiorum,
1298 669 1440 738 quod
1471 668 1716 723 videlicet
1742 669 1942 723 mdium
1966 670 2065 723 nisi
2085 679 2265 739 aperte
2290 671 2677 740 supposititium
2696 672 2754 726 in
2782 673 3141 742 Appcndiccm
3166 673 3390 743 rejicerc
3418 676 3599 729 cousi-

360 759 483 813 lium
516 759 689 814 fuerit.
1294 758 1297 763 ’

428 852 615 906 Falsus
650 858 829 905 autem
861 851 1000 904 veris
1025 850 1221 906 diutius
1245 850 1493 905 confusos
1516 852 1817 920 relinquere
1845 852 2150 920 neutiquam
2178 852 2367 907 licebat
2394 872 2408 906 :
2440 853 2862 923 quandoquidem
2918 855 3014 909 hac
3046 856 3103 908 in
3140 872 3201 910 re
3224 855 3463 925 quotidie
3490 866 3599 911 tam

361 943 511 998 multi
536 942 936 1011 decipiebantur
955 983 969 1007 ,
1001 952 1058 997 ut
1086 943 1298 1012 quidam
1328 942 1486 995 nimis
1514 942 1714 996 creduli
1740 942 2054 1010 scriptiones
2074 942 2257 997 Fausti
2287 954 2443 1013 atque
2467 944 2689 998 aliorum
2720 944 2809 999 imi
2837 944 3073 999 subsellii
3119 954 3394 999 sudorum
3423 949 3599 1016 Augu-

356 1037 613 1093 stinianas
637 1036 929 1100 ducerent;
956 1036 1045 1088 alii
1083 1044 1269 1092 contra
1315 1036 1432 1105 plus
1457 1050 1608 1103 (equo
1631 1035 1911 1103 Suspiciosi
1941 1050 2218 1090 sermones
2242 1037 2533 1105 Augustino
2561 1036 2717 1106 longe
2761 1035 3102 1105 dignissimos
3136 1048 3227 1091 aut
3250 1047 3558 1106 respuerant
3578 1077 3598 1104 ,

355 1140 443 1183 aut
469 1139 745 1199 suspectos
770 1128 1048 1182 haberent.
1076 1128 1181 1184 Sed
1206 1130 1461 1197 optimum
1488 1127 1696 1181 videtur
1720 1128 1970 1196 principia
1992 1136 2044 1181 et
2067 1136 2248 1193 notas,
2275 1129 2464 1197 quibus
2488 1128 2651 1182 innixi
2691 1128 2792 1182 hoc
2827 1129 3083 1197 judicium
3120 1140 3278 1198 atque
3322 1145 3600 1184 censuram

354 1224 590 1294 aggressi
616 1239 835 1291 sumus,
862 1224 1134 1278 declarare
1157 1267 1175 1289 ,
1204 1234 1260 1276 ut
1280 1222 1411 1276 hinc
1434 1230 1629 1275 statuat
1658 1222 2050 1291 unusquisque.
2080 1238 2202 1276 num
2226 1223 2277 1276 in
2301 1223 2521 1277 materia
2549 1224 2676 1276 tanti
2701 1223 2952 1276 momenti
2973 1224 3287 1277 sententiam
3312 1225 3514 1281 ﬁrmant
3540 1239 3601 1277 ac

355 1330 557 1373 certam
588 1318 725 1373 ferre
746 1321 1081 1388 potuerimus
1112 1337 1125 1373 :
1152 1317 1361 1371 tametsi
1382 1317 1499 1370 ﬁeri
1526 1324 1755 1381 nequeat
1784 1323 1840 1369 ut
1864 1315 2167 1385 singillatim
2198 1324 2353 1369 notas
2379 1330 2566 1370 omnes
2593 1316 2783 1385 quibus
2811 1316 3074 1370 sermonis
3102 1316 3354 1386 cujusque
3379 1331 3601 1373 censura

355 1412 618 1465 stabilitur
637 1453 650 1477 ,
678 1412 980 1479 aperiamus
1004 1453 1016 1474 ,
1040 1411 1133 1464 sed
1158 1418 1363 1463 tantum
1386 1407 1677 1477 generatim
1702 1407 1903 1476 aliquas
1919 1448 1934 1472 ,
1963 1421 2160 1476 easque
2191 1408 2354 1474 magis
2384 1405 2689 1460 familiares.

425 1503 660 1558 Primum
689 1504 923 1555 omnium
951 1502 1088 1565 stili,
1118 1517 1220 1569 quo
1248 1508 1448 1552 tantum
1493 1508 1740 1551 auctores
1782 1497 1921 1550 inter
1948 1512 2009 1551 se
2032 1537 2046 1561 ,
2073 1504 2328 1565 quantum
2372 1496 2612 1550 homines
2639 1496 2783 1550 vultu
2812 1495 3062 1549 diil'erunt
3083 1536 3096 1560 ,
3126 1496 3385 1551 rationem
3419 1496 3601 1552 habui-

358 1609 493 1647 mus.
523 1593 619 1648 Hic
647 1608 836 1662 nempe
861 1592 999 1662 quod
1031 1593 1165 1660 epist
1211 1592 1281 1645 95
1300 1631 1313 1649 ,
1340 1607 1396 1642 n.
1429 1589 1496 1643 59
1515 1629 1531 1651 ,
1579 1588 1646 1642 de
1677 1588 1937 1658 Cypriano
1976 1586 2116 1641 dixit
2168 1586 2493 1655 Augustinus
2515 1627 2529 1651 ,
2560 1587 2671 1654 pari
2695 1587 2815 1653 jure
2840 1586 2964 1641 licet
2982 1585 3053 1639 de
3082 1586 3195 1654 ipso
3223 1589 3560 1655 pronuntiare
3586 1605 3600 1639 :

360 1685 521 1738 Stilus
547 1686 657 1754 ejus
699 1684 842 1735 habet
880 1683 1150 1753 qmmulam
1196 1680 1451 1750 propriam
1477 1680 1685 1748 faciem,
1718 1695 1815 1747 qua
1845 1678 1998 1747 possit
2025 1677 2247 1746 agnosci.
2280 1676 2412 1729 Eum
2440 1684 2652 1730 sanctus
2701 1675 3053 1744 Hieronymus
3081 1691 3145 1730 ex
3176 1677 3297 1730 stilo
3320 1718 3335 1744 ,
3379 1678 3598 1733 ut‘idem

354 1778 574 1845 cpistola
606 1778 740 1830 inter
769 1775 1175 1845 Augustiniauas
1202 1774 1267 1826 68
1298 1780 1518 1824 testatur
1552 1809 1568 1847 ,
1596 1770 1828 1838 agnovit.
1860 1769 1926 1822 Et
1953 1768 2316 1837 Lugdunensis
2349 1768 2578 1822 Ecclesia
2608 1767 2739 1821 libro
2765 1766 2831 1820 de
2860 1767 3023 1819 tribus
3047 1766 3325 1835 Epistolis,
3346 1784 3463 1838 cap.
3495 1770 3563 1824 35
3582 1810 3598 1833 .

342 1877 413 1923 'ut
442 1870 627 1938 probet
653 1869 1076 1939 [lypuguosticon
1107 1866 1202 1934 ipsi
1231 1881 1333 1917 nun
1364 1879 1482 1917 esse
1502 1861 1906 1917 adscribendum
1935 1903 1949 1925 ,
1979 1861 2170 1916 cedent
2196 1861 2361 1913 utitur
2384 1869 2713 1929 argumento.
2744 1858 3118 1913 Verumtamen
3145 1860 3189 1912 si
3236 1862 3449 1915 nomine
3494 1863 3600 1917 stili

362 1964 486 2016 nihil
513 1963 653 2016 aliud
684 1962 1003 2032 intelligatur
1026 1976 1179 2029 quam
1209 1960 1370 2012 dictio
1396 2000 1408 2021 ,
1436 1957 1702 2011 fatendum
1725 1965 1808 2011 est
1835 1957 1978 2009 illum
2015 1970 2118 2008 non
2145 1969 2352 2022 semper
2380 1970 2539 2007 unum
2568 1963 2724 2022 atque
2748 1953 3002 2021 tequidem
3022 1951 3253 2007 existere
3279 1954 3330 2006 in
3354 1955 3601 2023 operibus

358 2054 669 2124 Augustini,
722 2053 811 2107 sed
854 2052 1082 2106 maxime
1130 2050 1181 2103 in
1220 2048 1593 2111 sermonibus,
1627 2062 1759 2117 quos
1790 2056 1933 2099 tanta
1976 2060 2153 2100 rerum
2203 2060 2266 2098 ac
2294 2044 2527 2098 locorum
2571 2042 2875 2097 diversitate
2904 2056 3001 2110 per
3042 2041 3385 2112 quadraginta
3433 2058 3600 2098 annos

359 2146 559 2200 habuit.
593 2144 733 2197 luter
752 2143 850 2197 hos
876 2143 961 2195 alii
984 2142 1050 2194 ab
1077 2156 1141 2194 co
1172 2157 1263 2208 per
1283 2140 1634 2193 sacerdotium
1664 2153 1816 2192 sumn
1849 2138 2127 2206 compositi
2163 2137 2393 2205 priorum
2422 2136 2588 2205 ipsius
2616 2134 3034 2189 lucubrationum
3059 2134 3290 2189 colorem
3319 2137 3598 2205 quemdam

359 2234 593 2289 referunt
617 2273 632 2298 ,
673 2234 762 2286 alii
793 2232 860 2286 ah
884 2232 1069 2285 eodem
1098 2231 1387 2283 maturiore
1407 2229 1514 2297 jam
1544 2236 1702 2283 a'tate
1730 2228 2049 2297 pronuntiati
2073 2228 2140 2281 ad
2164 2227 2455 2295 posteriora
2485 2241 2643 2294 opera
2671 2226 2837 2295 magis
2857 2225 3112 2279 accedunt
3140 2243 3152 2279 :
3183 2228 3417 2281 nonnulli
3444 2244 3600 2284 accu-

359 2339 469 2379 rate
494 2335 547 2378 et
588 2341 706 2379 cum
755 2323 1097 2378 meditatione
1140 2322 1431 2375 elucubrati
1472 2328 1625 2384 sunt,
1683 2320 1918 2372 nonnulli
1966 2335 2031 2373 ex
2067 2330 2303 2388 tempore
2333 2318 2473 2372 fusi:
2505 2319 2620 2372 illos
2647 2328 2885 2373 extremo
2911 2319 3361 2373 lietractationum
3392 2321 3595 2390 capite,

359 2418 491 2471 libro
513 2417 568 2482 2,
593 2416 817 2469 dictatos
841 2425 1013 2474 vocat,
1042 2412 1138 2465 hos
1164 2420 1337 2465 autem
1365 2411 1534 2463 dictos
1568 2427 1581 2461 :
1614 2410 1938 2479 pruiudcque
1967 2411 2171 2478 aliquos
2190 2410 2475 2475 habemus,
2503 2410 2685 2479 quales
2706 2425 2735 2463 a
2762 2410 2980 2464 notariis
3000 2450 3013 2472 ,
3043 2410 3168 2464 dum
3195 2412 3352 2465 verba
3383 2412 3594 2478 faceret,

357 2510 590 2575 excerpli
624 2516 745 2561 sunt
770 2548 781 2569 ,
811 2521 930 2559 cum
963 2505 1049 2558 alii
1093 2504 1333 2574 legantur
1359 2518 1509 2571 atque
1554 2501 1815 2555 emendati
1843 2517 1906 2554 ac
1932 2501 2117 2571 integri
2147 2512 2304 2570 atque
2330 2517 2490 2571 opera
2520 2503 2714 2571 proprii
2744 2502 2977 2556 auctoris
3005 2518 3160 2556 manu
3188 2513 3403 2559 exnrata
3427 2505 3600 2560 solent

355 2618 493 2655 esse.
525 2601 581 2654 ld
608 2615 728 2655 cum
755 2598 923 2652 critici
946 2597 1157 2667 quidam
1190 2611 1294 2648 non
1318 2596 1445 2649 satis
1472 2594 1827 2648 advertissent
1847 2636 1859 2656 ,
1890 2592 2175 2647 Sermones
2206 2595 2390 2664 primis
2420 2594 2689 2663 Augustini
2719 2595 2871 2649 annis
2891 2637 2906 2659 ,
2935 2604 2990 2648 ιιι
3011 2610 3107 2649 suo
3146 2596 3264 2651 loco
3296 2598 3601 2652 observavi-

357 2710 473 2745 tuus
494 2735 508 2756 ,
553 2692 881 2760 compositos
907 2700 1089 2744 sancto
1130 2688 1340 2742 Ductori
1369 2686 1758 2756 abjudicarunt.
1793 2685 1870 2739 Ad
1898 2686 2198 2756 huiusmodi
2224 2701 2352 2756 ergo
2375 2702 2655 2742 censuram
2700 2696 2843 2742 recte
2868 2688 3194 2755 obeundum,
3247 2698 3597 2760 praeterquam

357 2784 493 2852 quod
522 2782 676 2836 stilus
701 2781 881 2850 operis
899 2780 1045 2835 dubii
1065 2779 1133 2833 ad
1159 2778 1366 2848 singula
1394 2777 1685 2832 indubitata
1713 2791 1871 2845 opera
1895 2776 2187 2848 exigendus
2213 2787 2295 2832 est
2317 2817 2332 2843 ,
2364 2793 2688 2848 nequaquam
2715 2779 2792 2833 vis
2821 2780 2906 2833 illa
2938 2780 3051 2833 sive
3074 2780 3293 2849 spiritus
3320 2797 3425 2851 quo
3450 2783 3601 2838 Stilus

357 2872 506 2942 quasi
532 2873 798 2925 animatur
820 2913 833 2937 ,
868 2869 1168 2940 pusthaberi
1193 2868 1367 2924 debet.
1398 2867 1603 2938 Ubique
1627 2868 1767 2922 enim
1791 2870 2092 2937 agnoscitur
2114 2869 2441 2938 Augustinus
2473 2870 2686 2938 preprio
2711 2870 2938 2939 quodam
2977 2871 3293 2940 eloquentia:
3329 2875 3504 2944 gravis
3540 2889 3602 2929 ac

361 2963 513 3016 seria:
551 2976 746 3031 genere
770 3001 784 3027 ,
821 2959 961 3030 quod
989 2959 1088 3013 sibi
1118 2960 1372 3014 lectorum
1399 2960 1607 3013 animos
1632 2959 1844 3029 subiicit
1863 3000 1877 3025 ,
1910 2975 2014 3012 non
2040 2959 2219 3028 lepore
2241 2968 2467 3029 comptze
2498 2971 2656 3030 atque
2696 2961 2953 3017 all'ectata:
2976 2963 3290 3019 elocutionis
3312 3005 3327 3031 ,
3357 2966 3448 3021 sed
3482 2966 3600 3021 elli-

354 3053 497 3108 cacia
547 3051 772 3122 quadam
802 3049 1026 3119 judicii,
1078 3049 1406 3119 prudentiae,
1448 3050 1691 3119 pietatis,
1734 3050 2055 3114 honestatis,
2098 3050 2730 3118 modestim,eomitatis,
2776 3053 3105 3124 aliarumque
3153 3056 3434 3117 virtutum.
3482 3073 3600 3127 qua:

357 3144 553 3213 passim
594 3144 644 3198 in
686 3143 800 3212 ejus
825 3141 1065 3197 oratione
1107 3141 1243 3195 adeo
1265 3140 1467 3210 fulgent
1492 3150 1650 3211 atque
1672 3142 1936 3205 emicant,
1988 3150 2046 3194 ut
2071 3141 2234 3210 ipsius
2262 3141 2441 3195 stilum
2485 3157 2641 3196 nemo
2676 3142 2968 3197 imitatione
2995 3155 3325 3214 assequatur.
3376 3146 3473 3200 Hic
3519 3159 3603 3202 est

356 3238 617 3309 praecipue
641 3238 838 3309 Lydius
861 3236 994 3306 lapis
1011 3276 1026 3301 ,
1053 3251 1158 3306 quo
1184 3250 1459 3291 sermones
1480 3249 1605 3288 vere
1632 3233 1995 3303 Augustiuiani
2027 3233 2351 3303 probantur;
2382 3240 2438 3287 et
2461 3232 2526 3286 ad
2548 3249 2702 3303 quem
2733 3234 3089 3304 Appendicem
3121 3237 3303 3306 siquis
3321 3237 3596 3298 adhibeat.

356 3328 407 3382 in
432 3345 555 3383 eam
584 3343 748 3400 prope
770 3328 1066 3383 universam
1095 3335 1381 3397 cognoscet
1402 3324 1595 3379 cadere
1616 3324 1741 3378 illud
1768 3339 1954 3394 posse,
1986 3323 2127 3394 quod
2157 3323 2225 3378 de
2253 3322 2646 3395 Hypognostico
2668 3327 3067 3395 pronuntiatum
3088 3336 3207 3382 cst:
3242 3327 3308 3382 Et
3336 3346 3507 3385 sensus
3531 3331 3597 3384 ab

355 3412 493 3473 illius
517 3437 666 3476 sensu
693 3421 902 3491 inferior
919 3419 1127 3473 habetur
1146 3459 1163 3483 ,
1190 3429 1236 3472 et
1266 3418 1509 3472 modestia
1535 3425 1682 3484 atque
1712 3417 1969 3471 humilitas
1990 3433 2185 3472 morum
2210 3427 2257 3471 et
2281 3434 2566 3471 sermonum
2585 3421 2694 3489 ejus
2721 3436 2821 3473 non
2845 3420 2913 3474 ibi
2933 3430 3177 3477 servatur.

426 3506 791 3581 Lugdunensis
820 3511 1094 3577 Ecclesia,
1140 3509 1290 3580 cujus
1319 3508 1432 3564 haec
1473 3509 1633 3565 verba
1662 3517 1819 3572 sunt,
1864 3508 2058 3562 ibidem
2107 3508 2248 3563 aliud
2293 3509 2548 3564 indicium
2595 3509 2742 3564 addit
2781 3527 2794 3563 :
2840 3511 2908 3564 Et
2949 3514 3270 3579 testimoniis,
3315 3515 3509 3586 inquit,
3539 3534 3602 3573 es:

356 3603 586 3658 hebraica
612 3604 972 3668 translatione,
1023 3618 1174 3672 quam
1199 3601 1369 3656 beatus
1398 3599 1735 3670 Hieronymus
1761 3600 1949 3667 edidit,
1979 3610 2160 3671 praeter
2194 3603 2305 3676 ejus
2333 3587 2740 3657 consuetudinem
2766 3614 2941 3658 contra
2958 3607 3079 3660 illos
3107 3606 3366 3663 hereticos
3404 3613 3560 3667 utitur
3582 3630 3600 3666 :

352 3694 485 3763 quod
506 3693 590 3746 ille
618 3709 681 3747 ex
699 3694 906 3761 antiqua
927 3692 1092 3762 potius
1126 3691 1342 3745 editione
1365 3694 1531 3761 facere
1557 3692 1828 3744 consuevit.
1860 3689 2013 3756 Quod
2044 3691 2257 3759 quidem
2290 3691 2539 3746 indicium
2570 3707 2636 3746 eo
2680 3693 2885 3763 longius
2933 3696 3192 3765 latiusque
3233 3701 3598 3767 protenditur,

353 3784 492 3852 quod
520 3783 677 3837 aliam
710 3782 1105 3839 translationem
1129 3823 1146 3848 ,
1184 3798 1316 3838 cum
1347 3782 1489 3835 brevi
1518 3781 1884 3837 auctoritatem
1917 3782 2111 3836 veteris
2137 3791 2493 3854 occupasset,
2543 3793 2752 3839 constat
2781 3785 2894 3854 jam
2944 3786 3066 3842 inde
3109 3805 3137 3842 a
3178 3792 3366 3858 quinto
3403 3795 3602 3850 seculo

353 3874 625 3946 amplexos
671 3889 788 3929 esse
815 3873 1122 3928 Salvianum
1170 3871 1549 3926 Massiliensem
1576 3911 1589 3935 ,
1618 3870 1944 3925 Eucherium
1970 3871 2388 3941 Lugdunensem
2406 3915 2421 3937 ,
2451 3873 2680 3928 Leonem
2714 3874 3007 3930 Romanum
3049 3877 3354 3935 Pontilieetn
3379 3923 3395 3946 ,
3438 3893 3604 3954 atque

357 3970 510 4022 alios.
544 3966 833 4036 Gregorius
862 3971 1215 4033 cognomento
1243 3960 1459 4031 Magnus
1482 4001 1497 4025 ,
1530 3960 1618 4029 qui
1651 3975 1838 4013 novam
1857 4002 1871 4026 ,
1901 3977 2057 4029 quam
2081 3972 2266 4028 vocat,
2313 3965 2552 4019 scribens
2582 3965 2632 4018 in
2656 3965 2843 4019 librutn
2869 3965 2969 4020 Job
2992 3969 3256 4036 sequitur,
3280 3971 3508 4041 epistola
3534 3977 3603 4033 ad

356 4059 650 4116 Leandrum
675 4065 949 4126 utramque
975 4054 1028 4108 in
1053 4051 1287 4107 Ecclesia
1319 4050 1553 4105 Romana
1581 4057 1707 4103 tunc
1737 4050 1991 4118 temporis
2021 4050 2120 4121 legi
2153 4051 2359 4104 solitam
2405 4053 2583 4106 tradit.
2616 4053 2721 4109 Sed
2751 4070 2853 4109 non
2894 4058 3060 4111 multo
3088 4068 3206 4127 post
3232 4074 3365 4115 nova
3407 4063 3603 4134 ubique

354 4150 587 4217 gentium
630 4143 891 4210 obtinuit,
932 4151 1072 4199 teste
1101 4141 1338 4209 Isidoro,
1367 4140 1457 4211 qui
1505 4154 1609 4195 non
1653 4140 1809 4209 longe
1854 4139 1920 4193 ab
1947 4139 2096 4193 initio
2142 4141 2351 4209 septimi
2377 4144 2558 4197 saeculi
2584 4143 2635 4196 in
2662 4145 2794 4199 libro
2820 4147 2995 4215 primo
3035 4147 3102 4201 de
3138 4148 3335 4205 Divinis
3360 4151 3602 4220 Ofﬁciis,

355 4260 471 4314 cap.
503 4244 589 4310 12,
614 4242 692 4297 sic
716 4242 875 4297 habet
900 4257 913 4293 :
944 4238 1023 4293 De
1043 4237 1236 4293 heber
1263 4245 1432 4289 autem
1470 4236 1524 4288 in
1552 4235 1764 4288 latinum
1785 4231 2127 4286 tantummodo
2152 4230 2489 4305 Hieronymus
2513 4237 2769 4308 presbyter
2788 4255 2961 4293 sacras
2997 4239 3293 4309 Scaipturas
3326 4251 3562 4302 convertit
3584 4289 3602 4314 ,

355 4337 499 4405 cujus
524 4334 736 4387 editione
754 4330 1050 4402 generaliter
1076 4343 1245 4381 omnes
1266 4324 1509 4378 Ecclesia
1530 4338 1879 4395 usquequaque
1907 4330 2139 4376 utuntur.

432 4424 599 4479 Porro
633 4423 778 4476 hisce
801 4417 1116 4474 testimoniis
1145 4413 1459 4469 Psalterium
1486 4413 1953 4483 llieronymianum
1975 4427 2040 4466 ex
2063 4412 2295 4480 hebrazo,
2323 4415 2462 4484 quod
2494 4430 2663 4485 neque
2688 4417 2740 4471 in
2762 4417 3178 4490 ﬂypognostico.
3202 4438 3377 4495 neque
3397 4427 3455 4481 in
3484 4430 3608 4486 alii;

361 4525 599 4569 veterum
632 4508 1081 4566 lucubrationibus
1114 4505 1394 4576 reperitur,
1434 4503 1653 4560 minime
1679 4502 2074 4572 intelligendum
2104 4512 2187 4559 est
2219 4513 2319 4559 :.at
2345 4506 2679 4565 solummodo
2710 4509 2825 4563 alia;
2852 4512 3051 4581 antiqui
3080 4511 3297 4571 fmderis
3324 4521 3608 4590 mcipum

361 4617 555 4677 partes.
582 4602 940 4658 Nihilominus
969 4608 1144 4652 tamen
1182 4611 1302 4650 cum
1342 4594 1631 4659 Psalterio,
1679 4593 1730 4647 in
1759 4593 1902 4662 quod
1928 4595 2337 4649 commentarios
2373 4595 2922 4667 edidiLAugustinus,
2953 4618 3062 4656 suae
3087 4607 3324 4676 .prOprjm
3355 4609 3609 4669 lectiones

359 4700 497 4762 sint,
529 4704 689 4764 atque
722 4690 791 4748 ah
827 4689 1051 4745 aliorum
1083 4680 1225 4741 haud
1255 4682 1595 4739 mediocriter
1635 4681 2019 4751 discrepantes,
2064 4680 2190 4739 illud
2217 4699 2428 4754 quoque
2456 4685 2584 4740 satis
2628 4687 2827 4742 utiliter
2859 4690 2910 4743 in
2952 4692 3197 4748 examine
3231 4706 3414 4752 nostro
3450 4700 3608 4755 adhi-

361 4793 591 4847 bnimus.

428 4880 563 4936 Cum
593 4879 644 4932 in
673 4874 979 4947 praefatione
1007 4870 1135 4925 tomi
1163 4869 1335 4939 quarti
1362 4867 1430 4923 de
1460 4865 1807 4922 translatione
1833 4878 1989 4935 quam
2019 4872 2231 4921 secutus
2257 4874 2375 4920 erat
2398 4866 2754 4936 Augustinus,
2794 4882 2824 4921 a
2853 4869 3006 4924 nobis
3030 4883 3277 4942 ageretur
3292 4878 3427 4947 .(qua
3455 4885 3523 4934 de
3555 4899 3611 4941 re

365 4975 414 5026 in
447 4969 760 5043 przelatione
786 4965 924 5020 tertii
946 5003 961 5028 ,
998 4963 1049 5016 in
1077 4960 1439 5017 admonitione
1464 4972 1624 5028 super
1649 4956 1927 5027 Augustini
1954 4955 2215 5025 Speculo,
2244 4965 2298 5010 et
2325 4955 2449 5010 alibi
2478 4956 2531 5011 in
2554 4972 2751 5027 genere
2768 4957 2879 5028 jam
2903 4958 3073 5016 fuerat
3099 4967 3336 5020 nonnihil
3362 4970 3618 5025 observa-

366 5074 473 5118 ttun
492 5065 533 5134 ),
562 5070 794 5117 mentem
822 5065 1057 5112 nostram
1087 5064 1467 5123 aperueramus
1488 5049 1555 5104 de
1580 5044 2120 5119 Vulgatze‘l’salterio,
2146 5046 2284 5117 quod
2312 5047 2522 5116 quidem
2552 5048 2704 5102 nobis
2730 5048 2856 5103 illud
2880 5052 3072 5120 ipsum,
3093 5054 3152 5110 in
3174 5071 3278 5124 quo
3298 5061 3611 5131 corrigendi

365 5157 716 5223 Hieronymus
746 5147 1033 5205 secundam
1060 5158 1242 5198 curam
1274 5149 1461 5210 rogatu
1478 5137 1666 5199 T’aula:
1691 5148 1847 5207 atque
1872 5135 2140 5193 Eustachii
2167 5145 2490 5205 susceperat,
2520 5151 2639 5190 esse
2667 5136 2958 5191 videbatur.
2989 5138 3174 5197 Utrum
3203 5145 3252 5198 in
3282 5161 3392 5200 rem
3420 5164 3607 5206 mirum

364 5247 453 5316 ιιιιξ
500 5243 787 5311 Scriptum
829 5235 1004 5290 studio
1042 5241 1237 5288 navant
1274 5246 1528 5300 operam,
1574 5228 1802 5316 futurum
1844 5226 1912 5281 sit
1953 5226 2255 5316 opinionem
2280 5234 2533 5316 noStram
2576 5229 2926 5296 confirmare,
2974 5246 3077 5285 non
3121 5233 3400 5290 deﬁnimus
3425 5251 3612 5296 :certe

368 5313 701 5389 conmittere
718 5338 831 5381 non
847 5332 1153 5394 possumus,
1184 5319 1312 5391 quin
1340 5318 1436 5372 viri
1455 5317 1519 5371 'iu
1544 5314 2016 5372 ‘litteris'humanis
2042 5322 2096 5369 et
2128 5313 2320 5368 divinis
2340 5315 2610 5369 exercitati
2632 5316 3017 5386 objectiouibus
3044 5320 3178 5376 haud
3208 5332 3612 5387 contemnendis

395 5425 768 5480 atistbeiamus.

395 5450 403 5458 .
580 5427 591 5437 ’
684 5433 720 5475 ιι
753 5463 768 5480 .

364 5427 749 5570 ωὲῒὲξέυέ
773 5520 1040 5584 umquam
1064 5503 1130 5559 'ln
1160 5498 1439 5572 ‘Psalteriis
1470 5500 1678 5556 calamo
1718 5498 1932 5569 scriptis
1955 5540 1971 5564 ,
2012 5514 2129 5569 qutc
2156 5502 2307 5555 nobis
2338 5502 2386 5555 in
2417 5480 2615 5559 manus
2639 5520 2832 5576 magno
2862 5524 3080 5564 numero
3106 5523 3362 5566 venerunt
3382 5554 3395 5576 ,
3429 5515 3528 5568 nisi
3554 5519 3607 5573 in

371 5603 627 5676 \nlgata,
658 5602 927 5671 liiet'onyn
948 5593 1053 5650 iuni
1081 5589 1319 5648 Psalterii
1346 5588 1605 5646 obeliscos
1629 5597 1786 5654 atque
1810 5588 2093 5643 asteriscos
2128 5589 2383 5655 inveniri,
2411 5601 2571 5662 atque
2595 5594 2727 5649 adeo
2752 5611 2913 5650 unum
2953 5597 3194 5667 idemque
3225 5601 3387 5656 videri
3414 5601 3617 5660 Psalte.
