4024 6202
380 350 447 403 l7
1870 341 2251 405 PRAZFATIO.
3570 358 3575 364 '
3601 347 3667 404 ιι

376 466 551 532 rium;
582 480 644 522 ac
670 480 799 523 eam
823 462 1125 520 remetiam
1148 459 1460 519 confirmari
1504 458 1849 530 inscriptione
1879 458 2031 513 unius
2076 472 2108 511 c
2136 455 2453 513 Colbertinis
2508 457 2880 529 inauuseriptis
2910 456 3000 514 ubi
3049 456 3243 519 dicitur
3268 464 3598 518 Wmm
3628 484 3662 519 α

374 568 551 612 amoto
590 555 906 627 Hieronymo
948 558 1002 610 in
1048 571 1197 611 nouo.

455 650 650 706 Verum
682 649 844 704 nobis
869 647 1219 703 occurriturl
1251 644 1567 701 Psalterium
1607 644 1670 700 in
1705 642 1788 698 bis
1821 643 2095 698 codicibus
2132 653 2404 700 exaratum
2445 642 2591 700 idem
2630 650 2790 713 atque
2829 642 3069 713 Vulgatue
3107 657 3439 715 nequaquam
3482 643 3667 703 itali-n1

384 758 575 815 pisse,
599 740 1036 812 quandoquidem
1066 741 1203 795 inter
1221 755 1283 796 se
1310 741 1592 810 plusquam
1617 747 1831 795 centum
1858 738 1988 795 locis
2013 738 2292 805 differunt,
2321 754 2383 794 ac
2410 754 2599 796 eorum
2617 756 2716 793 non
2744 754 2919 808 pauca:
2951 748 3281 795 numerantur
3316 738 3669 810 discrepantia:

388 852 499 906 qua
521 837 595 891 rel
621 850 866 907 magnam
906 834 1088 889 habent
1111 843 1450 896 momentum,
1476 832 1554 886 vel
1576 832 1905 901 scriptoribus
1933 833 2085 890 tribui
2126 850 2229 886 non
2258 844 2484 902 possunt.
2518 832 2665 887 [laute
2690 841 2891 889 tantum
2917 833 3228 888 varietatnm
3266 833 3665 899 multitudinem

386 928 599 981 minime
623 924 952 988 diflitemur;
985 940 1024 979 se
1046 923 1079 978 d
1108 924 1365 979 minorem
1407 938 1526 978 esse
1557 924 1864 993 nequivisse
1892 924 2281 979 contendimus.
2310 923 2567 994 Quisquis
2593 924 2647 980 in
2670 924 2976 981 evolvendis
3007 912 3384 993 manuscript’ui
3417 926 3503 982 vel
3544 942 3632 981 uta

379 1019 618 1074 diocrem
644 1018 885 1073 laborem
916 1015 1269 1087 impenderit,
1295 1016 1340 1073 is
1362 1017 1609 1087 ignorare
1636 1001 1969 1087 nequaquam
2013 1017 2213 1086 poterit
2244 1033 2363 1072 rara
2406 1017 2635 1073 inveniri
2664 1017 3024 1087 exemplaria,
3050 1016 3102 1072 in
3131 1007 3324 1088 quibus
3350 1019 3662 1089 [uigent-um

383 1125 643 1165 numerus
668 1108 986 1163 varietatum
1012 1109 1126 1163 sive
1157 1106 1416 1161 bonarum
1446 1108 1560 1162 sive
1585 1108 1844 1162 malarum
1867 1106 2329 1163 multitudinem
2351 1107 2625 1173 vincatur;
2649 1117 2709 1165 et.
2729 1108 2787 1163 ia
2811 1107 3115 1177 ltujttsmodi
3144 1108 3358 1178 scriptis
3384 1108 3664 1173 codicibus

376 1216 485 1252 non
516 1213 673 1254 secus
694 1214 760 1254 ac
784 1197 1107 1268 quandoque
1133 1197 1187 1251 in
1215 1196 1374 1253 editis
1390 1239 1405 1263 ,
1430 1198 1612 1268 gravia
1638 1196 1879 1266 qua-dam
1904 1211 2189 1253 occurrere
2208 1237 2224 1263 ,
2247 1212 2353 1253 nou
2387 1197 2553 1255 modo
2580 1213 2694 1268 quas
2721 1215 2754 1253 a
2780 1198 3003 1257 librariis
3021 1240 3038 1267 ,
3066 1208 3122 1254 ut
3147 1197 3458 1271 Hieronymi
3486 1200 3667 1257 verbis

375 1299 609 1356 utamur,
629 1290 1022 1344 dormitantibus
1058 1296 1145 1342 aut
1184 1288 1360 1342 addita
1396 1297 1514 1344 sunt
1549 1300 1635 1344 aut
1672 1297 1901 1355 mutata;
1939 1287 2035 1342 sed
2071 1288 2230 1343 etiam
2269 1306 2302 1343 a
2341 1290 2787 1359 prasamptoribtts
2811 1290 3059 1361 imperitis
3083 1290 3345 1344 emendata
3372 1291 3660 1360 perversius

380 1378 575 1452 (Epist.
610 1381 733 1445 £25,
769 1380 839 1434 ad
867 1379 1194 1452 Damasum).
1223 1379 1395 1434 Lucas
1423 1379 1709 1452 Brugeusis
1728 1380 1817 1450 qui
1843 1378 1955 1433 sola
1981 1379 2197 1450 collegit
2236 1379 2479 1435 Romana:
2510 1382 2833 1442 correctionis
2865 1382 2920 1437 in
2954 1379 3137 1435 Bibliis
3160 1380 3403 1437 editionis
3445 1382 3665 1453 vulgate

368 1473 533 1541 jussu
560 1471 695 1527 Sitti
727 1471 766 1525 γ
794 1472 1065 1543 recognitis
1089 1472 1202 1525 loca
1240 1471 1539 1543 insigniora,
1587 1471 1775 1527 lterum
1806 1472 2085 1542 plusquam
2111 1471 2340 1529 ducenta
2370 1474 2419 1528 iu
2451 1474 2569 1531 solo
2608 1474 2868 1531 Psalterio
2893 1475 3187 1538 annotavit.
3218 1473 3349 1542 Quis
3375 1490 3504 1541 vero
3533 1475 3655 1533 inde

370 1564 595 1634 colligat
617 1573 709 1619 aut
731 1564 1004 1619 codicibus
1032 1563 1099 1619 ad
1125 1578 1258 1634 quos
1285 1563 1417 1619 facta
1445 1573 1528 1620 est
1558 1579 1619 1619 ea
1646 1565 1905 1620 correctio
1926 1606 1942 1632 ,
1982 1563 2267 1637 Vulgatam
2296 1567 2516 1624 minime
2557 1568 2855 1635 contineri,
2897 1578 2990 1623 aut
3033 1567 3309 1638 Vulgatatn
3345 1566 3518 1639 ipsam
3543 1583 3661 1638 quae

371 1657 578 1711 nostris
605 1657 655 1710 in
685 1656 869 1710 Bibliis
896 1652 1057 1711 hodie
1079 1655 1475 1723 circumfertur,
1505 1666 1559 1711 et
1587 1656 1638 1711 in
1666 1673 1770 1726 qua
1812 1666 1887 1711 tot
1908 1657 2257 1713 observantur
2280 1657 2653 1724 diversitates,
2699 1675 2807 1731 non
2847 1659 3091 1723 eamdem
3120 1674 3240 1729 qum
3284 1667 3399 1717 erat
3439 1657 3660 1714 Coneilii

373 1748 676 1804 Tridentini
707 1758 943 1819 tempore
968 1748 1400 1804 existimandum.
1430 1749 1667 1820 Denique
1698 1748 1894 1804 laudati
1920 1765 1949 1804 a
1975 1749 2129 1805 nobis
2156 1751 2497 1819 manuscripti
2529 1766 2650 1807 eam
2685 1766 2807 1807 cum
2849 1751 3073 1821 Vulgata
3113 1752 3522 1807 consensionem
3556 1767 3663 1820 ple

372 1855 443 1895 se
467 1842 663 1907 iet-uin,
687 1857 789 1912 qua
818 1842 1080 1912 majorem
1108 1854 1198 1897 aut
1222 1840 1640 1913 frequentiorem
1667 1857 1772 1897 non
1804 1840 1960 1897 facile
1988 1842 2039 1897 in
2068 1841 2188 1897 aliis
2212 1844 2428 1913 aequalis
2450 1844 2622 1898 :etatis
2647 1844 3049 1914 exemplaribus
3071 1844 3311 1912 reperire
3331 1846 3422 1897 sit.

448 1933 614 1989 Nobis
641 1945 823 2003 postea
848 1936 1139 2005 opponitur
1162 1936 1456 1992 auctoritas
1480 1934 1776 1991 Tridentini
1819 1934 2072 2002 Concilii,
2116 1934 2259 2005 quod
2298 1935 2355 1990 in
2380 1934 2629 2010 sessione
2664 1951 2715 1990 tv
2741 1936 2997 1999 statuitut
3033 1935 3147 2006 ipsa
3186 1944 3321 1993 uetus
3348 1944 3396 1988 et
3433 1933 3657 2005 Vulgata

364 2026 550 2092 editio,
575 2043 689 2096 qua:
711 2027 864 2099 longo
890 2037 962 2082 tot
984 2027 1287 2082 stvculoruut
1308 2044 1405 2082 usu
1428 2029 1479 2082 in
1508 2029 1620 2096 ipsa
1647 2027 1874 2082 Ecclesia
1900 2027 2110 2099 probata
2135 2039 2300 2084 εει...
2336 2046 2428 2096 pro
2454 2030 2743 2086 authentico
2767 2030 3011 2089 habeatur
3038 2047 3057 2086 :
3081 2047 3187 2100 quo
3216 2032 3352 2094 loco,-
3379 2039 3438 2083 ut
3464 2044 3661 2097 suppo-

368 2120 537 2182 nitur,
570 2118 821 2189 Synodos
846 2119 1083 2190 Vulgatte
1113 2121 1329 2174 nomine
1355 2119 1539 2174 Italam
1566 2120 1836 2191 intelligit,
1865 2136 1987 2175 cum
2014 2135 2112 2174 uos
2132 2131 2316 2177 contra
2338 2120 2617 2189 Vulgatam
2637 2133 2889 2177 vocemus
2909 2121 2971 2177 ll.
2996 2120 3303 2192 Hieronymi
3331 2119 3659 2179 versionem:

364 2226 435 2266 ac
462 2212 684 2281 proinde
714 2221 894 2289 nostra
921 2214 1184 2269 sententia
1215 2213 1528 2269 Tridentino
1556 2213 1795 2269 Concilio
1832 2215 2008 2268 minus
2035 2214 2171 2269 bene
2204 2212 2478 2268 cohaerere
2506 2211 2733 2267 videtur.
2779 2210 2857 2264 Ad
2894 2211 3251 2280 suspicionem
3299 2210 3436 2269 [utne
3478 2209 3661 2277 procul

363 2301 722 2357 amovendum
748 2303 881 2357 satis
905 2303 1119 2373 quidem
1146 2312 1289 2359 essm
1318 2302 1642 2372 respondere
1663 2318 1768 2358 non
1796 2303 2097 2358 versionem
2121 2302 2362 2358 Psalterii
2386 2316 2579 2358 novam
2598 2316 2756 2371 quam
2777 2314 2841 2355 ex
2867 2300 3082 2355 ltebraro
3100 2300 3658 2369 ediditllicroaymus,

365 2409 398 2446 a
434 2393 591 2448 nobis
618 2393 857 2463 Vulgata:
887 2398 1101 2450 nomine
1119 2396 1472 2466 designatum,
1496 2394 1589 2449 sed
1617 2410 1735 2449 eam
1763 2396 1935 2461 solam
1956 2410 2116 2466 quam
2143 2394 2208 2448 ad
2232 2409 2437 2464 grzeeos
2465 2393 2680 2449 codices
2703 2393 3046 2458 emendavit,
3075 2409 3195 2461 qua:
3221 2401 3376 2447 antea
3404 2392 3461 2446 in
3486 2391 3658 2453 Italia,

368 2486 560 2540 saltem
602 2488 655 2539 in
683 2484 850 2551 Urbe,
880 2496 940 2540 ut
964 2503 1028 2541 ex
1061 2487 1223 2555 ipsius
1243 2486 1309 2541 ad
1333 2486 1549 2541 Paulam
1578 2496 1631 2542 et
1660 2486 2005 2543 Eustochium
2034 2486 2254 2556 epistola
2283 2485 2554 2551 discimus,
2603 2486 2656 2539 in
2687 2500 2782 2541 usu
2817 2495 2951 2542 erat.
2982 2485 3177 2540 Verum
3198 2483 3409 2541 aliunde
3439 2482 3663 2541 manife—

377 2589 522 2631 stum
554 2586 689 2632 csta
729 2578 968 2633 Concilio
994 2579 1125 2632 nihil
1151 2579 1290 2632 aliud
1323 2594 1414 2648 per
1441 2578 1718 2648 Vulgatam
1760 2579 1983 2650 intelligi
2030 2578 2351 2644 versionem,
2394 2577 2495 2632 nisi
2534 2593 2650 2632 eam
2696 2594 2815 2648 qua:
2858 2578 2961 2648 legi
3003 2577 3284 2633 consuevit
3326 2577 3379 2632 in
3421 2575 3662 2635 Ecclesia

369 2670 632 2725 catholica
662 2689 675 2724 :
702 2671 857 2738 cujus
884 2672 1092 2724 tametsi
1124 2671 1379 2740 plurimas
1421 2679 1601 2740 partes
1630 2670 1986 2742 Hieronymus
2011 2669 2339 2724 transtulerit
2367 2684 2433 2724 ex
2459 2669 2675 2725 ltebraro
2707 2668 3184 2741 (quemadmodum
3215 2668 3333 2727 sola
3360 2667 3654 2724 testimoni:

372 2779 441 2817 ex
475 2763 574 2816 hac
607 2763 719 2832 ipsa
749 2762 818 2816 ab
839 2763 1156 2833 Augustino,
1200 2763 1334 2817 libro
1360 2764 1393 2818 4
1413 2764 1479 2819 de
1511 2762 1758 2818 Doctrina
1787 2761 2108 2827 Christiana,
2140 2776 2259 2831 cap.
2290 2762 2342 2827 7,
2371 2760 2498 2815 item
2525 2761 2659 2818 libro
2688 2761 2723 2817 5
2752 2769 2807 2816 et
2831 2760 2865 2815 ti
2892 2761 3119 2827 Qumst.,
3148 2769 3205 2816 et
3247 2759 3382 2815 libro
3410 2759 3441 2817 7
3473 2757 3660 2815 Ltu'tu.

373 2853 432 2907 in
462 2853 887 2923 lli-plateitclium
916 2855 1075 2922 petita
1107 2855 1317 2909 abunde
1344 2853 1610 2926 probant),
1642 2870 1705 2909 ea
1734 2863 1909 2909 tamen
1938 2853 2160 2910 Coueilii
2190 2863 2461 2922 tempore,
2502 2868 2608 2922 quo
2631 2853 2743 2923 jam
2776 2852 3050 2922 plusquam
3079 2851 3223 2927 mille
3251 2859 3304 2905 et
3333 2860 3547 2905 centum
3572 2864 3666 2911 au-

370 2965 472 3001 itas
501 2951 841 3015 enumerabat,
872 2951 1214 3020 optimojure
1241 2951 1453 3020 antiqua
1473 2951 1575 3004 diei
1603 2959 1837 3020 poterat;
1867 2949 2087 3019 perinde
2127 2958 2285 3017 atque
2316 2947 2499 3003 lsidori
2524 2947 2854 3016 llispalensis
2881 2954 3039 2999 aetate
3061 2944 3173 3015 jam
3211 2944 3441 3013 Vulgata:
3473 2956 3663 3011 nornen

368 3051 489 3094 erat
516 3043 744 3112 adepta,
781 3059 901 3099 cum
938 3061 1001 3099 ea
1032 3046 1248 3099 editione
1278 3061 1451 3103 omnes
1499 3042 1744 3099 Ecclesia:
1781 3060 2134 3116 usquequaque
2172 3042 2457 3105 utebantur.
2489 3041 2753 3104 Catterunt
2790 3058 2892 3099 non
2925 3044 3041 3103 sine
3068 3042 3215 3113 gravi
3254 3040 3666 3099 Itallucinatioue

369 3131 622 3186 crederet
649 3135 910 3203 quispiam
935 3135 1076 3189 idem
1102 3136 1151 3188 in
1175 3135 1481 3189 Tridentina
1509 3134 1725 3205 Synodo
1756 3145 1809 3191 et
1837 3136 1975 3204 apud
2007 3145 2214 3191 veteres
2237 3151 2330 3204 per
2350 3133 2583 3205 Vulgata:
2610 3151 2791 3191 vocem
2815 3135 3125 3203 signiﬁcari.
3154 3134 3207 3188 In
3235 3134 3450 3205 Syuodo
3476 3149 3539 3185 ea
3567 3149 3662 3184 vox

370 3224 638 3292 integram
671 3227 949 3295 utriusque
976 3226 1192 3282 foederis
1222 3228 1549 3294 Scriptorum
1591 3226 1750 3281 latine
1790 3226 2051 3281 redditam
2098 3235 2150 3280 ct
2186 3226 2381 3280 nostris
2424 3233 2728 3281 contentam
2771 3227 2821 3280 in
2859 3225 3044 3280 Bildiis
3079 3225 3297 3280 denotat
3330 3243 3343 3278 :
3375 3240 3494 3279 eum
3526 3224 3662 3291 apol

382 3315 789 3387 Hieronymum,
817 3317 1044 3388 cpistola
1071 3318 1195 3382 155,
1234 3318 1299 3370 ad
1326 3317 1581 3371 Sunniam
1602 3326 1654 3370 et
1683 3315 1945 3371 Ft‘ctrlunt
1974 3317 2188 3383 scripta,
2213 3331 2439 3386 graecam
2464 3315 2746 3386 quamdam
2780 3316 2987 3372 Veteris
3013 3316 3336 3371 Testamcnti
3366 3314 3662 3370 versionem

371 3404 582 3472 signet;
615 3407 839 3474 epistola
865 3422 992 3461 vero
1022 3407 1142 3472 lOI,
1172 3407 1237 3460 ad
1271 3406 1689 3469 Pammachium,
1724 3406 2022 3461 vct‘simtettt
2053 3408 2124 3461 ita
2152 3418 2413 3474 vocatam,
2440 3422 2558 3462 cum
2586 3422 2648 3461 ea
2679 3415 2874 3462 nostra:
2894 3418 3272 3478 opponeretur.

446 3498 713 3564 Quantum
741 3501 807 3555 ad
830 3501 1190 3569 conjecturam
1224 3500 1410 3555 eodem
1437 3501 1556 3554 loco
1583 3515 1612 3553 a
1641 3499 1793 3555 nobis
1822 3500 2171 3570 prepositam,
2204 3500 2321 3570 ejus
2346 3500 2464 3555 dote
2488 3508 2613 3555 sunt
2638 3509 2818 3570 partes
2843 3486 2856 3555 ὲ
2883 3502 3071 3567 altera,
3100 3500 3374 3570 Vulgatam
3400 3508 3661 3561 nostram,

298 3587 303 3591 ’
372 3606 535 3658 quant
563 3608 593 3644 a
628 3592 884 3646 Psaltcrio
926 3608 1020 3661 per
1050 3593 1432 3662 Hieronymum
1463 3600 1704 3647 correcta
1735 3593 1952 3645 minime
1980 3591 2246 3647 diversam
2275 3608 2394 3647 esse
2422 3592 2862 3662 probaveramus,
2894 3595 3116 3660 poluisse
3161 3593 3222 3645 ab
3271 3592 3404 3660 ipso,
3449 3590 3664 3658 epistola

380 3683 506 3748 £55,
532 3683 931 3739 dicioersionem
957 3683 1298 3754 ex'Hexaplis
1326 3701 1359 3737 a
1387 3700 1439 3738 se
1467 3685 1687 3745 editam,
1727 3684 1859 3752 quod
1899 3684 2041 3736 illam
2080 3682 2258 3737 iisdem
2297 3683 2667 3751 exetupluribus
2708 3683 3094 3737 consentientem
3145 3680 3416 3749 elfccissct;
3452 3681 3663 3752 epistola

372 3788 490 3827 vero
521 3773 705 3845 Paula:
727 3784 774 3829 et
801 3774 1081 3829 Eustochio
1106 3776 1294 3845 scripta
1323 3776 1596 3829 versionem
1623 3773 1968 3827 tantummodo
2002 3781 2275 3826 correctam
2295 3812 2308 3837 ,
2339 3771 2475 3839 quod
2501 3772 2721 3840 antiqua:
2757 3771 2904 3825 verba
2927 3812 2945 3837 ,
2975 3782 3220 3841 quantum
3249 3773 3301 3826 in
3329 3772 3441 3842 ipso
3468 3776 3657 3842 fuerat.

373 3863 657 3917 retinuisset
682 3879 701 3917 :
724 3864 914 3930 altera,
943 3865 1078 3919 forte
1104 3865 1388 3934 contigisse
1416 3873 1470 3918 ut
1499 3863 1673 3917 eadem
1698 3865 1810 3933 ipsa
1834 3863 1994 3916 vet-sio
2014 3903 2028 3927 ,
2060 3862 2209 3932 cujus
2235 3863 2356 3917 certi
2387 3861 2481 3916 loci
2510 3862 2725 3917 Sunnia:
2747 3873 2792 3919 et
2818 3862 3037 3923 Fretela:
3060 3867 3313 3938 negotium
3332 3863 3659 3934 facessebattl,

373 3969 437 4007 ex
462 3953 759 4019 Germania,
783 3955 868 4009 ubi
888 3955 1129 4024 degebant
1159 3956 1316 4011 iidem
1339 3956 1435 4010 viri
1464 3955 1630 4027 (viros
1656 3956 1795 4008 enim
1821 3953 2075 4009 Szinuiam
2100 3970 2163 4009 ac
2193 3954 2457 4009 Frctelam
2488 3955 2743 4021 dicimus,
2774 3955 2913 4026 quod
2945 3956 3249 4029 Hieronymi
3292 3958 3359 4012 ad
3391 3958 3511 4012 illos
3548 3955 3661 4025 cpi-

372 4048 510 4101 stola
543 4049 594 4102 in
624 4049 812 4104 codice
834 4045 1143 4105 Colbertino
1177 4058 1233 4105 et
1267 4051 1319 4104 in
1361 4049 1711 4106 Germanensi
1761 4048 2083 4104 inscribatur
2130 4047 2479 4109 Dilectissimis
2522 4048 2843 4118 [rqtrilms,)
2879 4048 2994 4117 jam
3036 4048 3099 4102 ab
3149 4050 3227 4103 Itis
3270 4050 3574 4119 temporibus
3609 4051 3661 4102 in

378 4136 576 4193 Gallias
605 4143 901 4208 pervenerit.
935 4139 1225 4210 Utramque
1255 4140 1392 4194 lianc
1423 4150 1624 4210 partem
1658 4147 1813 4209 negat
1845 4138 1936 4192 Vir
1959 4139 2219 4203 eruditus,
2262 4152 2370 4193 non
2396 4138 2503 4193 alio
2528 4137 2721 4205 ductus
2747 4146 3095 4209 argumento,
3119 4155 3278 4210 quam
3304 4140 3426 4211 quia
3458 4138 3661 4194 Psalte-

378 4233 509 4286 rium
535 4231 793 4287 Gallicum
823 4233 983 4304 (quod
1013 4233 1154 4288 idem
1185 4234 1337 4288 nobis
1363 4241 1447 4288 est
1463 4243 1624 4303 atque
1651 4230 1930 4303 Vulgatum
1956 4233 2008 4287 in
2035 4231 2308 4287 codicibus
2334 4241 2488 4287 antea
2512 4231 2737 4295 laudatis
2756 4233 3226 4307 comprehensum)
3245 4236 3308 4289 ab
3329 4235 3420 4289 illa
3440 4236 3663 4290 versione

372 4340 692 4394 muuopere
714 4326 981 4381 discordet.
1013 4325 1222 4381 Sufﬁcit
1247 4335 1307 4381 ut
1333 4326 1381 4381 ei
1418 4325 1674 4395 majorem
1704 4326 1849 4380 omni
1876 4325 2187 4394 exceptione
2220 4333 2415 4381 testem
2448 4324 2789 4382 llinemarum
2823 4325 3198 4398 producamus,
3228 4327 3317 4397 qui
3347 4327 3570 4399 epistola
3596 4327 3662 4383 ad

377 4416 708 4473 Ludovicum
728 4417 1031 4474 Germania
1057 4433 1237 4488 regem
1257 4460 1275 4485 ,
1322 4434 1427 4474 non
1476 4417 1636 4477 modo
1660 4418 1899 4489 Vulgatae
1923 4427 2119 4475 nostra:
2147 4433 2267 4473 eam
2286 4434 2405 4488 qum
2434 4419 2502 4474 ab
2530 4420 2857 4492 Hieronymo
2870 4422 3149 4475 communis
3167 4431 3214 4475 et
3230 4420 3434 4493 vulgata
3447 4420 3665 4487 dicitur,

372 4513 628 4583 opponit;
657 4513 752 4569 sed
780 4515 939 4570 etiam
969 4515 1162 4570 asserit
1188 4513 1328 4584 apud
1358 4513 1541 4570 Gallos
1565 4527 1662 4567 suo
1699 4522 1938 4582 tempore
1976 4528 2093 4569 eam
2125 4516 2460 4594 versionem,
2504 4529 2665 4585 quam
2696 4514 2839 4572 idem
2867 4515 2961 4573 ille
3001 4516 3196 4571 Doctor
3225 4515 3295 4570 ad
3334 4515 3588 4570 Sanniam
3612 4526 3664 4568 et

378 4604 636 4660 Freth
657 4606 880 4663 uuam.
900 4607 1150 4677 exposuit,
1183 4607 1235 4663 in
1258 4622 1358 4663 usu
1385 4606 1570 4662 fuisse.
1601 4605 1934 4677 Quapropter
1956 4607 2007 4660 in
2040 4605 2089 4667 id
2113 4607 2507 4667 consentientes
2534 4623 2755 4667 necesse
2790 4617 2873 4664 est
2899 4595 3017 4665 illas
3041 4624 3253 4673 omnes,
3281 4624 3398 4679 qut:
3426 4610 3478 4663 in
3507 4608 3655 4665 Psal-

375 4697 523 4751 teriis
547 4698 750 4753 nostris
784 4699 990 4753 calamo
1031 4699 1261 4752 exaratis
1302 4707 1543 4762 exstant,
1578 4698 1960 4767 discrepantias
1986 4700 2061 4752 vel
2084 4715 2115 4750 η
2141 4698 2361 4754 librariis
2386 4742 2398 4765 ,
2432 4710 2489 4754 ut
2510 4714 2675 4770 supra
2713 4701 3022 4769 dicebatur,
3066 4701 3482 4767 dormitantibus,
3521 4702 3599 4757 uel
3629 4719 3661 4755 α

374 4792 824 4861 prcumptoribus
849 4792 1094 4863 imperitis
1119 4791 1571 4847 scaturiisse..llic
1596 4790 1848 4847 Vaiafridi
1891 4791 2171 4850 Strabonis
2204 4793 2439 4849 auctoris
2479 4793 2767 4850 llinemaro
2819 4796 3037 4864 aequalis
3076 4796 3250 4850 locum
3277 4837 3293 4860 ,
3343 4794 3428 4849 ubi
3474 4794 3658 4850 Gallos

369 4881 652 4936 modum
678 4883 1074 4937 mendatienem
1098 4900 1252 4955 quam
1292 4881 1631 4953 Hieronymus
1668 4882 1730 4935 de
1768 4882 2102 4954 Septuaginta
2141 4881 2481 4954 Interpretuut
2508 4886 2728 4941 editione
2753 4888 3066 4954 composuit,
3116 4886 3422 4943 Psalterium
3458 4896 3662 4941 cantare

373 4982 602 5030 testatur
628 4975 730 5049 (De
761 4977 887 5032 Ret.
920 4975 1211 5031 Ecclesiast.
1238 4990 1353 5047 cap.
1377 4975 1490 5044 25),
1518 4974 1763 5030 conferre
1787 4975 2200 5044 supersedemus
2227 4992 2241 5029 :
2268 4990 2367 5033 aee
2397 4977 2558 5031 etiam
2587 4986 2670 5033 eat
2695 4978 2906 5041 animus
2947 4991 3025 5035 tot
3062 4979 3206 5035 viros
3247 4978 3468 5045 dooms,
3515 4980 3657 5037 unde

368 5081 549 5123 causa:
575 5078 777 5125 nostrae
804 5084 910 5124 non
941 5069 1159 5124 minima
1189 5070 1341 5124 fieret
1367 5068 1695 5124 aueuiritatis
1719 5068 1990 5133 accessio,
2023 5082 2356 5135 memorare,
2405 5078 2584 5138 utputa
2625 5070 2883 5126 Jacobum
2925 5072 3154 5126 Faltrttttt
3204 5082 3258 5127 et
3306 5072 3520 5129 Petrum
3568 5074 3657 5127 Pi-

370 5158 614 5226 ttheam,
641 5160 835 5230 quibus
858 5161 1078 5217 omnino
1115 5173 1426 5231 persuasum
1456 5167 1570 5214 erat
1595 5157 1859 5215 Gallicum
1886 5159 2203 5217 Psalterium
2240 5175 2362 5221 esse
2387 5160 2515 5215 illud
2545 5161 2718 5229 ipsum
2761 5161 2904 5232 quod
2949 5163 3139 5241 iterum
3188 5165 3422 5219 correxit
3464 5164 3655 5221 Hiero-

370 5268 593 5325 nymus.
616 5253 757 5309 Nihil
787 5269 915 5310 vero
940 5270 1040 5311 nos
1060 5263 1240 5309 movet
1266 5255 1475 5325 Vulgata
1502 5253 1587 5308 illa
1612 5252 1915 5324 Hieronymi
1941 5253 2007 5308 ad
2033 5253 2318 5309 Damasum
2343 5253 2589 5323 epistola,
2618 5253 2770 5323 cujus
2814 5254 2915 5309 hoc
2941 5255 3143 5312 initium
3174 5266 3291 5313 est:
3321 5256 3442 5329 Legi
3468 5258 3660 5313 (itm-as

373 5345 814 5416 Apostolatusttti,
844 5355 1099 5418 poscentes
1127 5354 1183 5399 ut
1209 5345 1481 5400 secundum
1504 5342 1877 5410 simplicitatem
1898 5343 2238 5415 Septuaginta
2271 5343 2610 5414 luterpretunt
2632 5362 2816 5402 canens
2843 5346 3302 5420 Psalmograpltum
3330 5351 3658 5418 interpretor.~

370 5440 622 5507 ίεεήιιαι,
648 5456 808 5511 qitam
832 5441 967 5495 alius
992 5440 1061 5495 de
1090 5440 1350 5495 Psalterio
1368 5439 1611 5495 Romano
1641 5437 1905 5509 intelligit,
1934 5438 2071 5495 alius
2098 5438 2165 5495 de
2193 5438 2467 5495 Gallicana
2496 5458 2508 5494 :
2540 5440 2677 5508 haec,
2705 5441 2938 5513 inqtunn,
2969 5444 3098 5499 nihil
3124 5458 3221 5498 nos
3249 5453 3445 5505 movet,
3467 5453 3653 5514 utpote

367 5547 492 5602 qua:
510 5532 797 5589 falsitatem
827 5546 977 5589 suam
1005 5542 1191 5604 aperte
1218 5532 1427 5602 prodat.

438 5623 559 5681 Jan
588 5624 656 5680 ad
680 5635 1051 5695 argumentum
1081 5634 1434 5680 revertamur.
1462 5623 1628 5680 Nobis
1648 5622 1809 5680 etiam
1834 5637 2013 5693 operm
2037 5624 2266 5692 pretium
2292 5637 2417 5679 esse
2443 5624 2612 5679 visum
2638 5633 2719 5680 est
2746 5624 2984 5681 studiose
3013 5625 3332 5683 Sermonum
3354 5629 3650 5685 doctrinam

369 5720 699 5787 esaminare,
731 5731 906 5778 utrum
935 5721 1138 5779 scilicet
1164 5736 1285 5778 cum
1316 5716 1697 5792 Augustiniana
1723 5718 1835 5776 sive
1859 5716 1909 5773 iu
1941 5716 2063 5776 ﬁdei
2088 5731 2148 5774 ac
2177 5734 2381 5772 llltll'lllll
2406 5712 2763 5786 dogmatibus,
2796 5725 2911 5783 sive
2936 5722 2988 5779 in
3018 5719 3299 5795 Scriptum
3322 5716 3652 5793 expositione
