4024 6202
342 339 408 393 19
1783 344 1931 401 ΡΙιᾸΞ

2020 346 2169 402 ιΤΙυ.
3541 347 3609 398 9.0

338 467 400 505 ac
429 467 524 507 usu
549 467 866 525 congrueret
911 476 924 513 :
965 459 1264 514 observatis
1310 467 1486 514 tamen
1532 461 1594 514 iis
1635 463 1918 531 capitibus,
1949 462 2223 530 inquibus
2264 473 2352 518 aut
2381 473 2718 531 sententiam,
2765 477 2854 520 aut
2882 465 3130 537 loquendi
3163 470 3442 534 rationem,
3472 469 3610 523 sicut

338 544 564 599 aliorum
589 547 703 616 ejus
733 564 952 618 operum
985 551 1170 619 probat
1199 553 1524 618 retractatio,
1555 553 1794 606 mutavit.
1827 552 2184 620 Quamobrem
2207 554 2395 608 Sermo
2431 555 2557 622 259,
2589 558 2732 610 verbi
2758 560 2946 626 gratia,
2979 559 3101 611 licet
3129 558 3180 620 in
3210 574 3276 611 eo
3305 572 3611 617 sanctorum

341 646 459 702 post
486 642 928 694 resurrectionem
950 641 1001 694 in
1027 650 1164 696 terra
1183 641 1539 698 sabbatismus
1567 658 1631 698 ac
1654 659 1871 713 regnum
1893 643 2172 709 doceatur,
2199 660 2304 699 non
2330 655 2504 700 tamen
2528 663 2594 700 ex
2614 647 2736 701 albo
2758 649 3262 718 Augustiniauorunt
3289 651 3382 702 fuit
3409 665 3615 719 expun-

337 732 574 800 gendus;
605 735 815 803 quando
838 736 932 790 Vir
958 745 1173 791 sanctos
1200 737 1335 792 libro
1357 736 1427 792 9.0
1463 738 1531 793 dc
1555 738 1782 793 Civitate
1809 738 1922 804 Dei,
1953 753 2073 806 cap.
2101 739 2154 802 7,
2189 739 2239 792 in
2261 755 2324 794 ea
2363 755 2423 792 se
2451 739 2612 794 fuisse
2635 741 2921 811 aliquando
2943 740 3202 795 sententia
3237 741 3450 794 fatetur.
3478 741 3614 798 Alibi

337 823 555 881 forsitan
581 827 793 896 quidam
819 828 1117 898 hujusmodi
1140 831 1288 885 locus
1314 831 1481 900 possit
1499 846 1799 898 occurram,
1822 845 1980 902 quem
2001 833 2326 902 Augustinus
2346 833 2461 902 ipse
2484 844 2813 898 aunotasset,
2840 835 2938 888 nisi
2956 845 3127 890 morte
3145 835 3272 890 dum
3291 834 3615 896 Sermomtm

333 933 552 974 suorum
583 923 1010 996 retractationem
1034 924 1378 980 meditaretur
1397 935 1536 982 esset
1567 935 1874 996 occupatus.
2039 911 2052 988 ξ

405 1013 679 1070 Accedunt
703 1013 784 1068 his
811 1023 1069 1085 tempora,
1093 1016 1229 1082 loca,
1261 1031 1524 1088 personze,
1555 1020 1786 1090 negotia,
1819 1021 1974 1089 facta,
1998 1037 2232 1089 errores,
2263 1025 2472 1092 aliaque
2493 1026 2706 1092 similia,
2730 1027 2797 1081 de
2827 1027 3017 1096 quibus
3048 1029 3098 1082 iu
3127 1029 3464 1084 sermonibus
3499 1031 3607 1084 ἀίει

337 1109 566 1167 putatur,
604 1104 742 1157 unde
775 1105 998 1173 plurima
1023 1106 1089 1162 ad
1113 1108 1445 1162 statuendam
1467 1110 1686 1165 criticen
1709 1123 2024 1181 argumenta
2052 1114 2504 1184 deprompsimus.

409 1195 522 1248 Alia
553 1195 706 1250 nobis
746 1197 970 1252 Possidii
1012 1200 1368 1269 suppeditavit
1407 1201 1694 1268 lndiculus,
1722 1219 1829 1258 non
1873 1207 2013 1275 quod
2043 1221 2321 1262 sermones
2348 1222 2555 1273 omnes,
2584 1224 2808 1279 quorum
2843 1211 3215 1280 inscriptiones
3245 1213 3314 1266 ibi
3345 1213 3611 1283 leguntur,

340 1288 637 1355 Augustino
665 1290 1024 1356 putaverimus
1051 1292 1436 1356 attribuendos,
1471 1296 1622 1364 quasi
1649 1309 1754 1350 non
1795 1307 1976 1367 posset
1998 1314 2030 1353 a
2069 1299 2256 1354 multis
2281 1301 2744 1358 concinnatoribus
2770 1304 2955 1358 eadem
2988 1305 3208 1360 materia
3239 1308 3486 1366 tractari;
3517 1308 3607 1360 sed

336 1389 392 1431 ut
423 1379 470 1433 ei
500 1395 603 1432 non
632 1378 700 1432 ita
728 1379 880 1436 facile
901 1397 1175 1439 sermones
1203 1384 1310 1440 illic
1335 1387 1553 1443 minime
1575 1387 1878 1460 designatos
1902 1391 2355 1448 adscriberemus.
2385 1394 2515 1448 lluic
2538 1395 2769 1450 indieulo
2791 1398 3022 1466 priscum
3049 1398 3480 1469 Carthaginiensis
3513 1401 3608 1455 Ec-

333 1470 513 1524 clesia:
549 1471 944 1541 Calendarium,
974 1476 1116 1545 quod
1145 1477 1326 1547 paucis
1351 1478 1545 1536 abhinc
1574 1482 1848 1538 mensibus
1874 1485 1927 1538 in
1955 1493 2099 1538 tomo
2123 1486 2158 1540 5
2179 1485 2554 1540 Analccmrum
2579 1486 2780 1541 editum
2812 1489 2926 1553 fuit,
2949 1489 3298 1560 adjungeutes
3336 1491 3513 1546 minus
3543 1492 3609 1545 ti-

337 1565 477 1620 mide
503 1569 744 1622 ceusoria
776 1580 898 1626 nota
925 1573 1243 1628 confiximus
1270 1576 1559 1630 conciones
1599 1577 1856 1646 quasdam
1884 1578 1935 1632 in
1978 1587 2156 1634 certas
2181 1579 2577 1642 solemnitates,
2603 1595 2825 1649 quarum
2867 1581 2917 1635 iu
2950 1591 3141 1636 neutro
3167 1584 3491 1638 mentionem
3523 1599 3608 1637 re-

334 1657 526 1722 perias.
572 1658 727 1714 Tales
753 1671 877 1715 sunt
905 1661 1255 1732 Litauiarum,
1286 1665 1400 1720 sive
1432 1665 1808 1736 Rogationum,
1848 1667 2227 1724 Conversionis
2265 1669 2322 1724 S.
2357 1670 2537 1737 Pauli,
2569 1669 2848 1727 Cathedra:
2873 1672 2931 1728 S.
2973 1673 3138 1741 Petri,
3172 1675 3603 1729 Amnmtiationis

336 1747 640 1815 Dominicze,
675 1752 1068 1823 Assumptiouis
1095 1754 1154 1809 Β.
1181 1755 1384 1820 Marite,
1417 1772 1480 1812 ac
1504 1759 1728 1813 similes.
2646 1781 2648 1784 '

404 1839 626 1912 Insuper
652 1844 806 1900 Beda:
829 1860 894 1901 ac
929 1845 1092 1913 Flori,
1119 1863 1344 1918 quorum
1379 1851 1683 1905 testimo::ia
1711 1851 1779 1906 ad
1807 1852 2193 1908 conciliandam
2222 1855 2366 1909 veris
2392 1854 2667 1925 Augustini
2693 1855 2944 1925 operibus
2979 1856 3346 1911 auctoritatem
3385 1857 3604 1913 multum

333 1931 514 1985 valere
553 1947 659 1988 non
685 1943 802 1991 erat
825 1935 1059 2006 ignotum
1081 1980 1096 2003 ,
1125 1939 1469 1996 collectiones
1493 1941 1544 1996 in
1577 1941 1796 1996 Paulum
1829 1953 2074 1999 accurate
2101 1960 2221 1999 cum
2252 1944 2604 2002 Sermonibus
2631 1947 2972 2002 contulimus.
3003 1947 3162 2018 Atqui
3195 1963 3289 2017 per
3329 1949 3604 2003 collectio-

336 2037 455 2074 nent
485 2021 642 2078 Beda:
679 2026 1000 2082 intellectam
1027 2030 1270 2086 volumus
1298 2047 1416 2086 eam
1436 2073 1451 2097 ,
1495 2049 1613 2104 qua:
1639 2034 1754 2088 sine
1793 2037 2154 2092 controversia
2185 2037 2350 2106 ipsius
2379 2047 2480 2102 est,
2511 2053 2683 2109 neque
2712 2053 2938 2109 usquam
2966 2041 3093 2096 alibi
3129 2056 3286 2109 qttam
3316 2041 3368 2094 in
3395 2042 3605 2110 Scriptis

332 2110 627 2203 codicibus,
661 2114 749 2170 ubi
779 2117 895 2186 ejus
925 2119 1230 2175 inscribitur
1249 2122 1483 2189 nomine,
1511 2123 1794 2178 invenitur.
1823 2126 1938 2179 Alia
1967 2127 2249 2196 siquidem,
2276 2143 2433 2198 quam
2466 2130 2606 2184 inter
2628 2129 2866 2199 ejusdem
2897 2146 3058 2201 opera
3077 2132 3270 2187 editam
3318 2133 3416 2202 ipsi
3451 2133 3606 2203 vulgo

332 2201 661 2274 adjudicant,
684 2206 824 2262 Flori
844 2208 1054 2279 diaconi
1086 2211 1456 2282 Lugdunensis
1480 2229 1601 2270 esse
1619 2215 1670 2269 in
1697 2226 1841 2271 tomo
1869 2219 2242 2274 Analectorum
2275 2222 2447 2291 primo
2472 2223 2892 2280 demonstratur.

405 2294 544 2390 Quid
566 2297 730 2353 refert
757 2299 858 2356 hoc
879 2301 997 2357 loco
1022 2303 1330 2360 innumeros
1357 2308 1748 2376 manuscriptos
1769 2323 1905 2378 quos
1930 2312 2295 2367 consuluimus
2322 2315 2640 2371 recensere?
2667 2316 2866 2370 Horum
2894 2319 3128 2375 subsidio
3156 2319 3409 2390 quosdam
3436 2320 3603 2386 locos,

331 2386 524 2454 quibus
551 2391 776 2458 permoti
804 2393 1040 2448 nonnulli
1069 2395 1386 2451 Criticorum
1412 2398 1761 2468 Augustinum
1785 2400 1853 2456 de
1881 2402 2217 2470 possessione
2237 2403 2556 2460 Semnonum
2577 2407 2779 2478 aliquot
2803 2425 2927 2464 vere
2957 2386 3458 2480 Augustinianorum
3483 2427 3606 2466 exe-

333 2491 545 2549 gerant,
577 2483 632 2537 in
661 2487 879 2540 excusis
907 2497 1156 2560 corrupte
1179 2488 1281 2560 legi
1303 2489 1750 2560 deprehendimus
1779 2511 1793 2548 :
1825 2503 2009 2550 contra
2035 2511 2162 2551 vero
2183 2499 2534 2567 quorumdam
2559 2501 2805 2570 aliorum,
2836 2503 2925 2571 qui
2951 2501 3253 2559 ferebantur
3276 2503 3604 2574 ipsius..esse,

333 2574 596 2630 interdum
616 2586 860 2633 auctores
879 2579 1200 2636 detesimus.
3427 2613 3430 2615 λ

404 2664 588 2736 Neque
621 2682 750 2722 vero
791 2669 947 2726 nobis
971 2673 1100 2724 satis
1130 2673 1299 2726 visum
1340 2682 1422 2729 est
1446 2675 1724 2744 Augustini
1754 2677 1969 2733 codices
2009 2679 2257 2735 evolvere
2295 2682 2684 2751 manuscriptos
2718 2703 2732 2738 :
2763 2683 2856 2738 sed
2895 2693 3150 2752 prasterea
3177 2685 3348 2740 editas
3377 2685 3603 2739 aliorum

333 2757 548 2813 Patrum
584 2762 1065 2817 commentationes
1092 2764 1532 2820 examinavimus.
1578 2767 1776 2822 Eorum
1817 2768 2012 2838 quippe
2047 2771 2227 2826 stilum
2267 2781 2322 2827 et
2349 2787 2412 2828 ea
2436 2773 2575 2828 circa
2603 2789 2722 2844 qua:
2762 2785 3039 2830 versantur
3066 2786 3374 2846 argumenta
3405 2786 3608 2832 attente

331 2850 663 2906 considerata
707 2854 976 2922 oportuit,
1023 2863 1078 2908 ut
1123 2855 1337 2925 quinam
1379 2872 1657 2914 sermones
1699 2859 1827 2929 ipsis
1855 2860 2120 2916 tribuendi
2164 2874 2346 2918 essent
2384 2863 2856 2933 diguosceremus,
2899 2875 2954 2920 et
2995 2867 3212 2920 lacinias
3259 2867 3604 2937 investigare-

334 2957 488 3009 mus,
537 2959 604 2999 ex
647 2945 842 3015 quibus
889 2946 1173 3002 adnlteriui
1220 2957 1474 3003 tractatus
1520 2952 1977 3008 consarcinantur.
2032 2953 2173 3008 lnter
2219 2953 2316 3008 hos
2369 2955 2509 3009 enim
2561 2966 2686 3010 sunt
2737 2956 2827 3026 qui
2880 2972 2945 3012 ex
2997 2957 3260 3027 Origene,
3308 2957 3603 3028 Cypriane,

334 3037 650 3106 Ambrosio,
696 3039 958 3110 Maximo,
1006 3041 1220 3108 Leone,
1267 3041 1497 3112 Fausto,
1537 3042 1795 3116 Gregorio
1833 3045 2022 3117 Magno
2047 3087 2062 3112 ,
2108 3046 2374 3115 Alcuino,
2417 3047 2577 3103 lvoue
2619 3047 2970 3118 Carnuteusi,
3009 3058 3170 3120 atque
3193 3049 3311 3106 aliis
3339 3049 3604 3119 desumpti

407 3223 462 3278 ln
494 3223 826 3292 flomiliario,
857 3228 998 3298 quod
1029 3228 1282 3284 Rabauus
1306 3246 1336 3282 a
1362 3245 1422 3285 se
1459 3231 1830 3286 concinnatum
1873 3231 2131 3287 llaistolfo
2156 3232 2554 3302 archiepiscopo
2589 3233 2874 3288 destinavit
2893 3275 2908 3298 ,
2949 3248 3144 3289 novem
3175 3247 3470 3299 sermones,
3501 3233 3589 3302 qui

330 3328 512 3373 nostra
542 3320 592 3374 in
619 3320 912 3390 appendice
949 3323 1039 3390 98,
1073 3324 1194 3389 108,
1223 3323 1351 3390 222,
1389 3323 1515 3387 280,
1541 3324 1668 3393 290,
1703 3325 1829 3393 29f,
1859 3327 1985 3390 297,
2016 3326 2142 3388 502,
2171 3326 2278 3382 504
2315 3335 2680 3390 numerantur,
2716 3326 2934 3382 totidem
2981 3326 3158 3388 verbis
3189 3325 3510 3386 invenimus.
3541 3323 3598 3378 ld

326 3412 540 3482 quidem
565 3429 664 3468 suo
691 3415 809 3469 loco
829 3430 934 3470 non
961 3416 1330 3481 tacuisseuuts,
1364 3417 1466 3472 nisi
1489 3417 1691 3472 Rabani
1721 3433 1882 3489 opera
1906 3418 2172 3473 discutere
2198 3434 2296 3474 nos
2326 3419 2685 3488 pneteriisset.

398 3506 558 3560 Multo
581 3508 699 3577 plus
724 3523 867 3563 cura:
893 3509 1188 3564 adhibitum
1215 3510 1368 3565 estin
1393 3511 1748 3566 examinando
1769 3512 2028 3576 thsario;
2061 3513 2256 3581 quippe
2283 3511 2371 3580 qui
2411 3511 2697 3565 conciones
2727 3524 2890 3579 prope
2920 3510 3248 3572 innumeras,
3283 3511 3520 3578 quamvis
3547 3512 3597 3564 ei

327 3602 536 3656 nonnisi
567 3603 780 3658 circiter
805 3595 1152 3674 quadraginta
1193 3603 1245 3658 in
1287 3604 1608 3660 Bibliotheca
1638 3607 1852 3660 Patrum
1891 3604 2260 3660 adscribantur
2281 3645 2294 3666 ,
2334 3603 2686 3658 elucubravit.
2726 3603 2986 3657 Discimus
3013 3604 3158 3657 enim
3192 3619 3257 3658 ex
3299 3603 3415 3672 ejus
3444 3602 3594 3668 Vita,

326 3695 496 3761 ipsuut
524 3694 613 3748 ubi
644 3694 872 3765 primum
902 3695 968 3750 ad
999 3695 1354 3766 episcopalem
1381 3696 1621 3752 ordinem
1650 3698 1845 3751 ascitus
1870 3707 2031 3758 esset,
2060 3696 2312 3750 translata
2341 3694 2712 3763 Apostolorum
2741 3695 2991 3762 exetnplo
3017 3694 3068 3747 in
3090 3694 3344 3748 diaconos
3373 3694 3595 3748 aliorttm

326 3785 740 3838 ministeriorum
769 3800 918 3850 cura,
953 3793 1121 3841 totum
1149 3801 1209 3841 se
1235 3786 1625 3856 prtedicationis
1649 3787 1829 3842 officio
1850 3787 2096 3851 dedisse;
2129 3801 2192 3840 ac
2217 3786 2344 3840 illud
2377 3801 2542 3854 usque
2564 3785 2700 3839 adeo
2728 3784 2873 3838 cordi
2903 3785 3171 3850 habuisse,
3214 3793 3265 3837 ut
3291 3785 3360 3838 ad
3388 3784 3600 3838 Matuti-

326 3893 446 3929 nnm
471 3885 518 3930 et
544 3875 610 3928 ad
640 3874 997 3943 lucernarium,
1027 3877 1126 3931 hoc
1149 3887 1251 3940 est,
1277 3877 1549 3931 matutinis
1576 3891 1640 3931 ac
1668 3879 1984 3946 vespertinis
2022 3877 2188 3943 horis,
2215 3877 2375 3932 verba
2404 3877 2592 3932 fecisse
2630 3891 2734 3930 non
2761 3886 3064 3943 contentus,
3097 3877 3149 3930 in
3189 3876 3403 3931 dissitas
3439 3877 3597 3931 etiam

325 3969 569 4037 regiones
609 3981 885 4023 sermones
917 3983 948 4021 a
986 3981 1046 4022 se
1080 3975 1450 4036 comparatos,
1481 3975 1538 4020 ut
1575 3966 1682 4020 illic
1709 3967 2079 4030 recitarentur,
2118 3965 2440 4021 deferendos
2469 3975 2700 4021 curaret.
2730 3965 2902 4038 Longe
2939 3977 3104 4020 tamen
3131 3968 3326 4036 positis,
3353 3968 3598 4035 inquiunt

323 4061 458 4114 libro
491 4061 514 4116 f
553 4060 718 4129 ipsius
748 4058 1002 4125 historici,
1031 4058 1085 4112 in
1109 4056 1335 4112 Francia
1353 4098 1370 4124 ,
1396 4057 1450 4112 in
1487 4055 1690 4121 Galliis,
1719 4067 1868 4124 atque
1905 4057 1958 4110 in
2000 4055 2156 4109 Italia
2176 4097 2191 4120 ,
2223 4067 2268 4109 et
2296 4056 2347 4109 in
2381 4055 2630 4126 Hispania
2648 4098 2662 4121 ,
2697 4057 3001 4129 diversisque
3027 4057 3294 4127 provinciis
3321 4060 3599 4111 constitutis

322 4151 598 4204 transmisit
625 4167 715 4219 per
737 4149 1022 4205 sacerdotes
1049 4149 1172 4222 quid
1199 4150 1252 4204 in
1277 4148 1496 4204 ecclesiis
1519 4151 1626 4204 suis
1646 4147 1922 4219 prwdicare
1951 4149 2195 4220 facerent.
2228 4147 2388 4202 fidem
2415 4148 2662 4202 similiter
2687 4163 2782 4201 nos
2806 4149 3000 4203 docent
3022 4150 3142 4218 quis
3168 4150 3281 4218 ejus
3311 4150 3465 4203 stilus
3488 4151 3598 4205 fue-

320 4246 408 4309 rit,
437 4244 575 4299 circa
603 4261 760 4314 quam
788 4247 1063 4300 materiam
1092 4243 1426 4314 potissimum
1453 4243 1570 4314 ejus
1594 4244 1881 4299 conciones
1905 4235 2266 4307 versarentur,
2295 4256 2413 4310 qua:
2439 4241 2635 4295 soleret
2665 4241 2913 4296 insectari
2941 4242 3088 4307 vitia,
3113 4251 3167 4296 et
3193 4258 3324 4311 quas
3354 4259 3459 4310 pra:
3488 4259 3594 4296 αι·-

319 4339 448 4392 teris
477 4339 702 4394 virtutes
724 4340 959 4394 inserere
983 4337 1286 4393 auditorum
1307 4337 1500 4392 animis
1520 4337 1812 4402 niteretur;
1835 4336 1901 4391 ad
1924 4335 2038 4390 lucc
2066 4349 2168 4406 qua
2189 4333 2521 4388 eharitate-et
2552 4333 2807 4387 industria
2830 4333 3024 4387 infimis
3050 4348 3168 4388 sese
3196 4343 3593 4404 attemperaret,

315 4443 606 4497 eorumque
633 4429 798 4497 gratia
824 4427 1109 4485 familiares
1131 4442 1198 4482 es
1225 4426 1388 4482 rebus
1417 4426 1667 4481 omnibus
1687 4425 2114 4495 comparationes
2134 4423 2460 4479 desumeret.
2497 4421 2729 4488 Tantam,
2760 4422 3022 4492 inquiunt,
3047 4423 3094 4476 ei
3125 4422 3259 4476 Deus
3285 4425 3500 4494 gratiam
3533 4428 3596 4478 de

316 4537 367 4571 si:
391 4520 589 4573 dicendi
613 4519 770 4583 dedit,
800 4528 853 4572 ut
878 4517 1122 4590 quidquid
1137 4519 1296 4573 oculis
1323 4518 1490 4572 videre
1516 4517 1773 4589 potuisset,
1799 4517 1867 4570 ad
1886 4517 2274 4586 wdiﬁcationem
2293 4515 2604 4569 audientium
2629 4531 2720 4585 pro
2745 4514 3088 4568 similitudinis
3117 4515 3458 4568 consolatione
3479 4531 3595 4585 pro:

315 4619 537 4677 poneret.
567 4610 803 4680 Denique
835 4610 1140 4679 prmclaram
1171 4609 1326 4664 istam
1351 4602 1669 4665 sententiam
1696 4607 1912 4663 solitum
1935 4622 2057 4664 esse
2084 4607 2261 4664 dicere
2287 4615 2746 4662 commemorant:
2778 4605 3030 4660 Nonnulli
3049 4607 3376 4662 rusticitatem
3403 4623 3598 4662 sernto~

315 4721 432 4755 ttttm
455 4705 631 4764 vitant,
660 4713 706 4754 rt
727 4720 757 4754 a
786 4704 900 4756 vitm
922 4702 1053 4756 vitiis
1074 4718 1174 4756 non
1200 4702 1475 4756 declinant.

385 4793 518 4848 llnic
548 4793 707 4862 igitur
737 4792 1004 4862 ingentem
1034 4807 1340 4848 sermonum
1374 4807 1654 4846 numerum
1681 4791 2028 4859 restituimus,
2061 4791 2250 4861 partim
2280 4789 2762 4859 manuscriptorum
2792 4789 3071 4854 librorum,
3099 4788 3154 4842 in
3179 4789 3372 4859 quibus
3397 4804 3591 4844 nomen

312 4889 476 4954 ipsius
509 4887 887 4958 praeferebatur
907 4930 922 4956 ,
951 4887 1301 4949 auctoritate;
1331 4885 1520 4956 partim
1549 4885 1730 4940 multis
1757 4885 1944 4939 solidis
1970 4900 2033 4939 ac
2071 4884 2236 4938 firmis
2260 4883 2608 4952 argumentis,
2640 4897 2756 4950 quae
2780 4896 2846 4935 ex
2873 4880 2988 4950 ejus
3006 4880 3132 4934 stilo
3158 4881 3445 4935 admodum
3474 4883 3594 4935 siu-

307 4981 473 5047 gnlari
501 4992 662 5051 atque
688 4981 753 5036 ad
782 4979 1174 5051 agnoscendum
1203 4977 1366 5043 facili,
1394 4978 1708 5043 edoctrina,
1731 4976 1940 5033 dicendi
1969 4975 2230 5040 formulis,
2263 4975 2470 5030 usitatis
2493 4973 3029 5039 considerationibus,
3057 4974 3309 5039 exordiis,
3337 4974 3592 5029 clausulis

307 5091 368 5127 ac
396 5077 920 5144 recapitulationibus
947 5075 1044 5145 ipsi
1065 5075 1316 5146 propriis,
1346 5071 1698 5143 singularibus
1722 5070 1896 5137 factis,
1920 5068 2182 5139 adjunctis
2201 5083 2569 5138 personarum,
2596 5075 2916 5134 temporum,
2941 5065 3202 5130 locorum,
3229 5081 3349 5136 qua:
3389 5069 3586 5124 nemini

313 5167 412 5222 nisi
441 5167 612 5222 eidem
639 5177 760 5236 apte
785 5169 1108 5222 conveniunt
1126 5209 1141 5233 ,
1171 5167 1331 5236 petita
1371 5177 1513 5220 sunt.
1544 5164 1848 5218 Omittimus
1877 5160 1965 5216 hic
1993 5161 2232 5229 ejusdem
2257 5160 2489 5230 Regulas
2509 5159 2574 5214 ad
2602 5159 2867 5228 Virgines,
2892 5159 2944 5211 in
2973 5159 3166 5228 quibus
3193 5174 3296 5213 non
3327 5175 3450 5214 raro
3477 5162 3588 5231 ipsa

310 5259 492 5325 verba,
511 5274 630 5330 qure
659 5259 709 5312 in
735 5259 1102 5322 Sermonihus,
1131 5257 1468 5326 reperiuntur
1496 5273 1508 5308 :
1537 5255 1764 5324 exempli
1789 5268 1948 5308 causa
1976 5253 2028 5306 in
2053 5267 2233 5308 earum
2268 5252 2442 5321 capite
2466 5250 2556 5316 '50,
2579 5249 2797 5320 perinde
2821 5265 2884 5305 ac
2911 5250 2962 5303 in
2981 5249 3241 5304 Sermone
3265 5251 3589 5320 Appendicis

309 5352 431 5414 Ml,
464 5369 518 5405 n.
540 5351 606 5412 Ως
628 5351 763 5411 270.
792 5367 845 5404 u.
868 5351 922 5412 5.
947 5359 1001 5403 ct
1023 5349 1150 5414 275,
1185 5365 1238 5402 n.
1269 5349 1322 5413 l,
1356 5363 1458 5401 vox
1490 5347 1692 5401 Canata
1713 5361 1809 5416 pro
1836 5345 1969 5400 cella
1993 5345 2195 5398 vinaria
2222 5354 2536 5413 usurpatur;
2568 5353 2623 5397 et
2651 5343 2960 5398 earumdem
2989 5345 3162 5414 capite
3185 5342 3275 5408 28,
3304 5343 3590 5398 Canamrit

304 5457 422 5494 cam
457 5444 541 5496 cui
570 5444 724 5512 hujus
754 5443 920 5515 ipsius
945 5441 1095 5496 cellte
1124 5455 1252 5494 cura
1274 5437 1587 5493 demandata
1619 5447 1721 5503 est,
1745 5435 2024 5506 signiﬁcat.
2057 5435 2254 5490 Verum
2297 5436 2423 5489 illud
2450 5436 2728 5505 prieterire
2755 5451 3084 5506 nequaquam
3115 5450 3414 5503 possumus,
3442 5441 3584 5506 quod

307 5551 468 5588 unum
495 5535 562 5589 ad
598 5551 877 5593 sermones
904 5537 1023 5591 illos
1051 5534 1280 5591 Caesario
1314 5532 1671 5587 restituendos
1698 5532 1987 5596 sufficeret,
2014 5547 2198 5585 eorum
2237 5531 2481 5587 videlicet.
2510 5549 2628 5587 cum
2662 5534 2913 5603 Synodis,
2945 5534 3136 5604 quibus
3161 5532 3255 5585 abs
3291 5547 3349 5586 se
3385 5534 3585 5586 coactis

307 5628 830 5700 prazfttit,-eognatio,
855 5646 1059 5685 necnon
1090 5629 1142 5683 in
1172 5628 1314 5693 stilo,
1346 5625 1567 5679 vocibus
1591 5640 1654 5679 ac.
1679 5626 1958 5679 sententiis
1987 5625 2220 5696 perfecta
2248 5627 2552 5680 consensio.
2585 5627 2693 5682 llac
2719 5628 2998 5681 occasione
3023 5626 3194 5680 oratio
3221 5640 3378 5693 quam
3404 5625 3582 5680 habuit

308 5719 448 5774 idem
481 5722 672 5786 pra‘sul
716 5725 768 5776 in
808 5736 964 5776 causa
1001 5719 1379 5776 Contumeliosi
1425 5718 1656 5789 episcopi
1695 5719 2001 5789 llegiensis,
2049 5730 2094 5774 et
2132 5733 2286 5791 quam
2316 5729 2458 5774 torno
2499 5723 2522 5776 -l
2559 5721 2910 5776 Conciltorum
2951 5719 3132 5774 Gallia:
3165 5718 3330 5773 edidit
3353 5719 3580 5776 lacubus
