4076 6198
411 447 467 501 in
511 445 671 513 Filio,
717 460 815 519 per
842 460 1009 520 quem
1047 451 1181 508 facta
1228 463 1350 512 sunt
1393 460 1603 527 munia,
1644 471 1699 516 et
1738 464 1854 519 sine
1896 475 2003 531 quo

410 544 613 600 ﬁctum
645 558 730 602 est
783 548 913 603 nihil
959 568 971 603 :
1013 556 1072 606 ut
1118 555 1275 608 etiam
1321 552 1606 628 Evangelio
1643 561 2000 620 concordante

407 652 532 691 cum
575 638 789 701 Genesi,
836 643 1130 698 secundum
1177 646 1501 704 Testamenti
1548 654 1819 724 utriusque
1866 668 1998 711 eon-

405 740 635 783 sensum
668 737 945 787 teneanms
980 733 1363 803 hereditatem,
1396 742 1759 817 litigiosasque
1796 749 1999 805 calum-

394 819 532 885 bitias
558 820 910 878 exineredatis
928 823 1202 883 'hzereticis
1231 828 1611 901 relinqttamus.

480 912 705 969 CAPUT
734 912 822 970 Ill.
844 941 919 957 --
938 916 991 973 3.
1020 919 1179 976 Nullo
1202 924 1360 979 modo
1397 935 1574 984 autem
1607 938 1834 988 vestram
1862 952 1992 1007 pru-

403 1002 639 1060 dentiam
660 1018 880 1065 movere
897 1008 1079 1074 debet,
1107 1014 1249 1083 quod
1274 1032 1393 1071 cum
1415 1010 1647 1079 luann‘es
1668 1002 1990 1097 evangelista

400 1108 511 1151 non
552 1096 767 1164 dixerit,
801 1099 993 1156 Omnia
1032 1103 1085 1157 in
1126 1105 1242 1174 ipso
1282 1105 1414 1163 l’aC‘ta
1459 1118 1602 1179 sunt,
1649 1116 1764 1183 sed,
1806 1096 1993 1175 Omnia

398 1192 671 1263 peripsum
693 1197 832 1266 facta
854 1206 971 1252 sunt
986 1215 1006 1261 ;
1027 1215 1132 1255 non
1156 1198 1392 1274 legamus
1419 1207 1470 1262 in
1488 1210 1703 1276 Genesi,
1727 1215 1828 1271 Per
1847 1221 1989 1288 prin-

394 1281 596 1351 cipium
626 1283 750 1340 fecit
779 1284 918 1342 Deus
947 1292 1143 1346 caelum
1175 1303 1228 1349 et
1255 1304 1469 1367 terram,
1494 1302 1607 1366 sed,
1640 1302 1705 1360 In
1737 1281 1987 1382 principio

396 1374 521 1443 fecit
570 1371 708 1430 Deus
739 1379 918 1432 emittm
962 1391 1011 1435 et
1054 1392 1259 1441 terram.
1310 1390 1446 1445 Dicit
1474 1397 1618 1450 enim
1662 1371 1983 1474 Apostolus,

400 1462 476 1517 Ill
498 1468 774 1523 ostenderet
795 1471 938 1526 nobis
961 1470 1252 1545 mysterium
1281 1483 1552 1541 voluntatis
1576 1507 1683 1545 suta
1707 1462 1984 1553 iecuuduni

389 1552 581 1610 bonam
623 1561 925 1617 voluntatem
968 1578 1140 1634 Suam,
1193 1581 1345 1643 quam
1393 1584 1654 1649 proposuit
1698 1586 1750 1640 in
1798 1590 1886 1643 illo
1930 1593 1984 1649 in

389 1643 725 1717 dispositione
765 1653 1088 1721 plenitudinis
1124 1643 1436 1733 temporum,
1489 1671 1773 1730 instaurare
1812 1683 1981 1735 omnia

388 1736 448 1790 in
471 1737 696 1808 Christo,
727 1760 836 1813 quia
866 1746 918 1799 in
947 1749 1086 1803 cwlis
1113 1762 1248 1820 sunt,
1278 1765 1325 1808 et
1349 1775 1462 1826 qua:
1490 1762 1541 1816 in
1571 1768 1736 1833 terris,
1778 1771 1828 1823 in
1870 1773 1978 1843 ipso

389 1824 610 1900 (Ep/tes.
667 1849 717 1899 ι,
767 1837 800 1889 9
825 1848 871 1890 et
896 1838 1005 1913 10).
1057 1824 1514 1908 Quemadmodum
1549 1824 1735 1929 itaque.
1774 1856 1857 1919 hic

385 1920 540 1975 audis
582 1925 724 1993 quod
767 1929 858 1992 ait,
887 1931 937 1984 in
972 1933 1103 2003 ipso,
1149 1942 1204 1991 υι
1241 1938 1502 2025 intelligas
1534 1958 1605 2012 et,
1637 1920 1728 2021 per
1770 1920 1973 2025 ipsum;

381 2010 462 2066 sic
490 2012 542 2067 in
567 2029 634 2069 eo
659 2018 803 2086 quod
832 2020 958 2077 dicit
979 2023 1235 2096 Joannes,
1270 2024 1454 2088 Omnia
1480 2036 1569 2106 per
1594 2042 1778 2112 ipsum,
1809 2050 1969 2107 etiam

380 2101 437 2154 in
461 2103 571 2171 ipso
599 2105 898 2179 intelligere
926 2119 1148 2187 cogeris.
1182 2122 1247 2175 Et
1271 2101 1716 2193 quemadmodum
1751 2101 1833 2192 liic
1864 2157 1969 2198 non

382 2192 514 2247 mihi
550 2194 789 2254 aufertur
818 2200 1135 2274 intellectus,
1170 2229 1273 2281 quo
1310 2215 1545 2290 intelligo
1583 2223 1632 2276 in
1676 2226 1791 2296 ipso
1833 2230 1967 2288 facta

381 2295 502 2338 esse
526 2289 725 2357 omnia,
756 2306 876 2347 cum
906 2310 995 2366 per
1017 2300 1180 2369 ipsum
1206 2302 1405 2374 legam;
1435 2289 1511 2365 sic
1542 2314 1592 2366 in
1623 2315 1816 2374 Genesi
1845 2338 1965 2379 cum

382 2374 551 2447 legam
580 2382 633 2436 in
660 2383 777 2451 ipso
808 2386 1001 2444 factum
1029 2408 1148 2448 esse
1175 2399 1370 2454 cmlum
1399 2413 1452 2456 et
1483 2414 1698 2475 terram,
1732 2414 1851 2481 quis
1880 2433 1965 2472 me

378 2466 673 2541 intelligere
700 2476 949 2545 prohibet
973 2493 1026 2537 et
1054 2500 1151 2554 per
1176 2487 1383 2557 ipsum?
1403 2493 1509 2549 Nisi
1539 2466 1729 2557 forte'e

380 2560 733 2622 Testameutis
758 2565 1032 2628 Manichzci
1061 2579 1382 2637 transierunt
1407 2584 1575 2655 litem,
1599 2600 1654 2646 et
1678 2609 1795 2648 eam
1824 2597 1964 2655 inter

379 2649 712 2710 beatissimos
756 2667 918 2717 testes
940 2663 1072 2719 Novi
1110 2666 1472 2745 Testamenti,
1517 2678 1618 2736 hoc
1663 2694 1775 2753 est,
1824 2690 1962 2747 inter

373 2740 593 2798 Paulum
637 2746 1003 2823 Joanttemque
1044 2762 1373 2821 constituunt
1409 2786 1424 2822 :
1459 2740 1587 2840 quia
1636 2774 1722 2831 ille
1761 2740 1865 2845 ait,
1905 2783 1960 2837 in

364 2832 514 2897 ipso;
553 2835 661 2904 itte,
710 2838 775 2893 Et
815 2860 905 2912 per
938 2846 1121 2915 ipsum.
1167 2851 1271 2907 Sed
1311 2872 1426 2924 nos,
1470 2832 1607 2916 sicut
1650 2832 1869 2924 Paulum

363 2921 626 2979 Joannem
664 2932 959 2988 contrarios
1003 2936 1099 2991 sibi
1142 2956 1261 2996 esse
1304 2961 1406 3002 non
1444 2952 1741 3021 credimus;
1780 2959 1852 3014 ita
1888 2962 1956 3019 de

364 3013 534 3084 Moysi
570 3026 624 3075 et
663 3017 807 3075 Pauli
852 3029 1133 3083 concordia
1173 3032 1331 3088 etiam
1371 3037 1512 3108 ipsos
1545 3046 1783 3115 cogimus
1821 3066 1953 3107 con-

362 3102 524 3161 uteri.

432 3197 490 3252 4.
540 3200 609 3255 Ει
657 3207 904 3273 quoniam
960 3212 978 3242 ί
1025 3214 1161 3269 sicut
1207 3217 1289 3274 isti
1346 3220 1451 3277 duo
1495 3226 1626 3296 sibi,
1670 3232 1747 3286 sic
1788 3236 1947 3292 etiam

359 3289 599 3349 Joannes
622 3300 1162 3362 consentitambobus
1186 3327 1198 3374 ;
1232 3314 1351 3383 quia
1378 3316 1447 3371 ita
1465 3318 1616 3387 dixit,
1640 3342 1729 3391 per
1757 3326 1945 3396 ipsum,

361 3389 420 3435 ut
450 3383 504 3435 in
524 3385 637 3454 ipso
661 3388 880 3461 intelligi
911 3411 1015 3449 non
1044 3401 1342 3467 prohibeat.

426 3473 657 3531 CAPUT
685 3478 773 3536 iV.
801 3483 1081 3541 -—Omnia
1123 3493 1297 3547 divina
1340 3498 1534 3570 scripta
1571 3503 1706 3561 inter
1748 3524 1807 3563 se
1846 3527 1942 3580 pa-

350 3569 472 3617 cata
509 3569 822 3626 consistunt.
854 3574 956 3629 Sed
998 3569 1454 3648 quemadmodum?
1487 3594 1625 3649 solet
1662 3600 1938 3668 accidere,

352 3662 410 3707 ut
450 3659 664 3726 quando
704 3671 1038 3723 transeuntes
1067 3672 1234 3727 nubes
1264 3692 1358 3744 per
1395 3680 1619 3738 obscura
1650 3691 1821 3744 noctis
1859 3694 1942 3747 in-

348 3755 585 3815 tuemur,
610 3765 793 3808 earum
820 3759 1042 3829 caligine
1071 3764 1147 3817 sic
1186 3768 1327 3822 acies
1350 3783 1527 3828 nostra
1572 3780 1832 3848 turbetur,
1868 3794 1922 3839 ut

349 3839 401 3891 in
433 3847 758 3900 contrarium
791 3850 940 3906 nobis
966 3854 1138 3909 sidera
1165 3873 1382 3917 currere
1411 3866 1717 3933 videantur;
1745 3875 1823 3931 sic
1852 3877 1937 3933 isti

346 3928 609 4000 batrctici,
638 3938 757 4006 quia
788 3940 837 3993 in
884 3943 965 3997 sui
997 3950 1195 4003 erroris
1227 3953 1405 4009 nubilo
1431 3973 1612 4026 pacem
1652 3981 1758 4021 non
1791 3969 1934 4026 inve-

343 4030 518 4083 niunt,
548 4025 756 4082 videtur
782 4032 860 4085 eis
890 4037 1063 4103 potius
1089 4039 1262 4097 divina
1295 4046 1564 4119 Scriptura
1597 4056 1775 4113 rixari.

415 4113 647 4173 “APUT
685 4110 748 4173 ν.
776 4153 847 4163 -
871 4125 924 4179 5.
960 4127 1221 4187 Fortassis
1261 4110 1471 4208 dicant,
1515 4161 1619 4201 non
1659 4110 1931 4211 deierbo

346 4200 442 4257 Dei
486 4205 684 4264 dictum
728 4229 877 4280 esse,
928 4217 996 4273 In
1038 4219 1289 4303 principio
1327 4231 1445 4299 fecit
1483 4236 1618 4293 Deus
1662 4242 1842 4309 caelum
1885 4259 1930 4302 et

341 4306 553 4352 terram.
582 4301 689 4359 Fac
713 4321 852 4375 esse,
892 4327 996 4366 non
1041 4301 1407 4391 ill-principio,
1441 4330 1581 4397 quod
1620 4342 1702 4388 est
1742 4339 1930 4394 unicus

344 4385 510 4443 Filius
537 4389 629 4447 Dei
657 4414 672 4457 ;
699 4392 792 4449 sed
820 4398 870 4451 in
912 4385 1171 4475 principio
1212 4385 1473 4482 tem-poris.
1500 4385 1699 4477 dictum

340 4489 497 4543 gatur
546 4485 687 4554 quod
733 4491 989 4560 scriptum
1036 4507 1147 4565 est,
1200 4500 1267 4556 In
1319 4508 1570 4579 principio
1622 4517 1740 4585 fecit
1792 4519 1926 4576 Deus

352 4573 520 4627 clum
557 4587 604 4629 et
639 4587 824 4636 terram
848 4598 867 4636 :
897 4602 1002 4642 non
1033 4591 1151 4659 quia
1190 4573 1459 4664 jam'erat
1502 4573 1729 4675 tempus,
1771 4623 1924 4667 ante-

334 4676 495 4717 uuam
526 4679 666 4722 esset
698 4671 804 4727 ulla
839 4687 1081 4735 creatura
1107 4682 1237 4751 (non
1271 4690 1412 4744 enim
1446 4695 1525 4747 vel
1569 4707 1775 4767 tempus
1804 4718 1925 4759 esse

354 4763 661 4813 aeternum
700 4765 980 4836 quisquam
1021 4771 1215 4831 dixerit
1256 4779 1386 4847 Deo,
1432 4787 1521 4855 qui
1561 4799 1643 4843 est
1680 4763 1925 4854 conditor

332 4854 679 4923 temporum),
719 4858 811 4913 sed
853 4870 909 4916 ut
944 4880 1066 4921 eum
1104 4872 1242 4926 cmlo
1270 4884 1324 4929 et
1359 4854 1496 4933 terra
1539 4898 1657 4940 esse
1699 4894 1922 4959 coeperit

329 4945 564 5009 tempus.
603 4944 659 5000 Si
703 4964 831 5020 ergo
869 4956 1093 5028 quisque
1137 4962 1216 5018 sic
1258 4965 1547 5039 intelligat,
1591 4944 1919 5048 cognoscens

324 5034 587 5091 duntaxat
632 5050 889 5099 creatura:
935 5042 1311 5126 Creatorisque
1354 5061 1691 5134 distantiam,
1722 5088 1790 5128 ne
1823 5089 1917 5130 co-

323 5134 588 5182 aeternum
618 5129 727 5186 Deo
755 5137 843 5203 qui
890 5136 1040 5207 fecit,
1068 5143 1209 5199 dicat
1249 5163 1367 5204 esse
1399 5153 1542 5221 quod
1576 5129 1726 5223 fecit;
1771 5174 1917 5221 certe

327 5213 411 5269 vel
449 5214 501 5269 in
546 5219 639 5273 illo
677 5224 841 5281 verbo
876 5228 1104 5286 elucebit
1140 5252 1393 5295 numerm
1425 5260 1793 5318 personarum,
1824 5255 1910 5313 ubi

315 5302 525 5360 dictum
553 5318 654 5377 est,
684 5311 957 5374 Faciamus
996 5322 1246 5380 hominem
1289 5331 1358 5383 ad
1382 5332 1651 5414 imaginem
1688 5351 1734 5395 et
1767 5346 1910 5400 simi-

321 5395 414 5414 ,ἔα-κ
432 5397 479 5414 J9
1041 5404 1076 5414 ἐγ

313 5395 591 5452 liladinem
633 5415 852 5461 nostram
866 5426 886 5472 ;
925 5421 999 5477 et,
1030 5404 1174 5469 Fecit
1214 5417 1351 5475 Deus
1385 5395 1636 5483 hominem
1669 5433 1739 5486 ad
1777 5435 1909 5491 ima-

310 5484 491 5553 ginem
531 5486 629 5543 Dei
655 5491 808 5561 (Gen.
846 5513 883 5563 ι,
923 5501 1014 5567 26,
1049 5502 1165 5575 27).
1205 5507 1512 5581 Quanquam
1558 5484 1907 5584 etiamsinon

308 5586 636 5646 appareret,
661 5589 737 5637 ‘et
771 5587 871 5642 sub
909 5593 1125 5650 unitatis
1161 5600 1516 5669 appellatione
1553 5608 1785 5670 Trinitas
1827 5617 1908 5673 in-

379 5751 401 5784 ⁶
429 5752 577 5819 Mlti,
608 5763 858 5822 nummo.
899 5772 1072 5822 tecum
1103 5771 1163 5824 ad
1186 5782 1268 5829 us.
1300 5779 1437 5833 (ια-1).
1463 5784 1819 5853 ωιιίεενὶωωζ

1799 341 2027 398 SEBMO
2060 340 2439 409 SECUNDUS.

3628 373 3697 433 26

2111 461 2469 533 ῑθηῑεειιιὶὶιης
2502 468 2888 543 insinuaretur;
2914 490 3019 535 non
3050 481 3172 538 ideo
3195 490 3525 546 contrarium
3558 501 3704 565 prin-

2110 552 2581 627 cipio~Geneseos,
2628 562 2902 637 Evangelii
2947 573 3266 645 principium
3307 580 3477 638 videri
3519 552 3703 647 debuit

2112 647 2456 714 prudentibus
2501 671 2515 707 :
2565 671 2671 711 non
2721 660 2863 716 enim
2908 662 3074 720 rideri
3127 669 3227 724 nisi
3276 672 3702 743 imprudentibus

2080 742 2296 804 potuit.
2340 741 2607 803 Habemus
2647 750 2789 804 enim
2829 753 3009 808 talium
3054 758 3105 811 ln
3142 741 3431 830 Scriptnris
3468 768 3696 826 locutio-

2106 842 2232 885 num
2265 832 2536 891 inmtm'era
2581 844 2846 911 exempla.
2890 845 3007 916 Ipse
3039 849 3292 908 Dominus
3329 856 3553 928 loquens
3583 864 3690 920 ait;

2104 920 2215 992 Ego
2255 936 2422 979 autem
2461 928 2574 983 dico
2615 933 2771 997 vobis,
2805 952 2905 989 nou
2935 939 3115 1007 jurare
3155 946 3380 1013 omnino,
3415 966 3574 1020 neque
3610 966 3699 1024 per

2102 1013 2280 1066 casiam
2299 1056 2315 1081 ,
2361 1018 2479 1087 quia
2520 1022 2662 1076 sedes
2703 1022 2799 1078 Dei
2841 1037 2944 1091 est;
2981 1045 3139 1102 neque
3176 1051 3264 1103 per
3309 1013 3529 1106 terram',
3579 1013 3697 1113 quia

2098 1104 2372 1160 scabellum
2399 1121 2473 1164 est
2499 1112 2681 1181 pedum
2696 1117 2805 1187 ejus
2824 1117 3031 1189 (Matth.
3058 1138 3109 1187 v,
3135 1122 3202 1179 34
3228 1137 3275 1179 et
3298 1124 3408 1200 55).
3427 1104 3692 1204 Numquid

2100 1190 2376 1269 propterea
2408 1206 2529 1273 quia
2560 1206 2631 1261 ibi
2659 1223 2719 1264 se
2749 1225 2854 1266 non
2890 1216 3161 1282 nominat,
3198 1219 3423 1277 fortasse
3454 1232 3690 1296 negaturi

2094 1296 2219 1344 sunt
2240 1294 2381 1361 quod
2416 1296 2603 1352 sedeat
2635 1297 2880 1356 Christus
2919 1305 2970 1358 in
3009 1309 3187 1363 caelo?
3217 1309 3345 1366 item
3384 1314 3511 1369 dicit
3528 1294 3687 1386 *Δρυ-

2092 1379 2278 1447 stolus,
2314 1381 2358 1437 0
2385 1386 2599 1442 altitudo
2629 1388 2917 1447 divitiarum
2945 1400 3210 1465 sapientia
3234 1411 3280 1455 et
3308 1404 3532 1460 scientia
3560 1404 3688 1463 Dei!

2090 1484 2241 1538 quant
2279 1473 2625 1534 inscrutabilia
2661 1492 2779 1537 sunt
2807 1486 3010 1556 judicia
3051 1491 3191 1559 ejus,
3228 1502 3279 1546 et
3320 1495 3685 1567 investigaﬁiles

2090 1560 2186 1613 uite
2223 1564 2423 1631 ipsius!
2462 1569 2588 1634 Quis
2628 1574 2760 1626 enim
2806 1581 3035 1647 cognovit
3067 1593 3268 1637 sensum
3314 1585 3558 1643 Domini?
3594 1604 3682 1645 aut

2086 1653 2197 1721 quis
2238 1659 2556 1714 consiliarius
2595 1663 2673 1717 illi
2715 1667 2860 1735 fuit!
2899 1680 2988 1723 aut
3024 1674 3143 1741 quis
3184 1676 3324 1744 prior
3356 1677 3494 1733 dedit
3530 1682 3595 1746 ei,
3631 1690 3681 1737 et

2084 1745 2379 1801 reti-iuuetur
2417 1752 2499 1805 ei!
2535 1753 2789 1820 Quoniam
2828 1775 2890 1813 ex
2928 1762 3060 1832 ipso,
3100 1773 3146 1817 et
3187 1783 3277 1835 per
3311 1768 3498 1838 ipsum,
3540 1783 3584 1825 et
3624 1775 3677 1829 in

2082 1834 2193 1901 ipso
2212 1849 2327 1891 sunt
2351 1843 2520 1895 omnia
2544 1860 2563 1897 :
2582 1846 2681 1914 ipsi
2703 1848 2866 1917 gloria
2887 1851 2938 1904 iu
2964 1854 3151 1908 siccata
3170 1834 3468 1913 srecttlorum
3492 1861 3671 1934 Rom.

2080 1934 2156 1992 XI,
2198 1924 2412 2000 33-36).
2458 1932 2625 1989 Etiam
2673 1936 2758 1993 hic
2797 1936 2913 1994 Filii
2962 1946 3163 1999 mentio
3204 1924 3515 2006 mnninatim
3562 1970 3665 2011 non

2080 2015 2211 2070 facta
2244 2029 2345 2073 est.
2374 2022 2545 2078 Unum
2573 2026 2701 2081 dicit
2730 2044 2849 2085 esse
2881 2034 3166 2097 Apostolus
3203 2038 3367 2093 Dettm
3400 2055 3451 2095 et
3485 2042 3668 2100 Domi-
3756 2036 3765 2047 ’

2077 2118 2227 2176 nmn,
2254 2125 2317 2165 ex
2344 2127 2451 2181 quo
2477 2118 2676 2184 omnia,
2708 2132 2802 2188 per
2822 2134 2979 2191 quem
3012 2114 3212 2194 omnia,
3248 2129 3299 2183 in
3331 2149 3435 2201 quo
3464 2139 3664 2191 omnia.

2074 2194 2185 2250 Cur
2225 2214 2350 2268 ergo
2390 2202 2476 2256 isti
2527 2205 2741 2275 Moysen
2773 2212 2870 2264 sibi
2916 2215 3222 2284 elegerunt,
3272 2238 3431 2289 quem
3476 2222 3667 2283 Joanni

2072 2288 2409 2356 evangelista:
2434 2306 2789 2361 apponerent,
2821 2299 3040 2356 Paulum
3089 2314 3264 2360 autem
3291 2288 3588 2380 apostolum)
3616 2318 3666 2372 ei

2071 2389 2344 2446 opponere
2388 2383 2714 2440 noluerunt?
2757 2388 2889 2456 Quia
2935 2394 3138 2450 scilicet
3182 2398 3440 2468 imperitis
3490 2404 3662 2461 Immi-

2069 2468 2223 2523 nibus
2251 2470 2357 2525 duo
2382 2472 2717 2532 Testamenta
2748 2483 3068 2549 persuadere
3095 2487 3373 2545 voluerunt
3398 2508 3517 2549 esse
3542 2510 3666 2551 con-

2068 2560 2257 2626 traria;
2285 2570 2344 2616 ut
2373 2580 2479 2618 uno
2524 2577 2659 2624 teste
2691 2580 2938 2639 utantur,
2980 2577 3203 2632 alterum
3247 2592 3516 2651 respuant.
3549 2586 3662 2645 Hoc

2064 2652 2209 2706 enim
2256 2657 2537 2723 profitetur
2571 2677 2724 2716 error
2755 2665 3008 2734 ipsorum.
3062 2671 3190 2726 Nam
3232 2676 3275 2729 si
3317 2689 3459 2732 esset
3500 2680 3656 2749 alius,

2064 2740 2217 2815 cuius
2247 2748 2371 2802 item
2407 2752 2851 2815 clementissimus.
2871 2757 3019 2816 furor
3048 2764 3216 2833 ipsum
3246 2768 3453 2826 Novum
3481 2772 3658 2830 Testa.

2063 2845 2301 2894 mentum
2347 2843 2446 2897 sibi
2495 2850 2821 2903 Contrarium
2871 2850 3008 2920 apud
3057 2855 3330 2925 imperitos
3375 2876 3658 2922 conaretur

2060 2929 2383 2997 ostendere;
2436 2934 2561 3005 quid
2606 2938 2745 2992 aliud
2786 2955 3008 3012 ageret,
3059 2947 3158 2999 nisi
3204 2952 3652 3018 quemadmodum

2058 3017 2144 3072 isti
2173 3019 2387 3090 Moysen
2419 3034 2472 3078 et
2499 3021 2784 3094 Joannem,
2820 3032 2885 3084 ita
2920 3032 3005 3087 ille
3034 3017 3255 3091 Paulum
3286 3050 3338 3095 et
3365 3042 3645 3115 Joannem,

2057 3115 2307 3180 tanquam
2338 3114 2584 3170 inimicos
2615 3119 2954 3192 rixantesque
2987 3133 3348 3197 proponeret?
3377 3134 3525 3191 Sicut
3552 3154 3649 3191 au-

2057 3212 2161 3257 tem
2189 3205 2543 3262 sincerissima
2575 3221 2628 3265 et
2660 3216 2934 3271 verissima
2969 3218 3097 3273 ﬁdes
3127 3228 3463 3281 Commendat
3497 3229 3643 3287 Pauli

2050 3292 2374 3368 Joannisque
2400 3303 2774 3372 concordiam;
2807 3317 2860 3361 et
2887 3311 2938 3363 in
2979 3326 3043 3365 eo
3070 3315 3207 3383 quod
3239 3318 3423 3374 beatus
3452 3321 3646 3380 Paulus

2049 3386 2141 3447 ait,
2176 3387 2260 3443 Ea:
2288 3392 2419 3462 ipso,
2450 3402 2497 3447 et
2521 3411 2610 3465 per
2637 3398 2823 3468 ipsum,
2853 3412 2899 3454 et
2939 3405 2990 3457 iu
3022 3405 3132 3476 ipso
3158 3420 3273 3462 sum
3314 3414 3504 3477 omnia,
3538 3404 3651 3472 non

2048 3479 2218 3534 solum
2255 3481 2498 3549 Patrem,
2541 3487 2632 3541 sed
2683 3499 2736 3544 et
2775 3491 2963 3547 Filium
3009 3507 3062 3550 et
3099 3497 3353 3567 Spiritum
3391 3515 3633 3562 sanctum

2045 3565 2200 3622 docet
2227 3571 2445 3644 intelligi
2477 3594 2491 3630 :
2518 3577 2595 3631 sic
2635 3579 2797 3651 Moysi
2826 3591 2882 3636 et
2918 3584 3136 3640 Joannis
3175 3600 3355 3658 pacem
3403 3594 3638 3660 intuens,

2044 3658 2096 3712 in
2147 3676 2211 3714 eo
2265 3665 2404 3732 quod
2452 3664 2659 3737 Moyses
2702 3672 2871 3739 dixit,
2927 3674 2992 3728 In
3041 3680 3290 3749 principio
3339 3686 3456 3754 fecit
3499 3658 3635 3744 Deus

2041 3750 2223 3802 caelum
2271 3763 2317 3805 et
2365 3763 2583 3821 terram,
2637 3761 2680 3813 si
2734 3764 3047 3833 principium
3098 3773 3291 3841 accipit
3338 3780 3631 3849 temporis,

2040 3836 2169 3892 nihil
2218 3841 2359 3895 aliud
2401 3844 2453 3898 in
2490 3863 2554 3900 eo
2581 3850 2720 3918 quod
2756 3853 2954 3908 dictum
2986 3866 3087 3922 cst,
3136 3836 3290 3931 Deus,
3327 3836 3634 3926 nisi-Trini:

2040 3928 2160 3986 tatis
2187 3934 2440 3989 unitatem
2482 3943 2757 4008 agnoscit;
2802 3955 2892 3999 aut
2936 3950 3247 4020 principium
3283 3958 3333 4009 in
3364 3975 3469 4024 quo
3506 3959 3631 4017 fecit

2036 4022 2178 4077 Dens
2214 4027 2411 4082 cmlum
2449 4039 2502 4083 et
2542 4040 2770 4100 terram,
2818 4037 2988 4105 ipsum
3031 4040 3220 4096 Filium
3265 4044 3633 4106 incunctanter

2037 4117 2395 4186 amplectitur.
2435 4121 2592 4176 Multa
2630 4135 2752 4178 sunt
2786 4128 2886 4181 alia
2929 4146 3047 4198 qum
3083 4136 3374 4191 secundum
3414 4139 3508 4195 has
3535 4153 3629 4198 re-

2032 4207 2182 4274 gulas
2220 4208 2503 4264 locutionis
2534 4213 2828 4270 divinarum
2862 4218 3256 4291 Scripturarum
3296 4245 3624 4285 conuuemo—

2032 4308 2152 4350 rare
2183 4298 2444 4365 possimus
2483 4320 2496 4355 :
2538 4304 2632 4357 sed
2674 4305 2738 4359 ne
2768 4322 3055 4365 oneremus
3082 4312 3390 4372 mcmoi'iam
3418 4321 3628 4377 Sancti-

2032 4387 2152 4442 talis
2189 4400 2409 4455 vestrm,
2458 4394 2553 4446 ista
2599 4412 3050 4461 commemorasse
3092 4408 3376 4465 soll'mmit.
3417 4413 3620 4471 Ca-tera

2028 4492 2123 4533 vos
2176 4481 2317 4548 ipsos
2369 4499 2641 4554 quaerere,
2696 4492 2777 4545 vel
2832 4509 2951 4549 cum
3004 4492 3291 4570 Scriptura:
3340 4505 3617 4576 leguntur,

2027 4568 2335 4639 advertere,
2377 4586 2536 4646 atque
2587 4580 2728 4636 inter
2768 4598 2862 4638 vos
2901 4589 3237 4648 considerare
3282 4602 3619 4659 concorditer

2026 4668 2079 4715 et
2118 4673 2444 4732 pertractare
2476 4671 2840 4730 adhortantur.
2871 4677 3147 4748 Conversi,
3177 4695 3282 4742 etc.
3313 4688 3328 4720 ⁸

2586 4787 2811 4845 SERMO
2834 4792 2874 4846 ιι
2903 4798 2917 4816 ·
2943 4794 3039 4869 (α).

2374 4872 2451 4927 De
2476 4879 2743 4933 tenlalionc
2768 4882 2986 4940 Abrahae
3011 4904 3042 4940 α
3069 4888 3173 4945 Deo
3198 4892 3291 4963 (ὁ).

2100 4955 2326 5015 CAPUT
2383 4963 2846 5028 PRlllUM.-—-l.
2888 4976 3104 5034 Abrahaz
3155 4955 3279 5041 aa.
3334 4997 3383 5040 et
3424 4980 3600 5056 pietas.

2019 5044 2301 5105 Notissima
2357 5056 2523 5122 pietas
2553 5059 2572 5088 ²
2611 5062 2773 5127 patris
2819 5069 2984 5121 nostri
3016 5070 3243 5127 Abraha:
3273 5078 3473 5135 reddita
3507 5100 3603 5141 no-

2020 5136 2102 5194 bis
2138 5148 2220 5195 est
2266 5142 2318 5197 in
2369 5149 2681 5205 memoriam
2732 5168 2829 5221 per
2864 5168 3135 5218 recentem
3188 5164 3470 5227 lectionem
3508 5192 3523 5230 :
3557 5181 3614 5230 et

2081 5271 2098 5347 ξ
2119 5277 2206 5347 tus.
2229 5276 2367 5347 post).
2393 5291 2487 5347 non
2510 5280 2659 5341 addit,
2672 5287 2922 5347 Δ(Ὀνιιιενδί,
2949 5299 3046 5343 etc.

2078 5331 2436 5422 Luemigiensis
2456 5347 2561 5403 υς»,
2585 5331 3209 5420 minamminimam
3232 5367 3332 5422 tua,
3360 5361 3611 5420 notissima

2011 5389 2154 5457 fides.

2012 5476 2098 5587 Pa;
2129 5483 2417 5590 ιίἰῖοςηίιυε
2439 5494 2516 5537 est
2536 5488 2596 5538 ad
2612 5491 2694 5541 bd.
2717 5505 2787 5543 ω.
2803 5494 2865 5545 cl.
2884 5498 2961 5546 cb.
2989 5497 3038 5547 ﬂ.
3064 5512 3104 5547 r.
3133 5512 3222 5550 rm.
3245 5511 3341 5553 Am.
3364 5509 3437 5555 Er.
3459 5507 3596 5561 vlim.

2074 5618 2147 5742 ἕαζ
2171 5621 2311 5679 Alias,
2333 5624 2658 5703 dejempore
2679 5634 2757 5682 72.
2946 5700 2957 5711 .
3285 5675 3292 5682 .

2095 5683 2123 5730 ὁ
2168 5688 2220 5732 tn
2242 5688 2435 5736 mea
2458 5690 2687 5742 lndtculo.
2718 5708 2823 5742 can.
2849 5697 2897 5742 8.
2923 5699 3092 5742 tttulm
3115 5704 3292 5742 lmlmm

2713 5708 2823 5765 cap.
2849 5697 2897 5758 8,
2923 5699 3092 5765 titulus
3114 5704 3337 5765 habetur,

2018 5742 2262 5831 Limn-albae
2277 5746 2423 5799 ducto
2445 5750 2505 5801 ad
2526 5742 2824 5808 sata-ilicium.
2843 5742 2875 5807 ἶ
2884 5742 3595 5831 ’(ὶῆἷιῖίίιῖυιίίὲξίῖζῦιιέπ
