4024 6202
380 339 440 392 27
1614 322 1673 380 s.
1716 317 1968 378 Αωυεί

2119 318 2417 379 EPISCOPI
3580 335 3652 392 28

379 453 696 524 estquidem
720 453 788 505 ita
816 448 1077 506 mirabilis
1110 448 1150 509 ',
1181 454 1238 499 ut
1257 444 1460 499 nullum
1488 457 1580 497 cor
1599 436 1961 496 arbitrantium

378 550 448 600 sit
469 555 575 598 tam
596 544 932 607 obliviosum,
956 549 1010 594 ut
1031 538 1153 594 inde
1177 535 1461 607 aliquando
1482 534 1620 589 elabi
1648 532 1832 603 possit.
1859 529 1963 584 Vc:

380 644 674 689 rtttntamen
692 631 871 689 nescio
885 628 1167 701 quomodo,
1178 623 1959 697 quotiescumquelegitiu-,qna.

379 729 421 779 si
450 734 574 787 time
595 723 702 786 ﬁat,
729 723 796 776 ita
817 720 978 775 afﬁcit
998 728 1203 773 mentes
1228 715 1577 771 audientium.
1601 713 1786 781 Magna
1812 710 1962 775 ﬁdes,

384 832 572 885 magna
609 815 794 882 pietas,
810 828 917 866 non
949 809 1184 865 solnmin
1212 805 1508 885 Deum,sed
1524 804 1683 859 ctiam
1705 803 1758 856 in
1779 802 1953 870 ipsum

383 908 594 961 unicum
616 905 796 964 lilium,
814 903 898 958 cui
918 903 1043 955 nihil
1064 900 1185 954 mali
1205 915 1324 953 esse
1346 883 1492 962 pater
1503 893 1727 950 credidit
1744 894 1787 956 ⁸,
1807 890 1964 960 quid-

382 1000 508 1067 quid
540 998 606 1052 de
657 998 746 1052 illo
774 997 997 1065 iusserat
1023 992 1113 1063 qui
1160 992 1378 1046 creavit.
1410 990 1565 1044 l’atet‘
1592 986 1734 1041 enim
1767 983 1861 1038 ﬁlii
1885 982 1965 1036 sui

380 1105 500 1144 esse
524 1098 729 1160 poterat
746 1085 1034 1151 Abraham,
1064 1083 1353 1138 secundum
1376 1080 1737 1152 operationem
1754 1074 1965 1137 carnis;

383 1201 489 1239 non
533 1193 708 1238 autem
733 1193 943 1236 creator
972 1189 1025 1235 et
1053 1181 1318 1243 conditor,
1378 1174 1671 1230 secundum
1696 1170 1967 1242 operatio—

384 1292 504 1329 nem
550 1272 861 1343 majestatis.
905 1268 975 1325 Et
1015 1269 1228 1341 quidem
1259 1268 1302 1332 ³,
1329 1266 1469 1322 sicut
1494 1263 1625 1319 dicit
1654 1259 1961 1331 Apostolus,

388 1383 493 1421 non
543 1365 833 1420 secundum
871 1377 1086 1417 carnem
1132 1371 1288 1416 natus
1315 1367 1396 1413 est
1423 1357 1571 1411 Isaac
1595 1353 1842 1415 Abrahae,
1873 1349 1966 1405 sed

382 1476 448 1513 es
470 1457 820 1526 promissione
841 1455 859 1527 (
883 1454 1054 1510 Galat.
1078 1470 1149 1517 IV,
1171 1452 1286 1522 25)
1318 1469 1332 1506 :
1362 1465 1470 1505 non
1512 1448 1634 1519 quia
1662 1461 1782 1501 eum
1809 1460 1971 1500 carne

387 1569 489 1607 non
517 1559 633 1606 erat
661 1558 930 1619 operatus,
962 1546 1057 1602 sed
1084 1547 1206 1616 quia
1250 1545 1319 1599 de
1363 1556 1568 1598 summa
1595 1537 1971 1608 desperatione

383 1651 728 1711 Susceperat;
751 1650 806 1695 et
825 1640 928 1695 nisi
946 1640 1159 1693 adesset
1184 1635 1500 1707 promittens
1516 1634 1676 1697 Deus,
1703 1629 1836 1685 nihil
1863 1637 1969 1683 tam

385 1750 548 1788 senex
575 1732 642 1787 de
662 1731 952 1786 visceribus
981 1728 1204 1784 anicula:
1229 1725 1468 1795 conjugis
1499 1737 1719 1794 Sperare
1744 1720 1974 1775 audebat

388 1822 730 1893 lmteritatis.
756 1821 862 1876 Sed
897 1818 1127 1875 credidit
1169 1817 1518 1878 nasciturum,
1545 1822 1602 1869 et
1623 1808 1735 1867 non
1764 1810 1966 1881 plangit

389 1913 725 1967 moriturum.
771 1911 900 1981 Ejus
922 1909 1142 1965 dextera
1189 1907 1401 1977 eligitur
1446 1905 1515 1960 ad
1542 1902 1883 1968 sacriﬁcium,
1916 1910 1973 1956 ut

387 2012 685 2058 moreretur
707 2017 739 2068 ;~
768 2000 919 2070 cujus
945 2014 1041 2056 cor
1062 1998 1292 2054 electum
1312 2004 1395 2052 est
1418 1994 1440 2027 ⁸
1466 1994 1532 2050 ad
1559 1994 1740 2060 fidem,
1774 2002 1829 2046 ut
1851 2007 1974 2047 nas-

387 2104 619 2151 ceretur.
633 2094 750 2149 Non
766 2092 1049 2163 trepidavit
1070 2090 1335 2145 Abraham
1356 2087 1596 2155 credere,
1615 2085 1828 2156 quando
1852 2099 1975 2154 pro-

390 2185 740 2249 mittebatur;
770 2198 876 2238 nun
903 2181 1183 2251 trepidavit
1229 2178 1444 2241 oll‘erre,
1471 2177 1685 2247 quando
1721 2174 1972 2244 exigeba-

389 2288 522 2333 tur:
568 2291 668 2332 nec
706 2275 801 2330 fuit
839 2274 1027 2344 religio
1079 2269 1350 2327 credentis
1390 2267 1656 2323 contraria
1702 2264 1974 2321 devotioni

392 2367 717 2425 obedientis.
764 2367 875 2421 lloc
898 2366 1039 2429 dico,
1080 2380 1186 2418 non
1220 2362 1321 2417 sibi
1348 2361 1484 2416 dixit
1510 2359 1798 2425 Abraham,
1832 2358 1974 2413 Deus

391 2459 519 2514 mihi
570 2459 778 2513 locutus
824 2465 907 2512 cst
939 2473 953 2508 :
988 2454 1201 2525 quando
1247 2452 1488 2522 promisit
1538 2451 1724 2516 ﬁlium,
1771 2448 1974 2504 credidi

388 2552 512 2622 quia
555 2550 683 2606 mihi
711 2549 933 2605 daturus
964 2556 1108 2602 esset
1146 2546 1287 2600 Deus
1314 2544 1677 2614 posteritatem
1706 2558 1721 2605 ;
1746 2550 1804 2596 et
1837 2556 1973 2611 qua-

392 2644 495 2697 lem
528 2642 891 2711 posteritatem
923 2640 946 2693 ?
990 2638 1058 2693 Ut
1084 2637 1290 2691 diceret
1317 2635 1468 2700 mihi,
1500 2632 1567 2687 ln
1598 2631 1749 2686 Isaac
1772 2631 1976 2686 necubi-

389 2746 473 2787 tur
502 2732 590 2786 tibi
613 2728 941 2798 muen((.‘en.
973 2742 1082 2791 XXI,
1114 2726 1181 2782 l2
1202 2724 1221 2799 )
1245 2744 1259 2781 :
1287 2733 1341 2780 et
1355 2738 1426 2780 ne
1445 2722 1581 2778 forte
1598 2721 1677 2777 sic
1697 2727 1976 2779 vocaretur

390 2822 520 2876 miln
544 2834 729 2874 semen
748 2819 799 2873 in
840 2819 1008 2882 Isaac,
1033 2826 1094 2872 ut
1127 2825 1252 2872 ante
1274 2830 1360 2871 me
1387 2829 1540 2870 meus
1572 2812 1712 2868 ﬁlius
1732 2824 1975 2866 morere-

388 2924 492 2975 tur,
526 2910 592 2966 In
617 2912 805 2965 semine
832 2920 943 2975 tuo,
973 2908 1161 2979 inquit,
1207 2906 1564 2961 benedicentur
1601 2920 1774 2959 omnes
1799 2912 1973 2975 gentes

391 3005 410 3071 (
430 3002 515 3056 Id.
538 3018 667 3068 nn,
696 3001 761 3057 18
780 2999 822 3073 ).
845 3000 966 3072 lpse
992 2998 1265 3068 mihiergo
1281 2997 1504 3067 loquens
1518 2995 1763 3067 promisit
1784 2994 1970 3061 lilium,

386 3105 443 3151 et
466 3095 581 3164 ipse
607 3072 855 3164 exigitut
879 3072 1162 3147 occidam?
1187 3088 1304 3145 Non
1333 3087 1434 3143 sibi
1464 3087 1587 3143 fecit
1610 3087 1963 3158 quaestionem

387 3184 538 3255 quasi
565 3183 634 3239 de
675 3181 956 3238 contrariis
984 3189 1039 3236 et
1089 3179 1189 3235 sibi
1226 3176 1632 3234 adversantibus
1671 3175 1848 3232 verbis
1874 3175 1970 3230 Dei

390 3273 748 3341 promittentis
796 3272 964 3327 lilium
1019 3270 1446 3333 nasciturum,et
1486 3275 1676 3338 postea
1723 3265 1970 3331 dicentis,

385 3362 578 3420 Occide
603 3362 731 3417 mihi
756 3360 919 3416 ﬁlium
955 3369 1106 3415 tuum
1142 3377 1156 3412 :
1185 3358 1411 3413 sederat
1437 3357 1489 3411 in
1512 3356 1675 3413 corde
1697 3355 1814 3426 ejus
1844 3354 1975 3410 ﬁdes

385 3472 599 3526 semper
626 3455 962 3518 inconcussa,
997 3460 1052 3506 et
1077 3450 1223 3505 nullo
1264 3447 1425 3504 modo
1453 3447 1727 3503 deﬁciens.
1756 3446 1973 3515 Cogita-

389 3550 464 3603 vit
482 3549 625 3602 (anim
653 3546 942 3609 Abraham,
976 3545 1140 3599 Deum
1163 3542 1252 3613 qui
1288 3540 1433 3596 dedit
1460 3550 1516 3594 ut
1542 3540 1631 3595 ille
1655 3538 1723 3594 de
1745 3538 1967 3594 senibus

389 3648 699 3694 nasceretur
723 3637 809 3707 qui
830 3652 936 3691 non
966 3646 1101 3701 erat,
1145 3648 1306 3704 posse
1332 3633 1493 3687 etiam
1521 3630 1588 3686 de
1613 3640 1784 3685 morte
1811 3644 1966 3699 repa-

387 3745 505 3784 rare
523 3730 623 3800 (α).
654 3728 896 3799 Amplius
924 3727 1066 3781 enim
1109 3735 1190 3779 est
1236 3722 1377 3795 quod
1423 3722 1533 3793 jam
1565 3721 1763 3778 fecerat
1807 3721 1970 3785 Deus,

387 3837 508 3876 cum
536 3822 623 3891 qui
648 3834 752 3875 non
769 3828 884 3873 erat
901 3819 923 3851 ⁸
942 3827 1057 3887 post
1088 3826 1284 3870 tantam
1310 3813 1741 3883 deSperationem
1764 3812 1974 3866 videbat

385 3913 483 3967 sibi
511 3912 689 3966 datum
719 3910 904 3977 lilimn,
935 3907 1052 3963 etsi
1079 3907 1361 3961 humanam
1385 3904 1745 3958 inﬁrmitatem
1770 3919 1970 3958 consu-

388 4003 487 4069 las,
514 4001 860 4072 impossibile.
907 3998 1116 4069 Adjecit
1168 3997 1345 4066 itaque
1392 3996 1626 4049 animum
1652 3994 1720 4049 ad
1765 3994 1961 4059 ﬁdem;

388 4111 491 4147 non
521 4092 748 4147 credidit
797 4089 994 4160 aliquid
1032 4087 1359 4159 impossibile
1402 4100 1522 4141 esse
1548 4084 1808 4141 Creatori.
1834 4084 1958 4151 Qui,

387 4183 830 4254 quemadmodum
874 4180 1194 4244 crediderat,
1243 4177 1476 4248 suscepit
1522 4177 1709 4244 lilium,
1742 4176 1969 4232 credidit

391 4286 573 4346 postea
594 4275 797 4343 juhenti
829 4273 939 4328 Deo
969 4290 984 4325 :
1006 4271 1125 4342 jam
1152 4272 1206 4324 in
1237 4277 1486 4339 suscepto
1516 4269 1624 4322 lilio
1652 4270 1969 4339 probaverat

389 4363 825 4420 l)eum.Credidit
848 4363 1009 4416 ﬁlium
1034 4369 1401 4429 suscepturus,
1429 4358 1655 4412 credidit
1675 4360 1967 4414 occisurus.

391 4457 597 4524 Ubique
625 4454 814 4518 fidelis,
866 4468 1124 4523 nusquam
1168 4450 1418 4506 crudelis.
1469 4450 1697 4505 Omnino
1726 4451 1971 4520 perduxit

389 4547 555 4601 ﬁlium
588 4545 653 4599 ad
700 4544 873 4598 locum
913 4543 1139 4597 victima
1175 4541 1444 4595 :armavit
1480 4540 1641 4594 etiam
1695 4540 1969 4597 dexteram

387 4640 579 4695 cultro.
614 4636 855 4692 Attendis
892 4635 1009 4706 quis
1034 4634 1206 4698 feriat,
1238 4642 1294 4687 et
1321 4648 1480 4704 quem
1526 4632 1681 4687 feriat
1711 4651 1723 4687 :
1752 4634 1969 4690 attende

385 4733 503 4800 quis
523 4731 725 4797 jubeat.
752 4728 874 4783 Pius
897 4741 1025 4797 ergo
1054 4726 1321 4779 Abraham
1346 4725 1767 4794 obtemperando
1798 4743 1812 4780 :
1841 4727 1966 4795 quid

388 4818 822 4889 Deusjubendo?
858 4817 935 4872 Ne
966 4816 1100 4870 forte.
1146 4814 1395 4881 inﬁrmis,
1429 4830 1533 4869 non
1578 4815 1751 4868 dicam
1794 4817 1967 4870 sacri-

387 4914 520 4983 legis
549 4910 761 4974 animis,
789 4909 903 4979 ipse
928 4907 1205 4976 displiceat
1224 4905 1311 4974 qui
1332 4904 1570 4974 juhehat.
1600 4905 1703 4960 Sed
1732 4908 1774 4961 si
1799 4907 1970 4975 placet

385 5007 473 5075 qui
503 5001 921 5072 obtemperabat,
966 4997 1233 5069 quomodo
1277 4996 1551 5065 diSpliceat
1594 4998 1683 5067 qui
1709 4997 1971 5066 jubebat?

448 5173 466 5206 ι
489 5178 590 5220 Am.
614 5176 687 5219 Er.
714 5177 767 5219 et
787 5174 1068 5232 Par.,_rt_est
1085 5166 1278 5232 inrident
1308 5164 1378 5232 ita
1407 5163 1645 5217 mirabile.
1661 5174 1768 5218 uss.
1792 5170 1970 5232 Regius

381 5242 442 5289 et
461 5235 664 5296 ltemig.,
683 5239 729 5281 et
750 5238 819 5281 est
840 5226 1072 5293 quiddam
1090 5228 1159 5279 ita
1182 5226 1416 5296 mirabile.

450 5300 469 5329 ³
490 5296 564 5344 sic
589 5289 686 5342 xm.
707 5299 781 5340 Er.
808 5289 907 5340 Par.
931 5298 983 5340 et
1012 5297 1094 5340 Ms.
1135 5292 1417 5351 segnis.“
1433 5295 1563 5343 μιν..
1588 5303 1696 5339 cum
1715 5289 1835 5341 nihil
1850 5291 1968 5342 mali

382 5356 595 5428 credidit
629 5368 761 5414 esse,
802 5361 898 5403 etc.
938 5352 1104 5410 Ulim.,
1151 5349 1261 5400 cuin
1297 5349 1417 5400 nihil
1459 5352 1574 5401 mali
1608 5366 1711 5403 esse
1746 5353 1963 5405 εγειιιιιαο

383 5427 450 5470 rit
468 5458 479 5477 ,
509 5429 605 5470 etc.

449 5473 476 5512 δ’
491 5482 565 5529 sic
584 5490 681 5529 Am.
700 5485 775 5527 tir.
801 5485 902 5527 Par.
923 5483 975 5525 et
991 5482 1096 5525 Mss.
1123 5482 1175 5523 Al
1190 5473 1324 5521 lliim.
1347 5482 1399 5521 et
1419 5480 1548 5536 t.ov.,
1573 5473 1620 5522 εἰ
1636 5474 1846 5536 quidem.

448 5542 469 5572 ⁸
494 5549 560 5590 tta
582 5549 686 5590 Mss.
712 5549 765 5590 Al.
782 5540 914 5595 editi,
932 5546 1140 5588 erectum
1164 5544 1248 5586 est.
1276 5542 1327 5599 Et
1349 5537 1419 5584 sic
1458 5534 1657 5599 Iflorns,‘
1686 5538 1770 5599 qui
1802 5547 1963 5585 taawn

385 5604 518 5656 solus
541 5608 586 5652 in
613 5606 771 5664 prima:
792 5617 803 5663 ι
821 5611 925 5664 arte
949 5600 1206 5649 sententia:
1232 5598 1395 5655 habet,
1415 5595 1634 5664 erigitur.

448 5669 470 5699 ⁸
494 5657 625 5722 Mss,
637 5657 843 5725 eumqui
864 5676 955 5713 non
972 5670 1093 5712 emt.
1125 5668 1227 5710 rost
1249 5668 1426 5710 timtmu
1452 5657 1748 5722 desperation
1778 5674 1843 5719 nt,
1869 5670 1957 5711 etc.

448 5751 518 5809 (ιι)
547 5755 577 5795 tt
604 5752 805 5795 netract.
826 5759 933 5808 cap.
956 5745 1033 5794 ‘22.
1066 5758 1113 5797 ιι.
1149 5744 1193 5792 2.

2080 436 2210 501 Quia
2259 440 2302 495 si
2333 442 2597 497 Abraham
2654 444 2791 501 bene
2836 445 2961 502 fecit
3003 446 3460 518 obtemperando;
3493 455 3659 511 multo

2072 533 2283 600 melius,
2310 543 2364 589 et
2390 534 2547 606 longe
2575 537 2785 603 melius,
2829 538 3228 609 incomparabili
3272 545 3456 613 modo,
3508 546 3651 605 Deus

2068 626 2325 696 jubendo.

2143 718 2369 774 CAPUT
2408 719 2469 774 ll.
2500 720 2643 774 —2.
2672 719 2813 776 Deus
2838 731 3036 778 tentans
3065 724 3320 779 Abraham
3353 726 3655 784 Manichaee

2071 812 2317 865 immerito
2346 811 2596 882 displicet.
2621 812 2872 870 Fortasse
2889 828 3281 872 sacramentum
3305 829 3577 888 quaeratur
3613 825 3653 878 ¹.

2073 899 2188 955 Non
2214 901 2357 956 enim
2408 902 2604 957 frustra
2657 902 2758 958 hoc
2785 903 2924 959 Deus
2959 904 3192 974 juberet,
3240 916 3332 963 aut
3372 913 3659 967 carnaliter

2073 993 2437 1063 accipiendum
2470 1005 2572 1063 est,
2599 995 2741 1066 quod
2789 996 2983 1052 lectum
3014 997 3242 1055 fortasse
3281 1005 3653 1060 nonnullorum

2076 1088 2250 1141 minus
2272 1083 2679 1155 intelligentiam
2692 1087 2854 1143 corda
2869 1091 3176 1146 commovit.
3199 1090 3446 1159 Teutavit,
3471 1097 3631 1166 inquit
3642 1139 3658 1160 ,
3719 1087 3722 1090 ’

2079 1174 2214 1230 Deus
2242 1175 2496 1230 Abraham
2525 1176 2545 1248 (
2571 1176 2697 1232 Gen.
2720 1194 2850 1244 un,
2887 1180 2908 1233 l
2941 1178 3090 1251 ).Sie
3134 1198 3263 1253 ergo
3316 1184 3532 1254 ignarus
3572 1197 3660 1242 est

2077 1267 2216 1322 Deus
2244 1283 2443 1335 rerum,
2490 1269 2568 1323 sic
2597 1270 2806 1325 nescius
2841 1271 3022 1326 cordis
3054 1274 3297 1339 humani,
3346 1283 3405 1330 ut
3453 1287 3659 1332 tentan-

2075 1356 2146 1412 do
2198 1356 2466 1413 hominem
2516 1359 2790 1415 inveniat?
2818 1362 2972 1417 Absit
3003 1379 3017 1416 :
3047 1363 3142 1419 sed
3168 1372 3225 1419 ut
3277 1365 3393 1435 ipse
3416 1366 3576 1422 homo
3600 1383 3659 1424 se

2079 1447 2330 1501 inveniat.
2377 1448 2556 1528 Primo
2611 1450 2825 1520 itaque,
2882 1450 3094 1519 fratres,
3152 1465 3368 1524 propter
3418 1457 3537 1512 illos
3568 1459 3657 1528 qui

2078 1538 2426 1593 adversantur
2444 1520 2571 1610 Legi
2592 1541 2780 1607 veteri,
2798 1538 3089 1610 Scriptura:
3114 1520 3353 1610 sanetam
3381 1548 3504 1617 quia
3520 1520 3659 1603 noii-

2080 1627 2210 1682 nulli
2252 1644 2356 1683 non
2408 1629 2761 1701 intelligentes
2790 1632 2944 1687 citius
2971 1632 3154 1688 volunt
3199 1639 3471 1706 exagitare
3519 1641 3660 1709 quod

2087 1736 2193 1775 non
2228 1721 2551 1799 intelligunt,
2578 1739 2735 1794 quam
2765 1740 3007 1794 qmerere
3038 1736 3096 1781 ut
3119 1727 3442 1798 intelligant;
3475 1740 3531 1785 et
3556 1747 3658 1787 non

2082 1811 2215 1866 ﬁunt
2244 1811 2473 1868 humiles
2523 1814 2862 1886 inquisitores
2880 1857 2896 1877 ,
2925 1816 3020 1871 sed
3070 1820 3282 1887 superbi
3311 1822 3656 1878 calumniato‘

2078 1917 2207 1957 res:
2240 1913 2456 1973 propter
2486 1904 2584 1960 hos
2604 1920 2733 1976 ergo
2779 1906 2871 1976 qui
2900 1906 3246 1979 Evangelium
3289 1913 3476 1967 volunt
3516 1916 3658 1969 acci-

2080 2008 2227 2063 pere,
2253 2004 2307 2049 et
2335 1995 2530 2066 Legem
2571 2005 2805 2052 veterem
2858 2012 3110 2068 respuere
3156 2016 3173 2067 ;
3205 2011 3450 2071 putantes
3497 2006 3660 2060 invia

2080 2082 2173 2138 Dei
2201 2100 2353 2154 posse
2378 2100 2438 2141 se
2464 2101 2604 2152 esse,
2631 2094 2686 2141 et
2711 2095 2858 2143 recte
2884 2103 2995 2143 uno
3019 2089 3155 2160 pede
3188 2092 3502 2161 ambulare;
3528 2112 3663 2166 quo-

2079 2175 2220 2229 niam
2242 2191 2346 2230 non
2366 2188 2491 2231 sunt
2510 2176 2711 2233 Scriba:
2731 2177 2922 2233 eruditi
2951 2178 3000 2232 in
3026 2195 3191 2250 regno
3208 2180 3333 2246 Dei,
3368 2185 3460 2254 qui
3487 2187 3661 2256 profe-

2078 2276 2203 2321 runt
2225 2267 2291 2321 de
2314 2267 2564 2322 thesauro
2589 2283 2688 2322 suo
2717 2284 2851 2324 nova
2881 2279 2936 2325 et
2956 2273 3164 2341 vetera(
3184 2273 3366 2329 Matth.
3392 2293 3503 2342 xnl,
3530 2279 3653 2349 52):

2083 2364 2298 2427 propter
2323 2357 2422 2413 hos
2445 2373 2572 2429 ergo
2597 2359 2749 2424 tales,
2794 2375 2860 2414 ne
2886 2361 2977 2431 qui
3022 2361 3159 2418 forte
3207 2363 3292 2419 hic
3318 2366 3535 2434 lateant,
3567 2379 3662 2425 aut

2081 2449 2180 2501 etsi
2208 2446 2294 2502 hic
2347 2463 2456 2503 non
2498 2457 2647 2512 sunt,
2686 2449 2915 2505 habeant
2943 2451 3034 2521 qui
3064 2452 3277 2519 adsunt,
3307 2455 3433 2525 quid
3472 2459 3664 2513 talibus

2079 2537 2457 2606 respondeant,
2519 2538 2751 2595 breviter
2790 2541 3045 2597 solvenda
3075 2553 3157 2600 est
3178 2545 3276 2600 ista
3302 2549 3541 2617 qumstio.
3570 2551 3662 2605 Di-

2079 2627 2251 2682 cimus
2264 2628 2475 2697 talibus,
2507 2630 2846 2700 Evangelium
2877 2633 3136 2703 accipitis,
3167 2634 3364 2705 Legem
3386 2654 3492 2692 non
3521 2640 3663 2694 acci-

2080 2715 2204 2786 pitis
2239 2734 2254 2773 :
2287 2732 2385 2773 nos
2428 2729 2607 2775 autem
2635 2721 2884 2790 dicimus,
2928 2724 3175 2780 eumdem
3227 2742 3347 2781 esse
3391 2728 3660 2799 Evangelii

2080 2804 2640 2862 misericordissimum
2670 2810 2995 2881 largitorem,
3019 2813 3108 2883 qui
3134 2816 3337 2872 exsﬁtit
3369 2814 3531 2873 etiam
3558 2818 3659 2875 Le-

2078 2896 2160 2968 gis
2182 2898 2435 2953 terribilis
2464 2898 2616 2953 lator.
2646 2900 2786 2972 Lege
2810 2903 2953 2957 enim
2975 2905 3183 2969 terruit,
3213 2907 3500 2979 Evangelio
3519 2926 3649 2966 con-

2079 3001 2266 3043 versos
2293 2991 2515 3055 sanavit,
2535 3006 2669 3061 quos
2690 3002 2746 3046 ut
2770 3004 3209 3053 converterentur
3238 3000 3267 3046 ⁸.
3287 2999 3430 3071 Lege
3455 3011 3662 3058 terrue-

2079 3088 2180 3133 rat.
2209 3078 2499 3150 Imperator
2529 3082 2675 3139 dedit
2720 3085 2916 3156 legem,
2942 3096 2997 3148 et
3024 3089 3190 3145 multa
3216 3093 3502 3149 commissa
3531 3106 3660 3153 sunt

2080 3180 2268 3227 contra
2298 3172 2467 3243 legem
2492 3190 2508 3241 ;
2536 3175 2620 3230 lex
2645 3191 2803 3247 quam
2827 3178 2977 3235 dedit
3020 3180 3335 3252 imperator,
3365 3200 3470 3240 non
3500 3202 3661 3242 nove-

2081 3273 2162 3318 rat
2199 3264 2300 3319 nisi
2349 3266 2535 3335 punire
2581 3278 2903 3337 peccantes:
2935 3272 3171 3328 restabat
3197 3289 3349 3344 ergo,
3378 3284 3435 3330 ut
3462 3276 3528 3331 ad
3555 3279 3662 3333 sol-

2080 3355 2250 3410 venda
2271 3355 2459 3411 delicta
2483 3373 2693 3426 eorum,
2730 3359 2843 3430 ipse
2890 3376 3010 3416 cum
3065 3362 3389 3435 indulgentia
3427 3369 3654 3435 veniret,

2079 3447 2169 3517 qui
2197 3447 2365 3517 legem
2393 3451 2741 3518 pra-miserat.
2768 3452 2871 3508 Sed
2895 3454 3022 3524 quid
3051 3455 3177 3511 dicit
3205 3472 3513 3527 perversum
3544 3478 3659 3525 cor,

2078 3537 2201 3606 quia
2242 3537 2371 3592 dicit
2421 3541 2664 3609 accipere
2712 3556 2772 3596 se
2822 3543 3163 3615 Evangelium
3188 3547 3229 3613 ³,
3268 3548 3461 3620 Legem
3531 3569 3663 3609 vero

2080 3628 2367 3698 respuere?
2395 3628 2569 3696 Quare
2594 3632 2834 3701 respuit?
2881 3634 3016 3701 Quia
3042 3637 3297 3706 scriptum
3325 3650 3427 3706 est,
3459 3642 3661 3712 inquit,

2083 3718 2307 3774 Tentavit
2330 3719 2468 3776 Deus
2498 3722 2771 3777 Abraham.
2803 3725 2914 3794 Ego
2937 3726 3102 3781 Deum
3131 3729 3301 3783 colam
3333 3733 3422 3800 qui
3464 3736 3663 3789 tentant?

2079 3810 2503 3879 Christmncole,
2531 3829 2690 3883 quem
2707 3812 2871 3870 habes
2887 3816 2941 3871 in
2973 3815 3286 3888 Evangelio.
3317 3820 3434 3891 Ipse
3474 3831 3527 3877 te
3571 3840 3660 3879 re-

2079 3913 2231 3957 vocat
2256 3902 2322 3957 ad
2346 3903 2740 3974 intelligendam
2770 3905 2988 3976 Legem.
3018 3906 3125 3963 Sed
3155 3911 3275 3979 quia
3310 3928 3414 3966 non
3438 3916 3662 3971 transie-

2078 4001 2205 4048 runt
2244 3993 2313 4049 ad
2351 3995 2644 4059 Christum,
2675 3998 2727 4051 in
2761 4012 2859 4054 suo
2886 3999 3253 4069 phantasmate
3267 4019 3659 4063 remanserunt.

2076 4081 2196 4137 Non
2217 4083 2358 4138 enim
2378 4085 2556 4140 colunt
2575 4083 2874 4153 Christum,
2899 4090 3073 4159 qualis
3091 4092 3471 4159 praedicaturin
3487 4096 3671 4151 Evam

2077 4175 2250 4245 gelio;
2281 4175 2376 4230 sed
2400 4176 2611 4246 qualem
2641 4176 2739 4247 ipsi
2752 4178 2851 4233 sibi
2880 4179 3166 4236 finxerunt.
3193 4183 3479 4254 Pr0pterea
3498 4202 3662 4257 super

2077 4266 2317 4321 velamen
2335 4267 2571 4323 stultitia:
2605 4282 2717 4323 sua:
2748 4270 3024 4338 naturalis,
3041 4272 3243 4329 addunt
3259 4276 3488 4333 alterum
3517 4283 3662 4335 vela-

2075 4373 2197 4413 men
2216 4373 2479 4429 perversa:
2489 4359 2771 4429 opinionis.
2786 4360 2851 4416 Et
2868 4363 3079 4432 quando
3098 4381 3192 4434 per
3201 4366 3394 4438 duplex
3417 4371 3664 4429 velamen

2078 4449 2271 4519 poterit
2295 4448 2461 4505 videri
2491 4451 2629 4521 quod
2658 4454 2799 4508 lucet
2826 4454 2879 4509 in
2911 4455 3238 4527 Evangelio?

2145 4540 2372 4597 CAPUT
2410 4540 2496 4596 lll.
2531 4572 2601 4583 ——
2628 4543 2881 4614 Displicet
2924 4546 3018 4601 tibi
3068 4557 3279 4605 tentans
3332 4551 3492 4620 Deus,
3547 4554 3664 4610 dis-

2077 4631 2268 4700 pliceat
2334 4633 2425 4688 tibi
2470 4641 2681 4690 tentans
2729 4636 2995 4692 Christus.
3061 4639 3166 4695 Sed
3231 4657 3350 4696 cum
3406 4645 3666 4714 placuerit

2076 4724 2168 4780 tibi
2193 4732 2402 4781 tentans
2419 4725 2683 4796 Christus,
2700 4727 2904 4797 placeat
2917 4730 3007 4784 tibi
3024 4740 3233 4788 tentans
3251 4734 3407 4792 Deus.
3430 4738 3494 4795 Et
3509 4739 3661 4796 Chri-

2076 4828 2188 4873 stus
2207 4817 2349 4873 enim
2375 4817 2542 4873 Filius
2570 4819 2662 4873 Dei
2695 4819 2856 4889 Deus,
2876 4829 3062 4876 etcum
3083 4802 3502 4884 PatreChristus
3523 4847 3663 4889 unus

2078 4910 2344 4967 Deus.Ubi
2370 4910 2759 4982 igiturlegimus
2785 4920 3074 4970 tentantcm
3094 4915 3401 4973 Christum?
3418 4920 3657 4993 Evange-

2077 5002 2204 5056 lium
2226 5001 2488 5072 loquitur:
2517 5002 2590 5056 ait
2615 5002 2754 5057 enim
2774 5001 3039 5074 Philippo,
3074 5004 3222 5061 Unde
3240 5024 3457 5066 amemus
3482 5030 3658 5082 panes,

2075 5103 2130 5146 ut
2146 5094 2446 5148 manducent
2461 5093 2515 5147 hi
2529 5092 2549 5123 ⁸
2564 5093 2591 5148 2
2614 5093 2680 5147 Ει
2702 5094 2940 5163 sequitur
2967 5097 3298 5168 Evangelista
3320 5119 3333 5154 :
3360 5101 3474 5156 Hoc
3490 5119 3663 5162 autem

2074 5185 2485 5252 dicebat,tentans
2506 5200 2618 5239 eum
2634 5200 2654 5244 :
2675 5184 2785 5255 ipse
2805 5186 2937 5239 enim
2953 5188 3140 5243 sciebat
3155 5190 3278 5262 quid
3292 5200 3417 5245 esset
3431 5194 3663 5262 fait-mm

2075 5270 2093 5338 (
2119 5268 2274 5323 Joan.
2301 5284 2375 5333 γι,
2407 5267 2605 5339 5et6).
2634 5266 2797 5323 Refer
2821 5284 2962 5325 nunc
2981 5276 3215 5327 animum
3240 5273 3309 5329 ad
3338 5275 3501 5331 Deum
3536 5287 3661 5337 ten-

2076 5371 2272 5416 tantem
2297 5360 2586 5416 Abraham.
2617 5360 2728 5417 [loc
2763 5364 2906 5417 enim
2938 5363 3147 5420 dicebat
3172 5373 3227 5421 ct
3254 5366 3414 5431 Deus,
3443 5376 3659 5426 tentans

2136 5498 2150 5528 ¹
2179 5490 2436 5555 queritur,
2455 5493 2592 5555 juxta
2608 5499 2683 5542 Er.
2731 5499 2788 5542 at.

2134 5559 2153 5588 ι
2177 5558 2249 5605 sic
2292 5563 2396 5604 MSS.
2422 5556 2535 5604 t-Jditi
2562 5568 2695 5614 vero,
2720 5562 2774 5604 nt
2795 5560 3099 5608 converteret.

2135 5620 2156 5650 ³
2175 5617 2373 5667 codices
2390 5624 2515 5680 Mss,
2537 5617 2656 5676 quid
2678 5616 2796 5668 dicit
2812 5615 2849 5680 ?_
2866 5616 3082 5680 accipere
3102 5631 3171 5677 se,
3196 5625 3291 5669 etc.

2133 5680 2155 5712 ι
2177 5680 2250 5729 sic
2273 5685 2378 5729 Mss.
2404 5678 2520 5728 Editi
2542 5687 2723 5737 autem,
2762 5678 2989 5729 Habentes
3013 5694 3176 5744 poma,
3197 5683 3307 5731 date
3331 5681 3425 5733 illis
3461 5685 3655 5734 mund»

2069 5753 2199 5795 care.
