4024 6202
290 337 360 390 99
1014 277 1039 295 ”
1761 328 1987 384 SERth
2027 328 2089 384 ιι.

298 448 557 505 Abraham
589 466 602 500 :
631 449 746 518 ipse
791 448 937 504 enim
988 448 1192 503 sciebat
1254 448 1378 519 quid
1432 456 1575 502 esset
1621 446 1874 502 facturus.

298 542 612 613 rtgnostritur
657 549 898 596 tcntator
954 541 1199 595 Christus
1224 582 1241 606 ,
1287 541 1594 609 agnoscitur
1650 546 1881 592 tentatur

298 629 439 689 Deus
463 650 480 685 :
511 631 805 700 corrigatur
847 640 1079 685 tentatur
1121 631 1421 709 hmreticns.
1475 630 1591 684 Non
1619 628 1761 684 enim
1802 629 1880 681 sic

301 733 477 778 teutat
501 723 794 805 bmrrtipus,
839 720 1111 792 quomodo
1136 731 1303 777 tentat
1349 722 1512 776 Deus.
1564 720 1706 776 Deus
1733 719 1875 774 enim

301 823 469 870 tentat
496 816 531 880 ',
547 824 599 868 ut
617 814 822 885 aperiat
849 812 1049 867 homini
1073 831 1087 868 :
1115 813 1399 869 haereticus
1421 820 1610 879 tentat,
1632 818 1690 865 ut
1713 810 1876 865 Deum

301 907 401 959 sibi
425 905 647 960 claudat.

358 998 407 1052 3.
468 994 690 1050 Tentare
731 995 829 1051 Dei
848 1036 865 1060 ,
904 1012 1007 1064 quo
1054 1004 1265 1063 spectat.
1309 995 1447 1065 Ergo
1474 992 1683 1048 noverit
1740 990 1874 1046 Cha.

296 1086 425 1140 ritas
470 1097 667 1145 vestra.
694 1087 990 1142 tentatione
1015 1086 1181 1141 Deum
1219 1101 1323 1141 non
1361 1085 1435 1140 id.
1462 1099 1641 1155 agerc,
1672 1090 1730 1137 ιιι
1762 1082 1874 1151 ipse

284 1177 481 1248 aliquid
533 1188 825 1246 cognoscat
892 1177 1036 1247 quod
1097 1186 1224 1233 ante
1296 1175 1563 1231 nesciebat
1604 1190 1620 1241 ;
1668 1173 1769 1228 sed
1818 1182 1875 1225 ut

288 1267 400 1334 ipso
428 1276 693 1333 tentante,
726 1267 778 1321 id
803 1277 887 1322 est
914 1266 1295 1336 interrogante,
1319 1264 1459 1335 quod
1489 1273 1573 1319 est
1612 1265 1665 1317 in
1695 1262 1871 1315 humi-

287 1374 352 1408 ne
379 1358 642 1411 occultum
689 1357 961 1427 prodatur.
991 1356 1106 1411 Non
1136 1357 1277 1411 enim
1305 1357 1404 1410 sibi
1434 1355 1593 1408 homo
1618 1355 1687 1407 ita
1716 1361 1869 1407 notus

284 1461 393 1512 est,
430 1460 489 1503 ut
505 1450 784 1514 Creatori;
812 1464 908 1503 nec
937 1449 1018 1502 sic
1042 1464 1184 1518 a'gcr
1207 1448 1307 1502 sibi
1357 1457 1642 1518 notus_cst,
1671 1455 1727 1499 ut
1753 1459 1869 1499 me-

283 1539 425 1593 diro.
448 1539 699 1609 Egrotat
719 1540 918 1603 homo;
950 1539 1067 1609 ipse
1089 1516 1304 1608 patitur,
1335 1516 1575 1592 meditms
1600 1551 1703 1590 non
1737 1534 1870 1603 pati-

282 1641 401 1693 tur;
423 1639 480 1684 et
504 1630 683 1684 abillo
704 1630 797 1699 qui
841 1643 949 1685 non
1002 1629 1219 1699 patitm,
1248 1635 1524 1697 exspectat
1569 1625 1753 1680 audire
1778 1625 1867 1693 qui

284 1720 511 1785 patitur.
548 1718 677 1773 Ideo
719 1719 771 1772 in
811 1719 1027 1773 Psalmo
1055 1718 1251 1773 clamat
1300 1717 1463 1771 humo
1497 1734 1509 1769 :
1542 1714 1616 1769 Ab
1660 1714 1869 1769 occultis

285 1810 411 1862 meis
436 1814 629 1864 munda
649 1826 748 1878 me,
782 1810 999 1865 Domine
1022 1811 1040 1881 (
1069 1809 1212 1865 Psal.
1258 1826 1409 1875 mn,
1435 1810 1503 1865 13
1521 1809 1562 1880 ).
1584 1808 1718 1876 Quia
1744 1815 1870 1862 sunt

283 1902 334 1954 in
373 1900 594 1956 homine
635 1901 844 1956 occulta
871 1902 973 1971 ipsi
1022 1902 1225 1957 homini
1250 1900 1304 1956 ib
1334 1915 1440 1971 quo
1487 1909 1650 1965 sunt;
1678 1906 1866 1954 etnon

281 1993 599 2059 pmcednnt,
623 2008 799 2062 neque
816 1993 1149 2063 aperiuntur,
1173 2009 1345 2063 neque
1365 1992 1731 2055 inveniuntur,
1760 1989 1863 2044 nisi

282 2081 749 2137 iutmtationibus.
776 2081 831 2136 Si
863 2082 1005 2138 Deus
1028 2092 1201 2138 cessat
1229 2091 1454 2148 tentare,
1484 2081 1736 2152 magister
1750 2093 1869 2135 ces-

282 2180 356 2225 sat
395 2172 615 2227 docere.
643 2172 754 2228 Sed
791 2174 936 2229 Deus
992 2182 1179 2238 tentat,
1230 2182 1288 2228 ut
1332 2173 1564 2238 doceat;
1624 2171 1868 2228 diabolus

284 2271 465 2329 tentat,
502 2274 563 2318 ut
613 2264 870 2332 decipiat.
918 2262 1014 2319 Cui
1065 2274 1239 2320 tamen
1270 2264 1372 2320 nisi
1401 2264 1491 2320 ille
1517 2265 1607 2334 qui
1635 2271 1868 2318 tentatur

283 2355 491 2410 dederit
516 2356 717 2419 locum,
735 2357 912 2411 inanis
934 2356 1151 2410 lt‘llL‘IliO
1163 2366 1219 2411 et
1234 2356 1501 2411 irridenda
1530 2371 1626 2426 rrp
1646 2356 1807 2408 -llitnr
1823 2356 1865 2408 ’.

282 2444 400 2501 Ideo
419 2447 742 2516 Apostolus:
764 2445 941 2517 Neque
960 2448 1106 2512 ortis,
1124 2447 1217 2511 ait,
1235 2446 1401 2500 locum
1416 2444 1616 2498 diabolo
1637 2445 1656 2517 (
1676 2445 1865 2515 [ip/res.

283 2552 353 2601 tv,
378 2536 451 2591 27
475 2537 513 2609 ).
546 2538 683 2591 Dant
721 2547 898 2593 autem
942 2537 1117 2592 locum
1145 2537 1390 2592 homines
1412 2535 1625 2591 diabolo
1649 2551 1712 2591 ex
1738 2550 1867 2590 con-

283 2629 621 2697 cupisccntiis
638 2629 777 2685 suis.
798 2627 915 2683 Non
942 2629 1082 2682 enim
1110 2628 1549 2683 videnthomines
1574 2626 1864 2689 diabolum,

281 2736 398 2774 cum
425 2736 531 2789 quo
561 2729 799 2789 pugnant
827 2736 846 2773 :
875 2720 974 2774 sed
1022 2720 1176 2775 facile
1205 2720 1401 2773 habent
1435 2719 1749 2773 remedium.
1796 2718 1867 2773 Se

299 2824 426 2877 psus
461 2811 685 2864 interius
721 2810 958 2873 vincant,
1006 2818 1062 2865 ct
1098 2809 1166 2865 de
1206 2810 1300 2865 illo
1346 2810 1473 2863 foris
1519 2809 1864 2877 triumphant.

277 2899 456 2966 Quare
484 2900 587 2954 huc
629 2898 902 2955 dicimus?
946 2899 1077 2967 Quia
1119 2899 1289 2955 nescit
1340 2914 1399 2955 se
1455 2898 1635 2964 homo,
1682 2898 1781 2952 nisi
1814 2896 1866 2952 in

279 2991 577 3046 mutatione
600 2992 773 3047 discat
791 3006 869 3046 se.
910 2990 1045 3045 Cum
1084 3000 1261 3045 autem
1286 2989 1531 3044 didicerit
1558 3004 1639 3051 se.
1669 3005 1774 3043 nun
1809 3004 1868 3043 se

280 3080 529 3151 negligat.
556 3080 614 3136 Si
639 3082 780 3136 enim
797 3096 857 3137 se
884 3080 1185 3151 negligebat
1211 3080 1484 3145 latentem,
1525 3096 1629 3133 non
1659 3095 1720 3134 se
1773 3096 1867 3133 ne-

276 3174 443 3242 gligat
465 3180 677 3226 notum.

339 3267 403 3320 4.
430 3264 570 3331 Quid
605 3266 735 3334 ergé
759 3263 1006 3329 dicimus,
1028 3262 1253 3319 fratres?
1273 3263 1386 3319 Etsi
1407 3263 1607 3319 sciebat
1619 3279 1679 3320 se
1703 3265 1869 3320 Abra-

276 3355 403 3409 ham
435 3394 455 3420 ,
519 3370 619 3409 nus
671 3370 780 3409 non
836 3368 1162 3409 noveramus
1215 3354 1506 3409 Abraham.
1562 3356 1670 3410 Aut
1719 3356 1866 3421 sibi,

272 3457 364 3501 aut
407 3456 559 3502 certe
590 3447 750 3502 nobis
774 3446 1082 3517 prodendus
1105 3457 1220 3503 erat
1251 3464 1265 3501 :
1293 3447 1428 3513 sibi,
1457 3458 1516 3502 ut
1540 3448 1702 3504 sciret
1732 3449 1870 3504 unde

274 3540 482 3609 gratias
517 3549 698 3608 ageret
722 3555 738 3604 ;
766 3537 954 3601 nobis,
981 3546 1037 3593 ut
1064 3538 1322 3594 sciremus
1348 3538 1427 3594 vel
1453 3539 1578 3609 quid
1595 3554 1625 3593 a
1645 3540 1872 3594 Domino

272 3632 717 3700 deprecaremur,
750 3628 835 3684 vel
861 3627 991 3699 quid
1022 3628 1075 3683 in
1106 3628 1321 3684 homine
1345 3629 1693 3685 imitaremur.

336 3718 573 3775 CAPUT
595 3718 681 3773 IV.
710 3719 959 3805 3-.-
1004 3734 1136 3803 ω’δῖ
1157 3718 1436 3807 langueat
1462 3720 1730 3807 Abraham
1752 3720 1875 3776 ?'Ut

272 3805 506 3865 breviter
530 3794 728 3877 dicam,
736 3788 807 3865 ut.
942 3788 1438 3881 bonpt'éepobanuis
1455 3800 1595 3881 quod
1604 3800 1696 3864 dat
1712 3812 1870 3866 Deus.

271 3900 492 3955 Interim
512 3901 582 3955 ad
608 3901 835 3956 litteram
864 3916 1041 3956 rerum
1068 3910 1360 3972 gestarum,
1383 3910 1667 3971 antequam
1687 3909 1878 3957 tracta.

271 4000 357 4047 tur
370 3993 571 4048 latebra
584 3992 985 4059 saeramebtigid
995 3993 1083 4059 ἒέι
1096 3991 1227 4065 quid
1236 3991 1465 4050 latea't'iu
1479 4000 1580 4050 hoc
1600 4010 1681 4067 my
1690 3997 1871 4059 sterio,

270 4103 378 4155 quo
407 4085 696 4154 jussus-test
723 4085 1258 4141 Abrahamcdcidere
1282 4086 1708 4141 unicum-litium.
1735 4086 1876 4157 Ergo

272 4192 371 4228 nec
396 4175 520 4229 illud
548 4176 692 4246 quod
720 4176 810 4231 tibi
833 4191 928 4246 pro
948 4192 1140 4246 magno
1163 4186 1377 4247 praestat
1396 4177 1566 4244 Deus,
1600 4193 1876 4249 prmponas

273 4265 345 4317 illi
384 4266 471 4331 qui
520 4266 799 4334 prmstitit;
826 4275 880 4321 et
898 4281 1016 4320 cum
1041 4266 1132 4321 tibi
1156 4266 1378 4322 voluerit
1398 4266 1738 4334 subtrahere,
1771 4285 1872 4323 non

280 4356 375 4408 tibi
425 4355 645 4410 vilescat
691 4372 705 4409 :
751 4357 875 4425 quia
897 4356 918 4387 ³
942 4357 1106 4426 gratis
1146 4356 1407 4412 amandus
1429 4367 1513 4412 est
1537 4357 1692 4412 Deus.
1722 4359 1875 4428 Quod

264 4447 408 4499 cnim
437 4447 643 4502 dulcius
666 4463 697 4501 a
728 4448 836 4502 Deo
877 4448 1186 4518 praemium,
1212 4465 1370 4518 quam
1393 4450 1505 4519 ipse
1530 4450 1706 4505 Deus?

336 4541 396 4595 5.
440 4539 580 4595 Deus
630 4541 821 4595 discere
868 4542 1053 4595 dicitur
1074 4583 1091 4607 ,
1145 4557 1259 4596 cum
1308 4543 1431 4612 facit
1491 4551 1543 4596 ut
1594 4543 1868 4606 discamus.

266 4629 407 4699 frgo
478 4630 696 4698 impleta
782 4629 1049 4685 Abraham
1137 4629 1436 4686 devotionis
1516 4632 1819 4689 obedientia
1853 4675 1868 4700 ,

266 4719 419 4774 audit
460 4735 492 4773 a
534 4721 681 4788 Deo,
730 4721 884 4776 Nunc
920 4723 1130 4794 cognovi
1172 4724 1410 4795 quoniam
1454 4734 1508 4778 tu
1534 4725 1679 4781 times
1704 4724 1868 4781 Deum

264 4810 431 4876 (Gen.
459 4828 566 4866 nn
588 4854 605 4878 ,
636 4813 748 4884 12).
782 4813 935 4880 Quod
967 4814 1036 4870 ita
1063 4814 1405 4885 intelligitur,
1437 4816 1578 4886 quod
1602 4818 1869 4873 Abraham

272 4902 470 4959 fecerit
498 4904 638 4959 Deus
666 4914 725 4959 ut
750 4906 852 4960 sibi
881 4907 1260 4962 innotesceret.
1288 4905 1437 4964 Sicut
1459 4908 1671 4978 quando
1700 4910 1871 4981 loqui-

263 5004 359 5047 tur
396 4996 654 5063 propheta
688 4994 1037 5067 (Christianis
1077 4997 1303 5067 loquor,
1349 4998 1432 5053 vel
1473 5000 1870 5068 proﬁcientibus

262 5083 318 5138 in
341 5084 531 5139 schola
561 5085 654 5140 Dei
679 5103 696 5150 ;
723 5102 829 5142 non
857 5095 982 5141 sunt
1003 5086 1155 5142 rudia
1182 5102 1281 5143 nec
1304 5103 1442 5143 nova
1467 5105 1585 5159 qua:
1608 5090 1750 5156 dico,
1773 5092 1866 5147 sed

257 5187 460 5230 ποειτκ
490 5175 769 5231 Sanctitati
797 5177 1071 5233 nobiscum
1103 5178 1451 5234 nsitatissima
1475 5189 1529 5235 et
1549 5180 1868 5237 manifestis-

256 5265 425 5334 sima)
470 5265 688 5334 quando
714 5266 968 5337 propheta
996 5268 1251 5338 loquitur,
1278 5268 1404 5340 quid
1429 5269 1698 5326 dicimus?
1723 5272 1868 5328 Dixit

258 5356 430 5423 Delta,
454 5356 617 5427 plane
641 5357 870 5414 dicimus
885 5358 927 5415 ⁵.
951 5359 1188 5415 Dicimus
1211 5361 1393 5429 etiam,
1421 5361 1562 5417 Dixit
1583 5363 1862 5434 propheta.

326 5491 345 5523 ί
358 5492 443 5540 llic
456 5497 585 5561 stas"
599 5493 943 5561 intermisso,
957 5505 1051 5543 non
1065 5491 1193 5561 enim
1208 5492 1279 5544 sic
1294 5482 1440 5547 téntat
1457 5494 1730 5561 hwreticus,
1749 5500 1865 5550 sub-

256 5556 491 5614 juugmu,
514 5552 755 5613 (iuonde
774 5552 1074 5618 tentatpeus
1091 5554 1116 5605 ?
1129 5564 1266 5618 gneus
1286 5561 1454 5618 tentet,
1483 5566 1578 5608 etc.

331 5618 442 5684 ξιτ.
462 5612 564 5684 Par.
588 5622 640 5684 et
660 5621 787 5684 stas,
812 5612 967 5684 inanis
982 5621 1028 5665 et
1044 5615 1326 5684 inridendus
1350 5612 1614 5684 repellitur.

330 5677 349 5707 ³
374 5684 477 5725 us.
504 5677 774 5743 Regiusuet
799 5679 1005 5742 t:emig.,
1046 5679 1146 5743 qui.

334 5750 352 5770 ⁶
380 5750 504 5799 ω..
534 5739 648 5792 bene
666 5738 888 5790 dicimus.

1993 444 2057 498 Et
2101 455 2380 518 utrumque
2410 459 2553 505 recte
2579 449 2802 506 dicimus
2822 494 2837 517 ,
2867 460 2924 508 et
2950 461 3233 525 utrumque
3261 454 3315 510 in
3345 456 3576 513 auctori-

1987 546 2093 590 tate
2124 539 2438 595 invenimus.
2471 542 2535 595 Et
2560 543 2797 611 Apostoli
2824 546 2902 600 sic
2928 545 3310 602 intellexerunt
3334 548 3573 618 PrOpheo

1986 634 2065 680 tas
2085 667 2097 688 ,
2128 636 2183 682 ut
2206 627 2445 684 dicerent
2462 672 2477 697 ,
2504 631 2649 686 Dixit
2669 631 2829 689 Deus.
2854 635 2921 689 Et
2939 636 3046 690 alio
3066 637 3202 701 loco,
3221 637 3367 693 Dixit
3383 636 3572 694 Isaiam

1985 715 2278 788 Utrumque
2319 737 2505 777 verum
2551 733 2670 789 est,
2713 724 2836 794 quia
2879 736 3161 797 utrumque
3196 728 3497 789 invenimus
3521 731 3575 785 in

1981 807 2289 880 Scripturis.
2312 811 2494 868 Solvat
2521 815 2649 869 mihi
2675 815 2996 872 cbristianus
3021 818 3387 888 quaestionem,
3416 836 3575 889 quam

1981 899 2143 954 modo
2174 902 2421 971 proposui
2448 919 2463 969 ;
2494 913 2548 958 et
2576 905 2749 960 solvet
2768 905 2897 969 sibi,
2931 922 3088 976 quam
3118 908 3274 977 paulo
3301 918 3425 964 ante
3456 922 3574 978 pro-

1982 988 2154 1055 posui.
2185 989 2506 1055 Quomodo?
2529 993 2661 1061 Quia
2687 994 2829 1064 quod
2854 995 3014 1050 homo
3032 997 3159 1051 dicit
3182 997 3248 1051 de
3268 999 3413 1053 dono
3437 1000 3570 1065 Dei,

1980 1076 2120 1133 Dens
2140 1078 2304 1135 dicit:
2327 1084 2618 1137 secundum
2646 1084 2773 1139 illud
2792 1126 2808 1146 .
2839 1083 2960 1140 Non
2984 1087 3118 1141 enim
3144 1104 3229 1141 vos
3254 1088 3370 1141 estis
3388 1090 3475 1159 qui
3496 1090 3572 1143 lo-

1976 1168 2187 1235 quimini
2226 1170 2436 1240 (Matth.
2482 1190 2545 1238 ιι,
2588 1174 2715 1245 20),
2759 1186 2812 1231 et
2850 1185 3080 1243 ca:tcra;
3108 1188 3162 1235 et
3191 1180 3410 1246 iterum,
3439 1179 3574 1238 Ecce

1978 1275 2068 1328 ego
2125 1260 2318 1317 Paulus
2363 1265 2543 1334 loquor
2585 1268 2723 1321 vobis
2765 1267 2961 1337 (Galat.
3007 1287 3072 1334 v,
3116 1269 3213 1339 9.);
3255 1281 3312 1326 et
3347 1272 3571 1338 iterum,

1976 1349 2208 1406 Clu-istas
2232 1354 2318 1422 qui
2346 1356 2397 1408 in
2423 1373 2503 1410 me
2525 1357 2752 1425 loquitur
2779 1358 2844 1431 (Il
2872 1358 2990 1413 Cor.
3025 1376 3148 1422 xm,
3175 1360 3256 1431 3).

2045 1440 2272 1498 CAPUT
2318 1444 2377 1498 V.
2409 1476 2481 1485 --
2506 1446 2649 1517 Ergo
2672 1449 2824 1503 istam
2855 1450 3086 1520 regulam
3105 1492 3120 1517 ,
3148 1449 3374 1517 fratres,
3396 1461 3571 1508 trans-

1977 1534 2108 1588 l'erte
2153 1535 2219 1590 ad
2266 1537 2395 1592 illud
2437 1540 2579 1608 quod
2616 1540 2900 1611 aliquando
2939 1552 3230 1597 tortuosum
3258 1543 3569 1611 videbatur,

1973 1634 2023 1679 et
2057 1636 2260 1681 rectum
2286 1629 2408 1683 erit.

2044 1717 2099 1771 6.
2120 1716 2417 1788 Expectabo
2437 1720 2505 1773 ad
2529 1720 2709 1774 Deum.
2737 1722 2887 1776 Illum
2903 1738 3030 1794 ergo
3046 1738 3235 1778 omnes
3249 1724 3567 1792 intueamur,

1972 1817 2029 1862 nt
2071 1810 2369 1877 esurientes
2412 1811 2618 1866 animas
2663 1822 2875 1870 nostras
2920 1814 3007 1870 ille
3045 1824 3256 1884 pascat,
3309 1815 3401 1886 qui
3440 1832 3568 1872 esu-

1971 1897 2095 1952 rit-it
2163 1909 2379 1969 propter
2456 1916 2594 1968 nos;
2666 1903 2757 1974 qui
2822 1919 3023 1975 pauper
3078 1905 3248 1961 factus
3279 1915 3397 1973 est,
3444 1921 3567 1964 cum

1970 1988 2120 2043 dives
2159 1999 2347 2054 esset,
2392 2000 2450 2047 ut
2480 1992 2647 2062 ipsius
2700 2004 3007 2065 paupertate
3058 2011 3157 2051 uos
3180 1996 3475 2052 ditaremur
3499 1998 3567 2069 (ll

1971 2078 2089 2133 Cor.
2141 2096 2256 2147 vni,
2305 2080 2384 2153 9).
2434 2082 2744 2154 Opportune
2788 2084 2856 2140 ad
2899 2100 3022 2141 eum
3078 2088 3235 2156 paulo
3266 2098 3392 2143 ante
3435 2103 3565 2143 can-

1972 2171 2197 2224 tavimus
2241 2190 2255 2224 :
2287 2171 2473 2226 Omnia
2508 2184 2615 2229 ate
2657 2176 2674 2207 ¹
2705 2185 3028 2245 exspectant,
3069 2185 3124 2229 ut
3162 2177 3250 2230 des
3272 2178 3376 2232 illis
3403 2194 3568 2232 eseam

1970 2261 2023 2314 in
2070 2272 2292 2330 tempore
2328 2271 2613 2330 opportuno
2657 2262 2833 2334 (Psal.
2887 2280 2981 2320 cm
3021 2305 3037 2332 ,
3091 2264 3209 2335 27).
3258 2266 3313 2321 Si
3356 2266 3525 2320 omnia
3547 2309 3565 2332 ,

1971 2365 2161 2404 onmes
2201 2367 2216 2404 :
2260 2351 2305 2405 si
2345 2366 2533 2407 omnes
2555 2392 2571 2416 ,
2614 2361 2671 2408 ct
2694 2368 2812 2408 nos.
2842 2353 2960 2409 Non
2985 2371 3113 2425 ergo
3136 2356 3180 2411 si
3209 2356 3333 2426 quid
3365 2357 3487 2412 boni
3513 2359 3567 2412 in

1969 2454 2218 2495 sermone
2258 2440 2431 2495 daturi
2468 2458 2690 2510 sumus,
2726 2458 2825 2499 nos
2859 2444 3134 2512 dabimus,
3163 2447 3258 2502 sed
3285 2447 3375 2503 ille
3400 2463 3430 2502 a
3459 2464 3568 2519 quo

1968 2543 2158 2583 omnes
2197 2530 2525 2600 accipimus;
2567 2535 2690 2601 quia
2715 2549 2903 2590 omnes
2926 2538 2992 2589 ad
3019 2551 3140 2591 eum
3165 2548 3561 2608 exspectamus.

1968 2618 2203 2689 Tempus
2226 2629 2343 2687 est,
2368 2621 2459 2677 det
2489 2640 2503 2677 :
2531 2623 2625 2678 sed
2652 2622 2908 2681 faciamus
2928 2627 3070 2696 quod
3089 2627 3256 2694 dixit,
3284 2639 3341 2684 ut
3362 2628 3488 2696 det;
3513 2630 3565 2685 id

1969 2718 2082 2775 est,
2122 2722 2498 2781 exspectemus
2533 2712 2602 2769 ad
2639 2729 2800 2783 eum,
2841 2715 3013 2794 ipsum
3039 2718 3201 2774 corde
3224 2719 3562 2776 intueamur:

1969 2801 2091 2869 quia
2118 2802 2256 2857 sicut
2280 2803 2422 2857 oculi
2449 2805 2693 2875 corporis
2710 2815 2764 2861 et
2780 2821 2938 2862 aures
2956 2807 3023 2863 ad
3044 2823 3161 2875 nos,
3184 2808 3254 2864 ita
3280 2811 3419 2866 oculi
3441 2825 3563 2866 cur-

1968 2891 2053 2946 dis
2071 2902 2125 2947 et
2144 2909 2301 2949 aures
2320 2893 2385 2948 ad
2409 2895 2579 2951 illum.
2607 2896 2827 2953 Patente
2855 2914 2984 2954 aure
3001 2902 3022 2932 ²
3049 2901 3226 2956 cordis
3250 2901 3431 2957 audite
3446 2918 3563 2958 ma-

1969 2996 2131 3052 gnum
2173 2993 2588 3041 sacramentum.
2613 2986 2805 3043 Omnia
2828 2988 3041 3059 quidem
3068 2999 3400 3047 sacramenta
3424 2991 3564 3048 divi-

1975 3088 2163 3127 narmn
2193 3073 2589 3145 Scripturarum
2612 3077 2793 3149 utique
2812 3094 3000 3150 magna
3027 3089 3185 3151 atque
3204 3081 3382 3137 divina
3400 3094 3525 3139 sunt
3547 3102 3562 3137 :

1969 3178 2093 3221 sunt
2115 3175 2289 3222 tamen
2317 3168 2624 3240 insigniora,
2653 3171 2925 3243 magisque
2946 3173 3230 3243 praecipua,
3250 3190 3370 3245 qua:
3391 3177 3562 3231 maxi-

1973 3274 2059 3312 me
2079 3258 2312 3325 intentos
2327 3275 2426 3316 nos
2440 3260 2771 3330 desiderant,
2797 3270 2855 3318 et
2879 3279 2998 3333 qua:
3022 3279 3132 3333 pra:
3159 3265 3367 3320 caneris
3389 3266 3555 3322 aedili-

1975 3360 2097 3403 cant
2126 3351 2300 3420 lapsos
2317 3391 2335 3418 ,
2358 3353 2552 3409 satiant
2574 3352 2871 3410 esurientes
2894 3373 2909 3411 :
2930 3356 3019 3426 qui
3043 3372 3146 3411 non
3176 3357 3245 3412 ita
3265 3358 3526 3416 satiantur
3542 3400 3559 3425 ,

1975 3452 2031 3496 ut
2062 3442 2364 3509 fastidiant;
2392 3444 2485 3500 sed
2509 3453 2566 3501 ut
2587 3446 2658 3500 sit
2675 3446 2892 3502 satietas
2911 3448 3028 3503 sine
3048 3446 3259 3503 fastidio
3289 3449 3333 3516 ³,
3359 3450 3564 3519 pellens

1977 3532 2208 3602 inopiam
2227 3573 2245 3598 ,
2272 3549 2376 3588 non
2406 3549 2688 3591 assumens
2713 3545 3097 3607 contemptum.
3125 3537 3295 3606 Quem
3320 3553 3425 3592 non
3449 3554 3564 3594 mo-

1977 3632 2096 3676 veat
2112 3621 2293 3691 jussus
2313 3622 2575 3678 immolari
2598 3625 2783 3680 unicus
2810 3624 2951 3681 filius
2971 3626 3055 3692 ei,
3082 3642 3113 3680 a
3141 3641 3249 3696 quo
3271 3627 3565 3696 promissus

1976 3713 2099 3766 est?
2128 3712 2194 3765 Et
2222 3714 2450 3767 maxime
2475 3728 2562 3767 res
2583 3714 2654 3767 ita
2674 3725 2822 3784 gesta
2843 3755 2860 3780 ,
2886 3723 2945 3769 ut
2969 3715 3272 3772 audivimus
3289 3759 3308 3785 ,
3332 3717 3565 3776 intentos

1979 3803 2188 3856 animos
2210 3802 2338 3857 facit
2357 3801 2424 3856 ad
2444 3803 2792 3872 quairendum
2810 3805 3004 3875 exponi
3027 3817 3440 3865 sacramentum.

2048 3894 2272 3950 CAPUT
2307 3894 2390 3949 Vl.
2411 3924 2483 3935 —
2506 3897 2560 3950 7.
2608 3894 2996 3965 Scripturarum
3038 3898 3220 3974 ﬁgura:
3256 3900 3403 3957 rebus
3445 3918 3561 3957 vere

1976 3987 2130 4057 gestis
2174 3986 2442 4043 inluerent.
2491 3988 2633 4044 Ante
2676 3990 2854 4045 omnia
2885 3998 3097 4055 tamen,
3129 3991 3352 4057 fratres,
3381 3992 3484 4049 hoc
3509 3996 3564 4050 in

1979 4080 2193 4134 nomine
2234 4080 2439 4134 Domini
2468 4090 2524 4135 et
2549 4081 2899 4137 admonemus
2917 4122 2936 4149 ,
2961 4090 3217 4152 quantum
3247 4098 3559 4153 possumus,

1978 4178 2034 4223 et
2054 4170 2408 4239 praecipimus,
2433 4178 2490 4224 ut
2510 4169 2727 4240 quando
2743 4170 2940 4228 auditis
2959 4174 3155 4244 exponi
3170 4185 3562 4233 sacramentum

1977 4261 2268 4331 Scriptura:
2302 4262 2568 4319 narrantis
2591 4279 2713 4335 quae
2734 4273 2880 4335 gesta
2906 4273 3066 4336 sunt,
3094 4267 3243 4336 prius
3266 4268 3393 4324 illud
3418 4270 3561 4340 quod

1977 4354 2169 4409 lectum
2197 4362 2280 4409 est
2303 4354 2535 4411 credatis
2558 4356 2636 4411 sic
2657 4367 2864 4425 gestum
2888 4400 2904 4424 ,
2927 4359 3195 4429 quomodo
3220 4359 3417 4415 lectum
3439 4371 3522 4416 est
3546 4380 3561 4426 ;

1977 4460 2044 4498 ne
2085 4444 2359 4500 subtracto
2402 4444 2744 4502 fundamento
2782 4449 2861 4503 rei
2902 4457 3101 4520 gestia,
3142 4450 3294 4520 quasi
3340 4451 3394 4505 in
3437 4466 3562 4508 aere

1976 4538 2225 4605 quaeratis
2257 4536 2549 4594 ardilicat‘e.
2589 4538 2858 4595 Abraham
2885 4550 3034 4611 pater
3057 4551 3238 4598 noster
3264 4542 3425 4599 homo
3448 4555 3562 4599 erat

1976 4626 2081 4683 illis
2118 4628 2448 4696 temporibus
2486 4628 2657 4685 fidelis
2678 4669 2694 4697 ,
2726 4631 2955 4688 credens
2980 4633 3093 4688 Deo
3111 4674 3128 4700 ,
3151 4634 3471 4703 justiﬁeatus
3493 4651 3559 4691 ex

1975 4717 2115 4783 fide,
2156 4710 2307 4774 sicut
2338 4718 2613 4790 Scriptura
2655 4720 2826 4787 dicit,
2871 4734 2929 4778 et
2966 4733 3121 4779 vetus
3159 4734 3215 4779 et
3238 4740 3374 4781 nova
3399 4724 3557 4795 (Gen.

1972 4827 2043 4866 xv
2065 4853 2081 4877 ,
2113 4811 2181 4877 6;
2212 4810 2365 4868 Rom.
2394 4828 2481 4880 tv,
2508 4814 2576 4880 ὅ,
2606 4823 2653 4868 et
2684 4811 2854 4868 Galat.
2886 4831 2943 4870 ιιι
2962 4855 2979 4883 ,
3009 4815 3088 4886 6).
3116 4816 3364 4887 Suscepit
3392 4818 3558 4873 lilium

1971 4901 2040 4958 de
2068 4901 2199 4957 Sara
2228 4918 2398 4958 uxore
2418 4943 2434 4969 ,
2457 4902 2570 4972 jam
2589 4903 2644 4959 in
2666 4913 2943 4961 settectute
2963 4906 3202 4976 utrisque
3220 4908 3555 4974 constitutis,

1969 5005 2036 5046 ex
2060 5006 2247 5061 magna
2268 4991 2656 5062 desperatione,
2688 4993 2781 5050 sed
2810 4995 3098 5050 secundum
3116 4996 3406 5051 hominem.
3422 4996 3557 5065 Quid

1971 5092 2150 5138 autem
2175 5082 2243 5138 de
2268 5083 2380 5138 Deo
2409 5099 2514 5138 non
2542 5085 2863 5154 sperandmn
2883 5127 2898 5152 ,
2926 5087 3014 5142 cui
3037 5087 3261 5147 difﬁcile
3281 5088 3412 5144 nihil
3437 5099 3557 5147 est:

1971 5176 2061 5244 qui
2081 5174 2160 5230 sic
2180 5172 2304 5230 facit
2323 5189 2535 5246 magna,
2556 5176 2827 5247 quomodo
2849 5192 3010 5247 parva
3034 5194 3051 5244 ;
3073 5179 3152 5236 sic
3172 5180 3394 5237 suscitat
3414 5196 3559 5236 mor-

1973 5274 2112 5330 tuos,
2135 5265 2402 5335 quomodo
2421 5276 2569 5323 creat
2592 5267 2785 5323 vivos?
2811 5268 2868 5325 Si
2897 5270 3068 5340 pictor
3084 5271 3274 5329 eadem
3294 5282 3410 5328 arte
3424 5271 3559 5328 facit

2036 5442 2051 5472 ί
2079 5446 2237 5503 Forte,
2260 5442 2326 5493 ad
2347 5449 2409 5492 te.

2033 5504 2230 5568 fronti,
2253 5503 2318 5568 ad
2341 5503 2480 5556 illum
2509 5512 2688 5568 patent.
2724 5519 2866 5568 Auro,
2891 5517 2987 5559 etc.

2036 5566 2059 5629 ἢ
2077 5565 2152 5615 sic
2173 5566 2349 5629 Regius
2368 5574 2448 5629 Ms.
2476 5565 2530 5629 At
2546 5565 2861 5629 Itemigiensis
2878 5585 2986 5617 cum
3004 5571 3136 5619 l'lim.
3159 5578 3209 5619 et
3227 5577 3350 5629 Ima,
3376 5584 3465 5622 non
3485 5570 3555 5626 ita

1970 5695 2217 5806 gon
2237 5693 2305 5739 ita
2336 5693 2594 5751 satientur,
2634 5698 2683 5741 ut
2716 5693 2991 5756 fastidiant,
3024 5695 3110 5746 sed
3141 5693 3234 5748 tum
3261 5693 3324 5749 sit
3359 5694 3555 5763 ωειςωε

1992 5755 2178 5798 inuata.
