4076 6198
401 272 478 329 33
1875 276 2105 333 δειιλιο
2143 277 2225 333 iV.

398 389 594 444 ancilla
641 406 668 441 a
713 387 866 444 Sara.
910 388 1097 442 Audiat
1122 388 1260 460 Agar
1284 406 1464 446 vocetn
1494 392 1679 463 Angeli
1714 411 1727 445 :
1766 393 1888 447 Redi
1917 394 1984 446 ad

400 483 661 534 dominam
706 492 845 533 tuam
885 481 1034 551 (Ceu.
1076 499 1202 548 xvt,
1243 486 1304 547 6,
1351 484 1427 555 9).
1466 485 1571 539 Sed
1604 486 1730 540 sicut
1761 496 1878 541 tunc
1902 487 1989 556 qui

396 573 676 626 secundum
709 589 910 625 carnem
947 584 1093 626 nutus
1123 584 1228 637 est,
1260 560 1637 645 persequebatur
1664 594 1775 631 eum
1801 579 1885 648 qui
1908 595 1988 632 sc-

401 667 629 717 cumtum
665 666 899 735 spiritum
925 682 941 727 ;
977 666 1048 718 ita
1076 675 1120 718 et
1149 684 1297 721 mmo.
1330 667 1442 723 Non
1472 669 1765 724 invenimus
1791 686 1983 739 corpo-

405 754 593 808 raliter
618 764 950 823 persecutum
980 754 1123 809 lsaae
1149 756 1215 809 ab
1242 757 1462 812 lsmaele
1486 776 1497 811 :
1522 759 1613 812 sed
1637 769 1835 814 tantum
1858 759 1979 830 quia

405 843 597 897 dixerit
628 845 914 912 Apostolus
944 846 1390 913 persecutionem,
1421 848 1553 902 Nota
1581 849 1647 902 ibi
1683 849 1769 902 ubi
1801 848 1931 903 dixit
1963 866 1976 901 :

404 932 512 989 Sed
535 934 663 986 sicut
694 944 813 987 tunc
834 935 920 988 ille
939 936 1025 1005 qui
1053 938 1321 989 secundum
1350 954 1546 990 carnem
1572 948 1721 991 natus
1742 947 1831 1004 est,
1862 954 1979 1008 per-

377 1026 692 1090 sequebatur
711 1040 825 1077 eum
845 1024 933 1092 qui
952 1024 1224 1078 secundant
1246 1028 1475 1096 spiritum
1498 1046 1517 1093 ;
1540 1029 1611 1081 ita
1631 1038 1676 1081 et
1698 1044 1850 1084 nunc.
1875 1028 1980 1083 Sed

391 1113 517 1180 quid
554 1113 627 1164 ait
663 1113 932 1183 Scriptura
954 1115 977 1167 ?
1009 1114 1151 1184 Ejice
1175 1116 1408 1170 ancillam
1434 1128 1481 1171 et
1504 1120 1665 1186 ﬁlium
1693 1121 1803 1190 ejus
1830 1136 1848 1173 :
1876 1137 1977 1174 non

391 1204 530 1255 enim
553 1204 711 1258 [iteres
735 1206 827 1258 erit
853 1206 990 1274 ﬁlius
1014 1207 1214 1260 ancillae
1233 1224 1344 1261 cum
1366 1209 1474 1277 ﬁlio
1496 1208 1662 1263 liberte
1682 1209 1870 1280 (Galat.
1896 1227 1972 1278 tv,

388 1291 461 1345 29
479 1334 494 1357 ,
524 1293 638 1364 50).
668 1294 809 1363 Ergo
836 1295 923 1349 ubi
951 1295 1076 1350 illud
1096 1296 1221 1350 dicit
1249 1297 1539 1369 Scriptura,
1564 1299 1632 1352 ibi
1654 1316 1972 1368 qumramus.

392 1377 535 1448 Quid
561 1385 632 1437 ait
658 1384 709 1438 in
728 1384 962 1440 Genesi?
984 1385 1052 1439 Et
1072 1388 1259 1455 factum
1283 1398 1373 1454 est,
1399 1406 1513 1442 cum
1559 1389 1749 1444 luderet
1784 1389 1975 1444 Ismael

393 1482 441 1524 et
467 1471 618 1526 Isaac
638 1516 651 1537 ,
682 1478 802 1529 cidit
829 1491 911 1531 eos
931 1478 1174 1532 ludentes.
1199 1479 1329 1547 Quis
1351 1490 1660 1555 persecutis
1677 1495 1758 1538 est
1772 1483 1797 1535 ’ἶ
1815 1500 1972 1552 quem

386 1576 705 1631 persecutus
731 1568 854 1621 est?
881 1568 1146 1624 Ludentes
1162 1586 1255 1625 eos
1282 1572 1412 1626 vidit
1431 1573 1560 1628 Sara
1585 1614 1601 1641 ,
1628 1583 1681 1630 et
1700 1576 1774 1628 ait
1795 1593 1810 1630 :
1830 1575 1974 1645 Ejice

389 1655 631 1707 ancillam
672 1666 715 1708 et
759 1658 922 1724 [ilium
950 1660 1074 1728 ejus.
1104 1660 1321 1727 Quare?
1348 1663 1479 1731 Quia
1506 1664 1635 1719 vidit
1663 1680 1755 1719 eos
1784 1665 1971 1720 luden-

393 1751 497 1796 tes.
538 1743 645 1797 Sed
692 1746 862 1799 lusum
906 1749 1053 1803 illum
1095 1751 1285 1806 Paulus
1324 1755 1741 1822 persecutionem
1773 1766 1968 1814 vocat:

390 1832 514 1899 quia
539 1834 676 1886 lusio
701 1836 785 1890 illa
816 1839 989 1892 illusio
1008 1850 1141 1894 erat.
1164 1842 1219 1897 Si
1242 1843 1414 1899 illusio
1433 1886 1448 1910 ,
1476 1845 1712 1901 scduetio
1737 1856 1790 1902 et
1814 1847 1970 1903 dece-

388 1926 499 1992 ptio
535 1935 640 1979 est.
686 1930 868 1983 Omnis
905 1931 1052 1987 lusus
1092 1950 1373 2002 puerorum
1403 1938 1741 1993 simulacrum
1767 1948 1849 1994 est
1873 1955 1968 1996 ne-

384 2015 510 2083 gotii
552 2019 776 2086 majoris
825 2038 837 2068 τ
879 2034 931 2075 et
970 2024 1178 2092 quando
1212 2027 1381 2095 major
1413 2028 1542 2083 ludit
1569 2045 1688 2083 cum
1721 2032 1924 2086 minore
1946 2073 1962 2099 ,

384 2106 535 2173 quasi
566 2118 620 2160 ut
641 2108 957 2174 scducatur,
989 2115 1162 2169 sciens
1190 2117 1462 2173 scitabere
1483 2121 1687 2189 negotia
1718 2121 1816 2175 alia
1846 2138 1964 2192 quae

386 2196 611 2251 intendit
632 2240 647 2260 ,
694 2210 749 2254 et
791 2203 1004 2256 simulat
1039 2205 1278 2274 quaedam
1310 2224 1501 2277 puero,
1534 2211 1583 2263 id
1611 2221 1692 2266 est
1719 2212 1961 2279 inlirmo,

386 2285 577 2341 ludens
618 2304 739 2343 cum
784 2291 894 2344 illo.
938 2292 1103 2361 Major
1132 2304 1248 2349 erat
1286 2295 1502 2354 lsmael.
1531 2308 1584 2353 et
1611 2300 1886 2355 roboratus
1912 2302 1962 2355 in

382 2377 583 2430 malitia
613 2397 625 2431 :
648 2378 743 2431 sed
768 2379 953 2435 ludens
974 2399 1092 2436 eum
1116 2399 1280 2452 puero
1303 2386 1465 2454 lsaac,
1494 2389 1775 2444 seducebat
1798 2391 1959 2458 Isaac,

382 2474 440 2517 et
482 2468 731 2535 quasdam
766 2468 991 2526 fraudes
1038 2473 1250 2529 ludendi
1293 2491 1412 2531 cum
1456 2478 1667 2533 inﬁrmo
1716 2480 1958 2535 faciebat.

389 2556 773 2611 Animadvertit
802 2571 978 2615 mater
1004 2564 1172 2617 lusum
1198 2566 1342 2621 illum
1368 2583 1485 2624 esse
1512 2573 1954 2639 persecutionem.

386 2646 480 2699 Sic
525 2648 821 2717 intelligens
867 2652 993 2707 Sara
1038 2664 1209 2712 mater
1242 2658 1416 2714 lusum
1445 2661 1589 2715 illum
1619 2662 1749 2717 dixit
1777 2681 1787 2715 :
1816 2662 1962 2734 Ejice

378 2738 622 2789 ancillam
656 2749 707 2792 et
741 2742 904 2807 ﬁlium
937 2746 1046 2815 ejus
1077 2761 1218 2801 :non
1247 2751 1375 2802 enim
1399 2751 1554 2806 [iteres
1579 2754 1669 2806 erit
1696 2753 1834 2821 ﬁlius
1862 2772 1959 2808 an-

376 2827 516 2879 cilla:
542 2845 654 2880 eum
681 2831 789 2898 ﬁlio
808 2848 917 2886 meo
938 2832 1088 2888 Isaac
1119 2836 1266 2908 (Gen.
1295 2855 1418 2905 χχι,
1450 2840 1512 2905 9,
1544 2843 1650 2912 l0).
1685 2844 1747 2898 Et
1772 2845 1958 2899 Eccle-

376 2919 462 2972 sia
500 2921 627 2974 dicit
662 2939 675 2973 :
714 2923 858 2992 Ejice
887 2926 1115 2981 bzcreses
1144 2938 1199 2984 et
1226 2930 1362 2985 ﬁlios
1389 2947 1570 2987 carum
1593 2935 1611 2966 ι
1638 2952 1651 2989 :
1683 2949 1786 2989 non
1814 2936 1956 2991 enim

381 3013 624 3067 lueredes
651 3016 1058 3074 erunt'hmretici
1082 3035 1202 3074 cum
1224 3021 1526 3081 Catholieis.
1547 3025 1651 3081 Sed
1672 3026 1833 3097 qnare
1849 3044 1954 3083 non

377 3112 540 3156 emat
580 3104 859 3161 bzeredes?
892 3108 1078 3165 Nonne
1112 3112 1179 3166 de
1216 3113 1418 3170 semine
1454 3116 1684 3172 Abraha:
1717 3116 1820 3173 uati
1842 3118 1866 3173 ?
1887 3119 1956 3179 Et

376 3194 647 3259 quomodo
690 3196 1014 3265 Baptismum
1060 3201 1310 3258 Ecclesiae
1353 3205 1587 3261 habent?
1630 3208 1952 3278 Baptismum

378 3283 585 3337 habent
626 3303 641 3338 :
687 3286 949 3343 Iucrcdem
996 3289 1193 3347 faceret
1234 3310 1412 3349 semen
1449 3296 1707 3365 Abrahae,
1751 3300 1852 3354 nisi
1886 3299 1954 3354 ab

376 3370 688 3427 haereditate
729 3377 972 3444 superbia
1002 3381 1322 3437 excluderet.
1352 3383 1551 3439 Eodem
1576 3387 1738 3441 verbo
1764 3403 1950 3443 nasce-

373 3462 454 3514 ris
470 3502 486 3526 ,
512 3463 696 3518 eodem
710 3464 1065 3524 'Sacrameuto
1087 3487 1102 3536 ;
1130 3472 1223 3527 sed
1243 3473 1308 3528 ad
1329 3475 1567 3530 eamdem
1592 3476 1949 3534 Iucreditatem

371 3553 500 3606 vita:
515 3564 737 3611 aeterna)
760 3574 867 3613 non
889 3564 1134 3631 pervenis
1152 3605 1168 3630 ,
1193 3566 1292 3620 nisi
1319 3566 1384 3620 ad
1415 3567 1703 3624 Ecclesiam
1731 3571 1951 3626 catholi-

371 3659 492 3697 eam
506 3662 758 3705 reversus
784 3650 967 3707 fueris.
992 3654 1067 3708 Ex
1094 3657 1295 3712 semine
1315 3658 1541 3713 Abraba:
1562 3662 1825 3725 nasceris;
1854 3662 1947 3717 sed

370 3734 513 3790 ﬁlius
536 3739 742 3797 ancilla:
766 3741 897 3798 loris
919 3756 1130 3816 propter
1154 3748 1475 3818 superbiam.

818 3918 819 3921 γ
909 3852 1142 3912 scauo
1182 3857 1247 3912 tv
1288 3862 1307 3881 ο
1333 3857 1429 3931 (α).

857 3965 939 4024 De
956 3968 1121 4026 Jacob
1143 3980 1189 4025 et
1208 3971 1354 4029 Esau
1389 3972 1486 4045 (lt).
1953 3963 1970 3988 ‘

652 4074 723 4130 1n
740 4076 873 4146 {esto
903 4077 1151 4137 Vincentii
1174 4083 1414 4153 martyris
1439 4083 1659 4139 habitus.

437 4184 667 4242 CAPUT
709 4188 985 4246 PRNUM.
1001 4221 1069 4231 —
1093 4193 1146 4246 l.
1177 4193 1524 4263 Spiritualiter
1549 4213 1725 4266 sapere
1746 4197 1895 4253 datur
1916 4215 1948 4253 a

366 4275 571 4347 Spiritu
605 4290 796 4335 sancto.
830 4282 1112 4337 'llesternm
1141 4285 1385 4341 lectionis
1409 4284 1677 4343 debitores
1704 4306 1799 4345 nos
1827 4306 1947 4347 esse

366 4369 710 4425 meminimus
733 4387 748 4424 :
770 4371 863 4426 sed
887 4372 1023 4427 sicut
1049 4388 1150 4428 nos
1176 4373 1433 4432 debemus
1457 4393 1776 4448 sermonem,
1801 4381 1870 4435 ita
1894 4390 1948 4437 et

366 4472 466 4512 vos
491 4459 697 4515 debetis
723 4461 1061 4523 audientiam.
1087 4463 1156 4517 Et
1180 4464 1336 4520 lectio
1363 4465 1576 4539 quidem
1604 4469 1687 4522 illa
1716 4470 1945 4524 carnali-

355 4556 453 4601 ter
470 4557 626 4602 satiat
652 4566 664 4603 :
694 4551 783 4619 qui
808 4560 983 4607 autem
1011 4550 1262 4622 Spiritum
1297 4554 1387 4608 Dei
1413 4556 1635 4626 accepit,
1663 4559 1948 4627 spirituali-

364 4646 452 4691 trr
470 4640 625 4707 sapit.
650 4640 795 4695 Dixit
817 4641 957 4696 enim
981 4643 1263 4713 Apostolus
1282 4686 1296 4710 ,
1322 4644 1515 4716 Sapere
1535 4648 1807 4701 secundum
1829 4665 1945 4703 ear-

363 4745 480 4781 nest
500 4746 676 4794 ,‘mom
703 4730 979 4803 cuinam.
1007 4749 1102 4787 vut
1127 4776 1141 4799 ,
1163 4734 1243 4804 6).
1260 4734 1422 4788 ‘Et'ad
1451 4735 1552 4790 boc
1575 4739 1814 4815 promisit
1845 4740 1947 4793 Do-

365 4821 544 4875 minus
568 4818 899 4878 Paracletum
926 4823 1179 4894 Spiritum
1207 4827 1463 4882 veritatis.
1493 4828 1630 4899 Ergo
1658 4830 1790 4884 sicut
1820 4845 1939 4900 pro-

365 4912 512 4966 misit
533 4954 547 4976 ,
568 4922 632 4968 et
648 4915 821 4981 misit,
843 4923 902 4969 ut
926 4915 1285 4987 unusquisque
1305 4916 1413 4986 jam
1441 4918 1527 4987 qui
1553 4933 1673 4973 eum
1692 4918 1943 4989 Spiritqu

356 5004 590 5073 'n-oepit,
621 5020 727 5059 non
746 5007 821 5061 sit
838 5007 1220 5076 temporalibus
1245 5008 1596 5077 voluptatibus
1618 5024 1822 5072 servus,
1850 5010 1944 5065 sed

360 5094 616 5150 dominus
658 5097 897 5164 corporis
914 5097 1091 5153 tactus
1117 5106 1172 5152 et
1196 5097 1715 5165 servus‘Creatoris,
1755 5099 1945 5170 dirigat

431 5248 546 5297 ‘Stc
581 5246 1946 5315 Bedmm.caterilibri,8jicelt¢reticasetﬁlioseo-

359 5319 495 5355 rum.

432 5385 449 5403 '
475 5388 760 5450 uecognitus
776 5388 838 5438 ad
861 5402 938 5457 gr.
962 5403 1006 5439 r.
1028 5389 1163 5447 Ulim.
1187 5397 1288 5440 Par.
1311 5398 1420 5441 ιον.

448 5468 505 5527 a)
523 5468 662 5527 alia,
679 5470 744 5519 de
755 5471 974 5522 Diversis
993 5471 1072 5521 44.

450 5530 502 5592 b)
524 5532 761 5582 Possidius
796 5532 927 5583 hunc
956 5535 1011 5583 in
1038 5531 1259 5589 tuﬁculo,
1300 5544 1345 5582 c.
1382 5532 1432 5592 8,
1460 5545 1740 5584 sermonem
1768 5542 1903 5588 notat
1926 5551 1940 5588 :

359 5592 448 5652 qui
478 5592 675 5653 quidem
698 5593 747 5656 iu
771 5594 919 5656 Regio
944 5602 1020 5644 tus.
1060 5596 1349 5653 ‘twibitur,
1395 5610 1418 5640 ι
1439 5601 1506 5644 De
1528 5595 1946 5650 benedictionibus

370 5654 832 5702 «mallent:

3094 367 3100 371 _
3600 302 3667 359 si

2096 408 2153 447 se
2184 398 2233 447 in
2265 395 2399 449 viam
2428 409 2808 469 prmceptorum
2839 403 2928 458 Dci
2958 407 2972 437 ¹
3007 422 3020 458 :
3051 422 3147 462 nec
3178 409 3394 481 vestigia
3420 413 3534 482 ejus
3563 430 3666 471 nu-

2096 496 2222 553 tent,
2250 507 2346 545 nec
2368 493 2502 546 oculi
2526 496 2637 562 ejus
2658 497 2930 565 ,καιρίῃ-πίῃ
2961 500 3054 555 sed
3084 502 3373 558 intentione
3396 506 3513 561 ﬁdei
3543 523 3665 578 pro—

2042 642 2051 651 ,
2093 582 2251 645 ﬁciat,
2276 594 2331 636 ut
2357 586 2531 639 veniat
2559 589 2623 640 ad
2646 587 2696 641 id
2750 591 2890 659 quod
2919 608 3015 646 nec
3045 594 3228 647 oculus
3257 596 3420 663 vidit,
3448 614 3545 653 nec
3564 615 3661 653 au-

2091 671 2164 724 ris
2186 671 2409 739 audivit,
2441 689 2537 729 nec
2568 677 2617 728 in
2644 692 2736 730 cor
2765 679 2991 733 hominis
3011 684 3243 736 ascendit
3268 684 3309 756 (1
3331 684 3445 739 Cor.
3477 703 3531 753 ll,
3563 687 3620 761 9)
3646 706 3660 742 :

2088 760 2224 827 quod
2248 762 2479 817 creditur
2498 775 2776 835 antequam
2806 768 3058 835 videatur,
3092 781 3145 825 ut
3176 789 3295 827 cum
3325 779 3547 842 venerit,
3571 760 3659 849 qui

2086 848 2307 903 credidit
2338 867 2438 905 non
2466 854 2836 911 confundatur.

2154 938 2378 997 CAPUT
2400 943 2460 999 ll.
2491 975 2561 983 —
2583 947 2820 1001 lutctnlat
2843 965 2968 1020 ergo
2996 951 3270 1007 ambulans
3297 955 3349 1008 in
3379 970 3472 1025 spe
3491 999 3504 1019 ,
3536 972 3661 1026 spe-

2084 1044 2207 1083 rans
2227 1033 2369 1101 quod
2400 1035 2629 1090 nondum
2659 1048 2817 1105 tenet,
2836 1041 3059 1097 credens
3076 1045 3214 1113 quod
3240 1047 3470 1100 nondum
3495 1048 3653 1115 videt,

2024 1146 2047 1153 ν
2082 1133 2265 1174 amans
2302 1123 2385 1176 cui
2419 1125 2649 1180 nondum
2678 1128 2861 1183 lueret.
2896 1130 3215 1187 Exercitatio
3249 1145 3423 1190 autem
3464 1140 3651 1191 animat

2081 1208 2131 1262 in
2156 1209 2256 1265 ﬁde
2274 1254 2287 1275 ,
2319 1214 2368 1265 in
2395 1229 2490 1282 spe
2520 1226 2569 1269 et
2592 1217 2845 1273 cbaritate
2863 1262 2877 1285 ,
2904 1221 3024 1276 facit
3044 1238 3164 1277 cum
3192 1224 3437 1280 idoneum
3464 1243 3657 1297 capere

2078 1300 2217 1368 quod
2243 1314 2519 1358 venturum
2548 1317 2647 1360 est.

2147 1386 2201 1441 2.
2237 1387 2413 1445 Petrus
2439 1395 2707 1449 carnaliter
2729 1399 2929 1467 sapiens
2964 1402 3214 1469 inﬁrmus.
3249 1403 3421 1471 Ipsius
3462 1416 3510 1459 et
3537 1424 3647 1460 om-

2075 1478 2214 1532 nium
2248 1492 2520 1552 martyrum
2550 1485 2793 1553 fortitudo
2824 1506 2885 1542 ex
2904 1490 3101 1559 Spiritu
3124 1484 3317 1546 sancto.
3358 1495 3489 1549 Cum
3523 1512 3650 1567 ergo

2076 1571 2360 1625 carnaliter
2386 1573 2556 1628 adhuc
2585 1586 2792 1645 saperet
2822 1579 3002 1633 Petrus
3023 1623 3036 1644 ,
3060 1583 3300 1637 turbatus
3325 1585 3389 1638 ad
3419 1586 3649 1640 interro-

2073 1659 2337 1726 gationem
2380 1664 2587 1717 ancilla:
2607 1706 2620 1728 ,
2652 1668 2859 1734 negavit
2888 1668 3159 1723 Dominum
3198 1682 3298 1725 ter.
3326 1674 3647 1732 Praedixerat

2071 1747 2213 1800 enim
2245 1751 2478 1806 medicus
2507 1766 2707 1823 :rgroto
2735 1759 2859 1827 quid
2896 1760 2946 1811 in
2990 1761 3079 1814 illo
3112 1761 3341 1817 futurum
3367 1774 3484 1819 erat
3514 1786 3526 1820 :
3555 1770 3643 1837 qui

2071 1849 2212 1906 πλερι-
2249 1855 2402 1896 casus
2437 1844 2758 1912 :rgritudinis
2806 1861 2914 1902 sum
2942 1865 3045 1903 non
3078 1862 3328 1919 noverat,
3356 1865 3409 1908 et
3435 1857 3551 1924 plus
3579 1859 3645 1914 de

2074 1944 2133 1985 se
2158 1942 2388 2001 mgrotus
2417 1949 2840 2007 praesumpserat;
2865 1941 2957 1995 sed
2981 1958 3135 1997 verus
3161 1946 3393 2001 medicus
3412 1948 3639 2003 videbat.

2069 2022 2281 2078 Dixerat
2309 2027 2449 2081 enim
2478 2044 2536 2082 se
2560 2046 2678 2085 cum
2710 2031 2929 2085 Domino
2958 2043 3011 2087 ct
3053 2050 3147 2102 pro
3175 2036 3396 2090 Domino
3426 2041 3644 2093 moritu-

2065 2128 2183 2166 rum
2210 2113 2417 2185 (Matth.
2454 2133 2599 2183 xxvr,
2632 2120 2818 2184 69-75,
2847 2124 3045 2192 fil-35).
3074 2124 3315 2180 Nondum
3340 2136 3516 2183 autem
3542 2145 3641 2197 po-

2070 2211 2225 2265 terat,
2256 2205 2375 2272 quia
2409 2206 2647 2260 intirmus
2673 2218 2804 2261 erat.
2838 2211 2904 2263 At
2934 2212 3019 2263 ubi
3043 2214 3188 2266 venit
3210 2224 3388 2282 pastea
3416 2217 3641 2284 Spiritus

2067 2301 2282 2346 sanctus
2325 2294 2518 2348 missus
2543 2296 2608 2348 de
2637 2298 2807 2363 creto,
2857 2307 2912 2354 et
2940 2302 3271 2357 conﬁrmavit
3295 2318 3387 2358 eos
3417 2306 3466 2358 in
3505 2323 3640 2375 (ιυιιε

2066 2382 2208 2436 venit
2231 2398 2245 2447 ;
2276 2385 2523 2453 impletus
2546 2387 2630 2440 ille
2658 2388 2844 2442 ﬁducia
2872 2389 3133 2458 spirituali
3155 2433 3168 2455 ,
3194 2395 3355 2463 cepit
3380 2397 3486 2464 jam
3514 2412 3637 2453 Vere

2063 2478 2274 2536 paratus
2303 2486 2422 2527 esse
2451 2476 2585 2529 mori
2629 2490 2726 2544 pro
2754 2493 2819 2531 eo
2857 2494 3011 2548 quem
3041 2491 3162 2535 ante
3198 2495 3494 2553 negaverat.
3529 2487 3639 2543 Hac

2065 2557 2252 2613 ﬁducia
2297 2563 2481 2631 repleti
2523 2581 2710 2621 omnes
2741 2577 2999 2639 martyres
3025 2611 3040 2637 ,
3068 2581 3308 2628 tenentes
3346 2586 3544 2631 rectam
3573 2578 3637 2631 ﬁ-

2061 2648 2202 2716 dem,
2232 2667 2348 2706 non'
2366 2656 2655 2712 morientes
2681 2674 2778 2713 nec
2802 2661 3059 2728 patientes
3090 2677 3184 2731 pro
3210 2663 3339 2719 falsa
3371 2667 3472 2720 ﬁde
3494 2707 3509 2733 ,
3541 2685 3637 2737 pro

2061 2754 2196 2793 vano
2226 2743 2606 2811 phantasmate,
2639 2764 2734 2817 pro
2759 2766 2854 2819 spe
2883 2753 3044 2817 inani,
3072 2771 3175 2822 pro
3202 2771 3259 2811 re
3285 2757 3516 2822 incerta;
3540 2763 3632 2817 sed

2060 2847 2156 2900 pro
2185 2835 2423 2889 veritatis
2449 2839 2854 2907 pollicitatione,
2877 2854 3078 2897 eertum
3102 2845 3361 2903 habentes
3387 2866 3506 2904 eum
3543 2856 3631 2919 qui

2059 2926 2322 2993 promisit,
2351 2937 2619 2997 potentem
2651 2946 2769 2986 esse
2795 2934 2883 3002 qui
2909 2935 3174 3000 exhibeat;
3198 2940 3372 2993 omnia
3402 2956 3635 3010 praesen-

2048 3016 2128 3069 tia
2155 3026 2619 3088 contempserunt,
2652 3022 2702 3076 in
2748 3023 2923 3077 futura
2967 3037 3312 3097 exarserunt,
3365 3047 3484 3102 qua:
3510 3048 3632 3089 cum

2057 3102 2251 3159 fuerint
2276 3107 2378 3160 illis
2406 3110 2683 3176 praesentia
2705 3152 2720 3177 ,
2749 3125 2855 3165 non
2880 3123 3035 3168 eruat
3057 3119 3348 3184 praeterita.
3398 3160 3403 3163 ς

2126 3194 2350 3251 CAPUT
2372 3195 2461 3251 ill.
2493 3228 2561 3238 —
2580 3199 2632 3253 5.
2662 3199 2806 3253 Esau
2842 3204 3101 3271 carnales,
3141 3206 3298 3261 ειησοὺ
3338 3210 3630 3277 epin‘tuales

2055 3285 2260 3356 ﬁgurat.
2301 3286 2595 3357 Spiritualis
2618 3292 2770 3344 vitam
2797 3293 3100 3363 Angelorum
3125 3309 3397 3367 exspectat.
3429 3301 3629 3356 Recor-

2041 3373 2249 3429 rdamini
2277 3390 2424 3447 ergo,
2459 3381 2546 3448 qui
2574 3379 3159 3439 iuterl’uistis-besterno
3183 3386 3270 3441 die
3290 3429 3303 3450 ,
3324 3387 3464 3443 duos
3495 3391 3630 3449 tilias

2052 3460 2231 3527 isaac,
2265 3465 2401 3519 Esau
2444 3477 2498 3521 et
2526 3468 2689 3523 Iacob
2710 3510 2726 3535 ,
2762 3472 3029 3539 quomodo
3070 3475 3257 3542 majori
3306 3479 3628 3545 prtuponitur

2052 3554 2226 3607 minor
2250 3554 2398 3624 (Gen.
2428 3572 2539 3610 xxv
2565 3568 2610 3611 et
2641 3560 2803 3630 xxvu)
2835 3578 2848 3613 :
2878 3571 2939 3615 ut
2972 3562 3039 3617 ad
3068 3563 3241 3618 .Jacob
3280 3568 3585 3634 pertineatis
3607 3611 3625 3634 ,

2050 3636 2314 3698 Esaunon
2340 3648 2545 3701 ametis.
2575 3650 2684 3702 Erit
2710 3659 2886 3705 autem
2906 3651 3069 3716 Esau,
3094 3655 3183 3723 qui
3213 3656 3322 3710 vult
3345 3660 3629 3715 carnaliter

2041 3732 2261 3799 vivere,
2292 3735 2372 3787 vel
2415 3736 2646 3791 carnalia
2689 3738 2741 3792 in
2783 3738 2960 3793 futuro
2986 3744 3184 3798 sagulo
3222 3759 3457 3816 sperare.
3498 3750 3628 3807 Sive

2049 3835 2179 3892 ergo
2204 3824 2488 3879 carnaliter
2512 3827 2712 3894 vivens,
2743 3836 2796 3882 et
2818 3830 3006 3886 talibus
3028 3833 3265 3902 gaudens
3295 3837 3346 3890 in
3368 3839 3474 3894 hoc
3495 3850 3628 3896 tem-

2050 3924 2205 3979 pore,
2235 3924 2289 3968 et
2308 3914 2430 3968 talia
2453 3916 2518 3971 de
2545 3917 2652 3972 Deo
2674 3933 2899 3988 sperans
2920 3962 2935 3987 ,
2954 3925 3138 3992 qualia
3168 3926 3361 3982 habent
3384 3938 3437 3983 et
3463 3933 3585 3985 ntali
3604 3973 3622 3997 ,

2035 4010 2103 4057 et
2126 4010 2292 4058 totam
2321 4004 2621 4062 felicitatem
2648 4023 2800 4063 suam
2828 4012 2885 4065 in
2907 4014 3014 4080 ipsa
3044 4028 3255 4081 ponens
3284 4016 3352 4071 de
3376 4035 3476 4087 qua
3498 4035 3625 4089 gaun

2036 4091 2177 4148 dent
2197 4104 2256 4149 et
2280 4096 2481 4165 iniqui;
2512 4106 2603 4150 aut
2638 4108 2781 4153 certe
2808 4109 3155 4157 contemnens
3184 4104 3346 4159 istam
3394 4124 3625 4178 praescir-

2036 4192 2155 4237 .tem
2175 4222 2191 4250 ,
2216 4185 2452 4239 et-talem
2479 4201 2697 4255 sperans
2724 4188 2777 4241 in
2806 4188 3015 4255 futuro;
3043 4195 3270 4253 carnalis
3285 4207 3377 4251 rost
3394 4239 3409 4262 ,
3431 4214 3621 4254 carna-

2049 4273 2380 4335 lemdiabens
2396 4275 2588 4343 ﬁdem,
2619 4281 2882 4333 carnalem
2908 4295 3079 4350 spem,
3105 4286 3371 4342 caritatem
3394 4288 3625 4347 eburita-

2032 4371 2177 4419 stem.
2204 4363 2363 4448 Fides
2393 4375 2568 4420 autem
2606 4368 2896 4436 spiritualis
2922 4380 3036 4437 est,
3054 4373 3285 4430 :eredere
3314 4379 3462 4446 quod
3491 4394 3624 4448 (prn-

2032 4446 2304 4508 .tectorsit
2328 4456 2690 4524 temporaliter
2702 4458 2962 4516 Dominus
2977 4470 3187 4529 tuus,att
3203 4467 3464 4527 writmad
3493 4446 3621 4530 illud

2031 4541 2185 4610 tquod
2211 4542 2500 4611 temporale
2521 4546 2785 4612 nouerit;
2809 4556 2860 4602 et
2886 4563 3101 4617 sperare
3131 4562 3183 4607 te
3221 4553 3518 4613 habiturum
3547 4560 3623 4622 vi-

2042 4638 2155 4685 tam
2180 4631 2526 4701 Angelorum,
2555 4635 2732 4689 nonin
2761 4641 3188 4708 corruptionibus
3208 4645 3536 4710 caruis,-.uon
3567 4650 3621 4707 in
3711 4709 3721 4712 -

2050 4721 2407 4789 voluptatibus
2448 4732 2501 4777 et
2531 4724 2791 4780 illecebris
2812 4768 2827 4792 ,
2862 4745 2964 4785 non
2997 4730 3047 4784 in
3082 4731 3527 4799 fornicationibus
3566 4749 3622 4794 et

2047 4809 2390 4867 ebrietatibus
2431 4822 2485 4867 et
2525 4815 2716 4884 gaudio
2758 4819 3032 4886 epularum
3076 4808 3617 4892 carnalium,,.<non.in

2047 4898 2291 4967 superbia
2314 4902 2706 4968 possessionum
2725 4906 3097 4967 dominationis
3106 4920 3363 4981 tensum;
3382 4917 3485 4975 sed
3510 4926 3619 4974 tan-

2042 4991 2319 5045 tummodo
2355 4993 2620 5060 quomodo
2648 4996 2837 5065 Angeli
2860 4999 3058 5061 vivunt.

2115 5080 2338 5137 CAPUT
2369 5082 2455 5136 IV.
2485 5113 2557 5126 -—-
2584 5085 2637 5138 4.
2675 5084 2788 5139 Vita
2816 5088 3122 5158 Angelorum
3153 5091 3300 5154 beata
3324 5111 3400 5153 ,ιτ
3420 5098 3620 5157 uisione

2047 5168 2163 5224 Dei.
2191 5170 2381 5226 Vivunt
2407 5182 2585 5228 autem
2613 5177 2798 5246 Angeli
2827 5178 2881 5232 in
2910 5181 3142 5250 gaudio,
3189 5200 3294 5241 non
3326 5201 3616 5251 creatum.

2047 5259 2141 5314 scd
2182 5260 2447 5320 Creatoris
2494 5261 2924 5327 Gaudiumeuitn
2963 5283 3346 5341 creatum-est
3367 5279 3618 5349 quidquid

2111 5419 2127 5451 ι
2152 5419 2511 5500 ναι-..θιριξξηρ
2545 5419 2596 5471 in
2628 5422 3079 5500 viaprazceptorwn
3114 5428 3426 5500 minuemus
3454 5438 3620 5500 autem

2045 5486 2128 5549 Its.
2154 5482 2370 5560 praeterit
2408 5482 2575 5533 istbtec
2593 5482 2761 5560 verba,
2784 5482 3131 5560 praceptorum}
3152 5487 3253 5560 Dei
3272 5502 3291 5539 :
3314 5482 3402 5560 nec

2045 5539 2351 5619 durantem,
2373 5555 2496 5605 nec;
2518 5557 2574 5594 ac
2588 5547 2664 5619 sic
2683 5539 2979 5619 atIirhianter
3009 5549 3199 5619 dicitur,
3224 5539 3362 5619 Ogtli
3379 5539 3623 5619 alia;

2046 5600 2212 5670 piteut.
2237 5609 2373 5653 Forte
2394 5600 2488 5670 non
2527 5605 2671 5663 male,
2694 5608 2884 5670 quando
2905 5600 3045 5668 intra,
3084 5618 3133 5658 ιι.
3154 5600 3204 5670 7',
3232 5600 3481 5665 animi;
3499 5600 3616 5668 situ-

2049 5666 2200 5714 teatia
2224 5672 2315 5724 est,
2346 5664 2546 5727 I'alpitct
2567 5664 2734 5716 mentis
2755 5667 2900 5729 acies,
2925 5664 3154 5735 purgetur
3174 5664 3225 5723 ut
3242 5664 3416 5726 videat.
