4076 6198
408 292 480 350 35
1644 264 1702 320 S.
1745 256 2105 319 AUGUSTINI
2148 256 2446 313 EPlSCOPl
3621 263 3688 318 36

413 407 626 464 videtur
667 418 682 455 :
729 396 977 471 gaudium
1021 386 1289 448 Creatoris
1331 392 1414 440 est
1458 380 1597 453 quod
1652 376 1993 471 nongvidetur

411 498 583 555 oculis
605 465 865 563 corporis,
888 485 980 542 sed
1008 488 1224 554 purgata
1254 477 1368 531 acie
1396 472 1606 528 mentis.
1640 469 1783 563 Beati
1810 465 1997 563 mundo

410 593 582 645 corde.
619 557 719 640 Λᾶ-
744 595 902 653 quam
929 576 1186 631 visionem
1236 569 1373 624 beati
1414 565 1574 621 sunt?
1603 562 1855 653 Quoniam
1895 557 1994 653 ipsi

415 681 578 735 Deum
605 648 838 731 videbunt
877 666 1086 739 (Matth.
1108 680 1163 729 v,
1197 662 1277 733 8).
1307 659 1423 714 Non
1447 659 1587 713 cnim
1625 652 1818 723 putetis
1840 691 1855 715 ,
1890 648 2013 702 fra-'

415 784 554 841 tres,
582 770 704 843 quia
750 764 979 838 gaudent
1003 757 1187 829 Angcli
1215 771 1278 811 cx
1310 767 1376 808 co
1402 751 1524 823 quia
1554 747 1738 843 vident
1762 753 1994 805 terram,

413 874 503 919 aut
530 836 721 919 crelnm
743 836 868 926 ,‘vel
896 864 1244 926 quiecumque
1270 848 1321 901 in
1358 845 1441 900 his
1468 849 1592 897 sunt
1622 840 1662 892 ¹.
1695 836 1809 892 Non
1839 849 1903 926 ex
1931 846 1997 926 eo

412 954 678 1025 gaudent,
720 921 840 1020 quia
869 921 1052 1001 vident
1078 941 1270 996 cretum
1295 945 1349 990 et
1382 943 1611 996 terram;
1651 926 1743 983 sed
1771 925 1890 996 quia
1921 921 1999 975 vi-

416 1046 543 1098 dent
562 1056 682 1097 eum
712 1039 801 1108 qni
824 1036 949 1091 fecit
970 1033 1162 1088 cmlum
1184 1036 1239 1084 et
1268 1035 1482 1082 terram.

486 1136 540 1190 5.
582 1104 843 1186 Deus‘non
882 1136 954 1182 est
976 1123 1095 1195 quid
1130 1133 1444 1189 corporeum,
1489 1129 1578 1168 nec
1614 1110 1761 1180 quale
1789 1104 2000 1178 formari

419 1236 588 1282 nostra
624 1221 920 1294 cogitatione
955 1215 1128 1286 possit.
1173 1211 1268 1266 llle
1308 1218 1486 1262 autem
1530 1203 1619 1273 qui
1644 1200 1771 1256 fecit
1799 1198 1995 1294 emtum

419 1328 472 1370 et
506 1288 703 1368 terram
723 1353 737 1376 ,
769 1324 871 1364 nec
897 1307 1092 1361 cmlnm
1114 1310 1224 1365 est,
1258 1313 1357 1354 nec
1386 1308 1558 1358 terra;
1599 1307 1699 1346 nec
1726 1288 1850 1359 quid
1890 1296 1998 1376 tere

420 1422 607 1463 renum
639 1374 812 1473 potest
838 1395 1093 1468 cogitari,
1121 1407 1221 1448 nec
1266 1389 1389 1461 quid
1430 1385 1652 1442 cmleste
1674 1422 1691 1446 ,
1737 1393 1837 1434 nec
1876 1374 2002 1473 quid

407 1469 736 1568 corporeum
767 1491 851 1547 vel
896 1486 1172 1560 spirituale
1211 1481 1412 1554 puteris
1454 1476 1689 1547 cogitare
1718 1489 1733 1525 :
1762 1485 1870 1525 non
1897 1469 2005 1568 hoc

419 1603 502 1647 est
520 1560 687 1645 Deus.
719 1585 833 1641 Non
861 1581 958 1638 tibi
988 1579 1152 1635 facias
1180 1574 1449 1630 hominem
1490 1568 1718 1637 aliquem
1747 1560 2000 1633 grandem

419 1691 475 1737 et
521 1678 795 1750 pulchrum
848 1692 863 1729 :
908 1685 1016 1727 non
1062 1661 1514 1724 circumscribitur
1558 1657 1795 1750 humana
1835 1650 2002 1750 iur-ina

425 1738 602 1834 Deus;
630 1784 735 1824 non
769 1765 1072 1821 continetur
1097 1759 1216 1813 loco
1237 1796 1252 1817 .
1289 1767 1394 1808 non
1426 1757 1637 1805 tenetur
1664 1744 1869 1834 spatio:
1886 1738 2002 1794 Non

425 1865 516 1917 tibi
564 1831 723 1915 iacias
759 1854 909 1926 quasi
947 1863 1167 1906 aureum
1197 1847 1400 1900 Deum:
1431 1855 1537 1896 non
1575 1837 1680 1891 hoc
1714 1841 1797 1926 est
1838 1831 2001 1926 Deus.

423 1956 555 2011 Nam
568 1918 941 2013 aurium-unde
957 1942 1048 1997 tibi
1066 1940 1144 1994 vis
1162 1937 1335 1992 facere
1353 1934 1540 1993 Deum,
1563 1928 1699 1981 Deus
1716 1924 1829 1994 ipse
1849 1918 2002 1982 fecit;

425 2054 482 2100 et
524 2044 626 2097 hoc
666 2037 931 2094 inﬁrmum
979 2030 1077 2106 (a),
1117 2028 1237 2099 quia
1264 2026 1323 2106 in,
1345 2033 1505 2078 terra.
1534 2019 1647 2074 Non
1687 2014 1780 2068 tibi
1811 2024 2006 2106 prapo-

428 2151 553 2200 nas,
584 2133 705 2204 quia
732 2126 925 2198 aliquid
948 2102 1053 2179 tale
1080 2131 1163 2177 est
1188 2102 1327 2174 Deus
1348 2155 1366 2182 ,
1388 2112 1545 2204 quale
1572 2109 1720 2204 vides
1746 2102 2005 2204 inc-(elo,

426 2228 510 2281 vel
540 2194 717 2278 lunam
737 2261 753 2286 ,
780 2194 866 2272 vel
889 2216 1056 2269 solem
1075 2252 1093 2278 ,
1136 2209 1222 2265 vel
1252 2206 1426 2262 sidera
1453 2202 1538 2257 vel
1567 2195 1820 2270 quidquid
1848 2194 2011 2286 fulget

425 2327 483 2371 et
517 2284 760 2385 splendet
786 2309 838 2363 in
866 2305 1005 2361 caelo
1032 2319 1047 2355 :
1080 2315 1187 2356 non
1216 2298 1321 2352 hoc
1346 2302 1430 2351 est
1456 2293 1616 2385 Deus.
1640 2287 1745 2385 Sed
1773 2300 1871 2385 nec
1900 2284 2009 2385 ite:

428 2373 693 2463 rum-ideo
723 2399 816 2455 tibi
855 2412 959 2452 non
987 2392 1230 2449 videatur
1257 2388 1400 2442 Deus
1432 2381 1573 2454 quod
1606 2379 1687 2438 sol
1708 2419 1725 2444 ,
1768 2376 1889 2447 quia
1929 2373 2011 2428 sol

430 2506 680 2564 tanquam
705 2498 822 2545 rota
850 2483 1092 2556 quaedam
1118 2487 1220 2544 est,
1253 2490 1359 2532 non
1378 2475 1705 2564 immensum
1733 2466 1865 2564 lucis
1887 2479 2013 2564 sna-A-

432 2558 562 2643 tium
586 2601 603 2650 ;
629 2589 685 2638 et
708 2580 855 2634 dicas
893 2574 1026 2641 tibi,
1054 2571 1199 2640 Ergo
1226 2568 1370 2623 Deus
1408 2561 1624 2619 inﬁnita:
1666 2558 1800 2650 lucis
1839 2564 1923 2650 est
1953 2562 2015 2650 et

433 2645 747 2731 immensae:
780 2677 838 2724 ut
863 2664 1015 2736 quasi
1042 2660 1228 2719 tendas
1255 2659 1427 2728 ipsum
1455 2653 1645 2716 solem,
1683 2658 1736 2705 et
1766 2647 1927 2702 facias
1951 2645 2017 2700 il-

435 2770 541 2822 lum
564 2778 669 2818 non
697 2758 893 2815 habere
923 2754 1106 2817 linem,
1135 2762 1237 2805 nec
1263 2747 1365 2802 hac
1391 2757 1493 2799 nec
1520 2741 1662 2807 illac,
1685 2752 1785 2793 nec
1802 2750 2016 2791 sursum

435 2875 535 2916 nec
553 2857 833 2914 deorsum;
865 2856 921 2902 et
944 2855 1122 2902 tttmeu
1153 2841 1327 2896 lucem
1355 2836 1449 2892 tibi
1480 2835 1792 2889 immensam
1822 2841 2018 2898 propo-

437 2964 534 3005 nas
565 2948 731 3002 Deum
762 2960 778 2996 :
809 2953 907 2995 nec
928 2936 1034 2992 hoc
1068 2941 1153 2990 est
1186 2931 1348 2986 Deus.
1380 2927 1520 2981 Deus
1562 2920 1774 2993 quidem
1816 2917 2020 2972 habitat

437 3045 611 3101 lucem
658 3031 1074 3095 inaccessibilem
1105 3025 1165 3099 (1
1208 3022 1341 3079 Tim.
1372 3036 1455 3087 vr,
1479 3016 1571 3087 l6)
1601 3033 1615 3069 :
1643 3013 1737 3070 sed
1777 3012 1894 3067 talis
1931 3011 2018 3063 lux

438 3150 546 3190 non
575 3140 661 3186 est
677 3136 800 3183 nota
818 3166 835 3191 ,
861 3136 962 3177 nec
986 3125 1161 3190 potest
1183 3128 1303 3171 esse
1329 3119 1450 3165 nota
1480 3105 1650 3162 oculis
1677 3103 1875 3159 carnis.

507 3216 734 3278 CAPUT
761 3189 828 3268 V.
848 3241 923 3253 ——
943 3189 997 3265 δέ
1017 3204 1154 3273 Quid
1173 3198 1497 3274 cogitandum
1522 3210 1635 3249 cum
1660 3192 1844 3247 dicitur
1862 3189 2019 3243 Dens.

443 3311 844 3369 Hanicltazorum
889 3314 1111 3357 errorem
1169 3290 1476 3366 perstringit.
1545 3287 1651 3344 Sed
1719 3284 1763 3340 si
1836 3283 2023 3337 videre

444 3411 598 3474 potes
615 3397 740 3471 quid
765 3403 849 3452 est
866 3392 1081 3457 veritas,
1107 3384 1234 3458 quid
1259 3391 1342 3439 est
1362 3378 1640 3474 sapientia.
1660 3373 2021 3474 quid-iustitia,

442 3464 711 3566 quomodo
736 3488 932 3543 dictum
959 3490 1044 3539 est
1066 3521 1083 3547 ,
1121 3476 1357 3534 Accedite
1390 3472 1459 3566 ad
1486 3487 1634 3566 eum,
1675 3464 2023 3566 eet-illumina-

443 3559 567 3643 ntini
597 3582 770 3654 (Psul.
797 3591 998 3640 χχχιιι,
1029 3573 1090 3645 6)
1119 3587 1134 3625 :
1172 3565 1445 3654 quomodo
1464 3571 1548 3654 est
1575 3559 1705 3616 illud
1732 3560 1910 3613 lumen
1936 3572 2027 3654 ve:

443 3692 563 3733 rum
583 3645 615 3739 ,‘
632 3674 699 3729 de
722 3685 828 3742 quo
863 3665 994 3722 dicit
1019 3663 1253 3719 Joannes
1275 3697 1291 3722 ,
1319 3653 1446 3711 Erat
1470 3653 1639 3742 lumen
1658 3665 1829 3704 verum
1852 3689 1868 3714 ,
1893 3645 2028 3742 quod

443 3736 701 3820 illautth
719 3736 918 3814 omnem
939 3753 1193 3808 hominem
1210 3747 1484 3803 uenientem
1504 3744 1559 3796 in
1586 3741 1719 3795 hunc
1748 3736 2028 3799 mundum;

444 3851 713 3926 quomodo
744 3849 979 3904 Joannes
1020 3844 1134 3913 ipse
1158 3837 1393 3908 Baptista
1422 3849 1529 3926 non
1568 3839 1696 3926 erat.
1715 3830 1898 3885 lumen

446 3916 600 4004 rum-
621 3942 757 3999 Dicit
791 3939 934 3996 enim
958 3935 1194 3990 Joannes
1237 3925 1561 3995 evangelista
1581 3963 1597 3984 ,
1645 3920 1767 3974 Non
1805 3928 1912 3973 erat
1941 3916 2031 3971 ille

449 4044 638 4101 tamen,
661 4033 751 4091 sed
776 4042 832 4086 ut
854 4025 1193 4085 testimonium
1218 4018 1497 4093 perhiberet
1516 4014 1579 4068 de
1608 4010 1797 4067 lumine
1844 4007 2028 4101 (Jonn.

449 4093 488 4199 ι,
505 4133 558 4196 9,
581 4093 657 4200 81.
676 4125 795 4181 Non
821 4121 992 4177 solum
1018 4123 1196 4171 autem
1211 4111 1446 4167 Joannes
1476 4104 1709 4200 Baptista
1738 4093 1919 4156 verum
1943 4097 2030 4152 lu—

453 4198 573 4279 men
599 4198 703 4274 non
729 4224 865 4281 erat,
894 4211 988 4267 sed
1025 4223 1125 4264 nec
1167 4205 1364 4261 Paulus
1399 4215 1585 4257 verum
1633 4198 1815 4254 lumen
1866 4200 1983 4249 erat
2011 4231 2028 4255 ,

454 4329 555 4370 nec
579 4312 769 4367 Petrus
796 4306 979 4359 verum
1011 4300 1190 4354 lumen
1216 4304 1353 4362 erat,
1384 4307 1485 4348 nec
1508 4290 1670 4361 aliqui
1690 4286 1917 4359 apostoli
1945 4300 2036 4338 ve-

455 4420 572 4461 rum
591 4403 768 4456 lumen
796 4401 969 4451 crant.
995 4388 1203 4446 Etenim
1224 4401 1395 4440 verum
1416 4383 1586 4436 lumen
1614 4388 1727 4442 est,
1760 4376 1895 4448 quod
1917 4375 2038 4429 illu-

456 4497 614 4551 minat
658 4503 855 4545 omnem
896 4483 1151 4539 hominem
1191 4479 1467 4534 venientem
1503 4475 1559 4527 in
1595 4475 1729 4526 hunc
1769 4468 2035 4523 mundum.

460 4586 541 4642 Illi
565 4595 695 4638 vero
736 4576 937 4632 Iumina
965 4579 1119 4628 erant
1140 4609 1159 4636 ,
1185 4568 1306 4639 quia
1347 4562 1798 4620 illuminabantur.
1826 4558 1957 4612 Nam
1985 4565 2042 4612 et

457 4675 603 4734 oculi
632 4669 808 4728 carnis
836 4672 1038 4721 nostra:
1064 4662 1311 4717 dicuntur
1332 4657 1529 4712 lumina
1554 4671 1570 4720 ;
1596 4663 1651 4709 et
1679 4651 2041 4721 unusquisque

458 4770 636 4840 jurat,
680 4763 781 4818 Per
801 4757 1003 4814 lumina
1041 4769 1180 4809 mea.
1229 4753 1453 4806 Lumina
1501 4749 1602 4803 ista
1638 4745 1763 4816 quid
1793 4743 1957 4799 sunt?
1983 4743 2041 4799 Si

462 4835 602 4917 desit
628 4856 744 4923 sol,
775 4853 820 4908 si
846 4850 990 4907 desit
1014 4848 1137 4902 luna
1166 4854 1257 4900 aut
1282 4844 1533 4904 lucerna,
1557 4848 1705 4895 certe
1729 4838 1782 4891 in
1809 4835 2043 4891 tenebris

463 4955 763 5008 remanent.
802 4942 905 5000 Ubi
934 4947 1059 4997 sunt
1083 4937 1280 4992 lumina
1307 4975 1322 4998 ,
1352 4932 1566 4987 videant
1608 4937 1732 4984 ante
1772 4943 1832 4983 sc
1854 4969 1870 4995 ,
1905 4941 2044 4997 pra:-

465 5046 626 5100 beant
667 5039 917 5095 ducatum
956 5030 1215 5104 pedibus,
1263 5027 1308 5081 si
1350 5024 1546 5079 lumina
1576 5030 1702 5077 sunt
1730 5038 1743 5074 :
1774 5030 1829 5075 et
1868 5028 2045 5072 tamen

466 5136 663 5190 lumina
693 5139 838 5186 sunt.
866 5126 1043 5194 Quare
1064 5121 1266 5178 lumina
1306 5115 1471 5173 sunt?
1523 5116 1657 5182 Quia
1700 5121 1922 5184 possunt
1964 5112 2044 5165 lu-

469 5240 591 5280 men
615 5221 872 5289 recipere.
900 5215 1112 5271 Etenim
1142 5226 1264 5267 cum
1290 5209 1450 5265 fuerit
1476 5207 1657 5261 lumen
1681 5205 1882 5258 illatum
1910 5243 1926 5267 ,
1960 5202 2045 5255 lu-

469 5330 591 5371 men
625 5313 797 5381 ipsum
824 5322 928 5360 non
957 5303 1116 5359 sentit
1143 5300 1294 5355 frons
1320 5309 1427 5363 tua,
1461 5311 1560 5352 nec
1587 5296 1732 5350 auris
1780 5304 1866 5348 tua
1892 5336 1908 5357 ,
1950 5308 2051 5348 nec

471 5406 695 5461 olfactus
737 5408 859 5454 tuus
885 5436 901 5461 ,
953 5394 1052 5449 n'ec
1095 5405 1286 5446 manus
1328 5400 1412 5443 tna
1438 5429 1453 5453 ,
1500 5402 1598 5442 nec
1625 5400 1719 5457 pes
1745 5394 1865 5440 tuus
1894 5401 1906 5437 :
1937 5385 2050 5439 sola

471 5495 709 5552 metubra
738 5490 790 5545 in
813 5485 972 5558 tequi
995 5491 1252 5539 vocantur
1276 5479 1438 5547 oculi,
1468 5479 1580 5533 sola
1613 5477 1850 5532 sentiunt
1872 5476 2052 5531 lumen

535 5604 551 5635 ι
578 5609 681 5651 rar.
715 5607 768 5650 et
808 5598 981 5667 Ul_im_._,
1012 5592 1086 5645 vel
1103 5602 1425 5667 amarumque
1466 5586 1588 5640 nihil
1609 5593 1734 5639 smn.
1758 5593 1900 5648 t.ov.,
1923 5584 1972 5638 in
1994 5598 2050 5638 eo

474 5672 595 5717 sum.
622 5669 674 5710 ιι
696 5669 821 5716 vss,
844 5659 894 5709 in
917 5659 990 5707 his
1005 5664 1131 5707 sinu.

538 5728 610 5787 tu)
633 5728 790 5781 Forte,
811 5718 1046 5783 infimum.

2110 372 2330 425 illatum.
2363 371 2595 425 Absentc
2623 370 2820 426 lumine
2868 373 3215 428 tcnebrantur
3249 390 3261 426 :
3293 374 3384 428 sed
3418 374 3566 430 illato
3604 377 3685 429 ln-

2102 461 2247 514 mine
2269 461 2382 515 sola
2412 461 2792 526 illuminantur,
2820 462 2871 517 id
2898 473 2978 518 est
2998 504 3015 529 ,
3046 463 3169 535 quia
3201 464 3312 519 sola
3342 468 3577 521 sentiunt
3609 469 3689 522 lu-

2102 566 2246 605 men.
2279 550 2648 606 llluminantur
2692 552 2904 622 quidem
2947 563 3002 609 et
3043 564 3238 609 caetera
3286 556 3522 610 membra
3555 566 3685 623 tua;

2102 642 2197 698 sed
2226 652 2283 696 ut
2309 643 2473 697 videri
2502 643 2727 714 possint,
2759 658 2863 698 non
2894 653 2951 699 ut
2978 644 3158 700 videre
3187 644 3414 715 possint.
3442 646 3570 701 Nam
3596 648 3684 702 lux

2101 746 2219 800 quae
2245 732 2432 796 oritur,
2454 732 2536 785 vel
2566 747 2683 800 qua:
2710 732 2955 799 infertur,
2981 734 3157 787 omnia
3190 734 3427 789 membra
3461 735 3676 805 perfun-

2050 856 2053 861 -
2101 820 2216 886 dit;
2247 822 2429 876 oculos
2452 863 2468 886 ,
2501 830 2560 875 ut
2599 821 2848 888 videant;
2880 831 3069 877 caetera
3097 862 3112 888 ,
3157 832 3215 878 ut
3257 823 3558 880 vidcantur.
3605 826 3694 882 Sic

2101 925 2292 966 omnes
2320 910 2489 965 sancti
2514 910 2792 965 illuminati
2821 920 2966 978 sunt,
2993 921 3052 966 ut
3076 912 3347 979 viderent,
3378 924 3433 970 et
3462 925 3521 969 ut
3549 917 3690 986 qnml

2102 1003 2372 1069 videbant,
2403 1003 2773 1073 praedicarent.
2804 1002 2927 1058 Ideo
2958 1003 3062 1057 illis
3084 1003 3282 1059 dictum
3313 1013 3416 1069 est,
3449 1004 3550 1060 Vos
3572 1008 3691 1060 estis

2104 1092 2269 1146 lunten
2296 1092 2473 1146 mundi
2506 1091 2717 1165 (Matth.
2742 1109 2797 1157 v,
2828 1092 2940 1165 ﬂ).
2967 1091 3075 1148 Sed
3115 1093 3316 1161 lumen,
3357 1109 3465 1149 non
3500 1111 3686 1150 verum

2106 1185 2306 1239 lumen.
2331 1183 2549 1250 Quare?
2586 1184 2720 1252 Quia
2749 1194 2857 1239 erat
2878 1185 3046 1240 lumen
3067 1201 3258 1251 verum,
3280 1186 3416 1256 quod
3438 1187 3697 1240 illuminrt

2104 1293 2300 1332 omnem
2321 1276 2593 1331 hominem.
2651 1276 2863 1332 Omnem
2892 1278 3145 1333 hominem
3184 1278 3318 1339 dixit
3357 1295 3372 1332 :
3414 1279 3460 1334 si
3489 1279 3557 1334 de
3586 1280 3691 1335 isto

2108 1371 2224 1426 sole
2247 1369 2471 1434 diceret,
2499 1386 2606 1425 non
2626 1369 2875 1436 diceret,
2910 1370 3122 1425 Omnem
3144 1371 3428 1435 hominem;
3453 1371 3576 1441 quia
3598 1372 3693 1426 iste

2104 1463 2185 1518 sol
2214 1478 2318 1518 non
2362 1478 2396 1518 a
2445 1463 2574 1518 solis
2614 1461 2921 1518 hominibus
2960 1462 3189 1517 videtur.
3220 1462 3411 1517 Vident
3451 1463 3596 1516 illum
3640 1472 3693 1516 et

2104 1569 2298 1624 pecora
2323 1596 2341 1623 ,
2373 1562 2429 1610 et
2456 1542 2808 1607 minutissima
2853 1552 3104 1607 animalia
3126 1592 3142 1618 ,
3181 1561 3237 1607 et
3274 1567 3470 1607 masere
3513 1552 3691 1606 vident

2108 1644 2268 1699 istum
2294 1645 2463 1700 solem
2496 1660 2511 1696 :
2544 1641 2674 1697 illud
2700 1651 2877 1697 autem
2906 1642 3085 1697 lumen
3112 1642 3253 1712 quod
3283 1642 3425 1698 Deus
3451 1651 3566 1708 est,
3594 1658 3690 1697 ne-

2107 1749 2196 1789 mo
2207 1735 2369 1801 videt,
2388 1735 2487 1790 nisi
2502 1734 2571 1789 de
2590 1734 2783 1804 quibus
2797 1733 2997 1788 dictum
3020 1743 3122 1802 est,
3145 1733 3293 1789 Beati
3310 1734 3498 1788 mundo
3518 1734 3688 1799 corde,

2108 1825 2344 1895 quoniam
2368 1824 2467 1897 ipsi
2492 1824 2655 1878 Deum
2675 1822 2931 1882 videbunt.

2180 1916 2407 1974 CAPUT
2433 1915 2523 1971 Vl.
2545 1946 2618 1957 --
2640 1916 2694 1983 7.
2721 1914 2916 1970 Lumen
2939 1914 3077 1986 quod
3096 1914 3236 1970 Deus
3259 1924 3353 1981 est,
3378 1915 3527 1985 quale
3553 1915 3694 1985 cogi-

2111 2010 2345 2063 tandum.
2398 2007 2678 2064 Conamini
2716 2008 2990 2077 cogitare,
3043 2006 3271 2072 fratres,
3327 2007 3506 2062 lumen
3557 2008 3695 2061 veri-

2112 2101 2254 2167 tatis,
2287 2100 2461 2154 lucem
2492 2097 2769 2168 sapientia:
2792 2137 2809 2163 ,
2835 2096 3107 2166 quomodo
3133 2096 3331 2167 ubique
3357 2110 3591 2164 praesens
3614 2106 3698 2151 est

2111 2190 2359 2244 omnibus
2387 2206 2400 2242 :
2431 2186 2697 2242 conamini
2719 2188 2953 2256 cogitare
2978 2187 3154 2241 lumen
3179 2186 3426 2256 justitiaz;
3459 2201 3694 2255 prmsens

2111 2288 2195 2333 est
2223 2279 2364 2333 enim
2391 2278 2536 2333 omni
2558 2277 2831 2348 cogitanti.
2856 2277 2992 2344 Quid
3014 2277 3158 2332 enim
3183 2286 3266 2332 est
3291 2276 3432 2347 quod
3461 2278 3695 2345 cogitat?

2113 2369 2213 2435 Qui
2241 2368 2353 2423 vult
2395 2367 2593 2440 injuste
2629 2368 2849 2432 vivere,
2893 2378 3100 2439 peccat.
3140 2368 3349 2424 Deserit
3387 2368 3645 2438 justitiam
3677 2387 3691 2422 :

2115 2460 2373 2514 diminuta
2421 2460 2549 2516 est?
2589 2456 2890 2515 Conversus
2933 2470 3018 2516 est
3061 2459 3129 2514 ad
3167 2459 3423 2530 justitiam
3470 2479 3485 2516 :
3528 2461 3698 2530 quid?

2115 2559 2268 2605 aucta
2297 2549 2423 2605 est?
2472 2549 2684 2605 Deserit
2725 2564 2881 2617 eam,
2922 2550 3184 2620 integram
3221 2550 3365 2605 illam
3407 2550 3697 2621 relinquit:

2117 2640 2445 2696 convertitur
2464 2639 2530 2695 ad
2553 2655 2693 2705 eam,
2724 2639 2985 2710 integram
3012 2638 3158 2695 illam
3189 2640 3411 2695 invenit.
3441 2640 3578 2708 Quid
3617 2651 3699 2698 est

2119 2749 2246 2805 ergo
2271 2734 2447 2788 lumen
2467 2731 2732 2803 iustitiae?
2752 2731 2829 2787 De
2855 2731 3063 2786 oriente
3091 2732 3193 2787 hoc
3218 2733 3408 2804 surgit,
3440 2739 3496 2788 et
3522 2732 3574 2787 in
3603 2746 3699 2790 oc-

2119 2824 2384 2879 cidentem
2410 2821 2596 2885 vadit?
2620 2823 2701 2877 An
2744 2831 2827 2878 est
2869 2822 3009 2878 alius
3053 2822 3201 2878 locus
3229 2822 3372 2879 unde
3394 2824 3583 2889 oritur,
3612 2832 3705 2877 aut

2120 2929 2227 2985 quo
2246 2913 2430 2969 venit?
2453 2911 2643 2968 Nonne
2664 2911 2862 2982 ubique
2885 2921 3081 2981 praesto
3105 2912 3228 2970 est?
3249 2913 3419 2968 Homo
3441 2923 3588 2968 certe
3614 2914 3703 2983 qui

2122 3013 2206 3061 est
2231 3004 2283 3061 in
2308 3004 2586 3061 occidente
2608 3043 2623 3068 ,
2651 3003 2697 3058 si
2724 3003 2839 3058 vult
2859 3002 3002 3072 jusle
3025 3003 3204 3058 vivere
3230 3045 3246 3070 ,
3278 3003 3330 3059 id
3358 3011 3444 3059 est
3464 3045 3480 3071 ,
3506 3017 3700 3059 secun-

2124 3095 2250 3151 dum
2274 3094 2535 3166 justitiam
2560 3135 2576 3160 ,
2602 3092 2860 3161 numquid
2883 3091 3037 3147 deest
3072 3092 3147 3148 illi
3169 3107 3329 3169 quam
3360 3093 3626 3148 intueatur
3651 3101 3706 3148 et

2125 3185 2301 3242 videat
2320 3183 2396 3259 (a)
2416 3182 2707 3239 secundum
2729 3182 2898 3252 ipsam
2913 3182 3209 3252 justitiam?
3239 3183 3434 3238 lterum
3458 3182 3511 3236 in
3533 3183 3711 3236 orien~

2128 3285 2179 3332 te
2204 3276 2410 3347 positus
2435 3274 2481 3329 si
2501 3273 2629 3330 velit
2646 3273 2788 3343 juste
2812 3274 3011 3340 vivere,
3030 3273 3080 3327 id
3107 3281 3220 3340 est,
3247 3271 3535 3330 secundum
3560 3284 3708 3327 eam-

2127 3370 2249 3425 dcm
2272 3366 2554 3437 justitiam,
2584 3364 2839 3436 numquid
2863 3365 3018 3420 deest
3043 3365 3161 3420 illi?
3186 3364 3260 3420 lbi
3279 3366 3420 3420 enim
3447 3374 3532 3420 est
3553 3364 3711 3434 justi-

2064 3464 2071 3471 ‘
2130 3460 2241 3515 tia:
2272 3466 2467 3528 praesto
2495 3466 2579 3512 est
2609 3456 2752 3527 juste
2788 3456 3008 3511 viventi.
3050 3455 3351 3512 Secundum
3390 3455 3507 3525 ejus
3551 3470 3712 3525 regu-

2131 3550 2235 3604 lam
2258 3547 2438 3602 vident
2466 3547 2482 3578 ¹
2513 3530 2961 3617 quemadmodum
2984 3546 3129 3615 jnste
3153 3546 3332 3600 vivant
3355 3554 3410 3601 et
3431 3544 3505 3600 illi
3533 3563 3548 3600 ε
3578 3546 3716 3600 sicut

2126 3638 2253 3709 justi
2278 3637 2414 3693 bene
2436 3635 2664 3692 vivendo
2688 3650 2805 3689 eam
2834 3634 3058 3702 vident,
3085 3636 3156 3691 ita
3180 3644 3235 3692 et
3262 3636 3444 3707 injusti
3470 3634 3608 3690 male
3630 3635 3714 3689 vi-

2133 3727 2307 3783 vendo
2336 3742 2444 3782 non
2468 3740 2587 3782 eam
2615 3724 2817 3780 vident.
2847 3723 2980 3780 Nam
3010 3734 3066 3780 et
3104 3725 3192 3781 ille
3224 3725 3369 3796 justc
3399 3726 3562 3792 vivit,
3592 3741 3715 3780 cum

2133 3835 2251 3876 eam
2299 3819 2481 3885 videt;
2523 3826 2579 3873 et
2615 3817 2705 3873 ille
2742 3817 2911 3887 ipsam
2932 3815 3116 3885 videt,
3160 3826 3219 3872 ut
3259 3816 3551 3873 secundum
3597 3833 3715 3873 eam

2134 3917 2287 3965 actus
2331 3922 2459 3965 suos
2502 3907 2695 3979 dirigat
2740 3924 2755 3960 :
2794 3907 2917 3977 quia
2940 3906 3040 3962 nisi
3070 3907 3364 3963 secundum
3388 3907 3607 3978 justitite
3635 3924 3720 3964 rc-

2133 4001 2309 4069 gulam
2339 3999 2595 4054 direxerit
2617 4007 2768 4054 actus
2791 4011 2938 4064 suos,
2963 3998 3014 4053 in
3046 4012 3284 4054 errorem
3307 3999 3599 4069 iniquitatis
3620 3999 3720 4053 im-

2135 4088 2386 4158 pingitur.
2411 4087 2545 4155 Quia
2575 4101 2707 4157 crgo
2725 4095 2782 4143 ct
2801 4087 2925 4142 huic
2945 4098 3140 4157 praesto
3160 4103 3282 4145 esse
3304 4090 3476 4159 putuit
3504 4089 3575 4144 ibi
3594 4103 3722 4144 con-

2138 4177 2381 4242 sistenti,
2426 4175 2572 4231 nullo
2600 4176 2720 4231 loco
2748 4185 2864 4241 est,
2908 4186 2963 4231 et
2987 4178 3188 4248 ubique
3210 4188 3296 4234 est
3330 4196 3345 4234 :
3377 4179 3456 4234 sic
3476 4180 3681 4250 justitia
3702 4221 3719 4246 ,

2140 4270 2218 4325 sic
2246 4267 2534 4340 sapientia,
2552 4266 2628 4322 sic
2651 4267 2847 4323 veritas
2868 4307 2884 4330 .
2908 4268 2987 4323 sic
3019 4268 3261 4326 castitas.
3292 4268 3570 4326 Conamini
3592 4287 3721 4342 ergo

2140 4361 2323 4416 videre
2350 4359 2507 4415 talem
2527 4358 2739 4414 lucem:
2770 4358 2865 4415 sed
2894 4375 3001 4415 non
3031 4361 3275 4431 potestis,
3303 4361 3530 4433 palpitat
3558 4377 3716 4419 men-

2144 4452 2212 4507 tis
2234 4452 2410 4517 acies;
2441 4459 2715 4522 purgetur,
2742 4459 2801 4506 ut
2817 4450 3016 4508 videat.

2214 4541 2438 4599 CAPUT
2466 4541 2652 4597 Vll.——
2673 4541 2745 4598 Ut
2788 4551 2968 4600 autem
3017 4526 3267 4614 purgetur
3291 4550 3347 4598 et
3382 4542 3581 4611 videat,
3610 4559 3727 4600 cret

2146 4634 2273 4699 dat,
2309 4644 2368 4687 nt
2406 4632 2621 4704 purgari
2665 4644 2953 4689 mereatur.
3001 4633 3154 4702 Quod
3217 4649 3347 4706 ergo
3380 4635 3566 4692 videre
3612 4652 3717 4693 non

2150 4723 2371 4794 potestis
2393 4763 2411 4792 ,
2468 4721 2677 4779 dillertc
2701 4765 2719 4791 ,
2771 4732 2830 4779 ut
2885 4724 3144 4780 curemini
3171 4765 3189 4793 ,
3254 4734 3313 4781 et
3371 4726 3551 4783 videre
3602 4742 3730 4798 pos-

2154 4817 2291 4872 sitis.
3115 4821 3124 4837 ι

2211 4909 2266 4964 8.
2282 4906 2520 4962 Felicitas
2529 4908 2579 4960 in
2592 4911 2764 4979 futuro
2773 4908 2956 4962 saeculo
2967 4909 3129 4978 qualis
3141 4909 3417 4982 speranda.
3436 4910 3553 4964 Duo
3563 4910 3736 4965 Testa-

2153 5011 2339 5054 menta.
2350 4999 2465 5055 Non
2481 5009 2656 5053 tamen
2673 4998 2775 5054 tale
2791 4999 2989 5064 aliquid
3005 5001 3056 5054 in
3070 5000 3248 5056 futuro
3263 5003 3459 5057 seculo
3469 5002 3734 5072 cogitetis,

2154 5092 2310 5162 quale
2346 5104 2489 5145 nunc
2524 5089 2716 5145 videtis
2769 5108 2784 5144 :
2823 5090 2945 5160 quia
2970 5091 3014 5146 si
3045 5092 3150 5147 tale
3183 5093 3383 5163 aliquid
3418 5092 3728 5162 cogitaveri-

2159 5181 2245 5245 tis,
2278 5191 2332 5236 et
2360 5179 2468 5234 tale
2495 5178 2690 5249 aliquid
2716 5179 3044 5248 dilexeritis;
3071 5196 3192 5237 cum
3224 5183 3340 5252 ipso
3362 5182 3560 5236 mttndo
3580 5182 3742 5235 vultis

2158 5271 2237 5325 ire
2261 5280 2410 5325 extra
2441 5268 2721 5335 mundum,
2749 5270 2935 5325 tollere
2960 5272 3235 5327 vobiscum
3261 5272 3422 5327 vultis
3450 5271 3732 5325 mundum.

2161 5360 2275 5415 Non
2293 5369 2447 5415 erunt
2461 5359 2531 5414 ibi
2547 5360 2664 5413 ista.
2686 5359 2795 5415 Lux
2822 5361 2894 5416 ibi
2911 5362 3013 5417 erit
3033 5363 3297 5432 quaedam,
3316 5361 3458 5418 unde
3471 5361 3575 5418 hoc
3594 5372 3741 5417 rorat

2163 5450 2342 5505 nescio
2381 5448 2527 5519 quid,
2550 5449 2690 5519 quod
2726 5450 2884 5505 modo
2927 5451 3271 5523 intelligimus
3293 5492 3311 5519 ,
3348 5462 3401 5508 et
3427 5453 3740 5522 gaudemus.

2164 5538 2270 5596 Sed
2309 5538 2356 5592 si
2398 5538 2655 5594 habemus
2691 5540 3111 5597 benedictionem
3154 5558 3182 5596 a
3215 5556 3337 5597 rore
3368 5542 3490 5597 caeli
3517 5583 3533 5607 ,
3576 5542 3741 5597 habeo

2230 5648 2247 5711 ξ
2271 5645 2347 5711 sic
2364 5654 2467 5697 Mss.
2494 5648 2613 5697 Editi
2638 5663 2774 5705 vero,
2803 5652 3063 5701 semiudum
3084 5632 3209 5702 enim
3236 5652 3451 5711 regulam
3471 5652 3619 5704 videt.

2227 5705 2303 5771 (a)
2320 5714 2472 5771 Forte,
2500 5726 2513 5756 τ
2532 5718 2548 5759 ι
2570 5711 2704 5761 titul.
