4024 6202
310 335 387 372 οι

306 437 438 480 mus
482 418 874 477 abundantiam
917 432 947 473 a
993 416 1260 473 fertilitate
1303 424 1456 471 terra:
1490 430 1502 465 :
1536 410 1612 465 sic
1654 417 1736 463 est
1773 406 1917 461 enim

308 512 634 569 benedictus
656 508 829 568 Iacob
858 506 1011 576 (Gen.
1036 524 1177 563 xxvu
1196 549 1214 574 ,
1239 507 1331 577 28)
1367 524 1379 560 :
1406 506 1472 560 ad
1502 519 1626 561 eum
1647 504 1915 576 pertinea-

312 620 446 661 mus
469 646 486 669 ,
515 614 574 658 et
611 615 715 657 non
743 598 1036 656 carnaliter
1062 598 1321 653 vivamus.
1366 596 1501 666 Quia
1549 595 1912 665 unusquisque

319 696 519 767 incipit
541 693 822 751 carnaliter
842 691 1025 747 vivere
1047 731 1064 757 ,
1092 690 1214 746 ideo
1259 690 1429 760 major
1465 688 1641 743 dictus
1663 697 1747 744 est
1776 686 1919 742 Esau

332 787 449 859 (Id.
492 803 594 843 xxv
616 828 635 855 ,
675 783 797 857 2'5).
843 784 960 840 Duo
994 784 1338 840 Testamenta
1372 782 1621 838 dicuntur
1646 781 1698 836 in
1738 780 1876 850 Lege
1899 821 1915 846 ,

334 896 493 935 unum
522 879 721 944 Vetus,
749 886 808 934 et
835 877 1067 934 alterum
1089 876 1317 934 Novum.
1346 875 1515 932 Vetus
1535 874 1919 946 promissiones

327 970 555 1025 habebat
582 969 912 1040 temporales
933 1009 951 1037 ,
992 967 1089 1026 sed
1128 966 1548 1039 signiﬁcationes
1588 966 1916 1038 spirituales.

322 1060 572 1119 lntendat
606 1060 856 1118 Charitas
908 1068 1109 1116 vestra.
1171 1059 1229 1116 Si
1277 1059 1541 1131 promissa
1584 1068 1669 1114 est
1717 1057 1919 1114 Judaeis

321 1164 467 1212 terra
515 1153 982 1225 rat-omissionis,
1030 1151 1294 1225 signiﬁcat
1334 1150 1537 1223 aliquid
1570 1151 1920 1222 spiritualiter

322 1258 469 1304 terra
495 1246 937 1319 repromissionis
964 1263 981 1302 :
1005 1245 1053 1302 si
1079 1245 1343 1316 promissa
1380 1253 1466 1300 est
1489 1244 1692 1302 Judceis
1731 1244 1920 1299 civitas

322 1342 475 1412 pacis
492 1340 816 1406 Jerusalem,
845 1336 1328 1410 signiﬁcataliquid
1353 1351 1551 1393 nomen
1575 1336 1806 1392 civitatis
1827 1335 1920 1392 Je-

325 1432 569 1487 rusalem
612 1448 633 1486 :
675 1431 721 1486 si
763 1428 888 1486 data
933 1437 1021 1484 est
1058 1427 1261 1484 Judzeis
1315 1427 1653 1484 circumcisio
1698 1427 1917 1495 carnis,

324 1520 601 1591 signth
641 1519 871 1590 aliquam
918 1518 1257 1588 spiritualem
1291 1517 1757 1574 circumcisionem
1806 1534 1820 1571 :
1870 1517 1917 1571 si

315 1609 463 1681 iussi
496 1618 626 1665 sunt
661 1607 835 1664 Judazi
860 1622 1026 1663 unum
1057 1606 1203 1663 diem
1231 1606 1514 1663 sabbatum
1541 1606 1829 1662 observare
1853 1605 1919 1661 de

324 1709 547 1770 septem
587 1698 773 1756 diebus
789 1739 806 1766 ,
837 1698 1105 1771 signiﬁcat
1128 1697 1461 1770 spiritualem
1489 1700 1722 1769 quietem
1748 1741 1764 1766 ,
1796 1714 1918 1770 quae

328 1806 446 1848 non
471 1792 629 1847 habet
654 1806 953 1863 vesperam.
976 1789 1112 1846 Nam
1134 1798 1192 1846 et
1212 1789 1269 1845 in
1293 1789 1424 1861 ipsis
1467 1799 1670 1861 septem
1692 1790 1880 1846 diebus
1896 1831 1914 1855 ,

324 1882 380 1938 in
423 1881 622 1938 Genesi
670 1881 727 1937 in
775 1881 1024 1938 omnibus
1062 1881 1252 1938 diebus
1276 1881 1479 1939 dictum
1507 1891 1591 1939 est
1612 1925 1629 1950 ,
1662 1882 1826 1938 Facta
1845 1892 1917 1939 est

323 1988 533 2044 vespera
560 1971 679 2042 (Id.
708 1971 751 2045 ι)
786 1973 881 2027 :in
917 1972 1149 2043 septimo
1192 1970 1283 2028 die
1321 1986 1430 2027 non
1476 1972 1672 2029 dicitur
1694 2014 1711 2041 ,
1753 1974 1913 2030 Facta

320 2072 406 2120 est
446 2078 700 2134 vespera.
736 2063 976 2135 Septimo
1021 2063 1110 2121 die
1136 2064 1229 2136 qui
1268 2078 1550 2136 vesperam
1579 2080 1685 2121 non
1713 2065 1913 2133 habet,

320 2155 661 2226 signiﬁcatur
684 2154 844 2212 nobis
867 2156 1085 2228 requies
1106 2155 1429 2226 sempiterna
1453 2196 1471 2223 ,
1503 2158 1593 2212 ubi
1636 2159 1810 2215 nullus
1834 2168 1918 2215 est

320 2262 572 2304 occasus.
608 2246 671 2304 Si
696 2247 818 2303 data
845 2256 973 2302 sunt
1006 2246 1265 2303 sacriﬁcia
1293 2247 1494 2304 Judmis
1516 2249 1748 2304 carnalia
1767 2291 1783 2314 ,
1821 2264 1928 2339 per‘

328 2341 572 2395 victimas
597 2339 911 2395 animalium
938 2339 1118 2394 omnia
1141 2338 1443 2411 signiﬁcant
1477 2338 1737 2395 sacriﬁcia
1754 2340 1918 2411 Spiri-

327 2431 510 2485 Iulia.

402 2520 622 2576 CAPUT
645 2520 1007 2592 Vlll.—Ergo
1016 2522 1103 2592 qui
1115 2522 1193 2578 sic
1209 2522 1762 2595 intellexerunt,qnasi
1779 2540 1917 2596 pra:-

333 2626 465 2668 sous
497 2613 598 2668 illis
618 2612 827 2684 aliquid
850 2613 1073 2669 daretur
1090 2630 1185 2684 pro
1206 2630 1421 2686 magno,
1447 2614 1502 2670 et
1523 2615 1754 2671 futurum
1784 2616 1915 2673 nihil

331 2703 687 2774 quasiet-unt,
731 2719 835 2760 nec
856 2705 1203 2774 spiritualiter
1229 2702 1292 2763 ea
1331 2724 1451 2778 quae
1471 2711 1757 2765 carnaliter
1783 2726 1915 2780 age-

330 2795 564 2863 bantur,
646 2794 950 2866 intelligere
977 2796 1298 2865 valuerunt,
1345 2798 1411 2853 ad
1459 2799 1717 2869 majorem
1750 2802 1916 2856 tilium

330 2888 619 2956 pertinent,
649 2887 719 2943 ad
745 2896 900 2943 vetus
918 2887 1322 2944 Testamentum
1347 2891 1633 2959 pertinent.

403 2979 456 3033 9.
472 2977 778 3032 Testantenti
799 2976 993 3034 Veteris
1007 2988 1054 3033 et
1068 2978 1120 3033 Ν
1124 2980 1202 3034 oni
1216 2981 1485 3035 discrimen
1505 2991 1551 3035 et
1563 2982 1914 3037 consonantia.

336 3068 508 3125 Vetus
534 3068 683 3125 enim
724 3069 1121 3126 Testamentum
1155 3079 1241 3127 est.
1290 3071 1570 3140 promissio
1642 3071 1863 3142 ﬁgurata
1902 3090 1915 3126 :

332 3160 546 3216 Novum
566 3161 973 3217 Testamentum
988 3171 1073 3218 est
1086 3164 1372 3233 promissio
1394 3164 1744 3235 spiritualiter
1766 3168 1919 3223 intel-

331 3250 494 3308 lecta.
517 3252 656 3307 Cum
683 3253 829 3309 enim
860 3252 1159 3309 Jerusalem
1188 3270 1309 3324 qua:
1334 3255 1434 3315 fuit
1456 3257 1510 3311 in
1542 3266 1684 3312 terra
1708 3298 1722 3321 ,
1753 3259 1918 3327 perti-

334 3350 464 3396 neat
497 3341 564 3396 ad
588 3340 754 3398 Vetus
778 3341 1179 3400 Testamentum
1199 3386 1216 3412 ,
1249 3346 1530 3417 imaginem
1552 3346 1712 3403 habet
1732 3349 1796 3403 ad
1825 3350 1915 3406 ie.

331 3432 564 3487 malem
611 3448 734 3504 qua:
779 3442 864 3492 cst
898 3434 955 3490 in
999 3435 1172 3501 cmlo,
1222 3444 1282 3491 et
1329 3438 1557 3506 pertinet
1600 3440 1666 3495 ad
1709 3440 1916 3496 Novum

327 3522 759 3580 Testamentum.
793 3525 1141 3582 Circumcisio
1163 3527 1390 3583 carnalis
1405 3530 1635 3598 pertinet
1655 3532 1722 3586 ad
1757 3532 1920 3589 Vetus

330 3613 738 3669 Testamentum
763 3632 777 3670 :
800 3614 1147 3672 Circumcisio
1172 3616 1349 3672 cordis
1362 3619 1596 3687 pertinet
1619 3621 1686 3675 ad
1715 3621 1917 3677 Novum

328 3704 736 3760 Testamenqu
768 3706 811 3762 ⁸.
855 3705 1142 3763 Liberatur
1181 3710 1476 3764 secundum
1506 3709 1675 3766 Vetus
1729 3712 1915 3767 Testa-

328 3804 569 3852 mentum
614 3796 845 3867 populus
880 3796 949 3854 de
990 3797 1229 3871 Ευριο
1267 3817 1283 3854 :
1328 3800 1585 3857 liberatur
1625 3806 1917 3859 secundum

326 3885 545 3942 Novum
572 3886 974 3945 Testamentum
1010 3890 1236 3961 populus
1260 3906 1293 3946 a
1321 3892 1555 3948 diabolo.
1599 3894 1917 3950 Persecuto-

327 3976 953 4049 resEgyptiietPharao
963 3990 1354 4052 persequuntur
1382 3992 1642 4040 exeuntes
1665 3984 1732 4039 de
1756 3984 1918 4058 [Egy-

278 4064 281 4067 ’
328 4077 427 4138 pto
452 4067 670 4126 Iudaeos
691 4086 709 4125 :
727 4080 1117 4141 persequuntur
1146 4073 1394 4143 populum
1420 4064 1917 4145 christianum-pec-

329 4168 454 4216 cata
483 4160 716 4231 ipsorum
759 4171 816 4218 et
853 4162 1097 4219 diabolus
1132 4166 1384 4234 princeps
1412 4175 1773 4235 peccatorum.
1812 4168 1917 4225 Sed

326 4254 471 4309 sicut
490 4253 710 4311 Judaaos
742 4270 912 4326 usque
934 4254 1003 4312 ad
1038 4271 1186 4311 mare
1214 4266 1610 4328 persequuntur
1637 4258 1873 4330 Egyptii
1901 4277 1916 4325 ;

327 4347 409 4400 sic
422 4346 758 4403 Christianos
771 4361 938 4418 usque
953 4346 1020 4402 ad
1043 4342 1370 4418 Baptismum
1392 4359 1781 4419 persequuntur
1797 4366 1920 4421 pec-

325 4448 469 4496 cata.

402 4530 631 4588 CAPUT
686 4531 781 4587 ιχ.
807 4563 879 4574 -
906 4530 1124 4589 Eremus
1171 4542 1244 4589 est
1308 4533 1584 4589 christiano
1639 4535 1722 4588 Itic
1772 4551 1920 4589 mun-

326 4622 453 4677 dus.
497 4620 802 4691 lntenditc,
852 4623 1085 4691 fratres,
1140 4633 1196 4680 et
1241 4624 1420 4680 videte
1451 4642 1465 4679 :
1499 4625 1792 4680 liberantur
1825 4642 1919 4695 per

327 4726 490 4769 mare
544 4713 750 4781 Judaei,
799 4715 1096 4771 obruuntur
1151 4717 1204 4770 in
1247 4716 1384 4770 mari
1430 4715 1665 4787 Egyptii
1716 4734 1731 4771 :
1783 4717 1918 4773 libev

327 4812 522 4857 rantur
562 4795 883 4859 Christiani'
911 4805 964 4860 in
1024 4806 1342 4862 remissione
1396 4816 1767 4876 peccatorum,
1825 4807 1920 4863 de-

332 4896 513 4951 lentur
532 4906 752 4967 peccata
778 4912 874 4968 per
890 4898 1238 4969 Baptismum.
1265 4897 1475 4953 Esennt
1495 4906 1616 4968 post
1638 4913 1786 4955 mare
1809 4899 1919 4954 Ru-

334 4987 525 5055 brum,
569 4997 627 5045 et
664 4988 939 5045 ambulant
978 5005 1075 5059 per
1115 5004 1357 5046 eremum
1386 5007 1399 5041 :
1431 4990 1510 5044 sic
1545 4998 1598 5044 et
1632 4986 1916 5044 Christiani

328 5087 453 5148 post
464 5078 798 5149 Baptismum
816 5079 1054 5136 nondum
1080 5088 1206 5135 sunt
1230 5080 1282 5137 in
1302 5089 1444 5134 terra
1464 5080 1914 5148 repromissionis,

325 5171 427 5241 sed
453 5181 580 5226 sunt
612 5172 667 5225 in
700 5185 817 5240 spe.
851 5170 1115 5227 Saeculum
1140 5179 1319 5225 autem
1343 5171 1445 5226 hoc
1461 5184 1680 5225 eremus
1707 5180 1829 5236 est;
1866 5180 1920 5226 et

334 5272 469 5313 vere
485 5258 778 5315 christiano
795 5268 879 5315 est
899 5274 1111 5315 eremus
1137 5267 1257 5328 post
1274 5259 1624 5330 Baptismum,
1646 5259 1692 5314 si
1719 5260 1920 5315 intelli-

324 5359 423 5420 gat
448 5349 586 5420 quod
600 5352 826 5421 accepit.
852 5350 909 5411 Si
936 5366 1041 5405 non
1068 5351 1241 5405 solum
1256 5350 1407 5421 signa
1423 5350 1720 5421 corporalia
1751 5351 1803 5406 in
1826 5351 1917 5405 illo

330 5439 483 5505 ﬁant,
497 5440 592 5497 sed
611 5441 658 5497 si
673 5442 832 5497 etiam
858 5441 910 5497 in
927 5442 1090 5499 corde
1109 5441 1397 5512 spiritualis
1414 5441 1656 5509 eﬁ‘ectus,
1674 5442 1918 5515 intelligit

393 5598 412 5630 ι
437 5597 608 5649 Isthmo
621 5602 887 5664 sententia,
904 5600 1217 5664 circumcisio
1230 5601 1441 5652 carnalis
1463 5600 1666 5664 pertinet
1688 5602 1754 5654 ad
1778 5611 1917 5655 Velm

332 5664 679 5725 [nummatum
701 5676 719 5711 :
743 5663 1073 5724 circumcisio,
1107 5674 1202 5715 etc.
1223 5698 1240 5725 ,
1274 5663 1533 5713 omissa’in
1571 5665 1713 5714 editis
1737 5666 1912 5717 fuerat.

321 5718 610 5772 Restittsitur
629 5736 692 5772 ex
711 5730 789 5773 Its.
809 5727 947 5774 Oorh.

1808 284 2036 342 SERMO
2078 284 2161 337 IV.
3542 291 3610 347 38

2026 399 2125 477 sibi
2148 414 2383 453 eremnm
2402 415 2519 456 esse
2547 402 2702 456 istum
2734 403 3265 475 mtnnlum,intelligit
3286 407 3337 459 in
3373 422 3600 477 [u‘l’t‘grl-

2027 474 2241 545 natione
2284 506 2342 546 se
2386 495 2603 560 vivere,
2653 496 2873 564 patriam
2916 496 3225 552 desiderare
3268 497 3371 569 (a).
3411 498 3609 567 Quam-

2025 584 2115 639 diu
2158 594 2333 640 autem
2359 586 2652 653 desiderat,
2685 588 2735 642 in
2765 604 2859 658 spe
2883 598 2984 644 est.
3037 590 3145 662 Spe
3171 592 3303 645 enim
3338 591 3466 646 salvi
3493 595 3612 665 facti

2025 690 2216 728 sumus.
2247 674 2378 745 Spes
2416 689 2584 731 autem
2629 693 2742 748 qua:
2791 679 3017 744 ridetur,
3061 697 3162 735 non
3184 691 3256 736 est
3293 699 3407 753 spes
3435 699 3454 737 :
3477 686 3613 753 quod

2024 767 2157 820 enim
2180 767 2309 822 videt
2336 768 2475 839 quis,
2506 769 2628 840 quid
2655 771 2868 840 sperat?
2896 771 2956 825 Si
2989 782 3156 827 autem
3179 774 3315 843 quod
3342 791 3443 829 non
3470 777 3610 830 vide-

2024 873 2156 925 mus,
2178 875 2458 929 speramus,
2482 877 2572 931 per
2600 861 2892 930 patientia»:
2917 874 3263 929 exspectamus
3284 865 3460 936 (Rom.
3485 884 3610 934 VIII,

2026 945 2118 1014 24,
2152 947 2267 1019 25).
2292 947 2396 1003 Ista
2428 950 2676 1020 patientia
2701 951 2752 1005 in
2780 968 2958 1006 eremo
2982 952 3107 1008 facit
3133 955 3328 1025 aliquid
3359 971 3609 1026 sperare:

2027 1036 2073 1090 si
2094 1036 2205 1107 jam
2250 1052 2309 1093 se
2339 1048 2486 1109 putat
2515 1040 2566 1093 in
2596 1041 2761 1110 patria
2790 1084 2804 1108 ,
2851 1059 2955 1096 non
2986 1044 3227 1111 pervenit
3249 1045 3315 1100 ad
3342 1048 3564 1116 patriam
3595 1066 3608 1100 :

2025 1127 2070 1181 si
2094 1127 2206 1198 jam
2233 1144 2292 1184 se
2320 1138 2467 1198 putat
2494 1129 2546 1183 in
2580 1132 2746 1200 patria
2770 1174 2784 1197 ,
2816 1142 3057 1188 remanet
3085 1134 3137 1188 in
3176 1134 3261 1191 via
3291 1153 3305 1188 :
3330 1144 3388 1190 ut
3430 1147 3612 1197 autem

2028 1233 2133 1273 non
2172 1230 2445 1274 remaneat
2490 1221 2541 1274 in
2568 1221 2683 1287 via,
2717 1232 2896 1292 speret
2918 1226 3136 1293 patriam
3163 1266 3178 1290 ,
3220 1225 3489 1282 desideret
3516 1244 3609 1298 pa-

2026 1313 2202 1379 triam,
2229 1329 2295 1369 ne
2325 1313 2518 1368 deviet.
2547 1314 2680 1370 Nam
2700 1327 2989 1372 occurrunt
3016 1320 3333 1375 teutationcs
3358 1339 3371 1374 :
3402 1322 3469 1374 ita
3492 1334 3614 1390 post

2025 1406 2356 1475 Baptismum
2388 1417 2691 1462 occurrunt.
2723 1406 2873 1463 Sicut
2897 1410 3037 1463 enim
3067 1425 3171 1468 non
3200 1412 3298 1465 soli
3324 1422 3478 1468 erant
3516 1412 3612 1466 ho-

2024 1508 2133 1554 stes
2159 1498 2462 1554 Judzeorum
2491 1501 2758 1572 Egyptii,
2791 1501 2877 1571 qui
2912 1502 3031 1557 illus
3056 1503 3124 1557 ab
3151 1501 3385 1575 Egypto
3423 1519 3608 1574 persec

2023 1589 2322 1659 qnebautur
2351 1590 2473 1661 (ipsi
2502 1593 2642 1646 enim
2674 1592 2924 1661 praeteriti
2949 1594 3128 1648 hostes
3149 1604 3321 1659 erant,
3345 1596 3612 1664 quomodo

2023 1696 2456 1751 unumquemque
2484 1683 2822 1752 persequitur
2850 1684 3125 1752 pra-terita’
3142 1684 3250 1738 vita
3276 1699 3372 1739 sua
3402 1694 3456 1740 et
3478 1701 3615 1756 prae-

2024 1772 2179 1827 terita
2229 1782 2445 1842 peccata
2488 1788 2583 1827 sua
2626 1787 2746 1828 cum
2786 1775 3021 1844 principe
3068 1790 3168 1829 suo
3193 1775 3426 1847 diabolo)
3454 1818 3470 1843 ,
3518 1778 3612 1832 sed

2025 1863 2347 1917 exstiterunt
2372 1864 2423 1916 in
2448 1879 2630 1919 eremo
2650 1906 2663 1929 ,
2703 1865 2792 1935 qui
2825 1865 3023 1921 vellent
3052 1866 3309 1936 impedire
3345 1867 3526 1933 viam;
3556 1878 3614 1924 et

2022 1963 2315 2026 pugnatum
2339 1964 2421 2011 est
2445 1971 2566 2011 cum
2592 1957 2718 2024 illis,
2751 1966 2805 2013 et
2833 1958 2956 2012 vit-ti
2985 1968 3109 2013 sunt
3135 1975 3149 2011 :
3178 1959 3257 2014 sic
3287 1942 3404 2029 post
3432 1960 3610 2029 Bapti-

2022 2064 2196 2103 smum
2226 2065 2348 2105 eum
2381 2051 2607 2119 coeperit
2630 2051 2901 2107 ambulare
2930 2051 3249 2107 christianos
3271 2054 3406 2106 viam
3436 2052 3614 2108 cordis

2024 2139 2105 2191 sui
2137 2139 2188 2192 in
2219 2154 2315 2208 spe
2344 2140 2726 2207 promissorum
2759 2140 2873 2205 Dei,
2904 2157 3006 2194 nun
3039 2142 3236 2196 devict.
3269 2143 3400 2197 Nam
3425 2159 3611 2199 occur-

2024 2239 2149 2284 runt
2194 2231 2513 2284 tentationes
2549 2231 2694 2283 aliud
2733 2231 2928 2299 aliquid
2975 2242 3356 2301 suggerentes,
3392 2233 3614 2288 delicias

2023 2319 2183 2389 hujus
2212 2320 2426 2384 mundi,
2455 2320 2613 2373 aliam
2643 2322 2929 2390 Quamdam
2962 2323 3120 2376 vitam
3141 2366 3155 2387 ,
3186 2333 3242 2377 ut
3264 2340 3615 2395 unumquem-

2022 2424 2126 2479 que
2155 2409 2223 2464 de
2248 2409 2330 2463 via
2361 2409 2741 2479 detorqueant,
2769 2421 2824 2465 et
2866 2427 2893 2464 a
2926 2414 3199 2482 proposito
3232 2414 3518 2470 abducant.
3555 2416 3612 2472 Si

2022 2506 2200 2556 autem
2231 2499 2332 2554 isto
2360 2500 2657 2556 desiderio‘
2682 2502 2810 2557 istas
2830 2505 3195 2573 suggeStiones
3216 2506 3461 2573 eviceris,
3489 2509 3610 2562 vin~

2021 2601 2215 2647 cuntur
2242 2592 2421 2648 hostes
2443 2594 2493 2647 in
2517 2594 2692 2657 via,et
2712 2594 3016 2664 perducitur
3039 2596 3263 2666 populus
3280 2596 3346 2651 ad
3365 2599 3611 2668 patriam.

2094 2681 2321 2739 CAPUT
2343 2683 2382 2736 Χ
2393 2684 2571 2738 .-ιυ.
2596 2682 2804 2755 Figura!
2816 2695 3000 2739 nostra
3008 2702 3067 2739 ea
3082 2702 3194 2754 qna:
3209 2686 3492 2742 Israelitico
3511 2706 3575 2758 pa
3588 2720 3602 2729 -

2026 2771 2148 2842 pulo
2176 2773 2509 2845 contigerunt.
2558 2774 2696 2828 Audi
2730 2775 3044 2843 Apostolunt
3071 2817 3086 2842 ,
3117 2778 3240 2847 quia
3286 2778 3383 2833 ista
3425 2778 3607 2850 ligulae

2024 2872 2220 2917 nostra:
2246 2863 2479 2919 fuerunt.
2500 2862 2636 2917 Nolo
2652 2865 2803 2928 enim,
2828 2866 3019 2936 inquit,
3032 2882 3119 2921 vos
3137 2868 3389 2938 ignorare,
3406 2873 3611 2940 fratres,

2035 2956 2155 3025 quia
2179 2971 2351 3008 omnes
2378 2964 2548 3024 patres
2576 2957 2733 3010 nostri
2758 2958 2851 3011 sub
2882 2958 3010 3011 nube
3030 2959 3251 3028 fuerunt.
3275 2958 3330 3016 Si
3358 2963 3450 3015 sub
3488 2962 3617 3016 nube

2024 3051 2227 3119 fuerunt
2247 3088 2261 3109 ,
2293 3047 2394 3102 sub
2421 3047 2647 3117 caligine
2677 3048 2912 3103 fuerunt.
2943 3049 3079 3116 Quid
3111 3061 3194 3106 est
3217 3094 3230 3114 ,
3264 3051 3364 3106 sub
3388 3053 3614 3124 caligine

2027 3135 2281 3192 fuerunt?
2329 3136 2443 3193 Non
2492 3140 2572 3192 eis
2617 3138 3031 3209 intelligentibus
3072 3141 3455 3212 spiritualiter,
3494 3160 3613 3213 qua:

2023 3245 2145 3283 cum
2188 3230 2267 3284 eis
2296 3218 2657 3298 corporaliter
2691 3232 3000 3301 agebantur.
3037 3231 3107 3286 Et
3140 3250 3312 3289 omnes
3350 3252 3440 3305 per
3476 3253 3616 3290 mare

2024 3320 2330 3375 transierunt
2359 3362 2374 3386 ,
2414 3330 2460 3373 ct
2489 3339 2659 3376 omnes
2684 3323 2737 3375 in
2768 3322 2944 3394 Moyse
2971 3323 3212 3394 baptizati
3237 3337 3353 3381 sunt
3372 3368 3387 3393 ,
3422 3337 3471 3381 et
3494 3344 3609 3381 ont-

2023 3426 2111 3463 nes
2122 3411 2349 3464 eumdem
2369 3413 2532 3465 cibum
2545 3413 2859 3484 spiritualem
2874 3416 3317 3470 manducaverunt.
3330 3419 3514 3472 Datum
3528 3428 3615 3474 est

2022 3501 2164 3555 enim
2197 3501 2302 3557 illis
2331 3518 2524 3557 manna
2565 3504 2854 3560 indescrto
2898 3505 3090 3578 (Exod.
3132 3523 3247 3572 xvr,
3299 3507 3388 3580 l5)
3413 3551 3428 3573 ,
3471 3510 3609 3564 sicut

2025 3592 2180 3646 nobis
2224 3593 2382 3647 datur
2431 3594 2659 3650 dulcedo
2697 3596 3090 3667 Scripturarum
3116 3640 3131 3664 ,
3177 3609 3233 3652 ut
3275 3600 3527 3655 duremus
3560 3603 3609 3655 in

2024 3682 2123 3737 ista
2152 3698 2337 3738 eremo
2357 3684 2479 3738 vita:
2514 3685 2780 3740 humanae.
2816 3688 2879 3741 Et
2905 3700 3098 3743 norunt
3127 3691 3285 3759 quale
3312 3707 3501 3746 manna
3524 3710 3612 3748 ac-

2023 3773 2225 3843 cipiunt
2247 3772 2556 3841 Christiani,
2581 3774 2773 3843 qttiblls
2797 3775 2930 3831 dixit
2963 3778 3074 3848 ipse
3102 3779 3365 3846 Psalmus,
3401 3780 3612 3837 Gustata

2023 3872 2069 3917 et
2092 3863 2277 3929 videte,
2304 3880 2457 3935 quam
2485 3867 2655 3919 suavis
2679 3876 2753 3920 est
2798 3866 3044 3923 Dominus
3087 3868 3255 3945 (Psat.
3295 3887 3464 3925 xum
3487 3916 3501 3934 ,
3528 3873 3608 3939 9).

2026 3954 2094 4009 Et
2115 3973 2305 4023 omnes,
2348 3957 2550 4027 inquit,
2582 3959 2812 4012 eumdem
2847 3960 3013 4013 cibum
3052 3963 3364 4030 spiritualem
3396 3966 3609 4015 mandu-

2022 4057 2276 4100 caveruat.
2320 4047 2455 4114 Quid
2486 4030 2589 4115 eSt,
2609 4051 2886 4131 eumdem?
2914 4050 3055 4103 Idem
3088 4050 3496 4119 signiﬁcantem.
3543 4053 3609 4105 Et

2024 4153 2194 4190 omnes
2219 4137 2449 4189 eumdem
2482 4146 2657 4207 potant
2690 4138 3004 4206 spiritualem
3033 4139 3276 4194 biberunt.
3310 4142 3373 4195 Et
3397 4144 3611 4197 attende

2023 4226 2292 4296 quomodo
2319 4241 2474 4280 unam
2503 4242 2618 4282 rem
2637 4228 2900 4298 exposuit,
2925 4239 2979 4283 et
3007 4239 3196 4285 etetera
3227 4233 3387 4285 tacuit
3412 4249 3425 4285 :
3458 4230 3609 4286 Bibe-

2023 4319 2140 4371 bant
2170 4321 2303 4373 eaint
2338 4319 2402 4373 de
2421 4321 2679 4390 spirituali
2702 4331 2934 4392 sequente
2954 4334 3133 4392 petra;
3161 4334 3299 4394 petra
3321 4336 3484 4378 autent
3505 4342 3611 4380 erat

2023 4413 2269 4469 Christus.
2311 4412 2432 4467 llwc
2461 4425 2626 4468 autem
2650 4416 2829 4486 ﬁgura:
2854 4425 3040 4471 nostrw
3060 4420 3261 4488 fuerunt
3286 4417 3341 4490 (Ι
3381 4418 3498 4472 Cor.
3532 4435 3564 4473 ι
3589 4460 3606 4485 ,

2023 4506 2162 4575 1-6).
2196 4505 2305 4560 illis
2325 4514 2452 4560 sunt
2486 4506 2754 4571 exhibita),
2788 4502 2881 4561 sed
2912 4507 3092 4577 ﬁgura:
3121 4516 3314 4563 nostra:
3356 4508 3561 4563 fuerunt
3592 4527 3605 4564 :

2022 4597 2144 4666 quia
2176 4596 2279 4650 illis
2305 4600 2654 4666 corporaliter
2683 4598 3073 4655 exhibebantur
3092 4640 3105 4662 ,
3139 4600 3288 4655 nobis
3317 4602 3608 4670 μιῆνίιιιτιιὶο

2026 4696 2105 4742 ter
2143 4687 2597 4758 signiﬁcabantur.
2641 4690 2781 4761 Ergo
2821 4692 2891 4744 illi
2924 4693 3011 4762 qui
3052 4695 3405 4763 cntporalitcr
3435 4712 3494 4748 ea
3529 4705 3608 4751 leo

2024 4787 2285 4842 nuerunt,
2315 4778 2379 4831 ad
2410 4778 2568 4833 Vetus
2592 4780 2987 4835 Testamentum
3014 4786 3400 4852 pertinuerunt.

2093 4866 2318 4922 CAI’UT
2346 4866 2570 4920 XL—l'l
2587 4907 2599 4918 .
2622 4867 2768 4921 Isaac
2782 4881 2828 4922 et
2849 4870 3068 4923 Rebecca
3079 4873 3128 4925 in
3155 4874 3491 4926 benedictione
3508 4873 3606 4925 Ja—

2022 4958 2133 5021 cob,
2157 4957 2279 5026 quid
2306 4957 2610 5026 ﬁgurabant.
2633 4958 2713 5010 Ad
2730 4957 3008 5013 Ecclesium
3030 4963 3276 5031 pertinent
3296 4979 3467 5016 onmes
3487 4980 3605 5016 stm-

2022 5050 2106 5102 ctt.
2136 5046 2252 5101 Jam
2283 5047 2458 5102 videte
2487 5050 2608 5116 quia
2646 5059 2899 5103 srnuerat
2935 5049 3099 5104 Isaac.
3133 5051 3295 5121 Cujus
3324 5067 3603 5122 personam

2023 5137 2188 5206 gessit
2231 5135 2396 5199 Isaac,
2425 5136 2639 5205 quando
2680 5138 2845 5192 voluit
2892 5139 3208 5197 benedicere
3257 5143 3420 5198 tilium
3451 5159 3605 5199 suum

2021 5233 2275 5299 majorem
2298 5225 2451 5299 (Gen.
2483 5243 2649 5294 χχι-ιι,
2677 5229 2902 5300 l)?.lam
2929 5242 3177 5288 senuerat
3200 5252 3213 5287 :
3234 5235 3319 5289 ubi
3337 5246 3601 5301 senectus,

2021 5328 2288 5383 vetustas;
2318 5334 2413 5389 per
2436 5330 2761 5376 senectutem
2790 5323 3027 5395 intelligo
3060 5334 3403 5388 vetustatem;
3433 5336 3486 5380 et
3514 5342 3603 5395 per

2022 5418 2342 5467 vetustatem
2375 5410 2613 5483 intelligo
2658 5411 2823 5470 Vetus
2865 5413 3286 5470 Testamentum.
3317 5415 3428 5470 Hoc
3475 5431 3602 5487 ergo

2020 5503 2191 5561 Vetus
2232 5504 2629 5562 Testamentum
2673 5507 2795 5577 quia
2837 5507 2909 5563 illi
2936 5522 3044 5562 non
3091 5508 3483 5579 intelligebant,
3509 5512 3605 5582 qui

2090 5669 2106 5701 ⁸
2131 5667 2438 5717 (:rrbeiensis
2457 5672 2562 5722 llis,
2585 5664 2678 5715 ista
2701 5662 2960 5716 desideria.

2092 5731 2164 5789 (ιι)
2189 5737 2347 5786 I-‘orte.
2366 5727 2628 5779 desiderat.
