  <div class='ocr_page' id='page_1' title='image "/cluster/home/n/w/nwhite01/storage/ocr_20150623/38/hvd.32044096580600/025.png"; bbox 0 0 4076 6198; ppageno 0'>
   <div class='ocr_carea' id='block_1_1' title="bbox 433 355 2018 432">
    <p class='ocr_par' dir='ltr' id='par_1_1' title="bbox 433 355 2018 432">
     <span class='ocr_line' id='line_1_1' title="bbox 433 355 2018 432; baseline -0.011 -7"><span class='ocrx_word' id='word_1_1' title='bbox 433 373 533 430; x_wconf 74' lang='lat' dir='ltr'><strong>sub</strong></span> <span class='ocrx_word' id='word_1_2' title='bbox 562 370 698 426; x_wconf 90' lang='lat' dir='ltr'><strong>nube</strong></span> <span class='ocrx_word' id='word_1_3' title='bbox 729 369 959 432; x_wconf 89' lang='lat' dir='ltr'><strong>luerunt,</strong></span> <span class='ocrx_word' id='word_1_4' title='bbox 991 363 1110 419; x_wconf 86' lang='lat' dir='ltr'><strong>ideo</strong></span> <span class='ocrx_word' id='word_1_5' title='bbox 1131 361 1381 416; x_wconf 90' lang='lat' dir='ltr'><strong>dicuntur</strong></span> <span class='ocrx_word' id='word_1_6' title='bbox 1401 357 1657 427; x_wconf 81' lang='lat' dir='ltr'><strong>caligassc</strong></span> <span class='ocrx_word' id='word_1_7' title='bbox 1683 356 1820 410; x_wconf 87' lang='lat' dir='ltr'><strong>oculi</strong></span> <span class='ocrx_word' id='word_1_8' title='bbox 1850 355 2018 408; x_wconf 88' lang='lat' dir='ltr'><strong>lsaac.</strong></span> 
     </span>
    </p>
   </div>
   <div class='ocr_carea' id='block_1_2' title="bbox 432 445 2025 532">
    <p class='ocr_par' dir='ltr' id='par_1_2' title="bbox 432 445 2025 532">
     <span class='ocr_line' id='line_1_2' title="bbox 432 445 2025 532; baseline -0.013 -14"><span class='ocrx_word' id='word_1_9' title='bbox 432 464 614 532; x_wconf 69' lang='lat' dir='ltr'><strong>Caligo</strong></span> <span class='ocrx_word' id='word_1_10' title='bbox 659 461 935 521; x_wconf 69' lang='lat' dir='ltr'><strong>acinorum</strong></span> <span class='ocrx_word' id='word_1_11' title='bbox 974 451 1221 523; x_wconf 84' lang='lat' dir='ltr'><strong>corporis</strong></span> <span class='ocrx_word' id='word_1_12' title='bbox 1250 448 1414 509; x_wconf 86' lang='lat' dir='ltr'><strong>Isaac,</strong></span> <span class='ocrx_word' id='word_1_13' title='bbox 1444 448 1723 516; x_wconf 78' lang='lat' dir='ltr'><strong>caliginem</strong></span> <span class='ocrx_word' id='word_1_14' title='bbox 1763 445 2025 516; x_wconf 80' lang='lat' dir='ltr'><strong>signiﬁcat</strong></span> 
     </span>
    </p>
   </div>
   <div class='ocr_carea' id='block_1_3' title="bbox 433 535 2025 611">
    <p class='ocr_par' dir='ltr' id='par_1_3' title="bbox 433 535 2025 611">
     <span class='ocr_line' id='line_1_3' title="bbox 433 535 2025 611; baseline -0.009 -6"><span class='ocrx_word' id='word_1_15' title='bbox 433 554 691 611; x_wconf 82' lang='lat' dir='ltr'><strong>mentium</strong></span> <span class='ocrx_word' id='word_1_16' title='bbox 726 550 1031 611; x_wconf 74' lang='lat' dir='ltr'><strong>Judznoruni</strong></span> <span class='ocrx_word' id='word_1_17' title='bbox 1057 562 1069 597; x_wconf 93' lang='lat'><strong>:</strong></span> <span class='ocrx_word' id='word_1_18' title='bbox 1094 550 1341 598; x_wconf 90' lang='lat' dir='ltr'><strong>senectus</strong></span> <span class='ocrx_word' id='word_1_19' title='bbox 1387 539 1554 604; x_wconf 85' lang='lat' dir='ltr'><strong>Isaac,</strong></span> <span class='ocrx_word' id='word_1_20' title='bbox 1587 547 1904 597; x_wconf 79' lang='lat' dir='ltr'><strong>vetustatem</strong></span> <span class='ocrx_word' id='word_1_21' title='bbox 1952 535 2025 591; x_wconf 84' lang='lat' dir='ltr'><strong>si-</strong></span> 
     </span>
    </p>
   </div>
   <div class='ocr_carea' id='block_1_4' title="bbox 430 626 2025 716">
    <p class='ocr_par' dir='ltr' id='par_1_4' title="bbox 430 626 2025 716">
     <span class='ocr_line' id='line_1_4' title="bbox 430 626 2025 716; baseline -0.011 -19"><span class='ocrx_word' id='word_1_22' title='bbox 430 646 647 716; x_wconf 78' lang='lat' dir='ltr'><strong>gniﬁcat</strong></span> <span class='ocrx_word' id='word_1_23' title='bbox 680 642 883 699; x_wconf 84' lang='lat' dir='ltr'><strong>Veteris</strong></span> <span class='ocrx_word' id='word_1_24' title='bbox 910 634 1259 695; x_wconf 81' lang='lat' dir='ltr'><strong>Testamenti.</strong></span> <span class='ocrx_word' id='word_1_25' title='bbox 1290 631 1428 702; x_wconf 80' lang='lat' dir='ltr'><strong>Quid</strong></span> <span class='ocrx_word' id='word_1_26' title='bbox 1454 646 1613 701; x_wconf 76' lang='lat' dir='ltr'><strong>ergo,</strong></span> <span class='ocrx_word' id='word_1_27' title='bbox 1648 627 1871 687; x_wconf 72' lang='lat' dir='ltr'><strong>fratres?</strong></span> <span class='ocrx_word' id='word_1_28' title='bbox 1904 626 2025 680; x_wconf 98' lang='lat' dir='ltr'><strong>Vult</strong></span> 
     </span>
    </p>
   </div>
   <div class='ocr_carea' id='block_1_5' title="bbox 435 719 2022 796">
    <p class='ocr_par' dir='ltr' id='par_1_5' title="bbox 435 719 2022 796">
     <span class='ocr_line' id='line_1_5' title="bbox 435 719 2022 796; baseline -0.013 -6"><span class='ocrx_word' id='word_1_29' title='bbox 435 747 611 793; x_wconf 73' lang='lat' dir='ltr'><strong>tamen</strong></span> <span class='ocrx_word' id='word_1_30' title='bbox 640 731 959 791; x_wconf 80' lang='lat' dir='ltr'><strong>benedicere</strong></span> <span class='ocrx_word' id='word_1_31' title='bbox 993 736 1046 783; x_wconf 91' lang='lat' dir='ltr'><strong>et</strong></span> <span class='ocrx_word' id='word_1_32' title='bbox 1076 724 1333 796; x_wconf 88' lang='lat' dir='ltr'><strong>majorem</strong></span> <span class='ocrx_word' id='word_1_33' title='bbox 1365 722 1531 777; x_wconf 92' lang='lat' dir='ltr'><strong>ﬁlium</strong></span> <span class='ocrx_word' id='word_1_34' title='bbox 1567 719 1726 774; x_wconf 92' lang='lat' dir='ltr'><strong>Esau.</strong></span> <span class='ocrx_word' id='word_1_35' title='bbox 1764 719 2022 773; x_wconf 72' lang='lat' dir='ltr'><strong>Minorem</strong></span> 
     </span>
    </p>
   </div>
   <div class='ocr_carea' id='block_1_6' title="bbox 433 811 2026 891">
    <p class='ocr_par' dir='ltr' id='par_1_6' title="bbox 433 811 2026 891">
     <span class='ocr_line' id='line_1_6' title="bbox 433 811 2026 891; baseline -0.013 -8"><span class='ocrx_word' id='word_1_36' title='bbox 433 830 642 889; x_wconf 79' lang='lat' dir='ltr'><strong>amabat</strong></span> <span class='ocrx_word' id='word_1_37' title='bbox 672 833 862 887; x_wconf 85' lang='lat' dir='ltr'><strong>mater,</strong></span> <span class='ocrx_word' id='word_1_38' title='bbox 891 831 947 877; x_wconf 85' lang='lat' dir='ltr'><strong>et</strong></span> <span class='ocrx_word' id='word_1_39' title='bbox 988 819 1245 890; x_wconf 79' lang='lat' dir='ltr'><strong>majorem</strong></span> <span class='ocrx_word' id='word_1_40' title='bbox 1274 825 1448 886; x_wconf 81' lang='lat' dir='ltr'><strong>pater,</strong></span> <span class='ocrx_word' id='word_1_41' title='bbox 1481 824 1726 882; x_wconf 87' lang='lat' dir='ltr'><strong>tanquam</strong></span> <span class='ocrx_word' id='word_1_42' title='bbox 1756 811 2026 891; x_wconf 73' lang='lat' dir='ltr'><strong>primoge-</strong></span> 
     </span>
    </p>
   </div>
   <div class='ocr_carea' id='block_1_7' title="bbox 431 902 2026 983">
    <p class='ocr_par' dir='ltr' id='par_1_7' title="bbox 431 902 2026 983">
     <span class='ocr_line' id='line_1_7' title="bbox 431 902 2026 983; baseline -0.014 -8"><span class='ocrx_word' id='word_1_43' title='bbox 431 922 602 976; x_wconf 85' lang='lat' dir='ltr'><strong>nitum</strong></span> <span class='ocrx_word' id='word_1_44' title='bbox 631 931 792 979; x_wconf 75' lang='lat' dir='ltr'><strong>:nam</strong></span> <span class='ocrx_word' id='word_1_45' title='bbox 823 913 1043 983; x_wconf 69' lang='lat' dir='ltr'><strong>aequalis</strong></span> <span class='ocrx_word' id='word_1_46' title='bbox 1083 912 1134 965; x_wconf 91' lang='lat' dir='ltr'><strong>in</strong></span> <span class='ocrx_word' id='word_1_47' title='bbox 1172 909 1357 963; x_wconf 91' lang='lat' dir='ltr'><strong>ambos</strong></span> <span class='ocrx_word' id='word_1_48' title='bbox 1377 906 1604 976; x_wconf 84' lang='lat' dir='ltr'><strong>justitia,</strong></span> <span class='ocrx_word' id='word_1_49' title='bbox 1634 902 1730 963; x_wconf 89' lang='lat' dir='ltr'><strong>sed</strong></span> <span class='ocrx_word' id='word_1_50' title='bbox 1757 911 1870 957; x_wconf 81' lang='lat' dir='ltr'><strong>erat</strong></span> <span class='ocrx_word' id='word_1_51' title='bbox 1896 903 2026 967; x_wconf 80' lang='lat' dir='ltr'><strong>cha-</strong></span> 
     </span>
    </p>
   </div>
   <div class='ocr_carea' id='block_1_8' title="bbox 432 988 2024 1077">
    <p class='ocr_par' dir='ltr' id='par_1_8' title="bbox 432 988 2024 1077">
     <span class='ocr_line' id='line_1_8' title="bbox 432 988 2024 1077; baseline -0.011 -13"><span class='ocrx_word' id='word_1_52' title='bbox 432 1012 564 1065; x_wconf 87' lang='lat' dir='ltr'><strong>ritas</strong></span> <span class='ocrx_word' id='word_1_53' title='bbox 586 1008 763 1077; x_wconf 80' lang='lat' dir='ltr'><strong>major</strong></span> <span class='ocrx_word' id='word_1_54' title='bbox 793 988 916 1073; x_wconf 75' lang='lat' dir='ltr'><strong>erga</strong></span> <span class='ocrx_word' id='word_1_55' title='bbox 951 1002 1379 1074; x_wconf 74' lang='lat' dir='ltr'><strong>primogenitum.</strong></span> <span class='ocrx_word' id='word_1_56' title='bbox 1416 998 1537 1052; x_wconf 80' lang='lat' dir='ltr'><strong>Vult</strong></span> <span class='ocrx_word' id='word_1_57' title='bbox 1579 997 1666 1050; x_wconf 89' lang='lat' dir='ltr'><strong>ille</strong></span> <span class='ocrx_word' id='word_1_58' title='bbox 1706 993 2024 1048; x_wconf 75' lang='lat' dir='ltr'><strong>bent-dicere</strong></span> 
     </span>
    </p>
   </div>
   <div class='ocr_carea' id='block_1_9' title="bbox 432 1084 2026 1173">
    <p class='ocr_par' dir='ltr' id='par_1_9' title="bbox 432 1084 2026 1173">
     <span class='ocr_line' id='line_1_9' title="bbox 432 1084 2026 1173; baseline -0.014 -18"><span class='ocrx_word' id='word_1_59' title='bbox 432 1102 712 1173; x_wconf 81' lang='lat' dir='ltr'><strong>majorem,</strong></span> <span class='ocrx_word' id='word_1_60' title='bbox 732 1099 861 1167; x_wconf 80' lang='lat' dir='ltr'><strong>quia</strong></span> <span class='ocrx_word' id='word_1_61' title='bbox 883 1095 1045 1152; x_wconf 80' lang='lat' dir='ltr'><strong>Vetus</strong></span> <span class='ocrx_word' id='word_1_62' title='bbox 1064 1092 1462 1147; x_wconf 78' lang='lat' dir='ltr'><strong>Testamentum</strong></span> <span class='ocrx_word' id='word_1_63' title='bbox 1490 1087 1663 1157; x_wconf 88' lang='lat' dir='ltr'><strong>primo</strong></span> <span class='ocrx_word' id='word_1_64' title='bbox 1684 1084 1880 1155; x_wconf 93' lang='lat' dir='ltr'><strong>populo</strong></span> <span class='ocrx_word' id='word_1_65' title='bbox 1902 1098 2026 1152; x_wconf 79' lang='lat' dir='ltr'><strong>pro-—</strong></span> 
     </span>
    </p>
   </div>
   <div class='ocr_carea' id='block_1_10' title="bbox 434 1173 2019 1249">
    <p class='ocr_par' dir='ltr' id='par_1_10' title="bbox 434 1173 2019 1249">
     <span class='ocr_line' id='line_1_10' title="bbox 434 1173 2019 1249; baseline -0.012 -3"><span class='ocrx_word' id='word_1_66' title='bbox 434 1191 733 1246; x_wconf 72' lang='lat' dir='ltr'><strong>mittebat‘.</strong></span> <span class='ocrx_word' id='word_1_67' title='bbox 752 1186 1142 1244; x_wconf 83' lang='lat' dir='ltr'><strong>Promissiones</strong></span> <span class='ocrx_word' id='word_1_68' title='bbox 1168 1198 1274 1237; x_wconf 90' lang='lat' dir='ltr'><strong>non</strong></span> <span class='ocrx_word' id='word_1_69' title='bbox 1301 1173 1537 1249; x_wconf 80' lang='lat' dir='ltr'><strong>loquitur</strong></span> <span class='ocrx_word' id='word_1_70' title='bbox 1564 1176 1661 1231; x_wconf 90' lang='lat' dir='ltr'><strong>nisi</strong></span> <span class='ocrx_word' id='word_1_71' title='bbox 1685 1175 1749 1228; x_wconf 89' lang='lat' dir='ltr'><strong>ad</strong></span> <span class='ocrx_word' id='word_1_72' title='bbox 1776 1173 2019 1229; x_wconf 71' lang='lat' dir='ltr'><strong>Judmos:</strong></span> 
     </span>
    </p>
   </div>
   <div class='ocr_carea' id='block_1_11' title="bbox 434 1262 2017 1352">
    <p class='ocr_par' dir='ltr' id='par_1_11' title="bbox 434 1262 2017 1352">
     <span class='ocr_line' id='line_1_11' title="bbox 434 1262 2017 1352; baseline -0.013 -15"><span class='ocrx_word' id='word_1_73' title='bbox 434 1284 564 1352; x_wconf 86' lang='lat' dir='ltr'><strong>ipsis</strong></span> <span class='ocrx_word' id='word_1_74' title='bbox 581 1282 786 1336; x_wconf 83' lang='lat' dir='ltr'><strong>videtur</strong></span> <span class='ocrx_word' id='word_1_75' title='bbox 804 1278 1140 1349; x_wconf 76' lang='lat' dir='ltr'><strong>promittere,</strong></span> <span class='ocrx_word' id='word_1_76' title='bbox 1170 1274 1300 1344; x_wconf 88' lang='lat' dir='ltr'><strong>ipsis</strong></span> <span class='ocrx_word' id='word_1_77' title='bbox 1320 1270 1528 1325; x_wconf 88' lang='lat' dir='ltr'><strong>videtur</strong></span> <span class='ocrx_word' id='word_1_78' title='bbox 1544 1267 1727 1325; x_wconf 84' lang='lat' dir='ltr'><strong>omnia</strong></span> <span class='ocrx_word' id='word_1_79' title='bbox 1758 1262 2017 1335; x_wconf 84' lang='lat' dir='ltr'><strong>polliceri.</strong></span> 
     </span>
    </p>
   </div>
   <div class='ocr_carea' id='block_1_12' title="bbox 435 1357 2025 1438">
    <p class='ocr_par' dir='ltr' id='par_1_12' title="bbox 435 1357 2025 1438">
     <span class='ocr_line' id='line_1_12' title="bbox 435 1357 2025 1438; baseline -0.013 -9"><span class='ocrx_word' id='word_1_80' title='bbox 435 1375 707 1429; x_wconf 79' lang='lat' dir='ltr'><strong>Vocantur</strong></span> <span class='ocrx_word' id='word_1_81' title='bbox 751 1371 820 1425; x_wconf 88' lang='lat' dir='ltr'><strong>ab</strong></span> <span class='ocrx_word' id='word_1_82' title='bbox 863 1368 1115 1438; x_wconf 63' lang='lat' dir='ltr'><strong>Egypto,</strong></span> <span class='ocrx_word' id='word_1_83' title='bbox 1160 1365 1454 1421; x_wconf 82' lang='lat' dir='ltr'><strong>liberantur</strong></span> <span class='ocrx_word' id='word_1_84' title='bbox 1497 1360 1565 1413; x_wconf 92' lang='lat' dir='ltr'><strong>ab</strong></span> <span class='ocrx_word' id='word_1_85' title='bbox 1616 1357 1878 1414; x_wconf 83' lang='lat' dir='ltr'><strong>hostibus.</strong></span> <span class='ocrx_word' id='word_1_86' title='bbox 1928 1369 2025 1423; x_wconf 86' lang='lat' dir='ltr'><strong>per</strong></span> 
     </span>
    </p>
   </div>
   <div class='ocr_carea' id='block_1_13' title="bbox 434 1448 2021 1530">
    <p class='ocr_par' dir='ltr' id='par_1_13' title="bbox 434 1448 2021 1530">
     <span class='ocr_line' id='line_1_13' title="bbox 434 1448 2021 1530; baseline -0.014 -9"><span class='ocrx_word' id='word_1_87' title='bbox 434 1482 583 1521; x_wconf 88' lang='lat' dir='ltr'><strong>tnare</strong></span> <span class='ocrx_word' id='word_1_88' title='bbox 630 1466 913 1525; x_wconf 83' lang='lat' dir='ltr'><strong>ducuntur,</strong></span> <span class='ocrx_word' id='word_1_89' title='bbox 947 1467 1233 1530; x_wconf 84' lang='lat' dir='ltr'><strong>pascuntur</strong></span> <span class='ocrx_word' id='word_1_90' title='bbox 1273 1470 1497 1512; x_wconf 83' lang='lat' dir='ltr'><strong>manna,</strong></span> <span class='ocrx_word' id='word_1_91' title='bbox 1527 1450 1792 1520; x_wconf 79' lang='lat' dir='ltr'><strong>accipiunt</strong></span> <span class='ocrx_word' id='word_1_92' title='bbox 1834 1448 2021 1503; x_wconf 80' lang='lat' dir='ltr'><strong>Testa-</strong></span> 
     </span>
    </p>
   </div>
   <div class='ocr_carea' id='block_1_14' title="bbox 434 1540 2017 1622">
    <p class='ocr_par' dir='ltr' id='par_1_14' title="bbox 434 1540 2017 1622">
     <span class='ocr_line' id='line_1_14' title="bbox 434 1540 2017 1622; baseline -0.013 -8"><span class='ocrx_word' id='word_1_93' title='bbox 434 1568 673 1614; x_wconf 83' lang='lat' dir='ltr'><strong>mentum</strong></span> <span class='ocrx_word' id='word_1_94' title='bbox 695 1597 709 1617; x_wconf 85' lang='lat'><strong>,</strong></span> <span class='ocrx_word' id='word_1_95' title='bbox 757 1555 1021 1622; x_wconf 87' lang='lat' dir='ltr'><strong>accipiunt</strong></span> <span class='ocrx_word' id='word_1_96' title='bbox 1053 1553 1243 1620; x_wconf 76' lang='lat' dir='ltr'><strong>Legem</strong></span> <span class='ocrx_word' id='word_1_97' title='bbox 1261 1592 1275 1612; x_wconf 91' lang='lat'><strong>,</strong></span> <span class='ocrx_word' id='word_1_98' title='bbox 1300 1548 1566 1615; x_wconf 68' lang='lat' dir='ltr'><strong>accip‘unt</strong></span> <span class='ocrx_word' id='word_1_99' title='bbox 1609 1540 2017 1615; x_wconf 82' lang='lat' dir='ltr'><strong>promissioncs,</strong></span> 
     </span>
    </p>
   </div>
   <div class='ocr_carea' id='block_1_15' title="bbox 436 1632 2021 1718">
    <p class='ocr_par' dir='ltr' id='par_1_15' title="bbox 436 1632 2021 1718">
     <span class='ocr_line' id='line_1_15' title="bbox 436 1632 2021 1718; baseline -0.014 -14"><span class='ocrx_word' id='word_1_100' title='bbox 436 1650 702 1718; x_wconf 74' lang='lat' dir='ltr'><strong>accipiunt</strong></span> <span class='ocrx_word' id='word_1_101' title='bbox 747 1649 912 1714; x_wconf 81' lang='lat' dir='ltr'><strong>ipsam</strong></span> <span class='ocrx_word' id='word_1_102' title='bbox 958 1654 1153 1697; x_wconf 90' lang='lat' dir='ltr'><strong>terram</strong></span> <span class='ocrx_word' id='word_1_103' title='bbox 1199 1636 1651 1708; x_wconf 76' lang='lat' dir='ltr'><strong>repromissionis.</strong></span> <span class='ocrx_word' id='word_1_104' title='bbox 1680 1633 1795 1687; x_wconf 86' lang='lat' dir='ltr'><strong>Non</strong></span> <span class='ocrx_word' id='word_1_105' title='bbox 1829 1632 2021 1685; x_wconf 86' lang='lat' dir='ltr'><strong>mirum</strong></span> 
     </span>
    </p>
   </div>
   <div class='ocr_carea' id='block_1_16' title="bbox 435 1718 2024 1812">
    <p class='ocr_par' dir='ltr' id='par_1_16' title="bbox 435 1718 2024 1812">
     <span class='ocr_line' id='line_1_16' title="bbox 435 1718 2024 1812; baseline -0.014 -17"><span class='ocrx_word' id='word_1_106' title='bbox 435 1743 555 1812; x_wconf 84' lang='lat' dir='ltr'><strong>quia</strong></span> <span class='ocrx_word' id='word_1_107' title='bbox 600 1741 690 1795; x_wconf 85' lang='lat' dir='ltr'><strong>ille</strong></span> <span class='ocrx_word' id='word_1_108' title='bbox 736 1736 1056 1792; x_wconf 72' lang='lat' dir='ltr'><strong>benedicere</strong></span> <span class='ocrx_word' id='word_1_109' title='bbox 1095 1732 1258 1786; x_wconf 87' lang='lat' dir='ltr'><strong>voluit</strong></span> <span class='ocrx_word' id='word_1_110' title='bbox 1300 1731 1524 1799; x_wconf 89' lang='lat' dir='ltr'><strong>primum</strong></span> <span class='ocrx_word' id='word_1_111' title='bbox 1558 1726 1762 1784; x_wconf 79' lang='lat' dir='ltr'><strong>ﬁlium:</strong></span> <span class='ocrx_word' id='word_1_112' title='bbox 1792 1722 1884 1776; x_wconf 86' lang='lat' dir='ltr'><strong>sed</strong></span> <span class='ocrx_word' id='word_1_113' title='bbox 1925 1718 2024 1774; x_wconf 89' lang='lat' dir='ltr'><strong>sub</strong></span> 
     </span>
    </p>
   </div>
   <div class='ocr_carea' id='block_1_17' title="bbox 442 1816 2022 1902">
    <p class='ocr_par' dir='ltr' id='par_1_17' title="bbox 442 1816 2022 1902">
     <span class='ocr_line' id='line_1_17' title="bbox 442 1816 2022 1902; baseline -0.013 -15"><span class='ocrx_word' id='word_1_114' title='bbox 442 1834 608 1902; x_wconf 76' lang='lat' dir='ltr'><strong>figura</strong></span> <span class='ocrx_word' id='word_1_115' title='bbox 658 1830 876 1898; x_wconf 84' lang='lat' dir='ltr'><strong>majoris</strong></span> <span class='ocrx_word' id='word_1_116' title='bbox 902 1825 1230 1880; x_wconf 81' lang='lat' dir='ltr'><strong>benedicitur</strong></span> <span class='ocrx_word' id='word_1_117' title='bbox 1256 1823 1450 1878; x_wconf 90' lang='lat' dir='ltr'><strong>minor.</strong></span> <span class='ocrx_word' id='word_1_118' title='bbox 1480 1818 1644 1873; x_wconf 80' lang='lat' dir='ltr'><strong>Mater</strong></span> <span class='ocrx_word' id='word_1_119' title='bbox 1670 1816 1811 1871; x_wconf 90' lang='lat' dir='ltr'><strong>enim</strong></span> <span class='ocrx_word' id='word_1_120' title='bbox 1842 1823 2022 1885; x_wconf 82' lang='lat' dir='ltr'><strong>typum</strong></span> 
     </span>
    </p>
   </div>
   <div class='ocr_carea' id='block_1_18' title="bbox 436 1905 2021 1994">
    <p class='ocr_par' dir='ltr' id='par_1_18' title="bbox 436 1905 2021 1994">
     <span class='ocr_line' id='line_1_18' title="bbox 436 1905 2021 1994; baseline -0.015 -16"><span class='ocrx_word' id='word_1_121' title='bbox 436 1930 611 1994; x_wconf 79' lang='lat' dir='ltr'><strong>gestat</strong></span> <span class='ocrx_word' id='word_1_122' title='bbox 654 1920 928 1975; x_wconf 77' lang='lat' dir='ltr'><strong>Ecclesiae.</strong></span> <span class='ocrx_word' id='word_1_123' title='bbox 963 1915 1258 1970; x_wconf 73' lang='lat' dir='ltr'><strong>Ecclesiam</strong></span> <span class='ocrx_word' id='word_1_124' title='bbox 1298 1922 1477 1964; x_wconf 91' lang='lat' dir='ltr'><strong>autem</strong></span> <span class='ocrx_word' id='word_1_125' title='bbox 1535 1908 1777 1976; x_wconf 85' lang='lat' dir='ltr'><strong>accipite,</strong></span> <span class='ocrx_word' id='word_1_126' title='bbox 1810 1905 2021 1968; x_wconf 80' lang='lat' dir='ltr'><strong>fratres,</strong></span> 
     </span>
    </p>
   </div>
   <div class='ocr_carea' id='block_1_19' title="bbox 437 1995 2025 2078">
    <p class='ocr_par' dir='ltr' id='par_1_19' title="bbox 437 1995 2025 2078">
     <span class='ocr_line' id='line_1_19' title="bbox 437 1995 2025 2078; baseline -0.017 -6"><span class='ocrx_word' id='word_1_127' title='bbox 437 2034 542 2072; x_wconf 89' lang='lat' dir='ltr'><strong>non</strong></span> <span class='ocrx_word' id='word_1_128' title='bbox 571 2017 622 2070; x_wconf 90' lang='lat' dir='ltr'><strong>in</strong></span> <span class='ocrx_word' id='word_1_129' title='bbox 654 2014 736 2067; x_wconf 91' lang='lat' dir='ltr'><strong>his</strong></span> <span class='ocrx_word' id='word_1_130' title='bbox 764 2012 893 2065; x_wconf 90' lang='lat' dir='ltr'><strong>solis</strong></span> <span class='ocrx_word' id='word_1_131' title='bbox 918 2009 1009 2078; x_wconf 85' lang='lat' dir='ltr'><strong>qui</strong></span> <span class='ocrx_word' id='word_1_132' title='bbox 1038 2015 1154 2078; x_wconf 90' lang='lat' dir='ltr'><strong>post</strong></span> <span class='ocrx_word' id='word_1_133' title='bbox 1186 2003 1391 2058; x_wconf 89' lang='lat' dir='ltr'><strong>Domini</strong></span> <span class='ocrx_word' id='word_1_134' title='bbox 1418 2001 1703 2055; x_wconf 86' lang='lat' dir='ltr'><strong>adventum</strong></span> <span class='ocrx_word' id='word_1_135' title='bbox 1744 2005 1798 2050; x_wconf 79' lang='lat' dir='ltr'><strong>et</strong></span> <span class='ocrx_word' id='word_1_136' title='bbox 1836 1995 2025 2048; x_wconf 79' lang='lat' dir='ltr'><strong>nativi-</strong></span> 
     </span>
    </p>
   </div>
   <div class='ocr_carea' id='block_1_20' title="bbox 438 2083 2027 2169">
    <p class='ocr_par' dir='ltr' id='par_1_20' title="bbox 438 2083 2027 2169">
     <span class='ocr_line' id='line_1_20' title="bbox 438 2083 2027 2169; baseline -0.014 -8"><span class='ocrx_word' id='word_1_137' title='bbox 438 2116 599 2161; x_wconf 88' lang='lat' dir='ltr'><strong>tatem</strong></span> <span class='ocrx_word' id='word_1_138' title='bbox 628 2118 746 2158; x_wconf 84' lang='lat' dir='ltr'><strong>cssc</strong></span> <span class='ocrx_word' id='word_1_139' title='bbox 770 2107 1049 2169; x_wconf 69' lang='lat' dir='ltr'><strong>imperant</strong></span> <span class='ocrx_word' id='word_1_140' title='bbox 1076 2095 1276 2158; x_wconf 89' lang='lat' dir='ltr'><strong>sancti;</strong></span> <span class='ocrx_word' id='word_1_141' title='bbox 1305 2092 1398 2146; x_wconf 88' lang='lat' dir='ltr'><strong>sed</strong></span> <span class='ocrx_word' id='word_1_142' title='bbox 1426 2105 1613 2143; x_wconf 86' lang='lat' dir='ltr'><strong>omnes</strong></span> <span class='ocrx_word' id='word_1_143' title='bbox 1639 2092 1899 2157; x_wconf 82' lang='lat' dir='ltr'><strong>quntquot</strong></span> <span class='ocrx_word' id='word_1_144' title='bbox 1920 2083 2027 2138; x_wconf 87' lang='lat' dir='ltr'><strong>fne-</strong></span> 
     </span>
    </p>
   </div>
   <div class='ocr_carea' id='block_1_21' title="bbox 438 2175 2022 2257">
    <p class='ocr_par' dir='ltr' id='par_1_21' title="bbox 438 2175 2022 2257">
     <span class='ocr_line' id='line_1_21' title="bbox 438 2175 2022 2257; baseline -0.016 -5"><span class='ocrx_word' id='word_1_145' title='bbox 438 2205 560 2252; x_wconf 87' lang='lat' dir='ltr'><strong>runt</strong></span> <span class='ocrx_word' id='word_1_146' title='bbox 587 2194 777 2257; x_wconf 84' lang='lat' dir='ltr'><strong>sancti,</strong></span> <span class='ocrx_word' id='word_1_147' title='bbox 805 2191 868 2243; x_wconf 90' lang='lat' dir='ltr'><strong>ad</strong></span> <span class='ocrx_word' id='word_1_148' title='bbox 903 2190 1069 2257; x_wconf 62' lang='lat' dir='ltr'><strong>ipsam</strong></span> <span class='ocrx_word' id='word_1_149' title='bbox 1104 2185 1394 2240; x_wconf 79' lang='lat' dir='ltr'><strong>Ecclesiam</strong></span> <span class='ocrx_word' id='word_1_150' title='bbox 1420 2181 1706 2250; x_wconf 88' lang='lat' dir='ltr'><strong>pertinent.</strong></span> <span class='ocrx_word' id='word_1_151' title='bbox 1737 2176 1852 2230; x_wconf 87' lang='lat' dir='ltr'><strong>Non</strong></span> <span class='ocrx_word' id='word_1_152' title='bbox 1881 2175 2022 2229; x_wconf 89' lang='lat' dir='ltr'><strong>enim</strong></span> 
     </span>
    </p>
   </div>
   <div class='ocr_carea' id='block_1_22' title="bbox 438 2263 2028 2349">
    <p class='ocr_par' dir='ltr' id='par_1_22' title="bbox 438 2263 2028 2349">
     <span class='ocr_line' id='line_1_22' title="bbox 438 2263 2028 2349; baseline -0.015 -8"><span class='ocrx_word' id='word_1_153' title='bbox 438 2304 543 2343; x_wconf 90' lang='lat' dir='ltr'><strong>non</strong></span> <span class='ocrx_word' id='word_1_154' title='bbox 592 2284 655 2339; x_wconf 88' lang='lat' dir='ltr'><strong>ad</strong></span> <span class='ocrx_word' id='word_1_155' title='bbox 699 2298 797 2337; x_wconf 89' lang='lat' dir='ltr'><strong>nos</strong></span> <span class='ocrx_word' id='word_1_156' title='bbox 842 2280 1071 2349; x_wconf 88' lang='lat' dir='ltr'><strong>pertinet</strong></span> <span class='ocrx_word' id='word_1_157' title='bbox 1121 2285 1272 2347; x_wconf 86' lang='lat' dir='ltr'><strong>pater</strong></span> <span class='ocrx_word' id='word_1_158' title='bbox 1315 2270 1606 2335; x_wconf 84' lang='lat' dir='ltr'><strong>Abraham,</strong></span> <span class='ocrx_word' id='word_1_159' title='bbox 1640 2268 1764 2340; x_wconf 87' lang='lat' dir='ltr'><strong>quia</strong></span> <span class='ocrx_word' id='word_1_160' title='bbox 1813 2266 1903 2320; x_wconf 89' lang='lat' dir='ltr'><strong>ille</strong></span> <span class='ocrx_word' id='word_1_161' title='bbox 1932 2263 2028 2318; x_wconf 82' lang='lat' dir='ltr'><strong>fuit</strong></span> 
     </span>
    </p>
   </div>
   <div class='ocr_carea' id='block_1_23' title="bbox 435 2363 2026 2449">
    <p class='ocr_par' dir='ltr' id='par_1_23' title="bbox 435 2363 2026 2449">
     <span class='ocr_line' id='line_1_23' title="bbox 435 2363 2026 2449; baseline -0.015 -15"><span class='ocrx_word' id='word_1_162' title='bbox 435 2381 717 2449; x_wconf 75' lang='lat' dir='ltr'><strong>antequam</strong></span> <span class='ocrx_word' id='word_1_163' title='bbox 739 2373 982 2429; x_wconf 74' lang='lat' dir='ltr'><strong>Christus</strong></span> <span class='ocrx_word' id='word_1_164' title='bbox 1005 2376 1316 2424; x_wconf 89' lang='lat' dir='ltr'><strong>nasceretur</strong></span> <span class='ocrx_word' id='word_1_165' title='bbox 1335 2364 1401 2419; x_wconf 90' lang='lat' dir='ltr'><strong>de</strong></span> <span class='ocrx_word' id='word_1_166' title='bbox 1419 2364 1656 2432; x_wconf 80' lang='lat' dir='ltr'><strong>Virgine,</strong></span> <span class='ocrx_word' id='word_1_167' title='bbox 1680 2369 1733 2415; x_wconf 93' lang='lat' dir='ltr'><strong>et</strong></span> <span class='ocrx_word' id='word_1_168' title='bbox 1760 2375 1856 2413; x_wconf 90' lang='lat' dir='ltr'><strong>nos</strong></span> <span class='ocrx_word' id='word_1_169' title='bbox 1880 2363 2026 2411; x_wconf 88' lang='lat' dir='ltr'><strong>tanto</strong></span> 
     </span>
    </p>
   </div>
   <div class='ocr_carea' id='block_1_24' title="bbox 440 2449 2027 2542">
    <p class='ocr_par' dir='ltr' id='par_1_24' title="bbox 440 2449 2027 2542">
     <span class='ocr_line' id='line_1_24' title="bbox 440 2449 2027 2542; baseline -0.016 -14"><span class='ocrx_word' id='word_1_170' title='bbox 440 2480 580 2542; x_wconf 83' lang='lat' dir='ltr'><strong>post,</strong></span> <span class='ocrx_word' id='word_1_171' title='bbox 610 2470 660 2524; x_wconf 91' lang='lat' dir='ltr'><strong>id</strong></span> <span class='ocrx_word' id='word_1_172' title='bbox 689 2478 793 2532; x_wconf 91' lang='lat' dir='ltr'><strong>est,</strong></span> <span class='ocrx_word' id='word_1_173' title='bbox 827 2476 944 2534; x_wconf 87' lang='lat' dir='ltr'><strong>post</strong></span> <span class='ocrx_word' id='word_1_174' title='bbox 973 2462 1273 2532; x_wconf 80' lang='lat' dir='ltr'><strong>passioocm</strong></span> <span class='ocrx_word' id='word_1_175' title='bbox 1300 2456 1497 2512; x_wconf 83' lang='lat' dir='ltr'><strong>Christi</strong></span> <span class='ocrx_word' id='word_1_176' title='bbox 1530 2453 1653 2508; x_wconf 82' lang='lat' dir='ltr'><strong>l‘acti</strong></span> <span class='ocrx_word' id='word_1_177' title='bbox 1674 2465 1859 2506; x_wconf 90' lang='lat' dir='ltr'><strong>sumus</strong></span> <span class='ocrx_word' id='word_1_178' title='bbox 1884 2449 2027 2504; x_wconf 86' lang='lat' dir='ltr'><strong>chri-</strong></span> 
     </span>
    </p>
   </div>
   <div class='ocr_carea' id='block_1_25' title="bbox 402 2542 2024 2622">
    <p class='ocr_par' dir='ltr' id='par_1_25' title="bbox 402 2542 2024 2622">
     <span class='ocr_line' id='line_1_25' title="bbox 402 2542 2024 2622; baseline -0.015 -6"><span class='ocrx_word' id='word_1_179' title='bbox 402 2583 409 2590; x_wconf 93' lang='grc'><strong>·</strong></span> <span class='ocrx_word' id='word_1_180' title='bbox 436 2560 593 2616; x_wconf 88' lang='lat' dir='ltr'><strong>stiaui</strong></span> <span class='ocrx_word' id='word_1_181' title='bbox 620 2572 776 2614; x_wconf 88' lang='lat' dir='ltr'><strong>:cum</strong></span> <span class='ocrx_word' id='word_1_182' title='bbox 809 2555 951 2610; x_wconf 79' lang='lat' dir='ltr'><strong>dicat</strong></span> <span class='ocrx_word' id='word_1_183' title='bbox 976 2550 1262 2622; x_wconf 81' lang='lat' dir='ltr'><strong>Apostolus</strong></span> <span class='ocrx_word' id='word_1_184' title='bbox 1288 2548 1410 2618; x_wconf 85' lang='lat' dir='ltr'><strong>quia</strong></span> <span class='ocrx_word' id='word_1_185' title='bbox 1442 2545 1533 2599; x_wconf 86' lang='lat' dir='ltr'><strong>lilii</strong></span> <span class='ocrx_word' id='word_1_186' title='bbox 1568 2558 1752 2597; x_wconf 87' lang='lat' dir='ltr'><strong>sumus</strong></span> <span class='ocrx_word' id='word_1_187' title='bbox 1774 2542 2024 2603; x_wconf 73' lang='lat' dir='ltr'><strong>Abrahte,</strong></span> 
     </span>
    </p>
   </div>
   <div class='ocr_carea' id='block_1_26' title="bbox 439 2629 2023 2713">
    <p class='ocr_par' dir='ltr' id='par_1_26' title="bbox 439 2629 2023 2713">
     <span class='ocr_line' id='line_1_26' title="bbox 439 2629 2023 2713; baseline -0.015 -7"><span class='ocrx_word' id='word_1_188' title='bbox 439 2648 692 2707; x_wconf 87' lang='lat' dir='ltr'><strong>imitando</strong></span> <span class='ocrx_word' id='word_1_189' title='bbox 717 2647 871 2702; x_wconf 83' lang='lat' dir='ltr'><strong>iidem</strong></span> <span class='ocrx_word' id='word_1_190' title='bbox 901 2642 1128 2698; x_wconf 73' lang='lat' dir='ltr'><strong>Abraba:</strong></span> <span class='ocrx_word' id='word_1_191' title='bbox 1164 2639 1182 2713; x_wconf 97' lang='lat'><strong>(</strong></span> <span class='ocrx_word' id='word_1_192' title='bbox 1213 2641 1361 2694; x_wconf 84' lang='lat' dir='ltr'><strong>Rom.</strong></span> <span class='ocrx_word' id='word_1_193' title='bbox 1385 2653 1461 2702; x_wconf 83' lang='lat' dir='ltr'><strong>tv,</strong></span> <span class='ocrx_word' id='word_1_194' title='bbox 1488 2636 1591 2700; x_wconf 65' lang='lat' dir='ltr'><strong>l2;</strong></span> <span class='ocrx_word' id='word_1_195' title='bbox 1623 2634 1792 2688; x_wconf 82' lang='lat' dir='ltr'><strong>Galat.</strong></span> <span class='ocrx_word' id='word_1_196' title='bbox 1822 2648 1901 2698; x_wconf 85' lang='lat' dir='ltr'><strong>tu,</strong></span> <span class='ocrx_word' id='word_1_197' title='bbox 1924 2629 2023 2703; x_wconf 90' lang='lat'><strong>7).</strong></span> 
     </span>
    </p>
   </div>
   <div class='ocr_carea' id='block_1_27' title="bbox 441 2726 2021 2812">
    <p class='ocr_par' dir='ltr' id='par_1_27' title="bbox 441 2726 2021 2812">
     <span class='ocr_line' id='line_1_27' title="bbox 441 2726 2021 2812; baseline -0.012 -15"><span class='ocrx_word' id='word_1_198' title='bbox 441 2744 583 2812; x_wconf 79' lang='lat' dir='ltr'><strong>Ergo</strong></span> <span class='ocrx_word' id='word_1_199' title='bbox 612 2754 710 2794; x_wconf 89' lang='lat' dir='ltr'><strong>nos</strong></span> <span class='ocrx_word' id='word_1_200' title='bbox 741 2736 997 2793; x_wconf 88' lang='lat' dir='ltr'><strong>imitando</strong></span> <span class='ocrx_word' id='word_1_201' title='bbox 1032 2734 1179 2791; x_wconf 91' lang='lat' dir='ltr'><strong>illum</strong></span> <span class='ocrx_word' id='word_1_202' title='bbox 1221 2730 1286 2785; x_wconf 89' lang='lat' dir='ltr'><strong>ad</strong></span> <span class='ocrx_word' id='word_1_203' title='bbox 1331 2730 1622 2786; x_wconf 77' lang='lat' dir='ltr'><strong>Ecclesium</strong></span> <span class='ocrx_word' id='word_1_204' title='bbox 1671 2726 2021 2789; x_wconf 89' lang='lat' dir='ltr'><strong>admittimur,</strong></span> 
     </span>
    </p>
   </div>
   <div class='ocr_carea' id='block_1_28' title="bbox 441 2816 2029 2901">
    <p class='ocr_par' dir='ltr' id='par_1_28' title="bbox 441 2816 2029 2901">
     <span class='ocr_line' id='line_1_28' title="bbox 441 2816 2029 2901; baseline -0.013 -12"><span class='ocrx_word' id='word_1_205' title='bbox 441 2844 505 2891; x_wconf 84' lang='lat' dir='ltr'><strong>et</strong></span> <span class='ocrx_word' id='word_1_206' title='bbox 523 2835 694 2901; x_wconf 87' lang='lat' dir='ltr'><strong>ipsum</strong></span> <span class='ocrx_word' id='word_1_207' title='bbox 729 2830 797 2885; x_wconf 90' lang='lat' dir='ltr'><strong>ab</strong></span> <span class='ocrx_word' id='word_1_208' title='bbox 825 2827 1060 2882; x_wconf 84' lang='lat' dir='ltr'><strong>Ecclesia</strong></span> <span class='ocrx_word' id='word_1_209' title='bbox 1097 2822 1364 2880; x_wconf 78' lang='lat' dir='ltr'><strong>exclusuri</strong></span> <span class='ocrx_word' id='word_1_210' title='bbox 1395 2819 1614 2875; x_wconf 86' lang='lat' dir='ltr'><strong>sumus?</strong></span> <span class='ocrx_word' id='word_1_211' title='bbox 1642 2819 1766 2873; x_wconf 68' lang='lat' dir='ltr'><strong>llaec</strong></span> <span class='ocrx_word' id='word_1_212' title='bbox 1792 2816 2029 2871; x_wconf 87' lang='lat' dir='ltr'><strong>Ecclesia</strong></span> 
     </span>
    </p>
   </div>
   <div class='ocr_carea' id='block_1_29' title="bbox 440 2907 2027 2997">
    <p class='ocr_par' dir='ltr' id='par_1_29' title="bbox 440 2907 2027 2997">
     <span class='ocr_line' id='line_1_29' title="bbox 440 2907 2027 2997; baseline -0.014 -15"><span class='ocrx_word' id='word_1_213' title='bbox 440 2924 767 2997; x_wconf 78' lang='lat' dir='ltr'><strong>signiﬁcatur</strong></span> <span class='ocrx_word' id='word_1_214' title='bbox 809 2922 861 2974; x_wconf 92' lang='lat' dir='ltr'><strong>in</strong></span> <span class='ocrx_word' id='word_1_215' title='bbox 909 2919 1149 2973; x_wconf 82' lang='lat' dir='ltr'><strong>Rebecca</strong></span> <span class='ocrx_word' id='word_1_216' title='bbox 1192 2929 1358 2968; x_wconf 75' lang='lat' dir='ltr'><strong>uxore</strong></span> <span class='ocrx_word' id='word_1_217' title='bbox 1404 2911 1729 2967; x_wconf 73' lang='lat' dir='ltr'><strong>Isaaczhmc</strong></span> <span class='ocrx_word' id='word_1_218' title='bbox 1787 2907 2027 2963; x_wconf 84' lang='lat' dir='ltr'><strong>Ecclesia</strong></span> 
     </span>
    </p>
   </div>
   <div class='ocr_carea' id='block_1_30' title="bbox 440 2999 2031 3076">
    <p class='ocr_par' dir='ltr' id='par_1_30' title="bbox 440 2999 2031 3076">
     <span class='ocr_line' id='line_1_30' title="bbox 440 2999 2031 3076; baseline -0.013 -4"><span class='ocrx_word' id='word_1_219' title='bbox 440 3027 557 3073; x_wconf 88' lang='lat' dir='ltr'><strong>erat</strong></span> <span class='ocrx_word' id='word_1_220' title='bbox 585 3016 636 3070; x_wconf 90' lang='lat' dir='ltr'><strong>in</strong></span> <span class='ocrx_word' id='word_1_221' title='bbox 669 3012 868 3068; x_wconf 89' lang='lat' dir='ltr'><strong>sanctis</strong></span> <span class='ocrx_word' id='word_1_222' title='bbox 895 3011 1055 3065; x_wconf 90' lang='lat' dir='ltr'><strong>etiam</strong></span> <span class='ocrx_word' id='word_1_223' title='bbox 1070 3006 1381 3076; x_wconf 85' lang='lat' dir='ltr'><strong>Prophctis,</strong></span> <span class='ocrx_word' id='word_1_224' title='bbox 1413 3003 1500 3074; x_wconf 91' lang='lat' dir='ltr'><strong>qui</strong></span> <span class='ocrx_word' id='word_1_225' title='bbox 1530 3000 1895 3071; x_wconf 78' lang='lat' dir='ltr'><strong>intelligebant</strong></span> <span class='ocrx_word' id='word_1_226' title='bbox 1924 2999 2031 3053; x_wconf 89' lang='lat' dir='ltr'><strong>Ve-</strong></span> 
     </span>
    </p>
   </div>
   <div class='ocr_carea' id='block_1_31' title="bbox 443 3089 2033 3169">
    <p class='ocr_par' dir='ltr' id='par_1_31' title="bbox 443 3089 2033 3169">
     <span class='ocr_line' id='line_1_31' title="bbox 443 3089 2033 3169; baseline -0.013 -6"><span class='ocrx_word' id='word_1_227' title='bbox 443 3112 529 3163; x_wconf 86' lang='lat' dir='ltr'><strong>tus</strong></span> <span class='ocrx_word' id='word_1_228' title='bbox 567 3107 999 3165; x_wconf 78' lang='lat' dir='ltr'><strong>Testamentum,</strong></span> <span class='ocrx_word' id='word_1_229' title='bbox 1045 3099 1167 3169; x_wconf 87' lang='lat' dir='ltr'><strong>quia</strong></span> <span class='ocrx_word' id='word_1_230' title='bbox 1215 3096 1600 3167; x_wconf 84' lang='lat' dir='ltr'><strong>promissioncs</strong></span> <span class='ocrx_word' id='word_1_231' title='bbox 1644 3093 1747 3145; x_wconf 62' lang='lat' dir='ltr'><strong>illac</strong></span> <span class='ocrx_word' id='word_1_232' title='bbox 1789 3089 2033 3145; x_wconf 86' lang='lat' dir='ltr'><strong>carnales</strong></span> 
     </span>
    </p>
   </div>
   <div class='ocr_carea' id='block_1_32' title="bbox 442 3183 2033 3271">
    <p class='ocr_par' dir='ltr' id='par_1_32' title="bbox 442 3183 2033 3271">
     <span class='ocr_line' id='line_1_32' title="bbox 442 3183 2033 3271; baseline -0.014 -14"><span class='ocrx_word' id='word_1_233' title='bbox 442 3198 718 3271; x_wconf 76' lang='lat' dir='ltr'><strong>Spirituale</strong></span> <span class='ocrx_word' id='word_1_234' title='bbox 746 3194 927 3250; x_wconf 89' lang='lat' dir='ltr'><strong>nescio</strong></span> <span class='ocrx_word' id='word_1_235' title='bbox 951 3191 1076 3263; x_wconf 89' lang='lat' dir='ltr'><strong>quid</strong></span> <span class='ocrx_word' id='word_1_236' title='bbox 1103 3188 1493 3259; x_wconf 77' lang='lat' dir='ltr'><strong>signiﬁcabant.</strong></span> <span class='ocrx_word' id='word_1_237' title='bbox 1522 3184 1578 3240; x_wconf 89' lang='lat' dir='ltr'><strong>Si</strong></span> <span class='ocrx_word' id='word_1_238' title='bbox 1606 3183 1897 3254; x_wconf 80' lang='lat' dir='ltr'><strong>spirituale,</strong></span> <span class='ocrx_word' id='word_1_239' title='bbox 1925 3183 2033 3263; x_wconf 76' lang='lat' dir='ltr'><strong>spi-</strong></span> 
     </span>
    </p>
   </div>
   <div class='ocr_carea' id='block_1_33' title="bbox 445 3275 2033 3357">
    <p class='ocr_par' dir='ltr' id='par_1_33' title="bbox 445 3275 2033 3357">
     <span class='ocr_line' id='line_1_33' title="bbox 445 3275 2033 3357; baseline -0.012 -11"><span class='ocrx_word' id='word_1_240' title='bbox 445 3291 665 3346; x_wconf 85' lang='lat' dir='ltr'><strong>rituales</strong></span> <span class='ocrx_word' id='word_1_241' title='bbox 694 3303 821 3357; x_wconf 81' lang='lat' dir='ltr'><strong>ergo</strong></span> <span class='ocrx_word' id='word_1_242' title='bbox 851 3285 916 3338; x_wconf 92' lang='lat' dir='ltr'><strong>ad</strong></span> <span class='ocrx_word' id='word_1_243' title='bbox 950 3282 1209 3337; x_wconf 75' lang='lat' dir='ltr'><strong>minorem</strong></span> <span class='ocrx_word' id='word_1_244' title='bbox 1243 3279 1407 3334; x_wconf 91' lang='lat' dir='ltr'><strong>ﬁlium</strong></span> <span class='ocrx_word' id='word_1_245' title='bbox 1444 3296 1455 3331; x_wconf 92' lang='lat'><strong>:</strong></span> <span class='ocrx_word' id='word_1_246' title='bbox 1481 3277 1603 3347; x_wconf 87' lang='lat' dir='ltr'><strong>quia</strong></span> <span class='ocrx_word' id='word_1_247' title='bbox 1632 3275 1776 3346; x_wconf 89' lang='lat' dir='ltr'><strong>prior</strong></span> <span class='ocrx_word' id='word_1_248' title='bbox 1804 3284 1885 3330; x_wconf 89' lang='lat' dir='ltr'><strong>est</strong></span> <span class='ocrx_word' id='word_1_249' title='bbox 1911 3289 2033 3328; x_wconf 88' lang='lat' dir='ltr'><strong>car-</strong></span> 
     </span>
    </p>
   </div>
   <div class='ocr_carea' id='block_1_34' title="bbox 447 3372 1905 3447">
    <p class='ocr_par' dir='ltr' id='par_1_34' title="bbox 447 3372 1905 3447">
     <span class='ocr_line' id='line_1_34' title="bbox 447 3372 1905 3447; baseline -0.018 -11"><span class='ocrx_word' id='word_1_250' title='bbox 447 3382 606 3446; x_wconf 88' lang='lat' dir='ltr'><strong>nalis,</strong></span> <span class='ocrx_word' id='word_1_251' title='bbox 631 3389 685 3435; x_wconf 92' lang='lat' dir='ltr'><strong>et</strong></span> <span class='ocrx_word' id='word_1_252' title='bbox 714 3389 898 3447; x_wconf 89' lang='lat' dir='ltr'><strong>postea</strong></span> <span class='ocrx_word' id='word_1_253' title='bbox 925 3372 1236 3446; x_wconf 87' lang='lat' dir='ltr'><strong>spiritualis.</strong></span> <span class='ocrx_word' id='word_1_254' title='bbox 1902 3416 1905 3419; x_wconf 96' lang='lat'><em>_</em></span> 
     </span>
    </p>
   </div>
   <div class='ocr_carea' id='block_1_35' title="bbox 515 3459 2036 3525">
    <p class='ocr_par' dir='ltr' id='par_1_35' title="bbox 515 3459 2036 3525">
     <span class='ocr_line' id='line_1_35' title="bbox 515 3459 2036 3525; baseline -0.011 0"><span class='ocrx_word' id='word_1_255' title='bbox 515 3468 742 3525; x_wconf 82' lang='lat' dir='ltr'><strong>CAPUT</strong></span> <span class='ocrx_word' id='word_1_256' title='bbox 773 3467 889 3521; x_wconf 76' lang='lat' dir='ltr'><strong>XII.</strong></span> <span class='ocrx_word' id='word_1_257' title='bbox 910 3495 980 3505; x_wconf 87' lang='lat'><strong>-—</strong></span> <span class='ocrx_word' id='word_1_258' title='bbox 996 3464 1082 3517; x_wconf 76' lang='lat'><strong>1‘2.</strong></span> <span class='ocrx_word' id='word_1_259' title='bbox 1114 3462 1355 3517; x_wconf 84' lang='lat' dir='ltr'><strong>Carnales</strong></span> <span class='ocrx_word' id='word_1_260' title='bbox 1371 3459 1432 3513; x_wconf 88' lang='lat' dir='ltr'><strong>de</strong></span> <span class='ocrx_word' id='word_1_261' title='bbox 1445 3459 1670 3513; x_wconf 81' lang='lat' dir='ltr'><strong>Ecclesia</strong></span> <span class='ocrx_word' id='word_1_262' title='bbox 1689 3459 1741 3511; x_wconf 86' lang='lat' dir='ltr'><strong>in</strong></span> <span class='ocrx_word' id='word_1_263' title='bbox 1767 3466 1901 3513; x_wconf 80' lang='lat' dir='ltr'><strong>sorte</strong></span> <span class='ocrx_word' id='word_1_264' title='bbox 1920 3464 2036 3510; x_wconf 84' lang='lat' dir='ltr'><strong>sunt</strong></span> 
     </span>
    </p>
   </div>
   <div class='ocr_carea' id='block_1_36' title="bbox 453 3550 2034 3624">
    <p class='ocr_par' dir='ltr' id='par_1_36' title="bbox 453 3550 2034 3624">
     <span class='ocr_line' id='line_1_36' title="bbox 453 3550 2034 3624; baseline -0.013 -5"><span class='ocrx_word' id='word_1_265' title='bbox 453 3563 607 3619; x_wconf 78' lang='lat' dir='ltr'><strong>Esau.</strong></span> <span class='ocrx_word' id='word_1_266' title='bbox 638 3561 754 3616; x_wconf 86' lang='lat' dir='ltr'><strong>Jam</strong></span> <span class='ocrx_word' id='word_1_267' title='bbox 796 3561 1048 3614; x_wconf 87' lang='lat' dir='ltr'><strong>hesterno</strong></span> <span class='ocrx_word' id='word_1_268' title='bbox 1091 3557 1177 3611; x_wconf 89' lang='lat' dir='ltr'><strong>die</strong></span> <span class='ocrx_word' id='word_1_269' title='bbox 1223 3554 1577 3624; x_wconf 71' lang='lat' dir='ltr'><strong>praemisimus</strong></span> <span class='ocrx_word' id='word_1_270' title='bbox 1620 3550 1901 3607; x_wconf 89' lang='lat' dir='ltr'><strong>Sauctitati</strong></span> <span class='ocrx_word' id='word_1_271' title='bbox 1941 3564 2034 3601; x_wconf 86' lang='lat' dir='ltr'><strong>ve-</strong></span> 
     </span>
    </p>
   </div>
   <div class='ocr_carea' id='block_1_37' title="bbox 447 3639 2039 3720">
    <p class='ocr_par' dir='ltr' id='par_1_37' title="bbox 447 3639 2039 3720">
     <span class='ocr_line' id='line_1_37' title="bbox 447 3639 2039 3720; baseline -0.009 -10"><span class='ocrx_word' id='word_1_272' title='bbox 447 3664 590 3719; x_wconf 68' lang='lat' dir='ltr'><strong>strae,</strong></span> <span class='ocrx_word' id='word_1_273' title='bbox 617 3652 737 3707; x_wconf 91' lang='lat' dir='ltr'><strong>ideo</strong></span> <span class='ocrx_word' id='word_1_274' title='bbox 777 3651 1034 3720; x_wconf 76' lang='lat' dir='ltr'><strong>majorem</strong></span> <span class='ocrx_word' id='word_1_275' title='bbox 1083 3648 1246 3701; x_wconf 89' lang='lat' dir='ltr'><strong>lilium</strong></span> <span class='ocrx_word' id='word_1_276' title='bbox 1295 3645 1398 3700; x_wconf 91' lang='lat' dir='ltr'><strong>dici</strong></span> <span class='ocrx_word' id='word_1_277' title='bbox 1444 3644 1617 3711; x_wconf 85' lang='lat' dir='ltr'><strong>Esau,</strong></span> <span class='ocrx_word' id='word_1_278' title='bbox 1649 3643 1768 3712; x_wconf 84' lang='lat' dir='ltr'><strong>quia</strong></span> <span class='ocrx_word' id='word_1_279' title='bbox 1798 3656 1955 3695; x_wconf 89' lang='lat' dir='ltr'><strong>nemo</strong></span> <span class='ocrx_word' id='word_1_280' title='bbox 1981 3639 2039 3695; x_wconf 88' lang='lat' dir='ltr'><strong>ﬁt</strong></span> 
     </span>
    </p>
   </div>
   <div class='ocr_carea' id='block_1_38' title="bbox 449 3733 2038 3813">
    <p class='ocr_par' dir='ltr' id='par_1_38' title="bbox 449 3733 2038 3813">
     <span class='ocr_line' id='line_1_38' title="bbox 449 3733 2038 3813; baseline -0.009 -15"><span class='ocrx_word' id='word_1_281' title='bbox 449 3742 758 3813; x_wconf 88' lang='lat' dir='ltr'><strong>spiritualis,</strong></span> <span class='ocrx_word' id='word_1_282' title='bbox 787 3740 886 3794; x_wconf 87' lang='lat' dir='ltr'><strong>nisi</strong></span> <span class='ocrx_word' id='word_1_283' title='bbox 914 3755 979 3793; x_wconf 81' lang='lat' dir='ltr'><strong>ex</strong></span> <span class='ocrx_word' id='word_1_284' title='bbox 1004 3738 1202 3792; x_wconf 88' lang='lat' dir='ltr'><strong>carnali</strong></span> <span class='ocrx_word' id='word_1_285' title='bbox 1235 3753 1248 3789; x_wconf 91' lang='lat'><strong>:</strong></span> <span class='ocrx_word' id='word_1_286' title='bbox 1280 3735 1374 3789; x_wconf 75' lang='lat' dir='ltr'><strong>sed</strong></span> <span class='ocrx_word' id='word_1_287' title='bbox 1418 3735 1462 3789; x_wconf 88' lang='lat' dir='ltr'><strong>si</strong></span> <span class='ocrx_word' id='word_1_288' title='bbox 1496 3742 1803 3805; x_wconf 78' lang='lat' dir='ltr'><strong>perseveret</strong></span> <span class='ocrx_word' id='word_1_289' title='bbox 1828 3733 1882 3786; x_wconf 92' lang='lat' dir='ltr'><strong>in</strong></span> <span class='ocrx_word' id='word_1_290' title='bbox 1908 3748 2038 3802; x_wconf 84' lang='lat' dir='ltr'><strong>pru-</strong></span> 
     </span>
    </p>
   </div>
   <div class='ocr_carea' id='block_1_39' title="bbox 450 3823 2041 3897">
    <p class='ocr_par' dir='ltr' id='par_1_39' title="bbox 450 3823 2041 3897">
     <span class='ocr_line' id='line_1_39' title="bbox 450 3823 2041 3897; baseline -0.015 0"><span class='ocrx_word' id='word_1_291' title='bbox 450 3833 628 3889; x_wconf 75' lang='lat' dir='ltr'><strong>deltlia</strong></span> <span class='ocrx_word' id='word_1_292' title='bbox 665 3830 862 3894; x_wconf 77' lang='lat' dir='ltr'><strong>CarniS,</strong></span> <span class='ocrx_word' id='word_1_293' title='bbox 892 3843 1107 3897; x_wconf 82' lang='lat' dir='ltr'><strong>sctupcr</strong></span> <span class='ocrx_word' id='word_1_294' title='bbox 1140 3828 1241 3880; x_wconf 89' lang='lat' dir='ltr'><strong>erit</strong></span> <span class='ocrx_word' id='word_1_295' title='bbox 1276 3827 1419 3885; x_wconf 85' lang='lat' dir='ltr'><strong>Esau</strong></span> <span class='ocrx_word' id='word_1_296' title='bbox 1444 3841 1458 3877; x_wconf 90' lang='lat'><strong>:</strong></span> <span class='ocrx_word' id='word_1_297' title='bbox 1485 3825 1529 3877; x_wconf 91' lang='lat' dir='ltr'><strong>si</strong></span> <span class='ocrx_word' id='word_1_298' title='bbox 1560 3834 1736 3877; x_wconf 92' lang='lat' dir='ltr'><strong>autem</strong></span> <span class='ocrx_word' id='word_1_299' title='bbox 1765 3823 1857 3877; x_wconf 89' lang='lat' dir='ltr'><strong>ﬁat</strong></span> <span class='ocrx_word' id='word_1_300' title='bbox 1885 3823 2041 3893; x_wconf 88' lang='lat' dir='ltr'><strong>spiri-</strong></span> 
     </span>
    </p>
   </div>
   <div class='ocr_carea' id='block_1_40' title="bbox 454 3915 2038 3991">
    <p class='ocr_par' dir='ltr' id='par_1_40' title="bbox 454 3915 2038 3991">
     <span class='ocr_line' id='line_1_40' title="bbox 454 3915 2038 3991; baseline -0.008 -12"><span class='ocrx_word' id='word_1_301' title='bbox 454 3926 631 3991; x_wconf 81' lang='lat' dir='ltr'><strong>tualis,</strong></span> <span class='ocrx_word' id='word_1_302' title='bbox 661 3931 743 3978; x_wconf 90' lang='lat' dir='ltr'><strong>est</strong></span> <span class='ocrx_word' id='word_1_303' title='bbox 771 3922 907 3977; x_wconf 84' lang='lat' dir='ltr'><strong>filius</strong></span> <span class='ocrx_word' id='word_1_304' title='bbox 937 3918 1144 3982; x_wconf 90' lang='lat' dir='ltr'><strong>minor;</strong></span> <span class='ocrx_word' id='word_1_305' title='bbox 1173 3917 1267 3971; x_wconf 90' lang='lat' dir='ltr'><strong>sed</strong></span> <span class='ocrx_word' id='word_1_306' title='bbox 1312 3917 1425 3985; x_wconf 90' lang='lat' dir='ltr'><strong>ipse</strong></span> <span class='ocrx_word' id='word_1_307' title='bbox 1467 3916 1643 3987; x_wconf 76' lang='lat' dir='ltr'><strong>minor</strong></span> <span class='ocrx_word' id='word_1_308' title='bbox 1684 3915 1785 3968; x_wconf 90' lang='lat' dir='ltr'><strong>erit</strong></span> <span class='ocrx_word' id='word_1_309' title='bbox 1830 3915 2038 3983; x_wconf 79' lang='lat' dir='ltr'><strong>major:</strong></span> 
     </span>
    </p>
   </div>
   <div class='ocr_carea' id='block_1_41' title="bbox 455 4002 2042 4081">
    <p class='ocr_par' dir='ltr' id='par_1_41' title="bbox 455 4002 2042 4081">
     <span class='ocr_line' id='line_1_41' title="bbox 455 4002 2042 4081; baseline -0.007 -13"><span class='ocrx_word' id='word_1_310' title='bbox 455 4013 545 4072; x_wconf 89' lang='lat' dir='ltr'><strong>ille</strong></span> <span class='ocrx_word' id='word_1_311' title='bbox 574 4016 716 4070; x_wconf 89' lang='lat' dir='ltr'><strong>enint</strong></span> <span class='ocrx_word' id='word_1_312' title='bbox 740 4023 978 4081; x_wconf 91' lang='lat' dir='ltr'><strong>tempore</strong></span> <span class='ocrx_word' id='word_1_313' title='bbox 1006 4007 1280 4081; x_wconf 68' lang='lat' dir='ltr'><strong>prwcetlit,</strong></span> <span class='ocrx_word' id='word_1_314' title='bbox 1308 4007 1409 4062; x_wconf 87' lang='lat' dir='ltr'><strong>iste</strong></span> <span class='ocrx_word' id='word_1_315' title='bbox 1428 4005 1642 4060; x_wconf 86' lang='lat' dir='ltr'><strong>virtute.</strong></span> <span class='ocrx_word' id='word_1_316' title='bbox 1660 4002 1901 4073; x_wconf 85' lang='lat' dir='ltr'><strong>Namque</strong></span> <span class='ocrx_word' id='word_1_317' title='bbox 1921 4018 2042 4058; x_wconf 91' lang='lat' dir='ltr'><strong>cum</strong></span> 
     </span>
    </p>
   </div>
   <div class='ocr_carea' id='block_1_42' title="bbox 454 4096 2048 4166">
    <p class='ocr_par' dir='ltr' id='par_1_42' title="bbox 454 4096 2048 4166">
     <span class='ocr_line' id='line_1_42' title="bbox 454 4096 2048 4166; baseline -0.011 -1"><span class='ocrx_word' id='word_1_318' title='bbox 454 4109 687 4165; x_wconf 78' lang='lat' dir='ltr'><strong>coxisset</strong></span> <span class='ocrx_word' id='word_1_319' title='bbox 721 4106 916 4161; x_wconf 89' lang='lat' dir='ltr'><strong>lentem</strong></span> <span class='ocrx_word' id='word_1_320' title='bbox 938 4103 1123 4165; x_wconf 80' lang='lat' dir='ltr'><strong>Jacoh,</strong></span> <span class='ocrx_word' id='word_1_321' title='bbox 1146 4099 1470 4157; x_wconf 82' lang='lat' dir='ltr'><strong>desideravit</strong></span> <span class='ocrx_word' id='word_1_322' title='bbox 1494 4097 1633 4153; x_wconf 86' lang='lat' dir='ltr'><strong>Esau</strong></span> <span class='ocrx_word' id='word_1_323' title='bbox 1659 4096 1922 4166; x_wconf 86' lang='lat' dir='ltr'><strong>accipere,</strong></span> <span class='ocrx_word' id='word_1_324' title='bbox 1951 4110 2048 4149; x_wconf 89' lang='lat' dir='ltr'><strong>an-</strong></span> 
     </span>
    </p>
   </div>
   <div class='ocr_carea' id='block_1_43' title="bbox 458 4174 2049 4271">
    <p class='ocr_par' dir='ltr' id='par_1_43' title="bbox 458 4174 2049 4271">
     <span class='ocr_line' id='line_1_43' title="bbox 458 4174 2049 4271; baseline -0.009 -14"><span class='ocrx_word' id='word_1_325' title='bbox 458 4212 672 4271; x_wconf 73' lang='lat' dir='ltr'><strong>tequam</strong></span> <span class='ocrx_word' id='word_1_326' title='bbox 709 4198 917 4254; x_wconf 85' lang='lat' dir='ltr'><strong>veniret</strong></span> <span class='ocrx_word' id='word_1_327' title='bbox 959 4195 1025 4250; x_wconf 86' lang='lat' dir='ltr'><strong>ad</strong></span> <span class='ocrx_word' id='word_1_328' title='bbox 1077 4195 1231 4248; x_wconf 81' lang='lat' dir='ltr'><strong>istam</strong></span> <span class='ocrx_word' id='word_1_329' title='bbox 1274 4191 1818 4248; x_wconf 78' lang='lat' dir='ltr'><strong>benedictionemzet</strong></span> <span class='ocrx_word' id='word_1_330' title='bbox 1843 4188 1931 4243; x_wconf 88' lang='lat' dir='ltr'><strong>ille</strong></span> <span class='ocrx_word' id='word_1_331' title='bbox 1971 4174 2049 4242; x_wconf 83' lang='lat' dir='ltr'><strong>ait</strong></span> 
     </span>
    </p>
   </div>
   <div class='ocr_carea' id='block_1_44' title="bbox 459 4281 2048 4359">
    <p class='ocr_par' dir='ltr' id='par_1_44' title="bbox 459 4281 2048 4359">
     <span class='ocr_line' id='line_1_44' title="bbox 459 4281 2048 4359; baseline -0.01 -12"><span class='ocrx_word' id='word_1_332' title='bbox 459 4293 556 4357; x_wconf 86' lang='lat' dir='ltr'><strong>illi,</strong></span> <span class='ocrx_word' id='word_1_333' title='bbox 585 4290 667 4344; x_wconf 90' lang='lat' dir='ltr'><strong>Da</strong></span> <span class='ocrx_word' id='word_1_334' title='bbox 694 4290 818 4343; x_wconf 80' lang='lat' dir='ltr'><strong>mihi</strong></span> <span class='ocrx_word' id='word_1_335' title='bbox 852 4286 1187 4359; x_wconf 79' lang='lat' dir='ltr'><strong>primogenita</strong></span> <span class='ocrx_word' id='word_1_336' title='bbox 1209 4293 1316 4348; x_wconf 81' lang='lat' dir='ltr'><strong>tua,</strong></span> <span class='ocrx_word' id='word_1_337' title='bbox 1348 4293 1393 4335; x_wconf 85' lang='lat' dir='ltr'><strong>et</strong></span> <span class='ocrx_word' id='word_1_338' title='bbox 1419 4281 1549 4335; x_wconf 89' lang='lat' dir='ltr'><strong>dabo</strong></span> <span class='ocrx_word' id='word_1_339' title='bbox 1575 4282 1663 4335; x_wconf 85' lang='lat' dir='ltr'><strong>tibi</strong></span> <span class='ocrx_word' id='word_1_340' title='bbox 1689 4281 1870 4334; x_wconf 80' lang='lat' dir='ltr'><strong>lentem</strong></span> <span class='ocrx_word' id='word_1_341' title='bbox 1896 4295 2048 4349; x_wconf 82' lang='lat' dir='ltr'><strong>quam</strong></span> 
     </span>
    </p>
   </div>
   <div class='ocr_carea' id='block_1_45' title="bbox 462 4371 2045 4453">
    <p class='ocr_par' dir='ltr' id='par_1_45' title="bbox 462 4371 2045 4453">
     <span class='ocr_line' id='line_1_45' title="bbox 462 4371 2045 4453; baseline -0.009 -14"><span class='ocrx_word' id='word_1_342' title='bbox 462 4385 576 4439; x_wconf 69' lang='grc' dir='ltr'><strong>σοιτί</strong></span> <span class='ocrx_word' id='word_1_343' title='bbox 598 4382 752 4453; x_wconf 81' lang='lat' dir='ltr'><strong>(Gen.</strong></span> <span class='ocrx_word' id='word_1_344' title='bbox 777 4396 901 4441; x_wconf 76' lang='lat' dir='ltr'><strong>xxv,</strong></span> <span class='ocrx_word' id='word_1_345' title='bbox 929 4379 1044 4447; x_wconf 76' lang='lat' dir='ltr'><strong>5t).</strong></span> <span class='ocrx_word' id='word_1_346' title='bbox 1064 4376 1314 4430; x_wconf 85' lang='lat' dir='ltr'><strong>Vendidit</strong></span> <span class='ocrx_word' id='word_1_347' title='bbox 1339 4374 1688 4445; x_wconf 81' lang='lat' dir='ltr'><strong>primogenita</strong></span> <span class='ocrx_word' id='word_1_348' title='bbox 1716 4388 1809 4443; x_wconf 81' lang='lat' dir='ltr'><strong>sua</strong></span> <span class='ocrx_word' id='word_1_349' title='bbox 1834 4371 2045 4426; x_wconf 90' lang='lat' dir='ltr'><strong>minori:</strong></span> 
     </span>
    </p>
   </div>
   <div class='ocr_carea' id='block_1_46' title="bbox 462 4463 2052 4541">
    <p class='ocr_par' dir='ltr' id='par_1_46' title="bbox 462 4463 2052 4541">
     <span class='ocr_line' id='line_1_46' title="bbox 462 4463 2052 4541; baseline -0.01 -9"><span class='ocrx_word' id='word_1_350' title='bbox 462 4476 680 4532; x_wconf 82' lang='lat' dir='ltr'><strong>abstulit</strong></span> <span class='ocrx_word' id='word_1_351' title='bbox 711 4475 800 4529; x_wconf 88' lang='lat' dir='ltr'><strong>ille</strong></span> <span class='ocrx_word' id='word_1_352' title='bbox 828 4473 1153 4541; x_wconf 87' lang='lat' dir='ltr'><strong>voluptatem</strong></span> <span class='ocrx_word' id='word_1_353' title='bbox 1178 4466 1544 4537; x_wconf 85' lang='lat' dir='ltr'><strong>temporalem,</strong></span> <span class='ocrx_word' id='word_1_354' title='bbox 1582 4464 1798 4521; x_wconf 88' lang='lat' dir='ltr'><strong>abstulit</strong></span> <span class='ocrx_word' id='word_1_355' title='bbox 1839 4464 1926 4519; x_wconf 89' lang='lat' dir='ltr'><strong>ille</strong></span> <span class='ocrx_word' id='word_1_356' title='bbox 1971 4463 2052 4518; x_wconf 90' lang='lat' dir='ltr'><strong>di-</strong></span> 
     </span>
    </p>
   </div>
   <div class='ocr_carea' id='block_1_47' title="bbox 465 4556 2050 4641">
    <p class='ocr_par' dir='ltr' id='par_1_47' title="bbox 465 4556 2050 4641">
     <span class='ocr_line' id='line_1_47' title="bbox 465 4556 2050 4641; baseline -0.009 -16"><span class='ocrx_word' id='word_1_357' title='bbox 465 4570 720 4641; x_wconf 71' lang='lat' dir='ltr'><strong>gnitatem</strong></span> <span class='ocrx_word' id='word_1_358' title='bbox 757 4565 1160 4635; x_wconf 87' lang='lat' dir='ltr'><strong>sempiternam.</strong></span> <span class='ocrx_word' id='word_1_359' title='bbox 1200 4560 1340 4630; x_wconf 78' lang='lat' dir='ltr'><strong>Ergo</strong></span> <span class='ocrx_word' id='word_1_360' title='bbox 1368 4558 1457 4629; x_wconf 89' lang='lat' dir='ltr'><strong>qui</strong></span> <span class='ocrx_word' id='word_1_361' title='bbox 1490 4557 1872 4627; x_wconf 86' lang='lat' dir='ltr'><strong>temporalibus</strong></span> <span class='ocrx_word' id='word_1_362' title='bbox 1896 4556 2050 4611; x_wconf 88' lang='lat' dir='ltr'><strong>volu-</strong></span> 
     </span>
    </p>
   </div>
   <div class='ocr_carea' id='block_1_48' title="bbox 462 4646 2050 4734">
    <p class='ocr_par' dir='ltr' id='par_1_48' title="bbox 462 4646 2050 4734">
     <span class='ocr_line' id='line_1_48' title="bbox 462 4646 2050 4734; baseline -0.012 -16"><span class='ocrx_word' id='word_1_363' title='bbox 462 4662 699 4734; x_wconf 87' lang='lat' dir='ltr'><strong>ptatibus</strong></span> <span class='ocrx_word' id='word_1_364' title='bbox 742 4657 987 4713; x_wconf 89' lang='lat' dir='ltr'><strong>serviunt</strong></span> <span class='ocrx_word' id='word_1_365' title='bbox 1034 4656 1085 4708; x_wconf 90' lang='lat' dir='ltr'><strong>in</strong></span> <span class='ocrx_word' id='word_1_366' title='bbox 1137 4651 1414 4716; x_wconf 87' lang='lat' dir='ltr'><strong>Ecclesia,</strong></span> <span class='ocrx_word' id='word_1_367' title='bbox 1466 4649 1664 4704; x_wconf 82' lang='lat' dir='ltr'><strong>lentem</strong></span> <span class='ocrx_word' id='word_1_368' title='bbox 1707 4646 2050 4702; x_wconf 90' lang='lat' dir='ltr'><strong>manducant.</strong></span> 
     </span>
    </p>
   </div>
   <div class='ocr_carea' id='block_1_49' title="bbox 466 4741 2052 4823">
    <p class='ocr_par' dir='ltr' id='par_1_49' title="bbox 466 4741 2052 4823">
     <span class='ocr_line' id='line_1_49' title="bbox 466 4741 2052 4823; baseline -0.009 -14"><span class='ocrx_word' id='word_1_369' title='bbox 466 4756 635 4823; x_wconf 83' lang='lat' dir='ltr'><strong>Quam</strong></span> <span class='ocrx_word' id='word_1_370' title='bbox 675 4750 888 4821; x_wconf 90' lang='lat' dir='ltr'><strong>quidem</strong></span> <span class='ocrx_word' id='word_1_371' title='bbox 917 4747 1057 4803; x_wconf 77' lang='lat' dir='ltr'><strong>coxit</strong></span> <span class='ocrx_word' id='word_1_372' title='bbox 1085 4744 1268 4806; x_wconf 83' lang='lat' dir='ltr'><strong>Jacob,</strong></span> <span class='ocrx_word' id='word_1_373' title='bbox 1302 4743 1397 4798; x_wconf 90' lang='lat' dir='ltr'><strong>sed</strong></span> <span class='ocrx_word' id='word_1_374' title='bbox 1436 4757 1542 4797; x_wconf 90' lang='lat' dir='ltr'><strong>non</strong></span> <span class='ocrx_word' id='word_1_375' title='bbox 1582 4741 1921 4796; x_wconf 81' lang='lat' dir='ltr'><strong>manducavit</strong></span> <span class='ocrx_word' id='word_1_376' title='bbox 1958 4741 2052 4805; x_wconf 82' lang='lat' dir='ltr'><strong>Ja-</strong></span> 
     </span>
    </p>
   </div>
   <div class='ocr_carea' id='block_1_50' title="bbox 463 4832 2054 4909">
    <p class='ocr_par' dir='ltr' id='par_1_50' title="bbox 463 4832 2054 4909">
     <span class='ocr_line' id='line_1_50' title="bbox 463 4832 2054 4909; baseline -0.01 -4"><span class='ocrx_word' id='word_1_377' title='bbox 463 4853 567 4906; x_wconf 89' lang='lat' dir='ltr'><strong>cob</strong></span> <span class='ocrx_word' id='word_1_378' title='bbox 593 4865 606 4901; x_wconf 90' lang='lat'><strong>:</strong></span> <span class='ocrx_word' id='word_1_379' title='bbox 632 4844 772 4908; x_wconf 85' lang='lat' dir='ltr'><strong>idola</strong></span> <span class='ocrx_word' id='word_1_380' title='bbox 817 4841 962 4898; x_wconf 93' lang='lat' dir='ltr'><strong>enim</strong></span> <span class='ocrx_word' id='word_1_381' title='bbox 1011 4838 1178 4909; x_wconf 83' lang='lat' dir='ltr'><strong>magis</strong></span> <span class='ocrx_word' id='word_1_382' title='bbox 1224 4837 1275 4890; x_wconf 93' lang='lat' dir='ltr'><strong>in</strong></span> <span class='ocrx_word' id='word_1_383' title='bbox 1305 4834 1540 4906; x_wconf 67' lang='lat' dir='ltr'><strong>Egypto</strong></span> <span class='ocrx_word' id='word_1_384' title='bbox 1579 4834 1874 4904; x_wconf 73' lang='lat' dir='ltr'><strong>viguerant.</strong></span> <span class='ocrx_word' id='word_1_385' title='bbox 1912 4832 2054 4889; x_wconf 90' lang='lat' dir='ltr'><strong>Lens</strong></span> 
     </span>
    </p>
   </div>
   <div class='ocr_carea' id='block_1_51' title="bbox 464 4925 2054 5008">
    <p class='ocr_par' dir='ltr' id='par_1_51' title="bbox 464 4925 2054 5008">
     <span class='ocr_line' id='line_1_51' title="bbox 464 4925 2054 5008; baseline -0.011 -10"><span class='ocrx_word' id='word_1_386' title='bbox 464 4928 625 4998; x_wconf 75' lang='lat' dir='ltr'><strong>cibus</strong></span> <span class='ocrx_word' id='word_1_387' title='bbox 661 4946 746 4994; x_wconf 90' lang='lat' dir='ltr'><strong>est</strong></span> <span class='ocrx_word' id='word_1_388' title='bbox 771 4934 1010 5008; x_wconf 69' lang='lat' dir='ltr'><strong>Egypti.</strong></span> <span class='ocrx_word' id='word_1_389' title='bbox 1042 4931 1147 4987; x_wconf 87' lang='lat' dir='ltr'><strong>Per</strong></span> <span class='ocrx_word' id='word_1_390' title='bbox 1194 4930 1391 4985; x_wconf 88' lang='lat' dir='ltr'><strong>lentem</strong></span> <span class='ocrx_word' id='word_1_391' title='bbox 1434 4942 1622 4982; x_wconf 89' lang='lat' dir='ltr'><strong>omnes</strong></span> <span class='ocrx_word' id='word_1_392' title='bbox 1665 4941 1877 4982; x_wconf 88' lang='lat' dir='ltr'><strong>errores</strong></span> <span class='ocrx_word' id='word_1_393' title='bbox 1907 4925 2054 4983; x_wconf 85' lang='lat' dir='ltr'><strong>Gen-</strong></span> 
     </span>
    </p>
   </div>
   <div class='ocr_carea' id='block_1_52' title="bbox 468 5018 2056 5100">
    <p class='ocr_par' dir='ltr' id='par_1_52' title="bbox 468 5018 2056 5100">
     <span class='ocr_line' id='line_1_52' title="bbox 468 5018 2056 5100; baseline -0.008 -14"><span class='ocrx_word' id='word_1_394' title='bbox 468 5032 601 5086; x_wconf 89' lang='lat' dir='ltr'><strong>tium</strong></span> <span class='ocrx_word' id='word_1_395' title='bbox 634 5028 1021 5100; x_wconf 75' lang='lat' dir='ltr'><strong>signilicantur.</strong></span> <span class='ocrx_word' id='word_1_396' title='bbox 1050 5022 1184 5092; x_wconf 83' lang='lat' dir='ltr'><strong>Quia</strong></span> <span class='ocrx_word' id='word_1_397' title='bbox 1224 5033 1353 5091; x_wconf 80' lang='lat' dir='ltr'><strong>ergo</strong></span> <span class='ocrx_word' id='word_1_398' title='bbox 1392 5018 1629 5074; x_wconf 88' lang='lat' dir='ltr'><strong>Ecclesia</strong></span> <span class='ocrx_word' id='word_1_399' title='bbox 1657 5019 1978 5074; x_wconf 88' lang='lat' dir='ltr'><strong>eminentior</strong></span> <span class='ocrx_word' id='word_1_400' title='bbox 1994 5028 2056 5079; x_wconf 67' lang='lat' dir='ltr'><strong>.et</strong></span> 
     </span>
    </p>
   </div>
   <div class='ocr_carea' id='block_1_53' title="bbox 467 5111 2055 5179">
    <p class='ocr_par' dir='ltr' id='par_1_53' title="bbox 467 5111 2055 5179">
     <span class='ocr_line' id='line_1_53' title="bbox 467 5111 2055 5179; baseline -0.009 0"><span class='ocrx_word' id='word_1_401' title='bbox 467 5120 801 5179; x_wconf 72' lang='lat' dir='ltr'><strong>manifestior</strong></span> <span class='ocrx_word' id='word_1_402' title='bbox 846 5119 899 5173; x_wconf 92' lang='lat' dir='ltr'><strong>in</strong></span> <span class='ocrx_word' id='word_1_403' title='bbox 943 5116 1053 5171; x_wconf 88' lang='lat' dir='ltr'><strong>ﬁlio</strong></span> <span class='ocrx_word' id='word_1_404' title='bbox 1092 5114 1298 5168; x_wconf 85' lang='lat' dir='ltr'><strong>minore</strong></span> <span class='ocrx_word' id='word_1_405' title='bbox 1340 5111 1408 5166; x_wconf 92' lang='lat' dir='ltr'><strong>de</strong></span> <span class='ocrx_word' id='word_1_406' title='bbox 1445 5111 1706 5175; x_wconf 80' lang='lat' dir='ltr'><strong>Gentibus</strong></span> <span class='ocrx_word' id='word_1_407' title='bbox 1732 5120 1953 5166; x_wconf 84' lang='lat' dir='ltr'><strong>ventura</strong></span> <span class='ocrx_word' id='word_1_408' title='bbox 1979 5112 2055 5167; x_wconf 86' lang='lat' dir='ltr'><strong>si-</strong></span> 
     </span>
    </p>
   </div>
   <div class='ocr_carea' id='block_1_54' title="bbox 468 5200 2056 5287">
    <p class='ocr_par' dir='ltr' id='par_1_54' title="bbox 468 5200 2056 5287">
     <span class='ocr_line' id='line_1_54' title="bbox 468 5200 2056 5287; baseline -0.004 -20"><span class='ocrx_word' id='word_1_409' title='bbox 468 5211 837 5287; x_wconf 64' lang='lat' dir='ltr'><strong>gniﬁcabatur,</strong></span> <span class='ocrx_word' id='word_1_410' title='bbox 860 5208 1057 5262; x_wconf 88' lang='lat' dir='ltr'><strong>lentem</strong></span> <span class='ocrx_word' id='word_1_411' title='bbox 1083 5203 1292 5259; x_wconf 75' lang='lat' dir='ltr'><strong>coxisse</strong></span> <span class='ocrx_word' id='word_1_412' title='bbox 1318 5202 1514 5257; x_wconf 86' lang='lat' dir='ltr'><strong>dicitur</strong></span> <span class='ocrx_word' id='word_1_413' title='bbox 1539 5200 1725 5267; x_wconf 81' lang='lat' dir='ltr'><strong>Jacob,</strong></span> <span class='ocrx_word' id='word_1_414' title='bbox 1745 5210 1801 5257; x_wconf 92' lang='lat' dir='ltr'><strong>et</strong></span> <span class='ocrx_word' id='word_1_415' title='bbox 1830 5202 2056 5261; x_wconf 82' lang='lat' dir='ltr'><strong>mandu-</strong></span> 
     </span>
    </p>
   </div>
   <div class='ocr_carea' id='block_1_55' title="bbox 468 5292 2057 5365">
    <p class='ocr_par' dir='ltr' id='par_1_55' title="bbox 468 5292 2057 5365">
     <span class='ocr_line' id='line_1_55' title="bbox 468 5292 2057 5365; baseline -0.009 -3"><span class='ocrx_word' id='word_1_416' title='bbox 468 5320 621 5363; x_wconf 82' lang='lat' dir='ltr'><strong>casse</strong></span> <span class='ocrx_word' id='word_1_417' title='bbox 658 5303 827 5358; x_wconf 63' lang='lat' dir='ltr'><strong>Fsau.</strong></span> <span class='ocrx_word' id='word_1_418' title='bbox 872 5297 1084 5352; x_wconf 78' lang='lat' dir='ltr'><strong>Etenim</strong></span> <span class='ocrx_word' id='word_1_419' title='bbox 1129 5294 1450 5348; x_wconf 86' lang='lat' dir='ltr'><strong>dimiserunt</strong></span> <span class='ocrx_word' id='word_1_420' title='bbox 1498 5292 1639 5347; x_wconf 89' lang='lat' dir='ltr'><strong>idola</strong></span> <span class='ocrx_word' id='word_1_421' title='bbox 1684 5294 1905 5358; x_wconf 83' lang='lat' dir='ltr'><strong>Gentes,</strong></span> <span class='ocrx_word' id='word_1_422' title='bbox 1939 5312 2057 5365; x_wconf 73' lang='lat' dir='ltr'><strong>qua:</strong></span> 
     </span>
    </p>
   </div>
   <div class='ocr_carea' id='block_1_56' title="bbox 469 5383 2058 5458">
    <p class='ocr_par' dir='ltr' id='par_1_56' title="bbox 469 5383 2058 5458">
     <span class='ocr_line' id='line_1_56' title="bbox 469 5383 2058 5458; baseline -0.006 -5"><span class='ocrx_word' id='word_1_423' title='bbox 469 5397 733 5458; x_wconf 77' lang='lat' dir='ltr'><strong>colebant;</strong></span> <span class='ocrx_word' id='word_1_424' title='bbox 757 5389 923 5447; x_wconf 72' lang='lat' dir='ltr'><strong>Judaei</strong></span> <span class='ocrx_word' id='word_1_425' title='bbox 950 5396 1127 5445; x_wconf 87' lang='lat' dir='ltr'><strong>autem</strong></span> <span class='ocrx_word' id='word_1_426' title='bbox 1149 5385 1453 5443; x_wconf 81' lang='lat' dir='ltr'><strong>serviebant</strong></span> <span class='ocrx_word' id='word_1_427' title='bbox 1479 5383 1655 5451; x_wconf 87' lang='lat' dir='ltr'><strong>idolis,</strong></span> <span class='ocrx_word' id='word_1_428' title='bbox 1675 5400 1797 5441; x_wconf 89' lang='lat' dir='ltr'><strong>nam</strong></span> <span class='ocrx_word' id='word_1_429' title='bbox 1813 5389 2058 5445; x_wconf 64' lang='lat' dir='ltr'><strong>conversi</strong></span> 
     </span>
    </p>
   </div>
   <div class='ocr_carea' id='block_1_57' title="bbox 470 5478 2058 5556">
    <p class='ocr_par' dir='ltr' id='par_1_57' title="bbox 470 5478 2058 5556">
     <span class='ocr_line' id='line_1_57' title="bbox 470 5478 2058 5556; baseline -0.009 -9"><span class='ocrx_word' id='word_1_430' title='bbox 470 5491 633 5546; x_wconf 87' lang='lat' dir='ltr'><strong>corde</strong></span> <span class='ocrx_word' id='word_1_431' title='bbox 658 5488 711 5544; x_wconf 89' lang='lat' dir='ltr'><strong>in</strong></span> <span class='ocrx_word' id='word_1_432' title='bbox 737 5485 1043 5556; x_wconf 60' lang='lat' dir='ltr'><strong>Egyptum,</strong></span> <span class='ocrx_word' id='word_1_433' title='bbox 1070 5478 1403 5543; x_wconf 76' lang='lat' dir='ltr'><strong>ducebantur</strong></span> <span class='ocrx_word' id='word_1_434' title='bbox 1420 5492 1526 5549; x_wconf 87' lang='lat' dir='ltr'><strong>per</strong></span> <span class='ocrx_word' id='word_1_435' title='bbox 1557 5491 1830 5546; x_wconf 85' lang='lat' dir='ltr'><strong>eremum;</strong></span> <span class='ocrx_word' id='word_1_436' title='bbox 1859 5489 1915 5551; x_wconf 79' lang='lat' dir='ltr'><strong>et</strong></span> <span class='ocrx_word' id='word_1_437' title='bbox 1937 5496 2058 5547; x_wconf 68' lang='lat' dir='ltr'><strong>cum</strong></span> 
     </span>
    </p>
   </div>
   <div class='ocr_carea' id='block_1_58' title="bbox 538 5611 2060 5688">
    <p class='ocr_par' dir='ltr' id='par_1_58' title="bbox 538 5611 2060 5688">
     <span class='ocr_line' id='line_1_58' title="bbox 538 5611 2060 5688; baseline -0.002 -19"><span class='ocrx_word' id='word_1_438' title='bbox 538 5625 553 5654; x_wconf 84' lang='grc'>¹</span> <span class='ocrx_word' id='word_1_439' title='bbox 582 5621 698 5688; x_wconf 72' lang='lat' dir='ltr'><strong>aditi</strong></span> <span class='ocrx_word' id='word_1_440' title='bbox 716 5654 732 5678; x_wconf 87' lang='lat'><strong>,</strong></span> <span class='ocrx_word' id='word_1_441' title='bbox 767 5619 924 5679; x_wconf 82' lang='lat' dir='ltr'><strong>primo</strong></span> <span class='ocrx_word' id='word_1_442' title='bbox 951 5611 1290 5688; x_wconf 75' lang='lat' dir='ltr'><strong>promittebat;</strong></span> <span class='ocrx_word' id='word_1_443' title='bbox 1321 5612 1497 5667; x_wconf 65' lang='lat' dir='ltr'><strong>omisi</strong></span> <span class='ocrx_word' id='word_1_444' title='bbox 1533 5626 1674 5675; x_wconf 84' lang='lat' dir='ltr'><strong>voce,</strong></span> <span class='ocrx_word' id='word_1_445' title='bbox 1713 5616 1914 5679; x_wconf 78' lang='lat' dir='ltr'><strong>papula,</strong></span> <span class='ocrx_word' id='word_1_446' title='bbox 1949 5629 2060 5679; x_wconf 64' lang='lat' dir='ltr'><strong>qua</strong></span> 
     </span>
    </p>
   </div>
   <div class='ocr_carea' id='block_1_59' title="bbox 477 5684 1077 5740">
    <p class='ocr_par' dir='ltr' id='par_1_59' title="bbox 477 5684 1077 5740">
     <span class='ocr_line' id='line_1_59' title="bbox 477 5684 1077 5740; baseline -0.013 -6"><span class='ocrx_word' id='word_1_447' title='bbox 477 5692 633 5734; x_wconf 79' lang='lat' dir='ltr'><strong>exstat</strong></span> <span class='ocrx_word' id='word_1_448' title='bbox 660 5684 706 5730; x_wconf 90' lang='lat' dir='ltr'><strong>iu</strong></span> <span class='ocrx_word' id='word_1_449' title='bbox 730 5684 1077 5740; x_wconf 80' lang='lat' dir='ltr'><strong>manuscriptis.</strong></span> 
     </span>
    </p>
   </div>
   <div class='ocr_carea' id='block_1_60' title="bbox 350 238 3727 314">
    <p class='ocr_par' dir='ltr' id='par_1_60' title="bbox 350 238 3727 314">
     <span class='ocr_line' id='line_1_60' title="bbox 350 238 3727 314; baseline 0 -20"><span class='ocrx_word' id='word_1_450' title='bbox 350 251 355 255; x_wconf 78' lang='lat'><strong>&#39;</strong></span> <span class='ocrx_word' id='word_1_451' title='bbox 431 257 499 314; x_wconf 64' lang='grc' dir='ltr'><em>ω</em></span> <span class='ocrx_word' id='word_1_452' title='bbox 1670 242 1725 297; x_wconf 88' lang='lat' dir='ltr'><strong>S.</strong></span> <span class='ocrx_word' id='word_1_453' title='bbox 1770 239 2134 298; x_wconf 74' lang='lat' dir='ltr'><strong>AUGUSTINI</strong></span> <span class='ocrx_word' id='word_1_454' title='bbox 2175 238 2477 297; x_wconf 78' lang='lat' dir='ltr'><strong>EPISCOPI</strong></span> <span class='ocrx_word' id='word_1_455' title='bbox 3657 243 3727 297; x_wconf 69' lang='grc' dir='ltr'><strong>ιο</strong></span> 
     </span>
    </p>
   </div>
   <div class='ocr_carea' id='block_1_61' title="bbox 2134 352 3727 418">
    <p class='ocr_par' dir='ltr' id='par_1_61' title="bbox 2134 352 3727 418">
     <span class='ocr_line' id='line_1_61' title="bbox 2134 352 3727 418; baseline 0.004 -12"><span class='ocrx_word' id='word_1_456' title='bbox 2134 352 2393 407; x_wconf 72' lang='lat' dir='ltr'><strong>interfecti</strong></span> <span class='ocrx_word' id='word_1_457' title='bbox 2440 359 2621 407; x_wconf 88' lang='lat' dir='ltr'><strong>essent</strong></span> <span class='ocrx_word' id='word_1_458' title='bbox 2664 352 2717 406; x_wconf 92' lang='lat' dir='ltr'><strong>in</strong></span> <span class='ocrx_word' id='word_1_459' title='bbox 2764 353 2896 407; x_wconf 88' lang='lat' dir='ltr'><strong>mari</strong></span> <span class='ocrx_word' id='word_1_460' title='bbox 2950 352 3129 410; x_wconf 87' lang='lat' dir='ltr'><strong>hostes</strong></span> <span class='ocrx_word' id='word_1_461' title='bbox 3154 369 3363 418; x_wconf 86' lang='lat' dir='ltr'><strong>eorum.</strong></span> <span class='ocrx_word' id='word_1_462' title='bbox 3396 364 3450 411; x_wconf 89' lang='lat' dir='ltr'><strong>et</strong></span> <span class='ocrx_word' id='word_1_463' title='bbox 3477 355 3727 412; x_wconf 84' lang='lat' dir='ltr'><strong>ﬁuctibus</strong></span> 
     </span>
    </p>
   </div>
   <div class='ocr_carea' id='block_1_62' title="bbox 2131 444 3724 510">
    <p class='ocr_par' dir='ltr' id='par_1_62' title="bbox 2131 444 3724 510">
     <span class='ocr_line' id='line_1_62' title="bbox 2131 444 3724 510; baseline 0.006 -16"><span class='ocrx_word' id='word_1_464' title='bbox 2131 444 2301 507; x_wconf 87' lang='lat' dir='ltr'><strong>obruti</strong></span> <span class='ocrx_word' id='word_1_465' title='bbox 2350 452 2533 498; x_wconf 88' lang='lat' dir='ltr'><strong>essent</strong></span> <span class='ocrx_word' id='word_1_466' title='bbox 2577 444 2774 498; x_wconf 89' lang='lat' dir='ltr'><strong>inimici</strong></span> <span class='ocrx_word' id='word_1_467' title='bbox 2811 458 3022 510; x_wconf 89' lang='lat' dir='ltr'><strong>eorum,</strong></span> <span class='ocrx_word' id='word_1_468' title='bbox 3051 444 3492 501; x_wconf 81' lang='lat' dir='ltr'><strong>desideraverunt</strong></span> <span class='ocrx_word' id='word_1_469' title='bbox 3518 447 3724 503; x_wconf 83' lang='lat' dir='ltr'><strong>idolum</strong></span> 
     </span>
    </p>
   </div>
   <div class='ocr_carea' id='block_1_63' title="bbox 2132 534 3724 609">
    <p class='ocr_par' dir='ltr' id='par_1_63' title="bbox 2132 534 3724 609">
     <span class='ocr_line' id='line_1_63' title="bbox 2132 534 3724 609; baseline 0.004 -21"><span class='ocrx_word' id='word_1_470' title='bbox 2132 534 2327 602; x_wconf 90' lang='lat' dir='ltr'><strong>facere,</strong></span> <span class='ocrx_word' id='word_1_471' title='bbox 2370 535 2493 605; x_wconf 91' lang='lat' dir='ltr'><strong>quia</strong></span> <span class='ocrx_word' id='word_1_472' title='bbox 2522 552 2626 589; x_wconf 89' lang='lat' dir='ltr'><strong>non</strong></span> <span class='ocrx_word' id='word_1_473' title='bbox 2669 535 2918 591; x_wconf 87' lang='lat' dir='ltr'><strong>viderunt</strong></span> <span class='ocrx_word' id='word_1_474' title='bbox 2958 534 3180 608; x_wconf 78' lang='lat' dir='ltr'><strong>Moysen</strong></span> <span class='ocrx_word' id='word_1_475' title='bbox 3213 536 3405 608; x_wconf 70' lang='lat' dir='ltr'><strong>(Ea-od.</strong></span> <span class='ocrx_word' id='word_1_476' title='bbox 3437 555 3611 605; x_wconf 66' lang='grc' dir='ltr'>χχχιι,</span> <span class='ocrx_word' id='word_1_477' title='bbox 3645 538 3724 609; x_wconf 75' lang='grc'><strong>1),</strong></span> 
     </span>
    </p>
   </div>
   <div class='ocr_carea' id='block_1_64' title="bbox 2130 628 3725 699">
    <p class='ocr_par' dir='ltr' id='par_1_64' title="bbox 2130 628 3725 699">
     <span class='ocr_line' id='line_1_64' title="bbox 2130 628 3725 699; baseline 0.003 -18"><span class='ocrx_word' id='word_1_478' title='bbox 2130 636 2316 693; x_wconf 86' lang='lat' dir='ltr'><strong>etnon</strong></span> <span class='ocrx_word' id='word_1_479' title='bbox 2349 628 2723 682; x_wconf 79' lang='lat' dir='ltr'><strong>intellexerunt</strong></span> <span class='ocrx_word' id='word_1_480' title='bbox 2750 642 2932 683; x_wconf 89' lang='lat' dir='ltr'><strong>secum</strong></span> <span class='ocrx_word' id='word_1_481' title='bbox 2958 638 3280 699; x_wconf 70' lang='lat' dir='ltr'><strong>prtcsentem</strong></span> <span class='ocrx_word' id='word_1_482' title='bbox 3317 629 3518 694; x_wconf 85' lang='lat' dir='ltr'><strong>Deum;</strong></span> <span class='ocrx_word' id='word_1_483' title='bbox 3551 630 3644 689; x_wconf 89' lang='lat' dir='ltr'><strong>sed</strong></span> <span class='ocrx_word' id='word_1_484' title='bbox 3674 632 3725 687; x_wconf 90' lang='lat' dir='ltr'><strong>in</strong></span> 
     </span>
    </p>
   </div>
   <div class='ocr_carea' id='block_1_65' title="bbox 2133 717 3727 797">
    <p class='ocr_par' dir='ltr' id='par_1_65' title="bbox 2133 717 3727 797">
     <span class='ocr_line' id='line_1_65' title="bbox 2133 717 3727 797; baseline 0.003 -26"><span class='ocrx_word' id='word_1_485' title='bbox 2133 719 2413 786; x_wconf 68' lang='lat' dir='ltr'><strong>prmsentia</strong></span> <span class='ocrx_word' id='word_1_486' title='bbox 2443 717 2676 772; x_wconf 81' lang='lat' dir='ltr'><strong>hominis</strong></span> <span class='ocrx_word' id='word_1_487' title='bbox 2703 719 2963 773; x_wconf 84' lang='lat' dir='ltr'><strong>habentes</strong></span> <span class='ocrx_word' id='word_1_488' title='bbox 2993 734 3166 797; x_wconf 85' lang='lat' dir='ltr'><strong>spem,</strong></span> <span class='ocrx_word' id='word_1_489' title='bbox 3196 735 3301 773; x_wconf 88' lang='lat' dir='ltr'><strong>non</strong></span> <span class='ocrx_word' id='word_1_490' title='bbox 3330 720 3578 775; x_wconf 89' lang='lat' dir='ltr'><strong>viderunt</strong></span> <span class='ocrx_word' id='word_1_491' title='bbox 3604 737 3727 777; x_wconf 87' lang='lat' dir='ltr'><strong>ocu-</strong></span> 
     </span>
    </p>
   </div>
   <div class='ocr_carea' id='block_1_66' title="bbox 2124 806 3730 878">
    <p class='ocr_par' dir='ltr' id='par_1_66' title="bbox 2124 806 3730 878">
     <span class='ocr_line' id='line_1_66' title="bbox 2124 806 3730 878; baseline 0.006 -20"><span class='ocrx_word' id='word_1_492' title='bbox 2124 806 2196 860; x_wconf 74' lang='lat' dir='ltr'><strong>‘lis</strong></span> <span class='ocrx_word' id='word_1_493' title='bbox 2230 807 2555 872; x_wconf 65' lang='lat' dir='ltr'><strong>hominem‘,</strong></span> <span class='ocrx_word' id='word_1_494' title='bbox 2581 818 2634 862; x_wconf 86' lang='lat' dir='ltr'><strong>et</strong></span> <span class='ocrx_word' id='word_1_495' title='bbox 2663 817 2849 877; x_wconf 86' lang='lat' dir='ltr'><strong>putare</strong></span> <span class='ocrx_word' id='word_1_496' title='bbox 2879 817 3161 877; x_wconf 72' lang='lat' dir='ltr'><strong>coeperunt</strong></span> <span class='ocrx_word' id='word_1_497' title='bbox 3192 809 3313 878; x_wconf 79' lang='lat' dir='ltr'><strong>quia</strong></span> <span class='ocrx_word' id='word_1_498' title='bbox 3338 826 3453 863; x_wconf 82' lang='lat' dir='ltr'><strong>non</strong></span> <span class='ocrx_word' id='word_1_499' title='bbox 3483 810 3552 863; x_wconf 88' lang='lat' dir='ltr'><strong>ibi</strong></span> <span class='ocrx_word' id='word_1_500' title='bbox 3584 822 3730 867; x_wconf 83' lang='lat' dir='ltr'><strong>esset</strong></span> 
     </span>
    </p>
   </div>
   <div class='ocr_carea' id='block_1_67' title="bbox 2134 896 3725 970">
    <p class='ocr_par' dir='ltr' id='par_1_67' title="bbox 2134 896 3725 970">
     <span class='ocr_line' id='line_1_67' title="bbox 2134 896 3725 970; baseline 0.003 -20"><span class='ocrx_word' id='word_1_501' title='bbox 2134 896 2439 961; x_wconf 86' lang='lat' dir='ltr'><strong>Deus,cum</strong></span> <span class='ocrx_word' id='word_1_502' title='bbox 2487 898 2604 968; x_wconf 86' lang='lat' dir='ltr'><strong>ipse</strong></span> <span class='ocrx_word' id='word_1_503' title='bbox 2639 900 2786 952; x_wconf 89' lang='lat' dir='ltr'><strong>solus</strong></span> <span class='ocrx_word' id='word_1_504' title='bbox 2830 915 2923 968; x_wconf 88' lang='lat' dir='ltr'><strong>per</strong></span> <span class='ocrx_word' id='word_1_505' title='bbox 2967 899 3182 969; x_wconf 77' lang='lat' dir='ltr'><strong>Moysen</strong></span> <span class='ocrx_word' id='word_1_506' title='bbox 3234 908 3379 953; x_wconf 84' lang='lat' dir='ltr'><strong>tanta</strong></span> <span class='ocrx_word' id='word_1_507' title='bbox 3433 903 3725 970; x_wconf 81' lang='lat' dir='ltr'><strong>patraret’.</strong></span> 
     </span>
    </p>
   </div>
   <div class='ocr_carea' id='block_1_68' title="bbox 2123 984 3727 1059">
    <p class='ocr_par' dir='ltr' id='par_1_68' title="bbox 2123 984 3727 1059">
     <span class='ocr_line' id='line_1_68' title="bbox 2123 984 3727 1059; baseline 0.003 -19"><span class='ocrx_word' id='word_1_508' title='bbox 2123 984 2467 1051; x_wconf 70' lang='lat' dir='ltr'><strong>Qumsierunt</strong></span> <span class='ocrx_word' id='word_1_509' title='bbox 2490 988 2761 1043; x_wconf 90' lang='lat' dir='ltr'><strong>hominem</strong></span> <span class='ocrx_word' id='word_1_510' title='bbox 2776 990 3157 1056; x_wconf 81' lang='lat' dir='ltr'><strong>oculiscarnis,</strong></span> <span class='ocrx_word' id='word_1_511' title='bbox 3183 990 3305 1059; x_wconf 88' lang='lat' dir='ltr'><strong>quia</strong></span> <span class='ocrx_word' id='word_1_512' title='bbox 3322 1005 3434 1043; x_wconf 86' lang='lat' dir='ltr'><strong>.non</strong></span> <span class='ocrx_word' id='word_1_513' title='bbox 3459 991 3727 1045; x_wconf 81' lang='lat' dir='ltr'><strong>habebant</strong></span> 
     </span>
    </p>
   </div>
   <div class='ocr_carea' id='block_1_69' title="bbox 2130 1079 3721 1151">
    <p class='ocr_par' dir='ltr' id='par_1_69' title="bbox 2130 1079 3721 1151">
     <span class='ocr_line' id='line_1_69' title="bbox 2130 1079 3721 1151; baseline 0.003 -21"><span class='ocrx_word' id='word_1_514' title='bbox 2130 1079 2315 1133; x_wconf 83' lang='lat' dir='ltr'><strong>oculos</strong></span> <span class='ocrx_word' id='word_1_515' title='bbox 2340 1081 2537 1141; x_wconf 83' lang='lat' dir='ltr'><strong>cordis.</strong></span> <span class='ocrx_word' id='word_1_516' title='bbox 2567 1080 2709 1135; x_wconf 90' lang='lat' dir='ltr'><strong>unde</strong></span> <span class='ocrx_word' id='word_1_517' title='bbox 2741 1079 2909 1135; x_wconf 88' lang='lat' dir='ltr'><strong>Deum</strong></span> <span class='ocrx_word' id='word_1_518' title='bbox 2934 1080 2995 1133; x_wconf 86' lang='lat' dir='ltr'><strong>in</strong></span> <span class='ocrx_word' id='word_1_519' title='bbox 3025 1080 3206 1151; x_wconf 76' lang='lat' dir='ltr'><strong>Moyse</strong></span> <span class='ocrx_word' id='word_1_520' title='bbox 3236 1081 3499 1135; x_wconf 84' lang='lat' dir='ltr'><strong>viderent.</strong></span> <span class='ocrx_word' id='word_1_521' title='bbox 3526 1080 3721 1135; x_wconf 72' lang='lat' dir='ltr'><strong>Perdi-</strong></span> 
     </span>
    </p>
   </div>
   <div class='ocr_carea' id='block_1_70' title="bbox 2129 1167 3724 1240">
    <p class='ocr_par' dir='ltr' id='par_1_70' title="bbox 2129 1167 3724 1240">
     <span class='ocr_line' id='line_1_70' title="bbox 2129 1167 3724 1240; baseline 0.003 -18"><span class='ocrx_word' id='word_1_522' title='bbox 2129 1167 2326 1223; x_wconf 91' lang='lat' dir='ltr'><strong>derunt</strong></span> <span class='ocrx_word' id='word_1_523' title='bbox 2354 1184 2483 1239; x_wconf 80' lang='lat' dir='ltr'><strong>ergo</strong></span> <span class='ocrx_word' id='word_1_524' title='bbox 2516 1170 2799 1239; x_wconf 90' lang='lat' dir='ltr'><strong>primatum</strong></span> <span class='ocrx_word' id='word_1_525' title='bbox 2841 1186 3020 1237; x_wconf 89' lang='lat' dir='ltr'><strong>suum,</strong></span> <span class='ocrx_word' id='word_1_526' title='bbox 3052 1172 3171 1240; x_wconf 84' lang='lat' dir='ltr'><strong>quin</strong></span> <span class='ocrx_word' id='word_1_527' title='bbox 3200 1172 3451 1226; x_wconf 83' lang='lat' dir='ltr'><strong>conversi</strong></span> <span class='ocrx_word' id='word_1_528' title='bbox 3481 1171 3644 1228; x_wconf 88' lang='lat' dir='ltr'><strong>corde</strong></span> <span class='ocrx_word' id='word_1_529' title='bbox 3670 1172 3724 1226; x_wconf 85' lang='lat' dir='ltr'><strong>in</strong></span> 
     </span>
    </p>
   </div>
   <div class='ocr_carea' id='block_1_71' title="bbox 2130 1257 3153 1330">
    <p class='ocr_par' dir='ltr' id='par_1_71' title="bbox 2130 1257 3153 1330">
     <span class='ocr_line' id='line_1_71' title="bbox 2130 1257 3153 1330; baseline 0 -16"><span class='ocrx_word' id='word_1_530' title='bbox 2130 1257 2421 1330; x_wconf 66' lang='lat' dir='ltr'><strong>Egyptum</strong></span> <span class='ocrx_word' id='word_1_531' title='bbox 2446 1260 2907 1315; x_wconf 83' lang='lat' dir='ltr'><strong>manducaverunt</strong></span> <span class='ocrx_word' id='word_1_532' title='bbox 2934 1263 3153 1317; x_wconf 74' lang='lat' dir='ltr'><strong>lentem.</strong></span> 
     </span>
    </p>
   </div>
   <div class='ocr_carea' id='block_1_72' title="bbox 2194 1349 3724 1421">
    <p class='ocr_par' dir='ltr' id='par_1_72' title="bbox 2194 1349 3724 1421">
     <span class='ocr_line' id='line_1_72' title="bbox 2194 1349 3724 1421; baseline 0.002 -17"><span class='ocrx_word' id='word_1_533' title='bbox 2194 1349 2430 1405; x_wconf 83' lang='lat' dir='ltr'><strong>CAPUT</strong></span> <span class='ocrx_word' id='word_1_534' title='bbox 2454 1351 2570 1406; x_wconf 78' lang='lat' dir='ltr'><strong>Xlll</strong></span> <span class='ocrx_word' id='word_1_535' title='bbox 2594 1381 2682 1403; x_wconf 86' lang='lat'><strong>.-—</strong></span> <span class='ocrx_word' id='word_1_536' title='bbox 2710 1353 2965 1419; x_wconf 81' lang='lat' dir='ltr'><strong>Accipite.</strong></span> <span class='ocrx_word' id='word_1_537' title='bbox 2996 1353 3588 1421; x_wconf 73' lang='lat' dir='ltr'><strong>Populus-Christimms</strong></span> <span class='ocrx_word' id='word_1_538' title='bbox 3607 1362 3724 1415; x_wconf 85' lang='lat' dir='ltr'><strong>est;</strong></span> 
     </span>
    </p>
   </div>
   <div class='ocr_carea' id='block_1_73' title="bbox 2122 1442 3725 1513">
    <p class='ocr_par' dir='ltr' id='par_1_73' title="bbox 2122 1442 3725 1513">
     <span class='ocr_line' id='line_1_73' title="bbox 2122 1442 3725 1513; baseline 0.001 -19"><span class='ocrx_word' id='word_1_539' title='bbox 2122 1442 2223 1495; x_wconf 73' lang='lat' dir='ltr'><strong>sed</strong></span> <span class='ocrx_word' id='word_1_540' title='bbox 2274 1442 2325 1495; x_wconf 91' lang='lat' dir='ltr'><strong>in</strong></span> <span class='ocrx_word' id='word_1_541' title='bbox 2367 1442 2481 1510; x_wconf 89' lang='lat' dir='ltr'><strong>ipso</strong></span> <span class='ocrx_word' id='word_1_542' title='bbox 2520 1442 2721 1513; x_wconf 85' lang='lat' dir='ltr'><strong>populo</strong></span> <span class='ocrx_word' id='word_1_543' title='bbox 2747 1442 3053 1497; x_wconf 79' lang='lat' dir='ltr'><strong>Christiano</strong></span> <span class='ocrx_word' id='word_1_544' title='bbox 3082 1444 3153 1496; x_wconf 92' lang='lat' dir='ltr'><strong>illi</strong></span> <span class='ocrx_word' id='word_1_545' title='bbox 3199 1445 3486 1513; x_wconf 84' lang='lat' dir='ltr'><strong>primath</strong></span> <span class='ocrx_word' id='word_1_546' title='bbox 3510 1453 3725 1508; x_wconf 67' lang='lat' dir='ltr'><strong>tenent,</strong></span> 
     </span>
    </p>
   </div>
   <div class='ocr_carea' id='block_1_74' title="bbox 2129 1533 3722 1603">
    <p class='ocr_par' dir='ltr' id='par_1_74' title="bbox 2129 1533 3722 1603">
     <span class='ocr_line' id='line_1_74' title="bbox 2129 1533 3722 1603; baseline 0.001 -18"><span class='ocrx_word' id='word_1_547' title='bbox 2129 1533 2219 1603; x_wconf 89' lang='lat' dir='ltr'><strong>qui</strong></span> <span class='ocrx_word' id='word_1_548' title='bbox 2267 1535 2533 1601; x_wconf 87' lang='lat' dir='ltr'><strong>pertinent</strong></span> <span class='ocrx_word' id='word_1_549' title='bbox 2574 1534 2639 1587; x_wconf 89' lang='lat' dir='ltr'><strong>ad</strong></span> <span class='ocrx_word' id='word_1_550' title='bbox 2690 1534 2855 1588; x_wconf 77' lang='lat' dir='ltr'><strong>Jacoh</strong></span> <span class='ocrx_word' id='word_1_551' title='bbox 2881 1552 2893 1586; x_wconf 90' lang='lat'><strong>:</strong></span> <span class='ocrx_word' id='word_1_552' title='bbox 2917 1535 3008 1603; x_wconf 83' lang='lat' dir='ltr'><strong>qui</strong></span> <span class='ocrx_word' id='word_1_553' title='bbox 3036 1547 3165 1588; x_wconf 84' lang='lat' dir='ltr'><strong>vero</strong></span> <span class='ocrx_word' id='word_1_554' title='bbox 3204 1535 3494 1588; x_wconf 78' lang='lat' dir='ltr'><strong>carnaliter</strong></span> <span class='ocrx_word' id='word_1_555' title='bbox 3514 1535 3722 1593; x_wconf 63' lang='lat' dir='ltr'><strong>vivunt.</strong></span> 
     </span>
    </p>
   </div>
   <div class='ocr_carea' id='block_1_75' title="bbox 2131 1623 3726 1694">
    <p class='ocr_par' dir='ltr' id='par_1_75' title="bbox 2131 1623 3726 1694">
     <span class='ocr_line' id='line_1_75' title="bbox 2131 1623 3726 1694; baseline 0.002 -18"><span class='ocrx_word' id='word_1_556' title='bbox 2131 1623 2420 1677; x_wconf 79' lang='lat' dir='ltr'><strong>carnaliter</strong></span> <span class='ocrx_word' id='word_1_557' title='bbox 2446 1623 2692 1690; x_wconf 86' lang='lat' dir='ltr'><strong>credunt,</strong></span> <span class='ocrx_word' id='word_1_558' title='bbox 2717 1625 3004 1679; x_wconf 85' lang='lat' dir='ltr'><strong>carnaliter</strong></span> <span class='ocrx_word' id='word_1_559' title='bbox 3030 1633 3270 1694; x_wconf 72' lang='lat' dir='ltr'><strong>cperant,</strong></span> <span class='ocrx_word' id='word_1_560' title='bbox 3304 1626 3590 1679; x_wconf 78' lang='lat' dir='ltr'><strong>carnaliter</strong></span> <span class='ocrx_word' id='word_1_561' title='bbox 3615 1626 3726 1679; x_wconf 56' lang='lat' dir='ltr'><strong>dilio</strong></span> 
     </span>
    </p>
   </div>
   <div class='ocr_carea' id='block_1_76' title="bbox 2130 1712 3726 1783">
    <p class='ocr_par' dir='ltr' id='par_1_76' title="bbox 2130 1712 3726 1783">
     <span class='ocr_line' id='line_1_76' title="bbox 2130 1712 3726 1783; baseline 0.002 -18"><span class='ocrx_word' id='word_1_562' title='bbox 2130 1724 2279 1782; x_wconf 81' lang='lat' dir='ltr'><strong>gum,</strong></span> <span class='ocrx_word' id='word_1_563' title='bbox 2311 1712 2485 1767; x_wconf 90' lang='lat' dir='ltr'><strong>adhuc</strong></span> <span class='ocrx_word' id='word_1_564' title='bbox 2523 1714 2590 1766; x_wconf 88' lang='lat' dir='ltr'><strong>ad</strong></span> <span class='ocrx_word' id='word_1_565' title='bbox 2622 1713 2784 1768; x_wconf 79' lang='lat' dir='ltr'><strong>Vetus</strong></span> <span class='ocrx_word' id='word_1_566' title='bbox 2831 1713 3238 1768; x_wconf 81' lang='lat' dir='ltr'><strong>Testamentmn</strong></span> <span class='ocrx_word' id='word_1_567' title='bbox 3271 1716 3560 1783; x_wconf 79' lang='lat' dir='ltr'><strong>pertinent,</strong></span> <span class='ocrx_word' id='word_1_568' title='bbox 3588 1731 3726 1768; x_wconf 86' lang='lat' dir='ltr'><strong>unu-</strong></span> 
     </span>
    </p>
   </div>
   <div class='ocr_carea' id='block_1_77' title="bbox 2128 1801 3725 1870">
    <p class='ocr_par' dir='ltr' id='par_1_77' title="bbox 2128 1801 3725 1870">
     <span class='ocr_line' id='line_1_77' title="bbox 2128 1801 3725 1870; baseline 0.001 -15"><span class='ocrx_word' id='word_1_569' title='bbox 2128 1801 2254 1855; x_wconf 92' lang='lat' dir='ltr'><strong>dum</strong></span> <span class='ocrx_word' id='word_1_570' title='bbox 2286 1802 2350 1855; x_wconf 88' lang='lat' dir='ltr'><strong>ad</strong></span> <span class='ocrx_word' id='word_1_571' title='bbox 2382 1802 2634 1868; x_wconf 81' lang='lat' dir='ltr'><strong>Novum;</strong></span> <span class='ocrx_word' id='word_1_572' title='bbox 2664 1802 2840 1857; x_wconf 81' lang='lat' dir='ltr'><strong>adhuc</strong></span> <span class='ocrx_word' id='word_1_573' title='bbox 2867 1803 2924 1857; x_wconf 79' lang='lat' dir='ltr'><strong>in</strong></span> <span class='ocrx_word' id='word_1_574' title='bbox 2960 1814 3106 1858; x_wconf 81' lang='lat' dir='ltr'><strong>sorte</strong></span> <span class='ocrx_word' id='word_1_575' title='bbox 3119 1812 3253 1858; x_wconf 80' lang='lat' dir='ltr'><strong>sunt</strong></span> <span class='ocrx_word' id='word_1_576' title='bbox 3292 1804 3461 1870; x_wconf 73' lang='lat' dir='ltr'><strong>Esau,</strong></span> <span class='ocrx_word' id='word_1_577' title='bbox 3483 1805 3725 1860; x_wconf 79' lang='lat' dir='ltr'><strong>nondum</strong></span> 
     </span>
    </p>
   </div>
   <div class='ocr_carea' id='block_1_78' title="bbox 2134 1894 2803 1949">
    <p class='ocr_par' dir='ltr' id='par_1_78' title="bbox 2134 1894 2803 1949">
     <span class='ocr_line' id='line_1_78' title="bbox 2134 1894 2803 1949; baseline 0.003 -2"><span class='ocrx_word' id='word_1_578' title='bbox 2134 1894 2186 1947; x_wconf 88' lang='lat' dir='ltr'><strong>in</strong></span> <span class='ocrx_word' id='word_1_579' title='bbox 2210 1894 2583 1949; x_wconf 81' lang='lat' dir='ltr'><strong>benedictione</strong></span> <span class='ocrx_word' id='word_1_580' title='bbox 2612 1894 2803 1949; x_wconf 73' lang='lat' dir='ltr'><strong>Iacob.</strong></span> 
     </span>
    </p>
   </div>
   <div class='ocr_carea' id='block_1_79' title="bbox 2203 1978 3724 2056">
    <p class='ocr_par' dir='ltr' id='par_1_79' title="bbox 2203 1978 3724 2056">
     <span class='ocr_line' id='line_1_79' title="bbox 2203 1978 3724 2056; baseline 0 -18"><span class='ocrx_word' id='word_1_581' title='bbox 2203 1985 2289 2038; x_wconf 70' lang='grc'><strong>15.</strong></span> <span class='ocrx_word' id='word_1_582' title='bbox 2349 1983 2638 2039; x_wconf 80' lang='lat' dir='ltr'><strong>Benedictio</strong></span> <span class='ocrx_word' id='word_1_583' title='bbox 2684 1986 2894 2039; x_wconf 81' lang='lat' dir='ltr'><strong>minoris</strong></span> <span class='ocrx_word' id='word_1_584' title='bbox 2954 1984 3047 2038; x_wconf 72' lang='lat' dir='ltr'><strong>sub</strong></span> <span class='ocrx_word' id='word_1_585' title='bbox 3103 1978 3272 2056; x_wconf 75' lang='lat' dir='ltr'><strong>specie</strong></span> <span class='ocrx_word' id='word_1_586' title='bbox 3347 1986 3580 2056; x_wconf 74' lang='lat' dir='ltr'><strong>majoris.</strong></span> <span class='ocrx_word' id='word_1_587' title='bbox 3638 1985 3724 2038; x_wconf 82' lang='lat' dir='ltr'><strong>ln-</strong></span> 
     </span>
    </p>
   </div>
   <div class='ocr_carea' id='block_1_80' title="bbox 2121 2075 3725 2147">
    <p class='ocr_par' dir='ltr' id='par_1_80' title="bbox 2121 2075 3725 2147">
     <span class='ocr_line' id='line_1_80' title="bbox 2121 2075 3725 2147; baseline 0.001 -19"><span class='ocrx_word' id='word_1_588' title='bbox 2121 2075 2316 2129; x_wconf 87' lang='lat' dir='ltr'><strong>-tendat</strong></span> <span class='ocrx_word' id='word_1_589' title='bbox 2370 2075 2635 2131; x_wconf 85' lang='lat' dir='ltr'><strong>Sanctitas</strong></span> <span class='ocrx_word' id='word_1_590' title='bbox 2685 2088 2881 2131; x_wconf 83' lang='lat' dir='ltr'><strong>vestra.</strong></span> <span class='ocrx_word' id='word_1_591' title='bbox 2936 2076 3269 2133; x_wconf 81' lang='lat' dir='ltr'><strong>Benedicere</strong></span> <span class='ocrx_word' id='word_1_592' title='bbox 3332 2092 3467 2147; x_wconf 79' lang='lat' dir='ltr'><strong>ergo</strong></span> <span class='ocrx_word' id='word_1_593' title='bbox 3516 2077 3725 2131; x_wconf 83' lang='lat' dir='ltr'><strong>volebat</strong></span> 
     </span>
    </p>
   </div>
   <div class='ocr_carea' id='block_1_81' title="bbox 2131 2166 3723 2240">
    <p class='ocr_par' dir='ltr' id='par_1_81' title="bbox 2131 2166 3723 2240">
     <span class='ocr_line' id='line_1_81' title="bbox 2131 2166 3723 2240; baseline 0 -20"><span class='ocrx_word' id='word_1_594' title='bbox 2131 2166 2389 2235; x_wconf 87' lang='lat' dir='ltr'><strong>majorem</strong></span> <span class='ocrx_word' id='word_1_595' title='bbox 2433 2167 2598 2221; x_wconf 84' lang='lat' dir='ltr'><strong>ﬁlium</strong></span> <span class='ocrx_word' id='word_1_596' title='bbox 2638 2168 2792 2224; x_wconf 78' lang='lat' dir='ltr'><strong>lsaac</strong></span> <span class='ocrx_word' id='word_1_597' title='bbox 2832 2183 2996 2224; x_wconf 81' lang='lat' dir='ltr'><strong>senex</strong></span> <span class='ocrx_word' id='word_1_598' title='bbox 3046 2170 3355 2240; x_wconf 81' lang='lat' dir='ltr'><strong>caliginosis</strong></span> <span class='ocrx_word' id='word_1_599' title='bbox 3380 2169 3573 2231; x_wconf 80' lang='lat' dir='ltr'><strong>oculis,</strong></span> <span class='ocrx_word' id='word_1_600' title='bbox 3599 2168 3723 2238; x_wconf 83' lang='lat' dir='ltr'><strong>quia</strong></span> 
     </span>
    </p>
   </div>
   <div class='ocr_carea' id='block_1_82' title="bbox 2134 2257 3721 2324">
    <p class='ocr_par' dir='ltr' id='par_1_82' title="bbox 2134 2257 3721 2324">
     <span class='ocr_line' id='line_1_82' title="bbox 2134 2257 3721 2324; baseline 0 -14"><span class='ocrx_word' id='word_1_601' title='bbox 2134 2257 2297 2312; x_wconf 76' lang='lat' dir='ltr'><strong>Vetus</strong></span> <span class='ocrx_word' id='word_1_602' title='bbox 2323 2257 2726 2313; x_wconf 85' lang='lat' dir='ltr'><strong>Testamentum</strong></span> <span class='ocrx_word' id='word_1_603' title='bbox 2770 2258 2836 2313; x_wconf 88' lang='lat' dir='ltr'><strong>ad</strong></span> <span class='ocrx_word' id='word_1_604' title='bbox 2865 2259 3079 2313; x_wconf 70' lang='lat' dir='ltr'><strong>Judmos</strong></span> <span class='ocrx_word' id='word_1_605' title='bbox 3105 2260 3368 2315; x_wconf 87' lang='lat' dir='ltr'><strong>directum</strong></span> <span class='ocrx_word' id='word_1_606' title='bbox 3392 2268 3531 2314; x_wconf 83' lang='lat' dir='ltr'><strong>erat.</strong></span> <span class='ocrx_word' id='word_1_607' title='bbox 3569 2258 3721 2324; x_wconf 79' lang='lat' dir='ltr'><strong>Quod</strong></span> 
     </span>
    </p>
   </div>
   <div class='ocr_carea' id='block_1_83' title="bbox 2136 2348 3726 2426">
    <p class='ocr_par' dir='ltr' id='par_1_83' title="bbox 2136 2348 3726 2426">
     <span class='ocr_line' id='line_1_83' title="bbox 2136 2348 3726 2426; baseline 0.003 -26"><span class='ocrx_word' id='word_1_608' title='bbox 2136 2348 2300 2403; x_wconf 74' lang='lat' dir='ltr'><strong>Vetus</strong></span> <span class='ocrx_word' id='word_1_609' title='bbox 2319 2348 2722 2404; x_wconf 86' lang='lat' dir='ltr'><strong>Testamentum</strong></span> <span class='ocrx_word' id='word_1_610' title='bbox 2738 2364 2852 2405; x_wconf 85' lang='lat' dir='ltr'><strong>non</strong></span> <span class='ocrx_word' id='word_1_611' title='bbox 2872 2352 2940 2404; x_wconf 91' lang='lat' dir='ltr'><strong>ab</strong></span> <span class='ocrx_word' id='word_1_612' title='bbox 2962 2351 3040 2404; x_wconf 88' lang='lat' dir='ltr'><strong>eis</strong></span> <span class='ocrx_word' id='word_1_613' title='bbox 3062 2350 3470 2426; x_wconf 74' lang='lat' dir='ltr'><strong>intelligebatur,</strong></span> <span class='ocrx_word' id='word_1_614' title='bbox 3497 2351 3618 2406; x_wconf 88' lang='lat' dir='ltr'><strong>ideo</strong></span> <span class='ocrx_word' id='word_1_615' title='bbox 3638 2366 3726 2404; x_wconf 82' lang='lat' dir='ltr'><strong>ca-</strong></span> 
     </span>
    </p>
   </div>
   <div class='ocr_carea' id='block_1_84' title="bbox 2133 2438 3723 2510">
    <p class='ocr_par' dir='ltr' id='par_1_84' title="bbox 2133 2438 3723 2510">
     <span class='ocr_line' id='line_1_84' title="bbox 2133 2438 3723 2510; baseline 0.001 -16"><span class='ocrx_word' id='word_1_616' title='bbox 2133 2438 2347 2509; x_wconf 81' lang='lat' dir='ltr'><strong>liginosi</strong></span> <span class='ocrx_word' id='word_1_617' title='bbox 2375 2441 2516 2495; x_wconf 91' lang='lat' dir='ltr'><strong>oculi</strong></span> <span class='ocrx_word' id='word_1_618' title='bbox 2559 2441 2828 2496; x_wconf 90' lang='lat' dir='ltr'><strong>dicuntur.</strong></span> <span class='ocrx_word' id='word_1_619' title='bbox 2861 2441 2931 2498; x_wconf 87' lang='lat' dir='ltr'><strong>Ut</strong></span> <span class='ocrx_word' id='word_1_620' title='bbox 2957 2441 3089 2507; x_wconf 81' lang='lat' dir='ltr'><strong>dixi,</strong></span> <span class='ocrx_word' id='word_1_621' title='bbox 3126 2442 3338 2505; x_wconf 80' lang='lat' dir='ltr'><strong>fratres,</strong></span> <span class='ocrx_word' id='word_1_622' title='bbox 3372 2443 3438 2497; x_wconf 91' lang='lat' dir='ltr'><strong>ad</strong></span> <span class='ocrx_word' id='word_1_623' title='bbox 3469 2445 3723 2510; x_wconf 75' lang='lat' dir='ltr'><strong>majorem</strong></span> 
     </span>
    </p>
   </div>
   <div class='ocr_carea' id='block_1_85' title="bbox 2137 2530 3725 2601">
    <p class='ocr_par' dir='ltr' id='par_1_85' title="bbox 2137 2530 3725 2601">
     <span class='ocr_line' id='line_1_85' title="bbox 2137 2530 3725 2601; baseline 0.003 -19"><span class='ocrx_word' id='word_1_624' title='bbox 2137 2530 2391 2598; x_wconf 82' lang='lat' dir='ltr'><strong>loquitur,</strong></span> <span class='ocrx_word' id='word_1_625' title='bbox 2426 2530 2494 2584; x_wconf 88' lang='lat' dir='ltr'><strong>ad</strong></span> <span class='ocrx_word' id='word_1_626' title='bbox 2542 2532 2804 2587; x_wconf 86' lang='lat' dir='ltr'><strong>minorem</strong></span> <span class='ocrx_word' id='word_1_627' title='bbox 2847 2533 3091 2601; x_wconf 87' lang='lat' dir='ltr'><strong>pervenit</strong></span> <span class='ocrx_word' id='word_1_628' title='bbox 3128 2531 3460 2587; x_wconf 80' lang='lat' dir='ltr'><strong>benedictio.</strong></span> <span class='ocrx_word' id='word_1_629' title='bbox 3515 2533 3725 2589; x_wconf 89' lang='lat' dir='ltr'><strong>Etenim</strong></span> 
     </span>
    </p>
   </div>
   <div class='ocr_carea' id='block_1_86' title="bbox 2135 2620 3725 2693">
    <p class='ocr_par' dir='ltr' id='par_1_86' title="bbox 2135 2620 3725 2693">
     <span class='ocr_line' id='line_1_86' title="bbox 2135 2620 3725 2693; baseline 0.001 -19"><span class='ocrx_word' id='word_1_630' title='bbox 2135 2627 2307 2675; x_wconf 88' lang='lat' dir='ltr'><strong>mater</strong></span> <span class='ocrx_word' id='word_1_631' title='bbox 2352 2620 2473 2687; x_wconf 88' lang='lat' dir='ltr'><strong>ista,</strong></span> <span class='ocrx_word' id='word_1_632' title='bbox 2511 2637 2631 2691; x_wconf 67' lang='lat' dir='ltr'><strong>qum</strong></span> <span class='ocrx_word' id='word_1_633' title='bbox 2676 2621 2730 2676; x_wconf 92' lang='lat' dir='ltr'><strong>in</strong></span> <span class='ocrx_word' id='word_1_634' title='bbox 2776 2622 2977 2676; x_wconf 86' lang='lat' dir='ltr'><strong>sanctis</strong></span> <span class='ocrx_word' id='word_1_635' title='bbox 3020 2623 3270 2677; x_wconf 85' lang='lat' dir='ltr'><strong>omnibus</strong></span> <span class='ocrx_word' id='word_1_636' title='bbox 3317 2623 3647 2693; x_wconf 83' lang='lat' dir='ltr'><strong>intelligitur,</strong></span> <span class='ocrx_word' id='word_1_637' title='bbox 3677 2622 3725 2677; x_wconf 88' lang='lat' dir='ltr'><strong>id</strong></span> 
     </span>
    </p>
   </div>
   <div class='ocr_carea' id='block_1_87' title="bbox 2135 2709 3727 2783">
    <p class='ocr_par' dir='ltr' id='par_1_87' title="bbox 2135 2709 3727 2783">
     <span class='ocr_line' id='line_1_87' title="bbox 2135 2709 3727 2783; baseline 0.003 -18"><span class='ocrx_word' id='word_1_638' title='bbox 2135 2720 2236 2775; x_wconf 91' lang='lat' dir='ltr'><strong>est,</strong></span> <span class='ocrx_word' id='word_1_639' title='bbox 2262 2709 2524 2775; x_wconf 89' lang='lat' dir='ltr'><strong>Ecclesia,</strong></span> <span class='ocrx_word' id='word_1_640' title='bbox 2550 2726 2671 2781; x_wconf 72' lang='lat' dir='ltr'><strong>qua:</strong></span> <span class='ocrx_word' id='word_1_641' title='bbox 2687 2710 2946 2766; x_wconf 72' lang='lat' dir='ltr'><strong>intellexit</strong></span> <span class='ocrx_word' id='word_1_642' title='bbox 2972 2711 3328 2782; x_wconf 85' lang='lat' dir='ltr'><strong>prophetiam,</strong></span> <span class='ocrx_word' id='word_1_643' title='bbox 3342 2712 3464 2783; x_wconf 75' lang='lat' dir='ltr'><strong>ipsa</strong></span> <span class='ocrx_word' id='word_1_644' title='bbox 3478 2712 3579 2767; x_wconf 61' lang='lat' dir='ltr'><strong>dat</strong></span> <span class='ocrx_word' id='word_1_645' title='bbox 3593 2728 3696 2769; x_wconf 90' lang='lat' dir='ltr'><strong>con</strong></span> <span class='ocrx_word' id='word_1_646' title='bbox 3709 2745 3727 2756; x_wconf 88' lang='lat'><strong>-</strong></span> 
     </span>
    </p>
   </div>
   <div class='ocr_carea' id='block_1_88' title="bbox 2133 2796 3728 2874">
    <p class='ocr_par' dir='ltr' id='par_1_88' title="bbox 2133 2796 3728 2874">
     <span class='ocr_line' id='line_1_88' title="bbox 2133 2796 3728 2874; baseline 0.002 -20"><span class='ocrx_word' id='word_1_647' title='bbox 2133 2800 2317 2855; x_wconf 73' lang='lat' dir='ltr'><strong>“silium</strong></span> <span class='ocrx_word' id='word_1_648' title='bbox 2336 2802 2445 2855; x_wconf 87' lang='lat' dir='ltr'><strong>filio</strong></span> <span class='ocrx_word' id='word_1_649' title='bbox 2463 2801 2675 2867; x_wconf 90' lang='lat' dir='ltr'><strong>minori,</strong></span> <span class='ocrx_word' id='word_1_650' title='bbox 2696 2802 2894 2857; x_wconf 87' lang='lat' dir='ltr'><strong>etdicit</strong></span> <span class='ocrx_word' id='word_1_651' title='bbox 2923 2803 2999 2858; x_wconf 90' lang='lat' dir='ltr'><strong>illi</strong></span> <span class='ocrx_word' id='word_1_652' title='bbox 3022 2821 3036 2856; x_wconf 90' lang='lat'><strong>:</strong></span> <span class='ocrx_word' id='word_1_653' title='bbox 3059 2802 3167 2874; x_wconf 86' lang='lat' dir='ltr'><strong>Ego</strong></span> <span class='ocrx_word' id='word_1_654' title='bbox 3190 2804 3305 2872; x_wconf 83' lang='lat' dir='ltr'><strong>ipsa</strong></span> <span class='ocrx_word' id='word_1_655' title='bbox 3330 2796 3506 2856; x_wconf 74' lang='lat' dir='ltr'><strong>audivi</strong></span> <span class='ocrx_word' id='word_1_656' title='bbox 3536 2812 3728 2872; x_wconf 72' lang='lat' dir='ltr'><strong>patrem</strong></span> 
     </span>
    </p>
   </div>
   <div class='ocr_carea' id='block_1_89' title="bbox 2139 2893 3731 2963">
    <p class='ocr_par' dir='ltr' id='par_1_89' title="bbox 2139 2893 3731 2963">
     <span class='ocr_line' id='line_1_89' title="bbox 2139 2893 3731 2963; baseline 0.003 -18"><span class='ocrx_word' id='word_1_657' title='bbox 2139 2901 2283 2946; x_wconf 82' lang='lat' dir='ltr'><strong>tuum</strong></span> <span class='ocrx_word' id='word_1_658' title='bbox 2309 2894 2556 2947; x_wconf 76' lang='lat' dir='ltr'><strong>dicentem</strong></span> <span class='ocrx_word' id='word_1_659' title='bbox 2594 2894 2744 2963; x_wconf 78' lang='lat' dir='ltr'><strong>fratri</strong></span> <span class='ocrx_word' id='word_1_660' title='bbox 2775 2903 2860 2951; x_wconf 81' lang='lat' dir='ltr'><strong>tuo</strong></span> <span class='ocrx_word' id='word_1_661' title='bbox 2884 2910 2902 2947; x_wconf 93' lang='lat'><strong>:</strong></span> <span class='ocrx_word' id='word_1_662' title='bbox 2937 2893 3093 2958; x_wconf 77' lang='lat' dir='ltr'><strong>Vade,</strong></span> <span class='ocrx_word' id='word_1_663' title='bbox 3128 2902 3175 2948; x_wconf 83' lang='lat' dir='ltr'><strong>et</strong></span> <span class='ocrx_word' id='word_1_664' title='bbox 3196 2893 3327 2960; x_wconf 69' lang='lat' dir='ltr'><strong>aﬂ&#39;er</strong></span> <span class='ocrx_word' id='word_1_665' title='bbox 3348 2894 3475 2947; x_wconf 66' lang='lat' dir='ltr'><strong>mild</strong></span> <span class='ocrx_word' id='word_1_666' title='bbox 3504 2893 3731 2949; x_wconf 73' lang='lat' dir='ltr'><strong>venatio-</strong></span> 
     </span>
    </p>
   </div>
   <div class='ocr_carea' id='block_1_90' title="bbox 2136 2985 3728 3052">
    <p class='ocr_par' dir='ltr' id='par_1_90' title="bbox 2136 2985 3728 3052">
     <span class='ocr_line' id='line_1_90' title="bbox 2136 2985 3728 3052; baseline -0.003 -12"><span class='ocrx_word' id='word_1_667' title='bbox 2136 3002 2272 3047; x_wconf 77' lang='lat' dir='ltr'><strong>nem.</strong></span> <span class='ocrx_word' id='word_1_668' title='bbox 2298 2996 2354 3039; x_wconf 82' lang='lat' dir='ltr'><strong>ut</strong></span> <span class='ocrx_word' id='word_1_669' title='bbox 2382 2986 2702 3052; x_wconf 76' lang='lat' dir='ltr'><strong>utenducem,</strong></span> <span class='ocrx_word' id='word_1_670' title='bbox 2742 2995 2790 3040; x_wconf 84' lang='lat' dir='ltr'><strong>et</strong></span> <span class='ocrx_word' id='word_1_671' title='bbox 2829 2985 3085 3040; x_wconf 82' lang='lat' dir='ltr'><strong>benedicat</strong></span> <span class='ocrx_word' id='word_1_672' title='bbox 3118 2994 3168 3039; x_wconf 84' lang='lat' dir='ltr'><strong>te</strong></span> <span class='ocrx_word' id='word_1_673' title='bbox 3200 2985 3373 3039; x_wconf 73' lang='lat' dir='ltr'><strong>animi:</strong></span> <span class='ocrx_word' id='word_1_674' title='bbox 3411 3000 3548 3049; x_wconf 81' lang='lat' dir='ltr'><strong>mea,</strong></span> <span class='ocrx_word' id='word_1_675' title='bbox 3582 2993 3728 3036; x_wconf 77' lang='lat' dir='ltr'><strong>mue-</strong></span> 
     </span>
    </p>
   </div>
   <div class='ocr_carea' id='block_1_91' title="bbox 2137 3070 3728 3146">
    <p class='ocr_par' dir='ltr' id='par_1_91' title="bbox 2137 3070 3728 3146">
     <span class='ocr_line' id='line_1_91' title="bbox 2137 3070 3728 3146; baseline -0.003 -16"><span class='ocrx_word' id='word_1_676' title='bbox 2137 3092 2289 3145; x_wconf 81' lang='lat' dir='ltr'><strong>quam</strong></span> <span class='ocrx_word' id='word_1_677' title='bbox 2321 3076 2532 3130; x_wconf 82' lang='lat' dir='ltr'><strong>moriar.</strong></span> <span class='ocrx_word' id='word_1_678' title='bbox 2577 3074 2737 3130; x_wconf 76' lang='lat' dir='ltr'><strong>Nunc</strong></span> <span class='ocrx_word' id='word_1_679' title='bbox 2783 3091 2924 3146; x_wconf 77' lang='lat' dir='ltr'><strong>ergo,</strong></span> <span class='ocrx_word' id='word_1_680' title='bbox 2951 3075 3046 3144; x_wconf 75' lang='lat' dir='ltr'><strong>ﬁli,</strong></span> <span class='ocrx_word' id='word_1_681' title='bbox 3092 3073 3215 3128; x_wconf 78' lang='lat' dir='ltr'><strong>audi</strong></span> <span class='ocrx_word' id='word_1_682' title='bbox 3246 3090 3352 3128; x_wconf 17' lang='lat' dir='ltr'><strong>eme.</strong></span> <span class='ocrx_word' id='word_1_683' title='bbox 3385 3074 3452 3128; x_wconf 84' lang='lat' dir='ltr'><strong>Et</strong></span> <span class='ocrx_word' id='word_1_684' title='bbox 3478 3072 3629 3129; x_wconf 87' lang='lat' dir='ltr'><strong>dedit</strong></span> <span class='ocrx_word' id='word_1_685' title='bbox 3654 3070 3728 3127; x_wconf 88' lang='lat' dir='ltr'><strong>illi</strong></span> 
     </span>
    </p>
   </div>
   <div class='ocr_carea' id='block_1_92' title="bbox 2141 3163 3731 3235">
    <p class='ocr_par' dir='ltr' id='par_1_92' title="bbox 2141 3163 3731 3235">
     <span class='ocr_line' id='line_1_92' title="bbox 2141 3163 3731 3235; baseline -0.003 -15"><span class='ocrx_word' id='word_1_686' title='bbox 2141 3166 2425 3221; x_wconf 86' lang='lat' dir='ltr'><strong>consilium</strong></span> <span class='ocrx_word' id='word_1_687' title='bbox 2449 3176 2505 3221; x_wconf 90' lang='lat' dir='ltr'><strong>ut</strong></span> <span class='ocrx_word' id='word_1_688' title='bbox 2528 3167 2651 3230; x_wconf 80' lang='lat' dir='ltr'><strong>iret.</strong></span> <span class='ocrx_word' id='word_1_689' title='bbox 2678 3165 3000 3235; x_wconf 78' lang='lat' dir='ltr'><strong>alferretque</strong></span> <span class='ocrx_word' id='word_1_690' title='bbox 3027 3166 3162 3220; x_wconf 82' lang='lat' dir='ltr'><strong>duos</strong></span> <span class='ocrx_word' id='word_1_691' title='bbox 3190 3164 3372 3218; x_wconf 75' lang='lat' dir='ltr'><strong>hmdos</strong></span> <span class='ocrx_word' id='word_1_692' title='bbox 3395 3163 3463 3219; x_wconf 83' lang='lat' dir='ltr'><strong>de</strong></span> <span class='ocrx_word' id='word_1_693' title='bbox 3482 3163 3731 3233; x_wconf 78' lang='lat' dir='ltr'><strong>proximo</strong></span> 
     </span>
    </p>
   </div>
   <div class='ocr_carea' id='block_1_93' title="bbox 2140 3253 3733 3327">
    <p class='ocr_par' dir='ltr' id='par_1_93' title="bbox 2140 3253 3733 3327">
     <span class='ocr_line' id='line_1_93' title="bbox 2140 3253 3733 3327; baseline -0.004 -14"><span class='ocrx_word' id='word_1_694' title='bbox 2140 3272 2334 3327; x_wconf 76' lang='lat' dir='ltr'><strong>grege;</strong></span> <span class='ocrx_word' id='word_1_695' title='bbox 2362 3265 2420 3311; x_wconf 87' lang='lat' dir='ltr'><strong>et</strong></span> <span class='ocrx_word' id='word_1_696' title='bbox 2441 3255 2641 3311; x_wconf 81' lang='lat' dir='ltr'><strong>faceret</strong></span> <span class='ocrx_word' id='word_1_697' title='bbox 2666 3256 2789 3310; x_wconf 88' lang='lat' dir='ltr'><strong>illos</strong></span> <span class='ocrx_word' id='word_1_698' title='bbox 2809 3265 3000 3320; x_wconf 87' lang='lat' dir='ltr'><strong>mater,</strong></span> <span class='ocrx_word' id='word_1_699' title='bbox 3029 3254 3476 3324; x_wconf 80' lang='lat' dir='ltr'><strong>quemadmodum</strong></span> <span class='ocrx_word' id='word_1_700' title='bbox 3495 3253 3733 3307; x_wconf 86' lang='lat' dir='ltr'><strong>delecta-</strong></span> 
     </span>
    </p>
   </div>
   <div class='ocr_carea' id='block_1_94' title="bbox 2144 3343 3733 3419">
    <p class='ocr_par' dir='ltr' id='par_1_94' title="bbox 2144 3343 3733 3419">
     <span class='ocr_line' id='line_1_94' title="bbox 2144 3343 3733 3419; baseline -0.004 -14"><span class='ocrx_word' id='word_1_701' title='bbox 2144 3350 2299 3405; x_wconf 87' lang='lat' dir='ltr'><strong>batur</strong></span> <span class='ocrx_word' id='word_1_702' title='bbox 2348 3359 2498 3419; x_wconf 90' lang='lat' dir='ltr'><strong>pater</strong></span> <span class='ocrx_word' id='word_1_703' title='bbox 2550 3349 2700 3418; x_wconf 88' lang='lat' dir='ltr'><strong>ejus,</strong></span> <span class='ocrx_word' id='word_1_704' title='bbox 2754 3359 2812 3403; x_wconf 88' lang='lat' dir='ltr'><strong>et</strong></span> <span class='ocrx_word' id='word_1_705' title='bbox 2850 3348 3223 3411; x_wconf 66' lang='lat' dir='ltr'><strong>manducant.</strong></span> <span class='ocrx_word' id='word_1_706' title='bbox 3277 3355 3334 3401; x_wconf 88' lang='lat' dir='ltr'><strong>et</strong></span> <span class='ocrx_word' id='word_1_707' title='bbox 3380 3343 3733 3400; x_wconf 43' lang='lat' dir='ltr'><strong>.benedieerct</strong></span> 
     </span>
    </p>
   </div>
   <div class='ocr_carea' id='block_1_95' title="bbox 2144 3435 3731 3507">
    <p class='ocr_par' dir='ltr' id='par_1_95' title="bbox 2144 3435 3731 3507">
     <span class='ocr_line' id='line_1_95' title="bbox 2144 3435 3731 3507; baseline -0.003 -14"><span class='ocrx_word' id='word_1_708' title='bbox 2144 3439 2310 3493; x_wconf 90' lang='lat' dir='ltr'><strong>ﬁlium</strong></span> <span class='ocrx_word' id='word_1_709' title='bbox 2342 3454 2497 3493; x_wconf 88' lang='lat' dir='ltr'><strong>suum</strong></span> <span class='ocrx_word' id='word_1_710' title='bbox 2525 3439 3036 3502; x_wconf 60' lang='lat' dir='ltr'><strong>minoren‘nbsente</strong></span> <span class='ocrx_word' id='word_1_711' title='bbox 3064 3437 3286 3507; x_wconf 84' lang='lat' dir='ltr'><strong>majore.</strong></span> <span class='ocrx_word' id='word_1_712' title='bbox 3311 3436 3412 3495; x_wconf 66' lang='lat' dir='ltr'><strong>ille</strong></span> <span class='ocrx_word' id='word_1_713' title='bbox 3453 3444 3630 3489; x_wconf 83' lang='lat' dir='ltr'><strong>autem</strong></span> <span class='ocrx_word' id='word_1_714' title='bbox 3652 3435 3731 3488; x_wconf 67' lang='grc' dir='ltr'><strong>-εἰ-</strong></span> 
     </span>
    </p>
   </div>
   <div class='ocr_carea' id='block_1_96' title="bbox 2143 3526 3734 3599">
    <p class='ocr_par' dir='ltr' id='par_1_96' title="bbox 2143 3526 3734 3599">
     <span class='ocr_line' id='line_1_96' title="bbox 2143 3526 3734 3599; baseline -0.002 -15"><span class='ocrx_word' id='word_1_715' title='bbox 2143 3529 2297 3593; x_wconf 88' lang='lat' dir='ltr'><strong>muit,</strong></span> <span class='ocrx_word' id='word_1_716' title='bbox 2321 3538 2376 3595; x_wconf 83' lang='lat' dir='ltr'><strong>et</strong></span> <span class='ocrx_word' id='word_1_717' title='bbox 2403 3529 2511 3582; x_wconf 88' lang='lat' dir='ltr'><strong>ait:</strong></span> <span class='ocrx_word' id='word_1_718' title='bbox 2534 3527 2715 3587; x_wconf 77' lang='lat' dir='ltr'><strong>Frater</strong></span> <span class='ocrx_word' id='word_1_719' title='bbox 2760 3545 2900 3581; x_wconf 77' lang='lat' dir='ltr'><strong>meus</strong></span> <span class='ocrx_word' id='word_1_720' title='bbox 2940 3529 3132 3599; x_wconf 74' lang='lat' dir='ltr'><strong>pilosus</strong></span> <span class='ocrx_word' id='word_1_721' title='bbox 3170 3536 3262 3591; x_wconf 73' lang='lat' dir='ltr'><strong>est,</strong></span> <span class='ocrx_word' id='word_1_722' title='bbox 3287 3542 3377 3598; x_wconf 74' lang='lat' dir='ltr'><strong>ego</strong></span> <span class='ocrx_word' id='word_1_723' title='bbox 3411 3536 3579 3580; x_wconf 71' lang='lat' dir='ltr'><strong>autem</strong></span> <span class='ocrx_word' id='word_1_724' title='bbox 3608 3526 3734 3581; x_wconf 72' lang='lat' dir='ltr'><strong>leuis</strong></span> 
     </span>
    </p>
   </div>
   <div class='ocr_carea' id='block_1_97' title="bbox 2144 3618 3735 3693">
    <p class='ocr_par' dir='ltr' id='par_1_97' title="bbox 2144 3618 3735 3693">
     <span class='ocr_line' id='line_1_97' title="bbox 2144 3618 3735 3693; baseline -0.003 -16"><span class='ocrx_word' id='word_1_725' title='bbox 2144 3639 2256 3678; x_wconf 76' lang='lat' dir='ltr'><strong>sum</strong></span> <span class='ocrx_word' id='word_1_726' title='bbox 2272 3638 2291 3687; x_wconf 90' lang='lat'><strong><em>;</em></strong></span> <span class='ocrx_word' id='word_1_727' title='bbox 2321 3640 2385 3677; x_wconf 83' lang='lat' dir='ltr'><strong>ne</strong></span> <span class='ocrx_word' id='word_1_728' title='bbox 2408 3623 2667 3693; x_wconf 79' lang='lat' dir='ltr'><strong>contingat</strong></span> <span class='ocrx_word' id='word_1_729' title='bbox 2693 3636 2772 3675; x_wconf 86' lang='lat' dir='ltr'><strong>me</strong></span> <span class='ocrx_word' id='word_1_730' title='bbox 2798 3631 2848 3675; x_wconf 81' lang='lat' dir='ltr'><strong>et</strong></span> <span class='ocrx_word' id='word_1_731' title='bbox 2887 3621 3173 3691; x_wconf 76' lang='lat' dir='ltr'><strong>compalpet</strong></span> <span class='ocrx_word' id='word_1_732' title='bbox 3199 3629 3342 3690; x_wconf 72' lang='lat' dir='ltr'><strong>pater</strong></span> <span class='ocrx_word' id='word_1_733' title='bbox 3378 3635 3537 3685; x_wconf 74' lang='lat' dir='ltr'><strong>incus,</strong></span> <span class='ocrx_word' id='word_1_734' title='bbox 3565 3628 3612 3672; x_wconf 84' lang='lat' dir='ltr'><strong>et</strong></span> <span class='ocrx_word' id='word_1_735' title='bbox 3651 3618 3735 3673; x_wconf 68' lang='lat' dir='ltr'><strong>int-</strong></span> 
     </span>
    </p>
   </div>
   <div class='ocr_carea' id='block_1_98' title="bbox 2148 3709 3733 3785">
    <p class='ocr_par' dir='ltr' id='par_1_98' title="bbox 2148 3709 3733 3785">
     <span class='ocr_line' id='line_1_98' title="bbox 2148 3709 3733 3785; baseline -0.003 -18"><span class='ocrx_word' id='word_1_736' title='bbox 2148 3714 2339 3785; x_wconf 84' lang='lat' dir='ltr'><strong>telligat</strong></span> <span class='ocrx_word' id='word_1_737' title='bbox 2356 3714 2479 3785; x_wconf 79' lang='lat' dir='ltr'><strong>quia</strong></span> <span class='ocrx_word' id='word_1_738' title='bbox 2496 3728 2590 3783; x_wconf 80' lang='lat' dir='ltr'><strong>ego</strong></span> <span class='ocrx_word' id='word_1_739' title='bbox 2612 3728 2726 3766; x_wconf 81' lang='lat' dir='ltr'><strong>sum</strong></span> <span class='ocrx_word' id='word_1_740' title='bbox 2740 3711 2923 3775; x_wconf 83' lang='lat' dir='ltr'><strong>Jacob,</strong></span> <span class='ocrx_word' id='word_1_741' title='bbox 2946 3720 2995 3764; x_wconf 81' lang='lat' dir='ltr'><strong>et</strong></span> <span class='ocrx_word' id='word_1_742' title='bbox 3018 3711 3279 3780; x_wconf 76' lang='lat' dir='ltr'><strong>acquirunt</strong></span> <span class='ocrx_word' id='word_1_743' title='bbox 3294 3725 3405 3764; x_wconf 60' lang='lat' dir='ltr'><strong>non</strong></span> <span class='ocrx_word' id='word_1_744' title='bbox 3428 3709 3733 3764; x_wconf 69' lang='lat' dir='ltr'><strong>benedictio-</strong></span> 
     </span>
    </p>
   </div>
   <div class='ocr_carea' id='block_1_99' title="bbox 2148 3798 3737 3870">
    <p class='ocr_par' dir='ltr' id='par_1_99' title="bbox 2148 3798 3737 3870">
     <span class='ocr_line' id='line_1_99' title="bbox 2148 3798 3737 3870; baseline -0.004 -12"><span class='ocrx_word' id='word_1_745' title='bbox 2148 3820 2282 3869; x_wconf 81' lang='lat' dir='ltr'><strong>nem,</strong></span> <span class='ocrx_word' id='word_1_746' title='bbox 2298 3804 2388 3858; x_wconf 78' lang='lat' dir='ltr'><strong>sed</strong></span> <span class='ocrx_word' id='word_1_747' title='bbox 2405 3802 2826 3857; x_wconf 78' lang='lat' dir='ltr'><strong>maledictionem.</strong></span> <span class='ocrx_word' id='word_1_748' title='bbox 2853 3802 2923 3864; x_wconf 82' lang='lat' dir='ltr'><strong>At</strong></span> <span class='ocrx_word' id='word_1_749' title='bbox 2948 3800 3038 3859; x_wconf 87' lang='lat' dir='ltr'><strong>illa</strong></span> <span class='ocrx_word' id='word_1_750' title='bbox 3064 3817 3077 3854; x_wconf 90' lang='lat'><strong>:</strong></span> <span class='ocrx_word' id='word_1_751' title='bbox 3100 3800 3269 3866; x_wconf 57' lang='lat' dir='ltr'><strong>Vade,</strong></span> <span class='ocrx_word' id='word_1_752' title='bbox 3287 3799 3476 3870; x_wconf 76' lang='lat' dir='ltr'><strong>inquit,</strong></span> <span class='ocrx_word' id='word_1_753' title='bbox 3500 3799 3597 3868; x_wconf 71' lang='lat' dir='ltr'><strong>ﬁli,</strong></span> <span class='ocrx_word' id='word_1_754' title='bbox 3615 3798 3737 3851; x_wconf 75' lang='lat' dir='ltr'><strong>audi</strong></span> 
     </span>
    </p>
   </div>
   <div class='ocr_carea' id='block_1_100' title="bbox 2148 3890 3735 3964">
    <p class='ocr_par' dir='ltr' id='par_1_100' title="bbox 2148 3890 3735 3964">
     <span class='ocr_line' id='line_1_100' title="bbox 2148 3890 3735 3964; baseline -0.003 -15"><span class='ocrx_word' id='word_1_755' title='bbox 2148 3911 2268 3949; x_wconf 84' lang='lat' dir='ltr'><strong>me:</strong></span> <span class='ocrx_word' id='word_1_756' title='bbox 2289 3894 2575 3948; x_wconf 80' lang='lat' dir='ltr'><strong>maledictio</strong></span> <span class='ocrx_word' id='word_1_757' title='bbox 2615 3903 2705 3947; x_wconf 84' lang='lat' dir='ltr'><strong>tua</strong></span> <span class='ocrx_word' id='word_1_758' title='bbox 2740 3910 2898 3964; x_wconf 72' lang='lat' dir='ltr'><strong>super</strong></span> <span class='ocrx_word' id='word_1_759' title='bbox 2931 3909 3015 3951; x_wconf 72' lang='lat' dir='ltr'><strong>me</strong></span> <span class='ocrx_word' id='word_1_760' title='bbox 3054 3893 3121 3948; x_wconf 74' lang='lat' dir='ltr'><strong>sit</strong></span> <span class='ocrx_word' id='word_1_761' title='bbox 3149 3891 3304 3964; x_wconf 72' lang='lat' dir='ltr'><strong>(Gen.</strong></span> <span class='ocrx_word' id='word_1_762' title='bbox 3347 3907 3512 3958; x_wconf 79' lang='lat' dir='ltr'><strong>xxvu,</strong></span> <span class='ocrx_word' id='word_1_763' title='bbox 3544 3890 3735 3956; x_wconf 67' lang='lat'><strong>6-13).</strong></span> 
     </span>
    </p>
   </div>
   <div class='ocr_carea' id='block_1_101' title="bbox 2151 3983 3737 4067">
    <p class='ocr_par' dir='ltr' id='par_1_101' title="bbox 2151 3983 3737 4067">
     <span class='ocr_line' id='line_1_101' title="bbox 2151 3983 3737 4067; baseline -0.003 -27"><span class='ocrx_word' id='word_1_764' title='bbox 2151 3987 2412 4067; x_wconf 73' lang='lat' dir='ltr'><strong>Perrexit,</strong></span> <span class='ocrx_word' id='word_1_765' title='bbox 2437 3994 2495 4040; x_wconf 89' lang='lat' dir='ltr'><strong>et</strong></span> <span class='ocrx_word' id='word_1_766' title='bbox 2529 3985 2707 4040; x_wconf 86' lang='lat' dir='ltr'><strong>attulit</strong></span> <span class='ocrx_word' id='word_1_767' title='bbox 2747 3984 2884 4040; x_wconf 88' lang='lat' dir='ltr'><strong>duos</strong></span> <span class='ocrx_word' id='word_1_768' title='bbox 2920 3983 3293 4043; x_wconf 44' lang='lat' dir='ltr'><strong>lnedos&#39;afacti</strong></span> <span class='ocrx_word' id='word_1_769' title='bbox 3320 3991 3547 4049; x_wconf 72' lang='lat' dir='ltr'><strong>smrt,et</strong></span> <span class='ocrx_word' id='word_1_770' title='bbox 3568 3996 3737 4052; x_wconf 86' lang='lat' dir='ltr'><strong>appo-</strong></span> 
     </span>
    </p>
   </div>
   <div class='ocr_carea' id='block_1_102' title="bbox 2153 4074 3735 4146">
    <p class='ocr_par' dir='ltr' id='par_1_102' title="bbox 2153 4074 3735 4146">
     <span class='ocr_line' id='line_1_102' title="bbox 2153 4074 3735 4146; baseline -0.003 -14"><span class='ocrx_word' id='word_1_771' title='bbox 2153 4076 2259 4133; x_wconf 91' lang='lat' dir='ltr'><strong>suit</strong></span> <span class='ocrx_word' id='word_1_772' title='bbox 2280 4077 2415 4146; x_wconf 90' lang='lat' dir='ltr'><strong>patri</strong></span> <span class='ocrx_word' id='word_1_773' title='bbox 2443 4091 2578 4130; x_wconf 87' lang='lat' dir='ltr'><strong>suo:</strong></span> <span class='ocrx_word' id='word_1_774' title='bbox 2616 4086 2672 4131; x_wconf 88' lang='lat' dir='ltr'><strong>et</strong></span> <span class='ocrx_word' id='word_1_775' title='bbox 2705 4074 3156 4146; x_wconf 83' lang='lat' dir='ltr'><strong>quemadmodum</strong></span> <span class='ocrx_word' id='word_1_776' title='bbox 3185 4074 3451 4146; x_wconf 74' lang='lat' dir='ltr'><strong>praedixit,</strong></span> <span class='ocrx_word' id='word_1_777' title='bbox 3479 4074 3603 4145; x_wconf 85' lang='lat' dir='ltr'><strong>quia</strong></span> <span class='ocrx_word' id='word_1_778' title='bbox 3622 4089 3735 4129; x_wconf 83' lang='lat' dir='ltr'><strong>non</strong></span> 
     </span>
    </p>
   </div>
   <div class='ocr_carea' id='block_1_103' title="bbox 2152 4164 3738 4236">
    <p class='ocr_par' dir='ltr' id='par_1_103' title="bbox 2152 4164 3738 4236">
     <span class='ocr_line' id='line_1_103' title="bbox 2152 4164 3738 4236; baseline -0.004 -14"><span class='ocrx_word' id='word_1_779' title='bbox 2152 4167 2303 4222; x_wconf 87' lang='lat' dir='ltr'><strong>illum</strong></span> <span class='ocrx_word' id='word_1_780' title='bbox 2332 4166 2656 4236; x_wconf 75' lang='lat' dir='ltr'><strong>agnoscebat</strong></span> <span class='ocrx_word' id='word_1_781' title='bbox 2689 4166 2745 4220; x_wconf 91' lang='lat' dir='ltr'><strong>in</strong></span> <span class='ocrx_word' id='word_1_782' title='bbox 2784 4180 2936 4231; x_wconf 80' lang='lat' dir='ltr'><strong>voce,</strong></span> <span class='ocrx_word' id='word_1_783' title='bbox 2962 4166 3158 4234; x_wconf 69' lang='lat' dir='ltr'><strong>tetigit,</strong></span> <span class='ocrx_word' id='word_1_784' title='bbox 3189 4165 3394 4220; x_wconf 66' lang='lat' dir='ltr'><strong>invenit</strong></span> <span class='ocrx_word' id='word_1_785' title='bbox 3409 4164 3585 4233; x_wconf 84' lang='lat' dir='ltr'><strong>pilos;</strong></span> <span class='ocrx_word' id='word_1_786' title='bbox 3612 4164 3738 4233; x_wconf 83' lang='lat' dir='ltr'><strong>quia</strong></span> 
     </span>
    </p>
   </div>
   <div class='ocr_carea' id='block_1_104' title="bbox 2155 4246 3740 4326">
    <p class='ocr_par' dir='ltr' id='par_1_104' title="bbox 2155 4246 3740 4326">
     <span class='ocr_line' id='line_1_104' title="bbox 2155 4246 3740 4326; baseline -0.002 -16"><span class='ocrx_word' id='word_1_787' title='bbox 2155 4255 2382 4326; x_wconf 90' lang='lat' dir='ltr'><strong>pellibus</strong></span> <span class='ocrx_word' id='word_1_788' title='bbox 2408 4246 2681 4310; x_wconf 63' lang='lat' dir='ltr'><strong>haedorum</strong></span> <span class='ocrx_word' id='word_1_789' title='bbox 2707 4254 3133 4309; x_wconf 86' lang='lat' dir='ltr'><strong>circumdederat</strong></span> <span class='ocrx_word' id='word_1_790' title='bbox 3156 4263 3331 4316; x_wconf 80' lang='lat' dir='ltr'><strong>mater</strong></span> <span class='ocrx_word' id='word_1_791' title='bbox 3350 4252 3568 4307; x_wconf 86' lang='lat' dir='ltr'><strong>brachia</strong></span> <span class='ocrx_word' id='word_1_792' title='bbox 3584 4253 3740 4321; x_wconf 82' lang='lat' dir='ltr'><strong>ejus:</strong></span> 
     </span>
    </p>
   </div>
   <div class='ocr_carea' id='block_1_105' title="bbox 2154 4341 3745 4415">
    <p class='ocr_par' dir='ltr' id='par_1_105' title="bbox 2154 4341 3745 4415">
     <span class='ocr_line' id='line_1_105' title="bbox 2154 4341 3745 4415; baseline -0.003 -14"><span class='ocrx_word' id='word_1_793' title='bbox 2154 4344 2381 4411; x_wconf 80' lang='lat' dir='ltr'><strong>credidit</strong></span> <span class='ocrx_word' id='word_1_794' title='bbox 2404 4344 2659 4415; x_wconf 87' lang='lat' dir='ltr'><strong>majorem</strong></span> <span class='ocrx_word' id='word_1_795' title='bbox 2690 4358 2831 4410; x_wconf 87' lang='lat' dir='ltr'><strong>esse,</strong></span> <span class='ocrx_word' id='word_1_796' title='bbox 2859 4355 2914 4409; x_wconf 82' lang='lat' dir='ltr'><strong>et</strong></span> <span class='ocrx_word' id='word_1_797' title='bbox 2948 4342 3240 4407; x_wconf 70' lang='lat' dir='ltr'><strong>benedixit.</strong></span> <span class='ocrx_word' id='word_1_798' title='bbox 3273 4341 3332 4396; x_wconf 82' lang='lat' dir='ltr'><strong>in</strong></span> <span class='ocrx_word' id='word_1_799' title='bbox 3358 4342 3745 4397; x_wconf 76' lang='lat' dir='ltr'><strong>benedictione</strong></span> 
     </span>
    </p>
   </div>
   <div class='ocr_carea' id='block_1_106' title="bbox 2156 4432 3744 4506">
    <p class='ocr_par' dir='ltr' id='par_1_106' title="bbox 2156 4432 3744 4506">
     <span class='ocr_line' id='line_1_106' title="bbox 2156 4432 3744 4506; baseline -0.002 -16"><span class='ocrx_word' id='word_1_800' title='bbox 2156 4436 2412 4506; x_wconf 76' lang='lat' dir='ltr'><strong>majorem</strong></span> <span class='ocrx_word' id='word_1_801' title='bbox 2463 4435 2793 4501; x_wconf 89' lang='lat' dir='ltr'><strong>intendebat,</strong></span> <span class='ocrx_word' id='word_1_802' title='bbox 2823 4444 2882 4490; x_wconf 89' lang='lat' dir='ltr'><strong>et</strong></span> <span class='ocrx_word' id='word_1_803' title='bbox 2915 4434 3212 4491; x_wconf 89' lang='lat' dir='ltr'><strong>benedictio</strong></span> <span class='ocrx_word' id='word_1_804' title='bbox 3236 4432 3303 4488; x_wconf 90' lang='lat' dir='ltr'><strong>ad</strong></span> <span class='ocrx_word' id='word_1_805' title='bbox 3330 4434 3592 4488; x_wconf 89' lang='lat' dir='ltr'><strong>minorem</strong></span> <span class='ocrx_word' id='word_1_806' title='bbox 3610 4447 3744 4503; x_wconf 79' lang='lat' dir='ltr'><strong>per-</strong></span> 
     </span>
    </p>
   </div>
   <div class='ocr_carea' id='block_1_107' title="bbox 2156 4528 2425 4585">
    <p class='ocr_par' dir='ltr' id='par_1_107' title="bbox 2156 4528 2425 4585">
     <span class='ocr_line' id='line_1_107' title="bbox 2156 4528 2425 4585; baseline -0.019 1"><span class='ocrx_word' id='word_1_807' title='bbox 2156 4528 2425 4585; x_wconf 76' lang='lat' dir='ltr'><strong>veniebat.</strong></span> 
     </span>
    </p>
   </div>
   <div class='ocr_carea' id='block_1_108' title="bbox 2228 4619 3750 4693">
    <p class='ocr_par' dir='ltr' id='par_1_108' title="bbox 2228 4619 3750 4693">
     <span class='ocr_line' id='line_1_108' title="bbox 2228 4619 3750 4693; baseline 0.001 -18"><span class='ocrx_word' id='word_1_808' title='bbox 2228 4619 2456 4675; x_wconf 62' lang='lat' dir='ltr'><strong>cspurr</strong></span> <span class='ocrx_word' id='word_1_809' title='bbox 2495 4619 2632 4674; x_wconf 72' lang='lat' dir='ltr'><strong>xw.</strong></span> <span class='ocrx_word' id='word_1_810' title='bbox 2665 4651 2736 4662; x_wconf 88' lang='lat'><strong><em>—</em></strong></span> <span class='ocrx_word' id='word_1_811' title='bbox 2760 4620 2898 4687; x_wconf 72' lang='grc' dir='ltr'><strong>ρειίά</strong></span> <span class='ocrx_word' id='word_1_812' title='bbox 2942 4628 3036 4677; x_wconf 81' lang='lat' dir='ltr'><strong>.est</strong></span> <span class='ocrx_word' id='word_1_813' title='bbox 3070 4635 3205 4692; x_wconf 70' lang='lat' dir='ltr'><strong>ergo</strong></span> <span class='ocrx_word' id='word_1_814' title='bbox 3230 4620 3387 4691; x_wconf 84' lang='lat' dir='ltr'><strong>.quod</strong></span> <span class='ocrx_word' id='word_1_815' title='bbox 3424 4620 3526 4676; x_wconf 88' lang='lat' dir='ltr'><strong>sub</strong></span> <span class='ocrx_word' id='word_1_816' title='bbox 3568 4621 3750 4693; x_wconf 80' lang='lat' dir='ltr'><strong>specie</strong></span> 
     </span>
    </p>
   </div>
   <div class='ocr_carea' id='block_1_109' title="bbox 2157 4710 3750 4783">
    <p class='ocr_par' dir='ltr' id='par_1_109' title="bbox 2157 4710 3750 4783">
     <span class='ocr_line' id='line_1_109' title="bbox 2157 4710 3750 4783; baseline 0.001 -16"><span class='ocrx_word' id='word_1_817' title='bbox 2157 4711 2378 4782; x_wconf 77' lang='lat' dir='ltr'><strong>majoris</strong></span> <span class='ocrx_word' id='word_1_818' title='bbox 2403 4710 2735 4767; x_wconf 88' lang='lat' dir='ltr'><strong>benedicitur</strong></span> <span class='ocrx_word' id='word_1_819' title='bbox 2757 4712 2948 4776; x_wconf 84' lang='lat' dir='ltr'><strong>minor,</strong></span> <span class='ocrx_word' id='word_1_820' title='bbox 2985 4713 3084 4767; x_wconf 82' lang='lat' dir='ltr'><strong>nisi</strong></span> <span class='ocrx_word' id='word_1_821' title='bbox 3116 4729 3174 4783; x_wconf 64' lang='lat' dir='ltr'><strong>qi</strong></span> <span class='ocrx_word' id='word_1_822' title='bbox 3198 4712 3248 4768; x_wconf 86' lang='lat' dir='ltr'><strong>in</strong></span> <span class='ocrx_word' id='word_1_823' title='bbox 3275 4713 3376 4770; x_wconf 79' lang='lat' dir='ltr'><strong>sub</strong></span> <span class='ocrx_word' id='word_1_824' title='bbox 3418 4712 3604 4781; x_wconf 71' lang='lat' dir='ltr'><strong>ﬁguris</strong></span> <span class='ocrx_word' id='word_1_825' title='bbox 3631 4713 3750 4769; x_wconf 80' lang='lat' dir='ltr'><strong>Ve-</strong></span> 
     </span>
    </p>
   </div>
   <div class='ocr_carea' id='block_1_110' title="bbox 2160 4802 3745 4872">
    <p class='ocr_par' dir='ltr' id='par_1_110' title="bbox 2160 4802 3745 4872">
     <span class='ocr_line' id='line_1_110' title="bbox 2160 4802 3745 4872; baseline 0 -13"><span class='ocrx_word' id='word_1_826' title='bbox 2160 4803 2290 4859; x_wconf 88' lang='lat' dir='ltr'><strong>teris</strong></span> <span class='ocrx_word' id='word_1_827' title='bbox 2316 4802 2646 4858; x_wconf 88' lang='lat' dir='ltr'><strong>Testamenti</strong></span> <span class='ocrx_word' id='word_1_828' title='bbox 2686 4802 2932 4872; x_wconf 85' lang='lat' dir='ltr'><strong>promissi</strong></span> <span class='ocrx_word' id='word_1_829' title='bbox 2971 4804 3167 4871; x_wconf 82' lang='lat' dir='ltr'><strong>popqu</strong></span> <span class='ocrx_word' id='word_1_830' title='bbox 3198 4802 3523 4869; x_wconf 66' lang='lat' dir='ltr'><strong>indecorum,</strong></span> <span class='ocrx_word' id='word_1_831' title='bbox 3557 4818 3745 4872; x_wconf 58' lang='lat' dir='ltr'><strong>parve.</strong></span> 
     </span>
    </p>
   </div>
   <div class='ocr_carea' id='block_1_111' title="bbox 2160 4895 3749 4966">
    <p class='ocr_par' dir='ltr' id='par_1_111' title="bbox 2160 4895 3749 4966">
     <span class='ocr_line' id='line_1_111' title="bbox 2160 4895 3749 4966; baseline -0.001 -15"><span class='ocrx_word' id='word_1_832' title='bbox 2160 4896 2241 4951; x_wconf 90' lang='lat' dir='ltr'><strong>nit</strong></span> <span class='ocrx_word' id='word_1_833' title='bbox 2289 4895 2591 4951; x_wconf 86' lang='lat' dir='ltr'><strong>benedictio</strong></span> <span class='ocrx_word' id='word_1_834' title='bbox 2639 4895 2972 4966; x_wconf 69' lang='lat' dir='ltr'><strong>spiritualis&quot;</strong></span> <span class='ocrx_word' id='word_1_835' title='bbox 2989 4895 3058 4949; x_wconf 84' lang='lat' dir='ltr'><strong>ad</strong></span> <span class='ocrx_word' id='word_1_836' title='bbox 3110 4896 3361 4965; x_wconf 87' lang='lat' dir='ltr'><strong>populum</strong></span> <span class='ocrx_word' id='word_1_837' title='bbox 3406 4896 3749 4952; x_wconf 77' lang='lat' dir='ltr'><strong>Christiano-</strong></span> 
     </span>
    </p>
   </div>
   <div class='ocr_carea' id='block_1_112' title="bbox 2161 4985 3752 5057">
    <p class='ocr_par' dir='ltr' id='par_1_112' title="bbox 2161 4985 3752 5057">
     <span class='ocr_line' id='line_1_112' title="bbox 2161 4985 3752 5057; baseline 0.001 -16"><span class='ocrx_word' id='word_1_838' title='bbox 2161 4986 2635 5053; x_wconf 75' lang='lat' dir='ltr'><strong>rum‘iAltendite,</strong></span> <span class='ocrx_word' id='word_1_839' title='bbox 2664 4986 2886 5040; x_wconf 79' lang='lat' dir='ltr'><strong>fratres:</strong></span> <span class='ocrx_word' id='word_1_840' title='bbox 2910 4985 3132 5040; x_wconf 90' lang='lat' dir='ltr'><strong>audiunt</strong></span> <span class='ocrx_word' id='word_1_841' title='bbox 3170 4986 3247 5041; x_wconf 91' lang='lat' dir='ltr'><strong>illi</strong></span> <span class='ocrx_word' id='word_1_842' title='bbox 3289 4995 3488 5042; x_wconf 89' lang='lat' dir='ltr'><strong>terram</strong></span> <span class='ocrx_word' id='word_1_843' title='bbox 3508 4987 3752 5057; x_wconf 83' lang='lat' dir='ltr'><strong>promis-</strong></span> 
     </span>
    </p>
   </div>
   <div class='ocr_carea' id='block_1_113' title="bbox 2163 5077 3753 5148">
    <p class='ocr_par' dir='ltr' id='par_1_113' title="bbox 2163 5077 3753 5148">
     <span class='ocr_line' id='line_1_113' title="bbox 2163 5077 3753 5148; baseline 0 -14"><span class='ocrx_word' id='word_1_844' title='bbox 2163 5079 2349 5146; x_wconf 84' lang='lat' dir='ltr'><strong>sionis,</strong></span> <span class='ocrx_word' id='word_1_845' title='bbox 2378 5078 2629 5137; x_wconf 86' lang='lat' dir='ltr'><strong>audimus</strong></span> <span class='ocrx_word' id='word_1_846' title='bbox 2665 5087 2721 5133; x_wconf 89' lang='lat' dir='ltr'><strong>et</strong></span> <span class='ocrx_word' id='word_1_847' title='bbox 2760 5093 2893 5133; x_wconf 86' lang='lat' dir='ltr'><strong>nos:</strong></span> <span class='ocrx_word' id='word_1_848' title='bbox 2922 5087 3172 5148; x_wconf 83' lang='lat' dir='ltr'><strong>tanquam</strong></span> <span class='ocrx_word' id='word_1_849' title='bbox 3197 5078 3263 5133; x_wconf 89' lang='lat' dir='ltr'><strong>ad</strong></span> <span class='ocrx_word' id='word_1_850' title='bbox 3294 5077 3514 5139; x_wconf 68' lang='lat' dir='ltr'><strong>Judzpos</strong></span> <span class='ocrx_word' id='word_1_851' title='bbox 3542 5079 3753 5134; x_wconf 76' lang='lat' dir='ltr'><strong>videtur</strong></span> 
     </span>
    </p>
   </div>
   <div class='ocr_carea' id='block_1_114' title="bbox 2164 5169 3750 5241">
    <p class='ocr_par' dir='ltr' id='par_1_114' title="bbox 2164 5169 3750 5241">
     <span class='ocr_line' id='line_1_114' title="bbox 2164 5169 3750 5241; baseline -0.003 -14"><span class='ocrx_word' id='word_1_852' title='bbox 2164 5170 2435 5241; x_wconf 83' lang='lat' dir='ltr'><strong>Scriptura</strong></span> <span class='ocrx_word' id='word_1_853' title='bbox 2464 5171 2608 5240; x_wconf 91' lang='lat' dir='ltr'><strong>loqui</strong></span> <span class='ocrx_word' id='word_1_854' title='bbox 2637 5169 2706 5224; x_wconf 90' lang='lat' dir='ltr'><strong>de</strong></span> <span class='ocrx_word' id='word_1_855' title='bbox 2732 5178 2870 5225; x_wconf 86' lang='lat' dir='ltr'><strong>terra</strong></span> <span class='ocrx_word' id='word_1_856' title='bbox 2900 5170 3292 5240; x_wconf 82' lang='lat' dir='ltr'><strong>promissionis,</strong></span> <span class='ocrx_word' id='word_1_857' title='bbox 3316 5179 3372 5224; x_wconf 89' lang='lat' dir='ltr'><strong>et</strong></span> <span class='ocrx_word' id='word_1_858' title='bbox 3394 5169 3461 5224; x_wconf 87' lang='lat' dir='ltr'><strong>ad</strong></span> <span class='ocrx_word' id='word_1_859' title='bbox 3492 5184 3592 5225; x_wconf 80' lang='lat' dir='ltr'><strong>nos</strong></span> <span class='ocrx_word' id='word_1_860' title='bbox 3622 5185 3750 5238; x_wconf 84' lang='lat' dir='ltr'><strong>per-</strong></span> 
     </span>
    </p>
   </div>
   <div class='ocr_carea' id='block_1_115' title="bbox 2114 5259 3748 5331">
    <p class='ocr_par' dir='ltr' id='par_1_115' title="bbox 2114 5259 3748 5331">
     <span class='ocr_line' id='line_1_115' title="bbox 2114 5259 3748 5331; baseline -0.003 -13"><span class='ocrx_word' id='word_1_861' title='bbox 2114 5278 2117 5279; x_wconf 69' lang='lat'><strong><em>&#39;</em></strong></span> <span class='ocrx_word' id='word_1_862' title='bbox 2165 5262 2308 5318; x_wconf 75' lang='lat' dir='ltr'><strong>venit</strong></span> <span class='ocrx_word' id='word_1_863' title='bbox 2336 5262 2811 5319; x_wconf 35' lang='lat' dir='ltr'><strong>intellectus‘tcrrae</strong></span> <span class='ocrx_word' id='word_1_864' title='bbox 2833 5261 3224 5330; x_wconf 82' lang='lat' dir='ltr'><strong>promissionis,</strong></span> <span class='ocrx_word' id='word_1_865' title='bbox 3252 5261 3341 5331; x_wconf 90' lang='lat' dir='ltr'><strong>qui</strong></span> <span class='ocrx_word' id='word_1_866' title='bbox 3366 5259 3748 5325; x_wconf 76' lang='lat' dir='ltr'><strong>dicimusDeo,</strong></span> 
     </span>
    </p>
   </div>
   <div class='ocr_carea' id='block_1_116' title="bbox 2167 5348 3748 5423">
    <p class='ocr_par' dir='ltr' id='par_1_116' title="bbox 2167 5348 3748 5423">
     <span class='ocr_line' id='line_1_116' title="bbox 2167 5348 3748 5423; baseline 0.001 -16"><span class='ocrx_word' id='word_1_867' title='bbox 2167 5354 2300 5423; x_wconf 78' lang='lat' dir='ltr'><strong>Spes</strong></span> <span class='ocrx_word' id='word_1_868' title='bbox 2312 5369 2432 5406; x_wconf 15' lang='lat' dir='ltr'><strong>amca</strong></span> <span class='ocrx_word' id='word_1_869' title='bbox 2445 5368 2500 5406; x_wconf 77' lang='lat' dir='ltr'><strong>cs</strong></span> <span class='ocrx_word' id='word_1_870' title='bbox 2515 5363 2587 5416; x_wconf 83' lang='lat' dir='ltr'><strong>tu,</strong></span> <span class='ocrx_word' id='word_1_871' title='bbox 2608 5352 2769 5421; x_wconf 79' lang='lat' dir='ltr'><strong>portio</strong></span> <span class='ocrx_word' id='word_1_872' title='bbox 2786 5369 2895 5406; x_wconf 79' lang='lat' dir='ltr'><strong>mea</strong></span> <span class='ocrx_word' id='word_1_873' title='bbox 2914 5353 2967 5406; x_wconf 84' lang='lat' dir='ltr'><strong>in</strong></span> <span class='ocrx_word' id='word_1_874' title='bbox 2987 5361 3122 5406; x_wconf 72' lang='lat' dir='ltr'><strong>terra</strong></span> <span class='ocrx_word' id='word_1_875' title='bbox 3138 5353 3405 5411; x_wconf 70' lang='lat' dir='ltr'><strong>viventium</strong></span> <span class='ocrx_word' id='word_1_876' title='bbox 3427 5348 3748 5423; x_wconf 51' lang='lat' dir='ltr'><strong>(Palmm.</strong></span> 
     </span>
    </p>
   </div>
   <div class='ocr_carea' id='block_1_117' title="bbox 2167 5441 3753 5515">
    <p class='ocr_par' dir='ltr' id='par_1_117' title="bbox 2167 5441 3753 5515">
     <span class='ocr_line' id='line_1_117' title="bbox 2167 5441 3753 5515; baseline 0.001 -19"><span class='ocrx_word' id='word_1_877' title='bbox 2167 5444 2242 5515; x_wconf 85' lang='lat'><strong>6).</strong></span> <span class='ocrx_word' id='word_1_878' title='bbox 2261 5443 2367 5500; x_wconf 85' lang='lat' dir='ltr'><strong>Sed</strong></span> <span class='ocrx_word' id='word_1_879' title='bbox 2392 5445 2494 5497; x_wconf 80' lang='lat' dir='ltr'><strong>hoc</strong></span> <span class='ocrx_word' id='word_1_880' title='bbox 2518 5452 2576 5497; x_wconf 89' lang='lat' dir='ltr'><strong>ut</strong></span> <span class='ocrx_word' id='word_1_881' title='bbox 2598 5442 2920 5508; x_wconf 78' lang='lat' dir='ltr'><strong>diceremus,</strong></span> <span class='ocrx_word' id='word_1_882' title='bbox 2944 5451 3116 5497; x_wconf 80' lang='lat' dir='ltr'><strong>mater</strong></span> <span class='ocrx_word' id='word_1_883' title='bbox 3136 5456 3235 5496; x_wconf 84' lang='lat' dir='ltr'><strong>nos</strong></span> <span class='ocrx_word' id='word_1_884' title='bbox 3251 5441 3452 5507; x_wconf 85' lang='lat' dir='ltr'><strong>docuit,</strong></span> <span class='ocrx_word' id='word_1_885' title='bbox 3486 5441 3539 5496; x_wconf 79' lang='lat' dir='ltr'><strong>id</strong></span> <span class='ocrx_word' id='word_1_886' title='bbox 3564 5450 3669 5505; x_wconf 86' lang='lat' dir='ltr'><strong>est,</strong></span> <span class='ocrx_word' id='word_1_887' title='bbox 3699 5442 3753 5497; x_wconf 88' lang='lat' dir='ltr'><strong>in</strong></span> 
     </span>
    </p>
   </div>
   <div class='ocr_carea' id='block_1_118' title="bbox 2231 5552 3211 5615">
    <p class='ocr_par' dir='ltr' id='par_1_118' title="bbox 2231 5552 3211 5615">
     <span class='ocr_line' id='line_1_118' title="bbox 2231 5552 3211 5615; baseline -0.003 -10"><span class='ocrx_word' id='word_1_888' title='bbox 2231 5556 2247 5588; x_wconf 76' lang='grc' dir='ltr'>ί</span> <span class='ocrx_word' id='word_1_889' title='bbox 2274 5556 2346 5606; x_wconf 88' lang='lat' dir='ltr'><strong>sic</strong></span> <span class='ocrx_word' id='word_1_890' title='bbox 2362 5563 2465 5612; x_wconf 57' lang='lat' dir='ltr'><strong>mss.</strong></span> <span class='ocrx_word' id='word_1_891' title='bbox 2483 5554 2601 5604; x_wconf 79' lang='lat' dir='ltr'><strong>Editi</strong></span> <span class='ocrx_word' id='word_1_892' title='bbox 2623 5567 2760 5615; x_wconf 87' lang='lat' dir='ltr'><strong>vero,</strong></span> <span class='ocrx_word' id='word_1_893' title='bbox 2782 5552 2932 5604; x_wconf 70' lang='lat' dir='ltr'><strong>acidis</strong></span> <span class='ocrx_word' id='word_1_894' title='bbox 2951 5552 3211 5606; x_wconf 67' lang='lat' dir='ltr'><strong>frondium.</strong></span> 
     </span>
    </p>
   </div>
   <div class='ocr_carea' id='block_1_119' title="bbox 2230 5618 2695 5679">
    <p class='ocr_par' dir='ltr' id='par_1_119' title="bbox 2230 5618 2695 5679">
     <span class='ocr_line' id='line_1_119' title="bbox 2230 5618 2695 5679; baseline -0.009 -11"><span class='ocrx_word' id='word_1_895' title='bbox 2230 5618 2252 5649; x_wconf 81' lang='grc'>²</span> <span class='ocrx_word' id='word_1_896' title='bbox 2276 5624 2403 5676; x_wconf 65' lang='lat'><strong>5135.,</strong></span> <span class='ocrx_word' id='word_1_897' title='bbox 2426 5623 2695 5679; x_wconf 74' lang='lat' dir='ltr'><strong>pra&#39;staret.</strong></span> 
     </span>
    </p>
   </div>
   <div class='ocr_carea' id='block_1_120' title="bbox 2235 5673 3445 5739">
    <p class='ocr_par' dir='ltr' id='par_1_120' title="bbox 2235 5673 3445 5739">
     <span class='ocr_line' id='line_1_120' title="bbox 2235 5673 3445 5739; baseline -0.002 -12"><span class='ocrx_word' id='word_1_898' title='bbox 2235 5680 2254 5711; x_wconf 87' lang='grc'>³</span> <span class='ocrx_word' id='word_1_899' title='bbox 2276 5673 2410 5727; x_wconf 79' lang='lat' dir='ltr'><strong>sicin</strong></span> <span class='ocrx_word' id='word_1_900' title='bbox 2426 5673 2534 5726; x_wconf 64' lang='lat' dir='ltr'><strong>&quot;Mss.</strong></span> <span class='ocrx_word' id='word_1_901' title='bbox 2563 5686 2613 5728; x_wconf 80' lang='lat' dir='ltr'><strong>At</strong></span> <span class='ocrx_word' id='word_1_902' title='bbox 2637 5679 2684 5726; x_wconf 90' lang='lat' dir='ltr'><strong>in</strong></span> <span class='ocrx_word' id='word_1_903' title='bbox 2711 5677 2853 5731; x_wconf 88' lang='lat' dir='ltr'><strong>editis</strong></span> <span class='ocrx_word' id='word_1_904' title='bbox 2876 5677 3013 5726; x_wconf 72' lang='lat' dir='ltr'><strong>deest</strong></span> <span class='ocrx_word' id='word_1_905' title='bbox 3035 5688 3144 5737; x_wconf 77' lang='lat' dir='ltr'><strong>vox,</strong></span> <span class='ocrx_word' id='word_1_906' title='bbox 3164 5673 3445 5739; x_wconf 69' lang='lat' dir='ltr'><strong>spirituum.</strong></span> 
     </span>
    </p>
   </div>
  </div>
