4076 6198
307 292 373 354 Il
1750 302 1881 360 SER

2018 300 2105 357 IY.
3458 380 3459 383 η
3512 318 3583 372 li!

303 424 499 484 sanctis
521 418 764 478 Ecclesia
807 420 921 490 ipsa
956 419 1235 490 Prophetis
1261 420 1415 473 docet
1451 421 1605 484 nos‘,
1634 417 1891 488 quemad-

309 515 526 573 modum
571 511 927 584 Spiritualiter
958 509 1315 582 intelligamus
1345 511 1455 580 ipsa
1485 508 1745 580 promissa
1773 523 1892 564 car-

306 610 472 665 nalia.

380 703 470 757 ll.
515 697 735 756 Peccata
800 694 973 752 aliena
1024 693 1269 767 patienter
1311 694 1579 767 portanda.
1636 691 1741 749 Sed
1787 707 1891 748 non

308 801 491 867 posset
548 791 616 848 ad
682 805 783 846 nos
855 789 1136 860 pervenire
1200 786 1499 843 benedictio
1523 827 1537 852 ,
1614 786 1715 840 nisi
1780 784 1890 856 jam

312 886 543 943 mandati
597 900 629 940 a
681 882 919 954 peccatis
979 896 1076 952 per
1140 880 1466 935 nativitatem
1532 877 1892 950 regeneratio-

310 980 411 1045 nis,
437 978 664 1033 aliorum
704 982 925 1046 peccata
973 987 1069 1043 per
1103 972 1433 1027 tolerantiam
1463 982 1756 1041 portemus.
1787 967 1891 1025 Ge-

305 1072 420 1125 nuit
445 1070 587 1125 enim
616 1077 789 1122 mater
828 1066 1018 1120 ambos
1052 1063 1206 1119 filios.
1242 1062 1523 1130 lntcndite,
1552 1061 1891 1131 fratres:ge-

305 1162 420 1215 nuit
444 1175 607 1214 unum
635 1159 884 1228 pilosum,
903 1156 1129 1210 alterum
1148 1154 1342 1209 lenem.
1365 1153 1466 1209 Pili
1489 1160 1704 1223 peccata
1725 1152 1890 1223 signi-

306 1258 484 1318 licunt,
527 1252 719 1305 lenitas
758 1257 937 1303 autem
961 1244 1447 1312 mansuetudinem,
1478 1244 1530 1299 id
1552 1251 1653 1311 est,
1680 1242 1889 1297 mundi-

304 1347 432 1399 tiem
480 1359 512 1399 a
562 1345 811 1414 peccatis.
866 1342 981 1395 Duo
1032 1340 1125 1394 lilii
1187 1338 1754 1409 benedicunturzquia
1782 1337 1889 1392 duo

305 1449 504 1504 genera
544 1434 807 1489 benedicit
868 1431 1130 1487 Ecclesia.
1188 1428 1466 1498 Quomodo
1512 1430 1648 1485 duos
1685 1429 1889 1500 peperit

305 1528 571 1590 Rebecca,
600 1535 921 1597 generantur
950 1525 1001 1578 in
1029 1532 1182 1578 utero
1209 1522 1466 1579 Ecclesiae
1492 1522 1618 1589 duo,
1644 1537 1782 1577 unus
1811 1522 1890 1593 pi-

301 1619 467 1679 losus,
498 1618 634 1671 alter
658 1615 793 1669 lenis
820 1633 832 1666 :
864 1630 1087 1683 quorum
1128 1612 1494 1669 diversitatem
1520 1612 1884 1682 exposuimus.

304 1708 444 1763 Sunt
472 1709 613 1761 enim
638 1706 878 1760 homines
915 1704 1007 1774 qui
1047 1719 1145 1759 nec
1186 1715 1308 1774 post
1348 1703 1677 1773 Baptismum
1705 1702 1888 1758 volunt

304 1798 576 1852 dimittere
614 1803 831 1865 peccata
859 1809 975 1859 sua,
1008 1801 1062 1849 et
1088 1809 1149 1848 ea
1179 1793 1364 1847 volunt
1390 1792 1565 1848 facere
1588 1807 1706 1863 quze
1729 1802 1884 1848 antea

299 1872 782 1942 faciebant.Verbi
825 1885 1011 1955 gratia,
1043 1884 1087 1937 si
1132 1881 1393 1939 faciebant
1439 1882 1669 1950 fraudes,
1702 1883 1886 1939 volunt

301 1981 489 2034 iterum
544 1976 798 2031 fraudare
845 1993 858 2029 :
899 1975 943 2031 si
996 1973 1331 2030 mendacium
1374 1973 1645 2044 jurabant,
1699 1975 1886 2030 volunt

302 2069 472 2124 adhuc
513 2068 760 2138 pejerare
780 2085 791 2119 :
811 2066 856 2121 si
884 2064 1370 2140 circumveniebant
1393 2064 1528 2119 dolis
1551 2064 1879 2129 innocentes,

299 2164 484 2218 volunt
524 2161 703 2215 adhuc
731 2159 1149 2215 circumvenire:
1177 2159 1221 2214 si
1248 2156 1531 2213 homicidia
1556 2156 1879 2228 cogitabant,

300 2254 484 2308 eadem
510 2252 743 2321 cogitant
764 2270 776 2305 :
795 2251 839 2305 si
871 2249 1285 2317 fornicabantur,
1301 2249 1345 2303 si
1373 2248 1789 2316 inebriabantur,
1819 2262 1882 2304 ea

303 2345 413 2413 ipsa
444 2343 795 2397 nihilominus
833 2340 1051 2396 faciunt.
1083 2341 1223 2395 Ecce
1273 2340 1413 2395 Esau
1460 2348 1615 2394 natus
1657 2340 1880 2408 pilosus.

301 2435 433 2503 Quid
450 2435 571 2489 facit
590 2432 795 2491 Iacob?
814 2435 1015 2488 Dicitur
1038 2433 1085 2488 ei
1111 2448 1139 2485 a
1174 2441 1342 2486 matre
1366 2450 1379 2484 :
1404 2430 1569 2497 Vade,
1604 2429 1884 2487 benedicat

305 2538 355 2582 te
404 2536 553 2596 pater
590 2535 727 2580 tuus.
762 2525 830 2580 Et
872 2523 1020 2587 dicit,
1050 2523 1255 2588 Timeo,
1296 2537 1402 2577 non
1446 2521 1720 2576 accedam.
1747 2520 1884 2577 Sunt

303 2619 446 2671 enim
470 2616 704 2670 homines
730 2616 781 2670 in
812 2614 1169 2684 Ecelcsia,qui
1192 2615 1377 2668 timent
1396 2613 1608 2668 misceri
1632 2622 1879 2683 peccato-

299 2708 467 2773 ribus,
497 2721 564 2761 ne
591 2706 741 2775 quasi
773 2720 869 2774 per
903 2705 1230 2760 consortium
1264 2712 1601 2775 peccatorum
1624 2705 1678 2759 in
1701 2704 1878 2759 unita-

297 2810 348 2853 te
371 2800 721 2863 maculentur,
743 2808 796 2853 et
819 2814 911 2868 per
930 2798 1164 2852 hereses
1200 2804 1253 2851 et
1287 2795 1572 2852 schismata
1596 2806 1816 2867 pereant
1833 2798 1876 2849 ³.

365 2890 591 2946 CAPUT
627 2889 819 2944 XV.—
843 2890 926 2945 l5.
945 2887 1208 2956 Quomodo
1227 2887 1385 2941 Jacob
1407 2889 1514 2942 sine
1537 2888 1677 2956 dolo,
1701 2895 1746 2942 et
1765 2902 1879 2942 cunt

295 2983 431 3036 dolo.
463 2982 600 3049 Quid
646 2996 773 3053 ergo
816 2980 1012 3036 dicitur
1057 2980 1180 3035 huic
1219 2980 1391 3049 piloso
1437 2979 1598 3046 Esau,
1638 2977 1729 3049 qui
1770 2993 1875 3032 non

296 3074 432 3128 bene
456 3083 806 3129 conversatus
825 3073 972 3129 estin
999 3071 1194 3126 dumo?
1221 3070 1351 3125 Nam
1374 3077 1430 3126 et
1452 3070 1555 3126 hoc
1574 3070 1640 3126 de
1668 3069 1774 3126 illis
1797 3069 1878 3126 di-

293 3166 468 3219 citur:
496 3163 619 3217 Erat
649 3164 734 3218 ille
761 3165 969 3234 agrestis
994 3171 1217 3228 venator,
1244 3160 1405 3215 Iacob
1433 3170 1600 3217 autent
1622 3162 1733 3218 sine
1757 3164 1895 3243 dolo

291 3256 680 3311 convrrsabatnr
714 3256 768 3310 in
814 3254 963 3309 domo
991 3253 1146 3325 (Gen.
1178 3269 1302 3320 xxv,
1331 3252 1448 3325 27).
1476 3251 1705 3325 Ideoque
1752 3270 1876 3312 eum

290 3347 509 3402 ainabat
552 3354 736 3413 mater,
766 3346 917 3415 cujus
947 3345 1404 3401 conversationem
1444 3343 1652 3400 dulcem
1680 3345 1878 3402 sentie-

290 3439 403 3492 bat.
436 3437 554 3506 Ipse
583 3446 663 3492 est
685 3436 870 3503 Iacob,
905 3435 997 3506 qui
1028 3444 1211 3505 postea
1237 3435 1532 3505 appellatus
1573 3443 1657 3491 est
1691 3435 1872 3504 Israel,

288 3545 413 3584 cum
440 3529 733 3582 luctaretur
763 3542 881 3582 cum
908 3526 1112 3596 Aug-elo
1143 3534 1233 3581 :et
1256 3525 1431 3580 hocin
1462 3541 1654 3597 magno
1679 3537 1876 3598 myste-

290 3619 394 3673 rio.
422 3616 767 3682 Benedictus,
799 3615 1093 3686 appellatus
1120 3623 1201 3670 est
1229 3613 1391 3669 Israel
1422 3613 1521 3685 (Id.
1547 3632 1710 3684 χχιιι,
1739 3615 1830 3688 28)
1859 3634 1873 3670 ε

290 3708 519 3776 idecqne
553 3707 672 3776 quia
701 3707 816 3761 siue
844 3706 970 3760 dolo
1009 3705 1175 3761 erat'.
1210 3703 1491 3771 Intendite,
1522 3704 1713 3761 fratres
1747 3708 1871 3773 mci,

289 3808 345 3853 et
370 3799 549 3853 videte
576 3810 733 3867 quam
760 3795 875 3853 sine
917 3795 1043 3850 dolo
1084 3794 1263 3850 fuerit.
1293 3793 1673 3850 Nathanaelem
1699 3796 1875 3850 Domi-

290 3907 396 3944 nus
420 3890 634 3959 quando
664 3888 817 3954 vidit,
842 3888 962 3959 quia
992 3895 1213 3943 noverat
1236 3887 1405 3958 qualis
1432 3895 1593 3955 esset,
1618 3888 1690 3942 ait
1713 3906 1725 3940 :
1745 3888 1877 3945 Ecce

291 3999 408 4037 rere
432 3980 695 4048 Israelita,
738 3981 792 4033 in
824 3995 922 4050 quo
960 3980 1106 4033 dolus
1148 3996 1248 4033 non
1291 3989 1363 4033 est
1405 3977 1582 4053 (Ioan.
1610 3995 1649 4042 ι,
1678 3978 1791 4052 47).
1819 3978 1875 4037 Si

290 4086 423 4142 ergo
449 4070 575 4124 ideo
594 4071 694 4125 iste
718 4069 981 4134 Israelita,
1009 4069 1130 4139 quia
1156 4083 1263 4123 non
1297 4078 1380 4124 est
1415 4069 1467 4124 in
1501 4084 1568 4124 eo
1606 4069 1793 4135 dolus;
1822 4071 1874 4125 in

290 4163 412 4230 ipso
436 4160 601 4215 Israel
629 4160 810 4231 utique
846 4175 953 4214 non
983 4167 1097 4213 erat
1121 4159 1294 4213 dolus.
1316 4159 1451 4228 Quid
1471 4160 1582 4214 sibi
1593 4175 1721 4230 ergo
1742 4162 1873 4230 vult,

294 4254 432 4323 quod
457 4253 672 4320 dicitur,
710 4252 856 4306 Venit
877 4256 1035 4323 frater
1059 4260 1172 4305 tuus
1192 4267 1306 4305 cum
1330 4251 1475 4315 dolo,
1487 4261 1533 4306 et
1559 4252 1763 4307 abstulit
1789 4255 1875 4307 be-

297 4344 622 4397 nedictionem
666 4341 819 4415 (Gen.
871 4358 1038 4406 χχιιι,
1085 4341 1212 4413 35)?
1241 4340 1367 4397 Sine
1410 4341 1535 4397 dolo
1575 4358 1697 4397 eum
1737 4359 1876 4398 com-

292 4434 507 4489 mendat
531 4433 808 4503 Scriptura
849 4441 1254 4488 conversantem
1299 4432 1353 4486 in
1394 4432 1555 4487 domo
1582 4448 1596 4486 :
1623 4433 1877 4490 Dominus

290 4527 452 4580 etiam
480 4524 725 4593 perhibet
756 4523 1135 4589 testimonium,
1158 4522 1279 4593 quia
1308 4522 1424 4578 sine
1445 4520 1569 4577 dolo
1597 4532 1731 4588 erat,
1754 4538 1875 4578 cum

287 4616 508 4669 dicitde
530 4614 874 4680 Nathanacle,
904 4613 1031 4668 Ecce
1063 4628 1176 4667 vere
1211 4612 1470 4677 Israelita,
1500 4612 1554 4666 in
1588 4628 1686 4684 quo
1728 4613 1877 4668 dolus

287 4724 399 4760 non
422 4706 673 4773 εει,ουἱὰ
694 4706 795 4761 sibi
823 4720 953 4776 ergo
976 4706 1110 4771 vult,
1132 4720 1255 4759 cum
1281 4704 1494 4770 dicitur,
1524 4704 1741 4759 Accessit
1760 4721 1877 4759 cum

288 4799 433 4863 dolo,
458 4807 507 4853 et
530 4799 732 4852 abstulit
758 4796 1150 4851 benedictionem
1176 4794 1289 4868 (tt)?

362 4887 589 4943 CAPUT
604 4887 817 4942 XV’I.—-—-
835 4887 920 4942 16.
940 4886 1183 4941 Haedinas
1200 4885 1354 4957 pelles
1368 4885 1695 4956 baberequid.
1715 4886 1877 4941 Dolus

288 4982 508 5036 interim
522 4980 647 5050 quid
677 4981 959 5051 signiﬁcet,
987 4979 1352 5044 attendamus;
1384 4988 1439 5034 et
1459 4978 1732 5033 videamus
1749 4978 1877 5048 quid

283 5072 487 5127 debeat
502 5072 672 5126 facere
685 5071 867 5126 Iacob.
885 5071 1064 5125 Portat
1074 5070 1244 5124 aliena
1260 5077 1492 5139 peccata,
1507 5078 1558 5125 et
1574 5077 1876 5137 portateum

286 5163 574 5217 tolerantia
599 5162 848 5233 quamvis
863 5162 1033 5216 aliena
1055 5180 1069 5214 :
1091 5159 1194 5215 hoc
1217 5169 1303 5215 est
1333 5158 1474 5214 enim
1497 5159 1692 5214 habere
1714 5158 1878 5229 pelice

287 5252 534 5307 haedinas
547 5270 563 5305 :
576 5253 628 5307 id
643 5262 745 5318 est,
760 5253 1023 5322 patienter
1048 5251 1218 5306 aliena
1238 5259 1430 5320 portat,
1448 5264 1553 5305 non
1564 5250 1733 5305 ἥδη-ει
1743 5250 1874 5305 suis.

352 5366 372 5397 ι
398 5364 578 5427 Regius
601 5370 653 5413 et
664 5365 933 5416 Victorinus
947 5371 1049 5425 its,
1072 5362 1124 5414 in
1144 5362 1336 5426 scriptis
1358 5361 1569 5414 Ecclesia
1590 5359 1881 5427 propheticis

283 5426 429 5476 docet
446 5426 550 5486 nos,
571 5432 668 5476 etc.

351 5490 784 5553 ft-‘orte,peretatt.
829 5547 842 5553 _
946 5549 957 5553 Α
993 5548 1002 5553 _
1294 5547 1306 5553 _
1504 5547 1517 5553 _
1658 5544 1665 5553 ί

350 5549 375 5580 ³
396 5557 496 5599 Duo
518 5547 644 5610 uss.,
667 5548 777 5602 ideo
798 5547 901 5600 sine
922 5548 1033 5599 doto
1053 5554 1193 5608 erat;
1214 5547 1408 5608 omisso,
1434 5547 1564 5611 quat.

348 5632 427 5701 ρι)
448 5634 772 5701 ριιεεδιίοιιθιιι
790 5631 1222 5701 hancAugustinus
1243 5630 1292 5679 in
1314 5636 1485 5701 quast.
1507 5628 1570 5678 7?.
1590 5642 1738 5692 super
1759 5637 1876 5680 Gen.

285 5693 469 5745 inchoat
486 5695 587 5757 jam
607 5706 637 5742 a
657 5707 714 5743 se
738 5695 786 5743 in
807 5694 899 5743 hac
923 5693 1024 5751 ipso
1045 5693 1273 5742 sermne
1293 5699 1555 5742 tractatam.

545 5776 814 5837 ParuOL.
852 5772 1215 5836 XXXVIII.

2007 416 2095 472 Sic
2111 429 2294 473 omnes
2306 418 2393 488 qui
2415 434 2507 488 pro
2533 423 2732 478 unitate
2755 424 3002 482 Ecclesia:
3024 427 3251 495 tolerant
3267 429 3434 485 aliena
3450 447 3576 501 pec.

2000 515 2136 573 cata,
2164 506 2326 562 Iacob
2363 508 2657 566 imitantur.
2685 511 2814 580 Quia
2854 524 2908 594 et
2945 514 3058 593 ipSe
3086 516 3248 574 Iacob
3288 519 3339 574 in
3363 520 3579 579 Christo

2000 606 2082 652 est
2106 597 2396 668 :siquidcm
2427 598 2665 656 Christus
2713 603 2764 657 in
2805 606 3029 679 semine,
3049 608 3336 664 Abraham.
3367 612 3576 669 Dictum

1999 698 2079 743 est
2125 690 2288 755 enim,
2334 689 2400 744 In
2443 693 2630 746 semine
2672 695 3149 777 tuoﬁbeitedicentur
3187 718 3355 757 omnes
3405 716 3579 774 gentes

1998 778 2153 849 (Gen.
2185 796 2317 847 χχιι,
2349 781 2460 853 18).
2487 774 2738 861 Dominus
2758 774 2893 857 ergo
2921 798 3102 844 noster
3128 791 3283 846 Iesus
3310 791 3572 861 Christus,

1998 872 2087 941 qui
2116 871 2316 927 nullum
2348 866 2804 961 peccatuu’rfecit,
2830 882 3060 948 portavit
3101 883 3273 938 aliena
3314 896 3525 954 peccata
3559 906 3573 942 :

1997 973 2051 1019 et
2079 963 2395 1035 dedignatur
2428 956 2640 1037 portare
2668 971 2837 1025 aliena
2871 981 3109 1042 peccata,
3131 976 3215 1030 cui
3250 988 3467 1047 peccata
3497 983 3578 1036 di-

1995 1055 2158 1110 missa
2179 1056 2337 1110 sunt?
2367 1056 2456 1112 Sic
2480 1060 2814 1130 ergo‘Iacob
2837 1066 3024 1119 transit
3044 1066 3108 1120 ad
3126 1067 3395 1124 Christum
3421 1077 3576 1141 post'

1995 1146 2166 1203 aliena
2196 1158 2433 1219 peccata,
2474 1151 2526 1206 id
2566 1160 2666 1221 est,
2715 1153 2949 1211 hmdinas
2992 1157 3176 1228 pelles.
3228 1162 3295 1216 Et
3330 1164 3456 1233 quid
3494 1178 3595 1222 est-

1995 1238 2189 1295 dolus?

2068 1331 2320 1388 i7.\'enit
2335 1334 2477 1389 enim
2495 1335 2584 1390 ille
2601 1351 2741 1404 sero,
2760 1347 2813 1393 ct
2829 1338 2981 1394 affert
2997 1341 3138 1412 quod
3152 1342 3310 1411 jussit
3332 1354 3502 1415 pater;
3521 1357 3578 1404 et

1994 1422 2195 1477 invenit
2222 1422 2438 1479 fratrem
2461 1440 2615 1481 suum
2643 1427 2975 1485 benedictum
2996 1445 3194 1500 prose:
3213 1442 3269 1488 et
3288 1449 3390 1490 non
3413 1437 3582 1493 bene-

1994 1511 2190 1568 dicitur
2211 1517 2375 1586 altera
2406 1518 2793 1575 benedictione.
2811 1520 2943 1589 Quia
2969 1522 3074 1580 duo
3095 1524 3171 1580 illi
3190 1526 3452 1592 homines,
3469 1529 3577 1584 duo

1993 1604 2174 1674 populi
2195 1617 2347 1661 erant
2367 1625 2380 1661 :
2400 1623 2500 1663 una
2519 1609 2819 1666 benedictio
2842 1614 3094 1669 unitatem
3111 1617 3372 1687 significat
3390 1619 3578 1677 Eccle‘

1992 1697 2106 1752 sim.
2126 1698 2240 1754 Duo
2265 1708 2442 1755 autem
2467 1702 2643 1771 populi
2671 1702 2771 1773 ipsi
2793 1714 2935 1773 sunt,
2958 1706 3047 1775 qui
3068 1715 3150 1762 est
3170 1717 3224 1763 et
3248 1709 3431 1766 Iacob.
3461 1713 3569 1777 Sed

1991 1787 2096 1841 alio
2117 1788 2275 1844 modo
2295 1788 2505 1860 figurati
2528 1790 2633 1848 duo
2655 1794 2832 1863 populi
2857 1797 3181 1864 pertinentes
3201 1799 3267 1853 ad
3283 1799 3467 1856 Iacob.
3489 1803 3554 1857 Et

1990 1877 2133 1933 enim
2156 1878 2412 1936 Dominus
2434 1891 2613 1937 noster
2628 1883 2780 1939 Iesus
2796 1883 3059 1953 Christus,
3082 1889 3170 1959 qui
3192 1890 3258 1945 ad
3280 1889 3493 1949 Iudmos
3515 1908 3568 1951 et

1991 1968 2190 2025 Gentes
2201 1983 2436 2039 venerat,
2452 1973 2753 2042 repudiatus
2765 1985 2849 2031 est
2862 1992 2890 2031 a
2903 1976 2927 2032 I
2938 1977 3119 2043 udaeis,
3133 1982 3222 2049 qui
3237 1982 3573 2050 pertinebant

1990 2060 2056 2115 ad
2086 2060 2251 2116 lilium
2292 2064 2546 2131 majorem
2573 2081 2586 2117 :
2611 2066 2770 2135 elegit
2799 2076 2972 2123 tamen
2997 2070 3253 2139 quosdam
3274 2112 3288 2135 ,
3316 2074 3405 2143 qui
3448 2088 3575 2143 per—

1992 2151 2229 2206 tinebant
2251 2151 2318 2206 ad
2337 2153 2500 2207 lilium
2524 2155 2807 2222 minorem,
2826 2158 2918 2226 qui
2939 2159 3286 2226 spiritualiter
3301 2176 3577 2232 coeperant

1989 2240 2295 2299 desiderare
2313 2251 2367 2298 ct
2387 2243 2678 2315 intelligere
2697 2246 2957 2315 promissa
2983 2247 3227 2315 Domini,
3257 2265 3363 2306 non
3385 2266 3579 2309 carna-

1989 2332 2110 2389 liter
2151 2333 2295 2388 illam
2345 2342 2570 2403 terram,
2599 2350 2756 2405 quam
2801 2336 3173 2393 desiderabant
3215 2342 3570 2411 accipientes;

1988 2423 2083 2480 sed
2101 2424 2425 2494 spiritualem
2442 2425 2586 2480 illam
2608 2427 2872 2483 civitatem
2899 2428 3285 2500 desiderantes,
3303 2433 3393 2491 ubi
3414 2450 3577 2492 nemo

1986 2514 2223 2569 nascitur
2246 2515 2563 2582 carnaliter;
2595 2517 2717 2587 quia
2759 2533 2919 2574 nemo
2961 2520 3031 2574 ibi
3071 2523 3377 2592 carnaliter,
3410 2541 3573 2585 nemo

1988 2600 2334 2676 spiritualiter
2360 2608 2607 2663 moritur.

2056 2696 2282 2753 CAPUT
2338 2696 2602 2753 XVll.—
2637 2698 2723 2755 18.
2787 2698 2905 2755 Duo
2967 2702 3131 2768 haedi,
3202 2705 3305 2760 duo
3368 2709 3567 2779 populi.

1986 2787 2132 2843 Hanc
2190 2802 2317 2860 ergo
2381 2804 2502 2845 cum
2552 2791 2838 2860 cmpissent
2902 2793 3239 2863 desiderare,
3293 2811 3574 2868 cmperunt

1987 2882 2251 2948 pertinere
2291 2878 2357 2936 ad
2385 2881 2584 2949 Iacob,
2622 2884 2711 2953 qui
2761 2885 3103 2943 crediderunt
3141 2889 3192 2943 in
3243 2890 3485 2959 Christo,
3515 2908 3572 2949 et

1985 2968 2154 3026 factus
2182 2979 2265 3027 est
2292 2987 2418 3042 grex
2448 2973 2656 3028 Domini
2689 2974 2739 3028 in
2769 2976 2881 3044 ipsa
2916 2975 3117 3032 Iud-.ca.
3149 2979 3253 3034 Sed
3282 2982 3406 3052 quid
3437 2983 3565 3039 (IICII

1985 3059 2241 3116 Dominus
2283 3060 2351 3117 de
2393 3062 2507 3131 ipso
2545 3063 2744 3134 grege?
2771 3064 2940 3120 Habeo
2978 3069 3109 3122 alias
3147 3085 3290 3135 oves,
3329 3088 3440 3141 qua:
3465 3090 3565 3129 non

1981 3160 2097 3206 sunt
2124 3152 2187 3207 de
2205 3152 2299 3207 hoc
2324 3153 2442 3207 ovili
2467 3169 2486 3207 :
2505 3156 2633 3209 vado
2654 3197 2668 3220 ,
2696 3155 2945 3210 adducant
2968 3175 3052 3213 eas
3073 3201 3086 3225 ,
3113 3169 3162 3213 et
3183 3161 3275 3215 erit
3299 3178 3429 3217 unus
3446 3182 3573 3235 grex

1981 3252 2029 3297 et
2055 3259 2185 3298 unus
2231 3252 2405 3314 pastor
2434 3243 2610 3318 (Joan.
2654 3262 2722 3312 x,
2769 3247 2880 3317 16).
2918 3247 3060 3316 Quas
3097 3251 3228 3305 alias
3256 3268 3384 3308 oves
3409 3254 3569 3312 habet

1983 3332 2237 3389 Dominus
2280 3333 2435 3390 Iesus
2479 3333 2755 3401 Christus,
2792 3338 2893 3393 nisi
2934 3338 3001 3394 de
3047 3338 3570 3399 Gentibus?Iunctzn

1982 3429 2108 3477 sunt
2132 3436 2262 3478 oves
2286 3422 2354 3479 de
2378 3423 2639 3481 Gentibus
2659 3424 2858 3482 Iudaeis
2882 3428 3087 3485 ovibus.
3113 3430 3188 3485 De
3205 3431 3404 3488 Iudmis
3423 3435 3566 3489 enim

1981 3514 2244 3585 Apostoli.
2275 3516 2403 3572 Inde
2428 3526 2582 3572 erant
2627 3526 2681 3574 et
2721 3520 2995 3590 quingenti
3036 3521 3257 3586 fratres,
3288 3525 3377 3595 qui
3416 3525 3566 3582 vide-

1981 3615 2105 3661 runt
2149 3605 2429 3662 Dominum
2479 3617 2599 3677 post
2633 3612 3076 3667 resurrectionem
3123 3614 3177 3684 (Ι
3204 3612 3322 3669 Cor.
3351 3631 3440 3683 xv,
3473 3616 3563 3685 6).

1984 3696 2110 3752 inde
2137 3706 2253 3752 erat
2295 3698 2408 3767 ipse
2441 3697 2732 3755 Nathanael
2750 3741 2764 3767 ,
2794 3700 2881 3755 cui
2911 3703 3268 3758 testimonium
3297 3707 3568 3776 perhibuit

1982 3788 2237 3844 Dominus
2258 3828 2273 3855 ,
2302 3789 2357 3843 in
2384 3803 2489 3860 quo
2517 3788 2671 3846 dolus
2698 3805 2804 3847 non
2825 3800 2986 3847 esset.
3019 3792 3145 3850 Inde
3173 3805 3327 3850 erant
3350 3808 3564 3852 centum

1982 3879 2202 3950 viginti,
2231 3880 2320 3950 qui
2345 3894 2466 3935 cum
2495 3888 2675 3936 essent
2699 3880 2752 3937 in
2791 3881 2981 3950 domo,
3011 3885 3157 3939 venit
3183 3885 3413 3955 Spiritus
3436 3901 3567 3941 san-

1982 3981 2132 4039 ctus,
2160 3979 2222 4026 ut
2262 3987 2357 4028 eos
2394 3971 2767 4043 perfunderet,
2798 3989 2955 4044 quem
2985 3975 3297 4043 promiserat
3327 3975 3567 4046 discipu.

1984 4066 2069 4121 lis.
2099 4065 2226 4121 Inde
2254 4074 2406 4120 erant
2437 4074 2513 4120 tot
2553 4066 2713 4119 millia
2759 4065 3031 4120 hominum
3053 4105 3067 4130 ,
3098 4080 3217 4135 qua:
3244 4066 3469 4136 legimus
3510 4069 3564 4122 in

1982 4157 2203 4212 Actibus
2230 4155 2605 4225 Apostolon
2628 4155 2890 4225 baptizata
2914 4156 2967 4209 in
2989 4156 3206 4212 nomine
3232 4155 3467 4225 Christi,
3498 4174 3562 4215 es

1982 4248 2069 4304 his
2094 4249 2115 4280 ³
2140 4248 2231 4319 qui
2286 4246 2657 4303 crucifixerant
2704 4247 2978 4303 Christum
3008 4247 3155 4320 (Act.
3187 4265 3234 4315 ι,
3266 4265 3338 4316 tt,
3367 4260 3416 4305 ει
3455 4265 3503 4304 tv
3520 4249 3565 4318 )..

1983 4342 2127 4413 Ergo
2154 4340 2276 4396 inde
2294 4349 2605 4397 erant-oves
2624 4383 2637 4407 ,
2667 4348 2722 4395 et
2745 4340 2925 4395 multae
2953 4355 3115 4406 oves;
3135 4341 3229 4396 scd
3257 4357 3362 4396 non
3390 4342 3519 4397 solm
3548 4360 3562 4395 :

1985 4433 2214 4489 habebat
2239 4433 2494 4488 Dominus
2517 4432 2649 4486 alias
2688 4431 2755 4485 de
2789 4431 3069 4487 Gentibus.
3104 4431 3208 4501 Ipsi
3249 4433 3356 4489 duo
3386 4434 3563 4503 populi

1982 4535 2233 4597 tanquam
2258 4526 2328 4581 de
2354 4526 2566 4580 diverso
2602 4525 2878 4579 venientes
2897 4566 2910 4587 ,
2934 4524 3092 4579 etiam
3117 4525 3324 4579 duobus
3351 4526 3569 4595 parieti-

1984 4616 2083 4671 bus
2109 4615 2493 4686 signiﬁeantur.
2524 4613 2680 4667 Venit
2717 4614 2860 4667 enim
2903 4613 3139 4668 Ecclesia
3168 4613 3473 4670 Iudaeorum
3494 4615 3569 4677 .de

1984 4706 2415 4771 circumcisione;
2443 4704 2589 4759 venit
2628 4703 2869 4758 Ecclesia
2899 4702 3147 4759 Gentium
3173 4704 3239 4759 de
3270 4708 3528 4776 praeputio
3553 4726 3564 4760 :

1984 4798 2052 4854 de
2078 4799 2289 4854 diverso
2315 4797 2589 4853 venientes
2630 4797 2683 4851 in
2718 4796 2879 4851 domo
2906 4796 2927 4829 ⁸
2951 4798 3400 4868 conjuncti/sunt.
3443 4799 3571 4857 Ideo

1986 4892 2241 4963 Dominus
2269 4890 2441 4945 dictus
2470 4899 2550 4944 est
2588 4889 2721 4960 lapis
2748 4890 3017 4960 angularia
3046 4907 3060 4944 :
3085 4889 3214 4945 dicit
3239 4892 3380 4945 enim
3420 4892 3569 4945 Psal-

1985 4997 2105 5037 mus
2123 5025 2137 5047 ,
2179 4981 2424 5052 Lapidem
2475 4998 2620 5051 quem
2672 4985 3060 5051 reprobaverunt
3105 4982 3411 5051 testificantes
3429 5024 3444 5049 ,
3489 4984 3570 5037 hic

1987 5077 2151 5146 factus
2188 5082 2261 5127 est
2304 5073 2355 5126 in
2404 5081 2553 5141 caput
2581 5072 2756 5142 anguli
2788 5070 2956 5143 (Psal.
2980 5086 3118 5126 cxvu
3141 5112 3155 5137 ,
3184 5070 3276 5143 22)
3301 5088 3315 5139 ;
3343 5072 3472 5128 dicit
3517 5084 3572 5129 et

1987 5165 2296 5236 Apostolus,
2316 5162 2439 5235 Ipso
2457 5179 2650 5218 summa
2669 5162 2905 5235 angulari
2934 5163 3104 5235 lapide
3120 5165 3358 5221 existente
3373 5165 3572 5222 Christo

1987 5257 2110 5313 Iesu
2144 5256 2357 5330 (Ephes.
2392 5271 2457 5324 ιι,
2487 5255 2603 5327 20).
2633 5254 2733 5312 Ubi
2775 5265 2858 5311 est
2898 5257 3156 5328 angulus,
3194 5257 3302 5314 duo
3343 5259 3574 5329 parietes

1985 5488 1995 5497 .
2052 5447 2200 5507 lguss.
2216 5457 2229 5492 :
2246 5441 2314 5507 si,
2330 5454 2460 5507 ergo,
2484 5442 2725 5507 Pauloque
2748 5449 2854 5506 post
2873 5442 2970 5493 duo
2992 5448 3098 5493 uss.
3117 5477 3133 5501 ,
3150 5439 3204 5491 id
3243 5446 3331 5503 est,
3354 5438 3574 5495 laudatas

2054 5631 2073 5696 ξ
2096 5605 2701 5696 saansaan
2722 5635 2765 5679 α
2788 5627 2852 5693 Ιιι.

2048 5690 2072 5722 ⁸
2095 5699 2194 5739 Duo
2209 5696 2338 5750 Mss,
2360 5702 2411 5738 tn
2434 5690 2642 5741 Domino.

2928 5770 3150 5849 {Itqu
3168 5748 3240 5846 λ’
