  <div class='ocr_page' id='page_1' title='image "/cluster/home/n/w/nwhite01/storage/ocr_20150623/38/hvd.32044096580600/027.png"; bbox 0 0 4024 6202; ppageno 0'>
   <div class='ocr_carea' id='block_1_1' title="bbox 481 277 544 329">
    <p class='ocr_par' dir='ltr' id='par_1_1' title="bbox 481 277 544 329">
     <span class='ocr_line' id='line_1_1' title="bbox 481 277 544 329; baseline 0 0"><span class='ocrx_word' id='word_1_1' title='bbox 481 277 544 329; x_wconf 66' lang='grc' dir='ltr'><strong>ιδ</strong></span> 
     </span>
    </p>
   </div>
   <div class='ocr_carea' id='block_1_2' title="bbox 406 380 2049 461">
    <p class='ocr_par' dir='ltr' id='par_1_2' title="bbox 406 380 2049 461">
     <span class='ocr_line' id='line_1_2' title="bbox 406 380 2049 461; baseline 0 -13"><span class='ocrx_word' id='word_1_2' title='bbox 406 380 427 401; x_wconf 55' lang='grc'><em>³</em></span> <span class='ocrx_word' id='word_1_3' title='bbox 475 390 787 461; x_wconf 83' lang='lat' dir='ltr'><strong>cepulantur</strong></span> <span class='ocrx_word' id='word_1_4' title='bbox 816 408 828 444; x_wconf 87' lang='lat'><strong>:</strong></span> <span class='ocrx_word' id='word_1_5' title='bbox 860 390 912 446; x_wconf 92' lang='lat' dir='ltr'><strong>in</strong></span> <span class='ocrx_word' id='word_1_6' title='bbox 939 390 1132 460; x_wconf 61' lang='lat' dir='ltr'><strong>angulo</strong></span> <span class='ocrx_word' id='word_1_7' title='bbox 1161 387 1266 443; x_wconf 84' lang='lat' dir='ltr'><strong>duo</strong></span> <span class='ocrx_word' id='word_1_8' title='bbox 1295 387 1521 457; x_wconf 85' lang='lat' dir='ltr'><strong>parietes</strong></span> <span class='ocrx_word' id='word_1_9' title='bbox 1542 431 1555 455; x_wconf 89' lang='lat'><strong>,</strong></span> <span class='ocrx_word' id='word_1_10' title='bbox 1583 389 1686 444; x_wconf 87' lang='lat' dir='ltr'><strong>nisi</strong></span> <span class='ocrx_word' id='word_1_11' title='bbox 1709 390 1776 446; x_wconf 90' lang='lat' dir='ltr'><strong>de</strong></span> <span class='ocrx_word' id='word_1_12' title='bbox 1801 392 2013 450; x_wconf 90' lang='lat' dir='ltr'><strong>diverso</strong></span> <span class='ocrx_word' id='word_1_13' title='bbox 2032 436 2049 461; x_wconf 87' lang='lat'><strong>,</strong></span> 
     </span>
    </p>
   </div>
   <div class='ocr_carea' id='block_1_3' title="bbox 477 478 2051 552">
    <p class='ocr_par' dir='ltr' id='par_1_3' title="bbox 477 478 2051 552">
     <span class='ocr_line' id='line_1_3' title="bbox 477 478 2051 552; baseline -0.003 -13"><span class='ocrx_word' id='word_1_14' title='bbox 477 498 581 539; x_wconf 91' lang='lat' dir='ltr'><strong>non</strong></span> <span class='ocrx_word' id='word_1_15' title='bbox 612 481 966 538; x_wconf 89' lang='lat' dir='ltr'><strong>conveniunt:</strong></span> <span class='ocrx_word' id='word_1_16' title='bbox 993 493 1113 533; x_wconf 91' lang='lat' dir='ltr'><strong>nam</strong></span> <span class='ocrx_word' id='word_1_17' title='bbox 1139 478 1183 533; x_wconf 87' lang='lat' dir='ltr'><strong>si</strong></span> <span class='ocrx_word' id='word_1_18' title='bbox 1213 493 1276 531; x_wconf 77' lang='lat' dir='ltr'><strong>ex</strong></span> <span class='ocrx_word' id='word_1_19' title='bbox 1304 492 1404 532; x_wconf 89' lang='lat' dir='ltr'><strong>una</strong></span> <span class='ocrx_word' id='word_1_20' title='bbox 1427 487 1575 548; x_wconf 90' lang='lat' dir='ltr'><strong>parte</strong></span> <span class='ocrx_word' id='word_1_21' title='bbox 1599 480 1815 535; x_wconf 89' lang='lat' dir='ltr'><strong>veniunt</strong></span> <span class='ocrx_word' id='word_1_22' title='bbox 1837 521 1853 546; x_wconf 90' lang='lat'><strong>,</strong></span> <span class='ocrx_word' id='word_1_23' title='bbox 1883 497 2051 552; x_wconf 87' lang='lat' dir='ltr'><strong>angn-</strong></span> 
     </span>
    </p>
   </div>
   <div class='ocr_carea' id='block_1_4' title="bbox 474 569 2048 644">
    <p class='ocr_par' dir='ltr' id='par_1_4' title="bbox 474 569 2048 644">
     <span class='ocr_line' id='line_1_4' title="bbox 474 569 2048 644; baseline -0.001 -15"><span class='ocrx_word' id='word_1_24' title='bbox 474 574 583 630; x_wconf 90' lang='lat' dir='ltr'><strong>lum</strong></span> <span class='ocrx_word' id='word_1_25' title='bbox 610 589 717 629; x_wconf 90' lang='lat' dir='ltr'><strong>non</strong></span> <span class='ocrx_word' id='word_1_26' title='bbox 750 573 961 627; x_wconf 81' lang='lat' dir='ltr'><strong>faciunt.</strong></span> <span class='ocrx_word' id='word_1_27' title='bbox 997 571 1109 626; x_wconf 90' lang='lat' dir='ltr'><strong>Duo</strong></span> <span class='ocrx_word' id='word_1_28' title='bbox 1148 584 1273 640; x_wconf 78' lang='lat' dir='ltr'><strong>ergo</strong></span> <span class='ocrx_word' id='word_1_29' title='bbox 1316 569 1449 624; x_wconf 80' lang='lat' dir='ltr'><strong>Inedi</strong></span> <span class='ocrx_word' id='word_1_30' title='bbox 1472 610 1489 634; x_wconf 91' lang='lat'><strong>,</strong></span> <span class='ocrx_word' id='word_1_31' title='bbox 1531 570 1628 641; x_wconf 91' lang='lat' dir='ltr'><strong>ipsi</strong></span> <span class='ocrx_word' id='word_1_32' title='bbox 1656 581 1779 627; x_wconf 89' lang='lat' dir='ltr'><strong>sunt</strong></span> <span class='ocrx_word' id='word_1_33' title='bbox 1805 572 1910 628; x_wconf 91' lang='lat' dir='ltr'><strong>duo</strong></span> <span class='ocrx_word' id='word_1_34' title='bbox 1953 589 2048 644; x_wconf 86' lang='lat' dir='ltr'><strong>po-</strong></span> 
     </span>
    </p>
   </div>
   <div class='ocr_carea' id='block_1_5' title="bbox 473 661 2049 738">
    <p class='ocr_par' dir='ltr' id='par_1_5' title="bbox 473 661 2049 738">
     <span class='ocr_line' id='line_1_5' title="bbox 473 661 2049 738; baseline -0.001 -16"><span class='ocrx_word' id='word_1_35' title='bbox 473 667 611 738; x_wconf 91' lang='lat' dir='ltr'><strong>puli,</strong></span> <span class='ocrx_word' id='word_1_36' title='bbox 640 668 749 736; x_wconf 88' lang='lat' dir='ltr'><strong>ipsa</strong></span> <span class='ocrx_word' id='word_1_37' title='bbox 772 673 893 720; x_wconf 91' lang='lat' dir='ltr'><strong>sunt</strong></span> <span class='ocrx_word' id='word_1_38' title='bbox 916 662 1020 719; x_wconf 90' lang='lat' dir='ltr'><strong>duo</strong></span> <span class='ocrx_word' id='word_1_39' title='bbox 1040 662 1194 719; x_wconf 78' lang='lat' dir='ltr'><strong>ovilia</strong></span> <span class='ocrx_word' id='word_1_40' title='bbox 1216 704 1231 728; x_wconf 91' lang='lat'><strong>,</strong></span> <span class='ocrx_word' id='word_1_41' title='bbox 1263 662 1361 735; x_wconf 88' lang='lat' dir='ltr'><strong>ipsi</strong></span> <span class='ocrx_word' id='word_1_42' title='bbox 1381 669 1505 717; x_wconf 89' lang='lat' dir='ltr'><strong>sunt</strong></span> <span class='ocrx_word' id='word_1_43' title='bbox 1531 661 1637 718; x_wconf 90' lang='lat' dir='ltr'><strong>duo</strong></span> <span class='ocrx_word' id='word_1_44' title='bbox 1670 664 1925 733; x_wconf 77' lang='lat' dir='ltr'><strong>parietes;</strong></span> <span class='ocrx_word' id='word_1_45' title='bbox 1952 665 2049 735; x_wconf 88' lang='lat' dir='ltr'><strong>ipsi</strong></span> 
     </span>
    </p>
   </div>
   <div class='ocr_carea' id='block_1_6' title="bbox 473 752 2046 827">
    <p class='ocr_par' dir='ltr' id='par_1_6' title="bbox 473 752 2046 827">
     <span class='ocr_line' id='line_1_6' title="bbox 473 752 2046 827; baseline 0.001 -16"><span class='ocrx_word' id='word_1_46' title='bbox 473 766 597 811; x_wconf 88' lang='lat' dir='ltr'><strong>sunt</strong></span> <span class='ocrx_word' id='word_1_47' title='bbox 631 756 735 811; x_wconf 93' lang='lat' dir='ltr'><strong>duo</strong></span> <span class='ocrx_word' id='word_1_48' title='bbox 762 754 887 809; x_wconf 71' lang='lat' dir='ltr'><strong>cmei</strong></span> <span class='ocrx_word' id='word_1_49' title='bbox 927 754 1013 824; x_wconf 92' lang='lat' dir='ltr'><strong>qui</strong></span> <span class='ocrx_word' id='word_1_50' title='bbox 1045 752 1301 809; x_wconf 88' lang='lat' dir='ltr'><strong>sedebant</strong></span> <span class='ocrx_word' id='word_1_51' title='bbox 1341 753 1394 808; x_wconf 89' lang='lat' dir='ltr'><strong>in</strong></span> <span class='ocrx_word' id='word_1_52' title='bbox 1429 752 1511 807; x_wconf 95' lang='lat' dir='ltr'><strong>via</strong></span> <span class='ocrx_word' id='word_1_53' title='bbox 1539 752 1751 823; x_wconf 75' lang='lat' dir='ltr'><strong>(Matth.</strong></span> <span class='ocrx_word' id='word_1_54' title='bbox 1792 770 1899 818; x_wconf 76' lang='lat' dir='ltr'><strong>xx,</strong></span> <span class='ocrx_word' id='word_1_55' title='bbox 1925 755 2046 827; x_wconf 84' lang='lat'><strong>50);</strong></span> 
     </span>
    </p>
   </div>
   <div class='ocr_carea' id='block_1_7' title="bbox 474 846 2044 919">
    <p class='ocr_par' dir='ltr' id='par_1_7' title="bbox 474 846 2044 919">
     <span class='ocr_line' id='line_1_7' title="bbox 474 846 2044 919; baseline 0 -15"><span class='ocrx_word' id='word_1_56' title='bbox 474 849 603 919; x_wconf 57' lang='lat' dir='ltr'><strong>ipsa?</strong></span> <span class='ocrx_word' id='word_1_57' title='bbox 623 854 745 902; x_wconf 88' lang='lat' dir='ltr'><strong>sunt</strong></span> <span class='ocrx_word' id='word_1_58' title='bbox 770 846 887 900; x_wconf 77' lang='lat' dir='ltr'><strong>dua:</strong></span> <span class='ocrx_word' id='word_1_59' title='bbox 914 862 1075 902; x_wconf 89' lang='lat' dir='ltr'><strong>naves</strong></span> <span class='ocrx_word' id='word_1_60' title='bbox 1104 846 1155 901; x_wconf 92' lang='lat' dir='ltr'><strong>in</strong></span> <span class='ocrx_word' id='word_1_61' title='bbox 1192 860 1322 917; x_wconf 84' lang='lat' dir='ltr'><strong>quas</strong></span> <span class='ocrx_word' id='word_1_62' title='bbox 1350 846 1507 902; x_wconf 89' lang='lat' dir='ltr'><strong>levati</strong></span> <span class='ocrx_word' id='word_1_63' title='bbox 1536 854 1660 901; x_wconf 88' lang='lat' dir='ltr'><strong>sunt</strong></span> <span class='ocrx_word' id='word_1_64' title='bbox 1699 846 1871 916; x_wconf 91' lang='lat' dir='ltr'><strong>pisces</strong></span> <span class='ocrx_word' id='word_1_65' title='bbox 1895 847 2044 919; x_wconf 84' lang='lat' dir='ltr'><strong>(an.</strong></span> 
     </span>
    </p>
   </div>
   <div class='ocr_carea' id='block_1_8' title="bbox 471 934 2046 1010">
    <p class='ocr_par' dir='ltr' id='par_1_8' title="bbox 471 934 2046 1010">
     <span class='ocr_line' id='line_1_8' title="bbox 471 934 2046 1010; baseline 0.001 -19"><span class='ocrx_word' id='word_1_66' title='bbox 471 956 526 1005; x_wconf 89' lang='lat' dir='ltr'><strong>v,</strong></span> <span class='ocrx_word' id='word_1_67' title='bbox 549 936 624 1010; x_wconf 87' lang='lat'><strong>7).</strong></span> <span class='ocrx_word' id='word_1_68' title='bbox 650 937 824 992; x_wconf 85' lang='lat' dir='ltr'><strong>Multis</strong></span> <span class='ocrx_word' id='word_1_69' title='bbox 855 936 906 991; x_wconf 92' lang='lat' dir='ltr'><strong>in</strong></span> <span class='ocrx_word' id='word_1_70' title='bbox 946 934 1078 992; x_wconf 90' lang='lat' dir='ltr'><strong>locis</strong></span> <span class='ocrx_word' id='word_1_71' title='bbox 1110 936 1499 1007; x_wconf 89' lang='lat' dir='ltr'><strong>Scripturarum</strong></span> <span class='ocrx_word' id='word_1_72' title='bbox 1540 935 1902 1007; x_wconf 85' lang='lat' dir='ltr'><strong>intelliguntur</strong></span> <span class='ocrx_word' id='word_1_73' title='bbox 1941 937 2046 995; x_wconf 90' lang='lat' dir='ltr'><strong>duo</strong></span> 
     </span>
    </p>
   </div>
   <div class='ocr_carea' id='block_1_9' title="bbox 474 1027 1429 1100">
    <p class='ocr_par' dir='ltr' id='par_1_9' title="bbox 474 1027 1429 1100">
     <span class='ocr_line' id='line_1_9' title="bbox 474 1027 1429 1100; baseline 0 -17"><span class='ocrx_word' id='word_1_74' title='bbox 474 1028 653 1100; x_wconf 79' lang='lat' dir='ltr'><strong>populi</strong></span> <span class='ocrx_word' id='word_1_75' title='bbox 680 1046 691 1082; x_wconf 91' lang='lat'>:</span> <span class='ocrx_word' id='word_1_76' title='bbox 716 1028 809 1085; x_wconf 89' lang='lat' dir='ltr'><strong>sed</strong></span> <span class='ocrx_word' id='word_1_77' title='bbox 834 1042 994 1083; x_wconf 88' lang='lat' dir='ltr'><strong>unum</strong></span> <span class='ocrx_word' id='word_1_78' title='bbox 1017 1035 1138 1083; x_wconf 86' lang='lat' dir='ltr'><strong>sunt</strong></span> <span class='ocrx_word' id='word_1_79' title='bbox 1165 1027 1217 1084; x_wconf 90' lang='lat' dir='ltr'><strong>in</strong></span> <span class='ocrx_word' id='word_1_80' title='bbox 1245 1027 1429 1085; x_wconf 84' lang='lat' dir='ltr'><strong>Jacob.</strong></span> 
     </span>
    </p>
   </div>
   <div class='ocr_carea' id='block_1_10' title="bbox 541 1141 2046 1225">
    <p class='ocr_par' dir='ltr' id='par_1_10' title="bbox 541 1141 2046 1225">
     <span class='ocr_line' id='line_1_10' title="bbox 541 1141 2046 1225; baseline 0.003 -26"><span class='ocrx_word' id='word_1_81' title='bbox 541 1143 765 1200; x_wconf 80' lang='lat' dir='ltr'><strong>CAPUT</strong></span> <span class='ocrx_word' id='word_1_82' title='bbox 829 1142 1011 1198; x_wconf 67' lang='lat' dir='ltr'><strong>XVIII.</strong></span> <span class='ocrx_word' id='word_1_83' title='bbox 1052 1142 1231 1198; x_wconf 90' lang='lat'><strong>—19.</strong></span> <span class='ocrx_word' id='word_1_84' title='bbox 1288 1141 1438 1198; x_wconf 82' lang='lat' dir='ltr'><strong>litedi</strong></span> <span class='ocrx_word' id='word_1_85' title='bbox 1479 1159 1572 1198; x_wconf 86' lang='lat' dir='ltr'><strong>cur</strong></span> <span class='ocrx_word' id='word_1_86' title='bbox 1623 1145 1822 1225; x_wconf 72' lang='lat' dir='ltr'><strong>populi.</strong></span> <span class='ocrx_word' id='word_1_87' title='bbox 1871 1146 2046 1215; x_wconf 81' lang='lat' dir='ltr'><strong>Quare</strong></span> 
     </span>
    </p>
   </div>
   <div class='ocr_carea' id='block_1_11' title="bbox 472 1233 2046 1307">
    <p class='ocr_par' dir='ltr' id='par_1_11' title="bbox 472 1233 2046 1307">
     <span class='ocr_line' id='line_1_11' title="bbox 472 1233 2046 1307; baseline 0.004 -21"><span class='ocrx_word' id='word_1_88' title='bbox 472 1234 645 1301; x_wconf 81' lang='lat' dir='ltr'><strong>haedi,</strong></span> <span class='ocrx_word' id='word_1_89' title='bbox 693 1234 830 1289; x_wconf 91' lang='lat' dir='ltr'><strong>dicet</strong></span> <span class='ocrx_word' id='word_1_90' title='bbox 876 1233 1109 1304; x_wconf 80' lang='lat' dir='ltr'><strong>aliquis?</strong></span> <span class='ocrx_word' id='word_1_91' title='bbox 1157 1233 1304 1289; x_wconf 61' lang='lat' dir='ltr'><strong>lliedi</strong></span> <span class='ocrx_word' id='word_1_92' title='bbox 1353 1235 1519 1289; x_wconf 85' lang='lat' dir='ltr'><strong>nostis</strong></span> <span class='ocrx_word' id='word_1_93' title='bbox 1568 1236 1689 1304; x_wconf 83' lang='lat' dir='ltr'><strong>quia</strong></span> <span class='ocrx_word' id='word_1_94' title='bbox 1740 1247 2046 1307; x_wconf 85' lang='lat' dir='ltr'><strong>peccatores</strong></span> 
     </span>
    </p>
   </div>
   <div class='ocr_carea' id='block_1_12' title="bbox 470 1326 2043 1394">
    <p class='ocr_par' dir='ltr' id='par_1_12' title="bbox 470 1326 2043 1394">
     <span class='ocr_line' id='line_1_12' title="bbox 470 1326 2043 1394; baseline 0.003 -15"><span class='ocrx_word' id='word_1_95' title='bbox 470 1335 631 1382; x_wconf 83' lang='lat' dir='ltr'><strong>sunt:</strong></span> <span class='ocrx_word' id='word_1_96' title='bbox 660 1342 780 1381; x_wconf 88' lang='lat' dir='ltr'><strong>nam</strong></span> <span class='ocrx_word' id='word_1_97' title='bbox 820 1326 887 1381; x_wconf 89' lang='lat' dir='ltr'><strong>ad</strong></span> <span class='ocrx_word' id='word_1_98' title='bbox 934 1327 1203 1382; x_wconf 81' lang='lat' dir='ltr'><strong>sinistram</strong></span> <span class='ocrx_word' id='word_1_99' title='bbox 1255 1335 1413 1382; x_wconf 90' lang='lat' dir='ltr'><strong>erunt</strong></span> <span class='ocrx_word' id='word_1_100' title='bbox 1459 1326 1630 1394; x_wconf 71' lang='lat' dir='ltr'><strong>haedi,</strong></span> <span class='ocrx_word' id='word_1_101' title='bbox 1655 1335 1710 1383; x_wconf 91' lang='lat' dir='ltr'><strong>et</strong></span> <span class='ocrx_word' id='word_1_102' title='bbox 1745 1327 1812 1383; x_wconf 87' lang='lat' dir='ltr'><strong>ad</strong></span> <span class='ocrx_word' id='word_1_103' title='bbox 1852 1328 2043 1384; x_wconf 80' lang='lat' dir='ltr'><strong>deste-</strong></span> 
     </span>
    </p>
   </div>
   <div class='ocr_carea' id='block_1_13' title="bbox 469 1416 2045 1491">
    <p class='ocr_par' dir='ltr' id='par_1_13' title="bbox 469 1416 2045 1491">
     <span class='ocr_line' id='line_1_13' title="bbox 469 1416 2045 1491; baseline 0.001 -17"><span class='ocrx_word' id='word_1_104' title='bbox 469 1435 584 1474; x_wconf 97' lang='lat' dir='ltr'><strong>ram</strong></span> <span class='ocrx_word' id='word_1_105' title='bbox 622 1420 743 1489; x_wconf 89' lang='lat' dir='ltr'><strong>agni</strong></span> <span class='ocrx_word' id='word_1_106' title='bbox 773 1416 793 1491; x_wconf 95' lang='lat'>(</span> <span class='ocrx_word' id='word_1_107' title='bbox 811 1419 997 1474; x_wconf 69' lang='lat' dir='ltr'><strong>blatta.</strong></span> <span class='ocrx_word' id='word_1_108' title='bbox 1027 1435 1153 1483; x_wconf 71' lang='lat' dir='ltr'><strong>xxv,</strong></span> <span class='ocrx_word' id='word_1_109' title='bbox 1176 1417 1301 1490; x_wconf 78' lang='lat'><strong>55).</strong></span> <span class='ocrx_word' id='word_1_110' title='bbox 1334 1417 1439 1474; x_wconf 89' lang='lat' dir='ltr'><strong>Sed</strong></span> <span class='ocrx_word' id='word_1_111' title='bbox 1474 1418 1565 1490; x_wconf 89' lang='lat' dir='ltr'><strong>qui</strong></span> <span class='ocrx_word' id='word_1_112' title='bbox 1594 1421 2045 1489; x_wconf 83' lang='lat' dir='ltr'><strong>perseveraverint</strong></span> 
     </span>
    </p>
   </div>
   <div class='ocr_carea' id='block_1_14' title="bbox 471 1507 2042 1579">
    <p class='ocr_par' dir='ltr' id='par_1_14' title="bbox 471 1507 2042 1579">
     <span class='ocr_line' id='line_1_14' title="bbox 471 1507 2042 1579; baseline -0.001 -15"><span class='ocrx_word' id='word_1_113' title='bbox 471 1509 605 1564; x_wconf 72' lang='lat' dir='ltr'><strong>lia-di</strong></span> <span class='ocrx_word' id='word_1_114' title='bbox 627 1552 642 1575; x_wconf 91' lang='lat'><strong>,</strong></span> <span class='ocrx_word' id='word_1_115' title='bbox 666 1509 764 1579; x_wconf 86' lang='lat' dir='ltr'><strong>ipsi</strong></span> <span class='ocrx_word' id='word_1_116' title='bbox 793 1520 948 1565; x_wconf 89' lang='lat' dir='ltr'><strong>erunt</strong></span> <span class='ocrx_word' id='word_1_117' title='bbox 980 1508 1047 1564; x_wconf 89' lang='lat' dir='ltr'><strong>ad</strong></span> <span class='ocrx_word' id='word_1_118' title='bbox 1093 1509 1387 1565; x_wconf 87' lang='lat' dir='ltr'><strong>sinistram.</strong></span> <span class='ocrx_word' id='word_1_119' title='bbox 1413 1507 1546 1562; x_wconf 86' lang='lat' dir='ltr'><strong>Nam</strong></span> <span class='ocrx_word' id='word_1_120' title='bbox 1589 1507 1692 1564; x_wconf 90' lang='lat' dir='ltr'><strong>nisi</strong></span> <span class='ocrx_word' id='word_1_121' title='bbox 1731 1509 1877 1578; x_wconf 90' lang='lat' dir='ltr'><strong>prius</strong></span> <span class='ocrx_word' id='word_1_122' title='bbox 1906 1509 2042 1565; x_wconf 70' lang='lat' dir='ltr'><strong>ha‘di</strong></span> 
     </span>
    </p>
   </div>
   <div class='ocr_carea' id='block_1_15' title="bbox 469 1596 2039 1670">
    <p class='ocr_par' dir='ltr' id='par_1_15' title="bbox 469 1596 2039 1670">
     <span class='ocr_line' id='line_1_15' title="bbox 469 1596 2039 1670; baseline -0.002 -14"><span class='ocrx_word' id='word_1_123' title='bbox 469 1608 677 1666; x_wconf 83' lang='lat' dir='ltr'><strong>essent,</strong></span> <span class='ocrx_word' id='word_1_124' title='bbox 706 1616 810 1654; x_wconf 89' lang='lat' dir='ltr'><strong>nun</strong></span> <span class='ocrx_word' id='word_1_125' title='bbox 837 1599 1040 1655; x_wconf 91' lang='lat' dir='ltr'><strong>diceret</strong></span> <span class='ocrx_word' id='word_1_126' title='bbox 1071 1597 1359 1653; x_wconf 85' lang='lat' dir='ltr'><strong>Dominus:</strong></span> <span class='ocrx_word' id='word_1_127' title='bbox 1389 1596 1510 1652; x_wconf 84' lang='lat' dir='ltr'><strong>Non</strong></span> <span class='ocrx_word' id='word_1_128' title='bbox 1531 1598 1641 1652; x_wconf 81' lang='lat' dir='ltr'><strong>ueni</strong></span> <span class='ocrx_word' id='word_1_129' title='bbox 1665 1599 2039 1670; x_wconf 76' lang='lat' dir='ltr'><strong>vocarejustos,</strong></span> 
     </span>
    </p>
   </div>
   <div class='ocr_carea' id='block_1_16' title="bbox 466 1687 2042 1761">
    <p class='ocr_par' dir='ltr' id='par_1_16' title="bbox 466 1687 2042 1761">
     <span class='ocr_line' id='line_1_16' title="bbox 466 1687 2042 1761; baseline -0.001 -16"><span class='ocrx_word' id='word_1_130' title='bbox 466 1689 557 1745; x_wconf 78' lang='lat' dir='ltr'><strong>sed</strong></span> <span class='ocrx_word' id='word_1_131' title='bbox 584 1699 886 1761; x_wconf 83' lang='lat' dir='ltr'><strong>peccatores.</strong></span> <span class='ocrx_word' id='word_1_132' title='bbox 908 1688 1129 1756; x_wconf 87' lang='lat' dir='ltr'><strong>Quando</strong></span> <span class='ocrx_word' id='word_1_133' title='bbox 1156 1687 1300 1757; x_wconf 89' lang='lat' dir='ltr'><strong>enim</strong></span> <span class='ocrx_word' id='word_1_134' title='bbox 1344 1687 1599 1743; x_wconf 84' lang='lat' dir='ltr'><strong>Dominus</strong></span> <span class='ocrx_word' id='word_1_135' title='bbox 1624 1687 2042 1743; x_wconf 87' lang='lat' dir='ltr'><strong>conversabatur</strong></span> 
     </span>
    </p>
   </div>
   <div class='ocr_carea' id='block_1_17' title="bbox 465 1776 2036 1851">
    <p class='ocr_par' dir='ltr' id='par_1_17' title="bbox 465 1776 2036 1851">
     <span class='ocr_line' id='line_1_17' title="bbox 465 1776 2036 1851; baseline -0.001 -17"><span class='ocrx_word' id='word_1_136' title='bbox 465 1798 587 1836; x_wconf 84' lang='lat' dir='ltr'><strong>eum</strong></span> <span class='ocrx_word' id='word_1_137' title='bbox 634 1779 1033 1851; x_wconf 81' lang='lat' dir='ltr'><strong>peccatoribus,</strong></span> <span class='ocrx_word' id='word_1_138' title='bbox 1065 1787 1119 1833; x_wconf 92' lang='lat' dir='ltr'><strong>ct</strong></span> <span class='ocrx_word' id='word_1_139' title='bbox 1158 1776 1508 1834; x_wconf 86' lang='lat' dir='ltr'><strong>manducabat</strong></span> <span class='ocrx_word' id='word_1_140' title='bbox 1548 1792 1668 1832; x_wconf 88' lang='lat' dir='ltr'><strong>cum</strong></span> <span class='ocrx_word' id='word_1_141' title='bbox 1712 1778 2036 1848; x_wconf 82' lang='lat' dir='ltr'><strong>publicanis,</strong></span> 
     </span>
    </p>
   </div>
   <div class='ocr_carea' id='block_1_18' title="bbox 463 1866 2038 1949">
    <p class='ocr_par' dir='ltr' id='par_1_18' title="bbox 463 1866 2038 1949">
     <span class='ocr_line' id='line_1_18' title="bbox 463 1866 2038 1949; baseline -0.005 -20"><span class='ocrx_word' id='word_1_142' title='bbox 463 1871 632 1929; x_wconf 70' lang='grc' dir='ltr'><strong>,ιυάωὶ</strong></span> <span class='ocrx_word' id='word_1_143' title='bbox 672 1871 821 1942; x_wconf 83' lang='lat' dir='ltr'><strong>quasi</strong></span> <span class='ocrx_word' id='word_1_144' title='bbox 849 1870 998 1949; x_wconf 85' lang='lat' dir='ltr'><strong>agni,</strong></span> <span class='ocrx_word' id='word_1_145' title='bbox 1032 1869 1083 1924; x_wconf 93' lang='lat' dir='ltr'><strong>id</strong></span> <span class='ocrx_word' id='word_1_146' title='bbox 1126 1877 1241 1933; x_wconf 89' lang='lat' dir='ltr'><strong>est,</strong></span> <span class='ocrx_word' id='word_1_147' title='bbox 1273 1867 1420 1939; x_wconf 87' lang='lat' dir='ltr'><strong>quasi</strong></span> <span class='ocrx_word' id='word_1_148' title='bbox 1444 1866 1607 1937; x_wconf 91' lang='lat' dir='ltr'><strong>justi,</strong></span> <span class='ocrx_word' id='word_1_149' title='bbox 1639 1875 1693 1923; x_wconf 91' lang='lat' dir='ltr'><strong>et</strong></span> <span class='ocrx_word' id='word_1_150' title='bbox 1718 1882 1815 1938; x_wconf 90' lang='lat' dir='ltr'><strong>per</strong></span> <span class='ocrx_word' id='word_1_151' title='bbox 1848 1882 2038 1939; x_wconf 88' lang='lat' dir='ltr'><strong>super-</strong></span> 
     </span>
    </p>
   </div>
   <div class='ocr_carea' id='block_1_19' title="bbox 465 1960 2040 2036">
    <p class='ocr_par' dir='ltr' id='par_1_19' title="bbox 465 1960 2040 2036">
     <span class='ocr_line' id='line_1_19' title="bbox 465 1960 2040 2036; baseline -0.006 -14"><span class='ocrx_word' id='word_1_152' title='bbox 465 1965 606 2022; x_wconf 76' lang='lat' dir='ltr'><strong>biam</strong></span> <span class='ocrx_word' id='word_1_153' title='bbox 649 1963 816 2036; x_wconf 88' lang='lat' dir='ltr'><strong>magis</strong></span> <span class='ocrx_word' id='word_1_154' title='bbox 845 1963 1012 2026; x_wconf 89' lang='lat' dir='ltr'><strong>hirci,</strong></span> <span class='ocrx_word' id='word_1_155' title='bbox 1038 1961 1350 2032; x_wconf 86' lang='lat' dir='ltr'><strong>objecerunt</strong></span> <span class='ocrx_word' id='word_1_156' title='bbox 1388 1960 1611 2016; x_wconf 89' lang='lat' dir='ltr'><strong>Domino</strong></span> <span class='ocrx_word' id='word_1_157' title='bbox 1653 1968 1900 2031; x_wconf 88' lang='lat' dir='ltr'><strong>tanquam</strong></span> <span class='ocrx_word' id='word_1_158' title='bbox 1936 1960 2040 2014; x_wconf 86' lang='lat' dir='ltr'><strong>cri-</strong></span> 
     </span>
    </p>
   </div>
   <div class='ocr_carea' id='block_1_20' title="bbox 463 2051 2038 2126">
    <p class='ocr_par' dir='ltr' id='par_1_20' title="bbox 463 2051 2038 2126">
     <span class='ocr_line' id='line_1_20' title="bbox 463 2051 2038 2126; baseline -0.004 -15"><span class='ocrx_word' id='word_1_159' title='bbox 463 2072 621 2126; x_wconf 89' lang='lat' dir='ltr'><strong>men,</strong></span> <span class='ocrx_word' id='word_1_160' title='bbox 651 2056 757 2112; x_wconf 91' lang='lat' dir='ltr'><strong>imo</strong></span> <span class='ocrx_word' id='word_1_161' title='bbox 800 2054 1071 2123; x_wconf 86' lang='lat' dir='ltr'><strong>discipulis</strong></span> <span class='ocrx_word' id='word_1_162' title='bbox 1116 2052 1232 2123; x_wconf 91' lang='lat' dir='ltr'><strong>ejus</strong></span> <span class='ocrx_word' id='word_1_163' title='bbox 1277 2051 1525 2107; x_wconf 78' lang='lat' dir='ltr'><strong>dixerunt</strong></span> <span class='ocrx_word' id='word_1_164' title='bbox 1549 2069 1563 2107; x_wconf 89' lang='lat'><strong>:</strong></span> <span class='ocrx_word' id='word_1_165' title='bbox 1590 2051 1758 2118; x_wconf 84' lang='lat' dir='ltr'><strong>Quare</strong></span> <span class='ocrx_word' id='word_1_166' title='bbox 1803 2051 2038 2122; x_wconf 78' lang='lat' dir='ltr'><strong>magister</strong></span> 
     </span>
    </p>
   </div>
   <div class='ocr_carea' id='block_1_21' title="bbox 458 2142 2036 2218">
    <p class='ocr_par' dir='ltr' id='par_1_21' title="bbox 458 2142 2036 2218">
     <span class='ocr_line' id='line_1_21' title="bbox 458 2142 2036 2218; baseline -0.006 -12"><span class='ocrx_word' id='word_1_167' title='bbox 458 2158 615 2206; x_wconf 70' lang='lat' dir='ltr'><strong>vester</strong></span> <span class='ocrx_word' id='word_1_168' title='bbox 627 2164 741 2202; x_wconf 77' lang='lat' dir='ltr'><strong>cum</strong></span> <span class='ocrx_word' id='word_1_169' title='bbox 761 2146 1039 2218; x_wconf 81' lang='lat' dir='ltr'><strong>publicanis</strong></span> <span class='ocrx_word' id='word_1_170' title='bbox 1054 2155 1100 2199; x_wconf 88' lang='lat' dir='ltr'><strong>et</strong></span> <span class='ocrx_word' id='word_1_171' title='bbox 1116 2142 1456 2215; x_wconf 72' lang='lat' dir='ltr'><strong>peccatoribus</strong></span> <span class='ocrx_word' id='word_1_172' title='bbox 1470 2142 1737 2197; x_wconf 81' lang='lat' dir='ltr'><strong>manducet</strong></span> <span class='ocrx_word' id='word_1_173' title='bbox 1753 2144 1778 2198; x_wconf 85' lang='lat'><strong>?</strong></span> <span class='ocrx_word' id='word_1_174' title='bbox 1800 2142 2036 2213; x_wconf 81' lang='lat' dir='ltr'><strong>Respon-</strong></span> 
     </span>
    </p>
   </div>
   <div class='ocr_carea' id='block_1_22' title="bbox 455 2232 2032 2307">
    <p class='ocr_par' dir='ltr' id='par_1_22' title="bbox 455 2232 2032 2307">
     <span class='ocr_line' id='line_1_22' title="bbox 455 2232 2032 2307; baseline -0.006 -11"><span class='ocrx_word' id='word_1_175' title='bbox 455 2240 592 2298; x_wconf 87' lang='lat' dir='ltr'><strong>dens</strong></span> <span class='ocrx_word' id='word_1_176' title='bbox 633 2239 917 2304; x_wconf 87' lang='lat' dir='ltr'><strong>Dominus,</strong></span> <span class='ocrx_word' id='word_1_177' title='bbox 946 2236 1215 2307; x_wconf 89' lang='lat' dir='ltr'><strong>quomodo</strong></span> <span class='ocrx_word' id='word_1_178' title='bbox 1250 2251 1309 2292; x_wconf 90' lang='lat' dir='ltr'><strong>se</strong></span> <span class='ocrx_word' id='word_1_179' title='bbox 1334 2233 1602 2291; x_wconf 88' lang='lat' dir='ltr'><strong>defendit?</strong></span> <span class='ocrx_word' id='word_1_180' title='bbox 1632 2232 1753 2288; x_wconf 86' lang='lat' dir='ltr'><strong>Non</strong></span> <span class='ocrx_word' id='word_1_181' title='bbox 1780 2243 1851 2290; x_wconf 82' lang='lat' dir='ltr'><strong>est</strong></span> <span class='ocrx_word' id='word_1_182' title='bbox 1873 2250 2032 2305; x_wconf 80' lang='lat' dir='ltr'><strong>opus,</strong></span> 
     </span>
    </p>
   </div>
   <div class='ocr_carea' id='block_1_23' title="bbox 457 2323 2036 2402">
    <p class='ocr_par' dir='ltr' id='par_1_23' title="bbox 457 2323 2036 2402">
     <span class='ocr_line' id='line_1_23' title="bbox 457 2323 2036 2402; baseline -0.006 -16"><span class='ocrx_word' id='word_1_183' title='bbox 457 2331 657 2402; x_wconf 82' lang='lat' dir='ltr'><strong>inquit,</strong></span> <span class='ocrx_word' id='word_1_184' title='bbox 689 2329 827 2384; x_wconf 83' lang='lat' dir='ltr'><strong>sanis</strong></span> <span class='ocrx_word' id='word_1_185' title='bbox 865 2328 1089 2382; x_wconf 82' lang='lat' dir='ltr'><strong>medicus</strong></span> <span class='ocrx_word' id='word_1_186' title='bbox 1107 2367 1123 2393; x_wconf 93' lang='lat'><strong>,</strong></span> <span class='ocrx_word' id='word_1_187' title='bbox 1154 2325 1244 2380; x_wconf 85' lang='lat' dir='ltr'><strong>sed</strong></span> <span class='ocrx_word' id='word_1_188' title='bbox 1279 2324 1410 2378; x_wconf 87' lang='lat' dir='ltr'><strong>male</strong></span> <span class='ocrx_word' id='word_1_189' title='bbox 1449 2323 1738 2378; x_wconf 76' lang='lat' dir='ltr'><strong>habentibus</strong></span> <span class='ocrx_word' id='word_1_190' title='bbox 1758 2339 1777 2378; x_wconf 91' lang='lat'><strong><em>:</em></strong></span> <span class='ocrx_word' id='word_1_191' title='bbox 1799 2340 1898 2377; x_wconf 88' lang='lat' dir='ltr'><strong>nou</strong></span> <span class='ocrx_word' id='word_1_192' title='bbox 1926 2324 2036 2377; x_wconf 75' lang='lat' dir='ltr'><strong>ueni</strong></span> 
     </span>
    </p>
   </div>
   <div class='ocr_carea' id='block_1_24' title="bbox 453 2412 2035 2489">
    <p class='ocr_par' dir='ltr' id='par_1_24' title="bbox 453 2412 2035 2489">
     <span class='ocr_line' id='line_1_24' title="bbox 453 2412 2035 2489; baseline -0.005 -15"><span class='ocrx_word' id='word_1_193' title='bbox 453 2434 632 2475; x_wconf 70' lang='lat' dir='ltr'><strong>vocare</strong></span> <span class='ocrx_word' id='word_1_194' title='bbox 660 2423 866 2489; x_wconf 80' lang='lat' dir='ltr'><strong>justas,</strong></span> <span class='ocrx_word' id='word_1_195' title='bbox 895 2416 984 2471; x_wconf 83' lang='lat' dir='ltr'><strong>sed</strong></span> <span class='ocrx_word' id='word_1_196' title='bbox 1023 2424 1305 2486; x_wconf 86' lang='lat' dir='ltr'><strong>peccatores</strong></span> <span class='ocrx_word' id='word_1_197' title='bbox 1353 2412 1462 2485; x_wconf 85' lang='lat' dir='ltr'><strong>(Id.</strong></span> <span class='ocrx_word' id='word_1_198' title='bbox 1513 2429 1566 2468; x_wconf 73' lang='grc' dir='ltr'><strong>ιι</strong></span> <span class='ocrx_word' id='word_1_199' title='bbox 1592 2455 1608 2481; x_wconf 84' lang='grc'>,</span> <span class='ocrx_word' id='word_1_200' title='bbox 1632 2414 1837 2486; x_wconf 83' lang='lat'><strong>11-15).</strong></span> <span class='ocrx_word' id='word_1_201' title='bbox 1870 2412 2035 2468; x_wconf 83' lang='lat' dir='ltr'><strong>Vocat</strong></span> 
     </span>
    </p>
   </div>
   <div class='ocr_carea' id='block_1_25' title="bbox 454 2503 2034 2581">
    <p class='ocr_par' dir='ltr' id='par_1_25' title="bbox 454 2503 2034 2581">
     <span class='ocr_line' id='line_1_25' title="bbox 454 2503 2034 2581; baseline -0.004 -14"><span class='ocrx_word' id='word_1_202' title='bbox 454 2526 583 2581; x_wconf 80' lang='lat' dir='ltr'><strong>ergo</strong></span> <span class='ocrx_word' id='word_1_203' title='bbox 609 2509 821 2573; x_wconf 78' lang='lat' dir='ltr'><strong>luedos,</strong></span> <span class='ocrx_word' id='word_1_204' title='bbox 849 2507 944 2564; x_wconf 89' lang='lat' dir='ltr'><strong>sed</strong></span> <span class='ocrx_word' id='word_1_205' title='bbox 988 2516 1044 2563; x_wconf 91' lang='lat' dir='ltr'><strong>ut</strong></span> <span class='ocrx_word' id='word_1_206' title='bbox 1086 2521 1192 2562; x_wconf 92' lang='lat' dir='ltr'><strong>non</strong></span> <span class='ocrx_word' id='word_1_207' title='bbox 1239 2514 1578 2577; x_wconf 87' lang='lat' dir='ltr'><strong>perseverent</strong></span> <span class='ocrx_word' id='word_1_208' title='bbox 1626 2503 1786 2561; x_wconf 76' lang='lat' dir='ltr'><strong>laedi.</strong></span> <span class='ocrx_word' id='word_1_209' title='bbox 1830 2505 2034 2561; x_wconf 88' lang='lat' dir='ltr'><strong>Occidit</strong></span> 
     </span>
    </p>
   </div>
   <div class='ocr_carea' id='block_1_26' title="bbox 452 2595 2028 2669">
    <p class='ocr_par' dir='ltr' id='par_1_26' title="bbox 452 2595 2028 2669">
     <span class='ocr_line' id='line_1_26' title="bbox 452 2595 2028 2669; baseline -0.003 -13"><span class='ocrx_word' id='word_1_210' title='bbox 452 2601 595 2656; x_wconf 89' lang='lat' dir='ltr'><strong>enim</strong></span> <span class='ocrx_word' id='word_1_211' title='bbox 625 2601 746 2657; x_wconf 89' lang='lat' dir='ltr'><strong>illos</strong></span> <span class='ocrx_word' id='word_1_212' title='bbox 764 2598 949 2666; x_wconf 82' lang='lat' dir='ltr'><strong>Jacob,</strong></span> <span class='ocrx_word' id='word_1_213' title='bbox 976 2606 1030 2655; x_wconf 91' lang='lat' dir='ltr'><strong>et</strong></span> <span class='ocrx_word' id='word_1_214' title='bbox 1056 2596 1370 2669; x_wconf 69' lang='lat' dir='ltr'><strong>prteparavit</strong></span> <span class='ocrx_word' id='word_1_215' title='bbox 1391 2595 1512 2653; x_wconf 88' lang='lat' dir='ltr'><strong>inde</strong></span> <span class='ocrx_word' id='word_1_216' title='bbox 1536 2596 1718 2667; x_wconf 90' lang='lat' dir='ltr'><strong>epulas</strong></span> <span class='ocrx_word' id='word_1_217' title='bbox 1742 2597 1872 2668; x_wconf 88' lang='lat' dir='ltr'><strong>patri</strong></span> <span class='ocrx_word' id='word_1_218' title='bbox 1893 2611 2028 2662; x_wconf 90' lang='lat' dir='ltr'><strong>suo;</strong></span> 
     </span>
    </p>
   </div>
   <div class='ocr_carea' id='block_1_27' title="bbox 452 2686 2029 2761">
    <p class='ocr_par' dir='ltr' id='par_1_27' title="bbox 452 2686 2029 2761">
     <span class='ocr_line' id='line_1_27' title="bbox 452 2686 2029 2761; baseline -0.004 -12"><span class='ocrx_word' id='word_1_219' title='bbox 452 2693 504 2749; x_wconf 85' lang='lat' dir='ltr'><strong>id</strong></span> <span class='ocrx_word' id='word_1_220' title='bbox 533 2700 644 2759; x_wconf 88' lang='lat' dir='ltr'><strong>est,</strong></span> <span class='ocrx_word' id='word_1_221' title='bbox 676 2690 744 2748; x_wconf 87' lang='lat' dir='ltr'><strong>ad</strong></span> <span class='ocrx_word' id='word_1_222' title='bbox 770 2690 1169 2761; x_wconf 74' lang='lat' dir='ltr'><strong>intelligentiam</strong></span> <span class='ocrx_word' id='word_1_223' title='bbox 1198 2686 1523 2757; x_wconf 86' lang='lat' dir='ltr'><strong>spiritualem</strong></span> <span class='ocrx_word' id='word_1_224' title='bbox 1543 2729 1559 2753; x_wconf 95' lang='lat'><strong>,</strong></span> <span class='ocrx_word' id='word_1_225' title='bbox 1584 2702 1703 2757; x_wconf 77' lang='lat' dir='ltr'><strong>qua:</strong></span> <span class='ocrx_word' id='word_1_226' title='bbox 1731 2688 1780 2742; x_wconf 93' lang='lat' dir='ltr'><strong>in</strong></span> <span class='ocrx_word' id='word_1_227' title='bbox 1810 2686 1895 2742; x_wconf 85' lang='lat' dir='ltr'><strong>illa</strong></span> <span class='ocrx_word' id='word_1_228' title='bbox 1934 2688 2029 2742; x_wconf 88' lang='lat' dir='ltr'><strong>be-</strong></span> 
     </span>
    </p>
   </div>
   <div class='ocr_carea' id='block_1_28' title="bbox 454 2776 2028 2849">
    <p class='ocr_par' dir='ltr' id='par_1_28' title="bbox 454 2776 2028 2849">
     <span class='ocr_line' id='line_1_28' title="bbox 454 2776 2028 2849; baseline -0.005 -10"><span class='ocrx_word' id='word_1_229' title='bbox 454 2782 755 2839; x_wconf 74' lang='lat' dir='ltr'><strong>nedictione</strong></span> <span class='ocrx_word' id='word_1_230' title='bbox 774 2780 1001 2837; x_wconf 79' lang='lat' dir='ltr'><strong>habebat</strong></span> <span class='ocrx_word' id='word_1_231' title='bbox 1028 2778 1248 2849; x_wconf 76' lang='lat' dir='ltr'><strong>intelligi</strong></span> <span class='ocrx_word' id='word_1_232' title='bbox 1272 2818 1288 2846; x_wconf 97' lang='lat'><strong>,</strong></span> <span class='ocrx_word' id='word_1_233' title='bbox 1312 2778 1555 2848; x_wconf 84' lang='lat' dir='ltr'><strong>quamvis</strong></span> <span class='ocrx_word' id='word_1_234' title='bbox 1582 2776 1901 2849; x_wconf 86' lang='lat' dir='ltr'><strong>figurabatur</strong></span> <span class='ocrx_word' id='word_1_235' title='bbox 1928 2779 1942 2810; x_wconf 85' lang='grc'>¹</span> <span class='ocrx_word' id='word_1_236' title='bbox 1975 2777 2028 2832; x_wconf 87' lang='lat' dir='ltr'><strong>ia</strong></span> 
     </span>
    </p>
   </div>
   <div class='ocr_carea' id='block_1_29' title="bbox 454 2867 2027 2944">
    <p class='ocr_par' dir='ltr' id='par_1_29' title="bbox 454 2867 2027 2944">
     <span class='ocr_line' id='line_1_29' title="bbox 454 2867 2027 2944; baseline -0.003 -16"><span class='ocrx_word' id='word_1_237' title='bbox 454 2874 563 2931; x_wconf 86' lang='lat' dir='ltr'><strong>tilio</strong></span> <span class='ocrx_word' id='word_1_238' title='bbox 587 2872 773 2944; x_wconf 84' lang='lat' dir='ltr'><strong>majori</strong></span> <span class='ocrx_word' id='word_1_239' title='bbox 804 2890 817 2925; x_wconf 90' lang='lat'><strong>:</strong></span> <span class='ocrx_word' id='word_1_240' title='bbox 843 2871 910 2926; x_wconf 88' lang='lat' dir='ltr'><strong>ad</strong></span> <span class='ocrx_word' id='word_1_241' title='bbox 938 2871 1038 2927; x_wconf 90' lang='lat' dir='ltr'><strong>hoc</strong></span> <span class='ocrx_word' id='word_1_242' title='bbox 1076 2869 1238 2926; x_wconf 91' lang='lat' dir='ltr'><strong>occisi</strong></span> <span class='ocrx_word' id='word_1_243' title='bbox 1279 2877 1403 2925; x_wconf 92' lang='lat' dir='ltr'><strong>sunt</strong></span> <span class='ocrx_word' id='word_1_244' title='bbox 1436 2867 1605 2937; x_wconf 66' lang='lat' dir='ltr'><strong>laedi,</strong></span> <span class='ocrx_word' id='word_1_245' title='bbox 1633 2878 1693 2923; x_wconf 87' lang='lat' dir='ltr'><strong>ct</strong></span> <span class='ocrx_word' id='word_1_246' title='bbox 1730 2868 2027 2924; x_wconf 88' lang='lat' dir='ltr'><strong>manducati</strong></span> 
     </span>
    </p>
   </div>
   <div class='ocr_carea' id='block_1_30' title="bbox 449 2959 2026 3033">
    <p class='ocr_par' dir='ltr' id='par_1_30' title="bbox 449 2959 2026 3033">
     <span class='ocr_line' id='line_1_30' title="bbox 449 2959 2026 3033; baseline -0.004 -11"><span class='ocrx_word' id='word_1_247' title='bbox 449 2974 575 3022; x_wconf 84' lang='lat' dir='ltr'><strong>sunt</strong></span> <span class='ocrx_word' id='word_1_248' title='bbox 595 3007 611 3031; x_wconf 93' lang='lat'><strong>,</strong></span> <span class='ocrx_word' id='word_1_249' title='bbox 641 2975 695 3020; x_wconf 88' lang='lat' dir='ltr'><strong>et</strong></span> <span class='ocrx_word' id='word_1_250' title='bbox 716 2964 921 3033; x_wconf 86' lang='lat' dir='ltr'><strong>trajeeti</strong></span> <span class='ocrx_word' id='word_1_251' title='bbox 949 2964 999 3017; x_wconf 93' lang='lat' dir='ltr'><strong>in</strong></span> <span class='ocrx_word' id='word_1_252' title='bbox 1025 2977 1218 3032; x_wconf 85' lang='lat' dir='ltr'><strong>corpus</strong></span> <span class='ocrx_word' id='word_1_253' title='bbox 1237 2975 1423 3017; x_wconf 85' lang='lat' dir='ltr'><strong>unum.</strong></span> <span class='ocrx_word' id='word_1_254' title='bbox 1454 2959 1545 3016; x_wconf 90' lang='lat' dir='ltr'><strong>Sic</strong></span> <span class='ocrx_word' id='word_1_255' title='bbox 1570 2960 1882 3016; x_wconf 90' lang='lat' dir='ltr'><strong>occiduntur</strong></span> <span class='ocrx_word' id='word_1_256' title='bbox 1900 2976 2026 3030; x_wconf 87' lang='lat' dir='ltr'><strong>pee—</strong></span> 
     </span>
    </p>
   </div>
   <div class='ocr_carea' id='block_1_31' title="bbox 449 3051 2027 3126">
    <p class='ocr_par' dir='ltr' id='par_1_31' title="bbox 449 3051 2027 3126">
     <span class='ocr_line' id='line_1_31' title="bbox 449 3051 2027 3126; baseline -0.003 -14"><span class='ocrx_word' id='word_1_257' title='bbox 449 3066 566 3113; x_wconf 83' lang='lat' dir='ltr'><strong>eata</strong></span> <span class='ocrx_word' id='word_1_258' title='bbox 596 3054 1061 3126; x_wconf 85' lang='lat' dir='ltr'><strong>in.peeeatoribus,</strong></span> <span class='ocrx_word' id='word_1_259' title='bbox 1090 3063 1144 3109; x_wconf 92' lang='lat' dir='ltr'><strong>et</strong></span> <span class='ocrx_word' id='word_1_260' title='bbox 1168 3060 1447 3107; x_wconf 88' lang='lat' dir='ltr'><strong>transeunt</strong></span> <span class='ocrx_word' id='word_1_261' title='bbox 1473 3051 1731 3107; x_wconf 88' lang='lat' dir='ltr'><strong>interfecti</strong></span> <span class='ocrx_word' id='word_1_262' title='bbox 1753 3051 1803 3106; x_wconf 83' lang='lat' dir='ltr'><strong>in</strong></span> <span class='ocrx_word' id='word_1_263' title='bbox 1832 3065 2027 3121; x_wconf 84' lang='lat' dir='ltr'><strong>corpus</strong></span> 
     </span>
    </p>
   </div>
   <div class='ocr_carea' id='block_1_32' title="bbox 450 3141 2024 3212">
    <p class='ocr_par' dir='ltr' id='par_1_32' title="bbox 450 3141 2024 3212">
     <span class='ocr_line' id='line_1_32' title="bbox 450 3141 2024 3212; baseline -0.003 -11"><span class='ocrx_word' id='word_1_264' title='bbox 450 3160 613 3202; x_wconf 85' lang='lat' dir='ltr'><strong>unum</strong></span> <span class='ocrx_word' id='word_1_265' title='bbox 638 3143 926 3200; x_wconf 78' lang='lat' dir='ltr'><strong>Ecclesiae:</strong></span> <span class='ocrx_word' id='word_1_266' title='bbox 952 3141 1102 3212; x_wconf 87' lang='lat' dir='ltr'><strong>cujus</strong></span> <span class='ocrx_word' id='word_1_267' title='bbox 1142 3142 1394 3197; x_wconf 74' lang='lat' dir='ltr'><strong>Ecclesia:</strong></span> <span class='ocrx_word' id='word_1_268' title='bbox 1434 3141 1650 3211; x_wconf 85' lang='lat' dir='ltr'><strong>figuram</strong></span> <span class='ocrx_word' id='word_1_269' title='bbox 1680 3141 1897 3211; x_wconf 86' lang='lat' dir='ltr'><strong>gerebat</strong></span> <span class='ocrx_word' id='word_1_270' title='bbox 1926 3141 2024 3196; x_wconf 77' lang='lat' dir='ltr'><strong>Pe-</strong></span> 
     </span>
    </p>
   </div>
   <div class='ocr_carea' id='block_1_33' title="bbox 448 3233 2021 3308">
    <p class='ocr_par' dir='ltr' id='par_1_33' title="bbox 448 3233 2021 3308">
     <span class='ocr_line' id='line_1_33' title="bbox 448 3233 2021 3308; baseline -0.004 -14"><span class='ocrx_word' id='word_1_271' title='bbox 448 3251 591 3307; x_wconf 80' lang='lat' dir='ltr'><strong>trus,</strong></span> <span class='ocrx_word' id='word_1_272' title='bbox 617 3237 827 3308; x_wconf 88' lang='lat' dir='ltr'><strong>quando</strong></span> <span class='ocrx_word' id='word_1_273' title='bbox 845 3237 895 3293; x_wconf 93' lang='lat' dir='ltr'><strong>ei</strong></span> <span class='ocrx_word' id='word_1_274' title='bbox 913 3237 1110 3293; x_wconf 89' lang='lat' dir='ltr'><strong>dictum</strong></span> <span class='ocrx_word' id='word_1_275' title='bbox 1133 3246 1247 3304; x_wconf 90' lang='lat' dir='ltr'><strong>est,</strong></span> <span class='ocrx_word' id='word_1_276' title='bbox 1270 3235 1441 3290; x_wconf 71' lang='lat' dir='ltr'><strong>Macta</strong></span> <span class='ocrx_word' id='word_1_277' title='bbox 1459 3246 1506 3291; x_wconf 86' lang='lat' dir='ltr'><strong>et</strong></span> <span class='ocrx_word' id='word_1_278' title='bbox 1526 3235 1774 3289; x_wconf 86' lang='lat' dir='ltr'><strong>manduca</strong></span> <span class='ocrx_word' id='word_1_279' title='bbox 1799 3233 1935 3308; x_wconf 74' lang='lat' dir='ltr'><strong>(Act.</strong></span> <span class='ocrx_word' id='word_1_280' title='bbox 1963 3250 2021 3300; x_wconf 72' lang='grc' dir='ltr'><strong>ς,</strong></span> 
     </span>
    </p>
   </div>
   <div class='ocr_carea' id='block_1_34' title="bbox 446 3327 2022 3402">
    <p class='ocr_par' dir='ltr' id='par_1_34' title="bbox 446 3327 2022 3402">
     <span class='ocr_line' id='line_1_34' title="bbox 446 3327 2022 3402; baseline -0.003 -16"><span class='ocrx_word' id='word_1_281' title='bbox 446 3330 560 3402; x_wconf 81' lang='lat'><strong>15).</strong></span> <span class='ocrx_word' id='word_1_282' title='bbox 592 3331 730 3400; x_wconf 85' lang='lat' dir='ltr'><strong>Ergo</strong></span> <span class='ocrx_word' id='word_1_283' title='bbox 756 3330 845 3385; x_wconf 91' lang='lat' dir='ltr'><strong>ille</strong></span> <span class='ocrx_word' id='word_1_284' title='bbox 870 3329 1119 3400; x_wconf 83' lang='lat' dir='ltr'><strong>agrestis,</strong></span> <span class='ocrx_word' id='word_1_285' title='bbox 1146 3328 1247 3383; x_wconf 91' lang='lat' dir='ltr'><strong>iste</strong></span> <span class='ocrx_word' id='word_1_286' title='bbox 1274 3328 1326 3382; x_wconf 92' lang='lat' dir='ltr'><strong>in</strong></span> <span class='ocrx_word' id='word_1_287' title='bbox 1343 3328 1503 3384; x_wconf 88' lang='lat' dir='ltr'><strong>domo</strong></span> <span class='ocrx_word' id='word_1_288' title='bbox 1520 3369 1536 3393; x_wconf 94' lang='lat'><strong>,</strong></span> <span class='ocrx_word' id='word_1_289' title='bbox 1559 3336 1866 3383; x_wconf 88' lang='lat' dir='ltr'><strong>mansuetus</strong></span> <span class='ocrx_word' id='word_1_290' title='bbox 1891 3346 1903 3381; x_wconf 90' lang='lat'><strong>:</strong></span> <span class='ocrx_word' id='word_1_291' title='bbox 1935 3327 2022 3382; x_wconf 89' lang='lat' dir='ltr'><strong>ille</strong></span> 
     </span>
    </p>
   </div>
   <div class='ocr_carea' id='block_1_35' title="bbox 445 3418 2017 3492">
    <p class='ocr_par' dir='ltr' id='par_1_35' title="bbox 445 3418 2017 3492">
     <span class='ocr_line' id='line_1_35' title="bbox 445 3418 2017 3492; baseline -0.001 -16"><span class='ocrx_word' id='word_1_292' title='bbox 445 3421 635 3492; x_wconf 81' lang='lat' dir='ltr'><strong>major,</strong></span> <span class='ocrx_word' id='word_1_293' title='bbox 668 3420 767 3476; x_wconf 90' lang='lat' dir='ltr'><strong>iste</strong></span> <span class='ocrx_word' id='word_1_294' title='bbox 796 3419 969 3475; x_wconf 88' lang='lat' dir='ltr'><strong>minor</strong></span> <span class='ocrx_word' id='word_1_295' title='bbox 998 3436 1011 3472; x_wconf 92' lang='lat'><strong>:</strong></span> <span class='ocrx_word' id='word_1_296' title='bbox 1040 3418 1106 3473; x_wconf 92' lang='lat' dir='ltr'><strong>ad</strong></span> <span class='ocrx_word' id='word_1_297' title='bbox 1129 3419 1273 3474; x_wconf 91' lang='lat' dir='ltr'><strong>illum</strong></span> <span class='ocrx_word' id='word_1_298' title='bbox 1303 3419 1615 3474; x_wconf 88' lang='lat' dir='ltr'><strong>videbantur</strong></span> <span class='ocrx_word' id='word_1_299' title='bbox 1636 3419 1901 3487; x_wconf 88' lang='lat' dir='ltr'><strong>respicere</strong></span> <span class='ocrx_word' id='word_1_300' title='bbox 1923 3418 2017 3474; x_wconf 82' lang='lat' dir='ltr'><strong>be-</strong></span> 
     </span>
    </p>
   </div>
   <div class='ocr_carea' id='block_1_36' title="bbox 444 3502 2019 3580">
    <p class='ocr_par' dir='ltr' id='par_1_36' title="bbox 444 3502 2019 3580">
     <span class='ocr_line' id='line_1_36' title="bbox 444 3502 2019 3580; baseline 0 -15"><span class='ocrx_word' id='word_1_301' title='bbox 444 3511 804 3578; x_wconf 79' lang='lat' dir='ltr'><strong>nedietioaes,</strong></span> <span class='ocrx_word' id='word_1_302' title='bbox 828 3511 899 3565; x_wconf 86' lang='lat' dir='ltr'><strong>ad</strong></span> <span class='ocrx_word' id='word_1_303' title='bbox 924 3502 1079 3565; x_wconf 83' lang='lat' dir='ltr'><strong>istum</strong></span> <span class='ocrx_word' id='word_1_304' title='bbox 1116 3509 1512 3580; x_wconf 82' lang='lat' dir='ltr'><strong>perveniebant.</strong></span> <span class='ocrx_word' id='word_1_305' title='bbox 1555 3509 1926 3580; x_wconf 79' lang='lat' dir='ltr'><strong>Rospiciebant</strong></span> <span class='ocrx_word' id='word_1_306' title='bbox 1955 3511 2019 3566; x_wconf 86' lang='lat' dir='ltr'><strong>ad</strong></span> 
     </span>
    </p>
   </div>
   <div class='ocr_carea' id='block_1_37' title="bbox 443 3600 2014 3675">
    <p class='ocr_par' dir='ltr' id='par_1_37' title="bbox 443 3600 2014 3675">
     <span class='ocr_line' id='line_1_37' title="bbox 443 3600 2014 3675; baseline 0 -18"><span class='ocrx_word' id='word_1_307' title='bbox 443 3604 607 3671; x_wconf 90' lang='lat' dir='ltr'><strong>illum,</strong></span> <span class='ocrx_word' id='word_1_308' title='bbox 632 3603 1034 3675; x_wconf 87' lang='lat' dir='ltr'><strong>quiapromissa</strong></span> <span class='ocrx_word' id='word_1_309' title='bbox 1053 3600 1285 3656; x_wconf 87' lang='lat' dir='ltr'><strong>carnalia</strong></span> <span class='ocrx_word' id='word_1_310' title='bbox 1316 3600 1754 3670; x_wconf 86' lang='lat' dir='ltr'><strong>promittebantur</strong></span> <span class='ocrx_word' id='word_1_311' title='bbox 1780 3601 2014 3657; x_wconf 76' lang='lat' dir='ltr'><strong>Judmis:</strong></span> 
     </span>
    </p>
   </div>
   <div class='ocr_carea' id='block_1_38' title="bbox 442 3691 2017 3765">
    <p class='ocr_par' dir='ltr' id='par_1_38' title="bbox 442 3691 2017 3765">
     <span class='ocr_line' id='line_1_38' title="bbox 442 3691 2017 3765; baseline 0.003 -20"><span class='ocrx_word' id='word_1_312' title='bbox 442 3693 507 3748; x_wconf 78' lang='lat' dir='ltr'><strong>ad</strong></span> <span class='ocrx_word' id='word_1_313' title='bbox 537 3694 692 3748; x_wconf 83' lang='lat' dir='ltr'><strong>istum</strong></span> <span class='ocrx_word' id='word_1_314' title='bbox 716 3692 1093 3764; x_wconf 83' lang='lat' dir='ltr'><strong>perveniebant</strong></span> <span class='ocrx_word' id='word_1_315' title='bbox 1108 3691 1288 3761; x_wconf 76' lang='lat' dir='ltr'><strong>&#39;,-quia</strong></span> <span class='ocrx_word' id='word_1_316' title='bbox 1310 3691 1652 3760; x_wconf 83' lang='lat' dir='ltr'><strong>Spiritualiter</strong></span> <span class='ocrx_word' id='word_1_317' title='bbox 1679 3693 2017 3765; x_wconf 88' lang='lat' dir='ltr'><strong>intelligenda</strong></span> 
     </span>
    </p>
   </div>
   <div class='ocr_carea' id='block_1_39' title="bbox 438 3780 2019 3851">
    <p class='ocr_par' dir='ltr' id='par_1_39' title="bbox 438 3780 2019 3851">
     <span class='ocr_line' id='line_1_39' title="bbox 438 3780 2019 3851; baseline 0.001 -13"><span class='ocrx_word' id='word_1_318' title='bbox 438 3792 620 3848; x_wconf 83' lang='lat' dir='ltr'><strong>eram,</strong></span> <span class='ocrx_word' id='word_1_319' title='bbox 652 3791 708 3840; x_wconf 89' lang='lat' dir='ltr'><strong>et</strong></span> <span class='ocrx_word' id='word_1_320' title='bbox 732 3783 1037 3851; x_wconf 85' lang='lat' dir='ltr'><strong>accipienda</strong></span> <span class='ocrx_word' id='word_1_321' title='bbox 1064 3780 1398 3837; x_wconf 78' lang='lat' dir='ltr'><strong>CliriStianis.</strong></span> <span class='ocrx_word' id='word_1_322' title='bbox 1424 3781 1503 3837; x_wconf 84' lang='lat' dir='ltr'><strong>Ad</strong></span> <span class='ocrx_word' id='word_1_323' title='bbox 1532 3783 1690 3837; x_wconf 91' lang='lat' dir='ltr'><strong>istum</strong></span> <span class='ocrx_word' id='word_1_324' title='bbox 1718 3784 2019 3840; x_wconf 85' lang='lat' dir='ltr'><strong>benedictio</strong></span> 
     </span>
    </p>
   </div>
   <div class='ocr_carea' id='block_1_40' title="bbox 435 3872 2016 3945">
    <p class='ocr_par' dir='ltr' id='par_1_40' title="bbox 435 3872 2016 3945">
     <span class='ocr_line' id='line_1_40' title="bbox 435 3872 2016 3945; baseline -0.002 -13"><span class='ocrx_word' id='word_1_325' title='bbox 435 3890 547 3932; x_wconf 76' lang='lat' dir='ltr'><strong>non</strong></span> <span class='ocrx_word' id='word_1_326' title='bbox 574 3873 873 3945; x_wconf 86' lang='lat' dir='ltr'><strong>perveniret</strong></span> <span class='ocrx_word' id='word_1_327' title='bbox 902 3872 943 3938; x_wconf 83' lang='grc'>³,</span> <span class='ocrx_word' id='word_1_328' title='bbox 973 3872 1070 3927; x_wconf 90' lang='lat' dir='ltr'><strong>nisi</strong></span> <span class='ocrx_word' id='word_1_329' title='bbox 1098 3879 1327 3941; x_wconf 86' lang='lat' dir='ltr'><strong>portaret</strong></span> <span class='ocrx_word' id='word_1_330' title='bbox 1354 3880 1601 3939; x_wconf 86' lang='lat' dir='ltr'><strong>peccata,</strong></span> <span class='ocrx_word' id='word_1_331' title='bbox 1629 3888 1746 3942; x_wconf 76' lang='lat' dir='ltr'><strong>quze</strong></span> <span class='ocrx_word' id='word_1_332' title='bbox 1772 3874 1885 3942; x_wconf 89' lang='lat' dir='ltr'><strong>ipse</strong></span> <span class='ocrx_word' id='word_1_333' title='bbox 1904 3874 2016 3942; x_wconf 85' lang='lat' dir='ltr'><strong>jam</strong></span> 
     </span>
    </p>
   </div>
   <div class='ocr_carea' id='block_1_41' title="bbox 438 3963 815 4022">
    <p class='ocr_par' dir='ltr' id='par_1_41' title="bbox 438 3963 815 4022">
     <span class='ocr_line' id='line_1_41' title="bbox 438 3963 815 4022; baseline 0 -4"><span class='ocrx_word' id='word_1_334' title='bbox 438 3979 548 4022; x_wconf 82' lang='lat' dir='ltr'><strong>non</strong></span> <span class='ocrx_word' id='word_1_335' title='bbox 569 3963 815 4020; x_wconf 81' lang='lat' dir='ltr'><strong>faciebat.</strong></span> 
     </span>
    </p>
   </div>
   <div class='ocr_carea' id='block_1_42' title="bbox 509 4073 2009 4147">
    <p class='ocr_par' dir='ltr' id='par_1_42' title="bbox 509 4073 2009 4147">
     <span class='ocr_line' id='line_1_42' title="bbox 509 4073 2009 4147; baseline -0.003 -15"><span class='ocrx_word' id='word_1_336' title='bbox 509 4073 734 4132; x_wconf 82' lang='lat' dir='ltr'><strong>CAPUT</strong></span> <span class='ocrx_word' id='word_1_337' title='bbox 755 4073 981 4131; x_wconf 80' lang='lat' dir='ltr'><strong>XIX.—</strong></span> <span class='ocrx_word' id='word_1_338' title='bbox 998 4074 1091 4131; x_wconf 75' lang='lat'><strong>20.</strong></span> <span class='ocrx_word' id='word_1_339' title='bbox 1106 4073 1285 4130; x_wconf 79' lang='lat' dir='ltr'><strong>Aliena</strong></span> <span class='ocrx_word' id='word_1_340' title='bbox 1304 4083 1503 4145; x_wconf 85' lang='lat' dir='ltr'><strong>peccata</strong></span> <span class='ocrx_word' id='word_1_341' title='bbox 1523 4075 1594 4130; x_wconf 87' lang='lat' dir='ltr'><strong>sic</strong></span> <span class='ocrx_word' id='word_1_342' title='bbox 1610 4075 1859 4147; x_wconf 83' lang='lat' dir='ltr'><strong>portanda</strong></span> <span class='ocrx_word' id='word_1_343' title='bbox 1875 4086 2009 4141; x_wconf 87' lang='lat' dir='ltr'><strong>sunt,</strong></span> 
     </span>
    </p>
   </div>
   <div class='ocr_carea' id='block_1_43' title="bbox 438 4164 2014 4237">
    <p class='ocr_par' dir='ltr' id='par_1_43' title="bbox 438 4164 2014 4237">
     <span class='ocr_line' id='line_1_43' title="bbox 438 4164 2014 4237; baseline 0.001 -18"><span class='ocrx_word' id='word_1_344' title='bbox 438 4176 494 4219; x_wconf 65' lang='lat' dir='ltr'><strong>at</strong></span> <span class='ocrx_word' id='word_1_345' title='bbox 548 4165 883 4235; x_wconf 78' lang='lat' dir='ltr'><strong>corrigantur.</strong></span> <span class='ocrx_word' id='word_1_346' title='bbox 928 4164 1178 4220; x_wconf 73' lang='lat' dir='ltr'><strong>Charitas.</strong></span> <span class='ocrx_word' id='word_1_347' title='bbox 1228 4164 1486 4236; x_wconf 87' lang='lat' dir='ltr'><strong>luteiligat</strong></span> <span class='ocrx_word' id='word_1_348' title='bbox 1538 4175 1714 4237; x_wconf 82' lang='lat' dir='ltr'><strong>Itaque</strong></span> <span class='ocrx_word' id='word_1_349' title='bbox 1751 4165 2014 4221; x_wconf 86' lang='lat' dir='ltr'><strong>Sanctitas</strong></span> 
     </span>
    </p>
   </div>
   <div class='ocr_carea' id='block_1_44' title="bbox 438 4254 2012 4327">
    <p class='ocr_par' dir='ltr' id='par_1_44' title="bbox 438 4254 2012 4327">
     <span class='ocr_line' id='line_1_44' title="bbox 438 4254 2012 4327; baseline 0 -18"><span class='ocrx_word' id='word_1_350' title='bbox 438 4267 633 4325; x_wconf 86' lang='lat' dir='ltr'><strong>vestra,</strong></span> <span class='ocrx_word' id='word_1_351' title='bbox 656 4255 924 4327; x_wconf 92' lang='lat' dir='ltr'><strong>quomodo</strong></span> <span class='ocrx_word' id='word_1_352' title='bbox 946 4256 1053 4309; x_wconf 88' lang='lat' dir='ltr'><strong>sint</strong></span> <span class='ocrx_word' id='word_1_353' title='bbox 1074 4254 1328 4325; x_wconf 87' lang='lat' dir='ltr'><strong>portanda</strong></span> <span class='ocrx_word' id='word_1_354' title='bbox 1351 4264 1586 4326; x_wconf 87' lang='lat' dir='ltr'><strong>peccata.</strong></span> <span class='ocrx_word' id='word_1_355' title='bbox 1604 4256 1738 4313; x_wconf 90' lang='lat' dir='ltr'><strong>Sunt</strong></span> <span class='ocrx_word' id='word_1_356' title='bbox 1759 4256 1900 4312; x_wconf 84' lang='lat' dir='ltr'><strong>enim</strong></span> <span class='ocrx_word' id='word_1_357' title='bbox 1924 4255 2012 4327; x_wconf 85' lang='lat' dir='ltr'><strong>qui</strong></span> 
     </span>
    </p>
   </div>
   <div class='ocr_carea' id='block_1_45' title="bbox 438 4346 2011 4417">
    <p class='ocr_par' dir='ltr' id='par_1_45' title="bbox 438 4346 2011 4417">
     <span class='ocr_line' id='line_1_45' title="bbox 438 4346 2011 4417; baseline 0 -16"><span class='ocrx_word' id='word_1_358' title='bbox 438 4356 649 4417; x_wconf 86' lang='lat' dir='ltr'><strong>portare</strong></span> <span class='ocrx_word' id='word_1_359' title='bbox 673 4346 775 4400; x_wconf 87' lang='lat' dir='ltr'><strong>sibi</strong></span> <span class='ocrx_word' id='word_1_360' title='bbox 803 4346 1051 4402; x_wconf 85' lang='lat' dir='ltr'><strong>videntur</strong></span> <span class='ocrx_word' id='word_1_361' title='bbox 1070 4354 1304 4414; x_wconf 88' lang='lat' dir='ltr'><strong>peccata,</strong></span> <span class='ocrx_word' id='word_1_362' title='bbox 1322 4354 1377 4401; x_wconf 91' lang='lat' dir='ltr'><strong>et</strong></span> <span class='ocrx_word' id='word_1_363' title='bbox 1405 4355 1580 4401; x_wconf 87' lang='lat' dir='ltr'><strong>tacent</strong></span> <span class='ocrx_word' id='word_1_364' title='bbox 1615 4347 2011 4416; x_wconf 85' lang='lat' dir='ltr'><strong>peccatoribus:</strong></span> 
     </span>
    </p>
   </div>
   <div class='ocr_carea' id='block_1_46' title="bbox 430 4435 2008 4508">
    <p class='ocr_par' dir='ltr' id='par_1_46' title="bbox 430 4435 2008 4508">
     <span class='ocr_line' id='line_1_46' title="bbox 430 4435 2008 4508; baseline 0.004 -18"><span class='ocrx_word' id='word_1_365' title='bbox 430 4439 541 4508; x_wconf 82' lang='lat' dir='ltr'><strong>jam</strong></span> <span class='ocrx_word' id='word_1_366' title='bbox 571 4437 668 4491; x_wconf 85' lang='lat' dir='ltr'><strong>ista</strong></span> <span class='ocrx_word' id='word_1_367' title='bbox 684 4436 953 4491; x_wconf 86' lang='lat' dir='ltr'><strong>simulatio</strong></span> <span class='ocrx_word' id='word_1_368' title='bbox 979 4435 1292 4491; x_wconf 87' lang='lat' dir='ltr'><strong>detestanda</strong></span> <span class='ocrx_word' id='word_1_369' title='bbox 1312 4444 1412 4491; x_wconf 90' lang='lat' dir='ltr'><strong>est.</strong></span> <span class='ocrx_word' id='word_1_370' title='bbox 1444 4436 1601 4492; x_wconf 85' lang='lat' dir='ltr'><strong>Porta</strong></span> <span class='ocrx_word' id='word_1_371' title='bbox 1641 4447 1974 4508; x_wconf 89' lang='lat' dir='ltr'><strong>peccatorem</strong></span> <span class='ocrx_word' id='word_1_372' title='bbox 1993 4482 2008 4507; x_wconf 95' lang='lat'><strong>,</strong></span> 
     </span>
    </p>
   </div>
   <div class='ocr_carea' id='block_1_47' title="bbox 434 4527 2014 4599">
    <p class='ocr_par' dir='ltr' id='par_1_47' title="bbox 434 4527 2014 4599">
     <span class='ocr_line' id='line_1_47' title="bbox 434 4527 2014 4599; baseline 0 -16"><span class='ocrx_word' id='word_1_373' title='bbox 434 4544 541 4584; x_wconf 90' lang='lat' dir='ltr'><strong>non</strong></span> <span class='ocrx_word' id='word_1_374' title='bbox 570 4538 629 4582; x_wconf 91' lang='lat' dir='ltr'><strong>ut</strong></span> <span class='ocrx_word' id='word_1_375' title='bbox 653 4542 803 4584; x_wconf 89' lang='lat' dir='ltr'><strong>ames</strong></span> <span class='ocrx_word' id='word_1_376' title='bbox 828 4536 1101 4598; x_wconf 87' lang='lat' dir='ltr'><strong>peceatum</strong></span> <span class='ocrx_word' id='word_1_377' title='bbox 1123 4528 1174 4581; x_wconf 87' lang='lat' dir='ltr'><strong>in</strong></span> <span class='ocrx_word' id='word_1_378' title='bbox 1205 4527 1315 4591; x_wconf 85' lang='lat' dir='ltr'><strong>illo,</strong></span> <span class='ocrx_word' id='word_1_379' title='bbox 1335 4527 1426 4583; x_wconf 85' lang='lat' dir='ltr'><strong>s‘ed</strong></span> <span class='ocrx_word' id='word_1_380' title='bbox 1453 4538 1510 4583; x_wconf 92' lang='lat' dir='ltr'><strong>ut</strong></span> <span class='ocrx_word' id='word_1_381' title='bbox 1537 4530 1871 4598; x_wconf 86' lang='lat' dir='ltr'><strong>persequaris</strong></span> <span class='ocrx_word' id='word_1_382' title='bbox 1891 4545 2014 4599; x_wconf 81' lang='lat' dir='ltr'><strong>pec-</strong></span> 
     </span>
    </p>
   </div>
   <div class='ocr_carea' id='block_1_48' title="bbox 436 4616 2013 4689">
    <p class='ocr_par' dir='ltr' id='par_1_48' title="bbox 436 4616 2013 4689">
     <span class='ocr_line' id='line_1_48' title="bbox 436 4616 2013 4689; baseline 0 -15"><span class='ocrx_word' id='word_1_383' title='bbox 436 4628 610 4674; x_wconf 85' lang='lat' dir='ltr'><strong>catum</strong></span> <span class='ocrx_word' id='word_1_384' title='bbox 633 4627 848 4687; x_wconf 82' lang='lat' dir='ltr'><strong>propter</strong></span> <span class='ocrx_word' id='word_1_385' title='bbox 868 4617 1035 4671; x_wconf 89' lang='lat' dir='ltr'><strong>illum.</strong></span> <span class='ocrx_word' id='word_1_386' title='bbox 1065 4616 1232 4687; x_wconf 86' lang='lat' dir='ltr'><strong>Dilige</strong></span> <span class='ocrx_word' id='word_1_387' title='bbox 1260 4626 1615 4687; x_wconf 88' lang='lat' dir='ltr'><strong>peecatorem,</strong></span> <span class='ocrx_word' id='word_1_388' title='bbox 1645 4634 1748 4673; x_wconf 89' lang='lat' dir='ltr'><strong>non</strong></span> <span class='ocrx_word' id='word_1_389' title='bbox 1772 4618 1822 4673; x_wconf 93' lang='lat' dir='ltr'><strong>in</strong></span> <span class='ocrx_word' id='word_1_390' title='bbox 1844 4634 2013 4689; x_wconf 82' lang='lat' dir='ltr'><strong>quan-</strong></span> 
     </span>
    </p>
   </div>
   <div class='ocr_carea' id='block_1_49' title="bbox 436 4708 2011 4780">
    <p class='ocr_par' dir='ltr' id='par_1_49' title="bbox 436 4708 2011 4780">
     <span class='ocr_line' id='line_1_49' title="bbox 436 4708 2011 4780; baseline 0.002 -16"><span class='ocrx_word' id='word_1_391' title='bbox 436 4722 548 4766; x_wconf 87' lang='lat' dir='ltr'><strong>tum</strong></span> <span class='ocrx_word' id='word_1_392' title='bbox 577 4718 823 4780; x_wconf 80' lang='lat' dir='ltr'><strong>peccator</strong></span> <span class='ocrx_word' id='word_1_393' title='bbox 841 4717 945 4776; x_wconf 83' lang='lat' dir='ltr'><strong>cst,</strong></span> <span class='ocrx_word' id='word_1_394' title='bbox 975 4708 1068 4764; x_wconf 84' lang='lat' dir='ltr'><strong>sed</strong></span> <span class='ocrx_word' id='word_1_395' title='bbox 1091 4709 1142 4763; x_wconf 90' lang='lat' dir='ltr'><strong>iu</strong></span> <span class='ocrx_word' id='word_1_396' title='bbox 1156 4717 1415 4779; x_wconf 85' lang='lat' dir='ltr'><strong>quantum</strong></span> <span class='ocrx_word' id='word_1_397' title='bbox 1442 4708 1600 4764; x_wconf 90' lang='lat' dir='ltr'><strong>homo</strong></span> <span class='ocrx_word' id='word_1_398' title='bbox 1620 4718 1718 4763; x_wconf 89' lang='lat' dir='ltr'><strong>est.</strong></span> <span class='ocrx_word' id='word_1_399' title='bbox 1733 4709 2011 4777; x_wconf 86' lang='lat' dir='ltr'><strong>Quomodo</strong></span> 
     </span>
    </p>
   </div>
   <div class='ocr_carea' id='block_1_50' title="bbox 432 4799 2012 4873">
    <p class='ocr_par' dir='ltr' id='par_1_50' title="bbox 432 4799 2012 4873">
     <span class='ocr_line' id='line_1_50' title="bbox 432 4799 2012 4873; baseline 0.001 -15"><span class='ocrx_word' id='word_1_400' title='bbox 432 4803 479 4858; x_wconf 74' lang='lat' dir='ltr'><strong>si</strong></span> <span class='ocrx_word' id='word_1_401' title='bbox 500 4800 674 4873; x_wconf 77' lang='lat' dir='ltr'><strong>diligis</strong></span> <span class='ocrx_word' id='word_1_402' title='bbox 693 4815 911 4871; x_wconf 70' lang='lat' dir='ltr'><strong>aegrum,</strong></span> <span class='ocrx_word' id='word_1_403' title='bbox 929 4800 1270 4871; x_wconf 88' lang='lat' dir='ltr'><strong>persequeris</strong></span> <span class='ocrx_word' id='word_1_404' title='bbox 1288 4799 1488 4856; x_wconf 78' lang='lat' dir='ltr'><strong>febrem</strong></span> <span class='ocrx_word' id='word_1_405' title='bbox 1511 4818 1525 4855; x_wconf 90' lang='lat'><strong>:</strong></span> <span class='ocrx_word' id='word_1_406' title='bbox 1548 4816 1671 4856; x_wconf 91' lang='lat' dir='ltr'><strong>nam</strong></span> <span class='ocrx_word' id='word_1_407' title='bbox 1691 4802 1734 4857; x_wconf 91' lang='lat' dir='ltr'><strong>si</strong></span> <span class='ocrx_word' id='word_1_408' title='bbox 1756 4802 1930 4872; x_wconf 90' lang='lat' dir='ltr'><strong>parcis</strong></span> <span class='ocrx_word' id='word_1_409' title='bbox 1944 4802 2012 4859; x_wconf 81' lang='lat' dir='ltr'><strong>fe-</strong></span> 
     </span>
    </p>
   </div>
   <div class='ocr_carea' id='block_1_51' title="bbox 438 4890 2009 4964">
    <p class='ocr_par' dir='ltr' id='par_1_51' title="bbox 438 4890 2009 4964">
     <span class='ocr_line' id='line_1_51' title="bbox 438 4890 2009 4964; baseline 0.002 -18"><span class='ocrx_word' id='word_1_410' title='bbox 438 4892 534 4959; x_wconf 83' lang='lat' dir='ltr'><strong>hri,</strong></span> <span class='ocrx_word' id='word_1_411' title='bbox 563 4908 668 4948; x_wconf 90' lang='lat' dir='ltr'><strong>non</strong></span> <span class='ocrx_word' id='word_1_412' title='bbox 691 4891 868 4964; x_wconf 75' lang='lat' dir='ltr'><strong>diligis</strong></span> <span class='ocrx_word' id='word_1_413' title='bbox 887 4906 1107 4960; x_wconf 63' lang='lat' dir='ltr'><strong>aegrum.</strong></span> <span class='ocrx_word' id='word_1_414' title='bbox 1136 4890 1228 4945; x_wconf 90' lang='lat' dir='ltr'><strong>Die</strong></span> <span class='ocrx_word' id='word_1_415' title='bbox 1243 4905 1372 4961; x_wconf 88' lang='lat' dir='ltr'><strong>ergo</strong></span> <span class='ocrx_word' id='word_1_416' title='bbox 1394 4891 1535 4961; x_wconf 89' lang='lat' dir='ltr'><strong>quod</strong></span> <span class='ocrx_word' id='word_1_417' title='bbox 1561 4907 1743 4948; x_wconf 90' lang='lat' dir='ltr'><strong>verum</strong></span> <span class='ocrx_word' id='word_1_418' title='bbox 1765 4903 1846 4949; x_wconf 88' lang='lat' dir='ltr'><strong>est</strong></span> <span class='ocrx_word' id='word_1_419' title='bbox 1863 4893 2009 4949; x_wconf 84' lang='lat' dir='ltr'><strong>fratri</strong></span> 
     </span>
    </p>
   </div>
   <div class='ocr_carea' id='block_1_52' title="bbox 434 4981 2009 5054">
    <p class='ocr_par' dir='ltr' id='par_1_52' title="bbox 434 4981 2009 5054">
     <span class='ocr_line' id='line_1_52' title="bbox 434 4981 2009 5054; baseline 0.002 -16"><span class='ocrx_word' id='word_1_420' title='bbox 434 4996 546 5051; x_wconf 88' lang='lat' dir='ltr'><strong>tuo,</strong></span> <span class='ocrx_word' id='word_1_421' title='bbox 572 4985 678 5041; x_wconf 91' lang='lat' dir='ltr'><strong>noli</strong></span> <span class='ocrx_word' id='word_1_422' title='bbox 707 4994 902 5040; x_wconf 85' lang='lat' dir='ltr'><strong>tacere.</strong></span> <span class='ocrx_word' id='word_1_423' title='bbox 921 4983 1056 5052; x_wconf 82' lang='lat' dir='ltr'><strong>Quid</strong></span> <span class='ocrx_word' id='word_1_424' title='bbox 1077 4982 1219 5037; x_wconf 87' lang='lat' dir='ltr'><strong>enim</strong></span> <span class='ocrx_word' id='word_1_425' title='bbox 1243 4981 1385 5038; x_wconf 90' lang='lat' dir='ltr'><strong>aliud</strong></span> <span class='ocrx_word' id='word_1_426' title='bbox 1403 4984 1630 5053; x_wconf 81' lang='lat' dir='ltr'><strong>agimus,</strong></span> <span class='ocrx_word' id='word_1_427' title='bbox 1651 5000 1808 5054; x_wconf 89' lang='lat' dir='ltr'><strong>quam</strong></span> <span class='ocrx_word' id='word_1_428' title='bbox 1830 4984 2009 5041; x_wconf 87' lang='lat' dir='ltr'><strong>dicere</strong></span> 
     </span>
    </p>
   </div>
   <div class='ocr_carea' id='block_1_53' title="bbox 432 5071 2009 5143">
    <p class='ocr_par' dir='ltr' id='par_1_53' title="bbox 432 5071 2009 5143">
     <span class='ocr_line' id='line_1_53' title="bbox 432 5071 2009 5143; baseline 0.003 -17"><span class='ocrx_word' id='word_1_429' title='bbox 432 5075 584 5128; x_wconf 82' lang='lat' dir='ltr'><strong>vobis</strong></span> <span class='ocrx_word' id='word_1_430' title='bbox 607 5073 749 5143; x_wconf 91' lang='lat' dir='ltr'><strong>quod</strong></span> <span class='ocrx_word' id='word_1_431' title='bbox 786 5088 969 5129; x_wconf 90' lang='lat' dir='ltr'><strong>verum</strong></span> <span class='ocrx_word' id='word_1_432' title='bbox 995 5071 1112 5128; x_wconf 83' lang='lat' dir='ltr'><strong>est?</strong></span> <span class='ocrx_word' id='word_1_433' title='bbox 1135 5071 1253 5127; x_wconf 83' lang='lat' dir='ltr'><strong>Noli</strong></span> <span class='ocrx_word' id='word_1_434' title='bbox 1281 5072 1639 5140; x_wconf 86' lang='lat' dir='ltr'><strong>mendaciter;</strong></span> <span class='ocrx_word' id='word_1_435' title='bbox 1662 5084 1845 5143; x_wconf 87' lang='lat' dir='ltr'><strong>aperta</strong></span> <span class='ocrx_word' id='word_1_436' title='bbox 1871 5076 2009 5131; x_wconf 87' lang='lat' dir='ltr'><strong>veri-</strong></span> 
     </span>
    </p>
   </div>
   <div class='ocr_carea' id='block_1_54' title="bbox 432 5161 2005 5234">
    <p class='ocr_par' dir='ltr' id='par_1_54' title="bbox 432 5161 2005 5234">
     <span class='ocr_line' id='line_1_54' title="bbox 432 5161 2005 5234; baseline 0.002 -18"><span class='ocrx_word' id='word_1_437' title='bbox 432 5172 542 5219; x_wconf 87' lang='lat' dir='ltr'><strong>tate</strong></span> <span class='ocrx_word' id='word_1_438' title='bbox 566 5162 651 5217; x_wconf 90' lang='lat' dir='ltr'><strong>die</strong></span> <span class='ocrx_word' id='word_1_439' title='bbox 675 5162 815 5232; x_wconf 88' lang='lat' dir='ltr'><strong>quod</strong></span> <span class='ocrx_word' id='word_1_440' title='bbox 843 5178 1025 5217; x_wconf 85' lang='lat' dir='ltr'><strong>verum</strong></span> <span class='ocrx_word' id='word_1_441' title='bbox 1057 5171 1139 5219; x_wconf 87' lang='lat' dir='ltr'><strong>est</strong></span> <span class='ocrx_word' id='word_1_442' title='bbox 1168 5180 1181 5216; x_wconf 93' lang='lat'><strong>:</strong></span> <span class='ocrx_word' id='word_1_443' title='bbox 1204 5161 1297 5216; x_wconf 84' lang='lat' dir='ltr'><strong>sed</strong></span> <span class='ocrx_word' id='word_1_444' title='bbox 1326 5162 1495 5218; x_wconf 91' lang='lat' dir='ltr'><strong>donec</strong></span> <span class='ocrx_word' id='word_1_445' title='bbox 1525 5163 1838 5233; x_wconf 80' lang='lat' dir='ltr'><strong>corrigatur,</strong></span> <span class='ocrx_word' id='word_1_446' title='bbox 1880 5180 2005 5234; x_wconf 87' lang='lat' dir='ltr'><strong>por-</strong></span> 
     </span>
    </p>
   </div>
   <div class='ocr_carea' id='block_1_55' title="bbox 432 5252 2006 5323">
    <p class='ocr_par' dir='ltr' id='par_1_55' title="bbox 432 5252 2006 5323">
     <span class='ocr_line' id='line_1_55' title="bbox 432 5252 2006 5323; baseline 0.002 -15"><span class='ocrx_word' id='word_1_447' title='bbox 432 5264 592 5310; x_wconf 87' lang='lat' dir='ltr'><strong>tetur.</strong></span> <span class='ocrx_word' id='word_1_448' title='bbox 627 5252 858 5310; x_wconf 84' lang='lat' dir='ltr'><strong>Diversis</strong></span> <span class='ocrx_word' id='word_1_449' title='bbox 883 5254 1211 5322; x_wconf 87' lang='lat' dir='ltr'><strong>temporibus</strong></span> <span class='ocrx_word' id='word_1_450' title='bbox 1235 5254 1347 5308; x_wconf 92' lang='lat' dir='ltr'><strong>fieri</strong></span> <span class='ocrx_word' id='word_1_451' title='bbox 1376 5263 1654 5323; x_wconf 88' lang='lat' dir='ltr'><strong>potuerunt</strong></span> <span class='ocrx_word' id='word_1_452' title='bbox 1678 5256 1870 5311; x_wconf 89' lang='lat' dir='ltr'><strong>oecisio</strong></span> <span class='ocrx_word' id='word_1_453' title='bbox 1895 5257 2006 5311; x_wconf 65' lang='lat' dir='ltr'><strong>lite-</strong></span> 
     </span>
    </p>
   </div>
   <div class='ocr_carea' id='block_1_56' title="bbox 1427 3991 1484 4010">
    <p class='ocr_par' dir='ltr' id='par_1_56' title="bbox 1427 3991 1484 4010">
     <span class='ocr_line' id='line_1_56' title="bbox 1427 3991 1484 4010; baseline 0 -3"><span class='ocrx_word' id='word_1_454' title='bbox 1427 3991 1484 4010; x_wconf 47' lang='grc' dir='ltr'><strong><em>ψ</em></strong></span> 
     </span>
    </p>
   </div>
   <div class='ocr_carea' id='block_1_57' title="bbox 494 5426 1247 5493">
    <p class='ocr_par' dir='ltr' id='par_1_57' title="bbox 494 5426 1247 5493">
     <span class='ocr_line' id='line_1_57' title="bbox 494 5426 1247 5493; baseline -0.003 -14"><span class='ocrx_word' id='word_1_455' title='bbox 494 5432 510 5493; x_wconf 53' lang='grc' dir='ltr'>ξ</span> <span class='ocrx_word' id='word_1_456' title='bbox 532 5437 634 5493; x_wconf 84' lang='lat' dir='ltr'><strong>Duo</strong></span> <span class='ocrx_word' id='word_1_457' title='bbox 657 5439 783 5489; x_wconf 66' lang='lat'><strong>3185.,</strong></span> <span class='ocrx_word' id='word_1_458' title='bbox 801 5441 912 5493; x_wconf 73' lang='lat' dir='ltr'><strong>qua:</strong></span> <span class='ocrx_word' id='word_1_459' title='bbox 932 5426 1247 5493; x_wconf 72' lang='lat' dir='ltr'><strong>figurabatur.</strong></span> 
     </span>
    </p>
   </div>
   <div class='ocr_carea' id='block_1_58' title="bbox 492 5487 2005 5555">
    <p class='ocr_par' dir='ltr' id='par_1_58' title="bbox 492 5487 2005 5555">
     <span class='ocr_line' id='line_1_58' title="bbox 492 5487 2005 5555; baseline 0.001 -14"><span class='ocrx_word' id='word_1_460' title='bbox 492 5492 512 5555; x_wconf 53' lang='grc' dir='ltr'>ξ</span> <span class='ocrx_word' id='word_1_461' title='bbox 535 5492 703 5555; x_wconf 64' lang='lat' dir='ltr'><strong>tstliaze</strong></span> <span class='ocrx_word' id='word_1_462' title='bbox 722 5487 901 5541; x_wconf 84' lang='lat' dir='ltr'><strong>verba:</strong></span> <span class='ocrx_word' id='word_1_463' title='bbox 922 5487 1248 5555; x_wconf 65' lang='lat' dir='ltr'><strong>Respiciebant</strong></span> <span class='ocrx_word' id='word_1_464' title='bbox 1263 5488 1329 5539; x_wconf 83' lang='lat' dir='ltr'><strong>ad</strong></span> <span class='ocrx_word' id='word_1_465' title='bbox 1344 5487 1495 5551; x_wconf 78' lang='lat' dir='ltr'><strong>illum,</strong></span> <span class='ocrx_word' id='word_1_466' title='bbox 1516 5489 1647 5553; x_wconf 60' lang='lat' dir='ltr'><strong>quia,</strong></span> <span class='ocrx_word' id='word_1_467' title='bbox 1673 5498 1789 5552; x_wconf 87' lang='lat' dir='ltr'><strong>ete.,</strong></span> <span class='ocrx_word' id='word_1_468' title='bbox 1811 5490 1857 5539; x_wconf 91' lang='lat' dir='ltr'><strong>in</strong></span> <span class='ocrx_word' id='word_1_469' title='bbox 1890 5499 2005 5542; x_wconf 85' lang='lat' dir='ltr'><strong>ante</strong></span> 
     </span>
    </p>
   </div>
   <div class='ocr_carea' id='block_1_59' title="bbox 424 5550 1315 5603">
    <p class='ocr_par' dir='ltr' id='par_1_59' title="bbox 424 5550 1315 5603">
     <span class='ocr_line' id='line_1_59' title="bbox 424 5550 1315 5603; baseline 0.001 -3"><span class='ocrx_word' id='word_1_470' title='bbox 424 5550 575 5600; x_wconf 66' lang='lat' dir='ltr'><strong>editis</strong></span> <span class='ocrx_word' id='word_1_471' title='bbox 587 5553 761 5602; x_wconf 86' lang='lat' dir='ltr'><strong>omissa</strong></span> <span class='ocrx_word' id='word_1_472' title='bbox 784 5550 1104 5603; x_wconf 80' lang='lat' dir='ltr'><strong>restituuntur</strong></span> <span class='ocrx_word' id='word_1_473' title='bbox 1127 5567 1186 5601; x_wconf 76' lang='lat' dir='ltr'><strong>ex</strong></span> <span class='ocrx_word' id='word_1_474' title='bbox 1210 5560 1315 5601; x_wconf 74' lang='lat' dir='ltr'><strong>Mss.</strong></span> 
     </span>
    </p>
   </div>
   <div class='ocr_carea' id='block_1_60' title="bbox 492 5612 2087 5677">
    <p class='ocr_par' dir='ltr' id='par_1_60' title="bbox 492 5612 2087 5677">
     <span class='ocr_line' id='line_1_60' title="bbox 492 5612 2087 5677; baseline 0.002 -18"><span class='ocrx_word' id='word_1_475' title='bbox 492 5614 513 5645; x_wconf 78' lang='grc'>³</span> <span class='ocrx_word' id='word_1_476' title='bbox 537 5619 666 5677; x_wconf 73' lang='lat' dir='ltr'><strong>tpv_.,</strong></span> <span class='ocrx_word' id='word_1_477' title='bbox 693 5614 956 5677; x_wconf 67' lang='lat' dir='ltr'><strong>benedictio</strong></span> <span class='ocrx_word' id='word_1_478' title='bbox 978 5614 1242 5673; x_wconf 60' lang='lat' dir='ltr'><strong>penwciret</strong></span> <span class='ocrx_word' id='word_1_479' title='bbox 1262 5629 1277 5671; x_wconf 93' lang='lat'><strong>;</strong></span> <span class='ocrx_word' id='word_1_480' title='bbox 1301 5616 1475 5663; x_wconf 70' lang='lat' dir='ltr'><strong>iniussa</strong></span> <span class='ocrx_word' id='word_1_481' title='bbox 1500 5630 1583 5677; x_wconf 57' lang='lat' dir='ltr'><strong>um,</strong></span> <span class='ocrx_word' id='word_1_482' title='bbox 1598 5621 1712 5663; x_wconf 87' lang='lat' dir='ltr'><strong>ante</strong></span> <span class='ocrx_word' id='word_1_483' title='bbox 1751 5612 2000 5676; x_wconf 75' lang='lat' dir='ltr'><strong>particula,</strong></span> <span class='ocrx_word' id='word_1_484' title='bbox 2078 5628 2087 5638; x_wconf 87' lang='grc'><strong>·</strong></span> 
     </span>
    </p>
   </div>
   <div class='ocr_carea' id='block_1_61' title="bbox 423 5672 1204 5733">
    <p class='ocr_par' dir='ltr' id='par_1_61' title="bbox 423 5672 1204 5733">
     <span class='ocr_line' id='line_1_61' title="bbox 423 5672 1204 5733; baseline -0.005 -10"><span class='ocrx_word' id='word_1_485' title='bbox 423 5684 541 5733; x_wconf 63' lang='lat' dir='ltr'><strong>qna-</strong></span> <span class='ocrx_word' id='word_1_486' title='bbox 559 5672 759 5722; x_wconf 79' lang='lat' dir='ltr'><strong>babetus</strong></span> <span class='ocrx_word' id='word_1_487' title='bbox 786 5676 828 5723; x_wconf 87' lang='lat' dir='ltr'><strong>ir.</strong></span> <span class='ocrx_word' id='word_1_488' title='bbox 856 5672 1042 5727; x_wconf 63' lang='lat' dir='ltr'><strong>caeteris</strong></span> <span class='ocrx_word' id='word_1_489' title='bbox 1064 5679 1204 5731; x_wconf 59' lang='lat' dir='ltr'><strong>libris</strong></span> 
     </span>
    </p>
   </div>
   <div class='ocr_carea' id='block_1_62' title="bbox 1711 278 2505 348">
    <p class='ocr_par' dir='ltr' id='par_1_62' title="bbox 1711 278 2505 348">
     <span class='ocr_line' id='line_1_62' title="bbox 1711 278 2505 348; baseline 0.014 -14"><span class='ocrx_word' id='word_1_490' title='bbox 1711 278 1767 334; x_wconf 89' lang='lat' dir='ltr'><strong>S.</strong></span> <span class='ocrx_word' id='word_1_491' title='bbox 1808 280 2167 340; x_wconf 63' lang='lat' dir='ltr'><strong>AUGUSTI)&quot;</strong></span> <span class='ocrx_word' id='word_1_492' title='bbox 2205 286 2505 348; x_wconf 72' lang='lat' dir='ltr'><strong>EPISCOPI</strong></span> 
     </span>
    </p>
   </div>
   <div class='ocr_carea' id='block_1_63' title="bbox 3676 319 3739 374">
    <p class='ocr_par' dir='ltr' id='par_1_63' title="bbox 3676 319 3739 374">
     <span class='ocr_line' id='line_1_63' title="bbox 3676 319 3739 374; baseline 0.016 -1"><span class='ocrx_word' id='word_1_493' title='bbox 3676 319 3739 374; x_wconf 73' lang='lat' dir='ltr'><strong>ib</strong></span> 
     </span>
    </p>
   </div>
   <div class='ocr_carea' id='block_1_64' title="bbox 2160 398 3732 497">
    <p class='ocr_par' dir='ltr' id='par_1_64' title="bbox 2160 398 3732 497">
     <span class='ocr_line' id='line_1_64' title="bbox 2160 398 3732 497; baseline 0.023 -48"><span class='ocrx_word' id='word_1_494' title='bbox 2160 398 2345 455; x_wconf 88' lang='lat' dir='ltr'><strong>dorum</strong></span> <span class='ocrx_word' id='word_1_495' title='bbox 2388 411 2443 458; x_wconf 91' lang='lat' dir='ltr'><strong>et</strong></span> <span class='ocrx_word' id='word_1_496' title='bbox 2486 409 2712 474; x_wconf 88' lang='lat' dir='ltr'><strong>portatio</strong></span> <span class='ocrx_word' id='word_1_497' title='bbox 2743 413 2956 481; x_wconf 89' lang='lat' dir='ltr'><strong>pellium</strong></span> <span class='ocrx_word' id='word_1_498' title='bbox 2991 434 3004 470; x_wconf 90' lang='lat'><strong>:</strong></span> <span class='ocrx_word' id='word_1_499' title='bbox 3035 432 3151 474; x_wconf 88' lang='lat' dir='ltr'><strong>rem</strong></span> <span class='ocrx_word' id='word_1_500' title='bbox 3199 428 3374 478; x_wconf 84' lang='lat' dir='ltr'><strong>tamen</strong></span> <span class='ocrx_word' id='word_1_501' title='bbox 3404 422 3697 497; x_wconf 73' lang='lat' dir='ltr'><strong>significant</strong></span> <span class='ocrx_word' id='word_1_502' title='bbox 3719 476 3732 492; x_wconf 84' lang='lat'><strong>.</strong></span> 
     </span>
    </p>
   </div>
   <div class='ocr_carea' id='block_1_65' title="bbox 2158 501 3730 586">
    <p class='ocr_par' dir='ltr' id='par_1_65' title="bbox 2158 501 3730 586">
     <span class='ocr_line' id='line_1_65' title="bbox 2158 501 3730 586; baseline 0.022 -46"><span class='ocrx_word' id='word_1_503' title='bbox 2158 503 2275 586; x_wconf 62' lang='lat' dir='ltr'><strong>qua:</strong></span> <span class='ocrx_word' id='word_1_504' title='bbox 2303 506 2408 545; x_wconf 91' lang='lat' dir='ltr'><strong>uno</strong></span> <span class='ocrx_word' id='word_1_505' title='bbox 2438 503 2672 565; x_wconf 90' lang='lat' dir='ltr'><strong>tempore</strong></span> <span class='ocrx_word' id='word_1_506' title='bbox 2718 501 2828 556; x_wconf 89' lang='lat' dir='ltr'><strong>fieri</strong></span> <span class='ocrx_word' id='word_1_507' title='bbox 2860 513 3051 573; x_wconf 90' lang='lat' dir='ltr'><strong>potest.</strong></span> <span class='ocrx_word' id='word_1_508' title='bbox 3098 509 3263 564; x_wconf 81' lang='lat' dir='ltr'><strong>Simul</strong></span> <span class='ocrx_word' id='word_1_509' title='bbox 3291 512 3434 569; x_wconf 86' lang='lat' dir='ltr'><strong>enim</strong></span> <span class='ocrx_word' id='word_1_510' title='bbox 3467 527 3523 571; x_wconf 90' lang='lat' dir='ltr'><strong>et</strong></span> <span class='ocrx_word' id='word_1_511' title='bbox 3561 524 3730 586; x_wconf 77' lang='lat' dir='ltr'><strong>arguit</strong></span> 
     </span>
    </p>
   </div>
   <div class='ocr_carea' id='block_1_66' title="bbox 2152 577 3733 680">
    <p class='ocr_par' dir='ltr' id='par_1_66' title="bbox 2152 577 3733 680">
     <span class='ocr_line' id='line_1_66' title="bbox 2152 577 3733 680; baseline 0.027 -54"><span class='ocrx_word' id='word_1_512' title='bbox 2152 577 2329 645; x_wconf 85' lang='lat' dir='ltr'><strong>justus</strong></span> <span class='ocrx_word' id='word_1_513' title='bbox 2357 592 2661 651; x_wconf 87' lang='lat' dir='ltr'><strong>peccatores</strong></span> <span class='ocrx_word' id='word_1_514' title='bbox 2680 629 2697 656; x_wconf 88' lang='lat'><strong>,</strong></span> <span class='ocrx_word' id='word_1_515' title='bbox 2724 591 2864 659; x_wconf 87' lang='lat' dir='ltr'><strong>quod</strong></span> <span class='ocrx_word' id='word_1_516' title='bbox 2894 605 2973 648; x_wconf 93' lang='lat' dir='ltr'><strong>est</strong></span> <span class='ocrx_word' id='word_1_517' title='bbox 3004 594 3187 653; x_wconf 73' lang='lat' dir='ltr'><strong>fundos</strong></span> <span class='ocrx_word' id='word_1_518' title='bbox 3224 602 3502 671; x_wconf 88' lang='lat' dir='ltr'><strong>occidere;</strong></span> <span class='ocrx_word' id='word_1_519' title='bbox 3529 619 3582 663; x_wconf 90' lang='lat' dir='ltr'><strong>et</strong></span> 
     </span>
    </p>
   </div>
   <div class='ocr_carea' id='block_1_67' title="bbox 2156 677 3731 771">
    <p class='ocr_par' dir='ltr' id='par_1_67' title="bbox 2156 677 3731 771">
     <span class='ocr_line' id='line_1_67' title="bbox 2156 677 3731 771; baseline 0.022 -50"><span class='ocrx_word' id='word_1_520' title='bbox 2156 677 2270 723; x_wconf 88' lang='lat' dir='ltr'><strong>cata</strong></span> <span class='ocrx_word' id='word_1_521' title='bbox 2322 687 2506 771; x_wconf 73' lang='lat' dir='ltr'><strong>eorum</strong></span> <span class='ocrx_word' id='word_1_522' title='bbox 2554 678 2967 740; x_wconf 78' lang='lat' dir='ltr'><strong>misericorditer</strong></span> <span class='ocrx_word' id='word_1_523' title='bbox 3009 687 3228 752; x_wconf 85' lang='lat' dir='ltr'><strong>tolerat.</strong></span> <span class='ocrx_word' id='word_1_524' title='bbox 3255 695 3399 762; x_wconf 87' lang='lat' dir='ltr'><strong>quod</strong></span> <span class='ocrx_word' id='word_1_525' title='bbox 3440 707 3523 754; x_wconf 90' lang='lat' dir='ltr'><strong>est</strong></span> <span class='ocrx_word' id='word_1_526' title='bbox 3569 677 3731 771; x_wconf 74' lang='lat' dir='ltr'><strong>pclles</strong></span> 
     </span>
    </p>
   </div>
   <div class='ocr_carea' id='block_1_68' title="bbox 2155 764 3731 858">
    <p class='ocr_par' dir='ltr' id='par_1_68' title="bbox 2155 764 3731 858">
     <span class='ocr_line' id='line_1_68' title="bbox 2155 764 3731 858; baseline 0.023 -46"><span class='ocrx_word' id='word_1_527' title='bbox 2155 769 2385 829; x_wconf 88' lang='lat' dir='ltr'><strong>portare.</strong></span> <span class='ocrx_word' id='word_1_528' title='bbox 2413 764 2673 833; x_wconf 82' lang='lat' dir='ltr'><strong>Quauttun</strong></span> <span class='ocrx_word' id='word_1_529' title='bbox 2697 771 2748 827; x_wconf 90' lang='lat' dir='ltr'><strong>in</strong></span> <span class='ocrx_word' id='word_1_530' title='bbox 2775 774 2889 843; x_wconf 90' lang='lat' dir='ltr'><strong>ipso</strong></span> <span class='ocrx_word' id='word_1_531' title='bbox 2917 776 3045 843; x_wconf 88' lang='lat' dir='ltr'><strong>fuit,</strong></span> <span class='ocrx_word' id='word_1_532' title='bbox 3076 781 3270 837; x_wconf 91' lang='lat' dir='ltr'><strong>occidit</strong></span> <span class='ocrx_word' id='word_1_533' title='bbox 3299 783 3510 858; x_wconf 78' lang='lat' dir='ltr'><strong>bzedos,</strong></span> <span class='ocrx_word' id='word_1_534' title='bbox 3539 764 3731 848; x_wconf 74' lang='lat' dir='ltr'><strong>occidit</strong></span> 
     </span>
    </p>
   </div>
   <div class='ocr_carea' id='block_1_69' title="bbox 2154 858 3729 948">
    <p class='ocr_par' dir='ltr' id='par_1_69' title="bbox 2154 858 3729 948">
     <span class='ocr_line' id='line_1_69' title="bbox 2154 858 3729 948; baseline 0.02 -45"><span class='ocrx_word' id='word_1_535' title='bbox 2154 860 2459 948; x_wconf 82' lang='lat' dir='ltr'><strong>peccatores</strong></span> <span class='ocrx_word' id='word_1_536' title='bbox 2488 872 2503 909; x_wconf 91' lang='lat'><strong>:</strong></span> <span class='ocrx_word' id='word_1_537' title='bbox 2531 858 2623 913; x_wconf 92' lang='lat' dir='ltr'><strong>sed</strong></span> <span class='ocrx_word' id='word_1_538' title='bbox 2654 864 2897 930; x_wconf 86' lang='lat' dir='ltr'><strong>portabat</strong></span> <span class='ocrx_word' id='word_1_539' title='bbox 2924 866 3091 922; x_wconf 89' lang='lat' dir='ltr'><strong>aliena</strong></span> <span class='ocrx_word' id='word_1_540' title='bbox 3123 881 3337 939; x_wconf 80' lang='lat' dir='ltr'><strong>peccata</strong></span> <span class='ocrx_word' id='word_1_541' title='bbox 3359 915 3374 940; x_wconf 93' lang='lat'><strong>,</strong></span> <span class='ocrx_word' id='word_1_542' title='bbox 3404 885 3458 931; x_wconf 92' lang='lat' dir='ltr'><strong>et</strong></span> <span class='ocrx_word' id='word_1_543' title='bbox 3487 881 3729 948; x_wconf 78' lang='lat' dir='ltr'><strong>portabat</strong></span> 
     </span>
    </p>
   </div>
   <div class='ocr_carea' id='block_1_70' title="bbox 2151 944 3727 1039">
    <p class='ocr_par' dir='ltr' id='par_1_70' title="bbox 2151 944 3727 1039">
     <span class='ocr_line' id='line_1_70' title="bbox 2151 944 3727 1039; baseline 0.022 -45"><span class='ocrx_word' id='word_1_544' title='bbox 2151 956 2273 1039; x_wconf 78' lang='lat' dir='ltr'><strong>eum</strong></span> <span class='ocrx_word' id='word_1_545' title='bbox 2303 944 2610 1016; x_wconf 88' lang='lat' dir='ltr'><strong>tolerantia;</strong></span> <span class='ocrx_word' id='word_1_546' title='bbox 2635 954 2823 1009; x_wconf 90' lang='lat' dir='ltr'><strong>meruit</strong></span> <span class='ocrx_word' id='word_1_547' title='bbox 2848 955 3126 1014; x_wconf 90' lang='lat' dir='ltr'><strong>benedici:</strong></span> <span class='ocrx_word' id='word_1_548' title='bbox 3150 963 3270 1032; x_wconf 88' lang='lat' dir='ltr'><strong>quia</strong></span> <span class='ocrx_word' id='word_1_549' title='bbox 3296 944 3523 1039; x_wconf 74' lang='lat' dir='ltr'><strong>Charitas</strong></span> <span class='ocrx_word' id='word_1_550' title='bbox 3548 974 3727 1028; x_wconf 85' lang='lat' dir='ltr'><strong>omnia</strong></span> 
     </span>
    </p>
   </div>
   <div class='ocr_carea' id='block_1_71' title="bbox 2150 1031 3724 1130">
    <p class='ocr_par' dir='ltr' id='par_1_71' title="bbox 2150 1031 3724 1130">
     <span class='ocr_line' id='line_1_71' title="bbox 2150 1031 3724 1130; baseline 0.022 -45"><span class='ocrx_word' id='word_1_551' title='bbox 2150 1031 2359 1089; x_wconf 84' lang='lat' dir='ltr'><strong>tolerat.</strong></span> <span class='ocrx_word' id='word_1_552' title='bbox 2389 1037 2503 1107; x_wconf 86' lang='lat' dir='ltr'><strong>ipsa</strong></span> <span class='ocrx_word' id='word_1_553' title='bbox 2529 1040 2757 1099; x_wconf 87' lang='lat' dir='ltr'><strong>eharitas</strong></span> <span class='ocrx_word' id='word_1_554' title='bbox 2785 1055 2899 1103; x_wconf 91' lang='lat' dir='ltr'><strong>erat</strong></span> <span class='ocrx_word' id='word_1_555' title='bbox 2940 1047 2993 1105; x_wconf 91' lang='lat' dir='ltr'><strong>in</strong></span> <span class='ocrx_word' id='word_1_556' title='bbox 3036 1031 3235 1122; x_wconf 81' lang='lat' dir='ltr'><strong>matre,</strong></span> <span class='ocrx_word' id='word_1_557' title='bbox 3266 1065 3315 1111; x_wconf 90' lang='lat' dir='ltr'><strong>et</strong></span> <span class='ocrx_word' id='word_1_558' title='bbox 3351 1031 3568 1130; x_wconf 79' lang='lat' dir='ltr'><strong>figuram</strong></span> <span class='ocrx_word' id='word_1_559' title='bbox 3593 1064 3724 1118; x_wconf 87' lang='lat' dir='ltr'><strong>cha-</strong></span> 
     </span>
    </p>
   </div>
   <div class='ocr_carea' id='block_1_72' title="bbox 2149 1126 3722 1217">
    <p class='ocr_par' dir='ltr' id='par_1_72' title="bbox 2149 1126 3722 1217">
     <span class='ocr_line' id='line_1_72' title="bbox 2149 1126 3722 1217; baseline 0.02 -38"><span class='ocrx_word' id='word_1_560' title='bbox 2149 1126 2319 1183; x_wconf 89' lang='lat' dir='ltr'><strong>ritatis</strong></span> <span class='ocrx_word' id='word_1_561' title='bbox 2342 1129 2502 1200; x_wconf 84' lang='lat' dir='ltr'><strong>ipsius</strong></span> <span class='ocrx_word' id='word_1_562' title='bbox 2517 1135 2732 1205; x_wconf 79' lang='lat' dir='ltr'><strong>gerebat</strong></span> <span class='ocrx_word' id='word_1_563' title='bbox 2759 1150 2930 1196; x_wconf 85' lang='lat' dir='ltr'><strong>mater</strong></span> <span class='ocrx_word' id='word_1_564' title='bbox 2956 1157 2972 1196; x_wconf 92' lang='lat'><strong>:</strong></span> <span class='ocrx_word' id='word_1_565' title='bbox 2999 1158 3121 1213; x_wconf 69' lang='lat' dir='ltr'><strong>qua:</strong></span> <span class='ocrx_word' id='word_1_566' title='bbox 3148 1144 3312 1217; x_wconf 82' lang='lat' dir='ltr'><strong>figura</strong></span> <span class='ocrx_word' id='word_1_567' title='bbox 3340 1126 3573 1207; x_wconf 85' lang='lat' dir='ltr'><strong>omnium</strong></span> <span class='ocrx_word' id='word_1_568' title='bbox 3596 1168 3689 1208; x_wconf 89' lang='lat' dir='ltr'><strong>san</strong></span> <span class='ocrx_word' id='word_1_569' title='bbox 3709 1187 3722 1195; x_wconf 94' lang='lat'><em>-</em></span> 
     </span>
    </p>
   </div>
   <div class='ocr_carea' id='block_1_73' title="bbox 2149 1224 3724 1313">
    <p class='ocr_par' dir='ltr' id='par_1_73' title="bbox 2149 1224 3724 1313">
     <span class='ocr_line' id='line_1_73' title="bbox 2149 1224 3724 1313; baseline 0.02 -44"><span class='ocrx_word' id='word_1_570' title='bbox 2149 1224 2353 1273; x_wconf 82' lang='lat' dir='ltr'><strong>ciorum</strong></span> <span class='ocrx_word' id='word_1_571' title='bbox 2395 1232 2538 1288; x_wconf 85' lang='lat' dir='ltr'><strong>erat,</strong></span> <span class='ocrx_word' id='word_1_572' title='bbox 2573 1226 2789 1296; x_wconf 88' lang='lat' dir='ltr'><strong>figuram</strong></span> <span class='ocrx_word' id='word_1_573' title='bbox 2818 1229 3091 1290; x_wconf 88' lang='lat' dir='ltr'><strong>charitatis</strong></span> <span class='ocrx_word' id='word_1_574' title='bbox 3117 1237 3361 1307; x_wconf 87' lang='lat' dir='ltr'><strong>gerebat;</strong></span> <span class='ocrx_word' id='word_1_575' title='bbox 3393 1243 3514 1313; x_wconf 91' lang='lat' dir='ltr'><strong>quia</strong></span> <span class='ocrx_word' id='word_1_576' title='bbox 3555 1249 3724 1301; x_wconf 88' lang='lat' dir='ltr'><strong>sancti</strong></span> 
     </span>
    </p>
   </div>
   <div class='ocr_carea' id='block_1_74' title="bbox 2150 1314 3722 1400">
    <p class='ocr_par' dir='ltr' id='par_1_74' title="bbox 2150 1314 3722 1400">
     <span class='ocr_line' id='line_1_74' title="bbox 2150 1314 3722 1400; baseline 0.018 -38"><span class='ocrx_word' id='word_1_577' title='bbox 2150 1322 2253 1363; x_wconf 88' lang='lat' dir='ltr'><strong>non</strong></span> <span class='ocrx_word' id='word_1_578' title='bbox 2282 1320 2435 1377; x_wconf 88' lang='lat' dir='ltr'><strong>sunt,</strong></span> <span class='ocrx_word' id='word_1_579' title='bbox 2469 1314 2568 1370; x_wconf 89' lang='lat' dir='ltr'><strong>nisi</strong></span> <span class='ocrx_word' id='word_1_580' title='bbox 2611 1319 2700 1388; x_wconf 91' lang='lat' dir='ltr'><strong>qui</strong></span> <span class='ocrx_word' id='word_1_581' title='bbox 2741 1319 3022 1379; x_wconf 89' lang='lat' dir='ltr'><strong>habuerint</strong></span> <span class='ocrx_word' id='word_1_582' title='bbox 3059 1325 3388 1386; x_wconf 90' lang='lat' dir='ltr'><strong>charitatem.</strong></span> <span class='ocrx_word' id='word_1_583' title='bbox 3417 1333 3554 1400; x_wconf 85' lang='lat' dir='ltr'><strong>Quid</strong></span> <span class='ocrx_word' id='word_1_584' title='bbox 3580 1337 3722 1391; x_wconf 88' lang='lat' dir='ltr'><strong>enim</strong></span> 
     </span>
    </p>
   </div>
   <div class='ocr_carea' id='block_1_75' title="bbox 2148 1400 3723 1493">
    <p class='ocr_par' dir='ltr' id='par_1_75' title="bbox 2148 1400 3723 1493">
     <span class='ocr_line' id='line_1_75' title="bbox 2148 1400 3723 1493; baseline 0.017 -41"><span class='ocrx_word' id='word_1_585' title='bbox 2148 1400 2381 1493; x_wconf 78' lang='lat' dir='ltr'><strong>proderit</strong></span> <span class='ocrx_word' id='word_1_586' title='bbox 2396 1444 2411 1469; x_wconf 95' lang='lat'><strong>,</strong></span> <span class='ocrx_word' id='word_1_587' title='bbox 2441 1406 2486 1457; x_wconf 89' lang='lat' dir='ltr'><strong>si</strong></span> <span class='ocrx_word' id='word_1_588' title='bbox 2508 1406 2693 1479; x_wconf 81' lang='lat' dir='ltr'><strong>linguis</strong></span> <span class='ocrx_word' id='word_1_589' title='bbox 2709 1410 2966 1468; x_wconf 79' lang='lat' dir='ltr'><strong>hominum</strong></span> <span class='ocrx_word' id='word_1_590' title='bbox 2986 1415 3163 1489; x_wconf 82' lang='lat' dir='ltr'><strong>loquar</strong></span> <span class='ocrx_word' id='word_1_591' title='bbox 3180 1428 3227 1474; x_wconf 84' lang='lat' dir='ltr'><strong>et</strong></span> <span class='ocrx_word' id='word_1_592' title='bbox 3247 1420 3574 1493; x_wconf 76' lang='lat' dir='ltr'><strong>Angelorum,</strong></span> <span class='ocrx_word' id='word_1_593' title='bbox 3599 1426 3723 1480; x_wconf 86' lang='lat' dir='ltr'><strong>cha-</strong></span> 
     </span>
    </p>
   </div>
   <div class='ocr_carea' id='block_1_76' title="bbox 2147 1490 3722 1570">
    <p class='ocr_par' dir='ltr' id='par_1_76' title="bbox 2147 1490 3722 1570">
     <span class='ocr_line' id='line_1_76' title="bbox 2147 1490 3722 1570; baseline 0.017 -28"><span class='ocrx_word' id='word_1_594' title='bbox 2147 1490 2351 1545; x_wconf 80' lang='lat' dir='ltr'><strong>ritatem</strong></span> <span class='ocrx_word' id='word_1_595' title='bbox 2370 1504 2534 1549; x_wconf 86' lang='lat' dir='ltr'><strong>autem</strong></span> <span class='ocrx_word' id='word_1_596' title='bbox 2581 1515 2681 1552; x_wconf 85' lang='lat' dir='ltr'><strong>non</strong></span> <span class='ocrx_word' id='word_1_597' title='bbox 2728 1502 2978 1560; x_wconf 81' lang='lat' dir='ltr'><strong>habeant?</strong></span> <span class='ocrx_word' id='word_1_598' title='bbox 3007 1505 3197 1563; x_wconf 81' lang='lat' dir='ltr'><strong>Factus</strong></span> <span class='ocrx_word' id='word_1_599' title='bbox 3242 1490 3355 1564; x_wconf 77' lang='lat' dir='ltr'><strong>sum</strong></span> <span class='ocrx_word' id='word_1_600' title='bbox 3399 1490 3722 1570; x_wconf 69' lang='lat' dir='ltr'><strong>crumentum</strong></span> 
     </span>
    </p>
   </div>
   <div class='ocr_carea' id='block_1_77' title="bbox 2145 1587 3718 1661">
    <p class='ocr_par' dir='ltr' id='par_1_77' title="bbox 2145 1587 3718 1661">
     <span class='ocr_line' id='line_1_77' title="bbox 2145 1587 3718 1661; baseline 0.017 -29"><span class='ocrx_word' id='word_1_601' title='bbox 2145 1596 2358 1650; x_wconf 82' lang='lat' dir='ltr'><strong>sonans,</strong></span> <span class='ocrx_word' id='word_1_602' title='bbox 2388 1595 2475 1637; x_wconf 87' lang='lat' dir='ltr'><strong>aut</strong></span> <span class='ocrx_word' id='word_1_603' title='bbox 2512 1587 2795 1656; x_wconf 75' lang='lat' dir='ltr'><strong>cymbalum</strong></span> <span class='ocrx_word' id='word_1_604' title='bbox 2838 1593 3074 1651; x_wconf 85' lang='lat' dir='ltr'><strong>tinniens.</strong></span> <span class='ocrx_word' id='word_1_605' title='bbox 3110 1597 3175 1652; x_wconf 85' lang='lat' dir='ltr'><strong>Et</strong></span> <span class='ocrx_word' id='word_1_606' title='bbox 3201 1600 3248 1653; x_wconf 90' lang='lat' dir='ltr'><strong>si</strong></span> <span class='ocrx_word' id='word_1_607' title='bbox 3278 1601 3497 1658; x_wconf 79' lang='lat' dir='ltr'><strong>habuero</strong></span> <span class='ocrx_word' id='word_1_608' title='bbox 3523 1621 3718 1661; x_wconf 84' lang='lat' dir='ltr'><strong>omnem</strong></span> 
     </span>
    </p>
   </div>
   <div class='ocr_carea' id='block_1_78' title="bbox 2146 1669 3719 1756">
    <p class='ocr_par' dir='ltr' id='par_1_78' title="bbox 2146 1669 3719 1756">
     <span class='ocr_line' id='line_1_78' title="bbox 2146 1669 3719 1756; baseline 0.02 -35"><span class='ocrx_word' id='word_1_609' title='bbox 2146 1669 2295 1738; x_wconf 76' lang='lat' dir='ltr'><strong>ﬁdem</strong></span> <span class='ocrx_word' id='word_1_610' title='bbox 2312 1714 2326 1737; x_wconf 95' lang='lat'><strong>,</strong></span> <span class='ocrx_word' id='word_1_611' title='bbox 2353 1673 2421 1726; x_wconf 88' lang='lat' dir='ltr'><strong>ita</strong></span> <span class='ocrx_word' id='word_1_612' title='bbox 2448 1685 2501 1728; x_wconf 83' lang='lat' dir='ltr'><strong>ut</strong></span> <span class='ocrx_word' id='word_1_613' title='bbox 2523 1686 2711 1734; x_wconf 84' lang='lat' dir='ltr'><strong>montes</strong></span> <span class='ocrx_word' id='word_1_614' title='bbox 2738 1686 3066 1756; x_wconf 79' lang='lat' dir='ltr'><strong>transferam,</strong></span> <span class='ocrx_word' id='word_1_615' title='bbox 3092 1688 3385 1746; x_wconf 87' lang='lat' dir='ltr'><strong>charitateut</strong></span> <span class='ocrx_word' id='word_1_616' title='bbox 3410 1704 3580 1749; x_wconf 85' lang='lat' dir='ltr'><strong>autem</strong></span> <span class='ocrx_word' id='word_1_617' title='bbox 3619 1713 3719 1751; x_wconf 84' lang='lat' dir='ltr'><strong>non</strong></span> 
     </span>
    </p>
   </div>
   <div class='ocr_carea' id='block_1_79' title="bbox 2145 1758 3720 1852">
    <p class='ocr_par' dir='ltr' id='par_1_79' title="bbox 2145 1758 3720 1852">
     <span class='ocr_line' id='line_1_79' title="bbox 2145 1758 3720 1852; baseline 0.018 -40"><span class='ocrx_word' id='word_1_618' title='bbox 2145 1758 2382 1827; x_wconf 83' lang='lat' dir='ltr'><strong>habeam,</strong></span> <span class='ocrx_word' id='word_1_619' title='bbox 2411 1764 2540 1820; x_wconf 86' lang='lat' dir='ltr'><strong>nihil</strong></span> <span class='ocrx_word' id='word_1_620' title='bbox 2562 1784 2694 1821; x_wconf 85' lang='lat' dir='ltr'><strong>sum.</strong></span> <span class='ocrx_word' id='word_1_621' title='bbox 2724 1768 2791 1824; x_wconf 83' lang='lat' dir='ltr'><strong>Et</strong></span> <span class='ocrx_word' id='word_1_622' title='bbox 2816 1772 2863 1826; x_wconf 88' lang='lat' dir='ltr'><strong>si</strong></span> <span class='ocrx_word' id='word_1_623' title='bbox 2902 1775 3061 1829; x_wconf 83' lang='lat' dir='ltr'><strong>sciero</strong></span> <span class='ocrx_word' id='word_1_624' title='bbox 3101 1779 3272 1833; x_wconf 81' lang='lat' dir='ltr'><strong>omnia</strong></span> <span class='ocrx_word' id='word_1_625' title='bbox 3297 1794 3644 1852; x_wconf 83' lang='lat' dir='ltr'><strong>sacramenta,</strong></span> <span class='ocrx_word' id='word_1_626' title='bbox 3674 1797 3720 1841; x_wconf 89' lang='lat' dir='ltr'><strong>et</strong></span> 
     </span>
    </p>
   </div>
   <div class='ocr_carea' id='block_1_80' title="bbox 2144 1857 3715 1942">
    <p class='ocr_par' dir='ltr' id='par_1_80' title="bbox 2144 1857 3715 1942">
     <span class='ocr_line' id='line_1_80' title="bbox 2144 1857 3715 1942; baseline 0.017 -39"><span class='ocrx_word' id='word_1_627' title='bbox 2144 1865 2339 1907; x_wconf 85' lang='lat' dir='ltr'><strong>omnem</strong></span> <span class='ocrx_word' id='word_1_628' title='bbox 2370 1857 2682 1926; x_wconf 82' lang='lat' dir='ltr'><strong>praphetiam</strong></span> <span class='ocrx_word' id='word_1_629' title='bbox 2698 1900 2712 1925; x_wconf 91' lang='lat'><strong>,</strong></span> <span class='ocrx_word' id='word_1_630' title='bbox 2736 1870 2781 1915; x_wconf 89' lang='lat' dir='ltr'><strong>et</strong></span> <span class='ocrx_word' id='word_1_631' title='bbox 2810 1863 3005 1918; x_wconf 84' lang='lat' dir='ltr'><strong>tradam</strong></span> <span class='ocrx_word' id='word_1_632' title='bbox 3029 1882 3213 1936; x_wconf 88' lang='lat' dir='ltr'><strong>corpus</strong></span> <span class='ocrx_word' id='word_1_633' title='bbox 3233 1886 3397 1924; x_wconf 83' lang='lat' dir='ltr'><strong>meum</strong></span> <span class='ocrx_word' id='word_1_634' title='bbox 3417 1882 3472 1927; x_wconf 77' lang='lat' dir='ltr'><strong>ut</strong></span> <span class='ocrx_word' id='word_1_635' title='bbox 3488 1874 3715 1942; x_wconf 83' lang='lat' dir='ltr'><strong>ardeam,</strong></span> 
     </span>
    </p>
   </div>
   <div class='ocr_carea' id='block_1_81' title="bbox 2143 1941 3713 2038">
    <p class='ocr_par' dir='ltr' id='par_1_81' title="bbox 2143 1941 3713 2038">
     <span class='ocr_line' id='line_1_81' title="bbox 2143 1941 3713 2038; baseline 0.018 -46"><span class='ocrx_word' id='word_1_636' title='bbox 2143 1941 2630 2038; x_wconf 10' lang='lat' dir='ltr'><strong>charitatentgautem</strong></span> <span class='ocrx_word' id='word_1_637' title='bbox 2673 1967 2773 2005; x_wconf 84' lang='lat' dir='ltr'><strong>non</strong></span> <span class='ocrx_word' id='word_1_638' title='bbox 2818 1952 3046 2022; x_wconf 84' lang='lat' dir='ltr'><strong>habeam,</strong></span> <span class='ocrx_word' id='word_1_639' title='bbox 3091 1958 3222 2012; x_wconf 83' lang='lat' dir='ltr'><strong>nihil</strong></span> <span class='ocrx_word' id='word_1_640' title='bbox 3260 1960 3386 2014; x_wconf 85' lang='lat' dir='ltr'><strong>mihi</strong></span> <span class='ocrx_word' id='word_1_641' title='bbox 3423 1963 3627 2035; x_wconf 76' lang='lat' dir='ltr'><strong>prodest</strong></span> <span class='ocrx_word' id='word_1_642' title='bbox 3658 1965 3679 2038; x_wconf 74' lang='grc' dir='ltr'>ζ</span> <span class='ocrx_word' id='word_1_643' title='bbox 3693 1963 3713 2021; x_wconf 87' lang='lat' dir='ltr'><strong>l</strong></span> 
     </span>
    </p>
   </div>
   <div class='ocr_carea' id='block_1_82' title="bbox 2140 2028 3714 2123">
    <p class='ocr_par' dir='ltr' id='par_1_82' title="bbox 2140 2028 3714 2123">
     <span class='ocr_line' id='line_1_82' title="bbox 2140 2028 3714 2123; baseline 0.016 -38"><span class='ocrx_word' id='word_1_644' title='bbox 2140 2028 2258 2085; x_wconf 88' lang='lat' dir='ltr'><strong>Cor.</strong></span> <span class='ocrx_word' id='word_1_645' title='bbox 2290 2049 2378 2088; x_wconf 78' lang='lat' dir='ltr'><strong>xm</strong></span> <span class='ocrx_word' id='word_1_646' title='bbox 2399 2075 2413 2101; x_wconf 94' lang='lat'><strong>,</strong></span> <span class='ocrx_word' id='word_1_647' title='bbox 2441 2036 2498 2104; x_wconf 91' lang='lat'><strong>7,</strong></span> <span class='ocrx_word' id='word_1_648' title='bbox 2530 2037 2668 2109; x_wconf 79' lang='lat'><strong>1-5).</strong></span> <span class='ocrx_word' id='word_1_649' title='bbox 2698 2041 2878 2109; x_wconf 86' lang='lat' dir='ltr'><strong>Qualis</strong></span> <span class='ocrx_word' id='word_1_650' title='bbox 2907 2054 3139 2117; x_wconf 87' lang='lat' dir='ltr'><strong>estergo</strong></span> <span class='ocrx_word' id='word_1_651' title='bbox 3164 2028 3435 2116; x_wconf 63' lang='lat' dir='ltr'><strong>charitas,</strong></span> <span class='ocrx_word' id='word_1_652' title='bbox 3459 2069 3579 2123; x_wconf 65' lang='lat' dir='ltr'><strong>qua:</strong></span> <span class='ocrx_word' id='word_1_653' title='bbox 3602 2028 3714 2110; x_wconf 79' lang='lat' dir='ltr'><strong>sola</strong></span> 
     </span>
    </p>
   </div>
   <div class='ocr_carea' id='block_1_83' title="bbox 2140 2123 3715 2217">
    <p class='ocr_par' dir='ltr' id='par_1_83' title="bbox 2140 2123 3715 2217">
     <span class='ocr_line' id='line_1_83' title="bbox 2140 2123 3715 2217; baseline 0.015 -40"><span class='ocrx_word' id='word_1_654' title='bbox 2140 2123 2361 2179; x_wconf 90' lang='lat' dir='ltr'><strong>multum</strong></span> <span class='ocrx_word' id='word_1_655' title='bbox 2389 2127 2635 2196; x_wconf 87' lang='lat' dir='ltr'><strong>prodest,</strong></span> <span class='ocrx_word' id='word_1_656' title='bbox 2662 2132 2783 2187; x_wconf 91' lang='lat' dir='ltr'><strong>sine</strong></span> <span class='ocrx_word' id='word_1_657' title='bbox 2804 2149 2904 2204; x_wconf 92' lang='lat' dir='ltr'><strong>qua</strong></span> <span class='ocrx_word' id='word_1_658' title='bbox 2925 2146 3115 2192; x_wconf 60' lang='lat' dir='ltr'><strong>extera</strong></span> <span class='ocrx_word' id='word_1_659' title='bbox 3141 2137 3270 2193; x_wconf 89' lang='lat' dir='ltr'><strong>nihil</strong></span> <span class='ocrx_word' id='word_1_660' title='bbox 3298 2144 3554 2210; x_wconf 81' lang='lat' dir='ltr'><strong>prosunt?</strong></span> <span class='ocrx_word' id='word_1_661' title='bbox 3576 2144 3715 2217; x_wconf 86' lang='lat' dir='ltr'><strong>Ergo</strong></span> 
     </span>
    </p>
   </div>
   <div class='ocr_carea' id='block_1_84' title="bbox 2141 2213 3714 2292">
    <p class='ocr_par' dir='ltr' id='par_1_84' title="bbox 2141 2213 3714 2292">
     <span class='ocr_line' id='line_1_84' title="bbox 2141 2213 3714 2292; baseline 0.016 -26"><span class='ocrx_word' id='word_1_662' title='bbox 2141 2213 2251 2282; x_wconf 88' lang='lat' dir='ltr'><strong>ipsa</strong></span> <span class='ocrx_word' id='word_1_663' title='bbox 2278 2214 2509 2272; x_wconf 88' lang='lat' dir='ltr'><strong>charitas</strong></span> <span class='ocrx_word' id='word_1_664' title='bbox 2557 2218 2647 2274; x_wconf 89' lang='lat' dir='ltr'><strong>dat</strong></span> <span class='ocrx_word' id='word_1_665' title='bbox 2691 2225 3002 2292; x_wconf 89' lang='lat' dir='ltr'><strong>consilium,</strong></span> <span class='ocrx_word' id='word_1_666' title='bbox 3031 2235 3084 2282; x_wconf 93' lang='lat' dir='ltr'><strong>et</strong></span> <span class='ocrx_word' id='word_1_667' title='bbox 3130 2228 3311 2285; x_wconf 86' lang='lat' dir='ltr'><strong>obedit</strong></span> <span class='ocrx_word' id='word_1_668' title='bbox 3354 2232 3493 2288; x_wconf 84' lang='lat' dir='ltr'><strong>illius</strong></span> <span class='ocrx_word' id='word_1_669' title='bbox 3538 2213 3714 2290; x_wconf 65' lang='lat' dir='ltr'><strong>chari-</strong></span> 
     </span>
    </p>
   </div>
   <div class='ocr_carea' id='block_1_85' title="bbox 2141 2304 2282 2359">
    <p class='ocr_par' dir='ltr' id='par_1_85' title="bbox 2141 2304 2282 2359">
     <span class='ocr_line' id='line_1_85' title="bbox 2141 2304 2282 2359; baseline 0.007 -3"><span class='ocrx_word' id='word_1_670' title='bbox 2141 2304 2282 2359; x_wconf 89' lang='lat' dir='ltr'><strong>tatis.</strong></span> 
     </span>
    </p>
   </div>
   <div class='ocr_carea' id='block_1_86' title="bbox 2207 2410 3713 2497">
    <p class='ocr_par' dir='ltr' id='par_1_86' title="bbox 2207 2410 3713 2497">
     <span class='ocr_line' id='line_1_86' title="bbox 2207 2410 3713 2497; baseline 0.013 -33"><span class='ocrx_word' id='word_1_671' title='bbox 2207 2410 2432 2467; x_wconf 77' lang='lat' dir='ltr'><strong>CAPUT</strong></span> <span class='ocrx_word' id='word_1_672' title='bbox 2462 2414 2729 2472; x_wconf 74' lang='lat' dir='ltr'><strong>XX.—2l</strong></span> <span class='ocrx_word' id='word_1_673' title='bbox 2745 2458 2758 2472; x_wconf 95' lang='lat'><strong>.</strong></span> <span class='ocrx_word' id='word_1_674' title='bbox 2784 2417 2929 2473; x_wconf 88' lang='lat' dir='ltr'><strong>Isaac</strong></span> <span class='ocrx_word' id='word_1_675' title='bbox 2949 2422 2999 2474; x_wconf 90' lang='lat' dir='ltr'><strong>in</strong></span> <span class='ocrx_word' id='word_1_676' title='bbox 3019 2422 3134 2477; x_wconf 89' lang='lat' dir='ltr'><strong>dolo</strong></span> <span class='ocrx_word' id='word_1_677' title='bbox 3149 2421 3307 2478; x_wconf 73' lang='lat' dir='ltr'><strong>Iacob</strong></span> <span class='ocrx_word' id='word_1_678' title='bbox 3326 2425 3542 2497; x_wconf 81' lang='lat' dir='ltr'><strong>ﬁguram</strong></span> <span class='ocrx_word' id='word_1_679' title='bbox 3565 2430 3713 2484; x_wconf 85' lang='lat' dir='ltr'><strong>intel-</strong></span> 
     </span>
    </p>
   </div>
   <div class='ocr_carea' id='block_1_87' title="bbox 2136 2500 3713 2585">
    <p class='ocr_par' dir='ltr' id='par_1_87' title="bbox 2136 2500 3713 2585">
     <span class='ocr_line' id='line_1_87' title="bbox 2136 2500 3713 2585; baseline 0.014 -34"><span class='ocrx_word' id='word_1_680' title='bbox 2136 2500 2274 2553; x_wconf 68' lang='lat' dir='ltr'><strong>lexit.</strong></span> <span class='ocrx_word' id='word_1_681' title='bbox 2301 2501 2464 2567; x_wconf 88' lang='lat' dir='ltr'><strong>Quale</strong></span> <span class='ocrx_word' id='word_1_682' title='bbox 2490 2506 2768 2562; x_wconf 89' lang='lat' dir='ltr'><strong>consilium</strong></span> <span class='ocrx_word' id='word_1_683' title='bbox 2797 2508 2925 2563; x_wconf 88' lang='lat' dir='ltr'><strong>dat?</strong></span> <span class='ocrx_word' id='word_1_684' title='bbox 2949 2509 3016 2567; x_wconf 91' lang='lat' dir='ltr'><strong>Ut</strong></span> <span class='ocrx_word' id='word_1_685' title='bbox 3034 2511 3259 2581; x_wconf 77' lang='lat' dir='ltr'><strong>accipiat</strong></span> <span class='ocrx_word' id='word_1_686' title='bbox 3286 2514 3373 2570; x_wconf 91' lang='lat' dir='ltr'><strong>ille</strong></span> <span class='ocrx_word' id='word_1_687' title='bbox 3402 2517 3566 2585; x_wconf 90' lang='lat' dir='ltr'><strong>pelles</strong></span> <span class='ocrx_word' id='word_1_688' title='bbox 3601 2517 3713 2572; x_wconf 78' lang='lat' dir='ltr'><strong>lue-</strong></span> 
     </span>
    </p>
   </div>
   <div class='ocr_carea' id='block_1_88' title="bbox 2133 2587 3716 2675">
    <p class='ocr_par' dir='ltr' id='par_1_88' title="bbox 2133 2587 3716 2675">
     <span class='ocr_line' id='line_1_88' title="bbox 2133 2587 3716 2675; baseline 0.013 -33"><span class='ocrx_word' id='word_1_689' title='bbox 2133 2587 2304 2659; x_wconf 87' lang='lat' dir='ltr'><strong>dinas,</strong></span> <span class='ocrx_word' id='word_1_690' title='bbox 2322 2600 2375 2646; x_wconf 88' lang='lat' dir='ltr'><strong>et</strong></span> <span class='ocrx_word' id='word_1_691' title='bbox 2400 2594 2614 2649; x_wconf 88' lang='lat' dir='ltr'><strong>accedat</strong></span> <span class='ocrx_word' id='word_1_692' title='bbox 2636 2596 2703 2650; x_wconf 89' lang='lat' dir='ltr'><strong>ad</strong></span> <span class='ocrx_word' id='word_1_693' title='bbox 2725 2607 2945 2667; x_wconf 88' lang='lat' dir='ltr'><strong>patrem.</strong></span> <span class='ocrx_word' id='word_1_694' title='bbox 2972 2596 3218 2673; x_wconf 76' lang='lat' dir='ltr'><strong>Majorem</strong></span> <span class='ocrx_word' id='word_1_695' title='bbox 3249 2609 3441 2673; x_wconf 72' lang='lat' dir='ltr'><strong>quaerit</strong></span> <span class='ocrx_word' id='word_1_696' title='bbox 3467 2615 3633 2675; x_wconf 87' lang='lat' dir='ltr'><strong>pater,</strong></span> <span class='ocrx_word' id='word_1_697' title='bbox 3659 2621 3716 2666; x_wconf 89' lang='lat' dir='ltr'><strong>et</strong></span> 
     </span>
    </p>
   </div>
   <div class='ocr_carea' id='block_1_89' title="bbox 2133 2680 3711 2753">
    <p class='ocr_par' dir='ltr' id='par_1_89' title="bbox 2133 2680 3711 2753">
     <span class='ocr_line' id='line_1_89' title="bbox 2133 2680 3711 2753; baseline 0.014 -22"><span class='ocrx_word' id='word_1_698' title='bbox 2133 2680 2392 2736; x_wconf 89' lang='lat' dir='ltr'><strong>minorem</strong></span> <span class='ocrx_word' id='word_1_699' title='bbox 2424 2682 2726 2740; x_wconf 89' lang='lat' dir='ltr'><strong>benedicit:</strong></span> <span class='ocrx_word' id='word_1_700' title='bbox 2761 2687 2919 2742; x_wconf 75' lang='lat' dir='ltr'><strong>\‘etus</strong></span> <span class='ocrx_word' id='word_1_701' title='bbox 2956 2689 3355 2748; x_wconf 86' lang='lat' dir='ltr'><strong>Testamentum</strong></span> <span class='ocrx_word' id='word_1_702' title='bbox 3385 2693 3599 2752; x_wconf 75' lang='lat' dir='ltr'><strong>Judznos</strong></span> <span class='ocrx_word' id='word_1_703' title='bbox 3629 2697 3711 2753; x_wconf 85' lang='lat' dir='ltr'><strong>in-</strong></span> 
     </span>
    </p>
   </div>
   <div class='ocr_carea' id='block_1_90' title="bbox 2135 2773 3711 2852">
    <p class='ocr_par' dir='ltr' id='par_1_90' title="bbox 2135 2773 3711 2852">
     <span class='ocr_line' id='line_1_90' title="bbox 2135 2773 3711 2852; baseline 0.011 -29"><span class='ocrx_word' id='word_1_704' title='bbox 2135 2778 2311 2827; x_wconf 89' lang='lat' dir='ltr'><strong>tuetur</strong></span> <span class='ocrx_word' id='word_1_705' title='bbox 2337 2788 2431 2843; x_wconf 87' lang='lat' dir='ltr'><strong>per</strong></span> <span class='ocrx_word' id='word_1_706' title='bbox 2460 2773 2687 2829; x_wconf 86' lang='lat' dir='ltr'><strong>litteram</strong></span> <span class='ocrx_word' id='word_1_707' title='bbox 2709 2818 2721 2840; x_wconf 91' lang='lat'><strong>,</strong></span> <span class='ocrx_word' id='word_1_708' title='bbox 2746 2785 2797 2831; x_wconf 90' lang='lat' dir='ltr'><strong>et</strong></span> <span class='ocrx_word' id='word_1_709' title='bbox 2842 2793 2935 2847; x_wconf 88' lang='lat' dir='ltr'><strong>per</strong></span> <span class='ocrx_word' id='word_1_710' title='bbox 2979 2780 3305 2848; x_wconf 88' lang='lat' dir='ltr'><strong>spiritualem</strong></span> <span class='ocrx_word' id='word_1_711' title='bbox 3357 2784 3473 2852; x_wconf 86' lang='lat' dir='ltr'><strong>ejus</strong></span> <span class='ocrx_word' id='word_1_712' title='bbox 3516 2785 3711 2841; x_wconf 84' lang='lat' dir='ltr'><strong>intelli-</strong></span> 
     </span>
    </p>
   </div>
   <div class='ocr_carea' id='block_1_91' title="bbox 2129 2863 3711 2933">
    <p class='ocr_par' dir='ltr' id='par_1_91' title="bbox 2129 2863 3711 2933">
     <span class='ocr_line' id='line_1_91' title="bbox 2129 2863 3711 2933; baseline 0.009 -17"><span class='ocrx_word' id='word_1_713' title='bbox 2129 2863 2359 2931; x_wconf 76' lang='lat' dir='ltr'><strong>gentiam</strong></span> <span class='ocrx_word' id='word_1_714' title='bbox 2413 2863 2697 2919; x_wconf 82' lang='lat' dir='ltr'><strong>Christiani</strong></span> <span class='ocrx_word' id='word_1_715' title='bbox 2752 2867 2803 2921; x_wconf 94' lang='lat' dir='ltr'><strong>in</strong></span> <span class='ocrx_word' id='word_1_716' title='bbox 2859 2867 2948 2922; x_wconf 89' lang='lat' dir='ltr'><strong>illo</strong></span> <span class='ocrx_word' id='word_1_717' title='bbox 3004 2868 3405 2927; x_wconf 82' lang='lat' dir='ltr'><strong>benedicuntur.</strong></span> <span class='ocrx_word' id='word_1_718' title='bbox 3469 2872 3711 2933; x_wconf 79' lang='lat' dir='ltr'><strong>intendat</strong></span> 
     </span>
    </p>
   </div>
   <div class='ocr_carea' id='block_1_92' title="bbox 2130 2950 3705 3034">
    <p class='ocr_par' dir='ltr' id='par_1_92' title="bbox 2130 2950 3705 3034">
     <span class='ocr_line' id='line_1_92' title="bbox 2130 2950 3705 3034; baseline 0.01 -27"><span class='ocrx_word' id='word_1_719' title='bbox 2130 2950 2391 3007; x_wconf 80' lang='lat' dir='ltr'><strong>Sanctitas</strong></span> <span class='ocrx_word' id='word_1_720' title='bbox 2417 2963 2589 3009; x_wconf 88' lang='lat' dir='ltr'><strong>vestra</strong></span> <span class='ocrx_word' id='word_1_721' title='bbox 2611 2998 2625 3023; x_wconf 93' lang='lat'><strong>,</strong></span> <span class='ocrx_word' id='word_1_722' title='bbox 2660 2969 2905 3027; x_wconf 90' lang='lat' dir='ltr'><strong>magnum</strong></span> <span class='ocrx_word' id='word_1_723' title='bbox 2946 2961 3288 3031; x_wconf 82' lang='lat' dir='ltr'><strong>mysterium,</strong></span> <span class='ocrx_word' id='word_1_724' title='bbox 3322 2978 3567 3034; x_wconf 88' lang='lat' dir='ltr'><strong>magnum</strong></span> <span class='ocrx_word' id='word_1_725' title='bbox 3617 2982 3705 3022; x_wconf 85' lang='lat' dir='ltr'><strong>sa-</strong></span> 
     </span>
    </p>
   </div>
   <div class='ocr_carea' id='block_1_93' title="bbox 2129 3044 3707 3127">
    <p class='ocr_par' dir='ltr' id='par_1_93' title="bbox 2129 3044 3707 3127">
     <span class='ocr_line' id='line_1_93' title="bbox 2129 3044 3707 3127; baseline 0.011 -32"><span class='ocrx_word' id='word_1_726' title='bbox 2129 3052 2478 3098; x_wconf 84' lang='lat' dir='ltr'><strong>cramentum.</strong></span> <span class='ocrx_word' id='word_1_727' title='bbox 2513 3044 2647 3099; x_wconf 91' lang='lat' dir='ltr'><strong>Dicit</strong></span> <span class='ocrx_word' id='word_1_728' title='bbox 2674 3044 2847 3112; x_wconf 83' lang='lat' dir='ltr'><strong>Isaac,</strong></span> <span class='ocrx_word' id='word_1_729' title='bbox 2887 3045 3027 3102; x_wconf 79' lang='lat' dir='ltr'><strong>Venit</strong></span> <span class='ocrx_word' id='word_1_730' title='bbox 3065 3050 3223 3119; x_wconf 79' lang='lat' dir='ltr'><strong>frater</strong></span> <span class='ocrx_word' id='word_1_731' title='bbox 3260 3063 3373 3107; x_wconf 87' lang='lat' dir='ltr'><strong>tuus</strong></span> <span class='ocrx_word' id='word_1_732' title='bbox 3408 3073 3522 3110; x_wconf 89' lang='lat' dir='ltr'><strong>cum</strong></span> <span class='ocrx_word' id='word_1_733' title='bbox 3549 3057 3707 3127; x_wconf 71' lang='lat' dir='ltr'><strong>dolo,</strong></span> 
     </span>
    </p>
   </div>
   <div class='ocr_carea' id='block_1_94' title="bbox 2128 3130 3707 3210">
    <p class='ocr_par' dir='ltr' id='par_1_94' title="bbox 2128 3130 3707 3210">
     <span class='ocr_line' id='line_1_94' title="bbox 2128 3130 3707 3210; baseline 0.012 -25"><span class='ocrx_word' id='word_1_734' title='bbox 2128 3131 2196 3187; x_wconf 89' lang='lat' dir='ltr'><strong>de</strong></span> <span class='ocrx_word' id='word_1_735' title='bbox 2223 3130 2437 3207; x_wconf 82' lang='lat' dir='ltr'><strong>homine</strong></span> <span class='ocrx_word' id='word_1_736' title='bbox 2463 3135 2577 3192; x_wconf 90' lang='lat' dir='ltr'><strong>sine</strong></span> <span class='ocrx_word' id='word_1_737' title='bbox 2602 3135 2743 3191; x_wconf 86' lang='lat' dir='ltr'><strong>dolo.</strong></span> <span class='ocrx_word' id='word_1_738' title='bbox 2778 3138 2903 3193; x_wconf 89' lang='lat' dir='ltr'><strong>Sine</strong></span> <span class='ocrx_word' id='word_1_739' title='bbox 2938 3138 3097 3194; x_wconf 90' lang='lat' dir='ltr'><strong>dubio</strong></span> <span class='ocrx_word' id='word_1_740' title='bbox 3139 3139 3283 3197; x_wconf 84' lang='lat' dir='ltr'><strong>Isaac</strong></span> <span class='ocrx_word' id='word_1_741' title='bbox 3312 3143 3395 3199; x_wconf 88' lang='lat' dir='ltr'><strong>ille</strong></span> <span class='ocrx_word' id='word_1_742' title='bbox 3416 3187 3429 3210; x_wconf 92' lang='lat'><strong>,</strong></span> <span class='ocrx_word' id='word_1_743' title='bbox 3462 3156 3518 3201; x_wconf 93' lang='lat' dir='ltr'><strong>ut</strong></span> <span class='ocrx_word' id='word_1_744' title='bbox 3539 3158 3651 3202; x_wconf 88' lang='lat' dir='ltr'><strong>erat</strong></span> <span class='ocrx_word' id='word_1_745' title='bbox 3685 3150 3707 3187; x_wconf 61' lang='grc' dir='ltr'><strong>ι</strong></span> 
     </span>
    </p>
   </div>
   <div class='ocr_carea' id='block_1_95' title="bbox 2127 3222 3701 3308">
    <p class='ocr_par' dir='ltr' id='par_1_95' title="bbox 2127 3222 3701 3308">
     <span class='ocr_line' id='line_1_95' title="bbox 2127 3222 3701 3308; baseline 0.01 -33"><span class='ocrx_word' id='word_1_746' title='bbox 2127 3222 2312 3295; x_wconf 88' lang='lat' dir='ltr'><strong>spiritu</strong></span> <span class='ocrx_word' id='word_1_747' title='bbox 2361 3225 2707 3294; x_wconf 85' lang='lat' dir='ltr'><strong>prophetico,</strong></span> <span class='ocrx_word' id='word_1_748' title='bbox 2738 3238 2956 3282; x_wconf 83' lang='lat' dir='ltr'><strong>noverat</strong></span> <span class='ocrx_word' id='word_1_749' title='bbox 3001 3229 3125 3300; x_wconf 91' lang='lat' dir='ltr'><strong>quid</strong></span> <span class='ocrx_word' id='word_1_750' title='bbox 3176 3232 3450 3301; x_wconf 80' lang='lat' dir='ltr'><strong>agebatur,</strong></span> <span class='ocrx_word' id='word_1_751' title='bbox 3482 3244 3535 3289; x_wconf 89' lang='lat' dir='ltr'><strong>et</strong></span> <span class='ocrx_word' id='word_1_752' title='bbox 3589 3237 3701 3308; x_wconf 63' lang='lat' dir='ltr'><strong>ipse</strong></span> 
     </span>
    </p>
   </div>
   <div class='ocr_carea' id='block_1_96' title="bbox 2127 3314 3702 3393">
    <p class='ocr_par' dir='ltr' id='par_1_96' title="bbox 2127 3314 3702 3393">
     <span class='ocr_line' id='line_1_96' title="bbox 2127 3314 3702 3393; baseline 0.008 -26"><span class='ocrx_word' id='word_1_753' title='bbox 2127 3314 2346 3386; x_wconf 84' lang='lat' dir='ltr'><strong>ﬁgurate</strong></span> <span class='ocrx_word' id='word_1_754' title='bbox 2378 3316 2598 3386; x_wconf 79' lang='lat' dir='ltr'><strong>agebat;</strong></span> <span class='ocrx_word' id='word_1_755' title='bbox 2630 3318 2804 3373; x_wconf 90' lang='lat' dir='ltr'><strong>omnia</strong></span> <span class='ocrx_word' id='word_1_756' title='bbox 2831 3321 2982 3391; x_wconf 90' lang='lat' dir='ltr'><strong>ponit</strong></span> <span class='ocrx_word' id='word_1_757' title='bbox 3010 3321 3060 3375; x_wconf 92' lang='lat' dir='ltr'><strong>in</strong></span> <span class='ocrx_word' id='word_1_758' title='bbox 3102 3337 3286 3393; x_wconf 88' lang='lat' dir='ltr'><strong>magna</strong></span> <span class='ocrx_word' id='word_1_759' title='bbox 3315 3325 3591 3383; x_wconf 76' lang='lat' dir='ltr'><strong>altitudine</strong></span> <span class='ocrx_word' id='word_1_760' title='bbox 3616 3342 3702 3383; x_wconf 67' lang='lat' dir='ltr'><strong>sv-</strong></span> 
     </span>
    </p>
   </div>
   <div class='ocr_carea' id='block_1_97' title="bbox 2125 3408 3700 3483">
    <p class='ocr_par' dir='ltr' id='par_1_97' title="bbox 2125 3408 3700 3483">
     <span class='ocr_line' id='line_1_97' title="bbox 2125 3408 3700 3483; baseline 0.008 -23"><span class='ocrx_word' id='word_1_761' title='bbox 2125 3415 2514 3462; x_wconf 83' lang='lat' dir='ltr'><strong>cramentorinn</strong></span> <span class='ocrx_word' id='word_1_762' title='bbox 2547 3424 2559 3459; x_wconf 91' lang='lat'>:</span> <span class='ocrx_word' id='word_1_763' title='bbox 2592 3423 2713 3461; x_wconf 88' lang='lat' dir='ltr'><strong>nam</strong></span> <span class='ocrx_word' id='word_1_764' title='bbox 2738 3408 2782 3463; x_wconf 92' lang='lat' dir='ltr'><strong>si</strong></span> <span class='ocrx_word' id='word_1_765' title='bbox 2806 3410 3031 3465; x_wconf 80' lang='lat' dir='ltr'><strong>nesciret</strong></span> <span class='ocrx_word' id='word_1_766' title='bbox 3055 3411 3177 3481; x_wconf 85' lang='lat' dir='ltr'><strong>quid</strong></span> <span class='ocrx_word' id='word_1_767' title='bbox 3201 3423 3413 3483; x_wconf 84' lang='lat' dir='ltr'><strong>ageret,</strong></span> <span class='ocrx_word' id='word_1_768' title='bbox 3440 3415 3700 3472; x_wconf 72' lang='lat' dir='ltr'><strong>irascere-</strong></span> 
     </span>
    </p>
   </div>
   <div class='ocr_carea' id='block_1_98' title="bbox 2127 3496 3698 3580">
    <p class='ocr_par' dir='ltr' id='par_1_98' title="bbox 2127 3496 3698 3580">
     <span class='ocr_line' id='line_1_98' title="bbox 2127 3496 3698 3580; baseline 0.01 -31"><span class='ocrx_word' id='word_1_769' title='bbox 2127 3506 2211 3551; x_wconf 86' lang='lat' dir='ltr'><strong>tur</strong></span> <span class='ocrx_word' id='word_1_770' title='bbox 2238 3496 2432 3551; x_wconf 84' lang='lat' dir='ltr'><strong>fallenti</strong></span> <span class='ocrx_word' id='word_1_771' title='bbox 2460 3513 2515 3553; x_wconf 88' lang='lat' dir='ltr'><strong>sc</strong></span> <span class='ocrx_word' id='word_1_772' title='bbox 2541 3500 2665 3556; x_wconf 92' lang='lat' dir='ltr'><strong>filio.</strong></span> <span class='ocrx_word' id='word_1_773' title='bbox 2690 3500 2845 3556; x_wconf 73' lang='lat' dir='ltr'><strong>Venit</strong></span> <span class='ocrx_word' id='word_1_774' title='bbox 2870 3502 3057 3573; x_wconf 81' lang='lat' dir='ltr'><strong>major,</strong></span> <span class='ocrx_word' id='word_1_775' title='bbox 3088 3513 3139 3559; x_wconf 93' lang='lat' dir='ltr'><strong>et</strong></span> <span class='ocrx_word' id='word_1_776' title='bbox 3164 3503 3320 3573; x_wconf 87' lang='lat' dir='ltr'><strong>dicit,</strong></span> <span class='ocrx_word' id='word_1_777' title='bbox 3354 3507 3498 3576; x_wconf 78' lang='lat' dir='ltr'><strong>Ecce,</strong></span> <span class='ocrx_word' id='word_1_778' title='bbox 3523 3522 3698 3580; x_wconf 81' lang='lat' dir='ltr'><strong>pater;</strong></span> 
     </span>
    </p>
   </div>
   <div class='ocr_carea' id='block_1_99' title="bbox 2124 3586 3698 3666">
    <p class='ocr_par' dir='ltr' id='par_1_99' title="bbox 2124 3586 3698 3666">
     <span class='ocr_line' id='line_1_99' title="bbox 2124 3586 3698 3666; baseline 0.012 -29"><span class='ocrx_word' id='word_1_779' title='bbox 2124 3586 2372 3640; x_wconf 81' lang='lat' dir='ltr'><strong>manduca</strong></span> <span class='ocrx_word' id='word_1_780' title='bbox 2394 3604 2413 3640; x_wconf 89' lang='lat'><strong><em>:</em></strong></span> <span class='ocrx_word' id='word_1_781' title='bbox 2438 3588 2565 3641; x_wconf 83' lang='lat' dir='ltr'><strong>sicut</strong></span> <span class='ocrx_word' id='word_1_782' title='bbox 2582 3590 2782 3659; x_wconf 85' lang='lat' dir='ltr'><strong>jussisti</strong></span> <span class='ocrx_word' id='word_1_783' title='bbox 2811 3591 2963 3657; x_wconf 85' lang='lat' dir='ltr'><strong>mihi,</strong></span> <span class='ocrx_word' id='word_1_784' title='bbox 3005 3594 3119 3664; x_wconf 76' lang='lat' dir='ltr'><strong>feri.</strong></span> <span class='ocrx_word' id='word_1_785' title='bbox 3167 3596 3299 3651; x_wconf 86' lang='lat' dir='ltr'><strong>Dicit</strong></span> <span class='ocrx_word' id='word_1_786' title='bbox 3345 3597 3432 3653; x_wconf 89' lang='lat' dir='ltr'><strong>ille</strong></span> <span class='ocrx_word' id='word_1_787' title='bbox 3459 3617 3471 3652; x_wconf 91' lang='lat'><strong>:</strong></span> <span class='ocrx_word' id='word_1_788' title='bbox 3500 3600 3622 3666; x_wconf 83' lang='lat' dir='ltr'><strong>Quis</strong></span> <span class='ocrx_word' id='word_1_789' title='bbox 3646 3621 3698 3655; x_wconf 78' lang='lat' dir='ltr'><strong>es</strong></span> 
     </span>
    </p>
   </div>
   <div class='ocr_carea' id='block_1_100' title="bbox 2123 3676 3697 3759">
    <p class='ocr_par' dir='ltr' id='par_1_100' title="bbox 2123 3676 3697 3759">
     <span class='ocr_line' id='line_1_100' title="bbox 2123 3676 3697 3759; baseline 0.01 -30"><span class='ocrx_word' id='word_1_790' title='bbox 2123 3677 2218 3731; x_wconf 77' lang='lat' dir='ltr'><strong>tu?</strong></span> <span class='ocrx_word' id='word_1_791' title='bbox 2248 3676 2570 3747; x_wconf 73' lang='lat' dir='ltr'><strong>Respondit:</strong></span> <span class='ocrx_word' id='word_1_792' title='bbox 2598 3678 2707 3751; x_wconf 80' lang='lat' dir='ltr'><strong>Ego</strong></span> <span class='ocrx_word' id='word_1_793' title='bbox 2747 3698 2856 3736; x_wconf 85' lang='lat' dir='ltr'><strong>sunt</strong></span> <span class='ocrx_word' id='word_1_794' title='bbox 2902 3683 3038 3750; x_wconf 75' lang='lat' dir='ltr'><strong>[ilius</strong></span> <span class='ocrx_word' id='word_1_795' title='bbox 3069 3694 3183 3738; x_wconf 86' lang='lat' dir='ltr'><strong>tuus</strong></span> <span class='ocrx_word' id='word_1_796' title='bbox 3220 3687 3384 3759; x_wconf 87' lang='lat' dir='ltr'><strong>major</strong></span> <span class='ocrx_word' id='word_1_797' title='bbox 3426 3688 3583 3745; x_wconf 80' lang='lat' dir='ltr'><strong>Esau.</strong></span> <span class='ocrx_word' id='word_1_798' title='bbox 3631 3689 3697 3745; x_wconf 82' lang='lat' dir='ltr'><strong>Et</strong></span> 
     </span>
    </p>
   </div>
   <div class='ocr_carea' id='block_1_101' title="bbox 2120 3771 3695 3845">
    <p class='ocr_par' dir='ltr' id='par_1_101' title="bbox 2120 3771 3695 3845">
     <span class='ocr_line' id='line_1_101' title="bbox 2120 3771 3695 3845; baseline 0.011 -23"><span class='ocrx_word' id='word_1_799' title='bbox 2120 3771 2228 3838; x_wconf 84' lang='lat' dir='ltr'><strong>quis</strong></span> <span class='ocrx_word' id='word_1_800' title='bbox 2256 3780 2355 3836; x_wconf 82' lang='lat' dir='ltr'><strong>est,</strong></span> <span class='ocrx_word' id='word_1_801' title='bbox 2380 3771 2576 3841; x_wconf 83' lang='lat' dir='ltr'><strong>inquit,</strong></span> <span class='ocrx_word' id='word_1_802' title='bbox 2616 3773 2702 3827; x_wconf 84' lang='lat' dir='ltr'><strong>ille</strong></span> <span class='ocrx_word' id='word_1_803' title='bbox 2742 3790 2774 3826; x_wconf 90' lang='lat' dir='ltr'><strong>a</strong></span> <span class='ocrx_word' id='word_1_804' title='bbox 2810 3790 2907 3843; x_wconf 83' lang='lat' dir='ltr'><strong>quo</strong></span> <span class='ocrx_word' id='word_1_805' title='bbox 2935 3776 3047 3845; x_wconf 86' lang='lat' dir='ltr'><strong>jam</strong></span> <span class='ocrx_word' id='word_1_806' title='bbox 3091 3778 3424 3845; x_wconf 72' lang='lat' dir='ltr'><strong>manducavi;</strong></span> <span class='ocrx_word' id='word_1_807' title='bbox 3461 3792 3506 3836; x_wconf 87' lang='lat' dir='ltr'><strong>et</strong></span> <span class='ocrx_word' id='word_1_808' title='bbox 3546 3783 3695 3838; x_wconf 83' lang='lat' dir='ltr'><strong>bene-</strong></span> 
     </span>
    </p>
   </div>
   <div class='ocr_carea' id='block_1_102' title="bbox 2120 3861 3694 3945">
    <p class='ocr_par' dir='ltr' id='par_1_102' title="bbox 2120 3861 3694 3945">
     <span class='ocr_line' id='line_1_102' title="bbox 2120 3861 3694 3945; baseline 0.011 -32"><span class='ocrx_word' id='word_1_809' title='bbox 2120 3861 2236 3915; x_wconf 69' lang='lat' dir='ltr'><strong>dixi</strong></span> <span class='ocrx_word' id='word_1_810' title='bbox 2275 3879 2423 3928; x_wconf 85' lang='lat' dir='ltr'><strong>eum,</strong></span> <span class='ocrx_word' id='word_1_811' title='bbox 2456 3874 2502 3917; x_wconf 84' lang='lat' dir='ltr'><strong>et</strong></span> <span class='ocrx_word' id='word_1_812' title='bbox 2557 3863 2835 3919; x_wconf 78' lang='lat' dir='ltr'><strong>benedictus</strong></span> <span class='ocrx_word' id='word_1_813' title='bbox 2888 3866 2978 3917; x_wconf 85' lang='lat' dir='ltr'><strong>erit</strong></span> <span class='ocrx_word' id='word_1_814' title='bbox 3030 3864 3193 3937; x_wconf 80' lang='lat' dir='ltr'><strong>(Ceu.</strong></span> <span class='ocrx_word' id='word_1_815' title='bbox 3250 3886 3426 3939; x_wconf 79' lang='lat' dir='ltr'><strong>xxvu,</strong></span> <span class='ocrx_word' id='word_1_816' title='bbox 3454 3874 3515 3929; x_wconf 79' lang='lat'><strong>51</strong></span> <span class='ocrx_word' id='word_1_817' title='bbox 3552 3876 3694 3945; x_wconf 79' lang='lat'><strong>55)?</strong></span> 
     </span>
    </p>
   </div>
   <div class='ocr_carea' id='block_1_103' title="bbox 2121 3951 3689 4028">
    <p class='ocr_par' dir='ltr' id='par_1_103' title="bbox 2121 3951 3689 4028">
     <span class='ocr_line' id='line_1_103' title="bbox 2121 3951 3689 4028; baseline 0.008 -23"><span class='ocrx_word' id='word_1_818' title='bbox 2121 3952 2280 4006; x_wconf 88' lang='lat' dir='ltr'><strong>Irasci</strong></span> <span class='ocrx_word' id='word_1_819' title='bbox 2312 3951 2609 4020; x_wconf 85' lang='lat' dir='ltr'><strong>videbatur,</strong></span> <span class='ocrx_word' id='word_1_820' title='bbox 2635 3956 2976 4024; x_wconf 67' lang='lat' dir='ltr'><strong>exspectabat</strong></span> <span class='ocrx_word' id='word_1_821' title='bbox 3000 3955 3067 4010; x_wconf 89' lang='lat' dir='ltr'><strong>ab</strong></span> <span class='ocrx_word' id='word_1_822' title='bbox 3093 3971 3187 4013; x_wconf 91' lang='lat' dir='ltr'><strong>ore</strong></span> <span class='ocrx_word' id='word_1_823' title='bbox 3218 3958 3380 4028; x_wconf 89' lang='lat' dir='ltr'><strong>ipsius</strong></span> <span class='ocrx_word' id='word_1_824' title='bbox 3413 3961 3549 4017; x_wconf 77' lang='lat' dir='ltr'><strong>Esau</strong></span> <span class='ocrx_word' id='word_1_825' title='bbox 3574 3980 3689 4018; x_wconf 85' lang='lat' dir='ltr'><strong>ma-</strong></span> 
     </span>
    </p>
   </div>
   <div class='ocr_carea' id='block_1_104' title="bbox 2119 4043 3689 4123">
    <p class='ocr_par' dir='ltr' id='par_1_104' title="bbox 2119 4043 3689 4123">
     <span class='ocr_line' id='line_1_104' title="bbox 2119 4043 3689 4123; baseline 0.007 -26"><span class='ocrx_word' id='word_1_826' title='bbox 2119 4043 2452 4100; x_wconf 80' lang='lat' dir='ltr'><strong>ledietionem</strong></span> <span class='ocrx_word' id='word_1_827' title='bbox 2481 4047 2708 4117; x_wconf 84' lang='lat' dir='ltr'><strong>aliquam</strong></span> <span class='ocrx_word' id='word_1_828' title='bbox 2752 4046 2805 4100; x_wconf 90' lang='lat' dir='ltr'><strong>in</strong></span> <span class='ocrx_word' id='word_1_829' title='bbox 2850 4046 3245 4105; x_wconf 79' lang='lat' dir='ltr'><strong>fratremzcum</strong></span> <span class='ocrx_word' id='word_1_830' title='bbox 3292 4064 3564 4123; x_wconf 78' lang='lat' dir='ltr'><strong>exspectat</strong></span> <span class='ocrx_word' id='word_1_831' title='bbox 3605 4056 3689 4110; x_wconf 76' lang='lat' dir='ltr'><strong>ille</strong></span> 
     </span>
    </p>
   </div>
   <div class='ocr_carea' id='block_1_105' title="bbox 2119 4135 3689 4202">
    <p class='ocr_par' dir='ltr' id='par_1_105' title="bbox 2119 4135 3689 4202">
     <span class='ocr_line' id='line_1_105' title="bbox 2119 4135 3689 4202; baseline 0.008 -12"><span class='ocrx_word' id='word_1_832' title='bbox 2119 4135 2581 4202; x_wconf 87' lang='lat' dir='ltr'><strong>maledictionem,</strong></span> <span class='ocrx_word' id='word_1_833' title='bbox 2637 4137 2915 4193; x_wconf 88' lang='lat' dir='ltr'><strong>confirmat</strong></span> <span class='ocrx_word' id='word_1_834' title='bbox 2984 4140 3082 4196; x_wconf 92' lang='lat' dir='ltr'><strong>iste</strong></span> <span class='ocrx_word' id='word_1_835' title='bbox 3145 4140 3590 4201; x_wconf 88' lang='lat' dir='ltr'><strong>benedictionem.</strong></span> <span class='ocrx_word' id='word_1_836' title='bbox 3644 4148 3689 4202; x_wconf 84' lang='lat'><strong>0</strong></span> 
     </span>
    </p>
   </div>
   <div class='ocr_carea' id='block_1_106' title="bbox 2118 4224 3691 4307">
    <p class='ocr_par' dir='ltr' id='par_1_106' title="bbox 2118 4224 3691 4307">
     <span class='ocr_line' id='line_1_106' title="bbox 2118 4224 3691 4307; baseline 0.007 -28"><span class='ocrx_word' id='word_1_837' title='bbox 2118 4224 2307 4279; x_wconf 89' lang='lat' dir='ltr'><strong>irasci!</strong></span> <span class='ocrx_word' id='word_1_838' title='bbox 2336 4240 2368 4279; x_wconf 90' lang='grc' dir='ltr'>ο</span> <span class='ocrx_word' id='word_1_839' title='bbox 2392 4225 2680 4297; x_wconf 87' lang='lat' dir='ltr'><strong>indignari!</strong></span> <span class='ocrx_word' id='word_1_840' title='bbox 2711 4226 2813 4305; x_wconf 74' lang='lat' dir='ltr'><strong>sed</strong></span> <span class='ocrx_word' id='word_1_841' title='bbox 2841 4237 3060 4284; x_wconf 88' lang='lat' dir='ltr'><strong>noverat</strong></span> <span class='ocrx_word' id='word_1_842' title='bbox 3086 4232 3421 4302; x_wconf 81' lang='lat' dir='ltr'><strong>mysterium,</strong></span> <span class='ocrx_word' id='word_1_843' title='bbox 3445 4241 3499 4288; x_wconf 88' lang='lat' dir='ltr'><strong>et</strong></span> <span class='ocrx_word' id='word_1_844' title='bbox 3518 4235 3691 4307; x_wconf 89' lang='lat' dir='ltr'><strong>caligo</strong></span> 
     </span>
    </p>
   </div>
   <div class='ocr_carea' id='block_1_107' title="bbox 2118 4316 3688 4396">
    <p class='ocr_par' dir='ltr' id='par_1_107' title="bbox 2118 4316 3688 4396">
     <span class='ocr_line' id='line_1_107' title="bbox 2118 4316 3688 4396; baseline 0.008 -27"><span class='ocrx_word' id='word_1_845' title='bbox 2118 4316 2391 4370; x_wconf 89' lang='lat' dir='ltr'><strong>oculorum</strong></span> <span class='ocrx_word' id='word_1_846' title='bbox 2444 4317 2559 4386; x_wconf 87' lang='lat' dir='ltr'><strong>ejus</strong></span> <span class='ocrx_word' id='word_1_847' title='bbox 2608 4332 2982 4388; x_wconf 85' lang='lat' dir='ltr'><strong>corporcorum</strong></span> <span class='ocrx_word' id='word_1_848' title='bbox 3034 4321 3361 4391; x_wconf 83' lang='lat' dir='ltr'><strong>significabat</strong></span> <span class='ocrx_word' id='word_1_849' title='bbox 3410 4325 3688 4396; x_wconf 85' lang='lat' dir='ltr'><strong>caliginem</strong></span> 
     </span>
    </p>
   </div>
   <div class='ocr_carea' id='block_1_108' title="bbox 2121 4405 3687 4485">
    <p class='ocr_par' dir='ltr' id='par_1_108' title="bbox 2121 4405 3687 4485">
     <span class='ocr_line' id='line_1_108' title="bbox 2121 4405 3687 4485; baseline 0.007 -22"><span class='ocrx_word' id='word_1_850' title='bbox 2121 4407 2310 4463; x_wconf 85' lang='lat' dir='ltr'><strong>tuentis</strong></span> <span class='ocrx_word' id='word_1_851' title='bbox 2347 4405 2648 4463; x_wconf 65' lang='lat' dir='ltr'><strong>ludarorum</strong></span> <span class='ocrx_word' id='word_1_852' title='bbox 2675 4428 2688 4464; x_wconf 95' lang='lat'>:</span> <span class='ocrx_word' id='word_1_853' title='bbox 2712 4408 2850 4463; x_wconf 89' lang='lat' dir='ltr'><strong>oculi</strong></span> <span class='ocrx_word' id='word_1_854' title='bbox 2876 4419 3052 4465; x_wconf 85' lang='lat' dir='ltr'><strong>autem</strong></span> <span class='ocrx_word' id='word_1_855' title='bbox 3090 4413 3263 4469; x_wconf 91' lang='lat' dir='ltr'><strong>cordis</strong></span> <span class='ocrx_word' id='word_1_856' title='bbox 3298 4416 3409 4485; x_wconf 89' lang='lat' dir='ltr'><strong>ejus</strong></span> <span class='ocrx_word' id='word_1_857' title='bbox 3441 4416 3687 4475; x_wconf 86' lang='lat' dir='ltr'><strong>videbant</strong></span> 
     </span>
    </p>
   </div>
   <div class='ocr_carea' id='block_1_109' title="bbox 2117 4497 2873 4572">
    <p class='ocr_par' dir='ltr' id='par_1_109' title="bbox 2117 4497 2873 4572">
     <span class='ocr_line' id='line_1_109' title="bbox 2117 4497 2873 4572; baseline 0.005 -21"><span class='ocrx_word' id='word_1_858' title='bbox 2117 4497 2446 4554; x_wconf 88' lang='lat' dir='ltr'><strong>altitudinem</strong></span> <span class='ocrx_word' id='word_1_859' title='bbox 2477 4500 2873 4572; x_wconf 84' lang='lat' dir='ltr'><strong>mysteriorum.</strong></span> 
     </span>
    </p>
   </div>
   <div class='ocr_carea' id='block_1_110' title="bbox 2186 4613 3690 4688">
    <p class='ocr_par' dir='ltr' id='par_1_110' title="bbox 2186 4613 3690 4688">
     <span class='ocr_line' id='line_1_110' title="bbox 2186 4613 3690 4688; baseline 0.01 -23"><span class='ocrx_word' id='word_1_860' title='bbox 2186 4613 2412 4669; x_wconf 72' lang='lat' dir='ltr'><strong>CAPUT</strong></span> <span class='ocrx_word' id='word_1_861' title='bbox 2442 4613 2659 4669; x_wconf 77' lang='lat' dir='ltr'><strong>XXl.——</strong></span> <span class='ocrx_word' id='word_1_862' title='bbox 2676 4614 2765 4669; x_wconf 73' lang='lat'><strong>22.</strong></span> <span class='ocrx_word' id='word_1_863' title='bbox 2800 4615 2979 4683; x_wconf 86' lang='lat' dir='ltr'><strong>Dolus,</strong></span> <span class='ocrx_word' id='word_1_864' title='bbox 3008 4635 3108 4673; x_wconf 82' lang='lat' dir='ltr'><strong>non</strong></span> <span class='ocrx_word' id='word_1_865' title='bbox 3134 4620 3297 4677; x_wconf 80' lang='lat' dir='ltr'><strong>dolus.</strong></span> <span class='ocrx_word' id='word_1_866' title='bbox 3322 4620 3579 4688; x_wconf 76' lang='lat' dir='ltr'><strong>—l&#39;cnit,</strong></span> <span class='ocrx_word' id='word_1_867' title='bbox 3607 4625 3690 4680; x_wconf 86' lang='lat' dir='ltr'><strong>in-</strong></span> 
     </span>
    </p>
   </div>
   <div class='ocr_carea' id='block_1_111' title="bbox 2116 4708 3688 4778">
    <p class='ocr_par' dir='ltr' id='par_1_111' title="bbox 2116 4708 3688 4778">
     <span class='ocr_line' id='line_1_111' title="bbox 2116 4708 3688 4778; baseline 0.008 -16"><span class='ocrx_word' id='word_1_868' title='bbox 2116 4708 2259 4778; x_wconf 86' lang='lat' dir='ltr'><strong>quit,</strong></span> <span class='ocrx_word' id='word_1_869' title='bbox 2289 4708 2445 4778; x_wconf 74' lang='lat' dir='ltr'><strong>frater</strong></span> <span class='ocrx_word' id='word_1_870' title='bbox 2469 4720 2584 4762; x_wconf 89' lang='lat' dir='ltr'><strong>tuus</strong></span> <span class='ocrx_word' id='word_1_871' title='bbox 2625 4726 2738 4763; x_wconf 84' lang='lat' dir='ltr'><strong>cum</strong></span> <span class='ocrx_word' id='word_1_872' title='bbox 2780 4710 2929 4775; x_wconf 87' lang='lat' dir='ltr'><strong>dolo,</strong></span> <span class='ocrx_word' id='word_1_873' title='bbox 2956 4722 3002 4766; x_wconf 89' lang='lat' dir='ltr'><strong>et</strong></span> <span class='ocrx_word' id='word_1_874' title='bbox 3028 4713 3236 4769; x_wconf 77' lang='lat' dir='ltr'><strong>abstulit</strong></span> <span class='ocrx_word' id='word_1_875' title='bbox 3274 4714 3688 4773; x_wconf 68' lang='lat' dir='ltr'><strong>benedictionem.</strong></span> 
     </span>
    </p>
   </div>
   <div class='ocr_carea' id='block_1_112' title="bbox 2117 4799 3686 4874">
    <p class='ocr_par' dir='ltr' id='par_1_112' title="bbox 2117 4799 3686 4874">
     <span class='ocr_line' id='line_1_112' title="bbox 2117 4799 3686 4874; baseline 0.008 -21"><span class='ocrx_word' id='word_1_876' title='bbox 2117 4799 2432 4855; x_wconf 87' lang='lat' dir='ltr'><strong>Dicebamus</strong></span> <span class='ocrx_word' id='word_1_877' title='bbox 2458 4816 2472 4852; x_wconf 88' lang='lat'><strong>:</strong></span> <span class='ocrx_word' id='word_1_878' title='bbox 2501 4800 2673 4856; x_wconf 86' lang='lat' dir='ltr'><strong>videte</strong></span> <span class='ocrx_word' id='word_1_879' title='bbox 2706 4801 2833 4872; x_wconf 90' lang='lat' dir='ltr'><strong>quid</strong></span> <span class='ocrx_word' id='word_1_880' title='bbox 2879 4812 2962 4856; x_wconf 87' lang='lat' dir='ltr'><strong>est</strong></span> <span class='ocrx_word' id='word_1_881' title='bbox 2985 4804 3006 4834; x_wconf 79' lang='lat'>&#39;</span> <span class='ocrx_word' id='word_1_882' title='bbox 3045 4819 3161 4857; x_wconf 86' lang='lat' dir='ltr'><strong>cum</strong></span> <span class='ocrx_word' id='word_1_883' title='bbox 3201 4805 3320 4861; x_wconf 90' lang='lat' dir='ltr'><strong>dolo</strong></span> <span class='ocrx_word' id='word_1_884' title='bbox 3347 4823 3361 4860; x_wconf 89' lang='lat'><strong><em>:</em></strong></span> <span class='ocrx_word' id='word_1_885' title='bbox 3387 4806 3543 4862; x_wconf 88' lang='lat' dir='ltr'><strong>dolus</strong></span> <span class='ocrx_word' id='word_1_886' title='bbox 3568 4808 3686 4874; x_wconf 77' lang='lat' dir='ltr'><strong>hic,</strong></span> 
     </span>
    </p>
   </div>
   <div class='ocr_carea' id='block_1_113' title="bbox 2116 4890 3690 4965">
    <p class='ocr_par' dir='ltr' id='par_1_113' title="bbox 2116 4890 3690 4965">
     <span class='ocr_line' id='line_1_113' title="bbox 2116 4890 3690 4965; baseline 0.004 -18"><span class='ocrx_word' id='word_1_887' title='bbox 2116 4907 2221 4947; x_wconf 88' lang='lat' dir='ltr'><strong>non</strong></span> <span class='ocrx_word' id='word_1_888' title='bbox 2247 4901 2331 4946; x_wconf 90' lang='lat' dir='ltr'><strong>est</strong></span> <span class='ocrx_word' id='word_1_889' title='bbox 2353 4890 2526 4947; x_wconf 89' lang='lat' dir='ltr'><strong>dolus.</strong></span> <span class='ocrx_word' id='word_1_890' title='bbox 2553 4890 2827 4957; x_wconf 83' lang='lat' dir='ltr'><strong>Quomodo</strong></span> <span class='ocrx_word' id='word_1_891' title='bbox 2866 4891 3024 4948; x_wconf 86' lang='lat' dir='ltr'><strong>dolus</strong></span> <span class='ocrx_word' id='word_1_892' title='bbox 3065 4910 3172 4949; x_wconf 92' lang='lat' dir='ltr'><strong>non</strong></span> <span class='ocrx_word' id='word_1_893' title='bbox 3212 4904 3294 4951; x_wconf 88' lang='lat' dir='ltr'><strong>est</strong></span> <span class='ocrx_word' id='word_1_894' title='bbox 3330 4896 3517 4952; x_wconf 90' lang='lat' dir='ltr'><strong>dolus?</strong></span> <span class='ocrx_word' id='word_1_895' title='bbox 3544 4898 3690 4965; x_wconf 88' lang='lat' dir='ltr'><strong>Quo-</strong></span> 
     </span>
    </p>
   </div>
   <div class='ocr_carea' id='block_1_114' title="bbox 2115 4981 3692 5057">
    <p class='ocr_par' dir='ltr' id='par_1_114' title="bbox 2115 4981 3692 5057">
     <span class='ocr_line' id='line_1_114' title="bbox 2115 4981 3692 5057; baseline 0.007 -21"><span class='ocrx_word' id='word_1_896' title='bbox 2115 4981 2274 5037; x_wconf 91' lang='lat' dir='ltr'><strong>modo</strong></span> <span class='ocrx_word' id='word_1_897' title='bbox 2298 4991 2444 5052; x_wconf 87' lang='lat' dir='ltr'><strong>petra</strong></span> <span class='ocrx_word' id='word_1_898' title='bbox 2470 4997 2576 5037; x_wconf 91' lang='lat' dir='ltr'><strong>uon</strong></span> <span class='ocrx_word' id='word_1_899' title='bbox 2596 4993 2676 5037; x_wconf 83' lang='lat' dir='ltr'><strong>est</strong></span> <span class='ocrx_word' id='word_1_900' title='bbox 2696 4982 2881 5052; x_wconf 80' lang='lat' dir='ltr'><strong>petra?</strong></span> <span class='ocrx_word' id='word_1_901' title='bbox 2908 4982 3187 5049; x_wconf 84' lang='lat' dir='ltr'><strong>Quomodo</strong></span> <span class='ocrx_word' id='word_1_902' title='bbox 3210 4986 3403 5043; x_wconf 83' lang='lat' dir='ltr'><strong>dicitur</strong></span> <span class='ocrx_word' id='word_1_903' title='bbox 3429 5003 3576 5045; x_wconf 87' lang='lat' dir='ltr'><strong>mare</strong></span> <span class='ocrx_word' id='word_1_904' title='bbox 3593 5031 3609 5057; x_wconf 94' lang='lat'><strong>,</strong></span> <span class='ocrx_word' id='word_1_905' title='bbox 3636 5001 3692 5047; x_wconf 88' lang='lat' dir='ltr'><strong>et</strong></span> 
     </span>
    </p>
   </div>
   <div class='ocr_carea' id='block_1_115' title="bbox 2114 5072 3687 5150">
    <p class='ocr_par' dir='ltr' id='par_1_115' title="bbox 2114 5072 3687 5150">
     <span class='ocr_line' id='line_1_115' title="bbox 2114 5072 3687 5150; baseline 0.005 -22"><span class='ocrx_word' id='word_1_906' title='bbox 2114 5090 2219 5129; x_wconf 90' lang='lat' dir='ltr'><strong>non</strong></span> <span class='ocrx_word' id='word_1_907' title='bbox 2245 5083 2329 5129; x_wconf 88' lang='lat' dir='ltr'><strong>est</strong></span> <span class='ocrx_word' id='word_1_908' title='bbox 2352 5072 2540 5129; x_wconf 73' lang='lat' dir='ltr'><strong>mare?</strong></span> <span class='ocrx_word' id='word_1_909' title='bbox 2561 5073 2681 5142; x_wconf 89' lang='lat' dir='ltr'><strong>quia</strong></span> <span class='ocrx_word' id='word_1_910' title='bbox 2703 5072 2841 5128; x_wconf 90' lang='lat' dir='ltr'><strong>aliud</strong></span> <span class='ocrx_word' id='word_1_911' title='bbox 2862 5074 3123 5144; x_wconf 85' lang='lat' dir='ltr'><strong>significat</strong></span> <span class='ocrx_word' id='word_1_912' title='bbox 3148 5092 3161 5130; x_wconf 88' lang='lat'><strong>:</strong></span> <span class='ocrx_word' id='word_1_913' title='bbox 3193 5078 3270 5132; x_wconf 91' lang='lat' dir='ltr'><strong>sie</strong></span> <span class='ocrx_word' id='word_1_914' title='bbox 3291 5078 3485 5135; x_wconf 90' lang='lat' dir='ltr'><strong>dicitur</strong></span> <span class='ocrx_word' id='word_1_915' title='bbox 3513 5092 3687 5150; x_wconf 83' lang='lat' dir='ltr'><strong>petra,</strong></span> 
     </span>
    </p>
   </div>
   <div class='ocr_carea' id='block_1_116' title="bbox 2113 5162 3686 5236">
    <p class='ocr_par' dir='ltr' id='par_1_116' title="bbox 2113 5162 3686 5236">
     <span class='ocr_line' id='line_1_116' title="bbox 2113 5162 3686 5236; baseline 0.004 -16"><span class='ocrx_word' id='word_1_916' title='bbox 2113 5174 2167 5221; x_wconf 85' lang='lat' dir='ltr'><strong>et</strong></span> <span class='ocrx_word' id='word_1_917' title='bbox 2189 5179 2294 5219; x_wconf 88' lang='lat' dir='ltr'><strong>non</strong></span> <span class='ocrx_word' id='word_1_918' title='bbox 2323 5172 2405 5220; x_wconf 85' lang='lat' dir='ltr'><strong>est</strong></span> <span class='ocrx_word' id='word_1_919' title='bbox 2430 5173 2608 5234; x_wconf 89' lang='lat' dir='ltr'><strong>petra;</strong></span> <span class='ocrx_word' id='word_1_920' title='bbox 2633 5162 2753 5233; x_wconf 87' lang='lat' dir='ltr'><strong>quia</strong></span> <span class='ocrx_word' id='word_1_921' title='bbox 2786 5163 2928 5219; x_wconf 88' lang='lat' dir='ltr'><strong>aliud</strong></span> <span class='ocrx_word' id='word_1_922' title='bbox 2958 5164 3237 5235; x_wconf 84' lang='lat' dir='ltr'><strong>significat.</strong></span> <span class='ocrx_word' id='word_1_923' title='bbox 3266 5167 3470 5224; x_wconf 89' lang='lat' dir='ltr'><strong>Dicitur</strong></span> <span class='ocrx_word' id='word_1_924' title='bbox 3496 5185 3686 5236; x_wconf 88' lang='lat' dir='ltr'><strong>mons,</strong></span> 
     </span>
    </p>
   </div>
   <div class='ocr_carea' id='block_1_117' title="bbox 2112 5250 3688 5315">
    <p class='ocr_par' dir='ltr' id='par_1_117' title="bbox 2112 5250 3688 5315">
     <span class='ocr_line' id='line_1_117' title="bbox 2112 5250 3688 5315; baseline 0.003 -5"><span class='ocrx_word' id='word_1_925' title='bbox 2112 5263 2169 5310; x_wconf 86' lang='lat' dir='ltr'><strong>et</strong></span> <span class='ocrx_word' id='word_1_926' title='bbox 2190 5268 2296 5310; x_wconf 90' lang='lat' dir='ltr'><strong>nou</strong></span> <span class='ocrx_word' id='word_1_927' title='bbox 2324 5262 2408 5309; x_wconf 83' lang='lat' dir='ltr'><strong>est</strong></span> <span class='ocrx_word' id='word_1_928' title='bbox 2436 5267 2589 5308; x_wconf 84' lang='lat' dir='ltr'><strong>mons</strong></span> <span class='ocrx_word' id='word_1_929' title='bbox 2611 5267 2625 5305; x_wconf 87' lang='lat'><strong>:</strong></span> <span class='ocrx_word' id='word_1_930' title='bbox 2649 5250 2843 5308; x_wconf 88' lang='lat' dir='ltr'><strong>dicitur</strong></span> <span class='ocrx_word' id='word_1_931' title='bbox 2883 5253 2967 5309; x_wconf 92' lang='lat' dir='ltr'><strong>leo</strong></span> <span class='ocrx_word' id='word_1_932' title='bbox 2994 5252 3064 5309; x_wconf 90' lang='lat' dir='ltr'><strong>de</strong></span> <span class='ocrx_word' id='word_1_933' title='bbox 3087 5255 3225 5311; x_wconf 89' lang='lat' dir='ltr'><strong>tribu</strong></span> <span class='ocrx_word' id='word_1_934' title='bbox 3265 5254 3401 5311; x_wconf 77' lang='lat' dir='ltr'><strong>Juda</strong></span> <span class='ocrx_word' id='word_1_935' title='bbox 3432 5256 3688 5315; x_wconf 89' lang='lat' dir='ltr'><strong>Dominus</strong></span> 
     </span>
    </p>
   </div>
   <div class='ocr_carea' id='block_1_118' title="bbox 2110 5344 3688 5416">
    <p class='ocr_par' dir='ltr' id='par_1_118' title="bbox 2110 5344 3688 5416">
     <span class='ocr_line' id='line_1_118' title="bbox 2110 5344 3688 5416; baseline 0.001 -14"><span class='ocrx_word' id='word_1_936' title='bbox 2110 5347 2264 5403; x_wconf 82' lang='lat' dir='ltr'><strong>Jesus</strong></span> <span class='ocrx_word' id='word_1_937' title='bbox 2288 5344 2561 5409; x_wconf 83' lang='lat' dir='ltr'><strong>Christus,</strong></span> <span class='ocrx_word' id='word_1_938' title='bbox 2591 5353 2646 5398; x_wconf 91' lang='lat' dir='ltr'><strong>et</strong></span> <span class='ocrx_word' id='word_1_939' title='bbox 2672 5359 2775 5399; x_wconf 90' lang='lat' dir='ltr'><strong>non</strong></span> <span class='ocrx_word' id='word_1_940' title='bbox 2799 5351 2883 5399; x_wconf 84' lang='lat' dir='ltr'><strong>est</strong></span> <span class='ocrx_word' id='word_1_941' title='bbox 2911 5344 2995 5400; x_wconf 80' lang='lat' dir='ltr'><strong>leo</strong></span> <span class='ocrx_word' id='word_1_942' title='bbox 3019 5361 3032 5398; x_wconf 92' lang='lat'>:</span> <span class='ocrx_word' id='word_1_943' title='bbox 3060 5344 3249 5400; x_wconf 72' lang='lat' dir='ltr'><strong>dicitur</strong></span> <span class='ocrx_word' id='word_1_944' title='bbox 3273 5360 3440 5416; x_wconf 88' lang='lat' dir='ltr'><strong>agnus</strong></span> <span class='ocrx_word' id='word_1_945' title='bbox 3458 5388 3476 5415; x_wconf 94' lang='lat'><strong>,</strong></span> <span class='ocrx_word' id='word_1_946' title='bbox 3504 5358 3558 5403; x_wconf 90' lang='lat' dir='ltr'><strong>et</strong></span> <span class='ocrx_word' id='word_1_947' title='bbox 3582 5365 3688 5404; x_wconf 86' lang='lat' dir='ltr'><strong>non</strong></span> 
     </span>
    </p>
   </div>
   <div class='ocr_carea' id='block_1_119' title="bbox 2112 5434 3688 5509">
    <p class='ocr_par' dir='ltr' id='par_1_119' title="bbox 2112 5434 3688 5509">
     <span class='ocr_line' id='line_1_119' title="bbox 2112 5434 3688 5509; baseline 0.003 -18"><span class='ocrx_word' id='word_1_948' title='bbox 2112 5448 2190 5494; x_wconf 77' lang='lat' dir='ltr'><strong>cst</strong></span> <span class='ocrx_word' id='word_1_949' title='bbox 2233 5434 2649 5509; x_wconf 88' lang='lat' dir='ltr'><strong>agnus:dicitur</strong></span> <span class='ocrx_word' id='word_1_950' title='bbox 2686 5450 2881 5505; x_wconf 89' lang='lat' dir='ltr'><strong>pecus,</strong></span> <span class='ocrx_word' id='word_1_951' title='bbox 2911 5444 2965 5490; x_wconf 87' lang='lat' dir='ltr'><strong>et</strong></span> <span class='ocrx_word' id='word_1_952' title='bbox 3001 5451 3107 5491; x_wconf 92' lang='lat' dir='ltr'><strong>non</strong></span> <span class='ocrx_word' id='word_1_953' title='bbox 3147 5447 3227 5491; x_wconf 88' lang='lat' dir='ltr'><strong>est</strong></span> <span class='ocrx_word' id='word_1_954' title='bbox 3271 5452 3432 5506; x_wconf 80' lang='lat' dir='ltr'><strong>pecus</strong></span> <span class='ocrx_word' id='word_1_955' title='bbox 3461 5436 3688 5497; x_wconf 81' lang='lat' dir='ltr'><strong>:dicitnr</strong></span> 
     </span>
    </p>
   </div>
   <div class='ocr_carea' id='block_1_120' title="bbox 2174 5606 3028 5668">
    <p class='ocr_par' dir='ltr' id='par_1_120' title="bbox 2174 5606 3028 5668">
     <span class='ocr_line' id='line_1_120' title="bbox 2174 5606 3028 5668; baseline -0.004 -7"><span class='ocrx_word' id='word_1_956' title='bbox 2174 5614 2187 5644; x_wconf 82' lang='grc'><em>³</em></span> <span class='ocrx_word' id='word_1_957' title='bbox 2218 5620 2317 5661; x_wconf 83' lang='lat' dir='ltr'><strong>Duo</strong></span> <span class='ocrx_word' id='word_1_958' title='bbox 2342 5617 2445 5661; x_wconf 78' lang='lat' dir='ltr'><strong>Mss.</strong></span> <span class='ocrx_word' id='word_1_959' title='bbox 2469 5611 2710 5668; x_wconf 87' lang='lat' dir='ltr'><strong>omittunt,</strong></span> <span class='ocrx_word' id='word_1_960' title='bbox 2733 5606 2813 5659; x_wconf 80' lang='lat' dir='ltr'><strong>ille</strong></span> <span class='ocrx_word' id='word_1_961' title='bbox 2837 5615 2887 5660; x_wconf 85' lang='lat' dir='ltr'><strong>ut</strong></span> <span class='ocrx_word' id='word_1_962' title='bbox 2906 5615 3028 5661; x_wconf 83' lang='lat' dir='ltr'><strong>erat.</strong></span> 
     </span>
    </p>
   </div>
   <div class='ocr_carea' id='block_1_121' title="bbox 2173 5669 3563 5731">
    <p class='ocr_par' dir='ltr' id='par_1_121' title="bbox 2173 5669 3563 5731">
     <span class='ocr_line' id='line_1_121' title="bbox 2173 5669 3563 5731; baseline 0.001 -9"><span class='ocrx_word' id='word_1_963' title='bbox 2173 5676 2191 5704; x_wconf 74' lang='grc'><em>³</em></span> <span class='ocrx_word' id='word_1_964' title='bbox 2219 5681 2318 5722; x_wconf 82' lang='lat' dir='ltr'><strong>Duo</strong></span> <span class='ocrx_word' id='word_1_965' title='bbox 2340 5678 2445 5721; x_wconf 75' lang='lat' dir='ltr'><strong>Mss.</strong></span> <span class='ocrx_word' id='word_1_966' title='bbox 2474 5685 2485 5721; x_wconf 90' lang='lat'><strong>:</strong></span> <span class='ocrx_word' id='word_1_967' title='bbox 2517 5671 2769 5731; x_wconf 74' lang='lat' dir='ltr'><strong>rideamus</strong></span> <span class='ocrx_word' id='word_1_968' title='bbox 2793 5669 2910 5728; x_wconf 82' lang='lat' dir='ltr'><strong>quid</strong></span> <span class='ocrx_word' id='word_1_969' title='bbox 2933 5678 3032 5724; x_wconf 72' lang='lat' dir='ltr'><strong>est:</strong></span> <span class='ocrx_word' id='word_1_970' title='bbox 3054 5673 3246 5724; x_wconf 85' lang='lat' dir='ltr'><strong>omisso.</strong></span> <span class='ocrx_word' id='word_1_971' title='bbox 3271 5672 3563 5726; x_wconf 67' lang='lat' dir='ltr'><strong>dicel‘anuts.</strong></span> 
     </span>
    </p>
   </div>
   <div class='ocr_carea' id='block_1_122' title="bbox 3715 5572 3745 5642">
    <p class='ocr_par' dir='ltr' id='par_1_122' title="bbox 3715 5572 3745 5642">
     <span class='ocr_line' id='line_1_122' title="bbox 3715 5572 3745 5642; baseline 0 0"><span class='ocrx_word' id='word_1_972' title='bbox 3715 5572 3745 5642; x_wconf 78' lang='lat' dir='ltr'><strong>&#39;L</strong></span> 
     </span>
    </p>
   </div>
  </div>
