4024 6202
1045 261 1104 284 ’Ἦ

357 321 426 378 ,5
1820 338 2049 398 SERMO
2087 343 2174 399 tv.
2511 318 2522 323 ’
3551 384 3617 440 is

362 435 556 488 situlus
575 476 587 497 ,
617 442 670 489 et
696 435 837 490 aliud
863 443 962 491 est.
993 437 1078 492 Sic
1104 439 1296 496 dicitur
1315 442 1466 498 dolus
1483 489 1496 510 ,
1519 454 1572 500 et
1598 463 1700 502 non
1729 459 1810 504 est
1839 449 1936 507 do—

362 527 457 580 lus.
487 525 658 592 Quare
679 541 807 596 ergo
832 526 1023 583 dicitur
1049 529 1200 586 dolus
1217 575 1230 598 ,
1251 549 1568 604 qureramus.
1598 539 1769 607 Quare
1791 542 1929 598 dicta

360 626 480 672 sunt
527 618 612 670 illa
655 619 864 685 omnia,
893 635 1208 690 qumramus.
1265 625 1439 692 Quare
1477 629 1647 684 dictus
1686 641 1768 686 est
1815 633 1930 688 leo?

365 709 581 779 Propter
607 709 994 767 fortitudinem.
1014 714 1187 782 Quare
1201 716 1374 774 dictus
1399 729 1480 775 est
1501 723 1684 791 petra?
1708 725 1929 798 Propter

368 802 670 855 ﬁrmitatem.
697 801 874 868 Quare
897 803 1067 859 dictus
1095 816 1176 862 est
1193 811 1396 878 agnus?
1425 812 1646 884 Propter
1675 816 1929 873 innocen-

365 893 496 945 tiam.
548 893 719 961 Quare
767 895 940 950 dictus
982 905 1065 952 est
1107 899 1331 955 vitulus?
1362 903 1586 974 Propter
1635 908 1920 964 victimam.

357 981 520 1048 Quare
545 984 714 1038 dictus
735 994 819 1040 est
847 987 1040 1042 mons?
1057 989 1280 1060 Propter
1295 995 1724 1064 magnitudinem.
1751 999 1924 1067 Quare

353 1073 569 1127 manna?
597 1073 823 1144 Propter
849 1076 1202 1134 dulcedinem.
1235 1081 1410 1150 Quare
1439 1101 1566 1156 ergo
1591 1087 1775 1144 dolus?
1804 1091 1921 1146 Iam

349 1164 467 1232 quid
495 1165 563 1218 sit
591 1165 746 1219 dolus
780 1167 1084 1235 videamus,
1118 1179 1170 1224 et
1200 1173 1528 1231 inveniamus
1554 1194 1717 1247 quare
1746 1179 1920 1236 dictus

348 1253 414 1305 sit
443 1253 612 1308 dolus.
642 1254 894 1311 Novimus
915 1259 1052 1312 enim
1086 1262 1208 1330 quid
1239 1263 1308 1317 sit
1337 1274 1483 1335 petra
1516 1288 1528 1323 :
1553 1279 1606 1323 et
1634 1277 1808 1325 tamen
1841 1272 1921 1326 di-

349 1345 482 1397 citur
509 1344 573 1398 de
595 1345 806 1402 homine
833 1348 1064 1403 absurdo
1085 1359 1138 1404 et
1160 1351 1292 1408 duro
1321 1366 1466 1425 petra
1485 1400 1498 1424 ,
1525 1367 1578 1413 et
1604 1359 1670 1415 de
1701 1361 1916 1418 homine

353 1433 566 1489 robusto
591 1443 642 1488 et
668 1435 922 1491 immobili
950 1438 1144 1495 dicitur
1172 1455 1356 1512 petra;
1386 1456 1438 1502 et
1459 1449 1524 1503 ad
1552 1450 1761 1506 laudem
1792 1454 1915 1510 inde

349 1522 540 1578 duxisti
586 1527 908 1594 ﬁrmitatem,
938 1538 991 1585 et
1037 1531 1102 1585 ad
1153 1535 1595 1606 vituperationem
1641 1543 1911 1600 duritiam.

346 1613 592 1670 Novimus
621 1619 670 1671 in
697 1629 844 1688 petra
875 1621 1175 1680 firmitatem
1200 1668 1213 1691 ,
1240 1638 1292 1683 et
1320 1633 1622 1701 accepimus
1642 1635 1909 1693 Christum

351 1717 546 1775 petram
573 1728 586 1762 :
617 1710 761 1763 Petra
787 1721 951 1766 autem
989 1724 1099 1768 erat
1143 1716 1368 1773 Christus
1406 1721 1462 1796 (Ι
1490 1723 1604 1777 Cor.
1640 1743 1704 1793 ι,
1733 1729 1820 1797 4).
1853 1729 1908 1785 lu

348 1797 493 1852 leone
519 1797 872 1856 fortitudinem
904 1803 1149 1860 novimus
1176 1826 1188 1859 :
1220 1817 1272 1863 et
1295 1818 1466 1865 tamen
1499 1813 1582 1869 leo
1609 1817 1765 1871 etiam
1797 1820 1911 1874 dia-

341 1888 482 1944 bolus
509 1893 806 1948 nominatus
833 1905 933 1950 est.
967 1897 1020 1950 In
1061 1898 1184 1952 dolo
1211 1902 1332 1970 quid
1373 1907 1614 1961 novimus
1634 1950 1647 1975 ,
1674 1903 1739 1964 ut
1763 1913 1906 1966 acci-

338 1980 537 2048 piamus
569 1983 622 2036 in
651 1984 809 2054 ﬁgura
837 1986 1014 2042 dolum
1039 2031 1052 2053 ,
1082 1993 1527 2060 quemadmodum
1569 2001 1824 2070 accipitur
1853 2014 1906 2059 et

334 2087 506 2138 mons,
539 2075 982 2143 quemadmodum
1022 2083 1286 2151 accipitur
1313 2085 1425 2150 leo,
1459 2092 1901 2159 quemadmodum

335 2163 581 2232 accipitur
623 2180 787 2236 agnus
809 2210 823 2236 ,
852 2171 1299 2239 quemadmodum
1344 2179 1600 2249 accipitur
1639 2192 1816 2252 petra,
1849 2195 1903 2240 et

332 2266 510 2309 cetera
529 2256 553 2308 ἲ

393 2346 614 2404 CAPUT
643 2351 807 2406 XX".
834 2384 905 2394 —
933 2355 1022 2411 23.
1065 2357 1226 2414 Dolus
1271 2361 1323 2414 in
1361 2361 1520 2418 Iacob
1556 2368 1694 2436 quid.
1738 2369 1898 2424 Iacob

327 2453 356 2488 α
395 2440 644 2494 mendacio
683 2443 991 2514 defenditur.
1050 2447 1210 2504 Dolus
1252 2466 1380 2523 ergo
1425 2455 1548 2524 quid
1589 2459 1707 2513 eSt?
1739 2461 1897 2516 Dolus

328 2538 404 2582 est
429 2532 634 2599 quando
661 2535 803 2588 aliud
840 2539 1042 2606 agitur,
1087 2550 1140 2594 et
1169 2542 1311 2596 aliud
1341 2544 1638 2601 simulatur.
1673 2549 1894 2617 Quando

328 2621 490 2690 itaque
516 2623 658 2676 aliud
687 2635 771 2681 est
826 2627 875 2680 in
914 2629 1204 2686 intentione
1228 2676 1241 2700 ,
1273 2635 1413 2690 aliud
1458 2637 1509 2692 iu
1539 2639 1708 2705 factis,
1739 2643 1894 2699 dolus

323 2709 511 2765 dicitur.
566 2713 728 2768 Dolus
767 2733 894 2787 ergo
937 2719 988 2773 in
1041 2724 1364 2792 prOprietate
1417 2731 1887 2801 reprehensibilis,

320 2803 569 2867 quomodo
604 2817 746 2875 petra
781 2808 829 2862 in
864 2813 1204 2880 proprietate.
1252 2815 1350 2882 Qui
1384 2817 1579 2876 dixerit
1610 2833 1812 2892 petram
1838 2828 1890 2882 in

320 2893 628 2961 proprietate
653 2895 942 2963 Christum,
971 2901 1299 2972 blasphemat
1334 2926 1346 2962 :
1375 2911 1640 2979 quomodo
1666 2915 1888 2971 vitulum

316 2983 394 3049 qui
422 2983 628 3039 dixeris
665 2987 716 3040 in
755 2992 1079 3060 prom'ietale
1107 2994 1395 3065 Christum,
1418 3001 1765 3072 blasphemat.
1789 3007 1885 3064 Vi-

316 3078 440 3150 tutus
468 3075 515 3130 in
548 3080 872 3148 proprietate
901 3099 1060 3152 pecus
1089 3095 1200 3152 cst;
1243 3089 1294 3143 in
1336 3091 1521 3161 ﬁgura,
1543 3096 1750 3154 victima
1786 3116 1798 3153 :
1833 3101 1884 3157 in

320 3169 633 3236 proprietate
664 3171 797 3242 lapis
839 3183 975 3229 terra
1005 3178 1258 3234 obdurata
1293 3193 1408 3250 est;
1457 3185 1506 3239 in
1551 3188 1746 3259 ﬁgura,
1790 3193 1881 3248 ﬁr-

315 3259 472 3313 mitas.
503 3262 672 3316 Dolus
701 3264 752 3317 in
784 3269 1107 3336 praprietatc
1153 3272 1330 3337 fraus;
1373 3276 1423 3329 iu
1455 3277 1639 3348 ﬁgura,
1673 3283 1784 3352 ipsa
1817 3286 1881 3339 ﬁ-

313 3363 444 3414 gnra.
495 3351 686 3407 Omnis
725 3355 866 3409 enim
908 3358 1124 3428 ﬁgurata
1173 3373 1225 3416 et
1270 3365 1551 3436 allegorica
1600 3371 1756 3428 lcetio
1796 3377 1878 3431 vel

310 3441 515 3508 locutio,
571 3445 710 3498 aliud
752 3447 959 3501 videtur
1000 3465 1192 3508 sonare
1222 3459 1526 3522 carnaliter,
1572 3463 1711 3518 aliud
1743 3465 1875 3521 insi-

308 3547 456 3586 nuare
484 3534 853 3603 spiritualitcr.
900 3539 1044 3594 llanc
1083 3557 1209 3612 ergo
1255 3545 1472 3614 ﬁguram
1511 3550 1618 3605 doli
1661 3556 1875 3612 nomine

305 3625 593 3692 appellavit.
626 3625 764 3694 Quid
790 3637 868 3683 cst
897 3645 1044 3700 ergo,
1094 3631 1237 3687 Venit
1278 3653 1389 3690 cum
1429 3639 1564 3706 dolo,
1598 3653 1644 3696 et
1670 3645 1872 3700 abstulit

305 3715 684 3771 benedictionem
729 3721 902 3774 tuam?
929 3721 1060 3789 Quia
1095 3723 1372 3793 ﬁguratum
1417 3741 1532 3784 erat
1573 3735 1712 3803 quod
1743 3751 1869 3807 age-

303 3803 468 3874 batur,
523 3808 649 3863 ideo
692 3811 892 3865 dictum
937 3823 1051 3880 est,
1105 3814 1251 3870 Venit
1284 3836 1394 3872 cum
1433 3821 1568 3875 dolo.
1613 3824 1741 3880 Nam
1779 3803 1868 3884 ille

302 3894 469 3950 doloso
505 3898 710 3954 homini
752 3900 1176 3960 benedictionem
1221 3923 1325 3963 non
1371 3913 1737 3980 conﬁrmaret,
1782 3920 1866 3974 cui

301 3983 583 4042 debebatur
605 3989 744 4058 justa
785 3993 1108 4050 maledictio.
1141 3996 1254 4052 Non
1296 4015 1422 4071 ergo
1447 4013 1561 4057 erat
1589 4022 1746 4063 verus
1777 4011 1865 4064 ille

299 4072 438 4129 dolus
465 4094 477 4128 :
511 4081 748 4134 maxime
789 4084 911 4152 quia
943 4101 1046 4138 non
1077 4097 1157 4141 est
1188 4093 1441 4147 nzentitus
1470 4095 1716 4167 dicendo,
1753 4099 1864 4173 Ego

298 4179 392 4218 ηηι
416 4169 560 4236 [ilius
586 4181 699 4226 tuus
729 4178 891 4245 major
921 4175 1061 4230 Esau
1085 4195 1104 4232 :
1125 4181 1233 4248 jam
1262 4184 1402 4236 enim
1436 4199 1618 4254 pactus
1635 4201 1748 4246 erat
1777 4194 1864 4248 ille

296 4268 401 4307 cum
428 4258 591 4312 fratre
621 4275 717 4314 suo
739 4303 754 4327 ,
797 4274 851 4318 et
891 4266 1200 4322 vendiderat
1232 4273 1575 4345 primogenita
1606 4295 1718 4334 sua.
1750 4282 1861 4337 Hoc

295 4357 348 4396 se
385 4345 512 4403 dixit
563 4350 754 4406 habere
793 4356 946 4423 patri,
978 4358 1118 4427 quod
1163 4372 1363 4417 emerat
1409 4381 1438 4419 a
1485 4367 1644 4424 fratre
1678 4373 1856 4442 :quod

296 4433 374 4490 ille
399 4441 720 4508 perdiderat,
756 4445 808 4499 in
837 4447 991 4502 istum
1017 4453 1315 4507 transierat.
1349 4455 1460 4512 Non
1492 4463 1629 4516 enim
1658 4465 1860 4534 primo-

291 4528 432 4592 geniti
465 4531 642 4586 honor
673 4536 927 4592 exclusus
949 4549 1062 4594 erat
1095 4542 1162 4597 de
1187 4544 1347 4605 domo
1377 4547 1520 4606 Isaac
1549 4567 1564 4603 :
1596 4556 1858 4627 primoge-

293 4617 376 4671 niti
399 4618 572 4675 honor
597 4623 668 4676 ibi
710 4636 858 4691 erat;
890 4629 940 4681 in
970 4631 1060 4684 illo
1091 4648 1195 4686 non
1225 4649 1358 4702 erat,
1400 4641 1487 4708 qui
1517 4658 1636 4696 eum
1666 4649 1852 4702 vendi-

285 4705 426 4764 derat
457 4729 471 4764 :
499 4715 583 4767 ubi
611 4726 756 4781 erat,
788 4720 830 4772 si
871 4736 977 4774 non
1022 4723 1071 4776 in
1104 4727 1308 4782 minore
1347 4732 1498 4785 erat?
1531 4733 1653 4789 ldco
1680 4739 1854 4794 sciens

286 4797 375 4853 hoc
400 4801 450 4854 in
482 4808 735 4876 mysterio
766 4808 928 4876 lsaae,
961 4815 1290 4871 conﬁrmavit
1323 4819 1771 4894 benedictionem,
1799 4842 1852 4886 et

281 4887 398 4943 dicit
440 4892 547 4948 ﬁlio
576 4914 588 4948 :
626 4896 764 4962 Quid
800 4901 889 4953 tibi
924 4907 1152 4971 [ucturus
1179 4912 1333 4963 sum?
1360 4911 1426 4966 Et
1467 4914 1554 4969 ille
1585 4935 1596 4970 :
1632 4887 1850 4977 Benedic

277 4990 322 5030 et
349 4999 436 5044 me,
472 4998 614 5051 pater
643 5006 662 5041 :
703 5007 800 5045 non
841 4995 974 5046 enim
1012 5014 1112 5050 una
1150 5001 1237 5053 tibi
1278 5014 1349 5055 est
1390 5006 1661 5062 benedictio
1691 5011 1842 5083 (Gen.

273 5085 426 5139 sml,
459 5078 546 5140 57,
573 5081 681 5148 38).
715 5080 855 5138 Isaac
883 5095 1057 5141 autem
1084 5089 1281 5145 sciebat
1309 5110 1487 5150 unam.

335 5160 557 5221 CAPUT
621 5170 1026 5230 Χχιιι.-2.ι.
1083 5178 1372 5238 Benedictio
1425 5185 1606 5243 Iacob.
1671 5193 1844 5258 Quare

271 5254 454 5306 mm?
484 5258 668 5315 Aderit
696 5262 923 5332 Spiritus
950 5279 1182 5337 sanctus,
1213 5283 1268 5326 ut
1297 5275 1468 5331 dicam
1493 5321 1507 5344 ,
1547 5290 1600 5335 et
1650 5283 1844 5339 intelli—

266 5342 414 5406 gatis.
456 5344 737 5407 Videamus
788 5357 932 5423 ipsas
982 5358 1398 5432 benedictiones,
1441 5342 1649 5437 qualem
1681 5375 1840 5431 bene—

263 5434 546 5493 dictionem
592 5449 795 5515 accepit
841 5447 1025 5513 Iacob,
1071 5463 1123 5508 et
1165 5458 1371 5525 qualem
1418 5434 1837 5524 benedictionem

255 5525 452 5618 recpit
490 5526 642 5585 Esau.
677 5534 791 5604 Ipse
819 5539 962 5596 lsaac
998 5541 1064 5596 ad
1091 5543 1254 5599 Iacob
1281 5565 1293 5600 :
1333 5547 1411 5601 Tu
1441 5568 1493 5604 es
1523 5553 1660 5618 ﬁlius
1698 5575 1836 5614 meus

260 5601 426 5668 Esau?
454 5601 742 5696 Respondit
771 5628 934 5688 Iacob
955 5645 969 5688 ἑ
994 5631 1121 5704 Ego.
1156 5635 1218 5689 Et
1247 5638 1375 5691 dixit
1407 5659 1417 5692 :

262 5712 633 5777 ttmanducabo
664 5720 726 5774 de
754 5727 1008 5782 renatione
1039 5736 1145 5796 tua,
1177 5724 1273 5798 ﬁli,
1304 5743 1349 5784 ct
1373 5733 1628 5792 benedicta
1655 5750 1702 5794 te
1720 5744 1831 5795 ani-

2043 475 2126 510 ma
2162 477 2292 529 mea,
2325 474 2588 539 antequam
2616 473 2839 542 moriar,-
2863 480 2951 533 sed
2979 481 3186 539 admove
3214 488 3339 544 mihi
3365 495 3612 556 osculum.

2041 547 2189 619 illum
2220 569 2322 608 non
2352 566 2432 612 est
2458 562 2725 619 osculatus
2754 566 2770 597 ί
2797 584 2809 620 :
2838 583 2866 622 a
2907 585 3037 640 pace
3069 577 3229 646 erepit
3266 577 3420 650 hujus
3454 583 3615 644 bene-

2037 638 2218 696 dictio.
2257 645 2431 712 Quare
2457 653 2638 707 osculo
2666 638 2996 716 conﬁrmavit
3021 668 3394 736 pacemiQuia
3438 685 3490 730 et
3527 679 3614 734 ille

2037 742 2253 800 preptcr
2276 751 2457 804 pacem
2490 744 2734 810 portabat
2763 747 2931 803 aliena
2956 766 3188 822 peccata.
3220 759 3288 813 Et
3315 767 3541 836 accessit,
3565 783 3612 822 et

2032 822 2288 878 osculatus
2320 838 2392 881 est
2431 837 2544 884 eum
2580 848 2599 888 :
2627 843 2674 888 et
2708 839 2946 895 odoratus
2973 853 3042 898 est
3076 848 3280 904 odorem
3309 856 3454 910 vestis
3479 859 3610 928 ejus.

2032 905 2084 928 Ω.
2099 909 2140 928 _l
2159 927 2164 928 γ
2346 917 2358 928 ⁸
2460 919 2473 928 ⁵
2530 920 2544 928 “
2599 923 2610 928 ’
2733 925 2747 928 ⁴

2031 905 2232 965 Stolam
2273 917 2413 970 enim
2460 919 2685 978 habebat
2723 925 2902 985 fratris
2929 934 3010 987 sui
3037 952 3048 987 :
3078 936 3129 990 id
3154 948 3272 1009 est,
3298 905 3607 1014 dignitalem

2031 999 2520 1076 primogenitorum,
2549 1029 2705 1082 quam
2740 1017 2827 1073 ille
2858 1022 3174 1092 perdiderat,
3209 999 3308 1087 isle
3354 999 3604 1093 habebat.

2029 1085 2084 1141 ln
2124 1091 2225 1146 isto
2255 1095 2363 1164 jam
2407 1099 2540 1157 bene
2578 1105 2783 1175 elebat,
2823 1085 2960 1180 quod
2989 1115 3078 1172 ille
3108 1121 3246 1177 male
3280 1126 3604 1194 perdiderat.

2029 1175 2286 1238 Oderatus-
2312 1197 2384 1242 est
2410 1191 2614 1247 odorem
2645 1201 2788 1254 restis
2818 1204 2946 1271 ejus,
2988 1219 3034 1260 et
3080 1175 3330 1269 benedixit
3367 1220 3477 1274 eum
3501 1263 3515 1286 ,
3559 1235 3607 1277 et

2025 1268 2151 1324 dixit
2178 1287 2198 1326 :
2223 1273 2357 1331 Ecce
2383 1280 2509 1335 odor
2535 1284 2634 1353 [itii
2662 1290 2781 1355 mei,
2815 1268 2943 1346 sicut
2971 1298 3097 1351 odor
3124 1304 3236 1374 agri
3258 1305 3426 1375 pleni,
3456 1268 3602 1380 quem

2022 1361 2272 1420 benedixit
2321 1369 2585 1429 Dominus.
2633 1379 2860 1437 Odorem
2915 1372 3211 1448 vestimenti
3258 1361 3504 1470 'accepit',
3548 1415 3604 1459 ct

2019 1452 2152 1509 dixit
2179 1459 2198 1488 ²
2221 1460 2441 1518 odorem
2463 1469 2594 1537 agri.
2621 1471 2854 1546 lntcllige
2875 1478 3140 1538 Christum
3171 1485 3220 1541 in
3245 1452 3504 1562 mysterio,
3520 1495 3601 1550 in-

2021 1545 2221 1614 teriori,
2245 1559 2298 1604 et
2328 1551 2560 1626 intelligo
2583 1573 2780 1618 vestem
2801 1545 3005 1624 iChristi
3027 1545 3337 1633 Ecclesianl.

2087 1656 2169 1712 CA
2182 1659 2312 1770 P'UT
2342 1663 2528 1721 XXIV.
2563 1699 2634 1711 -—-
2675 1673 2762 1729 ‘25.
2815 1678 2928 1733 Una
2954 1700 3033 1737 res
3061 1688 3228 1742 multis
3251 1693 3411 1749 modis
3439 1696 3597 1770 signi-

2014 1745 2184 1813 licata.
2219 1750 2476 1824 lutelligat
2515 1756 2776 1819 Sanctitas
2823 1778 3016 1825 vestra.
3047 1773 3223 1832 Multis
3253 1781 3393 1836 enim
3423 1745 3596 1843 mbdis

2011 1840 2334 1909 signiﬁcatur
2361 1864 2460 1901 una
2492 1867 2576 1906 res
2614 1871 2625 1907 :
2666 1855 2718 1910 id
2763 1868 2876 1927 est,
2929 1863 3264 1938 Ecclesiam,
3319 1889 3475 1944 quam
3517 1881 3593 1934 si-

2010 1933 2260 1998 gniﬁcant
2300 1939 2373 1994 illi
2414 1941 2518 1998 duo
2562 1944 2730 2011 haedi,
2763 1950 2928 2020 ipsam
2974 1933 3437 2027 siguiﬁcatvvestis
3468 1970 3589 2028 ista.

2009 2022 2142 2088 Quia
2176 2043 2277 2083 una
2309 2047 2394 2086 res
2419 2037 2598 2090 multis
2627 2041 2797 2095 modis
2828 2044 3176 2120 signiﬁcatur,
3203 2071 3320 2124 qua:
3343 2059 3469 2115 nihil
3493 2063 3591 2117 ho-

2007 2129 2122 2168 rum
2171 2127 2250 2171 est
2288 2137 2381 2189 per
2409 2129 2715 2196 essentiam,
2757 2139 2931 2189 omnia
2958 2155 3053 2208 per
3083 2142 3326 2214 ﬁguram.
3353 2151 3536 2224 Agnus
3567 2156 3587 2187 ³

2005 2220 2110 2259 non
2151 2217 2325 2276 potest
2370 2228 2488 2269 esse
2517 2217 2627 2281 leo;
2661 2221 2744 2274 leo
2774 2239 2876 2278 non
2905 2238 3080 2298 potest
3105 2249 3222 2290 esse
3251 2217 3454 2310 agnus:
3485 2245 3588 2300 Do-

2003 2297 2178 2353 minus
2203 2311 2376 2358 autem
2409 2318 2589 2364 noster
2613 2310 2766 2368 Iesus
2787 2297 3028 2376 Christus
3047 2332 3097 2378 et
3129 2326 3212 2381 leo
3233 2297 3401 2398 pdtuit
3429 2351 3547 2392 esse
3568 2380 3582 2403 ,

2002 2395 2054 2441 et
2084 2404 2248 2458 agnus
2279 2409 2292 2447 :
2324 2395 2417 2450 sed
2446 2399 2567 2466 quia
2597 2417 2697 2458 nec
2725 2404 2807 2458 leo
2839 2423 2939 2464 nec
2967 2426 3132 2482 agnus
3159 2395 3254 2486 per
3274 2427 3578 2493 essentiam,

2001 2485 2055 2531 et
2080 2477 2163 2532 leo
2204 2491 2257 2535 et
2300 2498 2466 2554 agnus
2508 2503 2604 2556 per
2640 2491 2882 2563 ﬁguram.
2924 2477 3185 2561 Sieibmd’i
3227 2526 3330 2565 non
3365 2477 3584 2584 possunl

2000 2583 2118 2623 esse
2143 2573 2327 2640 vestis,
2361 2584 2413 2629 et
2444 2580 2606 2634 vestis
2636 2598 2738 2637 non
2769 2597 2944 2654 potest
2982 2607 3100 2649 esse
3126 2596 3264 2654 haedi
3297 2620 3310 2654 :
3341 2573 3579 2665 Ecclesia

1999 2674 2142 2722 vero.
2176 2663 2297 2731 quia
2336 2681 2435 2721 nec
2487 2667 2622 2724 inedi
2673 2688 2774 2728 nec
2822 2681 2985 2734 vestis
3027 2698 3125 2754 per
3159 2695 3481 2765 essentiam,
3525 2713 3580 2754 et

1997 2748 2134 2806 inedi
2163 2761 2218 2808 et
2247 2756 2408 2812 vestis
2437 2768 2518 2814 est
2545 2777 2640 2832 per
2667 2764 2917 2837 ﬁguram;
2955 2783 3003 2826 et
3027 2748 3287 2850 quidquid
3309 2748 3448 2842 aliud
3465 2748 3575 2846 dici

1995 2851 2193 2911 potest.

2062 2954 2290 3013 CAPUT
2328 2959 2494 3016 XXV.
2521 2994 2592 3004 —
2615 2967 2704 3023 26.
2757 2968 2985 3030 Ecclesia
3013 2995 3161 3049 ager.
3205 2983 3458 3046 Oderatus
3503 3006 3575 3049 est

1990 3049 2278 3104 vestimenta
2330 3054 2471 3124 ejus,
2505 3065 2550 3111 et
2588 3060 2715 3115 dixit
2741 3079 2761 3117 :
2787 3063 2919 3121 Ecce
2965 3071 3092 3128 odor
3135 3077 3231 3143 [illi
3269 3081 3394 3147 mei,
3444 3087 3572 3141 sicut

1993 3138 2119 3192 odor
2147 3143 2261 3211 agri
2285 3145 2422 3213 pleni
2464 3165 2609 3218 quem
2652 3153 2902 3212 benedixit
2942 3138 3208 3223 Dominus.
3249 3138 3393 3242 Ager

1991 3227 2228 3285 Ecclesia
2257 3245 2356 3288 est.
2384 3236 2679 3298 Probemus
2716 3247 2837 3314 quia
2863 3265 2991 3320 ager
3021 3264 3106 3310 est
3147 3227 3400 3317 Ecclesia.

1985 3321 2295 3388 Apostolum
2324 3325 2586 3384 dicentem
2627 3332 2906 3392 ﬁdelibus:
2939 3340 3036 3396 Dei
3077 3349 3389 3417 agricultura
3425 3359 3566 3420 estis,

1983 3410 2079 3466 Dei
2111 3415 2382 3484 testiﬁcatio
2403 3421 2520 3476 estis
2547 3424 2601 3492 (Ι
2628 3423 2747 3480 Cor.
2779 3445 2856 3497 ιη,
2887 3431 2964 3504 9).
2997 3410 3130 3490 Non
3144 3442 3316 3497 solum
3339 3410 3470 3516 ager
3482 3410 3566 3504 esi

1981 3502 2238 3572 Ecclesia,
2261 3509 2354 3565 sed
2377 3520 2432 3566 et
2455 3515 2688 3584 agricola
2715 3518 2872 3576 Deus.
2893 3502 3027 3579 Audi
3055 3528 3224 3597 ipsum
3245 3502 3560 3594 Dominum

1980 3589 2091 3665 Ego
2127 3613 2238 3650 sum
2265 3601 2396 3664 vitis,
2428 3618 2514 3656 vos
2541 3617 2794 3661 sarmenta
2817 3650 2831 3674 ,
2862 3623 2910 3665 et
2954 3613 3112 3670 Pater
3157 3636 3294 3674 uicus
3339 3627 3562 3695 agricola

1976 3695 2048 3737 est
2065 3684 2241 3753 (Ioan.
2265 3691 2396 3752 xv,l
2424 3701 2470 3744 et
2487 3690 2564 3765 5).
2591 3693 2645 3748 ln
2675 3697 2777 3751 hoc
2802 3713 2930 3770 ergo
2951 3717 3077 3772 agro
3097 3707 3345 3769 laborans
3367 3684 3561 3785 opera-

1974 3775 2105 3842 rius,
2126 3785 2180 3830 et
2203 3793 2426 3847 sperans
2447 3785 2748 3842 mercedem
2775 3793 3175 3866 sempiternam,
3201 3801 3314 3871 ipse
3333 3775 3562 3876 Aposto.

1973 3866 2053 3920 lus
2084 3868 2213 3922 nihil
2240 3869 2341 3924 sibi
2363 3885 2595 3944 arrogat,
2627 3878 2729 3934 nisi
2757 3894 3010 3948 quantum
3047 3888 3201 3946 decet
3230 3899 3554 3962 operarium.

1971 3955 2103 4028 Ego,
2138 3960 2326 4030 inquit,
2353 3962 2600 4032 plantavi,
2633 3969 2816 4038 Apollo
2847 3975 3068 4045 rigavit;
3097 3982 3186 4032 sed
3223 3955 3362 4037 Deus
3389 3988 3555 4043 incre-

1969 4059 2188 4104 mentum
2213 4052 2369 4106 dedit.
2399 4054 2586 4122 Itaque
2604 4074 2762 4128 neque
2788 4063 2874 4130 qui
2897 4062 3095 4131 plantat
3118 4077 3192 4122 est
3219 4072 3428 4142 aliquid,
3459 4094 3550 4132 ne-

1967 4158 2063 4210 que
2097 4144 2181 4210 qui
2209 4146 2377 4213 rigat;
2403 4146 2493 4199 sed
2522 4148 2608 4216 qui
2650 4151 3007 4207 incrementum
3037 4157 3123 4210 dat
3151 4159 3306 4216 Deus.
3341 4164 3393 4238 (Ι
3425 4167 3544 4223 Cor.

1968 4248 2044 4296 Ill,
2065 4232 2158 4286 ﬁet
2174 4233 2248 4305 7).
2271 4233 2547 4299 Quomodo
2564 4241 2796 4295 servavit
2821 4241 3196 4317 humilitatem,
3221 4263 3275 4306 ut
3304 4232 3369 4310 ad
3386 4256 3550 4316 Iacob

1965 4325 2275 4395 pertineret,
2309 4336 2364 4380 ut
2390 4327 2456 4382 ad
2487 4329 2659 4400 ipsum
2688 4347 2896 4403 agrum,
2929 4337 2979 4392 id
3015 4349 3115 4408 est,
3142 4342 3454 4417 Ecclesium,
3479 4368 3548 4408 ne
3646 4417 3656 4426 _

1964 4417 2230 4473 amitteret
2270 4420 2483 4487 stolam,
2535 4423 2684 4490 cujus
2726 4427 2859 4481 odor
2909 4442 3024 4486 erat
3069 4434 3207 4491 sicut
3255 4439 3387 4496 odor
3433 4447 3546 4513 agri

1963 4506 2128 4575 pleni,
2160 4518 2214 4562 et
2239 4511 2492 4567 transiret
2515 4513 2582 4566 ad
2623 4517 2926 4584 superbiam
2955 4522 3115 4590 Esau,
3144 4531 3426 4588 carnaliter
3466 4506 3546 4590 in-

1963 4597 2204 4668 telligens
2249 4609 2304 4654 et
2341 4601 2502 4672 typho
2529 4605 2753 4673 plenus?
2788 4607 2908 4666 Olet
2945 4629 3073 4684 ergo
3114 4632 3240 4688 ager
3283 4621 3350 4677 de
3395 4634 3542 4680 veste

1961 4687 2051 4743 ﬁlii
2083 4706 2096 4741 :
2128 4690 2220 4744 sed
2249 4707 2353 4746 non
2380 4708 2506 4762 ager
2544 4695 2631 4752 ille
2646 4713 2708 4752 es
2737 4714 2796 4756 se
2825 4701 3024 4772 aliquid
3051 4687 3162 4773 est,
3181 4708 3299 4765 ideo
3317 4711 3534 4782 adjecit,

1957 4796 2104 4848 quem
2133 4781 2382 4838 benedixit
2413 4785 2682 4842 Dominus.
2712 4789 2778 4844 Et
2799 4792 2934 4846 dabit
2959 4795 3046 4850 tibi
3069 4796 3319 4856 Dominus
3339 4781 3402 4858 de
3427 4822 3540 4860 rore

1957 4871 2069 4925 ειειί
2096 4873 2386 4940 desursum,
2429 4885 2474 4928 et
2514 4877 2574 4930 ab
2610 4879 2833 4936 ubertate
2869 4894 3036 4954 terre,
3073 4899 3122 4943 et
3166 4893 3538 4951 multitudinem

1955 4964 2197 5032 frumenti
2225 4975 2272 5018 et
2291 4968 2392 5019 vini
2420 4984 2438 5021 :
2465 4978 2511 5022 et
2536 4973 2746 5026 servient
2775 4974 2860 5028 tibi
2882 4989 3074 5046 gentes,
3105 4992 3153 5035 et
3177 4985 3274 5038 eris
3301 4985 3535 5042 dominus

1952 5052 2126 5121 fratris
2172 5055 2264 5120 tui,
2307 5065 2354 5110 et
2393 5061 2675 5116 aaorabunt
2712 5073 2758 5117 te
2783 5066 2880 5133 ﬁlii
2906 5070 3065 5137 patris
3103 5073 3196 5127 tui.
3244 5073 3342 5141 Qui
3379 5081 3538 5134 male-

1950 5145 2133 5200 dixerit
2161 5155 2226 5210 te,
2260 5147 2551 5205 maledictus
2591 5155 2718 5220 erit;
2762 5167 2809 5210 et
2853 5161 2939 5228 qui
2961 5159 3268 5222 benedixerit
3295 5178 3360 5235 te,
3388 5172 3532 5228 bene.

1950 5237 2112 5290 dictus
2137 5239 2226 5290 erit
2259 5239 2407 5310 (Cen.
2441 5259 2600 5308 χχι-ιι,
2632 5245 2836 5319 19-29).
2857 5249 2979 5307 llmc
3000 5253 3298 5315 benedictio
3325 5261 3488 5316 Iacob
3516 5284 3527 5316 ε

2011 5387 2026 5417 ¹
2053 5386 2168 5472 editi
2195 5386 2522 5472 :"Illlum‘enit‘u
2543 5401 2613 5445 est
2634 5395 2888 5450 osculatus.
2915 5409 2986 5452 At.
3015 5411 3122 5455 Mss.
3145 5419 3158 5455 :
3189 5407 3327 5458 Illum
3344 5423 3434 5459 non
3458 5425 3528 5472 es,-

1943 5447 2196 5505 oaculatus.
2217 5449 2404 5501 scilicet
2425 5458 2559 5503 Esau.

2007 5510 2026 5579 ξ
2050 5511 2127 5579 sic
2142 5509 2325 5579 aliquot
2345 5517 2591 5579 διεδ.νωίιί
2618 5531 2752 5579 vero,
2776 5529 2821 5571 et
2845 5522 3102 5577 benedixit.

2008 5571 2028 5602 ι
2052 5571 2168 5621 aditi
2192 5571 2244 5642 et
2267 5581 2347 5623 ns.
2366 5571 2686 5656 (Eorbeie‘nsis,
2713 5571 3154 5656 (incestifiiizfibp
3171 5596 3241 5641 ρει
3263 5607 3348 5656 ρετ
3370 5597 3521 5652 νεαρ,

1942 5636 2076 5692 Nam,
2098 5632 2255 5721 onug’a
2284 5643 2394 5721 surtlt
2423 5649 2509 5721 pei-
2527 5632 3190 5721 ﬂgIt‘tr'atltiglltemith—e:inira-

1941 5694 2341 5777 pernes’sentiam'.‘
2349 5694 2560 5777 habent:
2750 5694 2868 5777 libri
2893 5694 3308 5777 @ﬁédiiié?.?h

1940 5754 2073 5804 tiam.
2099 5757 2276 5816 Quibus
2299 5756 2415 5808 locis
2439 5761 2725 5812 Victorinum
2750 5770 2830 5816 Ms.
2858 5754 3304 5834 et'iégiiii'éécﬁii
