4024 6202
365 357 447 409 ,47
1450 322 1465 329 ’
1607 334 1666 386 S.
1707 325 2071 386 AUGIISTINI
2112 325 2412 383 EPISCOPI
3570 332 3638 385 .53

381 477 424 528 si
468 488 573 528 nou
616 466 1017 525 benedicere-tur
1047 468 1101 514 et
1126 457 1303 521 Esau,
1333 451 1472 507 nulla
1510 456 1652 505 esset
1693 444 1951 514 qumstin:

388 563 718 620 beuedicitur
757 567 813 612 et
853 557 964 623 ipse
984 593 997 614 .
1025 549 1119 605 sed
1147 561 1249 600 non
1277 545 1388 616 ipsa
1414 538 1816 599 benedictione;
1863 547 1961 586 nec

388 667 561 710 tamen
588 652 656 706 ab
674 634 785 703 hac
810 644 1017 716 penitus
1041 640 1234 694 aliena.

451 742 677 800 CAPUT
715 736 904 795 XXVI.
932 762 1003 774 —
1026 731 1116 789 ‘27.
1149 725 1433 783 Benedictio
1475 721 1634 776 Esau.
1672 716 1961 772 Audiamus

382 850 509 905 ergo
555 827 819 902 quomodo
861 822 1189 882 benedicitur
1231 818 1394 880 Esau;
1435 810 1799 905 etvideamus
1836 804 1963 876 quid

384 903 594 980 intersit
645 922 780 975 inter
834 913 1137 987 spiritualcs
1182 906 1435 964 Ecclesia:
1496 903 1668 968 filios,
1721 907 1776 955 et
1845 912 1963 987 car?

386 1018 561 1080 nales;
611 1014 747 1066 inter
771 985 875 1063 eos
892 1005 981 1079 qui
1016 998 1358 1074 spiritualitcr
1387 995 1608 1061 vivunt,
1654 999 1709 1046 et
1744 985 1962 1080 cos‘qui

388 1078 599 1176 semper
638 1078 938 1158 carnalibus
987 1094 1194 1167 gaudiis
1227 1090 1578 1147 delectantur.
1615 1078 1963 1179 Respondeas

386 1167 560 1253 autein
596 1195 763 1261 Isaac,
786 1191 919 1248 dixit
940 1188 1004 1243 ad
1034 1187 1170 1242 Esau
1196 1202 1209 1239 :
1239 1181 1367 1250 Quis
1390 1193 1508 1250 ergo
1530 1183 1735 1231 senatus
1755 1180 1824 1226 est
1842 1167 1962 1221 mihi

389 1290 717 1351 eutotionent,
744 1294 790 1339 et
818 1282 983 1337 intulit
1007 1278 1171 1332 mihi?
1195 1272 1477 1329 benedictus
1519 1269 1603 1323 sit.
1652 1264 1863 1319 Factum
1893 1267 1962 1315 est

383 1394 554 1436 autem
579 1389 631 1433 ut
656 1377 846 1432 audivit
869 1371 1007 1427 Esau
1032 1370 1179 1426 verba
1206 1366 1356 1422 Isaac
1378 1362 1534 1435 patris
1549 1358 1647 1422 sui.
1672 1351 1963 1411 exclamauit

384 1488 501 1526 rore
525 1484 707 1540 magna
732 1509 746 1533 ,
789 1475 833 1519 et
869 1463 994 1518 dixit
1029 1477 1049 1515 :
1078 1457 1294 1514 Benedic
1326 1463 1372 1508 et
1412 1467 1489 1507 nte
1531 1458 1691 1543 pater.
1730 1442 1963 1543 Etndifrit

385 1562 461 1614 illi
490 1577 507 1614 :
551 1532 691 1612 vina
732 1559 888 1628 frater
918 1563 1030 1605 tuus
1058 1564 1171 1602 cum
1208 1545 1346 1609 dolo,
1376 1550 1423 1596 ct
1450 1537 1640 1607 accepit
1665 1532 1960 1588 benedictio-

460 1667 506 1703 ιη
538 1659 695 1702 luant.

460 1667 506 1703 ιη
538 1667 695 1702 tuam.

395 1667 549 1793 "69.8.
578 1734 736 1790 Iacob
767 1728 1129 1803 supplantatio.
1148 1755 1219 1764 —
1247 1721 1309 1776 Et
1338 1721 1465 1775 dixit
1496 1714 1635 1772 Esau
1663 1730 1680 1767 :
1706 1709 1851 1764 Iuste
1879 1724 1965 1761 uo-

389 1843 553 1885 τωρωι
568 1838 636 1883 cst
653 1843 830 1880 nomen
856 1825 964 1893 ejus
985 1819 1163 1873 Iacob.
1179 1809 1543 1884 Supplanlatio
1564 1806 1703 1862 cnim
1720 1804 1732 1834 ¹
1750 1809 1966 1893 vocatur

308 1896 317 1913 Ι
391 1920 671 1976 .Iacob.Et
706 1931 803 1972 nec
836 1889 944 1984 ipsa
978 1904 1334 1979 supplantatio
1373 1901 1544 1956 inanis
1573 1904 1656 1982 est
1694 1913 1705 1948 :
1743 1893 1863 1964 quia
1912 1889 1964 1943 in

384 2014 553 2083 figura
585 2009 855 2078 accipitur,
886 2000 1152 2075 quomodo
1181 1997 1354 2052 dolus.
1383 1992 1497 2047 Non
1537 1990 1677 2044 enim
1716 1984 1825 2083 jam
1852 1988 1966 2038 erat

390 2074 535 2156 tavnta
565 2074 760 2154 malitia
790 2096 841 2149 in
870 2074 1030 2147 fratre
1050 2132 1063 2153 ,
1106 2097 1161 2143 ut
1190 2085 1345 2139 vellet
1374 2080 1712 2151 supplantare
1750 2074 1964 2161 fratrem

388 2207 564 2245 suum.
613 2188 763 2242 Tune
801 2183 940 2238 enim
980 2180 1151 2236 dictus
1189 2182 1271 2230 est
1312 2172 1712 2242 supplantator,
1757 2160 1966 2234 quando

392 2292 551 2333 manu
601 2276 778 2331 fratris
814 2272 893 2325 sui
922 2266 1187 2324 nascentis
1218 2262 1402 2334 pedem
1443 2257 1609 2313 tenuit
1641 2273 1653 2308 :
1683 2263 1808 2309 tunc
1846 2267 1969 2321 sup-

394 2373 662 2440 p'antator
689 2374 771 2421 est
798 2363 971 2417 dictus
998 2356 1149 2430 (Gen.
1182 2371 1310 2417 xxv,
1336 2352 1452 2420 2T3).
1475 2343 1843 2419 Supplantatio
1870 2357 1965 2396 au-

394 2474 499 2515 tem
528 2459 838 2517 carnalium,
864 2452 967 2505 vita
998 2444 1349 2518 spiritualium
1380 2449 1479 2495 est.

464 2546 687 2603 CAPUT
729 2539 938 2598 XXVII.
964 2568 1035 2579 —-
1059 2536 1256 2589 Omnes
1293 2531 1433 2585 enim
1468 2525 1728 2592 carnales,
1765 2538 1883 2577 cum
1916 2520 1967 2574 in

388 2640 633 2696 Ecclesia
660 2633 894 2690 invident
912 2625 1290 2700 Spiritualibus,
1317 2620 1739 2691 supplantautur,
1767 2623 1820 2669 et
1842 2614 1972 2666 fiunt

398 2731 625 2801 pejores.
657 2724 789 2779 Audi
813 2720 1123 2793 Apostolum
1150 2716 1249 2769 hoc
1281 2714 1451 2782 ipsum
1480 2709 1769 2801 dicentem,
1796 2703 1969 2801 maxi-

511 2805 648 2889 quia-
673 2816 741 2869 ibi
772 2806 1212 2869 commemoravit
1253 2803 1471 2857 odorem
1494 2842 1509 2864 ,
1556 2813 1737 2889 quem
1758 2794 1843 2849 hic
1869 2809 1971 2889 ex-

399 2884 592 2983 pressit
636 2910 799 2969 Isaac,
846 2903 1053 2965 dicens,
1100 2897 1229 2952 Ecce
1253 2894 1379 2948 odor
1409 2891 1505 2962 filii
1546 2890 1660 2953 mei,
1697 2888 1822 2940 sicut
1848 2884 1974 2939 odor

396 2980 509 3076 agri
536 3002 690 3073 pleni,
721 3013 864 3069 quem
890 2992 1136 3049 benedixit
1170 2987 1435 3043 Dominus.
1577 2995 1704 3050 ergo
1740 2980 1970 3078 Aposto-

396 3068 504 3163 lus,
534 3068 718 3151 Christi
734 3068 904 3145 bonus
927 3086 1054 3140 odor
1081 3097 1251 3151 sumus
1272 3079 1323 3132 in
1346 3075 1481 3131 omni
1501 3074 1611 3128 loco
1641 3079 1733 3125 :ct
1760 3068 1970 3163 adiecit,

402 3158 530 3242 Aliis
555 3184 753 3257 quidem
779 3181 903 3235 odor
931 3178 1063 3240 vitte,
1103 3174 1155 3226 in
1179 3173 1365 3233 vitam;
1394 3166 1509 3220 aliis
1545 3163 1679 3257 odori

399 3246 610 3333 mortem
643 3291 661 3329 :
687 3282 733 3329 et
761 3272 827 3325 ad
852 3271 958 3325 hwc
987 3267 1096 3336 quis
1125 3263 1332 3317 idoneus
1356 3257 1430 3331 (ll
1458 3256 1573 3311 Cor.
1589 3270 1647 3320 ιι,
1667 3253 1749 3315 15,
1776 3246 1974 3319 I6)?id

394 3378 506 3436 est,
533 3376 591 3422 ut
620 3364 871 3433 intelligat
899 3355 1162 3431 quomodo
1186 3354 1321 3408 odor
1347 3347 1533 3404 mortis
1556 3358 1740 3436 sumus
1763 3343 1811 3394 in
1834 3354 1975 3436 mor-

402 3430 512 3514 tem
542 3430 816 3512 hominum
836 3493 850 3518 ,
868 3448 1017 3504 nulla
1045 3452 1226 3500 nostra
1254 3440 1429 3510 culpa.
1462 3434 1746 3491 Ambulant
1778 3430 1975 3485 etenim

404 3552 521 3605 viss
549 3560 672 3604 suas
699 3540 1020 3614 spirituales,
1048 3534 1182 3591 nihil
1226 3530 1366 3586 aliud
1406 3533 1600 3583 norunt
1641 3536 1799 3592 quam
1841 3520 1979 3614 bene

406 3642 623 3696 vivere:
647 3647 701 3693 et
728 3612 818 3706 qui
851 3633 1160 3686 innocenter
1178 3622 1473 3679 viventibus
1501 3617 1757 3706 invident,
1782 3612 1979 3706 faciunt

402 3738 620 3802 peccata
650 3702 847 3797 gravia,
878 3720 1018 3777 unde
1057 3718 1173 3773 illos
1212 3712 1396 3785 puniat
1423 3710 1591 3802 Deus;
1622 3715 1678 3802 et
1707 3704 1764 3759 fit
1788 3702 1981 3802 eis-ille

404 3795 542 3879 odor
584 3819 637 3873 in
660 3795 907 3871 imortem
927 3851 943 3878 ,
986 3812 1077 3880 qui
1121 3819 1202 3864 est
1230 3807 1348 3861 aliis
1372 3803 1506 3858 odor
1529 3800 1597 3855 ad
1621 3799 1803 3854 vitam.
1847 3795 1981 3851 Nam

407 3914 525 3982 ipse
564 3907 818 3964 Dominus
843 3905 995 3974 prius
1021 3900 1189 3953 factus
1213 3905 1295 3951 est
1321 3894 1456 3949 odor
1494 3892 1666 3946 bonus
1708 3888 1777 3942 ad
1818 3888 1980 3982 vitam

405 3979 771 4062 credentibus,
802 4003 857 4050 et
895 3991 1031 4048 odor
1071 3988 1242 4045 malus
1265 3985 1332 4039 ad
1360 3991 1585 4039 mortem
1610 3979 1979 4051 persequenti-

410 4098 531 4152 bus.
576 4092 710 4161 Quia
752 4089 897 4144 enim
948 4083 1096 4141 multi
1146 4081 1218 4137 illi
1261 4076 1633 4140 crediderant,
1685 4071 1986 4127 inviderunt

410 4187 601 4252 Judzei,
634 4192 689 4239 et
723 4184 959 4238 fecerunt
984 4185 1185 4233 tantum
1212 4173 1382 4229 scelus
1407 4166 1697 4225 occidendo
1724 4166 1983 4220 innocen-

415 4291 521 4336 tem
545 4320 561 4342 ,
605 4275 856 4331 Sanctum
899 4277 1201 4325 sanctorum
1230 4282 1243 4318 :
1269 4264 1406 4334 quod
1433 4262 1477 4316 si
1506 4275 1609 4315 non
1640 4259 1890 4322 facerent,
1918 4252 1983 4308 ad

415 4378 641 4425 mortem
667 4364 746 4419 eis
776 4378 881 4417 non
902 4359 1099 4413 valeret
1120 4357 1290 4409 bonus
1309 4352 1443 4407 odor
1460 4350 1678 4405 Christi.
1702 4349 1840 4419 Ergo
1863 4363 1987 4417 sup-

417 4460 684 4529 plantatus
709 4462 789 4506 est
818 4451 953 4505 Esau
982 4448 1032 4501 in
1060 4442 1427 4499 benedictione
1456 4439 1619 4509 patris
1648 4436 1746 4510 (α).

487 4547 578 4601 29.
620 4544 811 4597 lterum
853 4533 914 4592 de
959 4535 1294 4590 benedictione
1346 4531 1504 4585 Esau.
1547 4526 1839 4597 Respondit
1890 4541 1987 4581 au-

418 4653 525 4696 tem
550 4631 935 4702 Isaac,etdixit
957 4629 1021 4683 ad
1051 4627 1216 4690 illum,
1242 4623 1513 4678 Dominum
1526 4621 1671 4675 illum
1691 4629 1830 4673 tuum
1861 4620 1989 4690 feci:

418 4744 525 4785 non
554 4728 697 4783 enim
726 4722 868 4778 aliud
899 4719 1067 4792 potuit
1084 4717 1325 4786 accipere
1345 4714 1485 4768 Esau
1507 4711 1645 4787 quod
1666 4710 1862 4766 dictum
1885 4718 1987 4774 est,

422 4818 490 4875 Et
527 4831 700 4873 omnes
725 4818 904 4885 fratres
930 4812 1040 4883 ejus
1066 4811 1275 4862 servient
1303 4805 1379 4860 illi
1405 4820 1423 4858 :
1450 4803 1537 4857 tibi
1562 4812 1728 4856 autem
1755 4800 1877 4872 quid
1914 4804 1995 4870 fa-

419 4913 582 4976 ciam,
622 4908 740 4978 fili?
773 4904 837 4959 Et
877 4902 1006 4958 dixit
1039 4898 1180 4955 Esau
1222 4898 1289 4952 ad
1334 4904 1526 4969 patrem
1554 4910 1696 4948 suum
1732 4892 1994 4947 :Benedic

422 5015 588 5059 tamen
616 5009 663 5056 et
689 5014 784 5053 me.
810 4996 935 5053 Cum
950 4992 1292 5064 strangulatus
1305 4998 1432 5045 esset
1460 4987 1611 5043 Isaac
1629 5003 1647 5040 :
1666 4984 1715 5040 id
1742 4992 1843 5051 est,
1873 4997 1992 5039 cum

422 5075 642 5149 coactus
663 5098 827 5147 esset.
850 5088 1034 5158 Magna
1063 5097 1169 5150 res,
1188 5096 1431 5153 magnum
1449 5084 1857 5142 sacramentum,
1889 5074 1995 5128 uti-

426 5199 547 5239 nam
573 5181 1104 5251 capiamusmoactus
1131 5173 1483 5231 benedicit.et
1500 5181 1673 5225 tamen
1696 5167 1993 5230 benedieit;

427 5288 482 5331 ct
511 5272 651 5346 quod
677 5269 962 5334 benedicit,
981 5282 1162 5321 verum
1178 5271 1282 5327 est,
1296 5263 1388 5318 sed
1407 5272 1580 5317 tamen
1603 5268 1817 5316 coactus
1832 5259 1999 5314 bene-

428 5368 574 5423 dicit.
604 5362 742 5433 Quid
784 5361 853 5415 sit
888 5358 990 5412 hoc
1012 5399 1026 5425 ,
1063 5356 1340 5411 attendite.
1370 5353 1653 5406 Videamus
1700 5351 1869 5420 ipsam
1909 5349 2000 5403 be-

432 5459 785 5515 nedictionem
812 5494 825 5518 ,
864 5461 918 5508 et
942 5448 1294 5518 intelligamus
1315 5443 1437 5515 quid
1465 5446 1535 5498 sit
1569 5454 1807 5497 coactans
1833 5441 2000 5497 bene-

429 5549 727 5693 Maeror
763 5632 1003 5689 XXVIII.
1029 5663 1099 5673 —
1123 5629 1212 5687 '50.
1259 5627 1323 5683 In
1358 5624 1695 5681 benedictione
1727 5623 1848 5694 quid
1888 5639 2004 5694 pro-

499 5751 515 5780 ⁸
543 5747 717 5810 Regius
739 5753 842 5806 Μελ,
861 5742 1183 5808 supplantctor
1202 5740 1349 5819 enim.
1416 5738 1488 5801 (α)
1513 5744 1671 5800 Forte,
1694 5731 1879 5800 fratris.

2070 442 2255 510 prium,
2281 443 2401 513 quid
2438 459 2696 497 commune
2730 442 2887 496 Iacob
2937 453 2985 497 et
3031 442 3187 497 Esau.
3232 444 3521 514 Respondit
3546 462 3635 499 an-

2070 538 2175 583 tem
2214 531 2354 587 Isaae
2384 532 2558 601 (pater
2587 547 2714 585 sane
2745 531 2883 586 Esau
2913 548 3018 587 non
3048 542 3130 587 est
3170 535 3438 588 osculatus
3463 538 3478 565 ¹
3501 537 3519 606 )
3541 577 3557 602 ,
3588 549 3638 591 et

2072 622 2147 675 ait
2175 622 2268 687 illi,
2300 620 2429 674 Ecce
2469 638 2500 674 a
2540 622 2795 692 fertilitate
2820 632 2967 676 terrm
2989 624 3079 677 erit
3098 625 3338 678 habitatio
3364 636 3450 678 tua
3471 627 3513 691 ',
3543 643 3584 679 et
3609 644 3642 681 η

2068 729 2181 766 rore
2204 713 2315 767 caeli
2338 713 2571 784 desuper.
2599 713 2739 768 Dixit
2762 714 2861 769 hoc
2881 724 2933 769 et
2957 717 3050 778 illi,
3077 717 3140 771 ab
3164 718 3388 771 ubertate
3412 730 3572 784 terrm,
3594 731 3647 773 et

2071 820 2103 857 a
2139 820 2253 859 rore
2297 806 2408 860 coeli
2444 821 2462 859 :
2494 805 2595 860 hoc
2622 820 2750 875 ergo
2773 820 3054 861 commune
3083 817 3165 862 est
3192 808 3359 863 Iacob
3386 821 3439 863 et
3479 810 3637 864 Esau.

2069 893 2208 961 Quid
2275 903 2358 949 est
2428 895 2698 964 proprium
2750 895 2951 951 Iacob?
3022 896 3251 952 Seruiettt
3299 900 3387 952 tibi
3450 911 3637 969 gentes.

2069 981 2207 1050 Quid
2236 991 2319 1038 est
2361 984 2631 1052 proprium
2672 984 2873 1039 Iaeob?
2914 985 3098 1039 Omnes
3122 990 3303 1056 fratres
3332 989 3403 1040 tui
3429 989 3515 1041 tibi
3540 1005 3647 1042 ser-

2067 1074 2195 1127 vient
2226 1091 2244 1127 :
2274 1084 2321 1127 et
2345 1075 2430 1145 qui
2460 1084 2505 1129 te
2530 1075 2863 1141 benetlirerit,
2904 1076 3187 1133 benedictus
3229 1081 3351 1142 erit;
3386 1090 3431 1132 et
3474 1082 3558 1149 qui
3600 1091 3646 1134 te

2067 1164 2414 1231 maledixerit,
2444 1165 2736 1220 maledictus
2762 1168 2873 1220 erit.
2902 1167 3073 1222 Habet
3097 1177 3153 1222 et
3179 1169 3277 1222 istc
3309 1170 3487 1223 nescio
3516 1171 3642 1238 quid

2068 1256 2361 1325 proprium,
2392 1254 2534 1325 quod
2576 1272 2679 1310 non
2725 1256 2924 1310 dictum
2956 1268 3041 1313 est
3065 1257 3226 1313 Iacob
3257 1276 3270 1311 :
3305 1258 3369 1311 Et
3398 1260 3449 1312 in
3476 1260 3645 1329 gladio

2068 1347 2216 1411 nives,
2247 1356 2292 1400 et
2317 1346 2463 1415 fratri
2488 1355 2572 1400 tuo
2595 1346 2793 1400 servies.
2827 1344 2933 1401 Sed
2964 1361 3031 1400 ne
3061 1348 3272 1402 tolleret
3298 1349 3521 1403 liberum
3560 1365 3646 1401 ar-

2067 1435 2280 1490 bitrium
2307 1436 2435 1505 (jam
2466 1435 2588 1489 hinc
2614 1445 2668 1489 et
2696 1435 2948 1490 hesterno
2975 1436 3256 1504 diximus),
3285 1437 3510 1506 adjecit,
3533 1439 3644 1491 Erit

2070 1532 2235 1576 autem
2255 1564 2269 1585 ,
2300 1540 2412 1578 cunt
2439 1524 2727 1593 deposueris
2763 1534 2809 1578 et
2841 1525 3045 1580 solveris
3072 1526 3257 1596 jugum
3297 1533 3359 1580 de
3381 1528 3510 1581 collo
3537 1539 3642 1581 tuo.

2068 1613 2202 1681 Quid
2229 1622 2330 1679 est,
2360 1613 2471 1667 Erit
2494 1624 2679 1681 autem,
2712 1631 2825 1668 cum
2853 1615 3141 1686 deposueris
3166 1627 3212 1671 et
3241 1617 3444 1671 solveris
3461 1620 3644 1689 jugum
3662 1622 3676 1633 ‘

2068 1702 2131 1756 de
2157 1703 2287 1757 collo
2316 1711 2402 1757 tuo
2431 1702 2577 1772 (Gen.
2613 1720 2776 1771 xxvu,
2807 1706 2894 1772 59,
2918 1703 3057 1776 l0)?
3084 1706 3331 1761 Liberum
3358 1708 3448 1761 tibi
3474 1719 3577 1773 est,
3600 1710 3645 1763 si

2070 1794 2297 1848 volueris
2320 1836 2335 1860 ,
2363 1796 2598 1850 converti
2633 1812 2646 1848 :
2675 1810 2779 1849 non
2806 1797 2956 1865 quasi
2999 1796 3105 1851 duo
3145 1798 3326 1861 eritis,
3372 1799 3465 1855 sed
3510 1814 3647 1855 unus

2068 1882 2250 1938 Iacob.
2290 1885 2488 1939 Omnes
2528 1885 2669 1940 enim
2713 1885 2801 1956 qui
2848 1896 3229 1942 convertuntur
3270 1889 3337 1944 ab
3377 1890 3551 1954 Esau,
3579 1891 3646 1945 ad

2069 1976 2233 2031 Iacob
2259 1978 2539 2047 pertinent.
2566 1979 2863 2035 Situilitudo
2892 1995 3054 2034 unum
3084 1979 3236 2047 facit,
3275 1981 3647 2037 dissimilitudo

2071 2070 2189 2125 facit
2218 2071 2597 2128 diversitatem.
2624 2073 2758 2141 Quid
2797 2076 2965 2144 ergo?
2995 2077 3038 2129 Α
3071 2092 3183 2130 rore
3217 2078 3349 2141 caeli,
3380 2087 3425 2130 ct
3450 2095 3480 2129 α
3507 2079 3648 2147 ferti-

2071 2164 2209 2217 litate
2232 2173 2398 2227 terrte,
2428 2165 2584 2218 ambo
2612 2165 2825 2221 habent.
2860 2166 3089 2221 Servient
3116 2165 3204 2220 tibi
3232 2177 3402 2238 gentes
3439 2176 3486 2219 et
3533 2169 3645 2236 fra-

2073 2263 2172 2307 tres
2213 2255 2286 2306 tnt'
2325 2266 2370 2306 et
2397 2254 2492 2323 ﬁlii
2518 2258 2674 2325 patris
2703 2258 2793 2318 tui,
2821 2257 2967 2311 stilus
2994 2256 3157 2310 Iacob
3181 2256 3356 2311 habet.
3383 2255 3449 2310 In
3478 2257 3649 2326 gladio

2072 2356 2248 2401 autem
2278 2357 2361 2401 tuo
2390 2348 2539 2412 vives,
2569 2349 2712 2403 solus
2744 2348 2903 2403 Esau.
2934 2348 3192 2415 Quiddam
3233 2363 3513 2403 commune
3552 2348 3649 2401 ba-

2073 2439 2219 2503 bcnt,
2242 2438 2483 2507 quaedam
2514 2438 2727 2508 singuli.

2144 2532 2231 2585 51.
2256 2530 2539 2597 Scriptura!
2558 2539 2603 2584 et
2638 2529 2969 2585 Sacramenta
3003 2532 3144 2586 bonis
3166 2542 3215 2587 et
3252 2534 3400 2586 malis
3424 2550 3649 2587 contmn-

2074 2623 2176 2675 ut'a.
2208 2622 2342 2677 Sunt
2377 2624 2498 2676 mali
2529 2622 2579 2676 in
2610 2623 2846 2678 Ecclesia
2886 2624 3208 2692 pertinentes
3233 2624 3297 2679 ad
3331 2626 3467 2679 Esau
3492 2644 3505 2677 :
3530 2627 3649 2694 quia

2074 2712 2238 2782 etipsi
2284 2713 2372 2766 ﬁlii
2417 2713 2693 2777 Ilcbeccm,
2739 2714 2830 2767 lilii
2879 2714 3061 2767 matris
3091 2714 3354 2779 Ecclesim,
3399 2714 3466 2769 de
3500 2723 3653 2768 utero

2078 2801 2241 2871 ipsius
2282 2802 2412 2866 nati,
2455 2811 2509 2857 et
2551 2802 2704 2873 pilosi
2736 2802 2787 2855 in
2817 2804 3045 2871 peccatis
3073 2805 3372 2858 carnalibus
3399 2819 3652 2872 persevc-

2077 2890 2362 2957 rantes,de
2392 2892 2533 2946 illius
2553 2901 2731 2948 tamen
2762 2903 2912 2948 utero
2941 2894 3068 2947 nati.
3098 2894 3300 2949 Ilabent
3323 2909 3450 2963 ergo
3477 2908 3506 2946 a
3535 2907 3655 2947 rore

2076 2982 2215 3044 caeli,
2249 2991 2299 3036 ct
2334 2996 2363 3034 a
2412 2981 2678 3037 fertilitate
2705 2992 2859 3038 terra:
2891 3001 2902 3037 ε
2932 2999 2960 3037 a
2994 2999 3114 3039 rore
3141 2984 3262 3039 caeli
3287 2999 3480 3038 omnes
3505 2984 3654 3039 Scri-

2078 3083 2287 3142 pturas,
2315 3088 2526 3129 omnem
2557 3089 2857 3130 sermonem
2876 3075 3110 3129 divinum
3140 3093 3152 3127 :
3183 3091 3210 3128 a
3240 3075 3505 3130 fertilitate
3530 3092 3657 3129 vero

2079 3175 2251 3229 terrae,
2283 3168 2456 3221 omnia
2491 3168 2713 3223 visibilia
2755 3171 3132 3233 Sacramenta;
3165 3170 3369 3223 visibile
3393 3170 3533 3223 enim
3560 3168 3658 3223 Sa-

2077 3269 2405 3313 eramentum
2429 3258 2494 3313 ad
2518 3268 2711 3313 terram
2734 3261 2982 3329 pertinet.
3009 3260 3132 3315 I-l:rc
3153 3258 3330 3313 omnia
3355 3259 3656 3314 communia

2080 3347 2276 3403 habent
2301 3350 2351 3402 in
2380 3348 2611 3403 Ecclesia
2639 3358 2695 3404 et
2718 3350 2835 3403 boni
2868 3361 2921 3404 et
2948 3351 3088 3404 mali.
3112 3350 3242 3404 Nam
3266 3358 3319 3404 ct
3341 3349 3440 3418 ipsi
3463 3349 3658 3403 habent

2081 3445 2137 3492 et
2164 3438 2480 3508 participant
2521 3439 2879 3493 Sacrameatis
2910 3457 2921 3493 :
2953 3448 3005 3492 et
3035 3439 3173 3508 quod
3205 3447 3402 3494 norunt
3440 3439 3619 3493 fideles
3640 3479 3655 3501 ,

2080 3544 2110 3584 a
2149 3530 2323 3585 tritico
2350 3540 2404 3585 ct
2430 3530 2572 3584 vino.
2608 3530 2673 3585 Et
2705 3531 2901 3584 habent
2928 3530 2995 3585 de
3031 3546 3150 3584 rore
3178 3532 3299 3585 εωιί
3329 3531 3349 3561 ³
3380 3548 3391 3577 τ
3418 3529 3539 3598 quia
3567 3544 3661 3584 suo

2083 3636 2177 3691 per
2197 3636 2383 3676 omnes
2408 3620 2684 3676 descendit
2714 3636 2891 3675 sermo
2919 3623 3009 3676 Dei
3038 3622 3107 3676 de
3125 3623 3280 3676 cmlo.
3310 3622 3462 3674 Venit
3482 3637 3661 3675 sermo

2084 3712 2199 3775 Dei,
2224 3720 2276 3766 ct
2298 3711 2478 3781 irrigat
2502 3728 2514 3764 :
2541 3711 2633 3766 scd
2658 3712 2745 3781 qui
2770 3711 2968 3782 irriget,
2988 3721 3038 3765 ct
3055 3713 3178 3781 quid
3198 3712 3401 3779 irriget,
3423 3713 3656 3766 attende.

2083 3804 2215 3859 Nam
2243 3814 2297 3859 et
2335 3804 2452 3859 illos
2492 3805 2676 3875 irrigat
2700 3813 2754 3858 et
2777 3804 2914 3868 illos,
2954 3804 3123 3858 bonos
3149 3814 3203 3859 et
3232 3805 3401 3858 malos
3426 3823 3438 3858 :
3468 3803 3559 3857 ειη]
3586 3804 3658 3857 illi

2086 3894 2278 3950 bonam
2310 3894 2539 3964 pluviam
2566 3894 2616 3948 in
2643 3894 2875 3948 radicem
2900 3894 3172 3963 spinarum
3208 3904 3556 3959 convertunt;
3586 3894 3660 3948 illi

2087 3995 2262 4041 autem
2286 3988 2353 4042 ad
2376 3987 2599 4044 fructum
2630 3989 2823 4044 bonum
2848 3989 3075 4059 pluviam
3097 3987 3329 4043 trahunt.
3354 3989 3480 4041 Nam
3504 3987 3661 4041 simul

2089 4078 2225 4147 pluit
2263 4079 2516 4133 Dominus
2554 4095 2714 4149 super
2742 4090 2971 4150 segetem
3015 4089 3070 4135 et
3108 4094 3270 4148 super
3311 4080 3517 4149 spinas;
3565 4078 3662 4133 sed

2090 4169 2256 4238 segeti
2289 4168 2419 4239 pluit
2441 4168 2506 4223 ad
2534 4168 2801 4234 horreum,
2834 4172 3001 4240 spinis
3038 4170 3104 4225 ad
3146 4170 3317 4240 ignem
3350 4188 3364 4224 :
3394 4178 3448 4224 et
3484 4178 3659 4222 tamen

2094 4273 2195 4312 una
2249 4266 2331 4313 est
2370 4258 2563 4328 pluvia.
2604 4258 2694 4313 Sic
2736 4259 2963 4315 Verbum
3014 4260 3108 4315 Dei
3160 4275 3348 4315 omnes
3386 4261 3659 4329 compluit.

2096 4350 2514 4421 Videatquisque
2529 4350 2738 4420 qualem
2760 4351 2987 4406 radicem
3013 4352 3218 4415 habeat;
3244 4351 3416 4405 videat
3445 4352 3664 4420 quisque

2092 4456 2197 4512 quo
2225 4440 2396 4495 trahat
2424 4440 2650 4511 pluviam
2677 4441 2866 4495 bonam
2899 4459 2910 4493 :
2940 4441 2983 4494 si
3010 4457 3126 4496 eam
3154 4442 3341 4506 trahit,
3367 4451 3423 4494 ut
3447 4450 3665 4509 generet

2094 4531 2294 4601 spinas,
2326 4530 2576 4601 numquid
2608 4530 2726 4586 ideo
2757 4531 2932 4601 pluvia
2963 4532 3052 4587 Dei
3080 4531 3373 4586 accusanda
3401 4530 3526 4585 est?
3556 4531 3667 4583 Au-

2097 4629 2307 4691 lcquam
2329 4620 2505 4675 veniat
2518 4620 2584 4675 ad
2606 4620 2856 4685 radicem,
2875 4621 3045 4676 dulcis
3065 4631 3147 4675 est
3170 4622 3341 4691 pluvia
3364 4622 3479 4681 illa:
3510 4619 3668 4674 dulce

2096 4720 2179 4765 est
2203 4710 2426 4766 verbum
2452 4710 2574 4777 Dei,
2607 4710 2778 4766 donec
2808 4711 2982 4765 veniat
3007 4711 3073 4766 ad
3100 4727 3192 4766 cor
3223 4712 3440 4776 malum,
3462 4720 3517 4765 et
3535 4724 3668 4765 con-

2098 4811 2268 4858 vertat
2310 4802 2377 4858 ad
2440 4802 2677 4858 fraudem
2729 4816 2877 4856 suam
2923 4803 3153 4873 pluviam
3219 4804 3350 4871 Dei,
3396 4811 3671 4858 convertat

2099 4894 2164 4948 ad
2211 4892 2567 4965 hypocrisim,
2615 4900 2888 4948 convertat
2916 4892 2983 4946 ad
3011 4893 3217 4950 radices
3255 4894 3508 4948 malarum
3536 4907 3672 4947 con-

2100 4985 2540 5055 cupiscentiarum
2563 5024 2577 5049 ,
2629 4983 2696 5038 ad
2753 4984 3127 5054 perversitates
3169 4994 3224 5041 et
3269 4984 3674 5053 depravationes

2102 5090 2244 5129 suas.
2285 5073 2471 5144 Incipit
2497 5072 2708 5143 quidem
2737 5088 2992 5142 genetare
3035 5076 3237 5145 spinas,
3281 5074 3378 5130 sed
3406 5075 3473 5129 de
3502 5074 3675 5143 pluvia

2104 5166 2241 5220 bona
2269 5182 2282 5216 :
2314 5163 2472 5220 habet
2495 5164 2638 5220 enim
2664 5179 2693 5218 a
2719 5180 2842 5219 rore
2866 5166 3008 5220 caeli.
3042 5166 3109 5221 Et
3146 5166 3394 5235 quoniam
3440 5179 3546 5218 non
3584 5178 3678 5219 ex-

2105 5255 2385 5310 cluduntur
2413 5268 2599 5308 omnes
2623 5254 2744 5308 mali
2772 5268 2801 5307 a
2832 5254 3191 5310 Sacramcutis
3221 5256 3347 5318 Dei,
3389 5253 3551 5308 habet
3578 5253 3598 5284 ⁸
3623 5263 3682 5308 et

2170 5367 2185 5398 ¹
2212 5365 2405 5416 Duobus
2423 5364 2475 5412 In
2496 5369 2603 5413 uss.
2626 5363 2788 5423 deest,
2811 5376 2905 5415 not:
2920 5374 2991 5417 cst
3011 5365 3266 5418 osculatus.

2168 5427 2189 5458 ³
2216 5427 2484 5488 Victorinus
2520 5432 2599 5488 ξιξ.
2643 5434 2695 5488 et
2731 5428 2904 5488 Regius
2947 5429 3159 5487 habent,
3182 5426 3444 5479 benedictio
3493 5434 3594 5488 tua.
3628 5435 3673 5475 AI

2107 5488 2271 5538 caeteri
2315 5483 2835 5551 libri,‘habitatiotua':
2870 5490 3007 5551 juxta
3044 5483 3171 5550 LXX,
3209 5490 3269 5541 Ire
3308 5487 3556 5541 katoikésis
3577 5500 3674 5537 sou.

2108 5558 2159 5598 Et
2179 5548 2420 5598 consentit
2442 5547 2667 5599 hebrazus
2685 5557 2866 5599 textus.

2174 5610 2195 5642 ³
2215 5612 2286 5675 sic
2308 5616 2411 5658 uss.
2435 5618 2669 5675 cum‘rar.
2695 5619 2747 5661 et
2766 5610 2902 5661 L'litn.
2927 5618 2980 5662 At
3002 5619 3130 5675 hom,
3155 5626 3186 5664 α
3207 5611 3366 5664 tritico
3387 5619 3431 5665 et
3455 5609 3576 5672 tino,
3599 5609 3683 5660 lto.

2112 5674 2216 5724 bent
2240 5672 2299 5721 de
2323 5683 2430 5720 rore
2452 5669 2574 5721 ctrli.
2990 5722 2995 5725 ι

2173 5737 2194 5766 ⁸
2220 5742 2268 5785 tu
2289 5732 2476 5783 duobus
2500 5741 2625 5795 Mss,
2649 5731 2836 5786 habent.
