4024 6202
323 393 393 449 t9
1374 355 1379 359 ’
1830 378 2059 435 εεῐιιιυ
2098 380 2184 435 ιν.

320 505 391 560 ab
414 502 661 561 ubertate
679 507 859 565 terrte,
879 495 1017 567 quod
1038 504 1230 550 norunt
1255 493 1361 557 illi,
1385 494 1473 564 qui
1493 493 1603 564 jam
1632 492 1912 547 voluerunt

320 613 444 653 isse
473 594 757 665 participes
783 591 1158 661 mvSteriorum
1187 587 1442 642 fidelium.

392 684 618 742 CAPUT
654 681 852 736 XXIX.
879 709 954 722 -—
992 681 1080 736 52.
1131 679 1316 734 Omnes
1355 684 1522 749 gentes
1562 675 1925 748 spiritalibus.

323 778 578 848 utbjccta.
616 773 752 829 Cum
804 771 872 826 ad
927 770 1113 825 ambos
1159 769 1462 839 pertineant
1509 768 1608 824 ista
1631 808 1646 833 ,
1687 782 1792 821 non
1830 774 1911 820 ta-

324 883 445 922 men
501 864 775 934 pertinent
825 876 1015 917 omnes
1067 868 1254 930 gentes
1304 858 1404 912 nisi
1458 856 1526 913 ad
1577 856 1909 927 spirituales,

330 958 448 1027 quia
470 956 573 1026 ipsi
598 954 870 1024 pertth
911 951 978 1005 ad
1022 950 1342 1015 Eeclesiam,
1387 963 1505 1019 qua;
1557 948 1797 1018 implevit
1830 956 1913 1001 to-

323 1060 435 1104 tum
454 1050 641 1104 orbem
671 1056 957 1102 terrarum.
987 1042 1279 1108 Attendite,
1311 1040 1522 1104 fratres,
1552 1050 1608 1095 et
1627 1038 1917 1094 discernite

321 1152 580 1210 quantum
612 1137 860 1208 potestis,
894 1134 981 1189 vel
1022 1142 1275 1204 quantum
1315 1132 1469 1187 vobis
1510 1128 1766 1186 Dominus
1799 1129 1911 1184 dat.

319 1232 507 1288 Omnis
531 1229 825 1301 spiritualis
852 1226 1002 1281 videt
1024 1224 1147 1296 quia
1172 1224 1406 1280 Ecclesia
1433 1231 1706 1294 pertotum
1729 1222 1913 1277 orbem

324 1332 588 1378 terrarum
612 1328 697 1376 est
724 1332 850 1383 una,
876 1331 1025 1381 vera,
1053 1314 1312 1371 catholica
1333 1356 1348 1382 ,
1387 1320 1442 1369 et
1479 1313 1610 1368 nihil
1636 1313 1735 1368 sibi
1758 1326 1912 1366 arro-

324 1424 441 1484 gat,
471 1423 527 1468 et
546 1412 740 1466 tolerat
779 1416 998 1479 peccata
1045 1406 1358 1473 hominum,
1401 1414 1539 1476 Quos
1577 1418 1681 1459 non
1734 1410 1912 1474 potest

335 1517 567 1573 purgare
591 1500 658 1556 de
676 1514 797 1554 area
823 1496 1109 1561 dominica,
1138 1505 1424 1566 antequam
1450 1494 1632 1550 veniat
1663 1493 1752 1548 ille
1788 1493 1916 1548 ulti-

328 1609 450 1649 mus
471 1589 776 1657 ventilator,
797 1591 888 1661 qui
917 1589 1023 1644 falli
1048 1603 1152 1643 non
1174 1595 1352 1657 potest
1371 1629 1386 1650 ,
1414 1596 1475 1641 ut
1507 1597 1694 1658 purget
1734 1599 1914 1639 aream

332 1701 511 1751 suam,
537 1694 592 1739 et
615 1682 943 1737 frtunentutn
972 1680 1149 1734 mittat
1189 1679 1242 1733 in
1282 1677 1564 1742 horreum,
1609 1676 1791 1746 paleas
1819 1689 1914 1729 au-

336 1785 442 1830 tem
471 1774 562 1829 det
588 1772 651 1827 ad
674 1769 1092 1826 comburendum
1123 1767 1333 1842 (Hattlt.
1365 1780 1443 1831 tu,
1471 1768 1561 1836 I5)
1597 1782 1611 1818 :
1649 1765 1772 1836 quia
1803 1765 1918 1835 ipse

332 1866 488 1920 habet
513 1862 807 1919 excludere
836 1863 1063 1930 paleam,
1099 1870 1153 1915 et
1192 1872 1474 1928 segregare
1497 1872 1527 1911 a
1548 1857 1834 1922 frumento,
1863 1863 1918 1912 ει

329 1968 645 2024 prrparare
669 1952 919 2006 horreum
951 1951 1151 2017 tritico,
1174 1949 1343 2019 paleis
1364 1949 1562 2018 ignem.
1592 1947 1773 2018 Itaque
1794 1947 1915 2017 quia

330 2044 502 2110 novit,
531 2043 733 2098 tolerat
760 2048 1070 2111 peccatores
1098 2040 1150 2094 in
1180 2038 1285 2095 line
1314 2037 1658 2109 separandos.
1678 2038 1780 2093 Per
1802 2051 1918 2091 om-

327 2153 424 2193 nes
448 2145 647 2208 gentes
676 2140 985 2204 peccatores
1011 2138 1066 2187 et
1086 2145 1274 2186 omnes
1314 2130 1555 2185 carnales
1597 2128 1748 2183 mixti
1792 2136 1920 2182 sunt

328 2228 721 2299 spiritualibus,
751 2236 808 2282 et
831 2226 1074 2315 serviunt
1100 2224 1180 2279 eis
1214 2241 1226 2277 :
1258 2223 1560 2293 spirituales
1591 2230 1769 2276 autem
1810 2235 1918 2274 non

329 2321 609 2383 serviunt;
636 2317 761 2387 quia
791 2315 860 2370 de
886 2315 992 2370 illis
1020 2310 1319 2384 proficiunt,
1348 2327 1472 2368 cum
1511 2311 1611 2381 ipsi
1643 2310 1917 2366 deliciunt.

331 2409 628 2473 Attcndite,
655 2406 849 2461 fratres
874 2405 1014 2471 mei;
1045 2404 1239 2469 dicam,
1268 2404 1312 2458 si
1334 2417 1550 2472 possum
1571 2443 1585 2467 ,
1614 2409 1669 2457 et
1704 2416 1809 2455 non
1849 2400 1920 2455 ti—

332 2514 529 2562 meam,
555 2513 662 2554 non
702 2496 932 2551 tacebo:
958 2508 1149 2564 urgeor
1172 2493 1314 2547 enim
1344 2499 1402 2545 ut
1423 2490 1596 2546 dicam
1621 2507 1634 2545 :
1659 2489 1760 2545 etsi
1790 2489 1921 2544 mihi

337 2590 475 2645 forte
496 2588 650 2658 aliqui
680 2585 1120 2650 suocensuerint;
1157 2582 1251 2639 sed
1290 2583 1417 2637 dent
1456 2581 1667 2637 veniam
1689 2621 1706 2648 ,
1758 2581 1921 2636 timeo

336 2681 501 2746 enim,
527 2689 584 2735 ut
611 2679 753 2744 dixi;
797 2676 975 2733 timori
1018 2676 1147 2732 dent
1185 2675 1416 2731 veniam.
1464 2674 1711 2730 Christus
1749 2674 1922 2728 netni-

336 2786 453 2825 nem
477 2770 655 2825 timuit
682 2784 696 2821 :
731 2784 828 2823 nos
855 2774 1033 2822 autem
1061 2765 1329 2820 Chrismm
1382 2762 1618 2819 timendo
1647 2777 1752 2818 non
1796 2777 1922 2833 par-

333 2863 523 2924 cimus,
554 2876 621 2916 ue
651 2861 825 2922 nobis,
852 2858 979 2914 dum
1010 2859 1142 2912 tales
1170 2857 1418 2912 nolumus
1463 2856 1803 2922 contristare,
1834 2855 1924 2909 ille

339 2967 445 3005 non
468 2959 672 3020 parcat.
704 2948 844 3016 Quid
870 2948 1030 3004 velim
1053 2947 1237 3003 dicere
1268 2945 1563 3016 dignemini
1603 2944 1788 3001 audire
1808 2985 1825 3012 ,
1871 2953 1925 2999 et

336 3041 691 3096 intentissime
716 3039 1015 3096 advertere.
1042 3039 1378 3107 Acceperunt
1402 3035 1560 3091 ambo
1586 3050 1620 3091 a
1646 3049 1772 3091 rore
1801 3035 1924 3091 cteli

338 3138 479 3193 etab
501 3136 748 3191 ubertate
773 3143 951 3198 terra,
982 3132 1147 3189 Iacob
1164 3139 1220 3186 et
1248 3130 1418 3194 Esau;
1455 3130 1614 3185 ambo
1651 3129 1778 3184 illud
1827 3129 1924 3183 lta-

338 3230 463 3284 bent
489 3225 631 3299 quod
644 3227 756 3295 jam
787 3224 1039 3287 diximus,
1066 3221 1206 3293 quod
1234 3220 1498 3287 novimus,
1520 3218 1659 3289 quod
1704 3218 1872 3273 nostis
1908 3234 1922 3271 :

338 3324 431 3378 sed
459 3331 516 3375 ut
536 3320 776 3375 serviant
794 3317 844 3372 ei
862 3325 1071 3387 gentes,
1098 3329 1207 3369 non
1232 3312 1437 3382 accepit
1460 3311 1558 3367 nisi
1584 3310 1778 3372 Iacob;
1803 3309 1926 3381 quia

336 3413 581 3469 carnales
605 3415 658 3466 in
682 3409 919 3466 Ecclesia
952 3424 1047 3478 per
1066 3415 1232 3463 totum
1267 3406 1451 3460 orbem
1507 3412 1770 3461 terrarum
1821 3418 1924 3459 non

337 3503 580 3560 serviunt
604 3502 705 3557 nisi
735 3499 1119 3571 spiritualibus.
1146 3496 1359 3563 Quare?
1386 3495 1517 3561 Quia
1537 3493 1605 3549 de
1632 3494 1734 3549 illis
1763 3494 1924 3563 profi-

336 3594 831 3665 ciuntspirituales.
873 3590 1007 3647 Nam
1051 3589 1169 3645 ideo
1203 3587 1447 3643 carnales
1488 3585 1731 3641 homines
1787 3584 1927 3641 servi

337 3686 627 3742 dicuntur:
660 3693 716 3739 et
742 3683 786 3737 si
811 3681 955 3752 quod
982 3681 1169 3735 nolunt
1207 3677 1437 3741 faciunt,
1489 3674 1706 3746 prodest
1750 3681 1928 3730 tamen

338 3778 704 3847 Spiritualibus
728 3775 866 3829 mala
898 3772 1233 3829 conversatio
1259 3768 1587 3833 carnalium;
1631 3766 1753 3835 quia
1778 3775 1833 3822 et
1861 3782 1929 3822 ex

339 3870 524 3924 eadem
552 3866 959 3922 conversatione
1006 3862 1316 3933 proﬁciunt,
1353 3869 1407 3916 ct
1451 3875 1544 3929 per
1595 3858 1925 3915 tolerantiam

344 3970 694 4018 coronantur.

411 4051 638 4108 CAPUT
680 4048 850 4105 XXX.
875 4078 949 4088 —-
978 4049 1065 4103 55.
1096 4044 1397 4101 Carnutibus
1437 4060 1526 4098 cur
1554 4060 1653 4098 non
1692 4042 1930 4112 subjecta

344 4152 531 4211 gentes.
564 4138 809 4195 Iutcndat
830 4136 1095 4193 Sanctitas
1114 4144 1287 4191 vestra
1304 4133 1445 4204 quod
1460 4133 1709 4188 dicimus.
1735 4130 1810 4191 Illi
1834 4145 1930 4186 au-

346 4244 453 4287 tem
468 4233 605 4286 Esau
633 4246 738 4285 non
763 4238 886 4283 sunt
912 4228 1052 4282 data:
1071 4236 1256 4297 gentes
1278 4243 1290 4277 :
1309 4225 1433 4295 quia
1458 4238 1644 4279 omnes
1664 4223 1924 4288 carnales,

346 4326 434 4392 qui
463 4334 588 4378 sunt
629 4324 681 4376 in
718 4322 975 4382 Ecclesia,
1006 4328 1097 4373 aut
1135 4318 1288 4373 divisi
1318 4326 1460 4380 sunt,
1489 4327 1580 4370 aut
1606 4316 1785 4371 faciles
1807 4325 1929 4370 sunt

349 4416 409 4467 ad
440 4414 781 4467 divisionem.
821 4411 958 4465 Ecce
985 4425 1105 4479 pars
1133 4408 1323 4463 Donati
1352 4407 1475 4463 inde
1500 4405 1634 4465 facta
1663 4415 1738 4460 est
1760 4447 1774 4469 ,
1808 4405 1930 4461 inde

346 4514 427 4559 cst
450 4548 464 4569 ,
486 4503 556 4558 de
594 4502 726 4573 ipsis
751 4501 1052 4557 carnalibus
1076 4498 1360 4556 carnaliter
1389 4497 1758 4553 sentientibus.
1793 4496 1927 4551 Car-

347 4594 495 4649 nales
514 4604 673 4649 erant
706 4612 718 4646 :
741 4592 836 4648 sed
863 4594 878 4623 ¹
909 4592 1033 4662 quia
1058 4591 1384 4661 quaesierunt
1422 4588 1680 4643 honorem
1736 4602 1890 4641 suum
1911 4628 1926 4651 ,

344 4687 431 4739 vel
457 4685 762 4754 patientiam
794 4682 1156 4753 perdiderunt,
1186 4681 1501 4738 invenerunt
1521 4680 1742 4746 aditum,
1773 4677 1927 4734 ctdi-

340 4775 447 4829 visi
477 4784 598 4829 sunt
623 4766 979 4829 {amaverunt
1004 4772 1261 4827 honorem
1283 4786 1466 4836 suum,
1508 4770 1733 4825 multum
1760 4769 1807 4824 ei
1831 4768 1930 4823 tri-

340 4869 598 4932 buerunt,
629 4865 792 4936 typho
814 4864 1076 4935 superbia:
1105 4871 1431 4925 tumuerunt,
1482 4877 1588 4916 non
1634 4861 1931 4916 habuerunt

345 4960 712 5023 tolerantiam,
744 4958 796 5011 id
816 4966 917 5020 est,
960 4971 1066 5010 non
1099 4955 1398 5011 habuerunt
1420 4953 1753 5009 charitatem.
1789 4952 1933 5008 Scri-

342 5059 500 5118 ptum
520 5058 605 5102 est
628 5050 772 5102 enim
805 5047 1076 5111 :Cltart'tas
1104 5046 1275 5099 omnia
1315 5042 1532 5109 tulerat,
1565 5043 1734 5096 omnia
1775 5043 1930 5095 susti-

340 5154 588 5205 net;non
612 5142 913 5205 a'mulatnr,
945 5156 1045 5193 non
1084 5139 1316 5209 inﬂatur,
1362 5154 1463 5192 non
1513 5137 1618 5208 agit
1670 5150 1933 5205 perperam

345 5240 365 5307 (
401 5238 421 5291 I
453 5236 568 5291 Cor.
598 5253 716 5302 xttt,
744 5237 798 5299 7,
829 5232 905 5305 4).
930 5234 1110 5302 itaque
1143 5231 1401 5302 qttidquid
1444 5229 1589 5283 aliud
1639 5228 1930 5292 haberent,

339 5329 478 5399 quia
507 5329 634 5382 illud
658 5344 762 5381 non
790 5326 1058 5380 habebant
1096 5338 1189 5393 per
1232 5320 1372 5392 quod
1414 5319 1630 5390 prodest
1677 5317 1931 5388 quidquid

339 5421 599 5486 habetur,
620 5419 918 5474 diviserunt
941 5432 1021 5471 se.
1053 5415 1118 5469 Et
1140 5422 1401 5485 quotquot
1420 5411 1654 5467 haereses
1682 5410 1763 5464 vel
1793 5425 1929 5479 prae-

338 5515 581 5569 cisiones
604 5523 658 5569 et
693 5512 981 5567 schismata
1011 5510 1146 5563 facta
1201 5515 1358 5572 sunt,
1406 5522 1500 5576 per
1549 5505 1649 5560 hos
1692 5503 1934 5558 carnales

342 5610 492 5661 facta
513 5614 655 5660 sunt.
686 5606 793 5658 Aut
820 5602 965 5658 enim
1011 5599 1295 5654 carnaliter
1323 5603 1638 5662 senserunt,
1688 5605 1742 5650 et
1790 5594 1932 5650 fece-

419 5743 436 5769 ι
463 5734 709 5793 Particula,
731 5733 835 5793 sed,
864 5740 913 5784 et
938 5731 1139 5794 quaehic
1164 5728 1304 5794 [aulo
1334 5735 1441 5794 pou
1471 5728 1696 5789 occurrit,
1723 5725 1810 5788 rel,
1850 5727 1934 5776 ab-

340 5810 431 5852 est
453 5812 479 5847 a
500 5800 689 5849 duobus

2017 502 2140 548 runt
2164 493 2263 549 sibi
2286 494 2542 565 imagines
2564 496 2987 568 phantasmatum
3009 512 3226 555 suorum
3244 539 3259 564 ,
3292 508 3346 555 et
3374 515 3590 556 errave-

2015 594 2158 653 runt,
2184 596 2240 641 et
2264 587 2716 656 rcprehenditeos
2741 589 2873 646 fides
2897 590 3195 652 catholica;
3232 601 3287 647 et
3330 606 3451 647 cum
3497 609 3589 648 ar-

2014 684 2322 745 guerentur,
2354 679 2551 734 exclusi
2577 687 2701 734 sunt
2728 680 2870 736 foras
2889 680 3127 750 pondere
3168 696 3265 736 suo
3310 699 3325 735 :
3368 690 3462 737 aut
3505 682 3590 735 in-

2014 767 2288 824 venientes
2314 769 2415 824 sibi
2435 770 2556 826 litos
2578 781 2630 826 et
2650 772 2945 828 simultates
2972 786 3091 827 cum
3136 771 3439 828 hominibus
3456 814 3471 839 ,
3511 773 3593 827 di-

2014 863 2254 918 viserunt
2280 880 2355 920 se.
2381 865 2485 932 Qui
2510 882 2567 921 se
2587 880 2713 937 ergo
2741 866 3050 934 diviserunt,
3082 866 3182 921 nisi
3202 865 3270 920 ad
3308 879 3442 935 quos
3462 880 3586 935 per-

2018 957 2145 1012 tinet
2164 958 2370 1027 gladius
2390 958 2502 1023 ille,
2527 958 2594 1013 de
2617 973 2721 1028 quo
2748 958 2948 1013 dictum
2975 967 3075 1024 est,
3102 957 3169 1011 In
3195 957 3366 1027 gladio
3393 965 3479 1010 tuo
3507 961 3584 1009 et“-

2015 1050 2136 1103 ves?
2163 1048 2279 1103 Non
2304 1049 2425 1119 quia
2444 1048 2649 1119 gladius
2680 1064 2787 1103 non
2813 1048 3070 1117 accipitur
3120 1048 3172 1102 in
3210 1049 3350 1103 bono
3400 1064 3414 1100 :
3467 1062 3588 1098 nam

2015 1139 2459 1209 quemadmodum
2480 1139 2620 1194 dicta
2648 1148 2773 1194 sunt
2803 1139 2891 1197 illa
2917 1137 3211 1211 superiora,
3258 1136 3309 1191 id
3340 1146 3423 1192 est
3450 1150 3589 1206 quo-

2018 1230 2176 1285 modo
2202 1231 2458 1300 accipitur
2489 1230 2624 1300 lapis
2660 1230 2780 1298 ille,
2829 1239 2882 1285 et
2932 1230 3000 1285 ad
3041 1229 3342 1284 firmitatem
3372 1235 3595 1296 propter

2017 1322 2323 1387 Christum,
2368 1331 2421 1377 et
2466 1322 2533 1377 ad
2568 1321 3035 1393 reprehensionem
3085 1328 3304 1390 propter
3339 1318 3589 1381 stultum;

2016 1414 2283 1484 quomodo
2305 1414 2391 1467 leo
2417 1413 2590 1468 dictus
2618 1423 2701 1468 εει
2729 1412 2974 1468 Christus
2998 1420 3214 1483 propter
3237 1409 3402 1475 aliud,
3432 1418 3486 1464 et
3512 1409 3596 1463 leo

2019 1504 2191 1558 dictus
2219 1512 2302 1559 est
2328 1504 2568 1559 diabolus
2596 1513 2812 1574 propter
2840 1502 2982 1557 aliud
3016 1516 3028 1556 :
3069 1503 3146 1557 sie
3176 1499 3433 1570 accipitur
3473 1499 3589 1569 gla-

2019 1593 2137 1648 dius
2164 1594 2444 1664 aliquando
2478 1596 2530 1649 in
2557 1594 2716 1658 bono,
2748 1593 3031 1664 aliquando
3060 1593 3113 1648 in
3147 1591 3306 1648 malo.
3354 1589 3461 1646 Sed
3509 1588 3595 1644 hic

2019 1697 2125 1738 non
2153 1683 2270 1738 sine
2299 1698 2458 1739 causa
2485 1698 2590 1738 non
2615 1683 2772 1738 datus
2815 1689 2898 1738 est
2931 1682 3129 1747 Iacob,
3175 1681 3272 1737 sed
3313 1679 3470 1736 datus
3512 1685 3598 1735 est

2019 1772 2158 1828 Esau
2183 1791 2197 1826 :
2226 1774 2327 1828 nisi
2355 1773 2478 1843 quia
2513 1771 2714 1843 aliquid
2743 1772 2981 1843 mysterii
3012 1770 3346 1843 signiﬁcatur
3376 1768 3432 1823 in
3481 1767 3594 1837 gla—
3664 1838 3669 1846 _

2018 1866 2152 1922 dio‘.
2179 1865 2456 1934 Quomodo
2480 1873 2535 1920 et
2556 1865 2671 1934 ipsa
2697 1864 2928 1919 servitus
2969 1878 3074 1917 non
3100 1870 3179 1917 est
3204 1861 3377 1916 aliena
3403 1874 3435 1913 a
3475 1872 3595 1927 my-

2019 1956 2219 2023 sterio;
2251 1957 2304 2010 id
2341 1965 2443 2023 est,
2484 1954 2627 2026 quod
2655 1954 2854 2009 dictum
2896 1961 2998 2020 est,
3050 1936 3248 2007 Ser-vice
3288 1949 3435 2021 fratri
3471 1956 3598 2002 tuo:

2020 2060 2144 2102 nam
2168 2056 2222 2101 et
2248 2046 2353 2101 hoc
2378 2046 2431 2100 in
2461 2059 2654 2116 magno
2678 2044 2936 2116 mysterio
2963 2043 3161 2098 dictum
3187 2048 3290 2096 est.
3599 2102 3603 2117 ,

2089 2138 2315 2193 CAPUT
2351 2136 2544 2191 XXXI.
2568 2137 2752 2190 —34.
2796 2136 2984 2191 Contra
3026 2134 3384 2188 schismaticos.
3434 2131 3597 2199 Ergo,

2022 2227 2248 2292 fratres,
2295 2226 2385 2297 qtti
2431 2240 2491 2281 se
2535 2225 2812 2290 dividunt,
2861 2225 2959 2294 ipsi
3004 2223 3200 2278 habent
3241 2221 3471 2291 gladium
3514 2220 3599 2275 di-

2021 2319 2271 2383 visionis,
2319 2327 2374 2374 ct
2424 2318 2475 2372 in
2515 2317 2689 2389 gladio
2726 2332 2826 2372 suo
2867 2316 3184 2380 moriuntur,
3232 2322 3287 2367 et
3334 2314 3385 2367 in
3425 2312 3604 2383 gladio

2022 2426 2118 2467 suo
2152 2411 2352 2465 vivunt.
2376 2409 2481 2466 Sed
2517 2410 2641 2481 quia
2677 2422 2862 2464 verum
2907 2407 3123 2462 dixerat
3165 2405 3446 2469 Dominus,
3501 2403 3605 2469 Qui

2022 2501 2192 2573 gladio
2242 2502 2492 2571 percutit,
2538 2500 2710 2572 gladio
2754 2498 2995 2553 morietur
3031 2495 3243 2567 (Matth.
3277 2510 3433 2561 XXVI,
3465 2494 3599 2566 62);

2024 2574 2197 2647 videte
2218 2592 2358 2656 illos,
2389 2590 2578 2645 fratres
2607 2589 2734 2657 mei,
2766 2588 2855 2658 qui
2884 2602 2944 2642 se
2984 2587 3052 2640 ab
3095 2584 3298 2639 unitate
3343 2583 3602 2654 praecide-

2024 2694 2170 2750 runt,
2202 2681 2253 2736 in
2276 2691 2404 2752 quot
2424 2681 2593 2736 frusta
2613 2678 2821 2750 prcecisi
2847 2684 2989 2732 sunt.
3021 2675 3199 2730 Nostis
3249 2682 3380 2744 quot
3427 2684 3604 2744 partes

2027 2774 2153 2830 fecit
2184 2789 2306 2844 pars
2350 2773 2574 2838 Donati,
2628 2785 2727 2826 nec
2764 2770 2996 2824 arbitror
3043 2769 3206 2822 latere
3258 2767 3604 2835 Sanetitptem

2025 2874 2294 2932 vestram,
2342 2864 2464 2934 quia
2488 2863 2577 2933 qui
2622 2861 2797 2933 gladio
2840 2859 3100 2930 percutit,
3151 2856 3330 2928 gladio
3390 2856 3602 2927 peribit.

2030 2957 2238 3012 Dictum
2266 2964 2350 3011 est
2376 2956 2471 3021 illi,
2502 2953 2570 3008 In
2592 2954 2763 3025 gladio
2793 2962 2878 3006 tuo
2906 2954 3055 3004 vives.
3082 2949 3173 3005 Sic
3197 2948 3349 3004 etilli
3379 2948 3467 3018 qui
3496 2961 3602 3002 non

2029 3055 2365 3103 recesserunt
2390 3047 2457 3100 ab
2482 3045 2742 3110 Ecclesia,
2763 3051 2817 3098 et
2843 3043 2977 3098 tales
3004 3049 3145 3107 sunt,
3182 3040 3363 3111 quales
3392 3039 3436 3093 si
3480 3038 3607 3093 foris

2029 3147 2226 3195 essent.
2256 3138 2356 3207 Qui
2378 3138 2521 3193 enim
2564 3144 2745 3191 amant
2797 3134 3026 3188 honores
3062 3146 3188 3187 suos
3223 3132 3274 3185 in
3322 3130 3558 3185 Ecclesia
3587 3168 3603 3193 ,

2030 3232 2248 3287 omnino
2293 3230 2424 3286 tales
2459 3238 2619 3294 sunt;
2666 3228 2756 3299 qui
2807 3234 2989 3280 amant
3019 3227 3040 3257 ¹
3082 3226 3132 3278 in
3182 3222 3416 3277 Ecclesia
3461 3236 3605 3275 com.

2031 3322 2188 3378 moda
2218 3336 2312 3378 sua
2338 3320 2628 3385 strcularia,
2655 3328 2708 3375 et
2732 3319 2831 3388 ipsi
2875 3317 3025 3389 palea
3062 3324 3219 3379 sunt;
3264 3314 3360 3369 sed
3412 3322 3603 3367 ventus

2030 3413 2202 3479 deest,
2226 3412 2348 3467 ideo
2372 3427 2476 3467 non
2502 3411 2684 3466 volant
2718 3409 2786 3465 de
2834 3423 2958 3464 area
2997 3426 3009 3462 :
3040 3407 3142 3462 hoc
3178 3414 3262 3462 est
3302 3405 3443 3476 quod
3489 3404 3608 3458 dico

2032 3505 2285 3572 breviter,
2315 3505 2533 3560 tentatio
2558 3503 2729 3569 deest,
2755 3517 2880 3556 nam
2907 3502 3149 3555 volarent
3174 3498 3240 3554 de
3262 3511 3405 3552 area.
3444 3497 3604 3551 Deni-

2029 3611 2134 3667 que
2157 3596 2366 3666 quando
2386 3602 2569 3650 contra
2590 3594 2708 3648 illos
2734 3591 2933 3662 aliquid
2954 3591 3123 3660 egerit
3164 3588 3401 3644 Ecclesia
3421 3628 3435 3651 ,
3470 3602 3608 3656 quo-

2033 3687 2192 3745 modo
2214 3687 2367 3742 facile
2391 3700 2450 3741 se
2478 3684 2817 3754 praecidunt?
2846 3681 3112 3752 quomodo
3139 3680 3293 3737 facile
3317 3689 3464 3736 extra
3493 3681 3607 3734 col.

2032 3782 2219 3851 lignnt,
2251 3788 2306 3835 et
2328 3778 2512 3833 nolunt
2538 3776 2807 3832 dimittere
2851 3774 3200 3845 principatum
3238 3773 3426 3827 suum?
3475 3786 3604 3841 quo-

2032 3872 2192 3929 modo
2212 3888 2309 3943 pro
2329 3872 2446 3942 ipso
2470 3869 2765 3940 principatu
2792 3867 2927 3922 mori
2968 3866 3190 3921 volunt?
3227 3863 3494 3935 quomodo
3528 3873 3608 3918 te~

2033 3981 2159 4021 nere
2189 3964 2368 4018 volunt
2394 3962 2494 4016 sub
2524 3976 2581 4015 se
2611 3960 2794 4030 plebes
2819 4003 2832 4024 ,
2880 3968 2932 4012 ct
2974 3974 3079 4011 nun
3115 3955 3381 4009 dimittere
3427 3954 3608 4023 plebes

2033 4058 2218 4116 unitati
2255 4055 2490 4111 Christi?
2532 4052 2797 4122 quomodo
2841 4049 3022 4103 volunt
3056 4046 3232 4100 facere
3270 4059 3396 4099 oves
3418 4043 3438 4076 ³
3463 4058 3608 4107 suns,

2032 4166 2164 4221 quas
2188 4166 2285 4204 suo
2311 4145 2568 4215 sanguine
2598 4158 2703 4197 non
2731 4147 2994 4202 emerunt,
3023 4147 3072 4192 ct
3102 4137 3222 4192 ideo
3240 4136 3370 4192 viles
3389 4135 3606 4201 habent,

2032 4242 2154 4312 quia
2181 4254 2287 4293 non
2315 4234 2595 4292 emerunt?
2615 4232 2751 4301 Quid
2779 4246 2915 4301 opus
2938 4240 3021 4287 est
3046 4230 3171 4285 hinc
3205 4227 3400 4285 diutius
3425 4225 3608 4296 dispu-

2035 4332 2189 4386 tare?
2231 4326 2498 4383 Attenditc
2547 4325 2664 4380 illos
2706 4340 2801 4396 per
2841 4323 3140 4377 universam
3191 4318 3506 4379 Ecclesiam,
3535 4316 3608 4369 vi-

2033 4422 2156 4478 dete
2195 4421 2353 4486 tales,
2382 4427 2437 4474 et
2459 4431 2554 4472 eos
2580 4416 2667 4486 qui
2702 4416 2841 4470 intus
2861 4422 3017 4477 sunt,
3043 4420 3099 4467 et
3136 4426 3231 4467 eos
3267 4409 3359 4479 qui
3401 4408 3609 4471 inventa

2033 4514 2312 4569 occasione
2338 4511 2406 4566 de
2430 4525 2553 4564 area
2580 4508 2921 4571 volaverunt,
2967 4514 3023 4560 et
3058 4504 3242 4563 volunt
3279 4517 3458 4558 secum
3503 4511 3609 4554 tra-

2036 4608 2163 4661 here
2199 4614 2391 4677 grana;
2435 4602 2529 4657 sed
2583 4615 2744 4672 grana
2773 4613 2898 4654 vera
2939 4606 2996 4654 ει
3036 4597 3189 4666 plena
3241 4595 3469 4652 tolerant
3513 4606 3607 4661 pa-

2035 4696 2190 4761 leam,
2219 4703 2272 4749 et
2297 4701 2511 4748 manent
2533 4692 2584 4744 in
2608 4704 2732 4745 area
2786 4702 2952 4757 usque
2998 4687 3049 4740 in
3104 4685 3295 4749 linem,
3336 4696 3610 4753 quousque

2034 4790 2212 4843 veniat
2234 4786 2448 4841 ultimus
2467 4783 2748 4839 ventilator
2771 4797 2784 4833 :
2812 4780 2948 4834 sicut
2970 4778 3059 4832 ille
3084 4792 3203 4832 cum
3238 4775 3462 4845 pellibus
3501 4772 3609 4825 Ine-

2034 4883 2173 4937 diuis
2201 4878 2440 4934 toleravit
2467 4876 2636 4931 aliena
2667 4880 2901 4944 peccata,
2927 4878 2982 4924 et
3006 4868 3199 4925 meruit
3233 4865 3475 4934 accipere
3516 4862 3609 4916 be-

2034 4973 2390 5030 nedictionem
2418 4978 2715 5040 paternam.

2106 5102 2330 5161 CAPUT
2367 5097 2581 5156 xxxn.
2612 5096 2796 5150 —-55.
2840 5093 3055 5147 Extorta
3100 5088 3393 5143 benedictio.
3432 5087 3609 5154 Quare
3641 5067 3649 5077 '

2038 5210 2216 5254 autem
2248 5197 2512 5267 sugillatus
2558 5189 2632 5264 (α)
2666 5189 2812 5244 Isaac
2833 5186 3136 5243 benedixit?
3178 5184 3293 5239 .lam
3324 5182 3466 5237 enim
3512 5194 3638 5235 nc-.

2036 5289 2434 5361 ccssitate,jam
2462 5294 2676 5341 coactus
2714 5292 2865 5354 pater
2906 5281 3021 5352 ejus
3043 5279 3174 5334 dixit
3217 5276 3320 5343 illi,
3367 5273 3492 5326 [fere
3546 5270 3608 5323 ab

2104 5459 2118 5487 ι
2143 5456 2216 5504 sic
2226 5453 2322 5503 duo
2342 5457 2449 5500 Mss.
2474 5448 2589 5498 Ε(ιίιί
2615 5459 2750 5505 vero,
2774 5443 2825 5494 in
2845 5442 2986 5493 malo.

2104 5519 2123 5548 ²
2147 5524 2276 5573 l,ov.,
2298 5510 2381 5576 qui
2396 5510 2523 5561 enim
2541 5512 2720 5559 omam.
2786 5513 2842 5554 ιι.

2103 5580 2123 5612 ³
2148 5586 2226 5626 Ms.
2253 5574 2427 5637 negius
2446 5578 2581 5622 caret
2599 5582 2736 5628 voce,
2758 5579 2879 5616 oves.

2103 5661 2174 5722 (tt)
2197 5667 2341 5722 supra
2367 5658 2412 5704 iu
2436 5667 2539 5715 cap.
2564 5651 2622 5700 ‘27
2649 5650 2872 5722 habetur,
2894 5646 3231 5722 stfgft’trnltttns“
3246 5640 3617 5722 έιυεειιαξίάειᾲ

2018 5701 2273 5782 molitus}?
2289 5701 2581 5782 Litt-graece
2605 5716 2738 5782 esset
2754 5701 3185 5782 comem/lentos,
3200 5701 3389 5782 (icti?-
3415 5701 3493 5763 27.
3510 5722 3614 5770 cap.

2045 5767 2124 5845 5}),
2141 5767 2231 5831 tibi
2256 5792 2383 5829 nunc
2406 5767 2584 5838 ltigitur
2603 5767 3033 5829 cutunttrltllténlos,
3057 5774 3349 5829 wmpntn‘to.
