4024 6202
294 449 355 506 Μ
1520 409 1579 468 S.
1621 395 1980 463 AUGUSTINI
2017 395 2320 452 EPISCOPI

296 564 518 616 ubertate
538 563 684 609 terra:
713 547 802 603 erit
824 542 909 599 tibi
936 535 1175 595 habitatio
1208 540 1305 587 eta
1348 542 1461 582 rore
1499 521 1632 578 cmti.
1677 517 1747 574 Et
1799 527 1867 569 ne

306 656 425 709 ideo
443 609 508 706 te:
521 654 671 718 putes
704 642 922 696 bonum,
949 630 1013 686 In
1040 626 1212 702 gladio
1239 634 1324 677 tuo
1355 620 1501 681 vives,
1529 622 1575 670 et
1604 609 1753 685 fratri
1780 616 1867 661 tuo

298 745 499 800 servies.
645 749 711 790 ne
731 732 798 786 de
824 737 876 783 te
902 725 1172 795 desperes,
1195 716 1314 788 quia
1334 719 1483 784 potes
1504 717 1555 763 te
1581 702 1865 772 corrigere,

302 835 418 890 Erit
441 840 630 893 autem,
652 838 765 879 cum
789 792 1077 889 deposueris
1098 820 1144 866 et
1179 804 1384 864 solveris
1409 803 1595 874 jugttm
1635 796 1699 849 de
1741 792 1871 847 collo

308 940 415 981 tuo.
453 923 590 977 Ecce
616 884 691 971 ab
727 884 966 969 ubertate
1010 915 1164 960 terra:
1191 910 1244 955 ct
1280 912 1310 952 a
1341 910 1462 951 rore
1480 891 1598 947 caeli
1625 884 1873 954 accipiet;

307 1016 401 1074 sed
431 1013 576 1068 Isaac
602 1003 876 1076 sugillatus
900 997 1111 1069 projicit
1151 991 1224 1047 illi
1256 983 1678 1043 benedictionem
1705 1016 1721 1043 ,

309 1107 418 1161 dat.
445 1101 633 1159 Nonne
662 1096 719 1150 Iit
746 1090 904 1148 modo
929 1089 983 1142 in
1004 1081 1238 1141 Ecclesia
1266 1076 1420 1133 malis
1447 1068 1765 1131 hominibus,
1787 1062 1876 1134 qui

311 1195 493 1251 volunt
523 1185 837 1260 perturbare
861 1176 1176 1237 Ecclesiam,
1199 1179 1257 1225 ut
1281 1167 1577 1223 tulercnlur
1600 1157 1665 1214 ad
1694 1168 1882 1211 neces-

309 1245 712 1351 sitatemdpsius
736 1274 905 1347 pacis,
932 1276 993 1324 ut
1026 1265 1391 1325 admittuntur,
1440 1263 1499 1310 ut
1528 1251 1759 1307 habeant
1780 1245 1882 1301 Sa-

311 1337 583 1435 cramenta
607 1337 942 1425 communia?
972 1359 1037 1415 Et
1062 1352 1348 1426 aliquando
1389 1347 1554 1404 scitur
1595 1342 1716 1413 quia
1759 1337 1883 1395 mali

315 1476 460 1531 sunt,
486 1473 542 1519 et
567 1456 811 1517 convinci
841 1453 973 1510 forte
1004 1464 1106 1504 non
1126 1447 1350 1517 possunt
1381 1448 1438 1493 ut
1462 1434 1809 1493 emendentur
1833 1436 1888 1483 et

314 1524 708 1628 degradeutur;
747 1553 806 1601 ut
824 1540 1195 1603 excludantur,
1238 1541 1297 1588 ut
1342 1524 1885 1585 cxcommuuiccntur,

318 1609 421 1704 ne;
449 1648 669 1715 possunt
692 1633 955 1693 convinci.
989 1631 1047 1685 Si
1076 1624 1325 1683 institerit
1351 1619 1541 1689 aliquis
1562 1658 1577 1683 ,
1610 1609 1891 1683 aliquando

319 1702 425 1797 itur
532 1730 890 1800 disruptiones
919 1719 1194 1780 Ecclesiae.
1216 1716 1432 1785 Cogitur
1450 1709 1773 1782 gubernator
1792 1702 1894 1757 Ec-

321 1829 496 1886 clesia:
524 1835 773 1893 tanquam
803 1819 1003 1880 dicere,
1037 1813 1167 1867 Ecce
1214 1810 1277 1863 ab
1319 1807 1542 1860 ubertate
1590 1810 1736 1854 term
1802 1794 1896 1850 erit

325 1919 436 1985 tibi,
464 1926 510 1972 et
530 1933 560 1969 a
575 1929 691 1969 rore
715 1910 824 1966 caeli
848 1925 866 1962 :
886 1915 1036 1962 utere
1058 1896 1443 1961 Sacramentis,
1473 1892 1565 1947 tibi
1608 1886 1897 1945 manducas

323 1980 577 2081 judicium
599 2046 616 2071 ,
647 2002 740 2057 tibi
768 1996 1181 2067 bibisjudicium
1211 2007 1225 2045 :
1253 1989 1351 2054 Qui
1373 1986 1501 2049 enim
1530 1980 1801 2036 manducet
1851 1984 1898 2029 et

326 2068 446 2154 bibit
474 2068 700 2167 indigne,
712 2089 959 2164 judicium
981 2085 1075 2140 sibi
1095 2080 1365 2136 manduca!
1384 2085 1429 2130 et
1456 2074 1576 2129 bibit
1604 2070 1657 2139 (l
1677 2068 1796 2123 Cor.
1824 2081 1898 2131 ιιι,

327 2189 444 2262 9.9).
482 2157 628 2243 Nosti
796 2176 1090 2234 admitteris
1119 2187 1183 2227 ex
1209 2167 1521 2224 necessitate
1547 2160 1692 2232 pacis
1720 2157 1904 2213 Eccle-

332 2246 446 2347 sia),
471 2291 577 2334 non
599 2246 765 2329 babes
791 2270 842 2324 in
863 2265 1023 2322 corde
1050 2262 1149 2318 nisi
1190 2254 1614 2330 perturbationes
1659 2259 1714 2305 et
1770 2246 1907 2302 divi-

334 2375 530 2430 siones.
560 2368 685 2427 ldeo
714 2364 766 2418 in
784 2360 959 2433 gladio
988 2367 1080 2412 tuo
1109 2354 1287 2408 vives:
1312 2363 1432 2404 nam
1461 2347 1513 2400 in
1538 2359 1603 2399 eo
1640 2338 1781 2411 quod
1813 2352 1900 2393 ac-

335 2463 469 2534 cipis
487 2477 518 2515 a
542 2473 664 2515 rore
688 2454 830 2519 cmli,
849 2459 903 2506 ct
927 2449 994 2504 ab
1017 2446 1259 2502 ubertate
1287 2449 1461 2502 terrm,
1486 2450 1590 2488 non
1618 2433 1687 2487 ibi
1718 2428 1907 2491 vives’;
1947 2492 1952 2497 ,

338 2520 443 2611 non
470 2550 612 2608 enim
638 2547 740 2601 hoc
768 2554 819 2599 te
841 2540 1086 2600 delectat,
1116 2540 1207 2588 aut
1225 2528 1400 2586 suavis
1420 2533 1503 2581 est
1524 2524 1613 2578 tibi
1640 2520 1910 2575 Dominus.

341 2646 398 2700 Si
425 2641 568 2699 enim
595 2638 700 2695 hoc
727 2645 777 2689 te
798 2631 1105 2691 delectaret,
1136 2632 1191 2679 et
1215 2620 1391 2677 suavis
1418 2617 1507 2671 tibi
1537 2621 1678 2670 esset
1724 2608 1910 2665 Domi-

347 2749 484 2800 nus,
527 2724 812 2785 imitareris
851 2718 1202 2775 humilitatem
1265 2707 1515 2773 Domini,
1569 2720 1673 2758 non
1722 2715 1918 2770 super-

346 2794 489 2881 biam
542 2817 755 2876 diaboli.
791 2809 1084 2888 [Quamvis
1132 2819 1260 2875 ergo
1326 2799 1550 2869 accipiat
1608 2794 1920 2867 mysterium

351 2911 664 2972 humilitatis
729 2886 940 2963 Domini
1003 2917 1032 2955 a
1097 2912 1221 2955 rore
1279 2893 1401 2950 coeli
1463 2900 1517 2946 et
1564 2890 1632 2944 ab
1682 2886 1923 2942 ubertate

352 3019 547 3073 terrae,
590 3017 696 3059 non
746 3008 926 3055 tamen
973 2991 1193 3062 deponit
1229 2985 1528 3057 superbiam
1579 2978 1807 3042 diaboli;
1839 2976 1923 3032 cui

354 3099 490 3157 nihil
531 3069 754 3157 faciam,
807 3090 895 3161 qui
948 3099 1162 3155 semper
1222 3076 1641 3136 dissensionibus
1679 3081 1735 3128 et
1783 3069 1930 3126 sedi-

356 3191 591 3251 tionibus
613 3186 865 3259 gaudct'.
889 3181 909 3255 ]
934 3178 1187 3250 Quamvis
1212 3175 1282 3230 sit
1310 3173 1398 3227 tibi
1426 3172 1526 3226 ista
1556 3165 1862 3225 communio
1897 3177 1929 3218 a

358 3299 483 3340 rore
508 3258 633 3339 coeli
655 3278 792 3334 etab
812 3276 1053 3330 ubertate
1076 3279 1262 3332 terrm;
1302 3275 1476 3319 tamen
1519 3262 1570 3316 in
1619 3258 1793 3331 gladio
1834 3264 1929 3311 tuo

363 3377 524 3442 vivis,
554 3370 904 3430 seditionibus
930 3375 983 3421 et
1008 3357 1430 3419 dissensionibus
1464 3364 1555 3409 aut
1594 3351 1792 3423 gaudes
1841 3355 1934 3403 aut

363 3468 600 3526 terreris.
618 3464 759 3519 Muta
785 3473 912 3528 ergo
943 3467 1014 3522 te,
1040 3465 1094 3511 et
1121 3453 1245 3507 tolle
1264 3450 1450 3520 iugum
1476 3461 1504 3499 a
1525 3443 1665 3500 collo
1692 3451 1805 3497 tuo.

433 3575 657 3635 CAPUT
696 3568 933 3629 XXXIII.
965 3596 1037 3608 —-
1060 3564 1146 3621 56.
1182 3561 1449 3633 Epilogus,
1477 3556 1540 3610 de
1567 3568 1737 3625 pugna
1763 3559 1939 3605 contra

368 3670 624 3727 diabolum
692 3660 918 3733 ca'entplo
968 3668 1246 3727 martyrum
1285 3647 1621 3721 suscipienda.
1696 3640 1941 3699 Vincentii

372 3763 611 3833 martyris
656 3754 905 3813 natalitia.
952 3752 1076 3807 llarc
1122 3748 1289 3810 vobis,
1347 3743 1571 3804 fratres,
1602 3752 1696 3809 pro
1740 3733 1943 3804 magni-

371 3853 560 3911 tudine
583 3847 955 3919 mystcriorum
985 3843 1118 3894 forte
1149 3851 1345 3907 pauca;
1387 3847 1481 3902 pro
1503 3840 1742 3897 tempore
1769 3836 1943 3879 tamen

374 3953 428 4000 et
447 3956 545 4013 pro
567 3916 771 3995 viribus
799 3931 992 3987 nostris
1016 3936 1069 3982 et
1097 3940 1192 3996 pro
1217 3922 1408 3977 vestris
1436 3919 1599 3974 multa
1623 3916 1761 3971 diota
1789 3920 1944 3968 sunt:

374 4009 490 4091 etsi
513 4031 649 4087 forte
667 4022 992 4083 enucleatius
1020 4020 1133 4073 haec
1157 4013 1379 4086 quaestio
1407 4010 1640 4065 discussa
1688 4020 1793 4058 non
1841 4009 1945 4067 est,

379 4124 569 4197 partim
587 4130 759 4175 tamen
775 4128 960 4185 magna
979 4107 1368 4182 mystcria,qu:c
1382 4106 1560 4173 postea
1579 4097 1623 4152 si
1640 4101 1948 4158 tractentur,

380 4218 720 4275 inveniuntur
734 4211 776 4264 ³.
796 4184 927 4264 Date
948 4204 1151 4261 veniam
1172 4208 1228 4255 et
1247 4194 1502 4267 angustiae
1522 4188 1793 4261 temporis,
1809 4195 1860 4240 ct
1875 4184 1954 4238 vi-

383 4312 528 4368 ribus
553 4303 768 4368 nostris,
797 4291 1140 4366 etcapacitati
1167 4296 1378 4343 vestrm.
1396 4282 1568 4338 Vultis
1595 4280 1714 4350 plus
1740 4288 1952 4345 capere,

388 4401 614 4458 crescite
634 4414 647 4449 :
662 4392 821 4449 vultis
837 4365 1097 4445 crescere,
1116 4380 1252 4435 bene
1268 4376 1443 4430 vivite.
1459 4372 1557 4440 Qui
1568 4370 1710 4425 enim
1732 4382 1836 4422 non
1848 4365 1959 4419 vult

388 4498 524 4550 bene
544 4490 743 4549 vivere,
766 4498 869 4537 non
892 4477 1005 4532 vult
1022 4485 1282 4529 crescere.
1299 4468 1405 4522 llas
1424 4463 1575 4520 vobis
1598 4459 1784 4531 epulas
1807 4456 1965 4513 exhi--

388 4586 563 4644 buerit
588 4579 842 4636 Dominus
871 4576 1010 4628 Deus
1026 4577 1206 4624 uoster
1234 4578 1327 4635 per
1362 4558 1593 4616 natalitia
1610 4554 1858 4626 martyris
1881 4552 1962 4607 sui

393 4674 675 4734 Vincentii.
704 4664 1013 4724 Vincentius
1032 4673 1223 4715 nomen
1250 4653 1487 4709 victuri-.e
1517 4657 1618 4703 est.
1654 4648 1839 4701 Amate
1868 4658 1965 4697 au-

394 4783 417 4827 t
452 4787 504 4827 m
523 4810 540 4837 ,
570 4774 630 4822 ut
655 4760 877 4818 vincatis
910 4770 1051 4813 :non
1079 4751 1219 4807 enim
1250 4747 1398 4803 deest
1421 4740 1753 4814 persecutio;
1780 4735 1966 4791 diaboo

397 4866 480 4920 Ius
516 4863 828 4933 persecutor
867 4859 968 4915 est,
1005 4857 1271 4914 nunquam
1311 4837 1437 4894 defit
1471 4833 1679 4890 occasio
1713 4828 1922 4885 corona:
1952 4844 1966 4879 :

400 4921 604 5008 tantum
634 4947 787 5004 miles
806 4938 1002 4998 Christi
1030 4933 1287 5002 intelligat
1312 4941 1563 4999 pugnant,
1587 4930 1642 4978 ct
1661 4921 1792 4976 sciat
1815 4933 1970 4989 quem

308 5092 311 5095 .
402 5046 593 5099 vincat.
624 5032 889 5106 Numquid
911 5029 1029 5101 quia
1052 5041 1155 5080 non
1186 5032 1236 5077 te
1270 5026 1422 5090 urget
1459 5015 1626 5071 hostis
1669 5010 1975 5067 manifestus

405 5133 665 5203 corporis,
698 5099 799 5183 non
829 5133 880 5180 te.
907 5099 1053 5191 urget
1093 5119 1401 5187 persecutor
1434 5106 1670 5164 occultus
1715 5099 1978 5157 illecebris

409 5192 625 5279 turnis?
652 5192 856 5286 Quanta
881 5209 1111 5282 suggerit
1132 5205 1268 5262 mala
1286 5206 1311 5255 τ
1338 5210 1529 5273 quanta
1574 5213 1667 5268 per
1718 5192 1977 5264 cupidita-

413 5328 516 5372 tem
535 5354 553 5380 ,
587 5318 777 5384 quanta
806 5320 897 5376 per
924 5299 1203 5357 timorem?
1230 5296 1431 5365 Quibus
1458 5288 1720 5346 illecebris
1764 5298 1981 5357 persua-

416 5411 500 5463 det
536 5374 712 5461 ut'eas
736 5374 817 5456 add
837 5395 1114 5464 sortilegos
1139 5432 1153 5457 ,
1181 5389 1245 5444 ad
1291 5383 1686 5442 mathematicus
1707 5420 1721 5446 ,
1774 5374 1985 5448 quando

488 5583 505 5612 ι
531 5578 669 5637 editi,
691 5588 784 5627 non
806 5570 890 5628 tibi
910 5569 1053 5623 vim.
1079 5564 1245 5617 Melius
1266 5566 1394 5619 m.,
1417 5555 1501 5607 ibi.

484 5663 503 5692 ’
529 5667 639 5717 Quae
658 5636 843 5709 ansulis
870 5650 1196 5706 Includuntur,
1218 5643 1395 5694 desunt
1419 5640 1465 5688 in
1488 5636 1674 5685 duobus
1695 5639 1803 5681 Mss.

486 5748 506 5779 ³
531 5751 629 5794 [me
648 5748 774 5799 ωε..
801 5737 1017 5799 discussa
1037 5745 1126 5784 non
1148 5734 1234 5785 est.
1259 5728 1382 5799 date
1410 5720 1591 5773 veniam
1610 5753 1622 5777 ,
1650 5724 1764 5774 etc,
1810 5712 2001 5762 emissis

428 5807 588 5867 verbis
608 5804 727 5864 istis,
751 5795 926 5865 partim
948 5805 1100 5847 tamen
1124 5802 1313 5855 magna,
1339 5795 1431 5836 etc.

3474 392 3547 447 52

1973 509 2333 580 doletcaput?
2369 507 2468 576 Qui
2497 505 2763 561 dimittunt
2793 505 2990 570 Deum,
3036 511 3089 559 et
3132 509 3262 559 eunt
3297 500 3365 563 ad
3408 501 3543 572 liga-

1976 612 2152 660 menta
2190 600 2468 664 diabolica,
2502 597 2621 653 victi
2651 605 2771 651 sunt
2794 611 2824 650 a
2851 593 3085 650 diabolo.
3125 593 3323 649 Contra
3363 589 3409 645 si
3459 591 3548 644 cui

1976 701 2281 764 suggestum
2313 690 2486 757 fuerit,
2516 687 2803 743 secundum
2831 699 3023 754 corpus
3051 683 3275 739 fortasse
3296 679 3541 737 efflcere‘

1978 783 2213 842 remedia
2256 780 2490 846 diaboli,
2544 778 2682 834 unde
2722 777 2858 831 alius
2908 783 3123 831 sanatus
3164 787 3286 829 esse
3330 770 3545 834 dicitur,

1981 878 2103 949 quia
2132 883 2347 943 accepto
2366 872 2433 928 ab
2458 871 2547 926 illo
2583 868 2843 925 sacriﬁcio
2883 881 3015 931 suo,
3054 864 3252 920 deserit
3302 860 3550 933 persequi

1982 981 2197 1036 corpus,
2227 965 2349 1036 quia
2376 977 2470 1019 cor
2494 960 2756 1017 obtinuit:
2790 972 2916 1028 ergo
2953 956 3266 1025 cuicumque
3306 959 3551 1023 suggesta

1985 1057 2181 1116 fuerint
2207 1055 2305 1110 ista
2326 1051 2558 1109 remedia
2595 1050 2851 1106 scelerata
2873 1090 2888 1115 ,
2913 1055 2966 1103 et
2985 1046 3209 1113 dixerit,
3233 1045 3426 1100 Moriar
3455 1058 3556 1112 po-

1987 1151 2109 1216 tius,
2140 1163 2297 1219 quam
2329 1146 2519 1202 talibus
2543 1143 2794 1199 remediis
2820 1150 2966 1206 utar;
3002 1139 3051 1194 si
3087 1138 3198 1193 vult
3241 1137 3412 1200 Deus,
3457 1133 3558 1188 Ila-

1986 1242 2146 1313 gellat
2170 1250 2224 1295 ct
2245 1241 2434 1296 liberat
2458 1252 2577 1304 me;
2607 1237 2653 1291 si
2697 1235 2842 1289 novit
2878 1234 3001 1304 quia
3040 1230 3400 1287 necessarium
3444 1234 3557 1289 est,

1989 1334 2178 1389 liberet
2197 1346 2321 1396 me;
2349 1329 2394 1384 si
2418 1335 2595 1382 autem
2620 1324 2900 1393 scit'quia
2943 1322 3112 1377 debeo
3153 1319 3300 1375 exire
3340 1317 3410 1372 de
3462 1315 3561 1370 hac

1988 1428 2095 1479 vita
2116 1465 2131 1488 ,
2157 1423 2274 1479 sive
2296 1420 2580 1477 contristor
2597 1460 2612 1485 ,
2633 1418 2747 1473 sive
2773 1418 2924 1472 beter
2943 1456 2958 1480 ,
2999 1427 3193 1483 sequar
3234 1410 3560 1465 voluntatem

1994 1514 2224 1572 Domini.
2246 1515 2382 1569 Ecce
2404 1511 2545 1566 enim
2583 1517 2703 1579 post
2739 1520 2959 1577 parvum
3003 1513 3211 1572 tempus
3258 1515 3360 1571 qua
3394 1498 3565 1552 fronte

1995 1606 2230 1663 exiturus
2252 1618 2370 1660 sum
2390 1601 2457 1656 ad
2486 1597 2799 1656 Dominum?
2849 1595 2966 1651 Non
2992 1593 3132 1647 enim
3159 1592 3260 1646 hoc
3284 1589 3410 1644 mihi
3438 1602 3566 1657 prae

1998 1703 2144 1751 stant
2167 1692 2400 1750 remedia
2427 1686 2797 1756 diaboli,quod
2819 1691 3035 1754 praestat
3062 1683 3224 1748 Deus,
3240 1680 3399 1734 vitam
3414 1685 3567 1732 teter-

2000 1802 2143 1841 nam.
2170 1786 2346 1852 Quare
2365 1796 2492 1852 ergo
2526 1778 2723 1835 damno
2754 1777 2949 1831 animae
2990 1771 3157 1828 meze'
3209 1783 3330 1826 emo
3372 1779 3570 1838 paucos

2001 1880 2115 1937 dies
2138 1876 2348 1948 corpori
2376 1872 2535 1929 meo?
2557 1872 2660 1941 Qui
2681 1869 2795 1924 haec
2836 1867 2998 1933 dicit,
3020 1872 3075 1919 et
3093 1878 3199 1918 non
3228 1862 3299 1928 it,
3331 1874 3431 1914 nec
3468 1870 3568 1927 ap-

2003 1972 2164 2043 plicat
2186 1984 2279 2025 cor
2297 1981 2450 2022 suum
2478 1976 2536 2019 ut
2557 1963 2711 2018 faciat
2733 1960 2869 2016 mala
2915 1955 3146 2013 remedia
3167 1994 3183 2020 ,
3221 1953 3405 2023 utique
3453 1950 3575 2006 vin-

2006 2038 2096 2116 cit.
2123 2058 2295 2115 Unam
2325 2070 2438 2111 rem
2463 2053 2571 2109 dixi
2600 2050 2829 2120 exempli
2852 2048 3053 2120 gratia;
3077 2045 3264 2101 videtis
3284 2050 3430 2097 certe
3462 2038 3577 2109 jam

2009 2160 2201 2224 quanta
2232 2147 2472 2205 diabolus
2495 2144 2745 2216 suggerit.
2780 2141 2937 2197 Vides
2964 2140 3109 2194 illum
3136 2146 3281 2192 certe
3301 2134 3575 2203 languere,

2011 2246 2158 2301 vides
2179 2242 2516 2298 anhelantem
2542 2238 2595 2292 in
2623 2237 2780 2301 lecto,
2807 2233 2953 2288 vides
2978 2231 3063 2285 vix
3092 2234 3393 2284 moventem
3414 2237 3582 2278 mem-

2013 2337 2140 2402 bra,
2179 2335 2264 2390 vix
2296 2339 2595 2389 moventem
2638 2328 2906 2398 linguam,
2950 2324 3122 2379 lassus
3171 2320 3273 2375 iste
3316 2315 3583 2374 diabolum

2015 2426 2198 2482 vincit.
2253 2423 2401 2479 Multi
2462 2418 2698 2476 coronati
2759 2423 2884 2471 sunt
2947 2414 3002 2468 in
3054 2408 3443 2480 amphitheatro
3490 2419 3587 2473 pu-

2017 2524 2240 2587 gnantes
2287 2512 2354 2566 ad
2401 2510 2597 2566 bestias
2643 2525 2657 2560 :
2703 2505 2853 2561 multi
2900 2504 2953 2558 in
2990 2502 3130 2557 lecto
3161 2498 3436 2552 vincentes
3471 2491 3587 2546 dia—

2017 2610 2199 2666 bolum
2243 2612 2562 2661 coronantur
2592 2599 2872 2655 :videntnr
2906 2610 3011 2651 non
3038 2608 3096 2649 se
3141 2604 3356 2646 movere
3404 2598 3589 2656 posse,

2022 2711 2076 2759 et
2120 2702 2261 2757 intus
2299 2699 2351 2753 in
2405 2694 2566 2752 corde
2590 2700 2765 2748 tantas
2805 2689 2943 2744 vires
2968 2685 3203 2748 habent,
3245 2688 3442 2736 tantam
3491 2692 3594 2746 pu-

2024 2809 2183 2867 gnam
2210 2796 2482 2848 exercent.
2529 2785 2636 2843 Sed
2666 2784 2753 2840 ubi
2800 2789 2885 2839 est
2923 2778 3128 2835 occulta
3166 2788 3360 2847 pugna,
3390 2770 3460 2826 ibi
3497 2782 3596 2824 oc-

2027 2887 2168 2942 culta
2193 2882 2433 2939 victoria.

2098 2974 2325 3032 CAPUT
2360 2969 2603 3028 XXXIV.
2624 2999 2695 3010 —
2730 2968 2818 3022 57.
2860 2963 3109 3034 Martyres
3144 2957 3393 3014 imitandi.
3426 2956 3603 3024 Quare

2034 3070 2131 3124 ista
2155 3067 2424 3130 diximus,
2453 3061 2679 3119 fratres?
2705 3059 2776 3116 Ut
2808 3055 3020 3129 quando
3048 3053 3327 3109 celebratis
3367 3048 3599 3104 natalitia

2034 3166 2346 3229 martyrum,
2365 3151 2644 3210 imitemini
2662 3158 2959 3220 martyres;
2985 3159 3080 3199 nec
3100 3142 3293 3213 putetis
3314 3140 3432 3194 ideo
3454 3137 3604 3191 vobis

2036 3250 2226 3306 deesse
2254 3262 2413 3319 posse
2456 3244 2768 3302 occasiones
2802 3251 3013 3296 coronze
3032 3278 3047 3304 ,
3077 3236 3198 3306 quia
3229 3231 3386 3287 modo
3415 3230 3609 3284 desunt

2039 3343 2171 3398 tales
2195 3340 2612 3412 persecutiones.
2651 3334 2763 3391 Nec
2788 3332 2947 3388 modo
2969 3330 3111 3385 enim
3154 3327 3345 3382 desunt
3374 3319 3610 3394 quotidie

2041 3411 2436 3506 persecutiones
2464 3444 2494 3483 a
2519 3425 2732 3484 diabolo
2750 3464 2766 3491 ,
2792 3423 2905 3479 sive
2929 3436 3026 3492 per
3049 3416 3438 3489 suggestionem
3456 3453 3471 3478 ,
3499 3411 3612 3465 sive

2043 3504 2138 3599 per
2161 3523 2433 3581 molestias
2458 3520 2662 3591 aliquas
2684 3516 2945 3585 corporis.
2970 3512 3047 3566 Tu
3072 3519 3274 3565 tantum
3301 3506 3435 3562 scito
3455 3513 3508 3559 te
3528 3504 3607 3558 ha~

2045 3626 2173 3681 bere
2200 3609 2600 3692 Imperatorem,
2631 3616 2719 3686 qui
2740 3616 2850 3686 jam
2882 3612 3153 3683 praecessit
3182 3610 3232 3663 in
3262 3607 3454 3665 cmlum
3479 3622 3495 3660 :
3524 3602 3619 3659 de-

2047 3716 2123 3771 dit
2149 3714 2241 3769 tibi
2268 3713 2407 3768 viam
2433 3725 2537 3780 qua
2557 3705 2818 3777 sequaris,
2844 3712 2965 3758 tene
2995 3710 3045 3756 te
3072 3700 3139 3756 ad
3162 3701 3330 3755 illum.
3354 3697 3471 3752 Noli
3495 3710 3617 3750 cum

2048 3804 2261 3870 viceris,
2291 3816 2389 3873 per
2415 3798 2715 3870 superbiam
2746 3795 2837 3850 tibi
2865 3794 3118 3856 tribuere,
3148 3792 3297 3862 quasi
3325 3788 3392 3844 de
3418 3785 3623 3841 viribus

2053 3898 2157 3952 tuis
2176 3895 2403 3950 luctatus
2431 3890 2594 3946 fueris
2625 3906 2638 3942 :
2673 3887 2767 3943 sed
2797 3897 3058 3955 praesume
3080 3882 3150 3937 de
3170 3895 3235 3935 eo
3260 3879 3348 3950 qui
3375 3876 3520 3932 dedit
3542 3874 3627 3929 vi-

2055 4003 2143 4042 res
2160 4029 2175 4052 ,
2199 3994 2256 4040 ut
2279 3985 2517 4039 vinceres
2536 4022 2553 4049 ,
2583 3980 2705 4051 quia
2729 3979 2843 4049 ipse
2867 3975 2990 4031 vicit
3009 3972 3261 4029 saeculum
3292 3969 3471 4044 (Joan.
3498 3982 3584 4022 ιιι
3607 4007 3625 4033 ,

2056 4081 2150 4149 35)
2183 4095 2196 4130 :
2227 4085 2282 4133 et
2311 4089 2525 4143 semper
2549 4070 2821 4128 coronaris
2851 4067 2893 4132 ⁸,
2924 4076 2977 4122 et
3007 4073 3205 4135 martyr
3230 4061 3358 4118 hinc
3381 4059 3549 4125 exies,
3582 4057 3630 4113 si

2060 4186 2245 4226 omnes
2269 4169 2586 4224 tentationes
2606 4163 2797 4219 diaboli
2819 4157 3151 4230 superaveris
3167 4156 3209 4208 ⁸.

2596 4314 2827 4375 SERMO
2862 4313 2907 4369 v
2949 4318 2964 4337 ο
3006 4311 3106 4384 (a).

2387 4436 2464 4491 De
2482 4432 2751 4490 luctatione
2768 4427 2928 4483 Jacob
2951 4442 3064 4480 cum
3078 4422 3256 4494 angelo
3282 4420 3322 4473 ‘.

2458 4548 2674 4603 Habitus
2704 4543 2855 4617 paulo
2884 4548 2998 4595 ante
3030 4537 3251 4591 Pascha.

2147 4671 2195 4724 l.
2231 4666 2360 4721 Boni
2401 4660 2663 4725 imitandi,
2711 4656 2833 4710 mali
2876 4638 3188 4707 vero'donec
3234 4645 3410 4701 ultimo
3451 4641 3649 4716 judicio

2076 4761 2307 4817 discretio
2353 4759 2462 4828 ﬁat,
2495 4749 2760 4809 tolerandi.
2809 4747 2936 4803 llmc
2988 4743 3219 4797 maxime
3264 4737 3442 4809 regula
3485 4733 3649 4789 disci~

2080 4857 2237 4926 plinm
2266 4849 2562 4907 necessaria
2606 4852 2688 4899 est
2729 4841 2842 4896 viro
2871 4836 3161 4894 christiano
3184 4874 3199 4899 ,
3229 4840 3285 4886 ut
3309 4827 3527 4884 verbum
3557 4824 3652 4879 Dei

2146 5016 2161 5047 ¹
2191 5018 2253 5063 tta
2276 5009 2371 5059 duo
2389 5014 2497 5056 κερ».
2518 4999 2638 5051 Editi
2662 5010 2798 5063 vero,
2820 4992 2977 5063 efﬁcit.

2117 5045 2167 5150 ,ί
2190 5045 2636 5150 “ίιἐξ“ὦιῖιιὶ’
2663 5045 2813 5110 verbo
2830 5045 2975 5117 ,"scit.
3012 5060 3110 5103 Non
3131 5048 3258 5100 male
3273 5081 3289 5110 ,
3310 5049 3351 5098 si
3387 5045 3628 5095 haberent
3647 5075 3662 5101 ,

2151 5167 2529 5253 δῗτᾙὶῖίῗάωηιο
2773 5189 2944 5230 metu.

2151 5262 2172 5292 ⁸
2464 5241 2784 5311 corouaberis.

2153 5325 2172 5354 ³
2197 5288 2805 5369 ιιίδῖίίᾚιῖιιῖιῖξίῖιιέἶιιῶιι
2822 5316 2834 5329 ο
2854 5298 3091 5358 Conversi,
3127 5304 3242 5356 etc.,
3261 5293 3348 5345 sed
3385 5292 3490 5342 btec
3527 5288 3674 5337 abest

2093 5401 2118 5435 a
2276 5438 2420 5491 editis
2438 5434 2601 5491 deest,
2625 5442 2734 5480 cum
2755 5425 2939 5492 angelo.
2964 5423 3054 5473 Sed
3079 5424 3130 5492 ia
3150 5428 3256 5469 Mss.
3281 5412 3532 5492 nonnullis
3547 5417 3599 5492 et
3631 5410 3680 5457 in

2099 5471 3079 5557 lia-betur}
3119 5484 3375 5557 ipsumque
3412 5471 3679 5557 capitulum

2341 5540 2768 5625 quojacdbilucta
2788 5540 2896 5625 cum
2918 5546 3094 5625 angelo
3117 5540 3336 5625 regeruir
3354 5575 3369 5598 ,
3389 5540 3676 5609 pra-textum

2107 5604 2657 5679 Eké'tfiiie‘éénlsbiiein
2682 5622 2816 5678 patet
2837 5626 2900 5661 ex
2924 5604 3145 5661 sectione
3165 5604 3215 5654 6.

2166 5713 2185 5730 '
2204 5704 2488 5761 Emendatus
2510 5700 2565 5752 ad
2583 5698 2641 5751 cl.
2670 5712 2709 5746 r.
2736 5711 2784 5747 v.
2807 5695 2942 5744 Sirm.

2171 5794 2242 5856 (tt)
2267 5790 2408 5851 Alias,
2438 5789 2450 5835 I
2485 5801 2545 5835 ex
2571 5786 2613 5833 si
2641 5778 2927 5832 meridianis.
