4076 6198
439 370 511 428 ss
1568 337 1581 343 ’
1899 361 2125 420 summ
2162 357 2231 420 v.
2628 335 2671 351 “’
3657 366 3723 422 5t

429 491 653 552 audiat.
683 504 807 547 cum
832 488 917 545 est
944 486 996 543 in
1028 484 1129 542 hoc
1156 482 1352 542 sarculo
1374 525 1388 550 ,
1423 491 1480 539 ιιι
1507 481 1747 538 attendat
1784 495 1906 537 eum
1936 478 2027 551 qui

438 585 585 640 venit
610 580 871 638 szeculum
911 578 1120 635 salvare
1148 576 1318 647 primo
1360 590 1455 646 per
1482 570 1904 629 misericordiam
1926 612 1940 637 ,
1975 579 2031 626 et

439 686 628 749 postea
655 675 922 731 discutere
940 687 1038 742 per
1055 668 1312 742 judicium
1336 668 1376 721 ¹.
1400 668 1467 723 Ει
1510 666 1631 722 ideo
1664 664 1921 720 Dominus
1943 678 2031 718 no-

443 778 563 825 ster
589 768 742 824 Jesus
770 765 1017 821 Christus
1061 760 1376 818 imitandum
1402 774 1460 815 se
1490 758 1643 813 nobis
1669 756 1928 828 praebuit;
1975 762 2030 808 ut

444 859 692 928 quoniam
722 854 997 911 christiani
1027 868 1210 909 sumus
1233 896 1247 919 ,
1276 862 1364 906 aut
1395 851 1568 922 ipsum
1599 849 1871 905 imitemur
1890 891 1903 912 ,
1937 854 2029 902 aut

368 1012 377 1019 _
442 949 576 1004 alios
596 947 686 1018 qui
712 961 836 1002 eum
863 944 1051 1000 imitati
1079 952 1223 999 sunt.
1247 942 1378 999 Sunt
1406 941 1548 997 enim
1597 939 1810 1010 quidam
1842 954 2025 994 eorum

441 1041 532 1111 qui
559 1039 836 1095 christiani
865 1046 1122 1092 vocantur
1152 1045 1206 1091 et
1232 1051 1335 1088 non
1376 1043 1532 1097 sunt,
1562 1047 1694 1102 quos
1727 1031 1914 1100 partim
1942 1031 2022 1083 di-

438 1132 609 1201 gessit
634 1129 891 1195 Ecclesia,
917 1137 1166 1196 tanquam
1193 1135 1459 1188 stercora;
1486 1132 1542 1177 ut
1566 1131 1689 1178 sunt
1712 1136 1898 1175 omnes
1922 1121 2029 1177 Ira:-

441 1237 592 1278 reses
610 1263 626 1286 ,
665 1230 719 1276 et
747 1219 924 1274 omnia
953 1218 1239 1273 schismata
1261 1257 1277 1281 ,
1317 1232 1435 1286 qua:
1463 1215 1620 1271 etiam
1651 1219 2029 1281 comparantur

439 1313 731 1369 sarmentis
760 1310 1103 1366 infructuosis
1129 1309 1196 1363 de
1217 1308 1322 1363 vite
1352 1307 1677 1378 prmcisis,et
1709 1303 1871 1375 paleis
1897 1315 2029 1373 quas

440 1413 573 1458 ante
599 1400 1001 1457 ventilationem
1027 1398 1094 1452 de
1120 1413 1244 1452 area
1275 1406 1463 1451 ventus
1492 1397 1629 1466 rapit
1659 1412 1672 1451 :
1705 1404 1827 1450 sunt
1850 1402 2025 1447 autem

441 1494 572 1557 alii,
603 1492 689 1564 qui
716 1492 853 1545 intus
878 1489 1002 1543 ntali
1027 1496 1182 1555 sunt,
1212 1497 1266 1542 et
1292 1488 1403 1557 ipsa
1434 1486 1808 1541 communione
1839 1482 2026 1538 catho-

438 1568 545 1637 lica
573 1581 943 1644 continentur;
973 1593 1105 1649 quos
1131 1592 1349 1633 necesse
1375 1586 1459 1632 est
1483 1576 1677 1631 toleret
1704 1573 2028 1629 christianos

439 1674 623 1729 bonus
650 1689 817 1743 usque
856 1673 907 1726 in
938 1673 1095 1726 tinem
1121 1713 1135 1735 ,
1168 1670 1289 1740 quia
1321 1669 1593 1725 ventilatio
1634 1668 1825 1723 messis
1870 1665 2027 1735 hujus

441 1782 590 1821 area:
627 1781 731 1820 non
758 1764 855 1819 erit
894 1763 994 1818 nisi
1021 1762 1132 1817 dies
1153 1760 1359 1831 judicii.
1392 1760 1516 1814 llaec
1540 1773 1754 1828 semper
1782 1757 2021 1811 cantavi-

440 1875 562 1913 tnus
589 1858 737 1912 vobis
755 1899 769 1921 ,
801 1866 856 1911 et
881 1856 933 1910 in
959 1855 1173 1910 nomine
1198 1853 1394 1907 Christi
1419 1850 1741 1906 arbitramur
1764 1850 1885 1920 quia
1914 1848 2024 1902 ha:-

437 1960 560 2006 rent
586 1949 894 2021 pectoribus
920 1948 1129 2002 vestris.
1174 1944 1293 2001 Istae
1334 1944 1589 1999 lectiones
1617 1958 1735 2014 quae
1764 1940 1915 1996 vobis
1945 1940 2024 1994 le-

434 2052 669 2114 guntur,
706 2038 961 2110 numquid
1003 2036 1162 2093 modo
1207 2036 1434 2107 primum
1478 2033 1628 2089 vobis
1657 2034 1939 2104 leguntur,
1972 2038 2026 2085 et

433 2150 544 2189 non
578 2131 782 2188 easdem
809 2128 1044 2201 quotidie
1065 2127 1413 2198 repetuntur?
1440 2124 1590 2181 Sicut
1627 2134 1803 2179 autem
1836 2123 2023 2179 lectio-

435 2239 535 2281 nes
580 2223 677 2279 Dei
705 2222 942 2294 quotidie
984 2235 1117 2291 opus
1158 2227 1241 2276 est
1270 2228 1325 2273 ut
1353 2225 1697 2288 repetantur,
1733 2231 1798 2270 ne
1842 2214 2022 2269 smeuli

435 2317 578 2371 mala
607 2324 662 2372 et
686 2315 854 2385 spina:
883 2321 1172 2367 nascantur
1200 2311 1252 2365 in
1282 2310 1531 2385 cordibus
1556 2307 1745 2361 vestris
1765 2347 1781 2373 ,
1814 2317 1867 2361 et
1890 2304 2023 2360 effo-

433 2416 565 2463 ccnt
580 2422 764 2463 semen
781 2404 925 2476 quod
952 2403 1020 2458 ibi
1037 2403 1354 2458 seminatum
1382 2411 1463 2455 est
1484 2418 1497 2453 :
1520 2399 1597 2454 sic
1617 2404 1828 2467 oportet
1844 2404 1898 2451 et
1913 2411 2024 2449 ser-

436 2515 658 2555 monem
683 2492 776 2553 Dei
804 2496 958 2552 vobis
983 2510 1193 2563 semper
1221 2492 1423 2564 repeti,
1453 2506 1519 2544 ne
1544 2489 1692 2544 obliti
1718 2487 1904 2543 dicatis
1931 2501 2023 2541 vos

440 2606 554 2646 non
584 2588 790 2644 audisse
810 2629 828 2656 ,
860 2584 1002 2657 quod
1031 2583 1257 2639 dicimus
1287 2596 1385 2636 nos
1413 2580 1633 2635 dixisse.

511 2702 569 2754 2.
617 2698 798 2754 Debita
834 2696 1135 2753 remittenda
1186 2696 1426 2750 inimicis.
1476 2692 1723 2748 Inimicus
1773 2693 1847 2747 sic
1900 2691 2022 2746 dili-

432 2793 673 2864 gendus,
719 2802 774 2847 ut
820 2801 987 2846 tamen
1029 2789 1353 2861 corripiatur.
1411 2786 1686 2843 Accedunt
1728 2783 1918 2852 multi,
1971 2792 2027 2841 et

434 2885 603 2941 modo
630 2894 838 2954 tempus
864 2891 951 2939 est
971 2881 1104 2937 utin
1133 2880 1349 2936 nomine
1381 2879 1475 2934 Dei
1505 2877 1757 2935 festinent
1783 2876 2026 2947 accipere

429 2976 663 3047 gratiam
705 2973 957 3043 Baptismi
978 3014 995 3040 ,
1024 2971 1302 3052 credentes
1324 2969 1522 3025 dimitti
1552 2968 1652 3025 sibi
1677 2968 1859 3025 omnia
1896 2981 2023 3038 pec.

428 3078 557 3123 cata
583 3083 703 3138 qua:
725 3074 881 3121 antea
905 3064 1309 3131 commiserunt,
1334 3076 1553 3134 prorsus
1570 3061 1780 3127 omnia;
1803 3068 1861 3118 et
1879 3064 2027 3120 exire

434 3158 565 3212 inde
599 3156 730 3212 nihil
770 3156 1029 3212 debentes
1057 3155 1281 3209 Domino
1312 3173 1326 3209 :
1359 3151 1810 3224 quemadmodum
1836 3167 2025 3210 servus

432 3252 553 3317 ille,
583 3250 675 3321 qui
703 3249 965 3304 rationem
989 3246 1245 3304 reddebat
1268 3246 1488 3302 domino
1514 3260 1633 3315 suo,
1655 3254 1712 3303 et
1735 3246 1936 3303 invenit
1961 3246 2025 3302 il-

434 3344 549 3399 lum
578 3341 777 3399 debere
800 3340 986 3397 decem
1014 3339 1181 3395 millia
1211 3338 1531 3396 talentorum
1555 3356 1572 3407 ;
1602 3339 1683 3395 sic
1709 3346 1885 3395 tamen
1932 3353 2023 3395 re-

430 3436 602 3493 cessit
627 3434 758 3491 nihil
783 3433 985 3490 debens
1003 3473 1020 3500 ,
1053 3446 1158 3487 non
1184 3430 1307 3502 quia
1330 3430 1464 3488 nihil
1489 3432 1603 3503 ipse
1626 3430 1894 3497 debebat,
1927 3429 2021 3486 sed

430 3528 561 3598 quia
585 3527 675 3582 ille
698 3526 1003 3581 misericors
1026 3532 1163 3591 erat,
1182 3522 1385 3580 dimisit
1407 3523 1586 3580 omnia
1605 3563 1622 3591 ,
1652 3531 1707 3579 et
1727 3521 2021 3578 debitorem

429 3617 693 3683 absolvit.
718 3616 788 3671 Et
817 3624 1013 3681 tamen,
1045 3612 1259 3681 fratres,
1290 3613 1560 3685 quomodo
1588 3627 1687 3669 nos
1713 3612 1898 3668 terruit
1928 3626 2021 3667 ve-

432 3708 717 3765 hementer
740 3706 879 3762 idem
898 3707 1013 3776 ipse
1032 3706 1254 3763 servus?
1273 3705 1406 3774 Quia
1430 3705 1598 3760 noluit
1611 3704 1880 3759 dimittere
1895 3719 2022 3759 con-

431 3814 594 3855 servo
607 3812 730 3864 suo,
745 3797 831 3853 vel
852 3795 1070 3853 diﬁcrre
1088 3796 1409 3853 solutionem
1428 3804 1641 3851 centum
1657 3793 2019 3860 denariorum,

432 3890 713 3963 replicavit
736 3889 813 3947 illi
836 3888 1085 3947 dominus
1109 3889 1296 3944 decem
1321 3887 1485 3941 millia
1516 3886 1838 3941 talentorum
1857 3925 1873 3949 ,
1903 3898 2022 3954 qua:

432 3984 514 4039 illi
544 3983 820 4041 dimiserat
852 3981 1062 4054 (Matth.
1094 3996 1220 4037 ινιιι
1238 4023 1256 4049 ,
1536 3978 1601 4034 lli
1627 3992 1756 4049 ergo
1783 3977 1875 4048 qui
1904 3977 2021 4032 exi-

431 4075 540 4130 turi
563 4083 691 4130 sunt
713 4075 781 4131 de
808 4075 1079 4145 Baptismo
1108 4073 1239 4128 nihil
1261 4072 1518 4129 debentes
1536 4111 1551 4137 ,
1579 4080 1636 4127 et
1653 4069 1877 4126 absoluti
1899 4084 2019 4126 om-

430 4167 598 4223 nibus
626 4167 878 4238 peccatis,
898 4175 1122 4223 caveant
1141 4180 1208 4222 ne
1234 4166 1279 4221 si
1303 4165 1425 4236 quis
1449 4164 1502 4219 in
1531 4163 1655 4220 illos
1677 4162 2017 4233 peccaverit,

429 4269 490 4317 et
517 4259 786 4315 noluerint
824 4260 922 4331 ipsi
953 4259 1249 4322 dimittere,
1285 4271 1390 4312 non
1419 4256 1591 4312 solum
1621 4255 1876 4326 deinceps
1912 4269 2019 4311 non

434 4354 543 4409 illis
565 4351 882 4417 dimittatur,
904 4350 998 4406 sed
1026 4350 1187 4405 etiam
1206 4348 1384 4405 omnia
1405 4363 1526 4419 qua:
1549 4347 1768 4403 dimissa
1790 4347 2017 4409 fuerant.

431 4446 778 4518 replicantur.
809 4442 979 4500 Nemo
1020 4458 1151 4515 ergo
1190 4442 1334 4499 dicat
1363 4459 1378 4496 :
1408 4440 1540 4510 Quis
1566 4440 1706 4497 istud
1733 4440 1860 4496 facit
1883 4482 1897 4503 ,
1929 4450 2021 4494 aut

429 4539 557 4610 quis
590 4536 731 4593 istud
761 4536 925 4593 fecit?
954 4536 1188 4592 Dicendo
1216 4534 1316 4590 sibi
1343 4533 1483 4590 istud
1511 4534 1755 4589 homines
1783 4532 2020 4587 moriun-

430 4641 543 4687 tur.
574 4630 744 4701 Dilige
787 4629 1060 4684 inimicum
1093 4637 1241 4683 tuum
1263 4669 1277 4691 ,
1309 4626 1440 4683 dicit
1484 4625 1740 4682 Dominus
1772 4643 1787 4680 :
1821 4633 1878 4681 et
1923 4632 1975 4679 tu
2001 4666 2016 4691 ,

428 4722 571 4791 Quis
594 4721 731 4778 istud
762 4721 921 4776 facit?
939 4721 1072 4789 Quia
1100 4721 1214 4790 ipse
1239 4735 1344 4775 non
1378 4718 1519 4784 fecit,
1543 4726 1692 4789 putat
1715 4719 1837 4789 quia
1862 4731 2021 4773 nemo

429 4813 605 4885 potuit
633 4811 830 4870 facere.
855 4812 965 4869 Res
985 4812 1040 4867 in
1063 4810 1226 4867 corde
1251 4819 1335 4866 est
1365 4827 1380 4863 :
1411 4809 1554 4865 unde
1581 4809 1731 4865 vides
1750 4810 1869 4880 quis
1890 4808 2019 4863 illud

429 4902 601 4959 facit?
628 4902 790 4958 Putas
819 4902 960 4958 enim
989 4901 1111 4973 quia
1158 4915 1265 4955 non
1303 4898 1506 4955 dimisit
1534 4899 1624 4954 ille
1664 4899 1753 4968 qui
1782 4899 2020 4954 clamat?

429 4992 595 5050 Forte
620 4994 765 5050 enim
808 4992 1096 5063 aliquando
1132 4991 1327 5046 clamat
1362 4989 1588 5060 aliquis,
1619 4997 1674 5045 et
1696 4988 1848 5058 jubet
1885 4988 2018 5043 ca‘di

429 5086 730 5152 hominem,
746 5094 799 5141 et
815 5092 973 5156 putas
986 5083 1108 5154 quia
1124 5098 1232 5139 non
1247 5082 1467 5138 dimisit.
1487 5082 1695 5150 Quare?
1710 5080 1789 5137 Tu
1806 5080 2020 5152 quando

424 5175 596 5233 caedis
636 5175 805 5231 tilium
832 5184 980 5230 tuum
1000 5216 1016 5242 ,
1050 5183 1199 5230 tenes
1225 5173 1404 5228 odium
1435 5172 1488 5226 in
1527 5172 1691 5228 corde
1721 5171 1850 5227 tuo?
1877 5171 2020 5242 Ergo

426 5284 524 5326 res
566 5268 622 5323 in
642 5267 807 5324 corde
834 5276 917 5323 est
947 5284 961 5321 :
995 5267 1142 5322 solus
1184 5266 1323 5321 Deus
1359 5265 1506 5320 videt
1528 5265 1572 5319 si
1602 5264 1882 5320 dimissum
1910 5273 2014 5319 est.

424 5358 734 5431 Aliquando
762 5365 905 5415 enim
946 5373 1051 5413 non
1097 5356 1256 5414 caedit
1282 5357 1511 5428 aliquis,
1542 5355 1754 5411 videtur
1799 5369 2017 5425 parcere

426 5467 614 5515 manu,
645 5459 699 5506 et
725 5454 874 5505 saevit
902 5450 956 5504 in
985 5450 1166 5511 corde,
1194 5458 1250 5504 et
1278 5458 1425 5519 optat
1450 5449 1591 5504 male
1616 5447 1818 5502 homini
1853 5449 2013 5508 intus.

424 5553 487 5601 cl.
514 5544 621 5599 vult
647 5560 768 5599 eum
801 5543 979 5598 necari
1008 5560 1023 5598 :
1054 5551 1199 5598 tenet
1226 5549 1408 5597 contra
1438 5540 1584 5596 illum
1610 5539 1803 5594 malam
1828 5540 2021 5615 volun;

429 5651 620 5706 tatem,
638 5640 882 5711 quamvis
900 5638 1028 5693 nihil
1054 5636 1127 5691 illi
1145 5637 1493 5705 corporaliter
1512 5634 1735 5691 reddere
1756 5633 2016 5689 videatur.

499 5816 518 5852 ί
540 5824 670 5878 stas,
693 5820 739 5868 et
777 5822 938 5880 pagtea
971 5796 1253 5865 discretione
1294 5825 1378 5877 per
1416 5808 1676 5873 judicium.

2138 475 2183 531 Ε
2236 482 2418 530 contra
2459 484 2581 530 sunt
2605 518 2620 540 ,
2652 475 2741 547 qui
2771 475 3120 546 corporaliter
3143 476 3390 532 vid'eutur
3415 477 3564 548 quasi
3595 479 3720 533 red-

2136 566 2292 633 dere;
2317 566 2410 622 sed
2431 567 2726 638 corporalis
2746 568 2832 622 illa
2857 572 3124 639 correptio
3146 567 3293 640 quasi
3319 567 3535 624 dilectio
3564 577 3647 624 est
3665 570 3681 601 '
3701 587 3721 625 ε

2137 659 2202 715 ad
2232 659 2423 715 bonam
2448 660 2610 714 vitam
2639 660 2748 714 vult
2770 659 2921 714 illum
2954 661 3266 729 pervenire:
3297 669 3352 715 et
3376 670 3522 715 tanto
3552 661 3721 731 magis

2135 753 2247 809 vult
2270 769 2389 810 eum
2407 753 2622 823 corripi,
2646 762 2843 824 quanto
2864 753 3015 808 illum
3042 760 3204 808 amat.
3225 752 3314 809 Sic
3329 762 3388 809 et
3408 753 3547 809 Deus
3566 769 3718 807 num-

2135 846 2264 917 quid
2291 861 2393 899 non
2425 859 2523 900 nos
2551 843 2753 916 diligit?
2783 858 2887 899 non
2911 843 2976 899 ad
3007 843 3110 899 hoc
3137 857 3234 899 nos
3262 843 3523 909 hortatur,
3558 853 3616 898 ut
3634 843 3718 899 di-

2134 937 2361 1008 ligamus
2390 936 2633 990 inimicos
2662 946 2895 999 nosnos,
2930 944 2986 989 ut
3013 935 3281 1006 quomodo
3311 948 3610 1004 possumus,
3641 935 3719 989 si-

2135 1030 2288 1083 miles
2313 1029 2383 1083 illi
2408 1028 2606 1083 simus?
2627 1027 2757 1083 Nam
2787 1028 2864 1084 sic
2892 1027 3027 1082 dixit
3059 1046 3072 1082 :
3109 1027 3281 1083 Estote
3305 1038 3475 1084 autem
3500 1045 3586 1083 vos
3606 1045 3721 1098 pcr—

2134 1120 2273 1189 fecti,
2296 1123 2421 1174 sicut
2448 1115 2605 1176 Pater
2627 1131 2786 1175 vester
2807 1121 2893 1190 qui
2919 1121 2970 1173 in
3000 1121 3138 1175 cwlis
3160 1130 3230 1176 est
3244 1138 3261 1187 ;
3280 1122 3366 1191 qui
3391 1121 3547 1176 solem
3572 1137 3721 1175 suum

2134 1212 2256 1267 oriri
2280 1211 2403 1283 facit
2428 1229 2579 1281 super
2601 1211 2756 1266 bonos
2778 1220 2825 1265 et
2852 1210 3012 1266 malos
3036 1253 3049 1273 ,
3080 1220 3127 1266 et
3156 1213 3283 1284 pluit
3301 1228 3455 1282 super
3471 1213 3643 1282 justas
3671 1221 3717 1265 et

2133 1306 2349 1374 injustas
2366 1302 2576 1375 (Matth.
2608 1319 2661 1369 v,
2684 1303 2771 1369 48,
2792 1303 2907 1374 45).
2925 1303 3130 1371 Quanta
3160 1318 3289 1375 ergo
3316 1302 3532 1359 dilectio
3552 1312 3635 1356 est
3665 1302 3715 1356 in

2133 1395 2382 1460 Domino,
2415 1394 2625 1466 quando
2651 1394 3142 1465 propeccatoribus
3164 1403 3218 1450 et
3245 1394 3422 1464 impiis
3443 1392 3741 1457 Christum,

2133 1486 2545 1557 cruciﬁgeudum
2576 1486 2752 1548 misit,
2788 1492 2842 1540 et
2872 1485 3041 1555 pretio
3070 1484 3341 1555 sanguinis
3364 1483 3479 1555 ejus
3506 1497 3605 1537 nos
3630 1497 3715 1537 re-

2134 1577 2299 1632 demit
2324 1620 2338 1641 .
2382 1579 2470 1648 qui
2505 1579 2552 1632 ei
2585 1578 2781 1632 inimici
2811 1592 3024 1632 eramus
3050 1619 3065 1643 ,
3096 1577 3326 1631 amando
3353 1592 3413 1631 ea
3444 1592 3562 1645 qua:
3592 1572 3718 1629 fecit

2136 1682 2231 1737 pro
2256 1682 2320 1721 eo
2336 1667 2425 1738 qui
2453 1659 2605 1723 fecit?
2623 1666 2756 1723 Cum
2781 1682 2909 1736 ergo
2936 1666 3034 1721 ista
3064 1667 3377 1729 faceremus,
3402 1666 3535 1718 misit
3556 1663 3712 1731 Deus,

2131 1758 2268 1810 sicut
2292 1757 2577 1826 Apostolus
2602 1756 2760 1822 dicit,
2794 1754 2983 1809 Filium
3013 1772 3156 1810 suum
3192 1754 3385 1826 (Galat.
3416 1770 3465 1808 ιν
3487 1795 3499 1817 ,
3532 1754 3589 1821 4)
3614 1771 3628 1818 ;
3661 1762 3715 1811 et

2132 1863 2253 1903 eum
2280 1863 2376 1918 pro
2398 1847 2552 1902 nobis
2578 1847 2774 1917 impiis,
2801 1846 2868 1900 ab
2893 1847 3011 1901 aliis
3034 1847 3209 1916 impiis
3233 1845 3579 1902 occidendum
3609 1855 3713 1900 tra-

2130 1938 2281 1994 didit.
2302 1938 2367 1993 Et
2388 1938 2432 1993 si
2453 1937 2685 1993 nondum
2704 1937 2951 1993 tidelibus
2970 1944 3172 1992 tantum
3196 1950 3390 1991 munus
3405 1935 3584 1990 datum
3610 1950 3714 2005 est,

2130 2028 2258 2099 quid
2279 2043 2406 2099 ergo
2431 2035 2673 2084 servatur
2699 2027 2986 2083 fidelibus?
3017 2027 3158 2082 Ecce
3181 2026 3449 2097 quomodo
3473 2025 3613 2085 Deus
3636 2028 3718 2084 di-

2130 2119 2243 2189 ligit
2271 2118 2531 2174 homines.
2561 2117 2911 2174 Attendamus
2931 2160 2944 2183 ,
2978 2116 3204 2183 fratres;
3236 2119 3494 2190 numquid
3518 2135 3622 2174 non
3652 2120 3717 2174 ιιι-

2132 2208 2211 2263 los
2236 2207 2503 2277 ﬂagellat?
2533 2207 2785 2277 numquid
2809 2222 2912 2260 non
2942 2206 3061 2259 illos
3080 2206 3344 2277 corripit?
3372 2209 3427 2263 Si
3455 2223 3559 2263 non
3587 2210 3711 2265 illus

2130 2299 2381 2368 corripit,
2412 2298 2550 2354 unde
2573 2297 2779 2353 fames?
2809 2296 2949 2351 unde
2974 2295 3357 2366 aegritudines?
3386 2298 3524 2354 unde
3546 2301 3705 2369 pesti-

2132 2389 2308 2444 lentia:
2338 2399 2391 2444 et
2420 2388 2635 2444 morbi?
2674 2388 2875 2443 Omnes
2905 2387 3050 2443 enim
3082 2389 3199 2445 ista:
3225 2388 3594 2460 correptiones
3625 2390 3719 2445 Dei

2129 2488 2270 2534 sunt.
2292 2480 2438 2536 Sicut
2465 2494 2591 2550 ergo
2621 2479 2706 2533 ille
2729 2478 2897 2550 diligit
2924 2523 2940 2549 ,
2972 2493 3026 2536 et
3054 2489 3231 2536 tamen
3261 2480 3482 2551 corripit
3514 2499 3527 2535 :
3559 2480 3634 2534 sic
3660 2490 3715 2535 ot

2131 2580 2185 2625 tn
2205 2612 2219 2634 ,
2250 2571 2293 2625 si
2321 2570 2483 2625 habes
2504 2570 2730 2640 aliquem
2762 2569 2813 2624 in
2838 2579 3103 2642 potestate
3123 2611 3137 2636 ,
3168 2570 3410 2642 quamvis
3434 2584 3617 2626 serves
3637 2571 3714 2625 a9-

2128 2662 2324 2719 fectum
2340 2660 2663 2729 dilectionis,
2681 2663 2789 2718 noli
2814 2671 2993 2718 tamen
3007 2676 3205 2733 negare
3232 2661 3500 2732 ﬂagellum
3539 2675 3713 2717 corre-

2129 2753 2347 2825 ptionis.
2371 2753 2503 2821 Quia
2531 2753 2578 2812 si
2610 2756 2884 2826 negaveris
2902 2796 2917 2821 ,
2948 2769 3054 2811 non
3081 2754 3287 2810 tenebis
3324 2754 3665 2810 dilectionem
3694 2773 3708 2808 :

2128 2843 2251 2915 quia
2277 2842 2369 2902 ille
2384 2846 2609 2902 moritur
2633 2846 2686 2900 in
2704 2846 2954 2916 peccatis,
2978 2845 3066 2915 qui
3088 2842 3228 2900 forte
3250 2854 3528 2915 correptus
3550 2860 3613 2901 ea
3630 2861 3713 2901 re-

2128 2934 2426 3010 linqueret;
2445 2945 2499 2992 et
2518 2937 2685 3008 magis
2705 2936 2796 2992 tibi
2819 2936 3106 3006 imputatur
3118 2949 3306 2990 verum
3330 2934 3532 2990 odium.

2200 3053 2255 3109 5.
2296 3050 2615 3117 Luctandum
2639 3094 2651 3117 ,
2684 3061 2737 3105 ut
2768 3048 2951 3105 Christi
2994 3050 3287 3105 charitalem
3331 3060 3376 3104 et
3418 3051 3720 3120 patientiam

2128 3145 2407 3200 imitatione
2453 3159 2834 3215 prosequamur.
2854 3140 3022 3197 Nemo
3044 3158 3172 3213 ergo
3191 3142 3332 3198 dicat
3364 3160 3377 3194 :
3408 3142 3536 3210 Quis
3571 3140 3713 3196 istud

2129 3235 2341 3307 potest?
2379 3233 2698 3291 Contendite
2739 3232 2844 3289 hoc
2885 3234 3107 3304 implere
3133 3234 3185 3288 in
3231 3233 3482 3291 cordibus
3498 3233 3719 3295 vestris;

2130 3334 2307 3383 tenete
2334 3326 2379 3393 ',
2407 3333 2464 3380 ut
2488 3324 2734 3395 diligatis.
2765 3323 3082 3391 Luctamini,
3117 3334 3172 3381 et
3196 3324 3438 3380 vincetis.
3465 3323 3711 3380 Christus

2128 3417 2271 3472 enim
2301 3415 2372 3471 ibi
2396 3414 2580 3471 vincit.
2603 3413 2799 3471 Contra
2825 3415 2952 3486 quid
2981 3416 3285 3485 luctantini?
3306 3413 3501 3471 Contra
3526 3429 3713 3485 pecca-

2129 3518 2238 3560 tum
2277 3504 2554 3562 luctamini
2579 3546 2593 3571 ,
2621 3513 2806 3560 contra
2844 3504 3006 3560 verba
3036 3503 3312 3560 hominum
3342 3504 3489 3559 male
3524 3503 3712 3559 dicen-

2128 3594 2260 3649 tium
2285 3613 2297 3649 :
2329 3595 2471 3665 Ergo
2497 3609 2606 3650 non
2635 3604 2686 3649 te
2710 3594 3123 3665 vindicas?ergo
3148 3593 3455 3650 remanebis
3475 3591 3713 3648 indefen-

2127 3700 2245 3751 sus,
2270 3694 2326 3740 et
2353 3701 2460 3739 non
2485 3684 2557 3738 illi
2584 3683 2856 3740 ostendis?
2881 3698 2914 3738 ο
2937 3682 2982 3737 si
3013 3699 3222 3738 mecum
3250 3682 3495 3739 haberet!
3520 3680 3715 3738 Lucta-

2128 3765 2279 3842 mini,
2298 3788 2354 3834 et
2378 3777 2593 3834 vincite.
2613 3775 2670 3833 Si
2699 3776 2841 3832 enim
2860 3775 3020 3832 vellet
3043 3775 3285 3833 Christus
3309 3776 3499 3849 jubere
3529 3786 3709 3844 terra).

2126 3867 2339 3939 quando
2366 3884 2397 3923 a
2425 3867 2625 3925 iudicis
2654 3876 2797 3923 tanta
2825 3882 3014 3938 passus
3043 3878 3143 3935 est,
3177 3878 3233 3924 ut
3256 3878 3437 3939 aperta
3466 3869 3711 3926 sorberet

2129 3970 2498 4030 persecutores
2525 3960 2641 4031 ejus
2657 4002 2671 4028 ,
2701 3975 2806 4016 non
2829 3961 3042 4031 posset?
3061 3961 3116 4016 Si
3139 3976 3267 4032 ergo
3293 3962 3381 4031 qui
3410 3960 3595 4016 habuit
3616 3978 3711 4032 po-

2129 4058 2395 4115 testatem,
2422 4051 2499 4105 sic
2526 4065 2621 4105 eos
2646 4051 2882 4120 pertulit,
2912 4066 3187 4120 quousque
3217 4050 3480 4105 levaretur
3509 4052 3559 4105 in
3590 4068 3709 4106 eru-

2126 4157 2283 4206 cem,
2313 4150 2368 4197 et
2408 4139 2648 4212 pendens
2674 4141 2727 4195 in
2766 4155 2926 4196 cruce
2970 4140 3043 4195 ait
3064 4182 3078 4206 ,
3116 4140 3270 4195 Pater
3294 4184 3308 4207 ,
3340 4142 3539 4213 ignosce
3565 4143 3669 4197 illis
3693 4184 3709 4208 ,

2125 4231 2244 4300 quia
2270 4232 2493 4285 nesciunt
2515 4230 2637 4301 quid
2663 4230 2857 4301 faciunt
2889 4228 3033 4302 (Luc.
3067 4247 3196 4286 smn
3218 4273 3233 4298 ,
3264 4232 3360 4304 54)
3385 4248 3400 4298 ;
3434 4242 3486 4287 tu
3508 4275 3522 4300 ,
3555 4248 3708 4289 serve

2127 4319 2401 4391 redempte
2426 4319 2683 4391 sanguine
2706 4318 2950 4375 crucifixi
2978 4320 3185 4375 Domini
3210 4320 3305 4388 tui,
3337 4337 3442 4377 non
3468 4322 3710 4378 imitabe-

2126 4412 2200 4467 ris
2224 4409 2552 4468 Salvatorem
2584 4411 2769 4466 tuum?
2797 4409 2933 4478 Quid
2962 4411 3104 4466 enim
3144 4412 3216 4467 illi
3258 4426 3393 4482 opus
3418 4421 3533 4467 erat
3562 4422 3707 4468 tanta

2129 4503 2266 4573 pati,
2299 4503 2384 4559 cui
2408 4503 2602 4559 licebat
2625 4511 2681 4559 et
2696 4518 2804 4558 non
2832 4503 2977 4573 pati?
3006 4502 3136 4558 Nam
3166 4505 3243 4560 sic
3269 4505 3437 4571 dixit,
3471 4503 3711 4561 Potesta-

2128 4606 2226 4649 tem
2254 4594 2411 4650 habeo
2441 4594 2658 4666 ponendi
2683 4594 2906 4648 animum
2932 4611 3094 4649 meam
3112 4637 3127 4662 ,
3156 4608 3203 4651 et
3232 4606 3523 4668 potestatem
3552 4597 3710 4653 habeo

2126 4684 2357 4740 sumendi
2380 4701 2528 4741 eam:
2550 4701 2695 4739 nemo
2722 4685 2853 4739 tollit
2873 4701 2982 4740 eam
3003 4703 3034 4739 a
3061 4701 3171 4751 me;
3190 4687 3279 4741 sed
3301 4704 3392 4758 ego
3423 4704 3556 4759 pono
3576 4705 3707 4756 cant,

2125 4785 2170 4829 et
2198 4760 2384 4830 iterum
2404 4792 2605 4830 sumam
2631 4792 2742 4830 eam
2770 4773 2948 4849 (Joan.
2976 4793 3031 4845 ι,
3062 4776 3173 4850 i8).
3202 4777 3271 4833 Et
3295 4778 3373 4835 sic
3400 4777 3544 4835 fecit.
3572 4779 3710 4849 Quid

2125 4867 2267 4923 enim
2299 4865 2491 4922 factum
2519 4875 2624 4934 est,
2648 4866 2883 4924 fratres?
2911 4867 3182 4924 Peudebat
3206 4870 3258 4925 in
3280 4886 3457 4937 cruce,
3480 4887 3710 4943 quomo-

2125 4957 2195 5012 do
2217 4956 2291 5030 (a)
2314 4953 2748 5027 Competentibus
2768 4958 2994 5030 legimus
3024 4976 3037 5012 :
3072 4968 3127 5015 at
3153 4960 3238 5015 ubi
3266 4961 3399 5016 vidit
3417 4961 3710 5031 completas

2125 5048 2181 5102 in
2204 5063 2263 5102 se
2286 5061 2477 5103 omnes
2503 5047 2804 5117 Scripturas
2823 5090 2836 5113 ,
2867 5057 2926 5104 ut
2955 5049 3029 5104 illi
3055 5050 3246 5105 darent
3269 5050 3427 5106 etiam
3459 5062 3667 5107 acetum
3694 5094 3709 5120 ,

2128 5139 2417 5212 Perfectum
2442 5148 2515 5194 est
2534 5181 2548 5205 ,
2577 5140 2648 5194 ait
2679 5158 2692 5194 :
2724 5149 2778 5194 et
2804 5141 3075 5196 inclinavit
3096 5152 3287 5211 caput,
3318 5152 3373 5198 et
3399 5144 3574 5200 emisit
3599 5146 3709 5215 spi-

2125 5231 2322 5293 ritum;
2353 5229 2501 5301 quasi
2524 5229 2589 5284 ad
2617 5228 2718 5285 hoc
2745 5239 2929 5296 staret,
2960 5239 3017 5284 ut
3040 5231 3352 5303 impleretur
3373 5233 3414 5289 ³.
3442 5233 3572 5289 Cum
3595 5236 3707 5289 vel-

2125 5322 2198 5375 let
2221 5336 2368 5391 ergo,
2396 5321 2625 5376 animam
2656 5336 2805 5376 suam
2830 5323 3023 5393 posuit.
3055 5323 3122 5378 Et
3150 5323 3271 5380 ideo
3297 5324 3387 5380 ille
3408 5324 3547 5380 Deus
3568 5333 3703 5393 erat,

2127 5414 2196 5470 illi
2238 5413 2483 5469 homines
2506 5456 2521 5482 ,
2550 5414 2638 5486 qui
2665 5414 2813 5487 juxta
2845 5415 2992 5471 illum
3019 5425 3174 5472 erant
3200 5416 3459 5472 cruciﬁxi.
3503 5417 3596 5473 llle
3622 5420 3703 5474 ci-

2191 5557 2318 5621 ‘Mss
2337 5593 2351 5617 ,
2375 5556 2461 5621 sed
2482 5554 2571 5608 illa
2592 5556 2729 5620 quasi
2750 5556 3013 5621 corporalis
3034 5556 3286 5621 correctio,
3304 5555 3499 5611 dilectio
3517 5566 3606 5611 est.

2192 5621 2210 5650 ί
2230 5619 2512 5688 _t‘ietoriuus_
2526 5618 2615 5688 us.
2630 5618 2843 5688 omittit,
2858 5627 3025 5671 tenete.
3063 5625 3203 5670 t-‘ortc
3241 5618 3525 5685 legendum,
3550 5634 3707 5680 tenere

2124 5678 2365 5730 Christum
2384 5693 2402 5740 ;
2423 5687 2478 5731 ιιι
2502 5681 2641 5731 intra.
2664 5692 2720 5740 n.
2739 5679 2786 5727 6.

2192 5742 2210 5773 ‘
2233 5748 2338 5791 Mss.
2363 5739 2562 5798 habent.
2587 5739 2723 5808 quasi
2744 5739 2809 5789 ad
2832 5739 2919 5791 hoc
2951 5740 3290 5796 adltm‘taretttr
3315 5749 3363 5796 ιιι
3385 5742 3689 5808 impleretur.

2193 5811 2264 5873 (a)
2290 5817 2447 5874 forte,
2472 5807 2599 5873 quod
2625 5808 2779 5861 modo.
