4076 6198
410 338 481 394 55
1630 325 1688 380 S.
1730 319 2088 379 AUGUSTINI
2129 319 2432 375 EPISCOPI
3609 318 3679 375 50

415 457 518 507 tius
550 446 795 514 moritur,
815 446 889 502 illi
918 445 1134 504 tardius.
1158 443 1227 498 Et
1255 457 1373 498 cum
1394 441 1599 512 jussum
1626 448 1768 495 esset
1793 447 1850 492 ut
1871 452 1990 492 coro

418 554 549 610 pura
569 538 965 609 deponerentur
989 534 1056 590 de
1080 547 1236 589 cruce
1261 541 1475 603 prepter
1494 529 1792 595 sabbatum,
1818 537 1878 583 ut
1905 542 1989 583 se-

421 630 732 700 pelirentur,
763 630 1078 683 invenerunt
1100 624 1217 681 illos
1241 624 1476 680 latrones
1501 622 1741 678 viventes
1765 661 1782 683 ,
1830 627 1885 675 et
1911 620 1989 675 eis

417 742 571 783 crura
594 724 898 794 fregerunt;
930 718 1209 774 Dominum
1235 725 1412 773 autem
1433 714 1542 785 jam
1563 711 1865 769 defunctum
1888 752 1903 776 ,
1936 717 1992 766 et

417 831 595 873 tamen
620 828 755 871 unus
797 812 1039 883 ipsorum
1075 811 1256 865 lancea
1296 806 1557 878 percussit
1583 805 1722 859 latus
1750 804 1864 874 ejus
1890 844 1905 868 ,
1936 811 1990 857 ct

415 908 663 980 proﬂuxit
682 906 895 977 sanguis
914 913 969 962 et
990 917 1126 974 aqua
1156 892 1330 973 (Ioaiz.
1357 915 1466 967 xxx,
1486 895 1685 966 δαδι).
1716 894 1857 950 Ecce
1877 907 1991 963 pre-

416 1005 546 1058 tium
577 997 743 1056 tuum.
770 996 905 1064 Quid
927 995 1069 1052 enim
1096 991 1344 1064 proﬂuxit
1368 989 1435 1046 de
1460 990 1626 1044 latere
1644 1027 1661 1053 ,
1691 985 1793 1040 nisi
1814 998 1990 1038 sacra-

418 1101 655 1149 mentum
700 1087 838 1159 quod
879 1084 1142 1155 accipiunt
1171 1082 1394 1138 fideles?
1422 1079 1648 1150 Spiritus
1669 1118 1684 1144 ,
1733 1074 1947 1145 sanguis
1970 1115 1985 1142 ,

414 1191 471 1239 et
488 1196 644 1253 aqua.
670 1179 899 1250 Spiritus
917 1191 1076 1247 quem
1101 1174 1297 1241 emisit,
1326 1182 1381 1227 et
1403 1171 1616 1242 sanguis
1640 1176 1696 1225 et
1716 1181 1851 1240 aqua
1872 1180 1993 1236 qum

415 1274 485 1328 de
512 1274 677 1328 latere
695 1269 1076 1342 proﬂuxerunt.
1098 1267 1173 1322 De
1199 1265 1314 1335 ipso
1327 1262 1583 1333 sanguine
1606 1269 1659 1316 et
1673 1273 1808 1328 aqua
1829 1256 1991 1328 signi-

421 1365 608 1421 ficatur
628 1372 749 1418 nata
767 1360 1021 1417 Ecclesia.
1044 1359 1111 1415 Et
1129 1355 1339 1428 quando
1363 1354 1524 1411 exivit
1546 1350 1759 1422 sanguis
1779 1358 1833 1405 et
1857 1363 1993 1419 aqua

416 1455 487 1510 de
510 1453 709 1510 latere?
729 1452 857 1507 Cum
881 1450 992 1521 jam
1015 1448 1275 1505 dormiret
1296 1444 1540 1501 Christus
1568 1443 1620 1497 in
1645 1456 1804 1497 cruce
1828 1458 1840 1493 :
1869 1440 1991 1510 quia

418 1545 589 1601 Adam
620 1543 673 1598 in
694 1541 949 1599 Paradiso
976 1553 1220 1595 somnum
1244 1537 1487 1606 accepit,
1518 1543 1574 1590 et
1597 1534 1674 1589 sic
1701 1533 1775 1587 illi
1804 1531 1872 1587 de
1913 1530 1994 1584 la-

420 1648 535 1692 tere
560 1636 671 1691 Eva
699 1633 955 1704 producta
982 1640 1083 1687 est.
1110 1630 1249 1685 Ecce
1273 1644 1401 1699 ergo
1425 1628 1651 1698 pretium
1676 1634 1844 1681 tuum.
1875 1625 1996 1681 lmi-

421 1741 536 1784 tare
561 1727 907 1783 humilitatem
935 1732 989 1779 et
1001 1723 1221 1793 vestigia
1245 1721 1454 1777 Domini
1479 1720 1574 1784 tui,
1592 1729 1647 1775 et
1672 1719 1776 1775 noli
1794 1718 1993 1783 dicere,

420 1818 552 1885 Quis
577 1815 715 1872 istud
739 1814 896 1870 facit?
911 1814 1004 1871 Est
1029 1815 1169 1870 circa
1192 1821 1243 1868 te
1261 1812 1394 1868 forte
1419 1819 1474 1867 et
1496 1810 1586 1881 qui
1612 1824 1717 1864 non
1733 1809 1874 1865 facit.
1891 1808 1997 1865 Sed

420 1909 474 1962 in
507 1907 595 1961 illa
621 1906 776 1961 turba
803 1905 847 1959 si
877 1913 931 1960 tu
964 1904 1172 1970 feceris,
1204 1903 1282 1958 sic
1307 1901 1398 1957 tibi
1422 1899 1830 1970 computabitur,
1860 1914 1995 1970 quo-

422 1996 582 2052 modo
605 1997 650 2051 si
677 1995 915 2051 invenias
941 1994 997 2049 in
1021 2008 1143 2048 arca
1166 2006 1331 2048 unum
1357 2004 1603 2061 granum,
1634 1997 1688 2044 et
1713 1987 1895 2059 paleas
1917 1988 1999 2043 in-

422 2088 614 2142 ﬁnitas.
648 2084 873 2141 Difficile
900 2084 1104 2139 iuvenis
1141 2082 1246 2138 duo
1269 2097 1431 2153 grana
1457 2080 1614 2136 simul
1636 2080 1823 2150 juncta
1856 2095 1870 2132 :
1901 2078 1997 2134 sed

422 2179 562 2233 inter
587 2191 750 2247 grana
776 2175 923 2245 palea
943 2173 1228 2231 commixta
1248 2180 1350 2228 est.
1376 2170 1464 2227 Sic
1486 2172 1624 2225 inter
1648 2184 1743 2226 eos
1767 2169 1857 2240 qui
1880 2184 1996 2224 ser-

421 2267 538 2321 vire
562 2264 746 2321 volunt
777 2264 885 2319 Deo
906 2304 923 2331 ,
955 2262 1208 2333 strepitus
1236 2270 1290 2317 et
1313 2259 1593 2315 multitudo
1619 2267 1701 2315 est
1738 2259 1997 2312 malorum

426 2356 699 2411 hominum
724 2352 1059 2413 circumdans
1082 2353 1202 2407 illos
1226 2351 1486 2422 undique;
1514 2351 1632 2421 quia
1666 2363 2000 2420 quocumque

422 2463 483 2503 se
512 2447 786 2512 verterint,
818 2459 924 2500 non
955 2443 1229 2498 inveniunt
1257 2442 1357 2495 nisi
1387 2446 1554 2495 malos
1575 2454 1841 2495 suasores.
1872 2439 2001 2493 Esto

422 2552 551 2609 ergo
571 2546 631 2592 ut
650 2551 873 2607 granum
899 2576 914 2601 ,
947 2544 1000 2590 et
1027 2534 1133 2590 noli
1157 2549 1342 2589 curare
1368 2532 1434 2588 de
1458 2533 1631 2603 palea.
1654 2532 1842 2587 Veniet
1868 2539 2001 2585 tem-

423 2644 523 2698 pus
551 2637 609 2683 ut
636 2635 931 2697 separetur.
962 2624 1087 2681 Ideo
1114 2624 1462 2691 cantavimus,
1494 2623 1680 2677 Iudico
1709 2639 1807 2688 me,
1838 2620 1997 2688 Deus,

423 2730 471 2775 et
486 2720 712 2776 discerne
729 2735 933 2788 causam
953 2735 1116 2773 meum
1135 2718 1197 2772 de
1215 2724 1358 2788 gente
1376 2732 1476 2770 non
1490 2725 1663 2771 sancta
1678 2712 1850 2786 (Psal.
1870 2729 1996 2781 nu,

418 2812 447 2865 et
462 2812 502 2869 ι.
526 2810 764 2867 Ecclesia
789 2808 917 2865 illud
936 2808 1065 2864 dicit
1086 2822 1306 2879 gemens
1331 2807 1472 2862 inter
1490 2814 1815 2876 peccatores.
1844 2804 2001 2858 Puta-

421 2901 511 2967 tis,
535 2900 746 2969 fratres,
765 2900 891 2971 quia
908 2898 975 2955 ad
997 2900 1099 2956 hoc
1118 2898 1228 2953 vult
1245 2912 1304 2952 se
1327 2896 1556 2952 discerni
1579 2895 1833 2959 Ecclesia,
1855 2903 1915 2949 ut
1933 2894 2001 2953 ab

423 2992 716 3047 hrcresibus
738 3001 984 3062 tanquam
995 2989 1279 3044 sumentis
1300 2987 1533 3058 praecisis
1555 2994 1830 3055 separetur
1844 2985 1868 3039 ?
1882 2984 1998 3045 Iam

421 3083 490 3137 ab
521 3081 649 3152 ipsis
673 3090 915 3152 separata
942 3089 1043 3136 est.
1070 3077 1336 3150 Numquid
1365 3078 1435 3132 ita
1465 3077 1591 3132 dicit
1612 3076 1872 3143 Ecclesia,
1903 3074 1996 3130 Iu-

424 3172 539 3227 dica
568 3186 674 3240 me,
706 3171 867 3237 Deus,
898 3178 953 3225 et
979 3169 1222 3225 discerne
1242 3182 1455 3224 causam
1480 3182 1675 3232 meam,
1707 3174 1763 3220 ut
1790 3180 1819 3219 a
1852 3175 2000 3235 parte

423 3261 614 3317 Donati
635 3303 651 3327 ,
680 3269 770 3316 aut
791 3260 856 3316 ab
878 3260 1090 3316 Arianis
1109 3302 1124 3326 ,
1152 3259 1234 3315 vel
1264 3274 1293 3312 a
1323 3257 1624 3314 Manichmis
1650 3256 2000 3326 scgrcgetur?

424 3354 539 3409 Non
578 3369 636 3409 se
662 3360 812 3425 rogat
838 3352 1102 3419 discerni,
1132 3344 1232 3406 nisi
1259 3350 1326 3404 ab
1350 3350 1434 3403 bis
1460 3348 1549 3419 qui
1580 3347 1628 3403 ei
1659 3348 1811 3403 mixti
1837 3356 1958 3401 sunt
1983 3390 1995 3411 ,

423 3459 560 3516 quos
586 3452 794 3514 Oportet
820 3451 876 3497 ιιι
897 3443 1085 3497 toleret
1110 3456 1275 3513 usque
1301 3442 1353 3494 in
1385 3440 1563 3495 finem.
1587 3439 1692 3494 Sed
1722 3439 1825 3493 hoc
1847 3438 1995 3503 dicit,

421 3534 609 3591 Indica
636 3551 714 3588 me
735 3576 750 3599 ,
784 3533 920 3588 Deus
943 3574 959 3601 ,
990 3542 1036 3587 et
1064 3533 1286 3587 discerne
1312 3547 1515 3584 causam
1551 3546 1711 3583 meam
1739 3548 1757 3583 :
1787 3528 1835 3584 id
1876 3538 1957 3583 est
1980 3570 1995 3597 ,

422 3641 491 3683 ne
507 3641 626 3680 cum
651 3624 779 3696 ipsis
800 3623 1005 3694 judicer
1019 3631 1071 3679 et
1095 3621 1287 3694 perdar
1303 3621 1355 3677 in
1374 3620 1461 3675 die
1482 3619 1686 3690 judicii.
1706 3619 1834 3674 Nam
1860 3634 1999 3673 nunc

420 3714 622 3768 dictum
647 3723 748 3780 est,
781 3712 986 3770 Dimitte
1012 3712 1208 3767 zizania
1234 3726 1451 3765 crescere
1482 3707 1691 3783 (Matth.
1725 3725 1835 3776 χιιι,
1865 3708 1957 3777 30)
1983 3726 1995 3761 :
2074 3766 2085 3769 ν

420 3814 477 3859 et
506 3805 797 3859 tolerantur
838 3804 996 3858 modo
1039 3803 1160 3856 mali
1190 3821 1218 3855 a
1249 3801 1401 3857 bonis
1425 3843 1439 3867 ,
1472 3802 1526 3854 in
1553 3800 1639 3855 die
1679 3800 1861 3869 judicii
1909 3814 1996 3854 sc-

420 3892 660 3963 parandi.

490 4008 545 4062 4.
581 4005 742 4062 Iacob
785 4015 831 4059 ct
870 4000 1014 4060 Esau
1059 4006 1236 4075 ﬁgura
1286 4003 1460 4073 populi
1507 4002 1781 4057 Christiani
1823 4013 1866 4055 ct
1903 4005 1999 4057 Ju-

424 4098 578 4151 daici.
603 4097 670 4152 Et
687 4096 805 4151 ideo
829 4096 994 4152 Iacob
1023 4095 1111 4151 ille
1134 4136 1149 4161 ,
1177 4095 1266 4165 qui
1297 4093 1454 4149 modo
1483 4093 1645 4150 lectus
1667 4104 1749 4149 est
1771 4135 1785 4159 ,
1823 4109 1992 4164 pepu-

421 4188 533 4243 lum
561 4186 822 4262 significat
840 4186 1184 4241 christianum
1202 4205 1215 4241 ε
1234 4185 1348 4257 ipse
1368 4194 1451 4241 est
1467 4186 1609 4242 enim
1632 4183 1805 4240 minor
1826 4185 1991 4250 filius;

422 4278 547 4349 quia
574 4277 797 4349 populus
819 4276 1124 4332 Iudaeorum
1157 4276 1294 4332 Esau
1338 4285 1441 4331 est.
1482 4276 1559 4332 De
1596 4276 1760 4331 Iacob
1784 4276 1996 4348 quidem

423 4378 546 4425 nata
575 4378 658 4425 est
682 4382 813 4439 gens
850 4366 1185 4430 Iudaeorum,
1234 4366 1326 4421 sed
1361 4367 1411 4419 in
1443 4367 1607 4436 figura
1651 4368 1816 4437 magis
1856 4367 1997 4423 Esau

424 4461 594 4518 ιυιιωι
637 4460 1002 4529 intelliguntur
1030 4475 1043 4510 :
1085 4456 1205 4527 quia
1235 4457 1457 4528 populus
1486 4456 1659 4525 major
1687 4458 1998 4525 reprobatus

421 4562 524 4617 est,
556 4551 781 4623 populus
823 4560 999 4605 autem
1044 4534 1217 4603 minor
1262 4550 1539 4619 primatum
1601 4549 1821 4618 accepit.
1867 4548 1997 4607 Cum

421 4646 580 4701 etiam
610 4645 662 4697 in
704 4651 853 4697 utero
883 4641 1227 4704 luctarentur,
1269 4648 1323 4693 et
1353 4638 1562 4693 aedium
1593 4648 1763 4693 mater
1793 4649 1999 4707 patere-

421 4746 525 4800 tur,
566 4735 687 4807 quia
718 4733 1121 4804 impellebantur
1147 4730 1347 4786 viscera
1378 4730 1511 4801 ejus,
1540 4731 1613 4786 ait
1638 4748 1650 4784 :
1698 4730 1835 4795 Quid
1876 4733 1997 4787 mihi

420 4829 530 4883 sic?
559 4826 743 4881 Melius
769 4824 891 4879 mihi
916 4834 1019 4878 erat
1059 4823 1296 4878 sterilitas
1320 4863 1333 4885 ,
1379 4839 1528 4895 quant
1561 4833 1611 4875 ut
1640 4822 1733 4877 hoc
1779 4834 1992 4895 paterer.

423 4919 629 4973 Dictum
659 4925 741 4973 est
768 4916 818 4970 ei
854 4930 885 4969 a
926 4913 1178 4980 Domino,
1207 4912 1345 4984 quod
1390 4913 1494 4968 duo
1524 4914 1699 4983 populi
1748 4914 1799 4969 iu
1846 4925 1997 4972 utero

421 5009 540 5078 ejus
566 5006 931 5077 conﬂigerent,
963 5013 1014 5061 et
1043 5003 1162 5059 duae
1190 5012 1404 5074 gentes,
1436 5013 1489 5058 et
1530 5004 1650 5074 quia
1686 5004 1855 5075 major
1879 5020 1994 5061 ser-

420 5100 530 5153 viet
556 5096 748 5152 minori
791 5094 1007 5167 (Galat.
1044 5108 1171 5156 xxv,
1208 5092 1309 5159 22,
1342 5093 1470 5164 25).
1509 5093 1657 5160 Quod
1688 5094 1884 5149 dictum
1915 5104 1997 5151 est

422 5202 542 5243 cum
584 5187 636 5241 in
670 5194 820 5240 utero
844 5193 1041 5250 essent,
1071 5183 1174 5239 hoc
1199 5183 1396 5239 dictum
1424 5193 1505 5238 est
1532 5184 1719 5238 iterum
1749 5186 1801 5239 in
1830 5186 1993 5242 bene-

422 5278 657 5334 dictione
691 5274 856 5340 Isaac,
897 5288 1017 5328 cum
1061 5273 1397 5327 benediccrct
1438 5273 1729 5337 minorem;
1778 5275 1994 5344 putabat

418 5377 603 5427 autem
625 5380 684 5421 se
709 5362 1022 5420 benedicere
1050 5361 1325 5430 majorem.
1356 5361 1642 5416 Personam
1677 5363 1833 5433 Legis
1861 5367 1996 5421 fcre-

421 5458 512 5512 bat
537 5457 701 5511 lsaac.
725 5454 945 5509 Videtur
967 5451 1075 5507 Lex
1106 5451 1224 5505 data
1253 5451 1482 5506 Iudaeis:
1506 5463 1559 5507 et
1579 5453 1749 5522 ipsum
1772 5470 1992 5526 regnum

424 5549 604 5603 datum
643 5555 729 5602 est
764 5543 1097 5601 Christianis.
1143 5542 1415 5598 Attendite
1457 5543 1577 5613 quia
1633 5543 1744 5599 Lex
1786 5545 1993 5601 videtur

421 5654 644 5710 regnum
683 5637 1011 5708 promittere.
1044 5636 1242 5692 ,Ιιιιιειξίε
1275 5636 1484 5703 dicitur,
1532 5635 1804 5708 Propterea
1841 5643 1988 5710 aufe~

419 5741 553 5788 retur
579 5745 610 5783 α
631 5726 772 5806 vobis
800 5743 1026 5797 regnum,
1057 5736 1101 5781 et
1130 5728 1328 5781 dabitur
1353 5730 1486 5798 genti
1512 5729 1715 5801 facienti
1734 5729 1989 5797 justitiam

2098 434 2118 500 (
2142 430 2328 487 Matth.
2358 448 2447 487 XXI
2465 474 2479 499 ,
2511 431 2636 505 45).
2668 431 2953 487 Auferetur
2978 432 3045 488 ab
3074 433 3245 501 Esau,
3270 442 3325 488 et
3347 435 3554 499 dabitur
3578 437 3671 493 Ia-

2099 522 2220 578 cob.
2249 522 2496 578 llirsutus
2522 531 2675 577 natus
2700 530 2815 577 erat
2843 531 2896 576 ct
2925 522 3125 593 pilosus
3152 518 3320 590 Esau,
3358 524 3411 579 id
3447 535 3528 581 est
3561 528 3672 598 ple-

2095 630 2194 669 nus
2221 614 2488 684 peccatis;
2521 613 2795 669 ha‘rebant
2821 613 2873 669 in
2902 614 2990 669 illo
3019 623 3231 685 peccata
3263 635 3275 668 :
3309 616 3394 671 ille
3421 627 3595 675 autem
3618 630 3671 675 ιιι

2094 705 2362 775 acciperet
2402 706 2705 775 primatum,
2734 706 2937 776 accepit
2968 707 3133 778 pelles
3162 706 3433 763 hzedorum
3463 709 3514 763 in
3552 709 3671 765 bra-

2095 793 2261 859 chiis;
2291 804 2345 850 et
2369 795 2447 850 sic
2475 794 2622 849 illum
2669 795 2939 850 benedixit
2976 805 3146 867 pater,
3193 798 3412 868 palpans
3457 799 3671 855 brachia

2096 884 2280 957 ipsius,
2299 894 2355 941 et
2373 887 2647 942 inveniens
2667 886 2947 942 hirsutum.
2961 887 3064 943 Sed
3082 889 3154 942 illi
3176 889 3350 960 capilli
3374 889 3448 961 (a)
3468 901 3522 945 et
3548 907 3672 961 pce-

2097 984 2215 1029 cata
2243 976 2590 1056 portabantur
2611 991 2643 1031 a
2667 975 2852 1043 Iacob,
2879 993 2984 1032 non
3010 978 3278 1033 haerebant
3299 979 3351 1033 in
3380 978 3561 1036 Iacob.
3585 979 3674 1038 Sic

2096 1079 2225 1136 ergo
2254 1074 2309 1122 et
2336 1066 2574 1123 Ecclesia
2603 1067 2698 1123 Dei
2724 1067 2895 1123 aliena
2927 1075 3141 1138 peccata
3167 1076 3372 1139 portat,
3411 1084 3516 1125 non
3556 1085 3673 1137 sua,

2100 1158 2340 1214 tolerans
2382 1174 2550 1230 usque
2596 1159 2651 1214 in
2697 1158 2888 1225 finem;
2943 1159 3079 1215 sicut
3123 1171 3177 1215 et
3226 1162 3477 1216 Dominus
3521 1159 3676 1216 Iesus

2097 1247 2341 1306 Christus
2360 1250 2531 1307 aliena
2554 1252 2808 1322 portavit.
2833 1252 2899 1306 Et
2925 1251 3193 1307 benedixit
3218 1254 3477 1308 minorem
3504 1262 3673 1324 pater.

2099 1340 2170 1396 Et
2193 1343 2460 1413 quomodo
2499 1343 2806 1399 benedixit?
2840 1344 3453 1416 Mysteriumsanctum,
3493 1348 3678 1416 quales

2096 1429 2259 1486 futuri
2284 1441 2437 1487 erant
2464 1434 2504 1487 '.
2544 1432 2738 1487 Volunt
2766 1434 2907 1487 enim
2942 1434 3125 1488 oculos
3153 1443 3337 1489 acutos
3365 1435 3676 1504 Scriptum.

2099 1520 2377 1578 Benedixit
2396 1521 2561 1577 ﬁlium
2589 1538 2743 1577 suum
2773 1524 3035 1578 minorem
3075 1533 3165 1579 :et
3191 1524 3401 1581 videtur
3424 1526 3679 1595 deceptus

2098 1612 2250 1681 quasi
2278 1610 2615 1667 benedisisse
2640 1611 2800 1667 alium
2834 1628 2929 1682 pro
2964 1613 3090 1667 alio.
3127 1613 3283 1668 Venit
3311 1615 3398 1669 ille
3428 1616 3519 1686 qui
3547 1617 3681 1672 ierat

2099 1703 2172 1759 ad
2191 1703 2556 1772 venationem,
2587 1712 2874 1774 apportans
2908 1704 3048 1774 quod
3077 1712 3225 1774 pater
3242 1705 3493 1774 jusserat,
3521 1715 3573 1761 et
3600 1707 3681 1761 di-

2103 1794 2176 1849 cit
2206 1812 2220 1847 :
2254 1791 2430 1859 Pater,
2456 1794 2726 1859 manduca,
2756 1794 2884 1847 sicut
2910 1793 3126 1846 voluisti.
3157 1793 3303 1849 Dixit
3330 1793 3479 1849 Isaac
3506 1811 3524 1849 :
3556 1795 3680 1861 Quis

2100 1901 2152 1938 es
2182 1883 2270 1937 tu?
2301 1881 2370 1936 Et
2408 1882 2496 1937 ille
2532 1899 2551 1937 :
2589 1881 2703 1954 Ego
2730 1899 2843 1938 sum
2880 1882 3020 1939 Esau
3052 1870 3198 1953 'ﬁlius
3238 1894 3355 1940 tuus
3392 1887 3572 1956 major.
3615 1884 3681 1939 Et

2101 1975 2260 2029 dicit:
2291 1973 2429 2045 Ergo
2455 1983 2509 2028 tu
2534 1990 2584 2031 es
2608 1973 2783 2027 Esau?
2810 1973 2934 2047 Quis
2955 1981 3028 2028 est
3061 1983 3226 2028 autem
3242 1975 3358 2046 jam
3394 1977 3479 2046 qui
3510 1977 3679 2030 attulit

2102 2065 2224 2119 mihi
2255 2082 2418 2120 escam
2437 2107 2452 2130 ,
2492 2074 2539 2119 et
2567 2065 2884 2127 manducavi,
2917 2056 2963 2117 εἳ
2990 2065 3223 2119 benedixi
3252 2065 3426 2130 illum,
3456 2076 3503 2119 et
3529 2065 3681 2119 bene-

2101 2154 2263 2209 dictus
2293 2163 2364 2209 est
2399 2152 2564 2227 (Gen.
2597 2169 2764 2217 xxv",
2793 2153 2958 2208 δι-ιο
2977 2154 3032 2225 )‘?
3060 2152 3103 2208 Ο
3132 2153 3286 2210 irasci
3315 2153 3616 2224 deceptori!
3648 2171 3683 2211 ο

2104 2243 2258 2298 irasci
2287 2243 2490 2298 fallaci!
2525 2243 2636 2297 lmo
2663 2242 2746 2296 dic
2775 2260 2788 2295 :
2819 2241 2994 2308 Quare
3023 2257 3108 2297 me
3136 2242 3380 2312 decepit?
3402 2258 3565 2313 quare
3594 2261 3682 2300 me

2104 2332 2327 2388 fefellit?
2350 2335 2502 2387 tollat
2525 2332 2947 2387 benedictionem
2973 2332 3113 2386 illam
3141 2331 3302 2388 frater
3323 2334 3504 2404 ipsius,
3532 2344 3585 2390 et
3614 2336 3685 2390 sit

2107 2426 2158 2480 in
2192 2426 2364 2480 malis.
2394 2425 2581 2481 Nonne
2607 2426 2797 2479 clamat
2828 2425 2940 2479 lucc
2969 2440 3056 2480 res
3086 2425 3137 2478 iu
3166 2426 3417 2496 mysterio
3444 2427 3598 2492 facta,
3639 2433 3697 2480 ut

2105 2519 2275 2588 major
2300 2517 2492 2572 serviat
2513 2518 2748 2596 minori?
2777 2515 2979 2585 Accipit
3015 2531 3142 2586 ergo
3171 2517 3328 2571 talem
3361 2525 3413 2570 et
3443 2518 3555 2587 ipse
3588 2518 3683 2573 be-

2107 2608 2487 2663 nedictionem.
2530 2605 2634 2661 Sed
2666 2607 2935 2676 subjunxit
2970 2624 2985 2661 :
3024 2605 3144 2660 Eris
3179 2620 3348 2661 serrus
3385 2610 3557 2678 fratris
3591 2619 3684 2664 tui.

2104 2697 2236 2754 Cum
2270 2699 2357 2754 ille
2383 2699 2604 2766 diceret,
2637 2696 2903 2768 Numquid
2939 2698 3097 2767 finitm
3132 2709 3250 2753 sunt
3288 2699 3671 2755 benedictionem

2104 2787 2310 2842 benedic
2335 2796 2383 2841 et
2410 2803 2523 2853 me;
2556 2788 2659 2853 ait,
2687 2786 2813 2842 Cum
2841 2787 2987 2840 illum
3018 2788 3168 2841 talem
3198 2789 3310 2858 feci,
3341 2789 3426 2842 tibi
3448 2790 3570 2859 quid
3593 2791 3685 2843 ha-

2103 2879 2201 2934 beo
2221 2878 2382 2933 dare?
2411 2879 2475 2933 Et
2500 2878 2668 2933 dixit:
2701 2876 2918 2932 Benedic
2947 2888 2993 2931 et
3022 2895 3119 2944 me,
3153 2889 3309 2949 pater.
3344 2881 3410 2935 Et
3436 2884 3679 2948 extorsit,

2106 2980 2160 3026 et
2187 2971 2394 3041 accepit
2418 2970 2841 3025 benedictionem
2873 2985 3035 3040 prope
3064 2971 3312 3037 similem,
3342 2988 3370 3025 a
3407 2988 3527 3027 rore
3562 2974 3682 3031 coeli

2106 3071 2161 3116 et
2190 3062 2458 3117 fertilitate
2486 3070 2640 3114 terrae
2670 3074 2882 3113 omnem
2923 3060 3326 3114 abundantiam.
3365 3063 3427 3115 Et
3460 3063 3681 3131 subjecit

2103 3154 2280 3207 statim
2299 3195 2312 3217 ,
2356 3151 2422 3205 Et
2451 3152 2631 3206 servies
2660 3152 2807 3223 fratri
2836 3161 2940 3204 tuo.
2975 3151 3038 3204 Et
3065 3152 3157 3206 erit
3182 3153 3269 3206 tibi
3292 3155 3394 3219 sic,
3427 3171 3541 3208 cum
3576 3154 3682 3209 sol-

2103 3243 2233 3295 veris
2251 3244 2438 3312 jugum
2463 3243 2573 3312 ejus
2601 3257 2634 3293 a
2658 3242 2845 3295 cervice
2866 3253 2970 3295 tua.
3004 3241 3139 3309 Quid
3162 3253 3245 3297 est
3276 3242 3400 3297 illud
3427 3245 3567 3313 quod
3596 3245 3681 3299 di-

2115 3343 2257 3387 ctum
2277 3342 2377 3399 est,
2402 3332 2462 3386 Et
2490 3334 2580 3386 erit
2606 3332 2692 3385 tibi
2714 3335 2805 3395 sic,
2826 3350 2938 3386 cunt
2967 3335 3173 3407 solveris
3190 3336 3369 3405 jugum
3389 3338 3497 3406 ejus
3521 3354 3551 3390 α
3576 3353 3683 3391 cer-

2103 3426 2209 3477 rice
2243 3434 2362 3489 tua;
2389 3423 2485 3477 nisi
2516 3423 2639 3493 quia
2667 3423 2902 3477 ostendit
2934 3424 3073 3487 illos,
3104 3440 3239 3494 quos
3266 3425 3404 3478 Esau
3434 3426 3681 3497 pracflguo

2104 3515 2274 3580 rabat,
2304 3515 2381 3568 sic
2409 3529 2527 3569 esse
2554 3522 2879 3583 peccatores.
2919 3524 2974 3569 ut
3010 3515 3061 3568 iu
3093 3525 3351 3582 potestate
3387 3516 3639 3572 haberent
3661 3559 3677 3582 ,

2104 3614 2155 3659 et
2184 3605 2233 3657 in
2264 3605 2432 3658 libero
2458 3604 2697 3669 arbitrio,
2723 3604 2913 3657 mutari
2947 3612 3000 3658 et
3028 3604 3173 3659 fratri
3204 3606 3450 3675 conjungi
3477 3606 3533 3660 ιῖ

2174 3696 2227 3749 5.
2275 3694 2449 3748 Διιάωὶ
2494 3694 2895 3749 Christianorum
2938 3695 3086 3748 servi.
3126 3725 3199 3736 -—
3257 3696 3525 3751 Attendite
3567 3713 3679 3768 my-

2104 3787 2343 3840 sterium.
2377 3786 2512 3840 Ecce
2536 3784 2754 3839 Iudmus
2791 3799 2981 3839 servus
3011 3794 3096 3839 est
3130 3786 3436 3840 Christiani.
3484 3787 3550 3841 Et
3581 3788 3681 3843 hoc

2076 3874 2441 3939 ,tnanifestnm
2484 3885 2584 3938 eSl,
2626 3883 2681 3929 et
2725 3874 2961 3944 implevit
2986 3875 3170 3930 orbem
3220 3886 3501 3941 terrarum,
3546 3880 3682 3932 sicut

2103 3967 2315 4031 videtis,
2336 3966 2518 4021 Iacob.
2547 3965 2612 4019 Et
2634 3974 2692 4020 ιιι
2715 3965 2969 4021 noveritis
2990 3967 3114 4035 quia
3133 3966 3203 4022 de
3224 3966 3404 4022 futuro
3426 3968 3679 4023 dicebau-

2106 4067 2190 4110 tur
2218 4058 2337 4119 ista,
2365 4056 2699 4111 considerate
2729 4057 2899 4125 ipsam
2930 4055 3206 4111 historiam
3226 4100 3240 4122 ,
3278 4068 3332 4114 et
3360 4060 3533 4114 videte
3556 4063 3677 4130 quia

2104 4162 2210 4201 non
2236 4156 2361 4201 sunt
2386 4146 2601 4215 impleta
2633 4147 2684 4200 in
2714 4147 2846 4216 ipsis
2863 4146 3092 4212 duobus,
3113 4147 3285 4218 Major
3304 4151 3483 4205 serviet
3502 4152 3681 4206 minori

2105 4236 2227 4300 (Id.
2272 4252 2409 4302 xxv,
2454 4235 2580 4305 25).
2615 4236 2822 4292 Ditatus
2852 4238 2994 4293 enim
3026 4238 3215 4307 legitur
3254 4240 3394 4294 Esau
3429 4243 3679 4308 multum,

2104 4341 2156 4385 et
2188 4344 2412 4400 regnare
2434 4328 2597 4399 coepit
2627 4329 2680 4382 in
2707 4337 2813 4384 tota
2843 4330 3159 4385 abundantia
3188 4332 3207 4398 (
3230 4329 3315 4385 Id.
3347 4348 3538 4397 xxxvi,
3580 4335 3608 4386 7
3635 4332 3677 4404 ).

2106 4423 2198 4478 Ille
2220 4422 2295 4495 (ιι)
2319 4432 2496 4477 autem
2522 4421 2706 4488 Iacob,
2732 4432 2791 4477 ut
2811 4431 3055 4492 pasceret
3078 4438 3207 4478 oves
3230 4424 3450 4478 alienas.
3466 4426 3537 4479 Et
3558 4439 3678 4481 cum

2104 4517 2355 4586 coepisset
2384 4515 2579 4578 redire,
2605 4523 2661 4570 et
2688 4516 2874 4571 timere
2900 4516 3114 4572 fratrem
3140 4528 3314 4582 suum,
3342 4517 3479 4572 sicut
3520 4518 3681 4572 modo

2104 4608 2396 4676 legebatur,
2420 4606 2583 4660 mittit
2608 4622 2824 4661 munera
2849 4607 3032 4662 nescio
3052 4616 3245 4675 quanta
3269 4622 3541 4675 pecorum,
3561 4609 3681 4664 mit.

2107 4697 2170 4750 tit
2209 4705 2264 4751 et
2297 4709 2507 4749 set-vum
2536 4695 2624 4765 qui
2654 4694 2814 4761 dicat,
2851 4694 2982 4749 Ecce
3009 4711 3218 4750 munera
3246 4696 3417 4765 {ranis
3444 4698 3517 4750 tui
3552 4696 3677 4769 (Id.

2103 4802 2289 4852 nitu,
2327 4784 2433 4856 l8).
2456 4784 2639 4841 Noluit
2659 4800 2780 4840 eum
2808 4784 3014 4850 videre,
3045 4786 3353 4856 priusquam
3375 4788 3681 4843 muneribus

2106 4876 2368 4946 placaret;
2396 4883 2451 4929 et
2481 4884 2661 4943 postea
2679 4875 2825 4928 illum
2859 4876 3093 4945 acceptis
3114 4878 3420 4933 muneribus
3442 4877 3589 4935 vidit.
3615 4878 3682 4934 Et

2102 4982 2223 5022 cum
2250 4967 2316 5022 ad
2341 4981 2466 5022 eum
2490 4965 2654 5021 Iacob
2673 4965 2926 5029 venisset,
2944 4966 3318 5027 adoravit'ettut
3343 4983 3375 5027 a
3394 4969 3550 5039 longe
3567 4968 3677 5035 (Id.

2103 5075 2314 5123 χχχιιι,
2346 5059 2383 5113 '5
2409 5057 2452 5129 ).
2496 5056 2774 5125 Quomodo
2819 5072 2977 5127 ergo,
3022 5058 3195 5130 Major
3240 5061 3415 5113 serviet
3459 5062 3677 5125 minori,

2100 5150 2315 5222 quando
2359 5150 2531 5204 minor
2570 5146 2773 5203 videtur
2808 5149 3034 5205 adorare
3074 5150 3363 5219 majorem?
3409 5150 3515 5207 Sed
3562 5150 3680 5207 ideo

2104 5243 2204 5298 ista
2232 5242 2283 5297 in
2317 5240 2536 5296 historia
2561 5253 2666 5293 non
2694 5249 2819 5294 sunt
2856 5241 3106 5312 impleta,
3144 5253 3199 5298 ut
3230 5242 3587 5310 intelligantur
3612 5243 3680 5296 de

2104 5331 2284 5386 futuro
2308 5329 2467 5385 dicta.
2498 5330 2667 5385 Minor
2694 5329 2830 5385 filius
2854 5332 3056 5399 accepit
3084 5331 3365 5400 primatum
3385 5373 3398 5395 ,
3429 5343 3482 5387 et
3508 5335 3672 5400 major

2103 5426 2242 5480 filius
2269 5421 2501 5493 perdidit
2523 5421 2827 5491 primatum.
2853 5423 2991 5479 Ecce
3011 5424 3175 5480 Iacob
3196 5424 3431 5494 implevit
3458 5436 3674 5490 terram,

2166 5517 2181 5547 ι
2369 5510 2532 5577 Quales
2550 5512 2641 5564 uiri
2660 5522 2814 5565 eram.

2110 5637 2120 5646 .
2164 5579 2183 5607 ²
2206 5576 2277 5647 sic
2296 5570 2443 5623 nostri
2460 5589 2629 5625 euntes
2653 5585 2755 5627 Mss.
2790 5584 2837 5626 ιιι
2866 5576 2998 5638 editi,
3025 5584 3206 5629 natare
3232 5588 3278 5627 sc
3318 5581 3363 5627 ct
3398 5570 3547 5635 fratri
3568 5584 3655 5622 cun

2090 5649 2252 5701 Jungi.

2257 5703 2421 5809 geste,
2446 5696 2548 5765 pili.

2290 5773 2332 5809 οι
2346 5766 2415 5808 te.
2439 5769 2507 5809 ut.

2186 5761 2235 5809 ω
2258 5765 2415 5809 Forte.
2439 5761 2507 5811 iit.
