4076 6198
396 331 475 387 s7
1876 329 2104 388 senato
2145 332 2206 390 ν.
3606 356 3640 411 5
3658 360 3681 407 5

399 446 576 501 tonuit
618 449 806 513 gentes
845 449 903 499 et
928 456 1111 512 regna.
1155 440 1320 496 Iussit
1367 441 1654 512 imperator
1694 442 1987 506 Romanus,

399 539 511 606 jam
540 532 899 598 Christianus,
930 542 989 586 ut
1018 532 1084 587 ad
1116 532 1280 601 ipsam
1305 531 1599 588 Jerusalem
1635 549 1739 587 non
1770 534 1991 588 accede-

403 634 531 680 rent
558 624 729 679 Judmi
766 623 865 695 (α).
894 622 961 677 Et
985 624 1157 693 sparsi
1184 637 1281 692 per
1304 623 1487 677 orbem
1528 631 1787 679 terrarum
1809 664 1825 687 ,
1868 624 1991 678 lacti

403 725 541 771 sunt
583 715 731 785 quasi
767 713 1019 768 custodes
1048 713 1323 768 Librorum
1355 723 1676 768 nostrorum.
1711 716 1989 781 Quomodo

408 808 576 869 servi,
619 805 826 876 quando
866 814 998 859 eunt
1036 805 1087 857 in
1126 805 1446 860 auditorium
1491 807 1688 859 domini
1730 805 1987 874 ipsnrum,

408 905 620 965 portant
650 903 769 965 post
806 895 929 947 illos
955 894 1185 958 codices,
1225 905 1279 949 et
1308 895 1437 949 foris
1462 895 1680 960 sedent;
1719 896 1795 949 sic
1822 894 1990 949 factus

402 999 487 1041 est
518 987 656 1040 ﬁlius
694 986 865 1055 major
890 984 1000 1039 filio
1028 985 1220 1041 minori
1252 986 1353 1056 (ὁ).
1384 987 1514 1041 Nam
1554 988 1835 1057 aliquando
1869 1001 1987 1041 mo-

405 1085 531 1131 vent
557 1077 571 1107 ¹
603 1076 777 1145 aliqua
805 1074 858 1127 iu
883 1075 1205 1143 Scripturis;
1229 1084 1282 1130 et
1300 1076 1366 1130 de
1385 1075 1691 1131 Judmorum
1716 1077 1988 1132 codicibus

404 1167 540 1221 certi
581 1165 779 1234 aliquid
821 1166 1179 1235 cognoscitur.
1214 1165 1334 1220 Ideo
1362 1182 1490 1237 ergo
1528 1167 1697 1236 sparsi
1734 1176 1893 1229 sunt,
1932 1176 1989 1221 ut

404 1256 562 1309 nobis
602 1254 794 1309 Libros
821 1262 1055 1308 servent.
1098 1254 1265 1323 Major
1299 1270 1426 1325 ergo
1454 1256 1646 1310 minori
1676 1256 1858 1310 servit.
1892 1256 1986 1309 \‘i-

406 1346 535 1401 dete
560 1345 700 1399 enim
727 1360 846 1400 cum
876 1353 1070 1414 quanta
1098 1344 1350 1415 dignitate
1380 1346 1446 1400 sit
1476 1346 1703 1415 populus
1727 1346 1985 1401 Christia-

405 1453 546 1496 nus.
583 1445 637 1490 et
676 1436 729 1490 in
756 1444 948 1504 quanta
979 1433 1271 1491 defectione
1298 1435 1367 1489 sit
1398 1436 1621 1504 populus
1658 1435 1982 1491 .ludteorum.

402 1527 636 1594 Quando
660 1525 793 1580 forte
816 1525 928 1580 ausi
958 1535 1081 1579 sunt
1106 1525 1189 1579 vel
1215 1526 1483 1581 modicum
1515 1542 1735 1583 movere
1767 1542 1827 1583 se
1854 1542 1986 1584 eon-

402 1624 487 1670 tra
517 1616 868 1679 Christianos,
887 1615 1119 1683 quasillis
1143 1617 1462 1685 contigerint
1486 1616 1708 1672 audistis
1726 1618 1777 1671 in
1799 1631 1986 1673 recen-

403 1706 442 1758 ti
479 1714 741 1775 tcmpore.
772 1705 908 1774 Ergo
929 1704 1088 1758 modo
1112 1720 1293 1758 verum
1321 1713 1421 1770 est,
1460 1704 1635 1775 Major
1668 1707 1844 1761 serviet
1890 1707 1987 1761 mi-

401 1796 541 1848 nori.
568 1793 841 1861 Quomodo
880 1809 1008 1864 ergo
1050 1793 1135 1848 illa
1175 1793 1495 1860 benedictio,
1530 1794 1644 1850 Erit
1682 1797 1769 1851 tibi
1805 1814 1839 1851 a
1875 1814 1987 1851 rore

400 1884 521 1936 caeli
543 1894 591 1936 et
615 1900 646 1936 a
672 1885 931 1954 fertilitate
955 1885 1137 1938 ter-rce?
1174 1885 1451 1951 Quomodo
1488 1886 1748 1942 minorem
1772 1928 1788 1954 ,
1829 1889 1907 1944 sic
1931 1897 1987 1943 et

399 1974 664 2042 majorem
688 1973 979 2028 benedixit.
1006 1974 1107 2029 Sed
1129 1976 1317 2044 majori
1343 1976 1540 2031 dictum
1561 1976 1743 2043 est,Et
1762 1980 1860 2033 eris
1880 1997 1987 2034 ssr-

398 2078 491 2117 cus
517 2062 697 2132 fratris
723 2065 814 2115 tui.
844 2062 910 2116 Et
948 2065 1039 2117 erit
1069 2064 1183 2130 hoc,
1226 2081 1339 2118 cum
1366 2065 1569 2121 solveris
1588 2068 1770 2138 jugum
1808 2070 1918 2135 ejus
1953 2086 1987 2123 a

396 2155 586 2207 cervice
612 2164 716 2206 tua.
747 2153 941 2221 Quanti
971 2165 1090 2208 sunt
1118 2156 1206 2224 qui
1232 2156 1699 2226 solveruntjngum
1720 2174 1750 2213 a
1774 2160 1985 2215 cervice

395 2259 515 2307 Sua,
548 2254 603 2299 et
632 2244 754 2298 facti
799 2253 921 2299 sunt
955 2243 1143 2299 fratres
1176 2247 1363 2301 nostri.
1393 2246 1584 2315 Quanti
1611 2248 1780 2303 Judaei
1809 2250 1986 2304 credi-

396 2334 614 2398 derunt,
639 2332 915 2389 attendite.
949 2334 1017 2388 Et
1045 2336 1221 2400 modo,
1243 2336 1286 2390 si
1316 2352 1472 2407 quem
1500 2337 1740 2392 Judmum
1770 2339 1987 2396 invene»

396 2428 495 2489 ris,
530 2434 586 2480 et
614 2427 1058 2496 evangelizaveris
1080 2427 1157 2481 illi
1184 2427 1463 2483 Dominum
1486 2428 1669 2484 Jesum
1696 2429 1983 2495 Christum,

398 2528 457 2572 ct
490 2515 805 2582 crediderit,
844 2531 1022 2571 nonne
1063 2517 1219 2571 solvit
1245 2518 1428 2588 jugum
1455 2534 1488 2574 a
1517 2519 1724 2576 cervice
1752 2519 1882 2574 sua?
1922 2520 1988 2575 Et

398 2616 607 2678 quanta
648 2606 744 2662 hoc
785 2607 1024 2662 fecerunt
1052 2608 1235 2677 primis
1279 2609 1604 2678 temporibus
1634 2610 1757 2665 fidei
1785 2610 1986 2665 millia?

397 2701 635 2753 Omnino
660 2699 752 2770 qui
776 2711 900 2755 tunc
923 2700 1280 2767 crediderunt,
1308 2701 1446 2756 sicut
1471 2700 1713 2773 legimus,
1730 2716 1795 2757 ex
1818 2702 1987 2758 servis

397 2791 526 2846 facti
558 2803 682 2847 sunt
714 2791 903 2848 fratres
928 2801 982 2846 et
1003 2791 1334 2847 cohaeredes.

472 2884 527 2939 6.
583 2884 748 2938 Lucta
806 2882 965 2938 Jacob
1023 2900 1136 2937 cum
1194 2882 1393 2955 angelo.
1444 2882 1560 2938 Non
1613 2898 1742 2954 ergo
1799 2884 1985 2941 Eccle-

396 2979 481 3032 sia
525 2992 645 3048 qua:
685 2976 831 3041 dicit.
864 2976 1055 3032 Judica
1095 2992 1193 3043 me,
1228 2974 1396 3040 Deus,
1428 2985 1475 3029 et
1514 2975 1740 3031 discerne
1778 2992 1987 3030 causam

395 3085 569 3121 meam
598 3067 832 3143 de’gente
858 3084 958 3121 non
983 3076 1178 3132 sancta,
1203 3068 1271 3122 ab
1300 3067 1437 3121 Esau
1461 3081 1519 3121 se
1547 3067 1662 3122 vult
1683 3066 1936 3136 discerni,
1953 3083 1984 3123 a

395 3174 507 3228 quo
540 3157 652 3227 jam
693 3156 917 3211 discreta
957 3165 1073 3220 est,
1114 3157 1206 3211 sed
1249 3171 1278 3211 a
1311 3156 1629 3212 Christianis
1664 3157 1839 3213 malis.
1882 3157 1985 3214 Iste

396 3248 546 3303 enim
572 3246 756 3312 Jacob,
783 3247 834 3300 in
861 3262 964 3316 quo
993 3248 1245 3317 liguratnr
1271 3247 1496 3316 populus
1519 3246 1872 3315 Christianus,
1890 3264 1975 3304 au-

395 3338 558 3391 distis
589 3336 1036 3407 quemadmodum
1066 3338 1291 3392 luctatus
1327 3338 1398 3393 sit
1434 3352 1557 3392 cum
1588 3338 1832 3394 Domino.
1876 3339 1985 3394 Do-

396 3429 586 3481 minus
613 3427 756 3481 enim
793 3426 863 3480 illi
892 3428 1152 3496 apparuit,
1178 3427 1229 3481 id
1255 3435 1354 3492 est,
1381 3428 1601 3498 angelus
1623 3438 1838 3500 gestans
1868 3445 1985 3499 per-

394 3533 593 3572 sonam
621 3517 713 3571 Dei
740 3534 753 3569 :
785 3518 1011 3571 Iuctatus
1041 3527 1121 3572 est
1146 3534 1266 3572 cum
1296 3518 1406 3583 illo,
1431 3527 1486 3574 et
1505 3520 1715 3575 volebat
1738 3520 1885 3575 illum
1907 3528 1987 3577 te-

394 3625 533 3664 nere
558 3619 612 3663 et
641 3608 1114 3677 comprehendere.
1156 3608 1477 3665 Luctabatur
1516 3610 1632 3675 ille;
1671 3612 1980 3681 praevaluit,

393 3710 453 3753 et
484 3700 693 3764 tenuit;
722 3714 841 3752 cum
873 3706 1097 3763 teneret,
1133 3714 1237 3753 non
1276 3699 1475 3754 dimisit
1510 3701 1616 3756 nisi
1650 3701 1981 3757 benedictus.

395 3792 666 3845 Dominus
697 3791 808 3857 det,
850 3789 1061 3857 fratres,
1104 3792 1368 3859 explicare
1409 3802 1611 3848 tantum
1650 3794 1980 3864 mysterium.

392 3880 680 3946 Laetatur,
704 3881 990 3950 pnevalet;
1017 3886 1071 3935 et
1090 3881 1200 3934 vult
1226 3880 1464 3936 benedici
1493 3883 1561 3937 ab
1586 3897 1653 3937 eo
1677 3883 1761 3937 cui
1783 3899 1985 3954 prteva-

392 3973 518 4027 luit.
551 3972 689 4039 Qnid
718 3981 800 4026 est
829 3986 956 4042 ergo
993 3971 1133 4041 quod
1163 3972 1411 4038 luctatur,
1438 3982 1490 4028 et
1514 3973 1624 4028 vult
1652 3974 1871 4030 tenere?
1896 3977 1985 4031 Ait

395 4062 663 4117 Dominus
688 4063 739 4115 in
769 4062 1075 4131 Evangelio,
1110 4062 1338 4132 Regnum
1378 4061 1614 4117 maiorum
1648 4068 1745 4117 vim
1772 4066 1978 4133 patitur,

389 4163 441 4207 et
468 4154 559 4222 qui
584 4153 682 4206 vim
707 4153 916 4222 faciunt,
946 4152 1188 4221 diripiunt
1214 4152 1343 4206 illud
1373 4151 1582 4222 (Matth.
1607 4169 1680 4219 at,
1711 4154 1778 4209 12
1798 4154 1836 4224 ).
1866 4154 1981 4212 lloc

390 4250 477 4296 est
509 4240 653 4310 quod
682 4240 990 4295 dicebamus
1009 4239 1353 4310 jamdudum:
1397 4240 1621 4296 Luctare
1643 4283 1658 4308 ,
1702 4251 1757 4297 ut
1799 4251 1981 4299 teneas

387 4333 692 4397 Christum,
730 4342 786 4386 ut
820 4331 1005 4402 diligas
1034 4332 1303 4386 inimicum
1331 4331 1563 4403 (Supra,
1586 4350 1638 4386 n.
1669 4334 1702 4386 5
1723 4335 1762 4403 ).
1803 4333 1979 4389 Tenes

389 4425 541 4479 enim
564 4423 830 4479 Christum
859 4424 964 4488 hic,
989 4424 1033 4478 si
1065 4424 1335 4480 inimicum
1366 4424 1633 4481 dilexeris.
1653 4426 1722 4480 Et
1747 4427 1872 4496 quid
1898 4427 1979 4481 di-

390 4516 467 4569 cit
493 4515 611 4583 ipsc
636 4513 916 4579 Dominus,
946 4514 996 4568 id
1027 4524 1127 4582 est,
1158 4515 1377 4584 angelus
1407 4515 1455 4568 in
1484 4530 1710 4584 persona
1740 4516 1975 4583 Domini,

388 4619 518 4659 cum
554 4604 897 4672 praevaleret,
929 4613 981 4657 et
1010 4612 1213 4657 teneret
1241 4604 1403 4657 eum?
1431 4603 1623 4674 Tetigit
1650 4604 1978 4661 latitudinem

387 4694 618 4747 femoris
646 4693 780 4761 ejus,
806 4701 861 4748 et
895 4693 1137 4760 exaruit,
1180 4702 1233 4748 ει
1279 4693 1398 4748 ideo
1425 4694 1758 4749 claudicabat
1790 4695 1974 4750 lacob.

384 4786 537 4841 Dicit
566 4785 611 4839 ei
633 4803 646 4839 :
670 4785 878 4840 Dimitte
905 4803 1002 4847 me,
1020 4786 1134 4855 jam
1164 4787 1298 4839 enim
1328 4802 1474 4840 mane
1499 4796 1591 4840 est.
1618 4786 1682 4841 Et
1708 4787 1824 4842 illc:
1857 4784 1978 4841 Non

453 4878 473 4909 ί
502 4876 643 4935 nditi,
665 4882 847 4925 movent
868 4889 971 4927 nos.
997 4876 1157 4935 Abest,
1183 4889 1285 4935 nos,
1309 4890 1337 4925 a
1364 4884 1468 4926 Mss.

453 4939 532 4999 (a)
553 4938 828 5011 sumendus
857 4938 949 5011 hoc
971 4937 1461 5011 loeo_putat.ind_icar_i
1493 4940 1848 5011 Constantinum
1881 4951 1979 5011 rna-

380 5012 565 5065 gnmu,
592 4999 694 5061 qui,
720 5006 847 5049 teste
879 4999 1207 5063 chrysostomo
1242 5001 1289 5049 in
1326 5000 1359 5049 5
1394 5000 1628 5050 adversus
1652 5001 1759 5049 Jud.
1786 5000 1975 5061 bomil.,

380 5062 602 5115 Judteos,
627 5061 753 5123 quod
790 5062 967 5109 urbem
1001 5073 1137 5108 suam
1171 5068 1343 5123 contra,
1369 5062 1674 5123 interdictum
1706 5062 1977 5113 instaurare

379 5122 617 5184 aggressi
646 5119 842 5181 essent,
878 5123 1134 5183 amputatis
1167 5122 1395 5171 auriculis
1430 5119 1554 5171 niale
1583 5122 1811 5173 multatos
1830 5124 1879 5171 in
1900 5123 1974 5172 di-

383 5183 563 5233 versas
590 5183 822 5246 regiones
841 5184 1034 5246 sparsit,
1058 5191 1111 5232 ut
1128 5185 1728 5246 terrorigcaeterisessent.
1756 5197 1822 5233 ne
1844 5185 1977 5234 idem

382 5246 438 5293 in
462 5244 717 5308 posterum
749 5244 1064 5308 conarentur,
1102 5245 1196 5295 Sed
1215 5244 1434 5308 profecto
1454 5245 1802 5308 Judmigsevero
1826 5247 1975 5308 impe-

377 5305 536 5370 rante
552 5307 651 5368 jam
666 5313 806 5370 erant.
820 5306 974 5370 patrio
993 5305 1099 5355 sole
1121 5305 1325 5370 exclusi,
1350 5318 1413 5355 ex
1445 5305 1736 5370 Tertulliano
1767 5309 1836 5370 in_
1856 5305 1976 5370 Apo-

381 5364 513 5430 log.,
538 5364 644 5429 cap.
665 5366 743 5428 21,
769 5364 927 5431 ειζιω.
956 5374 1119 5431 contra
1150 5369 1280 5428 .lttd.,
1312 5364 1418 5430 cap.
1446 5369 1521 5431 lii1
1542 5375 1638 5418 uno
1660 5369 1790 5430 ipsos
1826 5364 1981 5431 longe.

380 5428 507 5478 ante
525 5428 755 5492 severum
771 5429 1000 5492 Adrianus
1018 5430 1329 5492 prohibuerat
1340 5428 1741 5492 Jerowlymorum
1756 5428 1971 5492 accessu,

382 5502 449 5538 ex
479 5490 709 5554 Eusebio,
732 5489 817 5541 lib.
861 5491 894 5554 4
915 5489 1107 5551 Histor.,
1130 5504 1236 5554 cap.
1261 5491 1309 5554 6.
1353 5497 1517 5554 Itaque
1527 5489 1618 5541 Iliic
1638 5505 1733 5542 non
1756 5490 1944 5553 singula

382 5504 449 5538 ex
479 5504 709 5550 utseuto,
732 5504 817 5541 uo.
861 5504 894 5538 4
916 5504 1107 5551 ιιιειονη
1130 5504 1236 5554 cap.
1261 5504 1309 5539 υ.
1353 5504 1517 5601 ungue
1527 5504 1618 5541 ,ωε
1638 5505 1733 5542 non
1756 5504 1944 5553 Singula

379 5563 496 5599 rem
521 5551 784 5615 hominem,
807 5552 898 5602 sed
922 5566 1034 5602 eum
1058 5566 1156 5614 pra:
1179 5552 1330 5601 oculis
1365 5552 1396 5600 h
1480 5559 1513 5615 ξι
1557 5555 1860 5615 Augustinus,
1887 5567 1973 5615 qut

378 5618 649 5721 gavisurum
686 5613 941 5677 imperium
983 5613 1208 5678 gerebat,
1250 5627 1312 5665 eo
1352 5627 1448 5677 quo
1486 5613 1694 5676 loquitur
1735 5628 1839 5664 sevo
1872 5613 1970 5676 ja.n

428 5687 472 5721 ir
556 5688 568 5701 ’
587 5686 691 5721 nus.

428 5681 691 5724 tristianus.

447 5735 648 5797 (b}\id.
674 5743 831 5786 Enarr.
859 5739 906 5787 in
926 5737 1043 5788 Psal.
1068 5736 1145 5799 40,
1169 5751 1218 5787 n.
1249 5737 1322 5799 li,
1344 5743 1391 5787 et
1417 5737 1462 5786 in
1482 5736 1599 5787 t‘sal.
1624 5736 1704 5798 56,
1728 5751 1775 5785 ιι.
1803 5738 1848 5786 Ω.

2100 456 2148 501 te
2175 445 2393 516 dimitto,
2437 450 2535 505 nisi
2575 453 2884 511 beneditceris
2930 474 3023 513 me.
3070 461 3135 515 Et
3174 462 3444 520 benedixit
3483 468 3623 522 illum
3656 490 3670 525 :

2091 538 2401 607 quomodo?
2436 540 2687 598 Mutando
2715 546 2789 599 illi
2814 561 3029 603 nomen.
3064 550 3185 606 Non
3211 555 3461 611 vocaberis
3485 557 3667 624 Iacob,

2094 628 2183 680 sed
2215 627 2382 683 Israel
2407 644 2428 684 :
2460 634 2695 702 quosnam
2723 639 3030 705 pramatuisti
3056 657 3170 695 cum
3200 642 3336 707 Deo,
3379 649 3670 716 prtcvntcbis

2093 728 2141 771 ct
2165 736 2278 772 cum
2303 723 2587 778 hominibus
2612 724 2763 794 (Gen.
2794 745 2963 795 xxxu,
2987 733 3200 806 24-28).
3231 737 3332 791 Ista
3369 740 3669 799 benedimio

2092 818 2193 862 εει.
2218 809 2406 867 Videte
2426 829 2586 868 unutn
2608 815 2879 873 hominem
2901 838 2914 874 :
2943 837 3006 876 ex
3028 833 3178 893 parte
3199 830 3446 898 tangitur,
3466 841 3519 887 et
3548 850 3668 890 are-

2093 899 2220 960 scit;
2244 910 2298 954 et
2315 917 2376 954 cx
2403 912 2553 972 parte
2578 905 2924 963 bcncdicitur.
2946 911 3063 981 Ipse
3084 930 3219 970 unus
3245 918 3406 975 homo
3432 937 3495 976 ex
3519 936 3669 992 parte

2092 991 2251 1058 aruit,
2293 1000 2347 1047 et
2373 994 2664 1062 claudicat;
2693 1008 2746 1054 et
2779 1015 2842 1055 ex
2872 1013 3021 1071 parte
3047 1007 3393 1077 benedicitur,
3428 1024 3479 1069 et
3508 991 3666 1085 viget.

2165 1084 2216 1136 7.
2258 1083 2479 1156 Angelus
2523 1092 2677 1144 teneri
2719 1094 2892 1149 nolens
2939 1098 3062 1164 quid
3097 1101 3361 1172 signiﬁcet.
3403 1107 3539 1173 Quid
3564 1083 3672 1165 est

2090 1182 2266 1228 autem
2305 1175 2323 1242 (
2365 1187 2618 1245 quantum
2664 1182 2916 1240 Dominus
2956 1192 3208 1259 suggerit,
3258 1194 3501 1262 dicimus,
3551 1200 3667 1257 sine

2092 1266 2398 1335 pra'jndicio
2423 1272 2657 1328 melioris
2685 1275 3015 1353 intellectus)
3048 1284 3209 1353 :quid
3239 1295 3340 1352 est,
3374 1287 3501 1342 Ecce
3522 1307 3669 1346 mane

2080 1355 2195 1423 jam
2221 1359 2371 1425 venit,
2404 1361 2599 1417 dimitte
2638 1368 2758 1419 me?
2785 1367 2897 1424 Hoc
2939 1380 3023 1425 est
3066 1375 3206 1442 quod
3248 1377 3501 1435 Dominus
3540 1382 3669 1438 dicit

2091 1455 2211 1543 post
2242 1450 2544 1543 passionem
2584 1455 2821 1524 mulieri,
2850 1474 2969 1530 quae
2999 1464 3209 1520 volebat
3246 1467 3319 1521 illi
3356 1478 3536 1527 tenere
3566 1489 3666 1543 pe-

2089 1535 2226 1590 des:
2264 1538 2392 1593 Noli
2432 1558 2509 1596 me
2535 1550 2776 1616 tangere;
2800 1550 3022 1604 nondum
3046 1555 3182 1606 enim
3219 1560 3422 1612 escendi
3458 1561 3527 1613 ad
3558 1535 3666 1615 Pa-

2088 1634 2216 1680 trem
2247 1627 2436 1722 (deum
2455 1648 2552 1699 xx,
2576 1636 2684 1706 17).
2711 1637 2844 1704 Quid
2865 1649 2951 1695 est
2977 1642 3112 1696 hoc?
3138 1644 3268 1701 Nam
3298 1657 3349 1703 et
3377 1665 3497 1704 cum
3521 1653 3664 1722 lege-

2090 1724 2238 1810 retur
2265 1718 2379 1787 ipsa
2427 1721 2604 1788 lectio,
2639 1730 2858 1783 tractavi
2889 1731 3012 1788 inde
3057 1735 3359 1805 aliquando,
3399 1718 3665 1810 quomodo

2087 1806 2373 1877 diceretur,
2415 1812 2542 1869 Noli
2567 1832 2647 1872 me
2676 1828 2913 1891 tangere;
2953 1826 3177 1880 nondum
3214 1806 3433 1884 escendi
3457 1835 3524 1886 ad
3552 1834 3663 1889 Pa-

2088 1909 2234 1956 trem.
2274 1904 2485 1971 Quare?
2536 1908 2704 1966 Nemo
2747 1914 2893 1968 illum
2944 1918 3115 1988 tetigit
3160 1925 3529 1993 corporaliter,
3563 1928 3664 1983 nisi

2086 2006 2210 2086 cum
2244 1997 2483 2086 ascendit
2508 2000 2576 2054 ad
2614 2001 2869 2058 Patrem?
2897 2006 3086 2063 Adhuc
3128 2010 3216 2066 hic
3257 2024 3392 2080 erat,
3434 2018 3666 2086 palpavit

2087 2082 2363 2177 cicatrices
2385 2086 2677 2159 discipulus
2706 2093 2794 2162 qui
2825 2110 2930 2149 non
2957 2082 3665 2177 credebatQuomddo-ergo

2088 2175 2304 2231 nolebat
2326 2192 2386 2234 se
2415 2181 2577 2250 tangi,
2620 2184 2721 2239 nisi
2745 2188 2868 2254 quia
2912 2188 3013 2242 hoc
3049 2190 3270 2260 ﬁgurate
3302 2196 3500 2250 dictum
3544 2175 3665 2253 est?

2088 2262 2181 2318 Illa
2212 2267 2405 2322 mulier
2440 2270 2678 2328 Ecclesia
2707 2283 2828 2330 erat
2872 2295 2885 2332 :
2913 2287 2968 2333 et
2996 2279 3097 2335 hoc
3124 2290 3238 2346 est,
3285 2283 3415 2339 Noti
3443 2304 3521 2341 me
3549 2299 3664 2343 tan-

2088 2373 2223 2427 gere,
2246 2359 2363 2451 noli
2406 2377 2492 2417 me
2541 2367 2827 2423 carnaliter
2872 2376 3122 2442 tangere;
3171 2376 3264 2430 sed
3305 2380 3475 2448 qualis
3521 2397 3663 2451 sum,

2088 2450 2309 2518 aequalis
2328 2452 2490 2507 Patri.
2514 2455 2642 2512 Noli
2668 2476 2746 2512 me
2770 2470 2973 2532 tangere
2997 2481 3017 2517 :
3042 2466 3163 2535 quia
3184 2483 3288 2523 non
3308 2486 3414 2537 me,
3432 2474 3525 2527 sed
3550 2450 3666 2529 car?

2086 2554 2211 2595 nem
2236 2557 2409 2597 meam
2440 2547 2631 2616 tangis.
2665 2549 2801 2605 Dicit
2826 2553 2966 2607 enim
3000 2554 3053 2609 in
3084 2558 3360 2615 evectione
3391 2563 3660 2630 profectus

2086 2635 2169 2687 sui
2207 2635 2417 2703 Paulus,
2462 2638 2531 2694 Et
2559 2643 2605 2695 si
2630 2659 2924 2700 noveramus
2961 2651 3237 2704 secundum
3279 2669 3480 2709 carnem
3510 2657 3663 2712 Chri-

2088 2734 2241 2791 stum,
2270 2727 2359 2781 sed
2388 2745 2519 2783 nunc
2554 2733 2668 2800 jam
2695 2750 2794 2788 non
2823 2738 3088 2801 novimus;
3123 2748 3197 2809 et,
3249 2741 3428 2799 Vetera
3453 2751 3666 2802 (musico

2088 2824 2225 2881 runt,
2248 2833 2358 2871 ecce
2375 2823 2512 2891 facta
2536 2832 2654 2876 sunt
2678 2840 2840 2889 nova;
2859 2829 3030 2881 omnia
3057 2840 3223 2885 autem
3247 2850 3311 2887 ea:
3333 2834 3437 2889 Deo
3459 2836 3519 2909 (ll
3540 2837 3661 2894 Cor.

2090 2922 2145 2973 γ,
2174 2908 2380 2979 16-18).
2411 2911 2548 2979 Quid
2582 2922 2684 2977 est.
2715 2915 2781 2969 Et
2822 2918 2868 2970 si
2894 2935 3192 2977 noveramus
3229 2908 3501 2981 secundum
3544 2947 3662 2984 car—

2088 3015 2202 3053 nem
2254 3001 2538 3070 Christum,
2590 3004 2679 3060 sed
2732 3023 2866 3061 nunc
2908 3010 3026 3079 jam
3080 3028 3181 3066 non
3228 3017 3490 3072 norimus?
3533 3018 3666 3087 Quia

2089 3092 2304 3161 quando
2348 3108 2470 3148 eum
2499 3097 2786 3152 carnaliter
2831 3114 3167 3169 noveramus,
3202 3118 3304 3159 non
3346 3107 3665 3176 putabamus

2087 3182 2190 3237 nisi
2217 3184 2340 3253 quia
2371 3184 2534 3241 homo
2553 3196 2670 3243 erat
2691 3197 2891 3246 tantum
2923 3208 2936 3245 :
2961 3201 3015 3247 at
3040 3209 3166 3249 vero
3192 3205 3469 3270 postquam
3497 3206 3662 3273 gratia

2089 3273 2205 3341 ejus
2232 3275 2406 3331 illusit
2437 3277 3000 3343 nobis,‘intelleximus
3022 3285 3251 3343 Verbum
3273 3294 3478 3361 aequale
3500 3295 3663 3350 Patri.

2088 3363 2327 3421 Tenebat
2353 3383 2499 3438 ergo,
2538 3378 2594 3425 et
2638 3372 2952 3439 luctabatur,
2985 3379 3132 3446 quasi
3180 3393 3302 3435 eum
3333 3386 3529 3439 carnali
3563 3385 3660 3439 ha-

2088 3455 2199 3511 bitu
2218 3458 2234 3488 ¹
2264 3456 2429 3513 Jaeob
2452 3462 2700 3530 amplecti
2729 3463 2934 3520 volens.
2979 3466 3068 3523 Ille
3092 3477 3268 3526 autem
3296 3472 3525 3541 dicebat,
3557 3475 3656 3530 Di-

2087 3548 2227 3603 mitte
2252 3565 2360 3613 nte;
2389 3551 2674 3606 carnaliter
2705 3570 2716 3605 :
2758 3542 2877 3624 quia
2904 3572 3016 3610 ecce
3032 3560 3146 3626 jam
3175 3577 3323 3615 mane
3346 3574 3436 3629 est,
3472 3573 3529 3618 ut
3554 3566 3660 3634 spi-

2092 3636 2356 3693 ritualiter
2383 3639 2700 3696 illumineris
2730 3663 2744 3697 :
2776 3644 2826 3697 id
2870 3654 2971 3710 εει,
3000 3646 3116 3702 Noli
3157 3665 3242 3703 me
3270 3662 3454 3721 putare
3486 3655 3660 3709 homi-

2088 3741 2208 3782 nem
2231 3729 2272 3781 '.
2313 3727 2553 3796 Dimitte,
2601 3733 2720 3802 quia
2761 3734 2876 3803 jam
2926 3751 3074 3791 mane
3110 3748 3200 3792 est.
3241 3740 3392 3796 Mane
3440 3743 3490 3798 in
3545 3746 3664 3803 luce

2087 3818 2326 3873 veritatis
2350 3819 2725 3886 intelleximus,
2752 3832 2809 3878 et
2848 3822 3143 3894 sapientia),
3183 3845 3277 3898 per
3322 3848 3479 3900 quam
3521 3833 3658 3889 facta

2086 3916 2212 3964 sunt
2238 3910 2437 3964 omnia.
2456 3911 2572 3981 Ipsa
2603 3913 2909 3983 perfrueris,
2937 3931 3057 3972 cum
3109 3934 3214 3973 nox
3244 3921 3340 3975 ista
3371 3925 3658 3988 transierit,

2086 3999 2187 4055 hoc
2213 4009 2317 4066 est,
2346 4001 2596 4073 iniquitas
2627 4003 2783 4074 hujus
2808 4008 3009 4061 sa-culi.
3032 4008 3182 4062 Tunc
3200 4010 3345 4065 enim
3370 4012 3455 4066 lict
3482 4029 3659 4078 mane,

2084 4106 2204 4146 cum
2232 4094 2438 4146 venerit
2467 4093 2739 4158 Dominus,
2768 4104 2824 4148 ut
2853 4096 2922 4149 ita
2947 4112 2977 4151 a
3008 4098 3158 4153 nobis
3178 4099 3439 4168 videatur,
3470 4118 3656 4172 quem-

2085 4185 2370 4238 admodum
2396 4184 2463 4237 ah
2483 4185 2702 4254 Angelis
2726 4185 2954 4239 videtur.
2980 4186 3113 4255 Quia
3141 4205 3280 4244 nunc
3308 4191 3544 4247 videmus
3568 4209 3663 4265 per

2084 4276 2355 4343 speculum
2396 4274 2446 4329 in
2494 4276 2793 4343 mnigmate,
2828 4287 2951 4332 tunc
2992 4289 3166 4334 autem
3199 4280 3332 4336 facie
3371 4282 3437 4336 ad
3471 4282 3657 4338 faciem

2084 4369 2124 4437 (l
2147 4366 2264 4424 Cor.
2283 4383 2396 4430 xm,
2422 4368 2534 4436 l2).
2555 4368 2857 4425 Teueamus
2884 4386 3010 4442 ergo
3026 4371 3148 4438 hoc,
3179 4371 3387 4437 fratres,
3407 4375 3547 4444 quod
3574 4375 3658 4430 di-

2083 4468 2225 4514 ctum
2243 4467 2342 4522 est,
2376 4458 2583 4514 Dimitte
2600 4476 2697 4525 me,
2729 4462 2845 4531 quia
2864 4463 2974 4534 jam
3002 4479 3149 4516 mane
3173 4473 3262 4517 est.
3292 4464 3396 4519 Sed
3429 4466 3515 4520 ille
3533 4465 3657 4536 quid

2083 4551 2214 4606 dixit
2233 4593 2248 4613 ,
2286 4550 2405 4606 Non
2433 4561 2480 4605 te
2506 4551 2774 4613 dimittam,
2812 4554 2909 4606 nisi
2940 4569 3019 4607 me
3044 4552 3390 4609 bcucdixeris?
3409 4555 3539 4623 Quia
3569 4574 3662 4627 per

2083 4656 2295 4696 carnem
2327 4656 2424 4696 nos
2475 4641 2619 4712 prius
2647 4642 2911 4698 benedicit
2934 4643 3209 4698 Dominus.
3242 4644 3439 4701 Norunt
3477 4646 3662 4702 fideles

2083 4734 2208 4805 quid
2253 4734 2548 4802 accipiunt;
2597 4734 2718 4803 quia
2764 4748 2859 4803 per
2894 4749 3108 4789 carnem
3149 4734 3562 4803 benedicuntur;
3608 4745 3662 4791 et

2082 4825 2255 4878 sciunt
2297 4825 2416 4894 quia
2462 4838 2564 4878 non
2596 4832 2776 4879 essent
2813 4825 3096 4891 benedicti,
3139 4826 3237 4880 nisi
3269 4842 3394 4881 caro
3418 4827 3503 4881 illa
3531 4846 3657 4883 crn-

2081 4917 2233 4970 ciﬁxa
2260 4916 2476 4971 daretur
2502 4930 2598 4984 pro
2625 4915 2804 4970 sazculi
2835 4917 2960 4971 vita.
2990 4917 3269 4983 Quomodo
3294 4928 3467 4971 autem
3498 4919 3662 4971 liene-

2081 5009 2312 5063 dicitur?
2342 5007 2472 5073 Quia
2519 5010 2790 5077 prmvaluit
2822 5008 2953 5074 Deo,
2981 5010 3102 5079 quia
3142 5009 3309 5064 tenuit
3346 5008 3571 5074 fortiter,
3608 5020 3662 5065 et

2082 5100 2458 5172 perseveravit,
2484 5109 2540 5156 et
2559 5100 2628 5156 de
2656 5102 2899 5158 manibus
2926 5117 3030 5156 non
3057 5101 3279 5166 dimisit,
3310 5101 3451 5173 quod
3479 5104 3657 5157 amisit

2081 5194 2270 5251 Adam.
2300 5194 2598 5251 Teneamus
2623 5210 2766 5269 ergo,
2779 5195 3122 5270 ﬁdeles,quod
3149 5197 3470 5268 accepimus,
3496 5206 3549 5253 ut
3571 5197 3657 5251 hcc

2081 5289 2251 5345 ncdici
2279 5304 2595 5344 mereamur.

2149 5381 2202 5436 8.
2246 5380 2405 5436 Jacob
2454 5389 2501 5435 et
2550 5380 2834 5436 benedictus
2885 5389 2932 5435 et
2981 5380 3296 5435 claudicans.
3334 5378 3464 5433 Pars
3502 5377 3655 5432 arida

2141 5488 2155 5518 ι
2183 5494 2231 5535 In
2254 5494 2380 5544 Mss.,
2403 5484 2539 5548 quasi
2554 5498 2665 5549 cum
2681 5483 2867 5549 «tamab
2887 5482 3068 5549 habitu;
3260 5542 3272 5549 -
3516 5539 3543 5549 ..

2137 5551 2156 5579 ³
2180 5549 2252 5596 sic
2276 5548 2324 5596 in
2345 5539 2446 5598 aias.
2462 5555 2515 5597 At
2537 5549 2584 5597 iu
2603 5548 2745 5598 editis
2758 5547 2963 5595 deerant
2985 5544 3150 5593 isthmc
3172 5542 3339 5599 verba,
3358 5539 3617 5590 carnaliter
3635 5580 3647 5591 .

2075 5609 2188 5676 quia
2204 5623 2313 5658 ecce
2325 5608 2435 5669 jam
2455 5616 2702 5676 utare-est,
2726 5616 2777 5657 ut
2795 5604 3116 5676 spiritualiter
3142 5601 3423 5676 ilhtmiueris
3452 5616 3469 5651 :
3494 5602 3647 5654 idest.

2074 5665 2176 5723 Soli
2198 5684 2272 5719 me
2295 5665 2462 5733 putare
2476 5665 2727 5721 hominem.
2748 5665 3068 5733 Dimittat—tn.
3078 5673 3151 5733 _B.,
3166 5678 3311 5725 super
3335 5665 3453 5714 hanc
3466 5679 3650 5722 vacent,

2076 5727 2329 5792 hominem,
2347 5739 2535 5781 notatur
2560 5734 2607 5781 in
2626 5731 2860 5794 margine,
2885 5727 3105 5790 subaudi,
3132 5747 3151 5773 «
3174 5735 3374 5778 tantum.
3395 5744 3416 5771 ι»
3517 5735 3572 5775 Μ.
