4024 6202
326 322 335 331 ξ
407 317 476 375 59
1635 264 1694 360 ς.
1736 300 1992 362 sucus!

2103 349 2105 354 ,
2143 296 2449 365 Ειτιδιζῖὺἲῐ
3339 361 3342 365 .
3611 315 3679 371 60

404 431 570 488 Jacob
593 429 930 508 (Christianos
956 427 1128 484 malos
1173 423 1466 497 signiﬁcat;
1495 432 1557 513 ut.
1588 422 1638 513 in
1679 423 1795 491 ipso
1822 419 1987 476 Iacob

408 530 463 577 et
491 504 793 577 benedictio
827 519 916 584 sit,
960 526 1015 573 et
1054 515 1395 572 claudicatio.
1444 506 1759 568 Benedictus
1804 518 1884 566 est
1917 523 1985 563 ex

408 623 559 685 parte
587 614 725 670 bene
749 611 1060 676 viventium,
1086 608 1351 665 claudicat
1371 623 1436 662 cx
1468 615 1617 677 parte
1648 604 1787 660 male
1809 605 1989 659 viven-

408 706 564 761 tium.
592 702 698 759 Sed
734 700 910 757 adbuc
936 700 988 754 in
1021 715 1126 754 uno
1156 698 1376 753 homine
1404 704 1489 752 est
1529 706 1812 765 utrumque
1846 712 1859 748 :
1887 693 1990 749 erit

408 810 588 854 autem
615 793 901 864 diremptio
937 800 992 847 et
1032 790 1285 846 discretio
1312 786 1708 878 postea;un
1744 794 1889 878 pptat
1933 787 1985 838 in

411 884 621 939 Psalmo
645 884 907 949 Ecclesia,
929 882 1114 938 dicens
1141 898 1155 934 :
1187 879 1378 934 Judica
1397 895 1496 942 me,
1524 877 1678 941 Deus,
1696 877 1989 931 et’discerne

411 991 615 1028 causam
641 992 800 1029 meam
830 975 892 1029 de
934 983 1078 1045 gente
1101 990 1203 1027 non
1229 981 1405 1027 sancta
1436 968 1609 1043 (Psal.
1642 985 1769 1036 xui,
1803 968 1877 1038 1).
1913 967 1987 1020 Ita

410 1083 560 1133 sane,
589 1067 710 1135 quia
740 1066 868 1121 dicit
894 1065 1260 1135 Evangelium,
1300 1062 1360 1118 Si
1390 1060 1804 1117 scandalizath
1834 1069 1880 1112 te
1903 1075 1989 1129 pes

412 1167 549 1219 tuus,
574 1156 810 1210 abscinde
833 1148 945 1209 cum
963 1165 1010 1210 et
1039 1157 1230 1225 projice
1263 1155 1352 1208 abs
1393 1164 1458 1207 te.
1491 1151 1710 1223 Expedit
1744 1150 1877 1204 enim
1901 1148 1989 1201 tibi

410 1264 567 1301 unum
598 1247 771 1317 pedem
810 1246 1069 1300 habentem
1111 1246 1302 1300 intrare
1341 1247 1393 1298 in
1424 1259 1632 1315 regnum
1678 1241 1790 1307 Dei,
1837 1256 1990 1311 quam

409 1354 523 1392 cum
572 1338 767 1391 duobus
815 1337 1022 1407 pedibus
1062 1338 1137 1391 ire
1183 1336 1236 1391 iu
1263 1336 1428 1407 ignem
1476 1344 1719 1389 «ternum
1773 1330 1983 1404 (Matth.

415 1444 574 1497 xvm,
613 1428 691 1498 8).
723 1429 812 1483 Isti
851 1443 978 1499 ergo
1018 1427 1145 1482 mali
1198 1425 1479 1497 prmscindi
1523 1425 1719 1480 habent
1759 1425 1811 1478 in
1861 1423 1986 1477 ﬁne.

415 1520 571 1575 Modo
600 1520 787 1576 clauda
823 1529 905 1576 est
934 1519 1189 1585 Ecclesia,
1221 1533 1383 1573 unum
1426 1517 1611 1584 pedem
1658 1515 1865 1569 fortiter
1892 1530 1992 1583 po-

416 1611 513 1676 nit,
542 1611 770 1665 alterum
799 1610 1081 1665 invalidum
1108 1609 1287 1664 habet.
1315 1609 1555 1678 Paganos
1582 1605 1858 1672 attendite,
1888 1604 1992 1659 fra-

413 1709 546 1755 tres.
606 1700 887 1755 luveniunt
929 1698 1213 1770 aliquando
1259 1699 1592 1755 Christianos
1633 1696 1824 1764 bonos,
1872 1712 1990 1751 ser-

415 1792 623 1846 vientes
658 1791 788 1857 Deo,
826 1800 878 1844 ct
919 1790 1269 1855 admirantur,
1315 1797 1372 1844 et
1404 1787 1755 1851 adducuntur,
1785 1794 1841 1842 et
1868 1800 1991 1840 cre-

419 1882 572 1935 dunt.
601 1880 898 1951 Aliquando
921 1880 1202 1936 attendunt
1228 1879 1367 1934 male
1391 1878 1647 1944 viventes,
1675 1885 1730 1932 et
1758 1877 1936 1932 dicunt
1974 1894 1988 1930 :

416 1973 555 2029 Ecce
577 1971 891 2028 Christiani!
938 1971 1045 2027 Sed
1086 1972 1168 2026 isti
1200 1972 1338 2026 male
1382 1971 1618 2026 viventes
1656 1969 1724 2025 ad
1753 1968 1990 2023 latitudi-

414 2079 538 2119 nem
563 2065 829 2134 pertinent
850 2063 1066 2117 femoris
1094 2062 1259 2118 Jacob
1281 2061 1425 2128 tacti,
1457 2063 1545 2131 qui
1572 2061 1712 2115 aruit
1731 2062 1771 2113 ¹.
1800 2059 1993 2115 Tactus

413 2165 592 2211 autem
625 2157 854 2222 Domini,
891 2170 1077 2208 manus
1100 2163 1183 2210 est
1215 2154 1425 2209 Domini
1451 2153 1747 2224 corripiens
1785 2162 1840 2208 et
1861 2152 1996 2207 vivi-

418 2247 599 2303 ﬁcans.
634 2247 759 2303 Ideo
781 2263 844 2302 ex
880 2257 1026 2315 parte
1052 2245 1404 2310 benedicitur,
1428 2254 1484 2302 et
1507 2261 1578 2301 ex
1605 2253 1757 2316 parte
1778 2245 1993 2301 arescit.

418 2337 484 2392 Et
513 2337 644 2394 istos
674 2337 810 2392 male
838 2337 1076 2393 viventes
1104 2337 1156 2390 in
1174 2336 1411 2391 Ecclesia
1440 2336 1675 2390 ostendit
1705 2335 1991 2401 Dominus;

418 2429 540 2498 quia
560 2428 682 2484 inde
701 2437 782 2484 est
804 2428 942 2498 quod
970 2429 1224 2498 scriptum
1241 2437 1323 2483 est
1345 2428 1396 2481 in
1418 2428 1726 2493 Evangelio,
1741 2429 1860 2498 quia
1881 2445 1995 2481 um

416 2522 644 2577 crevisset
673 2521 845 2586 herba,
881 2529 1225 2592 apparuerunt
1248 2520 1446 2573 zizania
1475 2535 1494 2573 :
1517 2520 1641 2589 quia
1668 2535 1787 2573 cum
1813 2533 1995 2587 cmpe-

417 2611 524 2665 rint
549 2610 787 2666 homines
818 2613 1098 2681 prolicere,
1132 2618 1258 2664 tunc
1287 2608 1545 2678 incipiunt
1572 2608 1741 2663 malos
1770 2610 1991 2663 sentire.

423 2702 547 2757 llaec
571 2711 695 2756 nota
719 2710 845 2756 sunt
870 2703 1041 2766 vobis,
1082 2716 1145 2755 ex
1170 2701 1311 2756 dono
1337 2700 1430 2755 Dei
1467 2700 1693 2756 efﬁcitur
1720 2707 1778 2754 ut
1802 2715 2000 2771 cogno-

420 2803 653 2850 scantur.
694 2793 800 2849 Sed
831 2794 992 2849 modo
1033 2793 1304 2848 toleranda
1329 2802 1458 2849 sunt
1488 2794 1692 2847 zizania
1730 2808 1901 2863 usque
1929 2793 1997 2847 ad

420 2885 577 2941 linem
600 2887 811 2950 messis,
843 2902 912 2942 ne
937 2886 1076 2942 forte
1095 2886 1416 2941 eradicaudo
1448 2886 1671 2953 zizania,
1697 2886 2000 2942 cradicetur

418 2976 656 3032 simulet
698 2976 927 3031 triticum
963 2975 1071 3047 (Id.
1104 2976 1325 3041 xui,26,
1348 2976 1439 3043 29,
1469 2977 1581 3048 50).
1605 2976 1793 3032 Veniet
1816 2986 1994 3033 autem

419 3075 629 3138 tempus
678 3075 736 3121 ut
781 3067 1092 3123 exaudiatur
1132 3067 1367 3123 Ecclesia
1410 3069 1613 3134 dicens,
1665 3066 1856 3123 Indica
1895 3085 1994 3136 me,

421 3154 583 3222 Deus,
607 3165 655 3212 et
682 3157 908 3211 discerne
949 3173 1155 3211 causam
1184 3173 1347 3211 meam
1388 3156 1452 3212 de
1474 3167 1622 3228 gente
1647 3173 1748 3212 non
1773 3168 1949 3212 sancta
1979 3175 1999 3212 :

420 3265 535 3303 cum
560 3248 807 3304 Dominus
833 3251 1018 3304 venerit
1048 3250 1101 3304 in
1126 3250 1359 3304 claritate
1383 3267 1476 3304 sua
1498 3268 1614 3304 cum
1644 3251 1848 3321 Angelis
1874 3269 1996 3307 san-

419 3341 530 3407 ctis,
559 3350 606 3395 et
635 3342 933 3412 colligentur
963 3351 1079 3397 ante
1113 3359 1225 3397 eum
1251 3359 1422 3398 omnes
1444 3353 1634 3415 gentes,
1658 3353 1707 3398 et
1722 3344 1998 3416 segregabit

418 3451 521 3498 cos,
549 3436 677 3489 sicut
717 3445 889 3506 pastor
924 3445 1149 3506 segregat
1178 3452 1290 3491 oves
1313 3436 1376 3490 ab
1419 3438 1580 3491 haedis
1620 3453 1638 3491 :
1676 3446 1722 3491 et
1754 3447 2000 3507 ponentur

420 3526 542 3590 iusti
568 3526 636 3579 ad
665 3527 942 3592 dexteram,
966 3527 1098 3582 lia'di
1126 3538 1292 3581 autem
1306 3528 1375 3580 ad
1398 3528 1653 3582 sinistram
1680 3544 1699 3582 :
1723 3537 1778 3583 et
1802 3530 1903 3583 illis
1917 3530 2000 3584 di-

419 3622 591 3683 octur,
636 3614 824 3681 Venite,
850 3615 1094 3670 benedicti
1121 3615 1291 3671 Patris
1324 3616 1442 3684 mei,
1475 3617 1715 3687 percipite
1739 3634 1949 3689 regnum
1977 3636 1997 3684 ;

418 3706 525 3760 illis
548 3717 746 3772 autem,
778 3708 858 3763 Ite
899 3710 951 3763 in
977 3709 1142 3779 ignem
1165 3718 1435 3775 internum,
1463 3711 1550 3781 qui
1588 3722 1904 3782 praeparatus
1925 3723 1998 3769 est

419 3798 620 3854 diabolo
648 3810 696 3853 et
722 3802 913 3871 angelis
942 3803 1050 3871 eius
1076 3801 1183 3872 (Id.
1210 3818 1335 3868 xxv,
1362 3804 1573 3875 51-41).

949 3913 1180 3969 snnno
1220 3914 1317 3968 vr
1361 3916 1459 3986 (a).

494 4021 572 4077 De
596 4040 652 4078 eo
675 4023 809 4095 quod
834 4025 1075 4094 apparuit
1114 4022 1361 4080 Dominus
1388 4025 1555 4099 Moysi
1586 4029 1638 4082 in
1676 4029 1798 4084 rubo
1822 4029 1921 4102 (ὁ).

490 4134 713 4191 CAPUT
754 4136 1037 4193 PRIMUM.
1066 4168 1139 4179 —
1165 4139 1216 4193 1.
1243 4139 1507 4206 Quomodo
1539 4140 1673 4197 Deus
1702 4141 1872 4214 Moysi
1898 4160 1995 4215 ap-

421 4225 607 4296 paruit.
622 4256 692 4266 —
710 4224 840 4283 Cum
873 4236 1071 4282 sancta:
1093 4227 1350 4285 lectiones
1374 4230 1699 4302 legerentur,
1717 4232 1770 4289 in
1793 4247 1856 4288 ea
1876 4249 1997 4305 quae

417 4318 612 4387 scripta
640 4325 763 4373 sunt
792 4318 843 4373 in
863 4320 1033 4391 prima
1062 4319 1309 4386 lectione,
1332 4336 1450 4391 quae
1472 4322 1627 4379 nobis
1650 4325 1868 4380 recitata
1891 4336 1994 4394 est,

417 4408 598 4463 animo
620 4408 959 4474 intendimus,
989 4418 1045 4464 et
1068 4424 1131 4464 ea
1161 4425 1278 4480 qua:
1308 4412 1565 4468 Dominus
1593 4418 1847 4485 suggerit,
1872 4416 1995 4472 bre-

418 4498 556 4553 viter
577 4511 696 4552 cum
722 4504 902 4552 vestra
924 4498 1217 4556 Sanctitate
1255 4501 1570 4573 participare
1607 4519 1857 4560 curamus
1883 4527 1896 4561 :
1929 4523 1996 4563 ne

418 4587 701 4643 carnaliter
753 4587 1075 4658 accipientes
1128 4588 1306 4648 divina
1351 4593 1625 4663 mysteria,
1671 4609 1776 4649 non
1821 4596 1993 4651 solum

418 4692 522 4731 non
554 4675 860 4746 proﬁciatis,
906 4676 1000 4734 sed
1042 4679 1202 4734 etiam
1247 4678 1525 4736 deﬁciatis.
1567 4681 1810 4740 Occurrit
1850 4686 1992 4743 enim

417 4768 591 4836 primo
614 4768 918 4836 aspectibus
944 4769 1140 4824 uostris
1165 4784 1230 4825 ex
1255 4770 1343 4825 illa
1373 4771 1600 4829 lectione
1629 4774 1827 4842 divina,
1850 4777 1994 4848 quod

416 4858 559 4914 Deus
597 4860 841 4930 apparuit
877 4859 1062 4933 Moysi.
1092 4861 1365 4933 Apparcre
1405 4874 1580 4921 autem
1612 4882 1707 4937 per
1743 4870 1992 4925 substan-

419 4949 544 5005 tiam
558 4963 728 5016 suam,
750 4949 905 5007 sicuti
931 4959 1034 5019 est,
1061 4952 1269 5008 nonnisi
1287 4954 1498 5010 mundis
1526 4957 1776 5015 cordibus
1800 4960 1994 5031 digna-

416 5051 519 5096 tur.
577 5043 667 5099 Sic
729 5043 869 5099 enim
928 5042 1183 5115 scriptum
1251 5054 1334 5100 est
1376 5045 1429 5102 in
1486 5048 1773 5118 Evangelia
1806 5070 1818 5107 :
1849 5051 1994 5108 Beati

413 5133 605 5186 nmndo
623 5134 791 5199 corde,
809 5135 1045 5205 quoniam
1065 5135 1162 5207 ipsi
1177 5134 1336 5191 Deum
1358 5137 1588 5193 videbunt
1603 5138 1812 5213 (Matth.
1827 5158 1881 5208 γ,
1910 5144 1988 5216 8).

412 5222 597 5277 Oculis
628 5233 806 5278 autem
832 5226 1198 5293 corporalibus
1222 5237 1525 5284 sanctorum
1550 5230 1595 5284 si
1616 5231 1829 5302 quando
1853 5233 1991 5291 Deus

474 5376 493 5410 ¹
516 5378 588 5429 Sic
608 5384 712 5428 Mss.
737 5376 855 5428 Εὐίιί
878 5389 1016 5437 vero,
1036 5375 1149 5442 quia
1170 5385 1415 5431 anserum.

475 5460 492 5478 ’
516 5461 802 5511 Emendatus
824 5468 902 5511 est
931 5460 989 5511 ad
1013 5460 1074 5511 cl.
1100 5474 1143 5511 r.
1166 5476 1211 5513 v.
1231 5462 1367 5513 Ulim.
1395 5472 1495 5514 Par.
1521 5472 1629 5516 nov.

472 5534 545 5656 (41;
569 5535 707 5609 Alias.
723 5537 793 5610 _de
815 5539 1027 5589 Diversis
1050 5539 1127 5588 17.

495 5594 523 5643 b
563 5599 796 5649 Possidius
817 5599 864 5648 in
889 5600 1112 5656 lndiculo.

495 5594 545 5665 _b)
563 5599 796 5665 Possidius
817 5599 864 5665 in
889 5600 1112 5662 lndiculo,
1140 5614 1243 5665 cap.
1269 5601 1317 5661 8,
1342 5614 1619 5654 sermonem
1645 5606 1773 5657 hunc.
1795 5608 1990 5661 \idellit'

413 5656 622 5706 iudicare
644 5664 737 5733 isto
756 5661 935 5733 ti_tulo_:
968 5669 1072 5712 «De
1091 5656 1228 5733 virga
1252 5656 1483 5733 conversa
1515 5667 1564 5716 in
1607 5656 1989 5733 serpentem—{ct

417 5736 439 5763 ι
463 5730 595 5766 niani:
617 5722 846 5779 colorata,
872 5728 915 5771 ei
943 5733 1065 5784 aqua
1088 5725 1133 5773 in
1158 5722 1460 5787 sanguinein.
1482 5743 1504 5773 ν

2096 419 2262 474 voluit
2281 434 2558 493 apparere,
2581 435 2685 479 non
2704 437 2799 494 per
2825 439 2882 481 se
2909 426 3102 496 ipsum,
3131 430 3225 485 sed
3253 444 3346 500 per
3377 441 3672 489 creaturam

2095 509 2354 564 visibilem
2387 521 2545 580 atque
2569 513 2898 578 scnsibilem,
2936 525 3190 586 quantum
3233 518 3331 574 ista
3356 535 3514 576 carne
3540 538 3666 577 seu-

2095 597 2179 651 tiri
2208 607 2401 668 potest,
2432 602 2702 669 apparuit;
2741 602 2824 656 vel
2863 619 2959 674 per
2995 621 3181 660 vocem
3223 617 3500 663 sonantem
3528 614 3672 666 auri-

2095 690 2213 755 bus,
2247 690 2331 743 vel
2359 705 2458 760 per
2485 692 2660 761 ignem
2690 694 2880 760 oculis,
2908 695 2992 748 vel
3023 710 3116 765 per
3140 697 3384 768 angelum
3418 700 3469 753 in
3497 700 3673 769 aliqua

2094 781 2286 835 γίδίὺὶιί
2311 782 2490 851 specie
2515 793 2879 852 apparentem,
2908 786 3000 840 sed
3028 802 3307 857 personam
3338 791 3430 845 Dei
3460 802 3674 861 gestari-

2096 880 2222 925 tem.
2280 871 2369 926 Sic
2427 872 2803 942 intelligimus,
2849 875 3075 943 fratres,
3135 881 3443 948 apparuisse
3506 882 3674 953 Moysi

2099 963 2283 1017 Deum.
2330 963 2443 1018 Non
2470 966 2614 1020 enim
2645 967 2895 1036 majestas
2942 968 3050 1034 illa,
3081 985 3199 1040 qua:
3229 970 3349 1027 fecit
3397 975 3590 1029 cu-lum
3625 985 3678 1029 et

2096 1062 2313 1118 terram,
2342 1063 2398 1109 et
2425 1071 2543 1123 quze
2565 1056 2695 1127 regit
2722 1058 3027 1113 universum
3054 1061 3329 1127 mundum,
3359 1064 3440 1117 cui
3463 1080 3674 1133 semper

2097 1143 2360 1199 inlisu-ent
2397 1145 2587 1215 Angeli
2628 1148 3043 1217 contemplanda
3071 1152 3186 1219 ejus
3234 1152 3678 1221 pulchritudinem

2097 1233 2241 1302 puris
2290 1235 2620 1300 mentibus',
2674 1238 2843 1295 oculis
2892 1240 3207 1295 mortalibus
3254 1242 3482 1299 hominis
3510 1248 3678 1315 potuit

2094 1340 2372 1396 apparere,
2404 1328 2505 1382 nisi
2532 1339 2801 1406 assumpta
2840 1331 3031 1386 visibili
3064 1341 3117 1387 et
3143 1335 3380 1390 sensibili
3412 1346 3671 1406 creatura,

2094 1433 2215 1486 qua:
2235 1418 2301 1473 ad
2332 1420 2461 1474 istos
2485 1421 2668 1476 oculos
2697 1413 2932 1478 visibiles
2949 1426 3191 1494 corporis
3221 1429 3445 1496 pertinet
3470 1448 3483 1484 :
3507 1448 3677 1501 quan-

2097 1509 2379 1580 doquidem
2407 1520 2461 1566 et
2486 1513 2596 1582 ipsa
2635 1514 2905 1584 Sapientia
2942 1515 3055 1579 Dei,
3087 1533 3182 1587 per
3203 1536 3359 1590 quem
3394 1520 3525 1578 facta
3555 1535 3679 1581 sunt

2097 1603 2294 1666 omnia,
2328 1601 2577 1659 humanis
2602 1606 2770 1661 oculis
2799 1620 2903 1661 non
2929 1620 3232 1678 appareret,
3264 1611 3360 1666 nisi
3391 1612 3676 1671 humanam

2096 1706 2313 1746 carnem
2342 1704 2659 1749 assumeret.

2167 1780 2392 1837 CAPUT
2430 1781 2496 1836 ll.
2535 1814 2607 1824 -—
2637 1784 2693 1838 2.
2734 1785 2897 1857 Moysi
2951 1788 3084 1845 Deus
3124 1807 3212 1859 per
3238 1794 3477 1863 angelum
3507 1812 3673 1865 oppa-

2097 1877 2217 1928 ruit.
2240 1875 2519 1941 Quomodo
2568 1894 2695 1950 ergo
2748 1880 2975 1936 Verbum
3010 1883 3121 1947 Dei,
3152 1884 3202 1939 id
3233 1893 3334 1951 est,
3368 1886 3533 1943 Filius
3560 1889 3674 1953 Dei,

2098 1974 2157 2019 ut
2198 1977 2475 2037 appareret
2511 1971 2710 2036 oculis,
2742 1987 2954 2027 carnem
2985 1977 3309 2047 assumpsit;
3341 1980 3419 2035 sic
3469 1995 3684 2052 semper

2102 2057 2263 2125 Deus,
2296 2068 2354 2115 ut
2377 2072 2657 2132 appareret
2678 2065 2846 2120 oculis
2870 2065 3164 2129 hominum.
3183 2070 3232 2123 in
3251 2072 3422 2140 aliqua
3440 2083 3685 2132 creatura

2100 2147 2289 2202 visibili
2319 2166 2577 2221 apparere
2598 2153 2845 2225 dignatus
2869 2166 2970 2210 est.
3001 2157 3131 2212 Nam
3158 2162 3490 2229 apertissime
3515 2164 3685 2221 babes

2102 2240 2154 2293 in
2184 2240 2401 2297 Actibus
2426 2244 2822 2314 Apostolorum,
2846 2248 2965 2316 quia
2994 2250 3212 2318 angelus
3238 2254 3482 2322 apparuit
3514 2255 3685 2327 Moysi

2102 2330 2154 2384 in
2186 2331 2320 2387 rubo
2358 2333 2491 2404 (Act.
2522 2350 2617 2400 vu,
2651 2335 2765 2404 30}.
2791 2335 3056 2407 Numquid
3087 2338 3187 2393 ista
3216 2340 3505 2408 Scriptura
3537 2361 3682 2406 vera,

2100 2429 2156 2475 ct
2198 2422 2284 2475 illa
2311 2422 2438 2477 falsa
2464 2425 2583 2479 est?
2620 2434 2715 2479 aut
2755 2426 2843 2480 illa
2872 2441 3017 2492 vera,
3061 2437 3116 2483 et
3144 2429 3241 2483 ista
3274 2429 3404 2484 faba
3442 2433 3555 2486 cst?
3580 2433 3684 2489 Sed

2100 2513 2262 2582 quid?
2289 2513 2346 2568 Si
2376 2514 2647 2570 christiani
2680 2532 2891 2583 sumus,
2928 2520 2972 2573 si
3001 2519 3135 2576 bene
3176 2522 3475 2590 credimus;
3516 2526 3687 2579 ambas

2100 2611 2225 2656 sunt
2250 2617 2409 2658 verm.
2452 2604 2507 2660 Si
2552 2621 2679 2676 ergo
2722 2608 2893 2662 ambm
2933 2619 3057 2663 sunt
3101 2626 3269 2675 verte,
3302 2613 3570 2681 quomodo
3599 2614 3686 2671 hic

2105 2692 2243 2747 Deus
2279 2694 2545 2763 apparuit,
2600 2697 2867 2766 quomodo
2906 2699 2976 2755 ibi
3030 2702 3249 2772 angelus
3284 2702 3480 2759 dicitur
3524 2720 3684 2777 appa-

2102 2783 2292 2848 ruisse,
2325 2784 2423 2839 nisi
2464 2786 2585 2856 quia
2617 2787 2705 2843 ille
2747 2787 3038 2859 Spiritus',
3071 2792 3161 2863 qui
3202 2793 3253 2848 in
3291 2795 3512 2851 Actibus
3540 2799 3686 2867 Apo—

2101 2873 2359 2929 stolorum
2404 2875 2538 2931 dixit
2587 2880 2898 2948 apparuisse
2939 2884 3206 2952 angelum,
3252 2888 3496 2958 exposuit
3550 2889 3689 2945 hanc

2103 2964 2384 3021 lectionem
2421 2969 2689 3039 quomodo
2740 2973 2987 3041 apparuit
3030 2974 3205 3030 Dens?
3234 2976 3325 3031 Illa
3373 2978 3687 3049 declaratio,

2102 3059 2365 3129 expositio
2384 3068 2467 3114 est
2491 3060 2830 3117 obscuritatis
2851 3063 3043 3134 hujus:
3078 3082 3146 3123 ne
3168 3067 3491 3141 intelligeres
3516 3072 3685 3128 Detun

2104 3162 2199 3217 per
2223 3162 2282 3204 se
2299 3148 2470 3219 ipsum
2495 3152 2827 3221 apparuisse,
2849 3153 2953 3210 illic
2971 3156 3062 3210 tibi
3084 3160 3381 3227 expositum
3399 3169 3480 3217 est
3500 3178 3689 3233 quem-

2102 3239 2387 3296 admodum
2411 3244 2716 3312 apparuerit
2754 3244 2895 3301 Deus
2926 3262 3021 3317 per
3050 3259 3369 3319 creaturam,
3417 3255 3685 3326 angelum.

2103 3330 2194 3386 Sic
2221 3332 2350 3401 quid
2397 3332 2610 3388 miraris
2639 3335 2759 3405 quia
2796 3336 3013 3407 dicitur,
3040 3355 3160 3397 cum
3189 3353 3410 3414 apparet
3447 3348 3685 3418 angelus.

2106 3417 2248 3474 Dixit
2278 3419 2450 3486 Deus;
2484 3431 2531 3476 ct
2561 3424 2752 3478 vocavit
2790 3424 2929 3482 Deus
2962 3427 3192 3500 Moysen,
3222 3441 3267 3486 et
3294 3437 3500 3490 accessit
3520 3417 3588 3490 ad
3607 3440 3683 3492 lo-

2103 3528 2252 3577 cum;
2279 3522 2325 3566 et
2353 3513 2481 3567 dixit
2508 3513 2759 3571 Dominus
2783 3519 2853 3572 ad
2881 3518 3128 3591 Moysen?
3155 3522 3287 3589 Quia
3317 3540 3423 3580 non
3454 3528 3654 3583 attendi
3669 3559 3685 3569 -

2102 3610 2191 3657 tur
2245 3605 2509 3675 templum
2561 3607 2802 3679 angelus,
2834 3610 2926 3666 sed
2975 3612 3296 3670 inhabitator
3343 3619 3538 3689 angeli.
3572 3619 3689 3691 Ipse

2104 3694 2249 3749 enim
2278 3697 2499 3767 angelus
2529 3700 2785 3779 templum
2811 3701 2906 3757 Dei
2938 3712 3072 3759 erat.
3102 3705 3156 3760 Si
3185 3707 3324 3761 enim
3353 3707 3599 3779 dignatur
3634 3714 3687 3768 in

2105 3781 2322 3840 homine
2353 3785 2591 3842 habitare
2615 3796 2669 3843 et
2698 3773 2862 3859 loqui,
2900 3800 2958 3845 ut
2981 3794 3193 3862 quando
3225 3773 3480 3868 propheta
3511 3799 3687 3871 loqui-

2107 3882 2211 3941 tur,
2242 3873 2469 3944 dicatur,
2493 3876 2637 3932 Dicit
2665 3877 2835 3945 Deus;
2864 3893 3063 3951 quanto
3089 3885 3258 3956 magis
3285 3903 3379 3958 per
3404 3891 3689 3960 angelum?

2110 3963 2179 4019 Et
2213 3981 2334 4021 cum
2387 3968 2601 4037 dicitur,
2648 3971 2790 4027 Dixit
2838 3973 2979 4030 Deus
3019 3990 3114 4046 per
3154 3977 3364 4047 Isaiam,
3404 3982 3530 4052 quid
3572 3994 3690 4039 erat

2103 4054 2303 4111 Isaias?
2331 4056 2516 4115 Nonne
2544 4059 2706 4116 homo
2733 4073 2951 4134 portans
2990 4082 3231 4135 carnem,
3271 4082 3423 4126 natus
3444 4073 3509 4129 de
3540 4083 3689 4144 patre

2102 4154 2156 4200 et
2206 4155 2397 4213 matre,
2426 4149 2581 4205 sicuti
2627 4166 2817 4209 omnes
2852 4170 2952 4212 nos
2969 4150 3090 4212 ?'Et
3126 4168 3304 4215 tamen
3354 4162 3605 4234 loquitur,
3633 4176 3690 4224 et

2102 4236 2228 4306 quid
2254 4237 2483 4296 dicimus
2530 4240 2583 4296 in
2629 4242 2856 4314 eloquiis
2883 4246 3083 4317 ipsius?
3111 4246 3239 4304 Haec
3280 4251 3401 4306 dicit
3440 4253 3689 4313 Dominus

2103 4325 2254 4398 (Isai.
2292 4344 2341 4395 ι,
2369 4330 2443 4401 1).
2482 4330 2763 4399 Quomodo
2790 4349 2920 4406 ergo
2947 4336 3110 4405 Deus,
3148 4339 3195 4394 si
3223 4340 3402 4409 Isaias,
3434 4343 3534 4398 nisi
3562 4347 3686 4416 quia

2101 4419 2242 4474 Deus
2265 4434 2362 4490 per
2386 4421 2615 4477 Isaiam?
2642 4421 2733 4480 Sic
2771 4436 2827 4481 et
2858 4427 2944 4483 hic
2986 4428 3235 4500 loquente
3264 4421 3451 4504 angelo
3490 4434 3688 4493 dicitur

2103 4513 2243 4569 Deus
2271 4515 2434 4586 loqui.
2457 4515 2653 4585 Quare,
2682 4520 2781 4574 nisi
2809 4522 2928 4591 quia
2953 4539 3048 4593 per
3071 4526 3314 4596 angelum
3343 4526 3520 4584 Deus?

2170 4607 2396 4697 CAPUT
2434 4608 2521 4665 111.
2561 4641 2632 4651 —
2651 4612 2703 4667 3.
2724 4611 2821 4668 Dei
2837 4617 3093 4685 apparitio
3118 4635 3272 4687 quare
3294 4621 3346 4675 in
3370 4621 3495 4678 rubo
3525 4626 3682 4697 facta.

2101 4696 2373 4755 Advertite
2422 4701 2599 4773 itaque
2641 4704 2812 4760 soluta
2858 4708 3153 4776 quaestione
3207 4712 3368 4767 etiam
3418 4696 3578 4782 istud,
3630 4717 3684 4773 in

2100 4786 2251 4855 cujus
2274 4790 2349 4843 rei
2376 4791 2582 4861 signum
2606 4793 2813 4849 videtur
2842 4797 3059 4864 factum,
3097 4800 3237 4870 quod
3267 4802 3318 4857 in
3359 4805 3492 4859 rubo
3518 4822 3687 4877 appa-

2099 4881 2205 4934 ruit
2235 4898 2247 4932 :
2281 4891 2333 4937 ct
2358 4884 2520 4938 rubus
2545 4892 2650 4940 n‘on
2677 4888 3107 4958 comburebatur,
3128 4908 3232 4948 non
3262 4896 3681 4954 incendebatur:

2099 4981 2153 5027 et
2188 4976 2475 5044 apparebat
2506 4986 2755 5048 tanquam
2804 4981 2959 5051 ignis,
3010 4994 3062 5038 ct
3103 5001 3209 5041 non
3239 4989 3561 5046 incendebat
3590 5008 3685 5047 ru-

2099 5064 2244 5120 bum.
2274 5066 2526 5123 Putamus
2547 5071 2735 5126 rubum
2764 5073 2961 5130 bonum
2990 5076 3188 5148 aliquid
3218 5080 3541 5150 signiﬁcare,
3559 5100 3686 5142 cum

2100 5154 2204 5209 sint
2246 5157 2452 5226 spinas?
2477 5156 2531 5213 Si
2566 5160 2708 5214 enim
2739 5166 3162 5236 consumpsisset
3193 5169 3329 5241 ignis
3373 5173 3570 5242 spinas,
3604 5176 3685 5230 sia

2095 5245 2374 5316 gniﬁcarct
2423 5252 2543 5318 quia
2573 5258 2629 5306 et
2656 5253 2876 5308 verbum
2931 5256 3138 5313 Domini
3191 5259 3334 5330 quod
3371 5264 3569 5319 dictum
3599 5277 3687 5321 est

2096 5335 2314 5405 .ludmis,
2344 5342 2761 5411 consumpsisset
2789 5354 3002 5415 peccata
3033 5348 3265 5416 illorum,
3299 5363 3354 5407 et
3374 5351 3480 5408 Lex
3508 5356 3592 5409 illa
3622 5356 3682 5410 ﬁ-

2161 5492 2320 5565 ’.ξὀτςἲ
2347 5492 2594 5565 mentibus,
2618 5509 2728 5560 quae
2751 5500 2927 5550 omissa
2964 5501 3011 5550 in
3037 5502 3181 5552 editis
3203 5501 3381 5565 fuerat,
3407 5508 3686 5558 restituitur

2095 5564 2157 5602 ex
2187 5559 2265 5600 Ms.
2290 5553 2579 5605 mlbcrtino.

2157 5615 2725 5696 :src‘mzsjtuediti7:7si
2748 5634 2862 5690 ergo
2884 5622 3037 5694 amba!
3060 5631 3329 5696 suntrertr.
3357 5630 3592 5696 quomodo
3615 5627 3687 5679 ibi

2092 5672 2288 5788 ans’lus
2335 5674 2512 5787 (ficitur
2554 5672 2847 5743 apparuisse,
2892 5684 2988 5737 nisi
3021 5672 3431 5752 quiawt‘llva

2133 5750 2159 5787 ι’
2180 5749 2195 5786 t
2231 5750 2300 5788 us.
2321 5750 2349 5781 ο
2372 5752 2414 5787 c.

2133 5750 2300 5799 cmms,
2321 5750 2414 5787 etc.
