  <div class='ocr_page' id='page_1' title='image "/cluster/home/n/w/nwhite01/storage/ocr_20150623/38/hvd.32044096580600/036.png"; bbox 0 0 4024 6202; ppageno 0'>
   <div class='ocr_carea' id='block_1_1' title="bbox 231 313 3535 386">
    <p class='ocr_par' dir='ltr' id='par_1_1' title="bbox 231 313 3535 386">
     <span class='ocr_line' id='line_1_1' title="bbox 231 313 3535 386; baseline 0.001 -16"><span class='ocrx_word' id='word_1_1' title='bbox 231 334 296 386; x_wconf 72' lang='grc' dir='ltr'><strong>ω</strong></span> <span class='ocrx_word' id='word_1_2' title='bbox 1694 313 1922 370; x_wconf 74' lang='lat' dir='ltr'><strong>SERMO</strong></span> <span class='ocrx_word' id='word_1_3' title='bbox 1963 313 2072 373; x_wconf 84' lang='lat' dir='ltr'><strong>vu.</strong></span> <span class='ocrx_word' id='word_1_4' title='bbox 3467 327 3535 382; x_wconf 68' lang='grc' dir='ltr'><strong>σοι</strong></span> 
     </span>
    </p>
   </div>
   <div class='ocr_carea' id='block_1_2' title="bbox 231 433 1828 510">
    <p class='ocr_par' dir='ltr' id='par_1_2' title="bbox 231 433 1828 510">
     <span class='ocr_line' id='line_1_2' title="bbox 231 433 1828 510; baseline -0.01 -8"><span class='ocrx_word' id='word_1_5' title='bbox 231 451 374 501; x_wconf 72' lang='lat' dir='ltr'><strong>airct</strong></span> <span class='ocrx_word' id='word_1_6' title='bbox 402 443 473 497; x_wconf 87' lang='lat' dir='ltr'><strong>ini</strong></span> <span class='ocrx_word' id='word_1_7' title='bbox 499 441 714 510; x_wconf 71' lang='lat' dir='ltr'><strong>,nitates</strong></span> <span class='ocrx_word' id='word_1_8' title='bbox 741 437 1004 509; x_wconf 88' lang='lat' dir='ltr'><strong>ipsorum.</strong></span> <span class='ocrx_word' id='word_1_9' title='bbox 1039 433 1092 490; x_wconf 88' lang='lat' dir='ltr'><strong>Si</strong></span> <span class='ocrx_word' id='word_1_10' title='bbox 1119 433 1259 489; x_wconf 86' lang='lat' dir='ltr'><strong>enim</strong></span> <span class='ocrx_word' id='word_1_11' title='bbox 1289 434 1368 490; x_wconf 80' lang='lat' dir='ltr'><strong>sic</strong></span> <span class='ocrx_word' id='word_1_12' title='bbox 1416 433 1550 504; x_wconf 80' lang='lat' dir='ltr'><strong>ignis</strong></span> <span class='ocrx_word' id='word_1_13' title='bbox 1579 433 1629 487; x_wconf 93' lang='lat' dir='ltr'><strong>in</strong></span> <span class='ocrx_word' id='word_1_14' title='bbox 1673 434 1828 497; x_wconf 89' lang='lat' dir='ltr'><strong>rubo,</strong></span> 
     </span>
    </p>
   </div>
   <div class='ocr_carea' id='block_1_3' title="bbox 239 526 1827 608">
    <p class='ocr_par' dir='ltr' id='par_1_3' title="bbox 239 526 1827 608">
     <span class='ocr_line' id='line_1_3' title="bbox 239 526 1827 608; baseline -0.009 -16"><span class='ocrx_word' id='word_1_15' title='bbox 239 536 509 608; x_wconf 64' lang='lat' dir='ltr'><strong>quomodo</strong></span> <span class='ocrx_word' id='word_1_16' title='bbox 532 533 646 588; x_wconf 73' lang='lat' dir='ltr'><strong>Lex</strong></span> <span class='ocrx_word' id='word_1_17' title='bbox 673 537 729 585; x_wconf 89' lang='lat' dir='ltr'><strong>in</strong></span> <span class='ocrx_word' id='word_1_18' title='bbox 770 529 1003 593; x_wconf 68' lang='lat' dir='ltr'><strong>Judmis;</strong></span> <span class='ocrx_word' id='word_1_19' title='bbox 1036 528 1113 582; x_wconf 85' lang='lat' dir='ltr'><strong>sic</strong></span> <span class='ocrx_word' id='word_1_20' title='bbox 1153 535 1276 581; x_wconf 86' lang='lat' dir='ltr'><strong>sunt</strong></span> <span class='ocrx_word' id='word_1_21' title='bbox 1304 527 1472 597; x_wconf 75' lang='lat' dir='ltr'><strong>Spina:</strong></span> <span class='ocrx_word' id='word_1_22' title='bbox 1511 526 1645 591; x_wconf 91' lang='lat' dir='ltr'><strong>rubi,</strong></span> <span class='ocrx_word' id='word_1_23' title='bbox 1693 541 1827 595; x_wconf 91' lang='lat' dir='ltr'><strong>quo-</strong></span> 
     </span>
    </p>
   </div>
   <div class='ocr_carea' id='block_1_4' title="bbox 234 618 1829 699">
    <p class='ocr_par' dir='ltr' id='par_1_4' title="bbox 234 618 1829 699">
     <span class='ocr_line' id='line_1_4' title="bbox 234 618 1829 699; baseline -0.01 -12"><span class='ocrx_word' id='word_1_24' title='bbox 234 631 401 687; x_wconf 81' lang='lat' dir='ltr'><strong>modo</strong></span> <span class='ocrx_word' id='word_1_25' title='bbox 431 634 642 699; x_wconf 83' lang='lat' dir='ltr'><strong>peccata</strong></span> <span class='ocrx_word' id='word_1_26' title='bbox 668 624 980 679; x_wconf 80' lang='lat' dir='ltr'><strong>Jud;eornm</strong></span> <span class='ocrx_word' id='word_1_27' title='bbox 1013 639 1025 675; x_wconf 88' lang='lat'><strong>:</strong></span> <span class='ocrx_word' id='word_1_28' title='bbox 1054 621 1129 675; x_wconf 87' lang='lat' dir='ltr'><strong>sic</strong></span> <span class='ocrx_word' id='word_1_29' title='bbox 1159 619 1297 690; x_wconf 81' lang='lat' dir='ltr'><strong>ignis</strong></span> <span class='ocrx_word' id='word_1_30' title='bbox 1325 619 1409 673; x_wconf 91' lang='lat' dir='ltr'><strong>hic</strong></span> <span class='ocrx_word' id='word_1_31' title='bbox 1439 634 1542 672; x_wconf 91' lang='lat' dir='ltr'><strong>non</strong></span> <span class='ocrx_word' id='word_1_32' title='bbox 1573 618 1829 673; x_wconf 92' lang='lat' dir='ltr'><strong>cremavit</strong></span> 
     </span>
    </p>
   </div>
   <div class='ocr_carea' id='block_1_5' title="bbox 233 711 1554 793">
    <p class='ocr_par' dir='ltr' id='par_1_5' title="bbox 233 711 1554 793">
     <span class='ocr_line' id='line_1_5' title="bbox 233 711 1554 793; baseline -0.012 -15"><span class='ocrx_word' id='word_1_33' title='bbox 233 724 454 793; x_wconf 73' lang='lat' dir='ltr'><strong>Spittas,</strong></span> <span class='ocrx_word' id='word_1_34' title='bbox 485 716 746 790; x_wconf 90' lang='lat' dir='ltr'><strong>quomodo</strong></span> <span class='ocrx_word' id='word_1_35' title='bbox 768 715 880 768; x_wconf 82' lang='lat' dir='ltr'><strong>Lex</strong></span> <span class='ocrx_word' id='word_1_36' title='bbox 908 729 1012 767; x_wconf 90' lang='lat' dir='ltr'><strong>non</strong></span> <span class='ocrx_word' id='word_1_37' title='bbox 1034 711 1290 766; x_wconf 87' lang='lat' dir='ltr'><strong>cremavit</strong></span> <span class='ocrx_word' id='word_1_38' title='bbox 1316 719 1554 779; x_wconf 86' lang='lat' dir='ltr'><strong>peccata.</strong></span> 
     </span>
    </p>
   </div>
   <div class='ocr_carea' id='block_1_6' title="bbox 317 798 1831 873">
    <p class='ocr_par' dir='ltr' id='par_1_6' title="bbox 317 798 1831 873">
     <span class='ocr_line' id='line_1_6' title="bbox 317 798 1831 873; baseline -0.01 -7"><span class='ocrx_word' id='word_1_39' title='bbox 317 814 372 867; x_wconf 78' lang='grc' dir='ltr'>ι.</span> <span class='ocrx_word' id='word_1_40' title='bbox 416 810 608 865; x_wconf 77' lang='lat' dir='ltr'><strong>Nomen</strong></span> <span class='ocrx_word' id='word_1_41' title='bbox 640 806 753 860; x_wconf 85' lang='lat' dir='ltr'><strong>Dei.</strong></span> <span class='ocrx_word' id='word_1_42' title='bbox 789 804 1048 873; x_wconf 77' lang='lat' dir='ltr'><strong>Loquitur</strong></span> <span class='ocrx_word' id='word_1_43' title='bbox 1084 811 1260 856; x_wconf 88' lang='lat' dir='ltr'><strong>autem</strong></span> <span class='ocrx_word' id='word_1_44' title='bbox 1297 801 1553 855; x_wconf 88' lang='lat' dir='ltr'><strong>Dominus</strong></span> <span class='ocrx_word' id='word_1_45' title='bbox 1590 799 1654 853; x_wconf 86' lang='lat' dir='ltr'><strong>ad</strong></span> <span class='ocrx_word' id='word_1_46' title='bbox 1682 798 1831 871; x_wconf 58' lang='lat' dir='ltr'><strong>Moyv</strong></span> 
     </span>
    </p>
   </div>
   <div class='ocr_carea' id='block_1_7' title="bbox 237 891 1830 973">
    <p class='ocr_par' dir='ltr' id='par_1_7' title="bbox 237 891 1830 973">
     <span class='ocr_line' id='line_1_7' title="bbox 237 891 1830 973; baseline -0.009 -13"><span class='ocrx_word' id='word_1_47' title='bbox 237 921 341 960; x_wconf 88' lang='lat' dir='ltr'><strong>sen</strong></span> <span class='ocrx_word' id='word_1_48' title='bbox 373 903 496 973; x_wconf 81' lang='lat' dir='ltr'><strong>(jam</strong></span> <span class='ocrx_word' id='word_1_49' title='bbox 537 901 626 954; x_wconf 87' lang='lat' dir='ltr'><strong>illa</strong></span> <span class='ocrx_word' id='word_1_50' title='bbox 668 898 861 962; x_wconf 79' lang='lat' dir='ltr'><strong>nostis,</strong></span> <span class='ocrx_word' id='word_1_51' title='bbox 894 905 947 950; x_wconf 92' lang='lat' dir='ltr'><strong>ct</strong></span> <span class='ocrx_word' id='word_1_52' title='bbox 974 911 1080 949; x_wconf 92' lang='lat' dir='ltr'><strong>non</strong></span> <span class='ocrx_word' id='word_1_53' title='bbox 1111 894 1305 948; x_wconf 89' lang='lat' dir='ltr'><strong>diutius</strong></span> <span class='ocrx_word' id='word_1_54' title='bbox 1333 909 1427 948; x_wconf 90' lang='lat' dir='ltr'><strong>vos</strong></span> <span class='ocrx_word' id='word_1_55' title='bbox 1459 901 1639 948; x_wconf 86' lang='lat' dir='ltr'><strong>tenere</strong></span> <span class='ocrx_word' id='word_1_56' title='bbox 1664 891 1830 947; x_wconf 80' lang='lat' dir='ltr'><strong>debe-</strong></span> 
     </span>
    </p>
   </div>
   <div class='ocr_carea' id='block_1_8' title="bbox 239 985 1832 1064">
    <p class='ocr_par' dir='ltr' id='par_1_8' title="bbox 239 985 1832 1064">
     <span class='ocr_line' id='line_1_8' title="bbox 239 985 1832 1064; baseline -0.008 -14"><span class='ocrx_word' id='word_1_57' title='bbox 239 1012 378 1058; x_wconf 86' lang='lat' dir='ltr'><strong>mus,</strong></span> <span class='ocrx_word' id='word_1_58' title='bbox 407 1005 632 1064; x_wconf 69' lang='lat' dir='ltr'><strong>propter</strong></span> <span class='ocrx_word' id='word_1_59' title='bbox 655 991 924 1059; x_wconf 80' lang='lat' dir='ltr'><strong>angustias</strong></span> <span class='ocrx_word' id='word_1_60' title='bbox 953 987 1229 1058; x_wconf 86' lang='lat' dir='ltr'><strong>temporis)</strong></span> <span class='ocrx_word' id='word_1_61' title='bbox 1256 1005 1268 1040; x_wconf 91' lang='lat'><strong>:</strong></span> <span class='ocrx_word' id='word_1_62' title='bbox 1297 985 1408 1058; x_wconf 86' lang='lat' dir='ltr'><strong>Ego</strong></span> <span class='ocrx_word' id='word_1_63' title='bbox 1430 1002 1540 1038; x_wconf 83' lang='lat' dir='ltr'><strong>sum</strong></span> <span class='ocrx_word' id='word_1_64' title='bbox 1559 985 1646 1053; x_wconf 87' lang='lat' dir='ltr'><strong>qui</strong></span> <span class='ocrx_word' id='word_1_65' title='bbox 1671 1001 1779 1038; x_wconf 87' lang='lat' dir='ltr'><strong>sum</strong></span> <span class='ocrx_word' id='word_1_66' title='bbox 1813 1000 1832 1037; x_wconf 90' lang='lat'><strong><em>:</em></strong></span> 
     </span>
    </p>
   </div>
   <div class='ocr_carea' id='block_1_9' title="bbox 242 1073 1831 1152">
    <p class='ocr_par' dir='ltr' id='par_1_9' title="bbox 242 1073 1831 1152">
     <span class='ocr_line' id='line_1_9' title="bbox 242 1073 1831 1152; baseline -0.008 -12"><span class='ocrx_word' id='word_1_67' title='bbox 242 1087 382 1140; x_wconf 72' lang='lat' dir='ltr'><strong>Misit</strong></span> <span class='ocrx_word' id='word_1_68' title='bbox 420 1101 500 1137; x_wconf 86' lang='lat' dir='ltr'><strong>me</strong></span> <span class='ocrx_word' id='word_1_69' title='bbox 519 1084 604 1152; x_wconf 89' lang='lat' dir='ltr'><strong>qui</strong></span> <span class='ocrx_word' id='word_1_70' title='bbox 627 1092 718 1134; x_wconf 79' lang='lat' dir='ltr'><strong>est.</strong></span> <span class='ocrx_word' id='word_1_71' title='bbox 750 1080 879 1134; x_wconf 88' lang='lat' dir='ltr'><strong>Cum</strong></span> <span class='ocrx_word' id='word_1_72' title='bbox 904 1075 1046 1132; x_wconf 83' lang='lat' dir='ltr'><strong>enim</strong></span> <span class='ocrx_word' id='word_1_73' title='bbox 1073 1084 1336 1146; x_wconf 73' lang='lat' dir='ltr'><strong>quan-oret</strong></span> <span class='ocrx_word' id='word_1_74' title='bbox 1365 1090 1555 1129; x_wconf 85' lang='lat' dir='ltr'><strong>nomen</strong></span> <span class='ocrx_word' id='word_1_75' title='bbox 1588 1075 1698 1139; x_wconf 92' lang='lat' dir='ltr'><strong>Dei,</strong></span> <span class='ocrx_word' id='word_1_76' title='bbox 1731 1073 1831 1127; x_wconf 87' lang='lat' dir='ltr'><strong>hoc</strong></span> 
     </span>
    </p>
   </div>
   <div class='ocr_carea' id='block_1_10' title="bbox 239 1165 1830 1242">
    <p class='ocr_par' dir='ltr' id='par_1_10' title="bbox 239 1165 1830 1242">
     <span class='ocr_line' id='line_1_10' title="bbox 239 1165 1830 1242; baseline -0.008 -12"><span class='ocrx_word' id='word_1_77' title='bbox 239 1179 439 1230; x_wconf 83' lang='lat' dir='ltr'><strong>dictum</strong></span> <span class='ocrx_word' id='word_1_78' title='bbox 469 1182 590 1228; x_wconf 87' lang='lat' dir='ltr'><strong>est:</strong></span> <span class='ocrx_word' id='word_1_79' title='bbox 630 1170 740 1242; x_wconf 85' lang='lat' dir='ltr'><strong>Ego</strong></span> <span class='ocrx_word' id='word_1_80' title='bbox 764 1187 874 1223; x_wconf 79' lang='lat' dir='ltr'><strong>sum</strong></span> <span class='ocrx_word' id='word_1_81' title='bbox 893 1169 978 1239; x_wconf 87' lang='lat' dir='ltr'><strong>qui</strong></span> <span class='ocrx_word' id='word_1_82' title='bbox 1002 1183 1133 1220; x_wconf 88' lang='lat' dir='ltr'><strong>sum.</strong></span> <span class='ocrx_word' id='word_1_83' title='bbox 1171 1166 1294 1220; x_wconf 61' lang='lat' dir='ltr'><strong>Haec</strong></span> <span class='ocrx_word' id='word_1_84' title='bbox 1314 1168 1448 1219; x_wconf 87' lang='lat' dir='ltr'><strong>dices</strong></span> <span class='ocrx_word' id='word_1_85' title='bbox 1471 1165 1592 1234; x_wconf 83' lang='lat' dir='ltr'><strong>ﬁliis</strong></span> <span class='ocrx_word' id='word_1_86' title='bbox 1618 1165 1783 1218; x_wconf 81' lang='lat' dir='ltr'><strong>Israel</strong></span> <span class='ocrx_word' id='word_1_87' title='bbox 1813 1181 1830 1218; x_wconf 87' lang='lat'><em>:</em></span> 
     </span>
    </p>
   </div>
   <div class='ocr_carea' id='block_1_11' title="bbox 241 1257 1828 1334">
    <p class='ocr_par' dir='ltr' id='par_1_11' title="bbox 241 1257 1828 1334">
     <span class='ocr_line' id='line_1_11' title="bbox 241 1257 1828 1334; baseline -0.008 -13"><span class='ocrx_word' id='word_1_88' title='bbox 241 1268 343 1334; x_wconf 78' lang='lat' dir='ltr'><strong>Qui</strong></span> <span class='ocrx_word' id='word_1_89' title='bbox 365 1275 460 1333; x_wconf 80' lang='lat' dir='ltr'><strong>est,</strong></span> <span class='ocrx_word' id='word_1_90' title='bbox 490 1265 626 1318; x_wconf 86' lang='lat' dir='ltr'><strong>misit</strong></span> <span class='ocrx_word' id='word_1_91' title='bbox 658 1279 734 1316; x_wconf 89' lang='lat' dir='ltr'><strong>me</strong></span> <span class='ocrx_word' id='word_1_92' title='bbox 753 1260 818 1313; x_wconf 89' lang='lat' dir='ltr'><strong>ad</strong></span> <span class='ocrx_word' id='word_1_93' title='bbox 841 1277 944 1314; x_wconf 83' lang='lat' dir='ltr'><strong>vos.</strong></span> <span class='ocrx_word' id='word_1_94' title='bbox 977 1257 1113 1326; x_wconf 86' lang='lat' dir='ltr'><strong>Quid</strong></span> <span class='ocrx_word' id='word_1_95' title='bbox 1141 1257 1380 1312; x_wconf 89' lang='lat' dir='ltr'><strong>esthoc?</strong></span> <span class='ocrx_word' id='word_1_96' title='bbox 1410 1271 1442 1309; x_wconf 87' lang='grc' dir='ltr'><strong>ε</strong></span> <span class='ocrx_word' id='word_1_97' title='bbox 1474 1257 1633 1319; x_wconf 86' lang='lat' dir='ltr'><strong>Deus,</strong></span> <span class='ocrx_word' id='word_1_98' title='bbox 1665 1271 1695 1308; x_wconf 91' lang='grc' dir='ltr'>ο</span> <span class='ocrx_word' id='word_1_99' title='bbox 1725 1257 1828 1309; x_wconf 91' lang='lat' dir='ltr'><strong>Do-</strong></span> 
     </span>
    </p>
   </div>
   <div class='ocr_carea' id='block_1_12' title="bbox 241 1348 1826 1426">
    <p class='ocr_par' dir='ltr' id='par_1_12' title="bbox 241 1348 1826 1426">
     <span class='ocr_line' id='line_1_12' title="bbox 241 1348 1826 1426; baseline -0.01 -11"><span class='ocrx_word' id='word_1_100' title='bbox 241 1362 394 1415; x_wconf 81' lang='lat' dir='ltr'><strong>mine</strong></span> <span class='ocrx_word' id='word_1_101' title='bbox 420 1370 624 1419; x_wconf 79' lang='lat' dir='ltr'><strong>ltOSlet&#39;,</strong></span> <span class='ocrx_word' id='word_1_102' title='bbox 655 1355 779 1426; x_wconf 89' lang='lat' dir='ltr'><strong>quid</strong></span> <span class='ocrx_word' id='word_1_103' title='bbox 808 1352 1046 1408; x_wconf 88' lang='lat' dir='ltr'><strong>vocaris?</strong></span> <span class='ocrx_word' id='word_1_104' title='bbox 1070 1350 1162 1404; x_wconf 87' lang='lat' dir='ltr'><strong>Est</strong></span> <span class='ocrx_word' id='word_1_105' title='bbox 1191 1365 1370 1416; x_wconf 88' lang='lat' dir='ltr'><strong>vocor,</strong></span> <span class='ocrx_word' id='word_1_106' title='bbox 1392 1349 1544 1414; x_wconf 80' lang='lat' dir='ltr'><strong>divit,</strong></span> <span class='ocrx_word' id='word_1_107' title='bbox 1567 1348 1699 1416; x_wconf 84' lang='lat' dir='ltr'><strong>Quid</strong></span> <span class='ocrx_word' id='word_1_108' title='bbox 1726 1357 1826 1414; x_wconf 72' lang='lat' dir='ltr'><strong>est,</strong></span> 
     </span>
    </p>
   </div>
   <div class='ocr_carea' id='block_1_13' title="bbox 239 1439 1828 1514">
    <p class='ocr_par' dir='ltr' id='par_1_13' title="bbox 239 1439 1828 1514">
     <span class='ocr_line' id='line_1_13' title="bbox 239 1439 1828 1514; baseline -0.008 -10"><span class='ocrx_word' id='word_1_109' title='bbox 239 1449 336 1504; x_wconf 72' lang='lat' dir='ltr'><strong>Est</strong></span> <span class='ocrx_word' id='word_1_110' title='bbox 364 1449 565 1504; x_wconf 80' lang='lat' dir='ltr'><strong>vocor?</strong></span> <span class='ocrx_word' id='word_1_111' title='bbox 593 1448 720 1514; x_wconf 84' lang='lat' dir='ltr'><strong>Quia</strong></span> <span class='ocrx_word' id='word_1_112' title='bbox 747 1459 936 1500; x_wconf 87' lang='lat' dir='ltr'><strong>maneo</strong></span> <span class='ocrx_word' id='word_1_113' title='bbox 970 1443 1024 1496; x_wconf 93' lang='lat' dir='ltr'><strong>in</strong></span> <span class='ocrx_word' id='word_1_114' title='bbox 1047 1450 1327 1505; x_wconf 70' lang='lat' dir='ltr'><strong>arteruum,</strong></span> <span class='ocrx_word' id='word_1_115' title='bbox 1359 1439 1478 1510; x_wconf 85' lang='lat' dir='ltr'><strong>quia</strong></span> <span class='ocrx_word' id='word_1_116' title='bbox 1501 1440 1692 1493; x_wconf 86' lang='lat' dir='ltr'><strong>mutari</strong></span> <span class='ocrx_word' id='word_1_117' title='bbox 1725 1455 1828 1492; x_wconf 89' lang='lat' dir='ltr'><strong>non</strong></span> 
     </span>
    </p>
   </div>
   <div class='ocr_carea' id='block_1_14' title="bbox 235 1530 1826 1610">
    <p class='ocr_par' dir='ltr' id='par_1_14' title="bbox 235 1530 1826 1610">
     <span class='ocr_line' id='line_1_14' title="bbox 235 1530 1826 1610; baseline -0.008 -17"><span class='ocrx_word' id='word_1_118' title='bbox 235 1554 481 1610; x_wconf 86' lang='lat' dir='ltr'><strong>possum.</strong></span> <span class='ocrx_word' id='word_1_119' title='bbox 506 1539 582 1592; x_wconf 85' lang='lat' dir='ltr'><strong>Ea</strong></span> <span class='ocrx_word' id='word_1_120' title='bbox 624 1537 766 1592; x_wconf 89' lang='lat' dir='ltr'><strong>enim</strong></span> <span class='ocrx_word' id='word_1_121' title='bbox 791 1552 905 1604; x_wconf 73' lang='lat' dir='ltr'><strong>que</strong></span> <span class='ocrx_word' id='word_1_122' title='bbox 942 1541 1230 1596; x_wconf 89' lang='lat' dir='ltr'><strong>mutantur,</strong></span> <span class='ocrx_word' id='word_1_123' title='bbox 1262 1547 1366 1584; x_wconf 92' lang='lat' dir='ltr'><strong>non</strong></span> <span class='ocrx_word' id='word_1_124' title='bbox 1402 1537 1545 1594; x_wconf 92' lang='lat' dir='ltr'><strong>sunt,</strong></span> <span class='ocrx_word' id='word_1_125' title='bbox 1575 1530 1694 1599; x_wconf 86' lang='lat' dir='ltr'><strong>quia</strong></span> <span class='ocrx_word' id='word_1_126' title='bbox 1723 1545 1826 1582; x_wconf 89' lang='lat' dir='ltr'><strong>non</strong></span> 
     </span>
    </p>
   </div>
   <div class='ocr_carea' id='block_1_15' title="bbox 235 1621 1829 1700">
    <p class='ocr_par' dir='ltr' id='par_1_15' title="bbox 235 1621 1829 1700">
     <span class='ocr_line' id='line_1_15' title="bbox 235 1621 1829 1700; baseline -0.009 -14"><span class='ocrx_word' id='word_1_127' title='bbox 235 1638 581 1700; x_wconf 80' lang='lat' dir='ltr'><strong>permanent.</strong></span> <span class='ocrx_word' id='word_1_128' title='bbox 601 1627 754 1696; x_wconf 86' lang='lat' dir='ltr'><strong>Quod</strong></span> <span class='ocrx_word' id='word_1_129' title='bbox 778 1626 918 1682; x_wconf 89' lang='lat' dir='ltr'><strong>enim</strong></span> <span class='ocrx_word' id='word_1_130' title='bbox 943 1633 1046 1688; x_wconf 88' lang='lat' dir='ltr'><strong>est,</strong></span> <span class='ocrx_word' id='word_1_131' title='bbox 1069 1630 1266 1677; x_wconf 87' lang='lat' dir='ltr'><strong>manet.</strong></span> <span class='ocrx_word' id='word_1_132' title='bbox 1290 1621 1436 1687; x_wconf 87' lang='lat' dir='ltr'><strong>Quod</strong></span> <span class='ocrx_word' id='word_1_133' title='bbox 1458 1631 1631 1674; x_wconf 84' lang='lat' dir='ltr'><strong>autem</strong></span> <span class='ocrx_word' id='word_1_134' title='bbox 1661 1627 1829 1672; x_wconf 88' lang='lat' dir='ltr'><strong>muta-</strong></span> 
     </span>
    </p>
   </div>
   <div class='ocr_carea' id='block_1_16' title="bbox 236 1709 1827 1789">
    <p class='ocr_par' dir='ltr' id='par_1_16' title="bbox 236 1709 1827 1789">
     <span class='ocr_line' id='line_1_16' title="bbox 236 1709 1827 1789; baseline -0.008 -14"><span class='ocrx_word' id='word_1_135' title='bbox 236 1731 345 1784; x_wconf 85' lang='lat' dir='ltr'><strong>tur,</strong></span> <span class='ocrx_word' id='word_1_136' title='bbox 382 1720 485 1774; x_wconf 80' lang='lat' dir='ltr'><strong>fuit</strong></span> <span class='ocrx_word' id='word_1_137' title='bbox 513 1719 726 1789; x_wconf 86' lang='lat' dir='ltr'><strong>aliquid,</strong></span> <span class='ocrx_word' id='word_1_138' title='bbox 754 1725 805 1771; x_wconf 89' lang='lat' dir='ltr'><strong>et</strong></span> <span class='ocrx_word' id='word_1_139' title='bbox 831 1713 1030 1784; x_wconf 86' lang='lat' dir='ltr'><strong>aliquid</strong></span> <span class='ocrx_word' id='word_1_140' title='bbox 1068 1715 1169 1768; x_wconf 90' lang='lat' dir='ltr'><strong>erit</strong></span> <span class='ocrx_word' id='word_1_141' title='bbox 1202 1729 1215 1766; x_wconf 91' lang='lat'>:</span> <span class='ocrx_word' id='word_1_142' title='bbox 1247 1727 1349 1765; x_wconf 88' lang='lat' dir='ltr'><strong>non</strong></span> <span class='ocrx_word' id='word_1_143' title='bbox 1383 1719 1553 1764; x_wconf 88' lang='lat' dir='ltr'><strong>tamen</strong></span> <span class='ocrx_word' id='word_1_144' title='bbox 1581 1718 1680 1769; x_wconf 89' lang='lat' dir='ltr'><strong>est,</strong></span> <span class='ocrx_word' id='word_1_145' title='bbox 1705 1709 1827 1777; x_wconf 88' lang='lat' dir='ltr'><strong>quia</strong></span> 
     </span>
    </p>
   </div>
   <div class='ocr_carea' id='block_1_17' title="bbox 236 1799 1828 1876">
    <p class='ocr_par' dir='ltr' id='par_1_17' title="bbox 236 1799 1828 1876">
     <span class='ocr_line' id='line_1_17' title="bbox 236 1799 1828 1876; baseline -0.01 -9"><span class='ocrx_word' id='word_1_146' title='bbox 236 1811 497 1867; x_wconf 87' lang='lat' dir='ltr'><strong>mutabile</strong></span> <span class='ocrx_word' id='word_1_147' title='bbox 524 1818 626 1864; x_wconf 85' lang='lat' dir='ltr'><strong>est.</strong></span> <span class='ocrx_word' id='word_1_148' title='bbox 651 1809 789 1876; x_wconf 83' lang='lat' dir='ltr'><strong>Ergo</strong></span> <span class='ocrx_word' id='word_1_149' title='bbox 815 1803 1320 1860; x_wconf 89' lang='lat' dir='ltr'><strong>incommutabilitas</strong></span> <span class='ocrx_word' id='word_1_150' title='bbox 1340 1803 1433 1856; x_wconf 85' lang='lat' dir='ltr'><strong>Dei</strong></span> <span class='ocrx_word' id='word_1_151' title='bbox 1451 1802 1550 1855; x_wconf 87' lang='lat' dir='ltr'><strong>isto</strong></span> <span class='ocrx_word' id='word_1_152' title='bbox 1573 1799 1828 1854; x_wconf 83' lang='lat' dir='ltr'><strong>vocabulo</strong></span> 
     </span>
    </p>
   </div>
   <div class='ocr_carea' id='block_1_18' title="bbox 238 1894 1474 1972">
    <p class='ocr_par' dir='ltr' id='par_1_18' title="bbox 238 1894 1474 1972">
     <span class='ocr_line' id='line_1_18' title="bbox 238 1894 1474 1972; baseline -0.011 -14"><span class='ocrx_word' id='word_1_153' title='bbox 238 1919 297 1958; x_wconf 81' lang='lat' dir='ltr'><strong>se</strong></span> <span class='ocrx_word' id='word_1_154' title='bbox 316 1903 525 1972; x_wconf 76' lang='lat' dir='ltr'><strong>dignata</strong></span> <span class='ocrx_word' id='word_1_155' title='bbox 549 1910 634 1954; x_wconf 88' lang='lat' dir='ltr'><strong>est</strong></span> <span class='ocrx_word' id='word_1_156' title='bbox 661 1900 934 1963; x_wconf 86' lang='lat' dir='ltr'><strong>intimare,</strong></span> <span class='ocrx_word' id='word_1_157' title='bbox 962 1895 1071 1966; x_wconf 78' lang='lat' dir='ltr'><strong>Ego</strong></span> <span class='ocrx_word' id='word_1_158' title='bbox 1097 1911 1206 1947; x_wconf 88' lang='lat' dir='ltr'><strong>sum</strong></span> <span class='ocrx_word' id='word_1_159' title='bbox 1236 1894 1320 1957; x_wconf 85' lang='lat' dir='ltr'><strong>qui</strong></span> <span class='ocrx_word' id='word_1_160' title='bbox 1342 1909 1474 1946; x_wconf 90' lang='lat' dir='ltr'><strong>sum.</strong></span> 
     </span>
    </p>
   </div>
   <div class='ocr_carea' id='block_1_19' title="bbox 307 1981 1824 2050">
    <p class='ocr_par' dir='ltr' id='par_1_19' title="bbox 307 1981 1824 2050">
     <span class='ocr_line' id='line_1_19' title="bbox 307 1981 1824 2050; baseline -0.012 -3"><span class='ocrx_word' id='word_1_161' title='bbox 307 1991 532 2047; x_wconf 79' lang='lat' dir='ltr'><strong>CAPUT</strong></span> <span class='ocrx_word' id='word_1_162' title='bbox 573 1989 816 2044; x_wconf 84' lang='lat' dir='ltr'><strong>lV.——5.</strong></span> <span class='ocrx_word' id='word_1_163' title='bbox 856 1986 1011 2039; x_wconf 78' lang='lat' dir='ltr'><strong>Aliud</strong></span> <span class='ocrx_word' id='word_1_164' title='bbox 1040 2000 1218 2038; x_wconf 82' lang='lat' dir='ltr'><strong>nomen</strong></span> <span class='ocrx_word' id='word_1_165' title='bbox 1247 1982 1354 2035; x_wconf 88' lang='lat' dir='ltr'><strong>Dei.</strong></span> <span class='ocrx_word' id='word_1_166' title='bbox 1389 1981 1521 2049; x_wconf 86' lang='lat' dir='ltr'><strong>Quid</strong></span> <span class='ocrx_word' id='word_1_167' title='bbox 1555 1989 1636 2035; x_wconf 87' lang='lat' dir='ltr'><strong>est</strong></span> <span class='ocrx_word' id='word_1_168' title='bbox 1668 1995 1824 2050; x_wconf 81' lang='lat' dir='ltr'><strong>ergo,</strong></span> 
     </span>
    </p>
   </div>
   <div class='ocr_carea' id='block_1_20' title="bbox 240 2071 1828 2153">
    <p class='ocr_par' dir='ltr' id='par_1_20' title="bbox 240 2071 1828 2153">
     <span class='ocr_line' id='line_1_20' title="bbox 240 2071 1828 2153; baseline -0.008 -16"><span class='ocrx_word' id='word_1_169' title='bbox 240 2083 372 2153; x_wconf 86' lang='lat' dir='ltr'><strong>quod</strong></span> <span class='ocrx_word' id='word_1_170' title='bbox 401 2091 592 2151; x_wconf 76' lang='lat' dir='ltr'><strong>postea</strong></span> <span class='ocrx_word' id='word_1_171' title='bbox 627 2079 821 2133; x_wconf 87' lang='lat' dir='ltr'><strong>iterum</strong></span> <span class='ocrx_word' id='word_1_172' title='bbox 852 2075 995 2130; x_wconf 90' lang='lat' dir='ltr'><strong>aliud</strong></span> <span class='ocrx_word' id='word_1_173' title='bbox 1024 2089 1215 2129; x_wconf 89' lang='lat' dir='ltr'><strong>nomen</strong></span> <span class='ocrx_word' id='word_1_174' title='bbox 1244 2074 1342 2127; x_wconf 88' lang='lat' dir='ltr'><strong>sibi</strong></span> <span class='ocrx_word' id='word_1_175' title='bbox 1363 2072 1512 2136; x_wconf 76' lang='lat' dir='ltr'><strong>dixit,</strong></span> <span class='ocrx_word' id='word_1_176' title='bbox 1536 2087 1656 2126; x_wconf 88' lang='lat' dir='ltr'><strong>cum</strong></span> <span class='ocrx_word' id='word_1_177' title='bbox 1685 2071 1828 2125; x_wconf 88' lang='lat' dir='ltr'><strong>dice-</strong></span> 
     </span>
    </p>
   </div>
   <div class='ocr_carea' id='block_1_21' title="bbox 245 2161 1825 2233">
    <p class='ocr_par' dir='ltr' id='par_1_21' title="bbox 245 2161 1825 2233">
     <span class='ocr_line' id='line_1_21' title="bbox 245 2161 1825 2233; baseline -0.008 -7"><span class='ocrx_word' id='word_1_178' title='bbox 245 2183 380 2226; x_wconf 85' lang='lat' dir='ltr'><strong>retur</strong></span> <span class='ocrx_word' id='word_1_179' title='bbox 405 2190 418 2222; x_wconf 92' lang='lat'><strong>:</strong></span> <span class='ocrx_word' id='word_1_180' title='bbox 456 2170 520 2223; x_wconf 80' lang='lat' dir='ltr'><strong>Et</strong></span> <span class='ocrx_word' id='word_1_181' title='bbox 548 2169 680 2222; x_wconf 65' lang='lat' dir='ltr'><strong>dixit</strong></span> <span class='ocrx_word' id='word_1_182' title='bbox 701 2167 836 2220; x_wconf 85' lang='lat' dir='ltr'><strong>Deus</strong></span> <span class='ocrx_word' id='word_1_183' title='bbox 855 2167 922 2218; x_wconf 89' lang='lat' dir='ltr'><strong>ad</strong></span> <span class='ocrx_word' id='word_1_184' title='bbox 949 2165 1157 2233; x_wconf 80' lang='lat' dir='ltr'><strong>Moysen</strong></span> <span class='ocrx_word' id='word_1_185' title='bbox 1186 2179 1204 2216; x_wconf 91' lang='lat'><strong><em>:</em></strong></span> <span class='ocrx_word' id='word_1_186' title='bbox 1236 2161 1344 2233; x_wconf 79' lang='lat' dir='ltr'><strong>Ego</strong></span> <span class='ocrx_word' id='word_1_187' title='bbox 1372 2179 1483 2215; x_wconf 88' lang='lat' dir='ltr'><strong>sum</strong></span> <span class='ocrx_word' id='word_1_188' title='bbox 1509 2161 1641 2214; x_wconf 89' lang='lat' dir='ltr'><strong>Deus</strong></span> <span class='ocrx_word' id='word_1_189' title='bbox 1663 2161 1825 2213; x_wconf 80' lang='lat' dir='ltr'><strong>Abra-</strong></span> 
     </span>
    </p>
   </div>
   <div class='ocr_carea' id='block_1_22' title="bbox 245 2252 1827 2325">
    <p class='ocr_par' dir='ltr' id='par_1_22' title="bbox 245 2252 1827 2325">
     <span class='ocr_line' id='line_1_22' title="bbox 245 2252 1827 2325; baseline -0.004 -14"><span class='ocrx_word' id='word_1_190' title='bbox 245 2262 374 2325; x_wconf 80' lang='lat' dir='ltr'><strong>ham,</strong></span> <span class='ocrx_word' id='word_1_191' title='bbox 396 2271 442 2313; x_wconf 83' lang='lat' dir='ltr'><strong>et</strong></span> <span class='ocrx_word' id='word_1_192' title='bbox 467 2258 608 2312; x_wconf 79' lang='lat' dir='ltr'><strong>Deus</strong></span> <span class='ocrx_word' id='word_1_193' title='bbox 630 2257 803 2318; x_wconf 81' lang='lat' dir='ltr'><strong>Isaac,</strong></span> <span class='ocrx_word' id='word_1_194' title='bbox 833 2266 878 2308; x_wconf 88' lang='lat' dir='ltr'><strong>et</strong></span> <span class='ocrx_word' id='word_1_195' title='bbox 909 2254 1042 2308; x_wconf 79' lang='lat' dir='ltr'><strong>Deus</strong></span> <span class='ocrx_word' id='word_1_196' title='bbox 1063 2252 1260 2316; x_wconf 84' lang='lat' dir='ltr'><strong>Jacob;</strong></span> <span class='ocrx_word' id='word_1_197' title='bbox 1287 2253 1380 2305; x_wconf 86' lang='lat' dir='ltr'><strong>hoc</strong></span> <span class='ocrx_word' id='word_1_198' title='bbox 1406 2253 1530 2305; x_wconf 89' lang='lat' dir='ltr'><strong>mihi</strong></span> <span class='ocrx_word' id='word_1_199' title='bbox 1556 2268 1733 2304; x_wconf 83' lang='lat' dir='ltr'><strong>nomen</strong></span> <span class='ocrx_word' id='word_1_200' title='bbox 1757 2260 1827 2304; x_wconf 90' lang='lat' dir='ltr'><strong>est</strong></span> 
     </span>
    </p>
   </div>
   <div class='ocr_carea' id='block_1_23' title="bbox 244 2342 1824 2420">
    <p class='ocr_par' dir='ltr' id='par_1_23' title="bbox 244 2342 1824 2420">
     <span class='ocr_line' id='line_1_23' title="bbox 244 2342 1824 2420; baseline -0.008 -17"><span class='ocrx_word' id='word_1_201' title='bbox 244 2353 292 2403; x_wconf 83' lang='lat' dir='ltr'><strong>in</strong></span> <span class='ocrx_word' id='word_1_202' title='bbox 317 2350 712 2420; x_wconf 83' lang='lat' dir='ltr'><strong>sempiternum?</strong></span> <span class='ocrx_word' id='word_1_203' title='bbox 739 2345 1016 2413; x_wconf 89' lang='lat' dir='ltr'><strong>Quomodo</strong></span> <span class='ocrx_word' id='word_1_204' title='bbox 1043 2343 1165 2398; x_wconf 87' lang='lat' dir='ltr'><strong>illac</strong></span> <span class='ocrx_word' id='word_1_205' title='bbox 1186 2357 1345 2397; x_wconf 89' lang='lat' dir='ltr'><strong>vocor</strong></span> <span class='ocrx_word' id='word_1_206' title='bbox 1374 2342 1474 2396; x_wconf 92' lang='lat' dir='ltr'><strong>hoc</strong></span> <span class='ocrx_word' id='word_1_207' title='bbox 1493 2383 1506 2405; x_wconf 90' lang='lat'><strong>,</strong></span> <span class='ocrx_word' id='word_1_208' title='bbox 1535 2342 1656 2411; x_wconf 82' lang='lat' dir='ltr'><strong>quia</strong></span> <span class='ocrx_word' id='word_1_209' title='bbox 1676 2356 1824 2405; x_wconf 85' lang='lat' dir='ltr'><strong>sum;</strong></span> 
     </span>
    </p>
   </div>
   <div class='ocr_carea' id='block_1_24' title="bbox 249 2431 1828 2503">
    <p class='ocr_par' dir='ltr' id='par_1_24' title="bbox 249 2431 1828 2503">
     <span class='ocr_line' id='line_1_24' title="bbox 249 2431 1828 2503; baseline -0.007 -9"><span class='ocrx_word' id='word_1_210' title='bbox 249 2449 298 2494; x_wconf 81' lang='lat' dir='ltr'><strong>et</strong></span> <span class='ocrx_word' id='word_1_211' title='bbox 318 2455 439 2494; x_wconf 85' lang='lat' dir='ltr'><strong>ecce</strong></span> <span class='ocrx_word' id='word_1_212' title='bbox 468 2440 567 2492; x_wconf 89' lang='lat' dir='ltr'><strong>hac</strong></span> <span class='ocrx_word' id='word_1_213' title='bbox 596 2436 738 2491; x_wconf 84' lang='lat' dir='ltr'><strong>aliud</strong></span> <span class='ocrx_word' id='word_1_214' title='bbox 768 2451 962 2490; x_wconf 87' lang='lat' dir='ltr'><strong>nomen</strong></span> <span class='ocrx_word' id='word_1_215' title='bbox 983 2475 997 2497; x_wconf 93' lang='lat'><strong>,</strong></span> <span class='ocrx_word' id='word_1_216' title='bbox 1032 2432 1139 2503; x_wconf 86' lang='lat' dir='ltr'><strong>Ego</strong></span> <span class='ocrx_word' id='word_1_217' title='bbox 1160 2449 1270 2485; x_wconf 89' lang='lat' dir='ltr'><strong>sum</strong></span> <span class='ocrx_word' id='word_1_218' title='bbox 1300 2431 1435 2485; x_wconf 84' lang='lat' dir='ltr'><strong>Deus</strong></span> <span class='ocrx_word' id='word_1_219' title='bbox 1462 2432 1714 2484; x_wconf 79' lang='lat' dir='ltr'><strong>Abraham</strong></span> <span class='ocrx_word' id='word_1_220' title='bbox 1734 2473 1748 2492; x_wconf 93' lang='lat'><strong>,</strong></span> <span class='ocrx_word' id='word_1_221' title='bbox 1781 2440 1828 2484; x_wconf 92' lang='lat' dir='ltr'><strong>et</strong></span> 
     </span>
    </p>
   </div>
   <div class='ocr_carea' id='block_1_25' title="bbox 249 2523 1828 2595">
    <p class='ocr_par' dir='ltr' id='par_1_25' title="bbox 249 2523 1828 2595">
     <span class='ocr_line' id='line_1_25' title="bbox 249 2523 1828 2595; baseline -0.004 -10"><span class='ocrx_word' id='word_1_222' title='bbox 249 2532 375 2585; x_wconf 75' lang='lat' dir='ltr'><strong>Das</strong></span> <span class='ocrx_word' id='word_1_223' title='bbox 402 2529 555 2584; x_wconf 80' lang='lat' dir='ltr'><strong>Isaac</strong></span> <span class='ocrx_word' id='word_1_224' title='bbox 577 2571 593 2595; x_wconf 93' lang='lat'><strong>,</strong></span> <span class='ocrx_word' id='word_1_225' title='bbox 631 2539 677 2582; x_wconf 90' lang='lat' dir='ltr'><strong>et</strong></span> <span class='ocrx_word' id='word_1_226' title='bbox 717 2527 856 2581; x_wconf 87' lang='lat' dir='ltr'><strong>Deus</strong></span> <span class='ocrx_word' id='word_1_227' title='bbox 895 2525 1090 2580; x_wconf 82' lang='lat' dir='ltr'><strong>Jacob?</strong></span> <span class='ocrx_word' id='word_1_228' title='bbox 1119 2526 1249 2593; x_wconf 88' lang='lat' dir='ltr'><strong>Quia</strong></span> <span class='ocrx_word' id='word_1_229' title='bbox 1280 2523 1548 2595; x_wconf 90' lang='lat' dir='ltr'><strong>quomodo</strong></span> <span class='ocrx_word' id='word_1_230' title='bbox 1573 2531 1657 2578; x_wconf 91' lang='lat' dir='ltr'><strong>est</strong></span> <span class='ocrx_word' id='word_1_231' title='bbox 1689 2523 1828 2578; x_wconf 87' lang='lat' dir='ltr'><strong>Deus</strong></span> 
     </span>
    </p>
   </div>
   <div class='ocr_carea' id='block_1_26' title="bbox 247 2616 1823 2688">
    <p class='ocr_par' dir='ltr' id='par_1_26' title="bbox 247 2616 1823 2688">
     <span class='ocr_line' id='line_1_26' title="bbox 247 2616 1823 2688; baseline -0.004 -12"><span class='ocrx_word' id='word_1_232' title='bbox 247 2621 714 2685; x_wconf 82' lang='lat' dir='ltr'><strong>incommutabilis,</strong></span> <span class='ocrx_word' id='word_1_233' title='bbox 740 2619 862 2674; x_wconf 78' lang='lat' dir='ltr'><strong>fecit</strong></span> <span class='ocrx_word' id='word_1_234' title='bbox 887 2620 1058 2672; x_wconf 84' lang='lat' dir='ltr'><strong>omnia</strong></span> <span class='ocrx_word' id='word_1_235' title='bbox 1082 2634 1180 2688; x_wconf 83' lang='lat' dir='ltr'><strong>per</strong></span> <span class='ocrx_word' id='word_1_236' title='bbox 1203 2616 1640 2681; x_wconf 87' lang='lat' dir='ltr'><strong>misericordiam,</strong></span> <span class='ocrx_word' id='word_1_237' title='bbox 1663 2626 1716 2671; x_wconf 91' lang='lat' dir='ltr'><strong>ct</strong></span> <span class='ocrx_word' id='word_1_238' title='bbox 1744 2616 1823 2670; x_wconf 80' lang='lat' dir='ltr'><strong>di-</strong></span> 
     </span>
    </p>
   </div>
   <div class='ocr_carea' id='block_1_27' title="bbox 245 2709 1829 2784">
    <p class='ocr_par' dir='ltr' id='par_1_27' title="bbox 245 2709 1829 2784">
     <span class='ocr_line' id='line_1_27' title="bbox 245 2709 1829 2784; baseline -0.005 -15"><span class='ocrx_word' id='word_1_239' title='bbox 245 2726 424 2784; x_wconf 80' lang='lat' dir='ltr'><strong>gnatus</strong></span> <span class='ocrx_word' id='word_1_240' title='bbox 463 2723 550 2768; x_wconf 82' lang='lat' dir='ltr'><strong>est</strong></span> <span class='ocrx_word' id='word_1_241' title='bbox 591 2714 706 2782; x_wconf 87' lang='lat' dir='ltr'><strong>ipse</strong></span> <span class='ocrx_word' id='word_1_242' title='bbox 746 2712 913 2766; x_wconf 81' lang='lat' dir='ltr'><strong>Filius</strong></span> <span class='ocrx_word' id='word_1_243' title='bbox 955 2711 1044 2764; x_wconf 88' lang='lat' dir='ltr'><strong>Dei</strong></span> <span class='ocrx_word' id='word_1_244' title='bbox 1076 2711 1380 2764; x_wconf 81' lang='lat' dir='ltr'><strong>mutabilem</strong></span> <span class='ocrx_word' id='word_1_245' title='bbox 1415 2725 1626 2764; x_wconf 89' lang='lat' dir='ltr'><strong>carnem</strong></span> <span class='ocrx_word' id='word_1_246' title='bbox 1663 2709 1829 2763; x_wconf 87' lang='lat' dir='ltr'><strong>susci-</strong></span> 
     </span>
    </p>
   </div>
   <div class='ocr_carea' id='block_1_28' title="bbox 245 2800 1832 2877">
    <p class='ocr_par' dir='ltr' id='par_1_28' title="bbox 245 2800 1832 2877">
     <span class='ocr_line' id='line_1_28' title="bbox 245 2800 1832 2877; baseline -0.004 -17"><span class='ocrx_word' id='word_1_247' title='bbox 245 2806 459 2877; x_wconf 78' lang='lat' dir='ltr'><strong>piendo,</strong></span> <span class='ocrx_word' id='word_1_248' title='bbox 491 2819 718 2859; x_wconf 85' lang='lat' dir='ltr'><strong>mancus</strong></span> <span class='ocrx_word' id='word_1_249' title='bbox 757 2803 808 2857; x_wconf 94' lang='lat' dir='ltr'><strong>id</strong></span> <span class='ocrx_word' id='word_1_250' title='bbox 845 2802 986 2872; x_wconf 90' lang='lat' dir='ltr'><strong>quod</strong></span> <span class='ocrx_word' id='word_1_251' title='bbox 1014 2801 1244 2857; x_wconf 86' lang='lat' dir='ltr'><strong>Verbum</strong></span> <span class='ocrx_word' id='word_1_252' title='bbox 1277 2802 1368 2856; x_wconf 90' lang='lat' dir='ltr'><strong>Dei</strong></span> <span class='ocrx_word' id='word_1_253' title='bbox 1410 2809 1524 2867; x_wconf 88' lang='lat' dir='ltr'><strong>est,</strong></span> <span class='ocrx_word' id='word_1_254' title='bbox 1551 2800 1735 2854; x_wconf 84' lang='lat' dir='ltr'><strong>venire</strong></span> <span class='ocrx_word' id='word_1_255' title='bbox 1776 2808 1832 2854; x_wconf 89' lang='lat' dir='ltr'><strong>et</strong></span> 
     </span>
    </p>
   </div>
   <div class='ocr_carea' id='block_1_29' title="bbox 242 2892 1831 2962">
    <p class='ocr_par' dir='ltr' id='par_1_29' title="bbox 242 2892 1831 2962">
     <span class='ocr_line' id='line_1_29' title="bbox 242 2892 1831 2962; baseline -0.002 -12"><span class='ocrx_word' id='word_1_256' title='bbox 242 2897 523 2950; x_wconf 77' lang='lat' dir='ltr'><strong>subvenire</strong></span> <span class='ocrx_word' id='word_1_257' title='bbox 561 2894 786 2948; x_wconf 81' lang='lat' dir='ltr'><strong>homini.</strong></span> <span class='ocrx_word' id='word_1_258' title='bbox 837 2893 1009 2946; x_wconf 87' lang='lat' dir='ltr'><strong>Induit</strong></span> <span class='ocrx_word' id='word_1_259' title='bbox 1045 2909 1169 2962; x_wconf 81' lang='lat' dir='ltr'><strong>ergo</strong></span> <span class='ocrx_word' id='word_1_260' title='bbox 1201 2907 1258 2948; x_wconf 88' lang='lat' dir='ltr'><strong>se</strong></span> <span class='ocrx_word' id='word_1_261' title='bbox 1295 2907 1457 2948; x_wconf 83' lang='lat' dir='ltr'><strong>carne</strong></span> <span class='ocrx_word' id='word_1_262' title='bbox 1496 2893 1702 2946; x_wconf 77' lang='lat' dir='ltr'><strong>mortali</strong></span> <span class='ocrx_word' id='word_1_263' title='bbox 1745 2892 1831 2947; x_wconf 86' lang='lat' dir='ltr'><strong>ille</strong></span> 
     </span>
    </p>
   </div>
   <div class='ocr_carea' id='block_1_30' title="bbox 243 2983 1830 3055">
    <p class='ocr_par' dir='ltr' id='par_1_30' title="bbox 243 2983 1830 3055">
     <span class='ocr_line' id='line_1_30' title="bbox 243 2983 1830 3055; baseline 0.002 -19"><span class='ocrx_word' id='word_1_264' title='bbox 243 2988 324 3055; x_wconf 88' lang='lat' dir='ltr'><strong>qni</strong></span> <span class='ocrx_word' id='word_1_265' title='bbox 351 2996 454 3049; x_wconf 59' lang='lat' dir='ltr'><strong>at,</strong></span> <span class='ocrx_word' id='word_1_266' title='bbox 488 2995 548 3040; x_wconf 88' lang='lat' dir='ltr'><strong>ut</strong></span> <span class='ocrx_word' id='word_1_267' title='bbox 576 2986 680 3040; x_wconf 90' lang='lat' dir='ltr'><strong>dici</strong></span> <span class='ocrx_word' id='word_1_268' title='bbox 726 2994 900 3055; x_wconf 84' lang='lat' dir='ltr'><strong>posset</strong></span> <span class='ocrx_word' id='word_1_269' title='bbox 924 3025 939 3050; x_wconf 91' lang='lat'><strong>,</strong></span> <span class='ocrx_word' id='word_1_270' title='bbox 989 2983 1096 3055; x_wconf 84' lang='lat' dir='ltr'><strong>Ego</strong></span> <span class='ocrx_word' id='word_1_271' title='bbox 1129 3002 1239 3038; x_wconf 88' lang='lat' dir='ltr'><strong>sum</strong></span> <span class='ocrx_word' id='word_1_272' title='bbox 1277 2983 1416 3039; x_wconf 87' lang='lat' dir='ltr'><strong>Deus</strong></span> <span class='ocrx_word' id='word_1_273' title='bbox 1456 2984 1742 3052; x_wconf 83' lang='lat' dir='ltr'><strong>Abraham,</strong></span> <span class='ocrx_word' id='word_1_274' title='bbox 1785 2996 1830 3039; x_wconf 91' lang='lat' dir='ltr'><strong>et</strong></span> 
     </span>
    </p>
   </div>
   <div class='ocr_carea' id='block_1_31' title="bbox 243 3074 1484 3146">
    <p class='ocr_par' dir='ltr' id='par_1_31' title="bbox 243 3074 1484 3146">
     <span class='ocr_line' id='line_1_31' title="bbox 243 3074 1484 3146; baseline -0.001 -16"><span class='ocrx_word' id='word_1_275' title='bbox 243 3076 376 3131; x_wconf 77' lang='lat' dir='ltr'><strong>Deus</strong></span> <span class='ocrx_word' id='word_1_276' title='bbox 403 3076 582 3141; x_wconf 86' lang='lat' dir='ltr'><strong>Isaac,</strong></span> <span class='ocrx_word' id='word_1_277' title='bbox 613 3089 659 3130; x_wconf 85' lang='lat' dir='ltr'><strong>et</strong></span> <span class='ocrx_word' id='word_1_278' title='bbox 688 3074 824 3130; x_wconf 85' lang='lat' dir='ltr'><strong>Deus</strong></span> <span class='ocrx_word' id='word_1_279' title='bbox 846 3076 1008 3129; x_wconf 86' lang='lat' dir='ltr'><strong>Jacob</strong></span> <span class='ocrx_word' id='word_1_280' title='bbox 1038 3079 1054 3141; x_wconf 96' lang='lat'>(</span> <span class='ocrx_word' id='word_1_281' title='bbox 1079 3075 1242 3132; x_wconf 62' lang='lat' dir='ltr'><strong>Exod.</strong></span> <span class='ocrx_word' id='word_1_282' title='bbox 1271 3093 1349 3140; x_wconf 80' lang='lat' dir='ltr'><strong>tu,</strong></span> <span class='ocrx_word' id='word_1_283' title='bbox 1377 3078 1484 3146; x_wconf 83' lang='grc'><strong>15).</strong></span> 
     </span>
    </p>
   </div>
   <div class='ocr_carea' id='block_1_32' title="bbox 309 3165 1827 3238">
    <p class='ocr_par' dir='ltr' id='par_1_32' title="bbox 309 3165 1827 3238">
     <span class='ocr_line' id='line_1_32' title="bbox 309 3165 1827 3238; baseline -0.001 -16"><span class='ocrx_word' id='word_1_284' title='bbox 309 3168 359 3222; x_wconf 78' lang='lat'><strong>6.</strong></span> <span class='ocrx_word' id='word_1_285' title='bbox 389 3169 558 3238; x_wconf 84' lang='lat' dir='ltr'><strong>Signa</strong></span> <span class='ocrx_word' id='word_1_286' title='bbox 597 3166 720 3219; x_wconf 85' lang='lat' dir='ltr'><strong>data</strong></span> <span class='ocrx_word' id='word_1_287' title='bbox 755 3165 944 3236; x_wconf 76' lang='lat' dir='ltr'><strong>Moysi.</strong></span> <span class='ocrx_word' id='word_1_288' title='bbox 971 3166 1167 3220; x_wconf 88' lang='lat' dir='ltr'><strong>Deinde</strong></span> <span class='ocrx_word' id='word_1_289' title='bbox 1207 3167 1354 3236; x_wconf 90' lang='lat' dir='ltr'><strong>signa</strong></span> <span class='ocrx_word' id='word_1_290' title='bbox 1391 3166 1499 3237; x_wconf 86' lang='lat' dir='ltr'><strong>jam</strong></span> <span class='ocrx_word' id='word_1_291' title='bbox 1539 3166 1827 3232; x_wconf 88' lang='lat' dir='ltr'><strong>attendite,</strong></span> 
     </span>
    </p>
   </div>
   <div class='ocr_carea' id='block_1_33' title="bbox 243 3257 1832 3328">
    <p class='ocr_par' dir='ltr' id='par_1_33' title="bbox 243 3257 1832 3328">
     <span class='ocr_line' id='line_1_33' title="bbox 243 3257 1832 3328; baseline 0.001 -17"><span class='ocrx_word' id='word_1_292' title='bbox 243 3275 355 3326; x_wconf 80' lang='lat' dir='ltr'><strong>qua:</strong></span> <span class='ocrx_word' id='word_1_293' title='bbox 383 3260 537 3328; x_wconf 79' lang='lat' dir='ltr'><strong>signa</strong></span> <span class='ocrx_word' id='word_1_294' title='bbox 567 3257 716 3313; x_wconf 87' lang='lat' dir='ltr'><strong>dedit</strong></span> <span class='ocrx_word' id='word_1_295' title='bbox 752 3257 948 3328; x_wconf 81' lang='lat' dir='ltr'><strong>Moysi,</strong></span> <span class='ocrx_word' id='word_1_296' title='bbox 989 3272 1107 3311; x_wconf 89' lang='lat' dir='ltr'><strong>cum</strong></span> <span class='ocrx_word' id='word_1_297' title='bbox 1138 3258 1371 3322; x_wconf 80' lang='lat' dir='ltr'><strong>diceret,</strong></span> <span class='ocrx_word' id='word_1_298' title='bbox 1417 3257 1478 3314; x_wconf 90' lang='lat' dir='ltr'><strong>Si</strong></span> <span class='ocrx_word' id='word_1_299' title='bbox 1503 3260 1624 3312; x_wconf 88' lang='lat' dir='ltr'><strong>mihi</strong></span> <span class='ocrx_word' id='word_1_300' title='bbox 1649 3261 1832 3314; x_wconf 77' lang='lat' dir='ltr'><strong>dixerit</strong></span> 
     </span>
    </p>
   </div>
   <div class='ocr_carea' id='block_1_34' title="bbox 244 3346 1832 3420">
    <p class='ocr_par' dir='ltr' id='par_1_34' title="bbox 244 3346 1832 3420">
     <span class='ocr_line' id='line_1_34' title="bbox 244 3346 1832 3420; baseline 0.003 -20"><span class='ocrx_word' id='word_1_301' title='bbox 244 3350 478 3418; x_wconf 73' lang='lat' dir='ltr'><strong>populus,</strong></span> <span class='ocrx_word' id='word_1_302' title='bbox 503 3348 625 3402; x_wconf 77' lang='lat' dir='ltr'><strong>Non</strong></span> <span class='ocrx_word' id='word_1_303' title='bbox 651 3346 699 3402; x_wconf 63' lang='lat' dir='ltr'><strong>t&#39;e</strong></span> <span class='ocrx_word' id='word_1_304' title='bbox 724 3350 855 3402; x_wconf 85' lang='lat' dir='ltr'><strong>misit</strong></span> <span class='ocrx_word' id='word_1_305' title='bbox 878 3348 1048 3402; x_wconf 86' lang='lat' dir='ltr'><strong>Deus:</strong></span> <span class='ocrx_word' id='word_1_306' title='bbox 1069 3347 1246 3416; x_wconf 73' lang='lat' dir='ltr'><strong>quibus</strong></span> <span class='ocrx_word' id='word_1_307' title='bbox 1261 3350 1418 3420; x_wconf 90' lang='lat' dir='ltr'><strong>signis</strong></span> <span class='ocrx_word' id='word_1_308' title='bbox 1439 3351 1692 3403; x_wconf 90' lang='lat' dir='ltr'><strong>ostendam</strong></span> <span class='ocrx_word' id='word_1_309' title='bbox 1713 3351 1832 3420; x_wconf 86' lang='lat' dir='ltr'><strong>quia</strong></span> 
     </span>
    </p>
   </div>
   <div class='ocr_carea' id='block_1_35' title="bbox 243 3437 1832 3508">
    <p class='ocr_par' dir='ltr' id='par_1_35' title="bbox 243 3437 1832 3508">
     <span class='ocr_line' id='line_1_35' title="bbox 243 3437 1832 3508; baseline 0.002 -18"><span class='ocrx_word' id='word_1_310' title='bbox 243 3439 417 3491; x_wconf 74' lang='lat' dir='ltr'><strong>misisti</strong></span> <span class='ocrx_word' id='word_1_311' title='bbox 441 3439 560 3492; x_wconf 79' lang='lat' dir='ltr'><strong>me?</strong></span> <span class='ocrx_word' id='word_1_312' title='bbox 582 3438 788 3491; x_wconf 89' lang='lat' dir='ltr'><strong>Dictum</strong></span> <span class='ocrx_word' id='word_1_313' title='bbox 822 3447 926 3504; x_wconf 86' lang='lat' dir='ltr'><strong>est,</strong></span> <span class='ocrx_word' id='word_1_314' title='bbox 959 3437 1159 3508; x_wconf 84' lang='lat' dir='ltr'><strong>Projice</strong></span> <span class='ocrx_word' id='word_1_315' title='bbox 1188 3438 1398 3508; x_wconf 85' lang='lat' dir='ltr'><strong>rirgam.</strong></span> <span class='ocrx_word' id='word_1_316' title='bbox 1429 3455 1580 3508; x_wconf 85' lang='lat' dir='ltr'><strong>quam</strong></span> <span class='ocrx_word' id='word_1_317' title='bbox 1603 3439 1750 3493; x_wconf 80' lang='lat' dir='ltr'><strong>habes</strong></span> <span class='ocrx_word' id='word_1_318' title='bbox 1779 3440 1832 3493; x_wconf 88' lang='lat' dir='ltr'><strong>in</strong></span> 
     </span>
    </p>
   </div>
   <div class='ocr_carea' id='block_1_36' title="bbox 243 3528 1832 3599">
    <p class='ocr_par' dir='ltr' id='par_1_36' title="bbox 243 3528 1832 3599">
     <span class='ocr_line' id='line_1_36' title="bbox 243 3528 1832 3599; baseline 0.002 -20"><span class='ocrx_word' id='word_1_319' title='bbox 243 3545 392 3580; x_wconf 73' lang='lat' dir='ltr'><strong>manu</strong></span> <span class='ocrx_word' id='word_1_320' title='bbox 424 3539 514 3580; x_wconf 85' lang='lat' dir='ltr'><strong>tua</strong></span> <span class='ocrx_word' id='word_1_321' title='bbox 539 3544 557 3580; x_wconf 93' lang='lat'><strong><em>:</em></strong></span> <span class='ocrx_word' id='word_1_322' title='bbox 586 3528 889 3597; x_wconf 81' lang='lat' dir='ltr'><strong>projecitque</strong></span> <span class='ocrx_word' id='word_1_323' title='bbox 918 3528 1108 3596; x_wconf 80' lang='lat' dir='ltr'><strong>virgam</strong></span> <span class='ocrx_word' id='word_1_324' title='bbox 1131 3531 1213 3592; x_wconf 81' lang='lat' dir='ltr'><strong>,‘et</strong></span> <span class='ocrx_word' id='word_1_325' title='bbox 1248 3531 1410 3597; x_wconf 82' lang='lat' dir='ltr'><strong>{actus</strong></span> <span class='ocrx_word' id='word_1_326' title='bbox 1435 3537 1506 3580; x_wconf 86' lang='lat' dir='ltr'><strong>est</strong></span> <span class='ocrx_word' id='word_1_327' title='bbox 1532 3544 1754 3599; x_wconf 84' lang='lat' dir='ltr'><strong>serpens,</strong></span> <span class='ocrx_word' id='word_1_328' title='bbox 1787 3538 1832 3582; x_wconf 82' lang='lat' dir='ltr'><strong>et</strong></span> 
     </span>
    </p>
   </div>
   <div class='ocr_carea' id='block_1_37' title="bbox 246 3617 1835 3689">
    <p class='ocr_par' dir='ltr' id='par_1_37' title="bbox 246 3617 1835 3689">
     <span class='ocr_line' id='line_1_37' title="bbox 246 3617 1835 3689; baseline 0.002 -18"><span class='ocrx_word' id='word_1_329' title='bbox 246 3619 499 3671; x_wconf 72' lang='lat' dir='ltr'><strong>exhorruit</strong></span> <span class='ocrx_word' id='word_1_330' title='bbox 541 3617 763 3689; x_wconf 71' lang='lat' dir='ltr'><strong>Moyses.</strong></span> <span class='ocrx_word' id='word_1_331' title='bbox 812 3619 900 3672; x_wconf 81' lang='lat' dir='ltr'><strong>Ait</strong></span> <span class='ocrx_word' id='word_1_332' title='bbox 937 3619 1125 3672; x_wconf 89' lang='lat' dir='ltr'><strong>iterum</strong></span> <span class='ocrx_word' id='word_1_333' title='bbox 1166 3619 1449 3682; x_wconf 87' lang='lat' dir='ltr'><strong>Dominus,</strong></span> <span class='ocrx_word' id='word_1_334' title='bbox 1503 3619 1835 3688; x_wconf 80' lang='lat' dir='ltr'><strong>Apprehende</strong></span> 
     </span>
    </p>
   </div>
   <div class='ocr_carea' id='block_1_38' title="bbox 247 3702 1829 3779">
    <p class='ocr_par' dir='ltr' id='par_1_38' title="bbox 247 3702 1829 3779">
     <span class='ocr_line' id='line_1_38' title="bbox 247 3702 1829 3779; baseline 0.001 -19"><span class='ocrx_word' id='word_1_335' title='bbox 247 3709 464 3761; x_wconf 71' lang='lat' dir='ltr'><strong>caudam</strong></span> <span class='ocrx_word' id='word_1_336' title='bbox 489 3711 620 3776; x_wconf 82' lang='lat' dir='ltr'><strong>eius,</strong></span> <span class='ocrx_word' id='word_1_337' title='bbox 643 3708 996 3778; x_wconf 77' lang='lat' dir='ltr'><strong>apprehendit,</strong></span> <span class='ocrx_word' id='word_1_338' title='bbox 1021 3719 1066 3761; x_wconf 93' lang='lat' dir='ltr'><strong>et</strong></span> <span class='ocrx_word' id='word_1_339' title='bbox 1103 3713 1236 3778; x_wconf 74' lang='lat' dir='ltr'><strong>facta</strong></span> <span class='ocrx_word' id='word_1_340' title='bbox 1265 3720 1335 3762; x_wconf 89' lang='lat' dir='ltr'><strong>est</strong></span> <span class='ocrx_word' id='word_1_341' title='bbox 1370 3710 1510 3779; x_wconf 83' lang='lat' dir='ltr'><strong>virga</strong></span> <span class='ocrx_word' id='word_1_342' title='bbox 1543 3709 1670 3762; x_wconf 84' lang='lat' dir='ltr'><strong>sicut</strong></span> <span class='ocrx_word' id='word_1_343' title='bbox 1704 3702 1829 3762; x_wconf 84' lang='lat' dir='ltr'><strong>erat.</strong></span> 
     </span>
    </p>
   </div>
   <div class='ocr_carea' id='block_1_39' title="bbox 248 3799 1832 3870">
    <p class='ocr_par' dir='ltr' id='par_1_39' title="bbox 248 3799 1832 3870">
     <span class='ocr_line' id='line_1_39' title="bbox 248 3799 1832 3870; baseline 0 -16"><span class='ocrx_word' id='word_1_344' title='bbox 248 3799 396 3854; x_wconf 80' lang='lat' dir='ltr'><strong>Dedit</strong></span> <span class='ocrx_word' id='word_1_345' title='bbox 415 3812 470 3855; x_wconf 87' lang='lat' dir='ltr'><strong>et</strong></span> <span class='ocrx_word' id='word_1_346' title='bbox 493 3800 638 3854; x_wconf 87' lang='lat' dir='ltr'><strong>aliud</strong></span> <span class='ocrx_word' id='word_1_347' title='bbox 666 3802 875 3870; x_wconf 81' lang='lat' dir='ltr'><strong>signum</strong></span> <span class='ocrx_word' id='word_1_348' title='bbox 902 3819 914 3852; x_wconf 93' lang='lat'>:</span> <span class='ocrx_word' id='word_1_349' title='bbox 937 3799 988 3853; x_wconf 84' lang='grc' dir='ltr'><em>Μ</em></span> <span class='ocrx_word' id='word_1_350' title='bbox 996 3801 1083 3854; x_wconf 86' lang='lat' dir='ltr'><strong>itte</strong></span> <span class='ocrx_word' id='word_1_351' title='bbox 1102 3818 1307 3854; x_wconf 88' lang='lat' dir='ltr'><strong>manum</strong></span> <span class='ocrx_word' id='word_1_352' title='bbox 1329 3806 1381 3854; x_wconf 83' lang='lat' dir='ltr'><strong>in</strong></span> <span class='ocrx_word' id='word_1_353' title='bbox 1402 3801 1566 3855; x_wconf 88' lang='lat' dir='ltr'><strong>sinum</strong></span> <span class='ocrx_word' id='word_1_354' title='bbox 1591 3818 1610 3855; x_wconf 91' lang='lat'><strong><em>:</em></strong></span> <span class='ocrx_word' id='word_1_355' title='bbox 1630 3811 1674 3856; x_wconf 89' lang='lat' dir='ltr'><strong>et</strong></span> <span class='ocrx_word' id='word_1_356' title='bbox 1700 3803 1832 3857; x_wconf 88' lang='lat' dir='ltr'><strong>misit</strong></span> 
     </span>
    </p>
   </div>
   <div class='ocr_carea' id='block_1_40' title="bbox 247 3891 1828 3962">
    <p class='ocr_par' dir='ltr' id='par_1_40' title="bbox 247 3891 1828 3962">
     <span class='ocr_line' id='line_1_40' title="bbox 247 3891 1828 3962; baseline 0.001 -17"><span class='ocrx_word' id='word_1_357' title='bbox 247 3910 374 3948; x_wconf 76' lang='lat' dir='ltr'><strong>eam.</strong></span> <span class='ocrx_word' id='word_1_358' title='bbox 405 3893 611 3946; x_wconf 81' lang='lat' dir='ltr'><strong>Produc</strong></span> <span class='ocrx_word' id='word_1_359' title='bbox 629 3910 740 3947; x_wconf 86' lang='lat' dir='ltr'><strong>eam</strong></span> <span class='ocrx_word' id='word_1_360' title='bbox 765 3909 782 3946; x_wconf 94' lang='lat'><strong><em>:</em></strong></span> <span class='ocrx_word' id='word_1_361' title='bbox 815 3891 1072 3962; x_wconf 76' lang='lat' dir='ltr'><strong>produxit,</strong></span> <span class='ocrx_word' id='word_1_362' title='bbox 1103 3903 1150 3946; x_wconf 91' lang='lat' dir='ltr'><strong>et</strong></span> <span class='ocrx_word' id='word_1_363' title='bbox 1180 3893 1318 3960; x_wconf 81' lang='lat' dir='ltr'><strong>facta</strong></span> <span class='ocrx_word' id='word_1_364' title='bbox 1339 3902 1410 3946; x_wconf 88' lang='lat' dir='ltr'><strong>est</strong></span> <span class='ocrx_word' id='word_1_365' title='bbox 1437 3893 1550 3946; x_wconf 89' lang='lat' dir='ltr'><strong>alba</strong></span> <span class='ocrx_word' id='word_1_366' title='bbox 1572 3895 1700 3946; x_wconf 85' lang='lat' dir='ltr'><strong>sicut</strong></span> <span class='ocrx_word' id='word_1_367' title='bbox 1722 3895 1828 3959; x_wconf 73' lang='lat' dir='ltr'><strong>nix,</strong></span> 
     </span>
    </p>
   </div>
   <div class='ocr_carea' id='block_1_41' title="bbox 247 3984 1832 4056">
    <p class='ocr_par' dir='ltr' id='par_1_41' title="bbox 247 3984 1832 4056">
     <span class='ocr_line' id='line_1_41' title="bbox 247 3984 1832 4056; baseline 0.001 -18"><span class='ocrx_word' id='word_1_368' title='bbox 247 3987 296 4038; x_wconf 76' lang='lat' dir='ltr'><strong>id</strong></span> <span class='ocrx_word' id='word_1_369' title='bbox 328 3997 426 4052; x_wconf 83' lang='lat' dir='ltr'><strong>est,</strong></span> <span class='ocrx_word' id='word_1_370' title='bbox 470 3987 689 4056; x_wconf 74' lang='lat' dir='ltr'><strong>leprosa.</strong></span> <span class='ocrx_word' id='word_1_371' title='bbox 717 3985 879 4039; x_wconf 85' lang='lat' dir='ltr'><strong>Color</strong></span> <span class='ocrx_word' id='word_1_372' title='bbox 906 3984 1046 4039; x_wconf 87' lang='lat' dir='ltr'><strong>enim</strong></span> <span class='ocrx_word' id='word_1_373' title='bbox 1084 3985 1236 4039; x_wconf 87' lang='lat' dir='ltr'><strong>albus</strong></span> <span class='ocrx_word' id='word_1_374' title='bbox 1267 3985 1318 4038; x_wconf 90' lang='lat' dir='ltr'><strong>in</strong></span> <span class='ocrx_word' id='word_1_375' title='bbox 1347 3993 1466 4039; x_wconf 88' lang='lat' dir='ltr'><strong>cute</strong></span> <span class='ocrx_word' id='word_1_376' title='bbox 1494 3985 1722 4040; x_wconf 89' lang='lat' dir='ltr'><strong>humana</strong></span> <span class='ocrx_word' id='word_1_377' title='bbox 1754 3987 1832 4040; x_wconf 86' lang='lat' dir='ltr'><strong>vi-</strong></span> 
     </span>
    </p>
   </div>
   <div class='ocr_carea' id='block_1_42' title="bbox 250 4077 1833 4145">
    <p class='ocr_par' dir='ltr' id='par_1_42' title="bbox 250 4077 1833 4145">
     <span class='ocr_line' id='line_1_42' title="bbox 250 4077 1833 4145; baseline 0.001 -16"><span class='ocrx_word' id='word_1_378' title='bbox 250 4080 416 4131; x_wconf 81' lang='lat' dir='ltr'><strong>tiosus</strong></span> <span class='ocrx_word' id='word_1_379' title='bbox 439 4087 541 4132; x_wconf 79' lang='lat' dir='ltr'><strong>est.</strong></span> <span class='ocrx_word' id='word_1_380' title='bbox 567 4077 712 4131; x_wconf 77' lang='lat' dir='ltr'><strong>Mitte</strong></span> <span class='ocrx_word' id='word_1_381' title='bbox 727 4078 868 4130; x_wconf 86' lang='lat' dir='ltr'><strong>illam</strong></span> <span class='ocrx_word' id='word_1_382' title='bbox 889 4078 940 4130; x_wconf 89' lang='lat' dir='ltr'><strong>in</strong></span> <span class='ocrx_word' id='word_1_383' title='bbox 966 4078 1132 4130; x_wconf 90' lang='lat' dir='ltr'><strong>sinum</strong></span> <span class='ocrx_word' id='word_1_384' title='bbox 1157 4077 1336 4130; x_wconf 84' lang='lat' dir='ltr'><strong>iterum</strong></span> <span class='ocrx_word' id='word_1_385' title='bbox 1359 4093 1378 4130; x_wconf 91' lang='lat'><strong><em>:</em></strong></span> <span class='ocrx_word' id='word_1_386' title='bbox 1407 4077 1559 4142; x_wconf 80' lang='lat' dir='ltr'><strong>misit,</strong></span> <span class='ocrx_word' id='word_1_387' title='bbox 1583 4089 1629 4130; x_wconf 88' lang='lat' dir='ltr'><strong>et</strong></span> <span class='ocrx_word' id='word_1_388' title='bbox 1649 4079 1833 4145; x_wconf 85' lang='lat' dir='ltr'><strong>recepit</strong></span> 
     </span>
    </p>
   </div>
   <div class='ocr_carea' id='block_1_43' title="bbox 250 4169 1831 4240">
    <p class='ocr_par' dir='ltr' id='par_1_43' title="bbox 250 4169 1831 4240">
     <span class='ocr_line' id='line_1_43' title="bbox 250 4169 1831 4240; baseline 0.001 -19"><span class='ocrx_word' id='word_1_389' title='bbox 250 4171 462 4222; x_wconf 79' lang='lat' dir='ltr'><strong>colorem</strong></span> <span class='ocrx_word' id='word_1_390' title='bbox 488 4187 657 4222; x_wconf 72' lang='lat' dir='ltr'><strong>suum.</strong></span> <span class='ocrx_word' id='word_1_391' title='bbox 697 4169 848 4224; x_wconf 86' lang='lat' dir='ltr'><strong>Dedit</strong></span> <span class='ocrx_word' id='word_1_392' title='bbox 873 4169 922 4222; x_wconf 89' lang='lat' dir='ltr'><strong>ei</strong></span> <span class='ocrx_word' id='word_1_393' title='bbox 963 4170 1172 4224; x_wconf 90' lang='lat' dir='ltr'><strong>tertium</strong></span> <span class='ocrx_word' id='word_1_394' title='bbox 1201 4171 1408 4240; x_wconf 81' lang='lat' dir='ltr'><strong>signum</strong></span> <span class='ocrx_word' id='word_1_395' title='bbox 1437 4187 1448 4222; x_wconf 92' lang='lat'>:</span> <span class='ocrx_word' id='word_1_396' title='bbox 1482 4169 1623 4225; x_wconf 81' lang='lat' dir='ltr'><strong>Tolle</strong></span> <span class='ocrx_word' id='word_1_397' title='bbox 1649 4187 1831 4240; x_wconf 84' lang='lat' dir='ltr'><strong>aquam</strong></span> 
     </span>
    </p>
   </div>
   <div class='ocr_carea' id='block_1_44' title="bbox 250 4247 1831 4331">
    <p class='ocr_par' dir='ltr' id='par_1_44' title="bbox 250 4247 1831 4331">
     <span class='ocr_line' id='line_1_44' title="bbox 250 4247 1831 4331; baseline 0.003 -21"><span class='ocrx_word' id='word_1_398' title='bbox 250 4261 305 4313; x_wconf 71' lang='lat' dir='ltr'><strong>de</strong></span> <span class='ocrx_word' id='word_1_399' title='bbox 331 4262 562 4329; x_wconf 61' lang='lat' dir='ltr'><strong>(tantine,</strong></span> <span class='ocrx_word' id='word_1_400' title='bbox 589 4271 638 4314; x_wconf 91' lang='lat' dir='ltr'><strong>et</strong></span> <span class='ocrx_word' id='word_1_401' title='bbox 667 4261 821 4328; x_wconf 82' lang='lat' dir='ltr'><strong>[unde</strong></span> <span class='ocrx_word' id='word_1_402' title='bbox 841 4261 891 4314; x_wconf 89' lang='lat' dir='ltr'><strong>in</strong></span> <span class='ocrx_word' id='word_1_403' title='bbox 911 4261 1151 4330; x_wconf 63' lang='lat' dir='ltr'><strong>aqualem</strong></span> <span class='ocrx_word' id='word_1_404' title='bbox 1175 4260 1338 4314; x_wconf 89' lang='lat' dir='ltr'><strong>locum</strong></span> <span class='ocrx_word' id='word_1_405' title='bbox 1363 4277 1380 4315; x_wconf 91' lang='lat'><em>:</em></span> <span class='ocrx_word' id='word_1_406' title='bbox 1404 4263 1517 4315; x_wconf 86' lang='lat' dir='ltr'><strong>tulit</strong></span> <span class='ocrx_word' id='word_1_407' title='bbox 1537 4247 1583 4315; x_wconf 77' lang='lat' dir='ltr'><strong>et</strong></span> <span class='ocrx_word' id='word_1_408' title='bbox 1611 4264 1760 4331; x_wconf 77' lang='lat' dir='ltr'><strong>fudit,</strong></span> <span class='ocrx_word' id='word_1_409' title='bbox 1781 4271 1831 4316; x_wconf 89' lang='lat' dir='ltr'><strong>et</strong></span> 
     </span>
    </p>
   </div>
   <div class='ocr_carea' id='block_1_45' title="bbox 252 4350 1830 4423">
    <p class='ocr_par' dir='ltr' id='par_1_45' title="bbox 252 4350 1830 4423">
     <span class='ocr_line' id='line_1_45' title="bbox 252 4350 1830 4423; baseline 0.001 -20"><span class='ocrx_word' id='word_1_410' title='bbox 252 4369 483 4406; x_wconf 63' lang='lat' dir='ltr'><strong>conversa</strong></span> <span class='ocrx_word' id='word_1_411' title='bbox 517 4362 586 4406; x_wconf 81' lang='lat' dir='ltr'><strong>est</strong></span> <span class='ocrx_word' id='word_1_412' title='bbox 618 4355 671 4406; x_wconf 87' lang='lat' dir='ltr'><strong>in</strong></span> <span class='ocrx_word' id='word_1_413' title='bbox 697 4353 1010 4422; x_wconf 83' lang='lat' dir='ltr'><strong>sanguinem.</strong></span> <span class='ocrx_word' id='word_1_414' title='bbox 1041 4350 1107 4406; x_wconf 88' lang='lat' dir='ltr'><strong>In</strong></span> <span class='ocrx_word' id='word_1_415' title='bbox 1133 4353 1209 4405; x_wconf 87' lang='lat' dir='ltr'><strong>his</strong></span> <span class='ocrx_word' id='word_1_416' title='bbox 1234 4353 1388 4422; x_wconf 84' lang='lat' dir='ltr'><strong>signis</strong></span> <span class='ocrx_word' id='word_1_417' title='bbox 1408 4352 1578 4406; x_wconf 82' lang='lat' dir='ltr'><strong>audiet</strong></span> <span class='ocrx_word' id='word_1_418' title='bbox 1599 4361 1646 4406; x_wconf 88' lang='lat' dir='ltr'><strong>te</strong></span> <span class='ocrx_word' id='word_1_419' title='bbox 1664 4369 1830 4423; x_wconf 85' lang='lat' dir='ltr'><strong>popu-</strong></span> 
     </span>
    </p>
   </div>
   <div class='ocr_carea' id='block_1_46' title="bbox 251 4445 1830 4514">
    <p class='ocr_par' dir='ltr' id='par_1_46' title="bbox 251 4445 1830 4514">
     <span class='ocr_line' id='line_1_46' title="bbox 251 4445 1830 4514; baseline 0 -18"><span class='ocrx_word' id='word_1_420' title='bbox 251 4448 321 4498; x_wconf 79' lang='lat' dir='ltr'><strong>lus</strong></span> <span class='ocrx_word' id='word_1_421' title='bbox 343 4463 361 4498; x_wconf 91' lang='lat'><strong><em>:</em></strong></span> <span class='ocrx_word' id='word_1_422' title='bbox 385 4447 428 4498; x_wconf 88' lang='lat' dir='ltr'><strong>si</strong></span> <span class='ocrx_word' id='word_1_423' title='bbox 449 4447 500 4498; x_wconf 88' lang='lat' dir='ltr'><strong>in</strong></span> <span class='ocrx_word' id='word_1_424' title='bbox 539 4447 701 4514; x_wconf 82' lang='lat' dir='ltr'><strong>primo</strong></span> <span class='ocrx_word' id='word_1_425' title='bbox 727 4461 826 4499; x_wconf 89' lang='lat' dir='ltr'><strong>non</strong></span> <span class='ocrx_word' id='word_1_426' title='bbox 853 4445 1129 4499; x_wconf 71' lang='lat' dir='ltr'><strong>etaudrerit</strong></span> <span class='ocrx_word' id='word_1_427' title='bbox 1148 4484 1162 4508; x_wconf 92' lang='lat'><strong>,</strong></span> <span class='ocrx_word' id='word_1_428' title='bbox 1190 4445 1242 4497; x_wconf 88' lang='lat' dir='ltr'><strong>in</strong></span> <span class='ocrx_word' id='word_1_429' title='bbox 1261 4445 1477 4498; x_wconf 89' lang='lat' dir='ltr'><strong>secundo</strong></span> <span class='ocrx_word' id='word_1_430' title='bbox 1509 4453 1671 4497; x_wconf 87' lang='lat' dir='ltr'><strong>autem</strong></span> <span class='ocrx_word' id='word_1_431' title='bbox 1706 4455 1752 4498; x_wconf 84' lang='lat' dir='ltr'><strong>et</strong></span> <span class='ocrx_word' id='word_1_432' title='bbox 1779 4445 1830 4497; x_wconf 88' lang='lat' dir='ltr'><strong>in</strong></span> 
     </span>
    </p>
   </div>
   <div class='ocr_carea' id='block_1_47' title="bbox 251 4535 1016 4608">
    <p class='ocr_par' dir='ltr' id='par_1_47' title="bbox 251 4535 1016 4608">
     <span class='ocr_line' id='line_1_47' title="bbox 251 4535 1016 4608; baseline 0.003 -20"><span class='ocrx_word' id='word_1_433' title='bbox 251 4539 390 4589; x_wconf 69' lang='lat' dir='ltr'><strong>tertio</strong></span> <span class='ocrx_word' id='word_1_434' title='bbox 409 4537 614 4590; x_wconf 73' lang='lat' dir='ltr'><strong>audiet‘</strong></span> <span class='ocrx_word' id='word_1_435' title='bbox 643 4536 752 4605; x_wconf 87' lang='lat' dir='ltr'><strong>(Id.</strong></span> <span class='ocrx_word' id='word_1_436' title='bbox 778 4553 850 4602; x_wconf 83' lang='lat' dir='ltr'><strong>tv,</strong></span> <span class='ocrx_word' id='word_1_437' title='bbox 882 4535 1016 4608; x_wconf 84' lang='grc'><strong>1-9).</strong></span> 
     </span>
    </p>
   </div>
   <div class='ocr_carea' id='block_1_48' title="bbox 313 4627 1829 4700">
    <p class='ocr_par' dir='ltr' id='par_1_48' title="bbox 313 4627 1829 4700">
     <span class='ocr_line' id='line_1_48' title="bbox 313 4627 1829 4700; baseline 0 -20"><span class='ocrx_word' id='word_1_438' title='bbox 313 4627 544 4684; x_wconf 70' lang='lat' dir='ltr'><strong>CAPUT</strong></span> <span class='ocrx_word' id='word_1_439' title='bbox 583 4627 649 4682; x_wconf 66' lang='grc' dir='ltr'><strong>Ἴ.</strong></span> <span class='ocrx_word' id='word_1_440' title='bbox 685 4659 752 4668; x_wconf 92' lang='grc'><strong><em>-</em></strong></span> <span class='ocrx_word' id='word_1_441' title='bbox 777 4629 831 4682; x_wconf 88' lang='lat'><strong>7.</strong></span> <span class='ocrx_word' id='word_1_442' title='bbox 871 4627 1006 4693; x_wconf 83' lang='lat' dir='ltr'><strong>Quid</strong></span> <span class='ocrx_word' id='word_1_443' title='bbox 1059 4629 1304 4700; x_wconf 73' lang='lat' dir='ltr'><strong>signi/iret</strong></span> <span class='ocrx_word' id='word_1_444' title='bbox 1344 4629 1482 4698; x_wconf 81' lang='lat' dir='ltr'><strong>virga</strong></span> <span class='ocrx_word' id='word_1_445' title='bbox 1514 4643 1534 4682; x_wconf 90' lang='lat'><strong><em>:</em></strong></span> <span class='ocrx_word' id='word_1_446' title='bbox 1565 4627 1684 4698; x_wconf 88' lang='lat' dir='ltr'><strong>quid</strong></span> <span class='ocrx_word' id='word_1_447' title='bbox 1721 4644 1829 4680; x_wconf 84' lang='lat' dir='ltr'><strong>ser-</strong></span> 
     </span>
    </p>
   </div>
   <div class='ocr_carea' id='block_1_49' title="bbox 249 4717 1825 4790">
    <p class='ocr_par' dir='ltr' id='par_1_49' title="bbox 249 4717 1825 4790">
     <span class='ocr_line' id='line_1_49' title="bbox 249 4717 1825 4790; baseline -0.001 -18"><span class='ocrx_word' id='word_1_448' title='bbox 249 4733 389 4787; x_wconf 69' lang='lat' dir='ltr'><strong>pens.</strong></span> <span class='ocrx_word' id='word_1_449' title='bbox 416 4718 527 4773; x_wconf 76' lang='lat' dir='ltr'><strong>Nos</strong></span> <span class='ocrx_word' id='word_1_450' title='bbox 553 4735 614 4774; x_wconf 90' lang='lat' dir='ltr'><strong>ea</strong></span> <span class='ocrx_word' id='word_1_451' title='bbox 643 4736 760 4787; x_wconf 76' lang='lat' dir='ltr'><strong>qua:</strong></span> <span class='ocrx_word' id='word_1_452' title='bbox 784 4718 1101 4788; x_wconf 82' lang='lat' dir='ltr'><strong>signiﬁcant,</strong></span> <span class='ocrx_word' id='word_1_453' title='bbox 1131 4729 1382 4790; x_wconf 89' lang='lat' dir='ltr'><strong>quantum</strong></span> <span class='ocrx_word' id='word_1_454' title='bbox 1417 4719 1555 4773; x_wconf 90' lang='lat' dir='ltr'><strong>Deus</strong></span> <span class='ocrx_word' id='word_1_455' title='bbox 1590 4717 1825 4786; x_wconf 84' lang='lat' dir='ltr'><strong>adjuvat,</strong></span> 
     </span>
    </p>
   </div>
   <div class='ocr_carea' id='block_1_50' title="bbox 250 4807 1825 4880">
    <p class='ocr_par' dir='ltr' id='par_1_50' title="bbox 250 4807 1825 4880">
     <span class='ocr_line' id='line_1_50' title="bbox 250 4807 1825 4880; baseline 0.001 -19"><span class='ocrx_word' id='word_1_456' title='bbox 250 4809 528 4863; x_wconf 75' lang='lat' dir='ltr'><strong>tendamus</strong></span> <span class='ocrx_word' id='word_1_457' title='bbox 554 4810 788 4864; x_wconf 90' lang='lat' dir='ltr'><strong>edicere.</strong></span> <span class='ocrx_word' id='word_1_458' title='bbox 820 4809 974 4880; x_wconf 83' lang='lat' dir='ltr'><strong>Virga</strong></span> <span class='ocrx_word' id='word_1_459' title='bbox 1002 4825 1223 4880; x_wconf 85' lang='lat' dir='ltr'><strong>regnum</strong></span> <span class='ocrx_word' id='word_1_460' title='bbox 1261 4807 1549 4879; x_wconf 81' lang='lat' dir='ltr'><strong>signiﬁcat;</strong></span> <span class='ocrx_word' id='word_1_461' title='bbox 1574 4822 1792 4879; x_wconf 75' lang='lat' dir='ltr'><strong>serpens</strong></span> <span class='ocrx_word' id='word_1_462' title='bbox 1811 4849 1825 4872; x_wconf 93' lang='lat'><strong>,</strong></span> 
     </span>
    </p>
   </div>
   <div class='ocr_carea' id='block_1_51' title="bbox 248 4900 1912 4972">
    <p class='ocr_par' dir='ltr' id='par_1_51' title="bbox 248 4900 1912 4972">
     <span class='ocr_line' id='line_1_51' title="bbox 248 4900 1912 4972; baseline -0.002 -15"><span class='ocrx_word' id='word_1_463' title='bbox 248 4903 647 4958; x_wconf 76' lang='lat' dir='ltr'><strong>mortalitatem.</strong></span> <span class='ocrx_word' id='word_1_464' title='bbox 684 4903 727 4955; x_wconf 83' lang='lat' dir='ltr'><strong>A</strong></span> <span class='ocrx_word' id='word_1_465' title='bbox 770 4911 1017 4972; x_wconf 84' lang='lat' dir='ltr'><strong>serpente</strong></span> <span class='ocrx_word' id='word_1_466' title='bbox 1045 4902 1186 4956; x_wconf 87' lang='lat' dir='ltr'><strong>enim</strong></span> <span class='ocrx_word' id='word_1_467' title='bbox 1229 4901 1426 4955; x_wconf 90' lang='lat' dir='ltr'><strong>homini</strong></span> <span class='ocrx_word' id='word_1_468' title='bbox 1469 4915 1613 4955; x_wconf 89' lang='lat' dir='ltr'><strong>mors</strong></span> <span class='ocrx_word' id='word_1_469' title='bbox 1655 4900 1832 4969; x_wconf 89' lang='lat' dir='ltr'><strong>propi-</strong></span> <span class='ocrx_word' id='word_1_470' title='bbox 1900 4907 1912 4915; x_wconf 81' lang='lat'><strong><em>‘</em></strong></span> 
     </span>
    </p>
   </div>
   <div class='ocr_carea' id='block_1_52' title="bbox 247 4991 1828 5063">
    <p class='ocr_par' dir='ltr' id='par_1_52' title="bbox 247 4991 1828 5063">
     <span class='ocr_line' id='line_1_52' title="bbox 247 4991 1828 5063; baseline -0.002 -17"><span class='ocrx_word' id='word_1_471' title='bbox 247 5004 368 5047; x_wconf 85' lang='lat' dir='ltr'><strong>nata</strong></span> <span class='ocrx_word' id='word_1_472' title='bbox 397 5003 498 5048; x_wconf 89' lang='lat' dir='ltr'><strong>est.</strong></span> <span class='ocrx_word' id='word_1_473' title='bbox 529 4993 701 5062; x_wconf 84' lang='lat' dir='ltr'><strong>Ipsam</strong></span> <span class='ocrx_word' id='word_1_474' title='bbox 729 5003 954 5047; x_wconf 90' lang='lat' dir='ltr'><strong>mortem</strong></span> <span class='ocrx_word' id='word_1_475' title='bbox 999 4993 1252 5047; x_wconf 90' lang='lat' dir='ltr'><strong>Dominus</strong></span> <span class='ocrx_word' id='word_1_476' title='bbox 1289 4991 1532 5063; x_wconf 82' lang='lat' dir='ltr'><strong>dignatus</strong></span> <span class='ocrx_word' id='word_1_477' title='bbox 1568 5000 1649 5045; x_wconf 90' lang='lat' dir='ltr'><strong>est</strong></span> <span class='ocrx_word' id='word_1_478' title='bbox 1677 5005 1828 5044; x_wconf 79' lang='lat' dir='ltr'><strong>assu-</strong></span> 
     </span>
    </p>
   </div>
   <div class='ocr_carea' id='block_1_53' title="bbox 248 5082 1828 5153">
    <p class='ocr_par' dir='ltr' id='par_1_53' title="bbox 248 5082 1828 5153">
     <span class='ocr_line' id='line_1_53' title="bbox 248 5082 1828 5153; baseline 0.001 -18"><span class='ocrx_word' id='word_1_479' title='bbox 248 5099 416 5138; x_wconf 86' lang='lat' dir='ltr'><strong>mere.</strong></span> <span class='ocrx_word' id='word_1_480' title='bbox 441 5082 597 5153; x_wconf 74' lang='lat' dir='ltr'><strong>Yirga</strong></span> <span class='ocrx_word' id='word_1_481' title='bbox 622 5099 749 5152; x_wconf 86' lang='lat' dir='ltr'><strong>ergo</strong></span> <span class='ocrx_word' id='word_1_482' title='bbox 769 5083 988 5137; x_wconf 82' lang='lat' dir='ltr'><strong>veniens</strong></span> <span class='ocrx_word' id='word_1_483' title='bbox 1008 5083 1060 5137; x_wconf 92' lang='lat' dir='ltr'><strong>in</strong></span> <span class='ocrx_word' id='word_1_484' title='bbox 1084 5092 1299 5147; x_wconf 88' lang='lat' dir='ltr'><strong>terram,</strong></span> <span class='ocrx_word' id='word_1_485' title='bbox 1322 5083 1584 5151; x_wconf 87' lang='lat' dir='ltr'><strong>serpentis</strong></span> <span class='ocrx_word' id='word_1_486' title='bbox 1599 5083 1828 5151; x_wconf 78' lang='lat' dir='ltr'><strong>speciem</strong></span> 
     </span>
    </p>
   </div>
   <div class='ocr_carea' id='block_1_54' title="bbox 249 5171 1828 5244">
    <p class='ocr_par' dir='ltr' id='par_1_54' title="bbox 249 5171 1828 5244">
     <span class='ocr_line' id='line_1_54' title="bbox 249 5171 1828 5244; baseline -0.001 -17"><span class='ocrx_word' id='word_1_487' title='bbox 249 5174 466 5237; x_wconf 83' lang='lat' dir='ltr'><strong>habuit;</strong></span> <span class='ocrx_word' id='word_1_488' title='bbox 494 5176 614 5244; x_wconf 87' lang='lat' dir='ltr'><strong>quia</strong></span> <span class='ocrx_word' id='word_1_489' title='bbox 640 5189 860 5244; x_wconf 81' lang='lat' dir='ltr'><strong>regnum</strong></span> <span class='ocrx_word' id='word_1_490' title='bbox 901 5173 1028 5238; x_wconf 89' lang='lat' dir='ltr'><strong>Dei,</strong></span> <span class='ocrx_word' id='word_1_491' title='bbox 1065 5172 1203 5243; x_wconf 88' lang='lat' dir='ltr'><strong>quod</strong></span> <span class='ocrx_word' id='word_1_492' title='bbox 1243 5181 1325 5227; x_wconf 85' lang='lat' dir='ltr'><strong>est</strong></span> <span class='ocrx_word' id='word_1_493' title='bbox 1361 5172 1602 5226; x_wconf 88' lang='lat' dir='ltr'><strong>Christus</strong></span> <span class='ocrx_word' id='word_1_494' title='bbox 1641 5171 1828 5237; x_wconf 84' lang='lat' dir='ltr'><strong>Jcsus,</strong></span> 
     </span>
    </p>
   </div>
   <div class='ocr_carea' id='block_1_55' title="bbox 248 5262 1834 5330">
    <p class='ocr_par' dir='ltr' id='par_1_55' title="bbox 248 5262 1834 5330">
     <span class='ocr_line' id='line_1_55' title="bbox 248 5262 1834 5330; baseline 0.001 -15"><span class='ocrx_word' id='word_1_495' title='bbox 248 5265 397 5318; x_wconf 81' lang='lat' dir='ltr'><strong>venit</strong></span> <span class='ocrx_word' id='word_1_496' title='bbox 421 5264 488 5318; x_wconf 90' lang='lat' dir='ltr'><strong>ad</strong></span> <span class='ocrx_word' id='word_1_497' title='bbox 517 5276 734 5318; x_wconf 77' lang='lat' dir='ltr'><strong>tonant.</strong></span> <span class='ocrx_word' id='word_1_498' title='bbox 765 5263 1083 5317; x_wconf 82' lang='lat' dir='ltr'><strong>Mortalitate</strong></span> <span class='ocrx_word' id='word_1_499' title='bbox 1105 5263 1316 5317; x_wconf 89' lang='lat' dir='ltr'><strong>indutus</strong></span> <span class='ocrx_word' id='word_1_500' title='bbox 1341 5271 1442 5327; x_wconf 91' lang='lat' dir='ltr'><strong>est,</strong></span> <span class='ocrx_word' id='word_1_501' title='bbox 1473 5277 1629 5330; x_wconf 86' lang='lat' dir='ltr'><strong>quam</strong></span> <span class='ocrx_word' id='word_1_502' title='bbox 1661 5262 1834 5316; x_wconf 78' lang='lat' dir='ltr'><strong>infixit</strong></span> 
     </span>
    </p>
   </div>
   <div class='ocr_carea' id='block_1_56' title="bbox 248 5353 1833 5423">
    <p class='ocr_par' dir='ltr' id='par_1_56' title="bbox 248 5353 1833 5423">
     <span class='ocr_line' id='line_1_56' title="bbox 248 5353 1833 5423; baseline 0.001 -16"><span class='ocrx_word' id='word_1_503' title='bbox 248 5357 297 5408; x_wconf 90' lang='lat' dir='ltr'><strong>in</strong></span> <span class='ocrx_word' id='word_1_504' title='bbox 329 5370 510 5410; x_wconf 88' lang='lat' dir='ltr'><strong>cruce.</strong></span> <span class='ocrx_word' id='word_1_505' title='bbox 545 5355 699 5408; x_wconf 78' lang='lat' dir='ltr'><strong>Novit</strong></span> <span class='ocrx_word' id='word_1_506' title='bbox 739 5363 916 5408; x_wconf 88' lang='lat' dir='ltr'><strong>autem</strong></span> <span class='ocrx_word' id='word_1_507' title='bbox 952 5353 1211 5410; x_wconf 83' lang='lat' dir='ltr'><strong>Sanctitas</strong></span> <span class='ocrx_word' id='word_1_508' title='bbox 1247 5362 1422 5408; x_wconf 84' lang='lat' dir='ltr'><strong>vestra</strong></span> <span class='ocrx_word' id='word_1_509' title='bbox 1462 5354 1581 5422; x_wconf 85' lang='lat' dir='ltr'><strong>quia</strong></span> <span class='ocrx_word' id='word_1_510' title='bbox 1622 5354 1833 5423; x_wconf 84' lang='lat' dir='ltr'><strong>quando</strong></span> 
     </span>
    </p>
   </div>
   <div class='ocr_carea' id='block_1_57' title="bbox 249 5445 1833 5518">
    <p class='ocr_par' dir='ltr' id='par_1_57' title="bbox 249 5445 1833 5518">
     <span class='ocr_line' id='line_1_57' title="bbox 249 5445 1833 5518; baseline -0.001 -17"><span class='ocrx_word' id='word_1_511' title='bbox 249 5448 474 5518; x_wconf 81' lang='lat' dir='ltr'><strong>populus</strong></span> <span class='ocrx_word' id='word_1_512' title='bbox 494 5447 584 5501; x_wconf 91' lang='lat' dir='ltr'><strong>ille</strong></span> <span class='ocrx_word' id='word_1_513' title='bbox 611 5447 662 5502; x_wconf 88' lang='lat' dir='ltr'><strong>in</strong></span> <span class='ocrx_word' id='word_1_514' title='bbox 692 5461 877 5501; x_wconf 89' lang='lat' dir='ltr'><strong>eremo</strong></span> <span class='ocrx_word' id='word_1_515' title='bbox 905 5445 1198 5500; x_wconf 90' lang='lat' dir='ltr'><strong>cervicatus</strong></span> <span class='ocrx_word' id='word_1_516' title='bbox 1226 5453 1278 5498; x_wconf 90' lang='lat' dir='ltr'><strong>et</strong></span> <span class='ocrx_word' id='word_1_517' title='bbox 1303 5445 1564 5514; x_wconf 85' lang='lat' dir='ltr'><strong>superbus</strong></span> <span class='ocrx_word' id='word_1_518' title='bbox 1596 5461 1833 5500; x_wconf 92' lang='lat' dir='ltr'><strong>murmu-</strong></span> 
     </span>
    </p>
   </div>
   <div class='ocr_carea' id='block_1_58' title="bbox 249 5535 1832 5606">
    <p class='ocr_par' dir='ltr' id='par_1_58' title="bbox 249 5535 1832 5606">
     <span class='ocr_line' id='line_1_58' title="bbox 249 5535 1832 5606; baseline -0.002 -13"><span class='ocrx_word' id='word_1_519' title='bbox 249 5548 418 5593; x_wconf 83' lang='lat' dir='ltr'><strong>rasset</strong></span> <span class='ocrx_word' id='word_1_520' title='bbox 460 5538 722 5592; x_wconf 83' lang='lat' dir='ltr'><strong>adversus</strong></span> <span class='ocrx_word' id='word_1_521' title='bbox 747 5537 934 5599; x_wconf 89' lang='lat' dir='ltr'><strong>Deum,</strong></span> <span class='ocrx_word' id='word_1_522' title='bbox 960 5536 1122 5606; x_wconf 74' lang='lat' dir='ltr'><strong>coepit</strong></span> <span class='ocrx_word' id='word_1_523' title='bbox 1149 5535 1376 5591; x_wconf 91' lang='lat' dir='ltr'><strong>morderi</strong></span> <span class='ocrx_word' id='word_1_524' title='bbox 1405 5553 1433 5590; x_wconf 91' lang='lat' dir='ltr'><strong>a</strong></span> <span class='ocrx_word' id='word_1_525' title='bbox 1460 5537 1794 5604; x_wconf 80' lang='lat' dir='ltr'><strong>serpentibus</strong></span> <span class='ocrx_word' id='word_1_526' title='bbox 1817 5578 1832 5601; x_wconf 94' lang='lat'><strong>,</strong></span> 
     </span>
    </p>
   </div>
   <div class='ocr_carea' id='block_1_59' title="bbox 250 5626 1835 5699">
    <p class='ocr_par' dir='ltr' id='par_1_59' title="bbox 250 5626 1835 5699">
     <span class='ocr_line' id='line_1_59' title="bbox 250 5626 1835 5699; baseline -0.001 -17"><span class='ocrx_word' id='word_1_527' title='bbox 250 5639 301 5684; x_wconf 74' lang='lat' dir='ltr'><strong>et</strong></span> <span class='ocrx_word' id='word_1_528' title='bbox 335 5630 464 5699; x_wconf 75' lang='lat' dir='ltr'><strong>ipsis</strong></span> <span class='ocrx_word' id='word_1_529' title='bbox 491 5629 759 5684; x_wconf 84' lang='lat' dir='ltr'><strong>morsibus</strong></span> <span class='ocrx_word' id='word_1_530' title='bbox 780 5627 989 5682; x_wconf 86' lang='lat' dir='ltr'><strong>cadere.</strong></span> <span class='ocrx_word' id='word_1_531' title='bbox 1019 5626 1374 5683; x_wconf 76' lang='lat' dir='ltr'><strong>Misericordia</strong></span> <span class='ocrx_word' id='word_1_532' title='bbox 1401 5641 1494 5682; x_wconf 89' lang='lat' dir='ltr'><strong>sua</strong></span> <span class='ocrx_word' id='word_1_533' title='bbox 1527 5626 1666 5682; x_wconf 86' lang='lat' dir='ltr'><strong>dedit</strong></span> <span class='ocrx_word' id='word_1_534' title='bbox 1698 5627 1835 5681; x_wconf 88' lang='lat' dir='ltr'><strong>Deus</strong></span> 
     </span>
    </p>
   </div>
   <div class='ocr_carea' id='block_1_60' title="bbox 316 5760 1330 5815">
    <p class='ocr_par' dir='ltr' id='par_1_60' title="bbox 316 5760 1330 5815">
     <span class='ocr_line' id='line_1_60' title="bbox 316 5760 1330 5815; baseline -0.004 -2"><span class='ocrx_word' id='word_1_535' title='bbox 316 5767 330 5796; x_wconf 82' lang='grc' dir='ltr'>ι</span> <span class='ocrx_word' id='word_1_536' title='bbox 357 5770 461 5813; x_wconf 67' lang='lat' dir='ltr'><strong>itas.</strong></span> <span class='ocrx_word' id='word_1_537' title='bbox 503 5763 552 5815; x_wconf 79' lang='lat' dir='ltr'><strong>in</strong></span> <span class='ocrx_word' id='word_1_538' title='bbox 581 5760 800 5814; x_wconf 81' lang='lat' dir='ltr'><strong>secundo</strong></span> <span class='ocrx_word' id='word_1_539' title='bbox 821 5769 901 5810; x_wconf 79' lang='lat' dir='ltr'><strong>unt</strong></span> <span class='ocrx_word' id='word_1_540' title='bbox 927 5760 972 5812; x_wconf 86' lang='lat' dir='ltr'><strong>in</strong></span> <span class='ocrx_word' id='word_1_541' title='bbox 999 5763 1132 5812; x_wconf 80' lang='lat' dir='ltr'><strong>tertio</strong></span> <span class='ocrx_word' id='word_1_542' title='bbox 1156 5761 1330 5812; x_wconf 70' lang='lat' dir='ltr'><strong>audiet.</strong></span> 
     </span>
    </p>
   </div>
   <div class='ocr_carea' id='block_1_61' title="bbox 1947 434 3532 519">
    <p class='ocr_par' dir='ltr' id='par_1_61' title="bbox 1947 434 3532 519">
     <span class='ocr_line' id='line_1_61' title="bbox 1947 434 3532 519; baseline 0.006 -31"><span class='ocrx_word' id='word_1_543' title='bbox 1947 434 2259 500; x_wconf 88' lang='lat' dir='ltr'><strong>remedium,</strong></span> <span class='ocrx_word' id='word_1_544' title='bbox 2280 438 2419 508; x_wconf 89' lang='lat' dir='ltr'><strong>quod</strong></span> <span class='ocrx_word' id='word_1_545' title='bbox 2447 441 2735 497; x_wconf 88' lang='lat' dir='ltr'><strong>remedium</strong></span> <span class='ocrx_word' id='word_1_546' title='bbox 2761 455 3072 514; x_wconf 66' lang='lat' dir='ltr'><strong>praesentem</strong></span> <span class='ocrx_word' id='word_1_547' title='bbox 3093 447 3305 519; x_wconf 77' lang='lat' dir='ltr'><strong>quidem</strong></span> <span class='ocrx_word' id='word_1_548' title='bbox 3326 445 3532 504; x_wconf 77' lang='lat' dir='ltr'><strong>sanita-</strong></span> 
     </span>
    </p>
   </div>
   <div class='ocr_carea' id='block_1_62' title="bbox 1944 525 3522 608">
    <p class='ocr_par' dir='ltr' id='par_1_62' title="bbox 1944 525 3522 608">
     <span class='ocr_line' id='line_1_62' title="bbox 1944 525 3522 608; baseline 0.007 -31"><span class='ocrx_word' id='word_1_549' title='bbox 1944 533 2044 578; x_wconf 88' lang='lat' dir='ltr'><strong>tem</strong></span> <span class='ocrx_word' id='word_1_550' title='bbox 2071 525 2341 595; x_wconf 76' lang='lat' dir='ltr'><strong>all‘crebat,</strong></span> <span class='ocrx_word' id='word_1_551' title='bbox 2369 530 2460 584; x_wconf 87' lang='lat' dir='ltr'><strong>sed</strong></span> <span class='ocrx_word' id='word_1_552' title='bbox 2493 532 2716 587; x_wconf 78' lang='lat' dir='ltr'><strong>futuram</strong></span> <span class='ocrx_word' id='word_1_553' title='bbox 2739 537 3051 606; x_wconf 84' lang='lat' dir='ltr'><strong>sapientiam</strong></span> <span class='ocrx_word' id='word_1_554' title='bbox 3081 539 3416 608; x_wconf 66' lang='lat' dir='ltr'><strong>praedicabat.</strong></span> <span class='ocrx_word' id='word_1_555' title='bbox 3438 539 3522 592; x_wconf 80' lang='lat' dir='ltr'><strong>Ait</strong></span> 
     </span>
    </p>
   </div>
   <div class='ocr_carea' id='block_1_63' title="bbox 1942 614 3525 693">
    <p class='ocr_par' dir='ltr' id='par_1_63' title="bbox 1942 614 3525 693">
     <span class='ocr_line' id='line_1_63' title="bbox 1942 614 3525 693; baseline 0.009 -26"><span class='ocrx_word' id='word_1_556' title='bbox 1942 614 2106 686; x_wconf 75' lang='lat' dir='ltr'><strong>Moysi</strong></span> <span class='ocrx_word' id='word_1_557' title='bbox 2148 634 2162 670; x_wconf 91' lang='lat'><strong>:</strong></span> <span class='ocrx_word' id='word_1_558' title='bbox 2205 617 2470 688; x_wconf 87' lang='lat' dir='ltr'><strong>Suspcnde</strong></span> <span class='ocrx_word' id='word_1_559' title='bbox 2491 633 2769 693; x_wconf 84' lang='lat' dir='ltr'><strong>serpentem</strong></span> <span class='ocrx_word' id='word_1_560' title='bbox 2803 643 2998 680; x_wconf 66' lang='lat' dir='ltr'><strong>aeneum</strong></span> <span class='ocrx_word' id='word_1_561' title='bbox 3024 630 3076 682; x_wconf 87' lang='lat' dir='ltr'><strong>in</strong></span> <span class='ocrx_word' id='word_1_562' title='bbox 3105 630 3269 682; x_wconf 85' lang='lat' dir='ltr'><strong>media</strong></span> <span class='ocrx_word' id='word_1_563' title='bbox 3290 644 3453 683; x_wconf 82' lang='lat' dir='ltr'><strong>eremo</strong></span> <span class='ocrx_word' id='word_1_564' title='bbox 3469 629 3525 682; x_wconf 85' lang='lat' dir='ltr'><strong>in</strong></span> 
     </span>
    </p>
   </div>
   <div class='ocr_carea' id='block_1_64' title="bbox 1942 705 3532 790">
    <p class='ocr_par' dir='ltr' id='par_1_64' title="bbox 1942 705 3532 790">
     <span class='ocr_line' id='line_1_64' title="bbox 1942 705 3532 790; baseline 0.011 -32"><span class='ocrx_word' id='word_1_565' title='bbox 1942 705 2100 777; x_wconf 84' lang='lat' dir='ltr'><strong>ligno,</strong></span> <span class='ocrx_word' id='word_1_566' title='bbox 2140 719 2185 762; x_wconf 88' lang='lat' dir='ltr'><strong>et</strong></span> <span class='ocrx_word' id='word_1_567' title='bbox 2216 710 2298 763; x_wconf 87' lang='lat' dir='ltr'><strong>dic</strong></span> <span class='ocrx_word' id='word_1_568' title='bbox 2318 713 2538 780; x_wconf 80' lang='lat' dir='ltr'><strong>papula,</strong></span> <span class='ocrx_word' id='word_1_569' title='bbox 2580 715 2890 787; x_wconf 82' lang='lat' dir='ltr'><strong>Quicumque</strong></span> <span class='ocrx_word' id='word_1_570' title='bbox 2927 721 3076 788; x_wconf 79' lang='lat' dir='ltr'><strong>fuerit</strong></span> <span class='ocrx_word' id='word_1_571' title='bbox 3104 708 3400 790; x_wconf 77' lang='lat' dir='ltr'><strong>percussus.</strong></span> <span class='ocrx_word' id='word_1_572' title='bbox 3427 736 3532 774; x_wconf 85' lang='lat' dir='ltr'><strong>ser-</strong></span> 
     </span>
    </p>
   </div>
   <div class='ocr_carea' id='block_1_65' title="bbox 1940 802 3532 879">
    <p class='ocr_par' dir='ltr' id='par_1_65' title="bbox 1940 802 3532 879">
     <span class='ocr_line' id='line_1_65' title="bbox 1940 802 3532 879; baseline 0.007 -27"><span class='ocrx_word' id='word_1_573' title='bbox 1940 809 2135 866; x_wconf 86' lang='lat' dir='ltr'><strong>pentem</strong></span> <span class='ocrx_word' id='word_1_574' title='bbox 2174 802 2325 856; x_wconf 81' lang='lat' dir='ltr'><strong>istum</strong></span> <span class='ocrx_word' id='word_1_575' title='bbox 2354 804 2626 860; x_wconf 86' lang='lat' dir='ltr'><strong>intueatur.</strong></span> <span class='ocrx_word' id='word_1_576' title='bbox 2661 808 2726 860; x_wconf 89' lang='lat' dir='ltr'><strong>Et</strong></span> <span class='ocrx_word' id='word_1_577' title='bbox 2756 813 2977 879; x_wconf 85' lang='lat' dir='ltr'><strong>percussi</strong></span> <span class='ocrx_word' id='word_1_578' title='bbox 3008 812 3230 865; x_wconf 87' lang='lat' dir='ltr'><strong>homines</strong></span> <span class='ocrx_word' id='word_1_579' title='bbox 3261 813 3532 865; x_wconf 76' lang='lat' dir='ltr'><strong>intueban-</strong></span> 
     </span>
    </p>
   </div>
   <div class='ocr_carea' id='block_1_66' title="bbox 1939 897 3526 973">
    <p class='ocr_par' dir='ltr' id='par_1_66' title="bbox 1939 897 3526 973">
     <span class='ocr_line' id='line_1_66' title="bbox 1939 897 3526 973; baseline 0.009 -31"><span class='ocrx_word' id='word_1_580' title='bbox 1939 899 2022 942; x_wconf 88' lang='lat' dir='ltr'><strong>tur</strong></span> <span class='ocrx_word' id='word_1_581' title='bbox 2044 901 2342 961; x_wconf 77' lang='lat' dir='ltr'><strong>serpentem,</strong></span> <span class='ocrx_word' id='word_1_582' title='bbox 2373 903 2416 947; x_wconf 89' lang='lat' dir='ltr'><strong>et</strong></span> <span class='ocrx_word' id='word_1_583' title='bbox 2446 897 2756 952; x_wconf 78' lang='lat' dir='ltr'><strong>sanabuntur</strong></span> <span class='ocrx_word' id='word_1_584' title='bbox 2782 901 2798 971; x_wconf 94' lang='lat'>(</span> <span class='ocrx_word' id='word_1_585' title='bbox 2825 900 2986 954; x_wconf 85' lang='lat' dir='ltr'><strong>Num.</strong></span> <span class='ocrx_word' id='word_1_586' title='bbox 3015 919 3122 963; x_wconf 67' lang='grc' dir='ltr'>χιιι,</span> <span class='ocrx_word' id='word_1_587' title='bbox 3153 905 3205 968; x_wconf 84' lang='grc'><strong>8,</strong></span> <span class='ocrx_word' id='word_1_588' title='bbox 3235 902 3323 973; x_wconf 84' lang='grc'><strong>9).</strong></span> <span class='ocrx_word' id='word_1_589' title='bbox 3353 903 3419 958; x_wconf 87' lang='lat' dir='ltr'><strong>Et</strong></span> <span class='ocrx_word' id='word_1_590' title='bbox 3447 913 3526 956; x_wconf 79' lang='lat' dir='ltr'><strong>at-</strong></span> 
     </span>
    </p>
   </div>
   <div class='ocr_carea' id='block_1_67' title="bbox 1941 983 3526 1062">
    <p class='ocr_par' dir='ltr' id='par_1_67' title="bbox 1941 983 3526 1062">
     <span class='ocr_line' id='line_1_67' title="bbox 1941 983 3526 1062; baseline 0.009 -30"><span class='ocrx_word' id='word_1_591' title='bbox 1941 987 2167 1035; x_wconf 86' lang='lat' dir='ltr'><strong>testatur</strong></span> <span class='ocrx_word' id='word_1_592' title='bbox 2202 983 2459 1038; x_wconf 88' lang='lat' dir='ltr'><strong>Dominus</strong></span> <span class='ocrx_word' id='word_1_593' title='bbox 2493 987 2545 1040; x_wconf 92' lang='lat' dir='ltr'><strong>in</strong></span> <span class='ocrx_word' id='word_1_594' title='bbox 2579 987 2865 1058; x_wconf 88' lang='lat' dir='ltr'><strong>Evangelio</strong></span> <span class='ocrx_word' id='word_1_595' title='bbox 2906 992 2991 1045; x_wconf 90' lang='lat' dir='ltr'><strong>tali</strong></span> <span class='ocrx_word' id='word_1_596' title='bbox 3033 993 3196 1062; x_wconf 87' lang='lat' dir='ltr'><strong>signo.</strong></span> <span class='ocrx_word' id='word_1_597' title='bbox 3243 993 3371 1047; x_wconf 85' lang='lat' dir='ltr'><strong>Nam</strong></span> <span class='ocrx_word' id='word_1_598' title='bbox 3407 1009 3526 1048; x_wconf 90' lang='lat' dir='ltr'><strong>cum</strong></span> 
     </span>
    </p>
   </div>
   <div class='ocr_carea' id='block_1_68' title="bbox 1937 1073 3529 1154">
    <p class='ocr_par' dir='ltr' id='par_1_68' title="bbox 1937 1073 3529 1154">
     <span class='ocr_line' id='line_1_68' title="bbox 1937 1073 3529 1154; baseline 0.007 -26"><span class='ocrx_word' id='word_1_599' title='bbox 1937 1073 2224 1130; x_wconf 85' lang='lat' dir='ltr'><strong>Nicodemo</strong></span> <span class='ocrx_word' id='word_1_600' title='bbox 2253 1077 2575 1148; x_wconf 85' lang='lat' dir='ltr'><strong>loqueretur,</strong></span> <span class='ocrx_word' id='word_1_601' title='bbox 2603 1081 2674 1133; x_wconf 85' lang='lat' dir='ltr'><strong>ait</strong></span> <span class='ocrx_word' id='word_1_602' title='bbox 2701 1102 2713 1135; x_wconf 75' lang='grc' dir='ltr'>ε</span> <span class='ocrx_word' id='word_1_603' title='bbox 2753 1081 2897 1137; x_wconf 87' lang='lat' dir='ltr'><strong>Sicut</strong></span> <span class='ocrx_word' id='word_1_604' title='bbox 2938 1083 3139 1154; x_wconf 82' lang='lat' dir='ltr'><strong>Moyses</strong></span> <span class='ocrx_word' id='word_1_605' title='bbox 3161 1086 3396 1138; x_wconf 74' lang='lat' dir='ltr'><strong>exultavit</strong></span> <span class='ocrx_word' id='word_1_606' title='bbox 3422 1102 3529 1139; x_wconf 88' lang='lat' dir='ltr'><strong>ser-</strong></span> 
     </span>
    </p>
   </div>
   <div class='ocr_carea' id='block_1_69' title="bbox 1937 1156 3526 1245">
    <p class='ocr_par' dir='ltr' id='par_1_69' title="bbox 1937 1156 3526 1245">
     <span class='ocr_line' id='line_1_69' title="bbox 1937 1156 3526 1245; baseline 0.008 -27"><span class='ocrx_word' id='word_1_607' title='bbox 1937 1176 2130 1234; x_wconf 85' lang='lat' dir='ltr'><strong>pentem</strong></span> <span class='ocrx_word' id='word_1_608' title='bbox 2159 1168 2212 1220; x_wconf 89' lang='lat' dir='ltr'><strong>in</strong></span> <span class='ocrx_word' id='word_1_609' title='bbox 2247 1168 2459 1236; x_wconf 88' lang='lat' dir='ltr'><strong>deserto,</strong></span> <span class='ocrx_word' id='word_1_610' title='bbox 2486 1172 2557 1224; x_wconf 84' lang='lat' dir='ltr'><strong>ita</strong></span> <span class='ocrx_word' id='word_1_611' title='bbox 2586 1173 2802 1226; x_wconf 74' lang='lat' dir='ltr'><strong>exaltari</strong></span> <span class='ocrx_word' id='word_1_612' title='bbox 2835 1185 3024 1245; x_wconf 74' lang='lat' dir='ltr'><strong>oportet</strong></span> <span class='ocrx_word' id='word_1_613' title='bbox 3053 1156 3243 1228; x_wconf 80' lang='lat' dir='ltr'><strong>Filium</strong></span> <span class='ocrx_word' id='word_1_614' title='bbox 3272 1179 3526 1242; x_wconf 82' lang='lat' dir='ltr'><strong>hominis;</strong></span> 
     </span>
    </p>
   </div>
   <div class='ocr_carea' id='block_1_70' title="bbox 1935 1259 3528 1335">
    <p class='ocr_par' dir='ltr' id='par_1_70' title="bbox 1935 1259 3528 1335">
     <span class='ocr_line' id='line_1_70' title="bbox 1935 1259 3528 1335; baseline 0.007 -28"><span class='ocrx_word' id='word_1_615' title='bbox 1935 1266 1987 1307; x_wconf 90' lang='lat' dir='ltr'><strong>ut</strong></span> <span class='ocrx_word' id='word_1_616' title='bbox 2017 1259 2178 1311; x_wconf 85' lang='lat' dir='ltr'><strong>omnis</strong></span> <span class='ocrx_word' id='word_1_617' title='bbox 2203 1261 2287 1329; x_wconf 86' lang='lat' dir='ltr'><strong>qui</strong></span> <span class='ocrx_word' id='word_1_618' title='bbox 2315 1262 2471 1314; x_wconf 84' lang='lat' dir='ltr'><strong>credit</strong></span> <span class='ocrx_word' id='word_1_619' title='bbox 2498 1263 2547 1314; x_wconf 89' lang='lat' dir='ltr'><strong>in</strong></span> <span class='ocrx_word' id='word_1_620' title='bbox 2585 1280 2695 1315; x_wconf 89' lang='lat' dir='ltr'><strong>eum</strong></span> <span class='ocrx_word' id='word_1_621' title='bbox 2713 1305 2726 1324; x_wconf 81' lang='lat'><em>.</em></span> <span class='ocrx_word' id='word_1_622' title='bbox 2755 1281 2853 1318; x_wconf 89' lang='lat' dir='ltr'><strong>non</strong></span> <span class='ocrx_word' id='word_1_623' title='bbox 2892 1276 3089 1335; x_wconf 89' lang='lat' dir='ltr'><strong>pereat,</strong></span> <span class='ocrx_word' id='word_1_624' title='bbox 3133 1267 3220 1319; x_wconf 87' lang='lat' dir='ltr'><strong>sed</strong></span> <span class='ocrx_word' id='word_1_625' title='bbox 3246 1265 3422 1319; x_wconf 87' lang='lat' dir='ltr'><strong>habeat</strong></span> <span class='ocrx_word' id='word_1_626' title='bbox 3451 1269 3528 1318; x_wconf 70' lang='lat' dir='ltr'><strong>tri-</strong></span> 
     </span>
    </p>
   </div>
   <div class='ocr_carea' id='block_1_71' title="bbox 1936 1352 3527 1428">
    <p class='ocr_par' dir='ltr' id='par_1_71' title="bbox 1936 1352 3527 1428">
     <span class='ocr_line' id='line_1_71' title="bbox 1936 1352 3527 1428; baseline 0.009 -29"><span class='ocrx_word' id='word_1_627' title='bbox 1936 1357 2037 1401; x_wconf 86' lang='lat' dir='ltr'><strong>tant</strong></span> <span class='ocrx_word' id='word_1_628' title='bbox 2061 1360 2296 1405; x_wconf 74' lang='lat' dir='ltr'><strong>retentam</strong></span> <span class='ocrx_word' id='word_1_629' title='bbox 2321 1352 2498 1422; x_wconf 87' lang='lat' dir='ltr'><strong>(Joan.</strong></span> <span class='ocrx_word' id='word_1_630' title='bbox 2520 1371 2593 1419; x_wconf 84' lang='lat' dir='ltr'><strong>tu,</strong></span> <span class='ocrx_word' id='word_1_631' title='bbox 2618 1358 2681 1410; x_wconf 69' lang='grc'><strong>14</strong></span> <span class='ocrx_word' id='word_1_632' title='bbox 2703 1367 2748 1409; x_wconf 92' lang='lat' dir='ltr'><strong>et</strong></span> <span class='ocrx_word' id='word_1_633' title='bbox 2771 1359 2876 1427; x_wconf 81' lang='grc'><strong>15).</strong></span> <span class='ocrx_word' id='word_1_634' title='bbox 2901 1355 3003 1413; x_wconf 87' lang='lat' dir='ltr'><strong>Sed</strong></span> <span class='ocrx_word' id='word_1_635' title='bbox 3035 1360 3134 1413; x_wconf 90' lang='lat' dir='ltr'><strong>hoc</strong></span> <span class='ocrx_word' id='word_1_636' title='bbox 3158 1369 3257 1422; x_wconf 90' lang='lat' dir='ltr'><strong>est,</strong></span> <span class='ocrx_word' id='word_1_637' title='bbox 3287 1361 3527 1428; x_wconf 83' lang='lat' dir='ltr'><strong>quicum-</strong></span> 
     </span>
    </p>
   </div>
   <div class='ocr_carea' id='block_1_72' title="bbox 1934 1442 3520 1516">
    <p class='ocr_par' dir='ltr' id='par_1_72' title="bbox 1934 1442 3520 1516">
     <span class='ocr_line' id='line_1_72' title="bbox 1934 1442 3520 1516; baseline 0.006 -24"><span class='ocrx_word' id='word_1_638' title='bbox 1934 1454 2036 1507; x_wconf 88' lang='lat' dir='ltr'><strong>que</strong></span> <span class='ocrx_word' id='word_1_639' title='bbox 2067 1455 2348 1510; x_wconf 87' lang='lat' dir='ltr'><strong>percussus</strong></span> <span class='ocrx_word' id='word_1_640' title='bbox 2377 1442 2534 1498; x_wconf 82' lang='lat' dir='ltr'><strong>fuerit</strong></span> <span class='ocrx_word' id='word_1_641' title='bbox 2560 1461 2586 1498; x_wconf 91' lang='lat' dir='ltr'><strong>a</strong></span> <span class='ocrx_word' id='word_1_642' title='bbox 2621 1448 2956 1516; x_wconf 76' lang='lat' dir='ltr'><strong>serpentibus</strong></span> <span class='ocrx_word' id='word_1_643' title='bbox 2978 1459 3335 1516; x_wconf 88' lang='lat' dir='ltr'><strong>peccatorum,</strong></span> <span class='ocrx_word' id='word_1_644' title='bbox 3363 1450 3520 1502; x_wconf 84' lang='lat' dir='ltr'><strong>Chri-</strong></span> 
     </span>
    </p>
   </div>
   <div class='ocr_carea' id='block_1_73' title="bbox 1934 1530 3521 1598">
    <p class='ocr_par' dir='ltr' id='par_1_73' title="bbox 1934 1530 3521 1598">
     <span class='ocr_line' id='line_1_73' title="bbox 1934 1530 3521 1598; baseline 0.006 -16"><span class='ocrx_word' id='word_1_645' title='bbox 1934 1537 2070 1582; x_wconf 84' lang='lat' dir='ltr'><strong>stum</strong></span> <span class='ocrx_word' id='word_1_646' title='bbox 2105 1530 2388 1598; x_wconf 87' lang='lat' dir='ltr'><strong>intueatur,</strong></span> <span class='ocrx_word' id='word_1_647' title='bbox 2425 1543 2477 1588; x_wconf 88' lang='lat' dir='ltr'><strong>et</strong></span> <span class='ocrx_word' id='word_1_648' title='bbox 2517 1535 2729 1591; x_wconf 89' lang='lat' dir='ltr'><strong>habebit</strong></span> <span class='ocrx_word' id='word_1_649' title='bbox 2757 1538 3035 1594; x_wconf 81' lang='lat' dir='ltr'><strong>sanitatem</strong></span> <span class='ocrx_word' id='word_1_650' title='bbox 3069 1539 3119 1593; x_wconf 92' lang='lat' dir='ltr'><strong>in</strong></span> <span class='ocrx_word' id='word_1_651' title='bbox 3157 1540 3521 1593; x_wconf 83' lang='lat' dir='ltr'><strong>remissionem</strong></span> 
     </span>
    </p>
   </div>
   <div class='ocr_carea' id='block_1_74' title="bbox 1933 1629 2292 1688">
    <p class='ocr_par' dir='ltr' id='par_1_74' title="bbox 1933 1629 2292 1688">
     <span class='ocr_line' id='line_1_74' title="bbox 1933 1629 2292 1688; baseline 0.011 -15"><span class='ocrx_word' id='word_1_652' title='bbox 1933 1629 2292 1688; x_wconf 71' lang='lat' dir='ltr'><strong>peccatorum.</strong></span> 
     </span>
    </p>
   </div>
   <div class='ocr_carea' id='block_1_75' title="bbox 2002 1710 3524 1788">
    <p class='ocr_par' dir='ltr' id='par_1_75' title="bbox 2002 1710 3524 1788">
     <span class='ocr_line' id='line_1_75' title="bbox 2002 1710 3524 1788; baseline 0.004 -24"><span class='ocrx_word' id='word_1_653' title='bbox 2002 1710 2230 1767; x_wconf 83' lang='lat' dir='ltr'><strong>CAPUT</strong></span> <span class='ocrx_word' id='word_1_654' title='bbox 2283 1713 2372 1768; x_wconf 81' lang='lat' dir='ltr'><strong>Vl.</strong></span> <span class='ocrx_word' id='word_1_655' title='bbox 2427 1746 2497 1762; x_wconf 91' lang='lat'><strong>.—-</strong></span> <span class='ocrx_word' id='word_1_656' title='bbox 2550 1717 2724 1787; x_wconf 82' lang='lat' dir='ltr'><strong>Ergo,</strong></span> <span class='ocrx_word' id='word_1_657' title='bbox 2780 1718 3008 1784; x_wconf 80' lang='lat' dir='ltr'><strong>fratres,</strong></span> <span class='ocrx_word' id='word_1_658' title='bbox 3069 1721 3177 1788; x_wconf 89' lang='lat' dir='ltr'><strong>ipsa</strong></span> <span class='ocrx_word' id='word_1_659' title='bbox 3241 1729 3324 1773; x_wconf 88' lang='lat' dir='ltr'><strong>est</strong></span> <span class='ocrx_word' id='word_1_660' title='bbox 3381 1734 3524 1771; x_wconf 79' lang='lat' dir='ltr'><strong>mor-</strong></span> 
     </span>
    </p>
   </div>
   <div class='ocr_carea' id='block_1_76' title="bbox 1934 1800 3523 1877">
    <p class='ocr_par' dir='ltr' id='par_1_76' title="bbox 1934 1800 3523 1877">
     <span class='ocr_line' id='line_1_76' title="bbox 1934 1800 3523 1877; baseline 0.004 -25"><span class='ocrx_word' id='word_1_661' title='bbox 1934 1800 2126 1867; x_wconf 85' lang='lat' dir='ltr'><strong>talitas,</strong></span> <span class='ocrx_word' id='word_1_662' title='bbox 2156 1817 2274 1870; x_wconf 65' lang='lat' dir='ltr'><strong>quin</strong></span> <span class='ocrx_word' id='word_1_663' title='bbox 2300 1814 2540 1873; x_wconf 86' lang='lat' dir='ltr'><strong>suscepta</strong></span> <span class='ocrx_word' id='word_1_664' title='bbox 2568 1815 2648 1860; x_wconf 88' lang='lat' dir='ltr'><strong>est</strong></span> <span class='ocrx_word' id='word_1_665' title='bbox 2676 1821 2705 1860; x_wconf 86' lang='lat' dir='ltr'><strong>a</strong></span> <span class='ocrx_word' id='word_1_666' title='bbox 2736 1808 2978 1873; x_wconf 89' lang='lat' dir='ltr'><strong>Domino,</strong></span> <span class='ocrx_word' id='word_1_667' title='bbox 3011 1824 3166 1877; x_wconf 91' lang='lat' dir='ltr'><strong>quam</strong></span> <span class='ocrx_word' id='word_1_668' title='bbox 3195 1823 3414 1862; x_wconf 61' lang='lat' dir='ltr'><strong>necesse</strong></span> <span class='ocrx_word' id='word_1_669' title='bbox 3442 1816 3523 1859; x_wconf 74' lang='lat' dir='ltr'><strong>est</strong></span> 
     </span>
    </p>
   </div>
   <div class='ocr_carea' id='block_1_77' title="bbox 1935 1891 3515 1968">
    <p class='ocr_par' dir='ltr' id='par_1_77' title="bbox 1935 1891 3515 1968">
     <span class='ocr_line' id='line_1_77' title="bbox 1935 1891 3515 1968; baseline 0.006 -27"><span class='ocrx_word' id='word_1_670' title='bbox 1935 1891 2130 1946; x_wconf 86' lang='lat' dir='ltr'><strong>habere</strong></span> <span class='ocrx_word' id='word_1_671' title='bbox 2155 1908 2349 1962; x_wconf 89' lang='lat' dir='ltr'><strong>corpus</strong></span> <span class='ocrx_word' id='word_1_672' title='bbox 2375 1895 2509 1963; x_wconf 89' lang='lat' dir='ltr'><strong>ejus,</strong></span> <span class='ocrx_word' id='word_1_673' title='bbox 2537 1897 2691 1965; x_wconf 87' lang='lat' dir='ltr'><strong>cujus</strong></span> <span class='ocrx_word' id='word_1_674' title='bbox 2717 1907 2797 1953; x_wconf 89' lang='lat' dir='ltr'><strong>est</strong></span> <span class='ocrx_word' id='word_1_675' title='bbox 2819 1908 2974 1968; x_wconf 90' lang='lat' dir='ltr'><strong>caput</strong></span> <span class='ocrx_word' id='word_1_676' title='bbox 3001 1900 3162 1954; x_wconf 90' lang='lat' dir='ltr'><strong>homo</strong></span> <span class='ocrx_word' id='word_1_677' title='bbox 3185 1900 3233 1952; x_wconf 90' lang='lat' dir='ltr'><strong>in</strong></span> <span class='ocrx_word' id='word_1_678' title='bbox 3256 1899 3416 1954; x_wconf 69' lang='lat' dir='ltr'><strong>coelo.</strong></span> <span class='ocrx_word' id='word_1_679' title='bbox 3441 1899 3515 1951; x_wconf 82' lang='lat' dir='ltr'><strong>Ita</strong></span> 
     </span>
    </p>
   </div>
   <div class='ocr_carea' id='block_1_78' title="bbox 1942 1981 3520 2060">
    <p class='ocr_par' dir='ltr' id='par_1_78' title="bbox 1942 1981 3520 2060">
     <span class='ocr_line' id='line_1_78' title="bbox 1942 1981 3520 2060; baseline 0.005 -26"><span class='ocrx_word' id='word_1_680' title='bbox 1942 1981 2178 2036; x_wconf 86' lang='lat' dir='ltr'><strong>Ecclesia</strong></span> <span class='ocrx_word' id='word_1_681' title='bbox 2223 1987 2598 2040; x_wconf 83' lang='lat' dir='ltr'><strong>mortalitatem</strong></span> <span class='ocrx_word' id='word_1_682' title='bbox 2632 1987 2821 2055; x_wconf 89' lang='lat' dir='ltr'><strong>habet,</strong></span> <span class='ocrx_word' id='word_1_683' title='bbox 2863 1991 3002 2060; x_wconf 90' lang='lat' dir='ltr'><strong>quod</strong></span> <span class='ocrx_word' id='word_1_684' title='bbox 3045 1991 3233 2044; x_wconf 81' lang='lat' dir='ltr'><strong>vulnus</strong></span> <span class='ocrx_word' id='word_1_685' title='bbox 3264 1990 3520 2043; x_wconf 84' lang='lat' dir='ltr'><strong>inﬂictqu</strong></span> 
     </span>
    </p>
   </div>
   <div class='ocr_carea' id='block_1_79' title="bbox 1931 2074 3518 2145">
    <p class='ocr_par' dir='ltr' id='par_1_79' title="bbox 1931 2074 3518 2145">
     <span class='ocr_line' id='line_1_79' title="bbox 1931 2074 3518 2145; baseline 0.004 -21"><span class='ocrx_word' id='word_1_686' title='bbox 1931 2080 2024 2145; x_wconf 82' lang='lat' dir='ltr'><strong>est</strong></span> <span class='ocrx_word' id='word_1_687' title='bbox 2050 2087 2144 2140; x_wconf 85' lang='lat' dir='ltr'><strong>per</strong></span> <span class='ocrx_word' id='word_1_688' title='bbox 2175 2074 2474 2128; x_wconf 89' lang='lat' dir='ltr'><strong>suasionem</strong></span> <span class='ocrx_word' id='word_1_689' title='bbox 2505 2077 2786 2144; x_wconf 83' lang='lat' dir='ltr'><strong>serpentis.</strong></span> <span class='ocrx_word' id='word_1_690' title='bbox 2818 2079 3079 2133; x_wconf 88' lang='lat' dir='ltr'><strong>Debemus</strong></span> <span class='ocrx_word' id='word_1_691' title='bbox 3111 2079 3250 2132; x_wconf 92' lang='lat' dir='ltr'><strong>enim</strong></span> <span class='ocrx_word' id='word_1_692' title='bbox 3292 2087 3518 2132; x_wconf 77' lang='lat' dir='ltr'><strong>mortem</strong></span> 
     </span>
    </p>
   </div>
   <div class='ocr_carea' id='block_1_80' title="bbox 1931 2166 3520 2238">
    <p class='ocr_par' dir='ltr' id='par_1_80' title="bbox 1931 2166 3520 2238">
     <span class='ocr_line' id='line_1_80' title="bbox 1931 2166 3520 2238; baseline 0.004 -22"><span class='ocrx_word' id='word_1_693' title='bbox 1931 2173 2150 2232; x_wconf 88' lang='lat' dir='ltr'><strong>peccato</strong></span> <span class='ocrx_word' id='word_1_694' title='bbox 2180 2166 2334 2233; x_wconf 87' lang='lat' dir='ltr'><strong>primi</strong></span> <span class='ocrx_word' id='word_1_695' title='bbox 2363 2167 2726 2222; x_wconf 80' lang='lat' dir='ltr'><strong>hominiszsed</strong></span> <span class='ocrx_word' id='word_1_696' title='bbox 2755 2185 2980 2238; x_wconf 84' lang='lat' dir='ltr'><strong>peream</strong></span> <span class='ocrx_word' id='word_1_697' title='bbox 3009 2171 3074 2224; x_wconf 85' lang='lat' dir='ltr'><strong>ad</strong></span> <span class='ocrx_word' id='word_1_698' title='bbox 3103 2172 3263 2223; x_wconf 88' lang='lat' dir='ltr'><strong>vitam</strong></span> <span class='ocrx_word' id='word_1_699' title='bbox 3289 2171 3305 2200; x_wconf 83' lang='grc'>¹</span> <span class='ocrx_word' id='word_1_700' title='bbox 3335 2185 3520 2237; x_wconf 82' lang='lat' dir='ltr'><strong>perve-</strong></span> 
     </span>
    </p>
   </div>
   <div class='ocr_carea' id='block_1_81' title="bbox 1933 2254 3518 2325">
    <p class='ocr_par' dir='ltr' id='par_1_81' title="bbox 1933 2254 3518 2325">
     <span class='ocr_line' id='line_1_81' title="bbox 1933 2254 3518 2325; baseline 0.003 -18"><span class='ocrx_word' id='word_1_701' title='bbox 1933 2254 2138 2308; x_wconf 91' lang='lat' dir='ltr'><strong>niemus</strong></span> <span class='ocrx_word' id='word_1_702' title='bbox 2159 2266 2410 2311; x_wconf 82' lang='lat' dir='ltr'><strong>:eternam</strong></span> <span class='ocrx_word' id='word_1_703' title='bbox 2432 2298 2445 2320; x_wconf 92' lang='lat'><strong>,</strong></span> <span class='ocrx_word' id='word_1_704' title='bbox 2497 2273 2591 2325; x_wconf 87' lang='lat' dir='ltr'><strong>per</strong></span> <span class='ocrx_word' id='word_1_705' title='bbox 2610 2257 2792 2313; x_wconf 81' lang='lat' dir='ltr'><strong>Jcsum</strong></span> <span class='ocrx_word' id='word_1_706' title='bbox 2817 2257 3086 2314; x_wconf 69' lang='lat' dir='ltr'><strong>Christum</strong></span> <span class='ocrx_word' id='word_1_707' title='bbox 3117 2261 3394 2314; x_wconf 90' lang='lat' dir='ltr'><strong>Dominum</strong></span> <span class='ocrx_word' id='word_1_708' title='bbox 3421 2273 3518 2312; x_wconf 88' lang='lat' dir='ltr'><strong>uo-</strong></span> 
     </span>
    </p>
   </div>
   <div class='ocr_carea' id='block_1_82' title="bbox 1932 2345 3521 2416">
    <p class='ocr_par' dir='ltr' id='par_1_82' title="bbox 1932 2345 3521 2416">
     <span class='ocr_line' id='line_1_82' title="bbox 1932 2345 3521 2416; baseline 0.002 -18"><span class='ocrx_word' id='word_1_709' title='bbox 1932 2353 2120 2398; x_wconf 89' lang='lat' dir='ltr'><strong>strum.</strong></span> <span class='ocrx_word' id='word_1_710' title='bbox 2167 2345 2270 2401; x_wconf 88' lang='lat' dir='ltr'><strong>Sed</strong></span> <span class='ocrx_word' id='word_1_711' title='bbox 2306 2347 2516 2416; x_wconf 87' lang='lat' dir='ltr'><strong>quando</strong></span> <span class='ocrx_word' id='word_1_712' title='bbox 2545 2351 2689 2403; x_wconf 88' lang='lat' dir='ltr'><strong>venit</strong></span> <span class='ocrx_word' id='word_1_713' title='bbox 2733 2350 2796 2402; x_wconf 91' lang='lat' dir='ltr'><strong>ad</strong></span> <span class='ocrx_word' id='word_1_714' title='bbox 2841 2355 2999 2404; x_wconf 85' lang='lat' dir='ltr'><strong>vitam</strong></span> <span class='ocrx_word' id='word_1_715' title='bbox 3027 2394 3040 2416; x_wconf 93' lang='lat'><strong>,</strong></span> <span class='ocrx_word' id='word_1_716' title='bbox 3075 2361 3127 2404; x_wconf 91' lang='lat' dir='ltr'><strong>et</strong></span> <span class='ocrx_word' id='word_1_717' title='bbox 3158 2352 3295 2406; x_wconf 88' lang='lat' dir='ltr'><strong>redit</strong></span> <span class='ocrx_word' id='word_1_718' title='bbox 3333 2350 3398 2406; x_wconf 86' lang='lat' dir='ltr'><strong>ad</strong></span> <span class='ocrx_word' id='word_1_719' title='bbox 3431 2365 3521 2402; x_wconf 89' lang='lat' dir='ltr'><strong>re-</strong></span> 
     </span>
    </p>
   </div>
   <div class='ocr_carea' id='block_1_83' title="bbox 1931 2438 3516 2514">
    <p class='ocr_par' dir='ltr' id='par_1_83' title="bbox 1931 2438 3516 2514">
     <span class='ocr_line' id='line_1_83' title="bbox 1931 2438 3516 2514; baseline 0.007 -23"><span class='ocrx_word' id='word_1_720' title='bbox 1931 2439 2131 2505; x_wconf 81' lang='lat' dir='ltr'><strong>gnum?</strong></span> <span class='ocrx_word' id='word_1_721' title='bbox 2174 2439 2229 2492; x_wconf 92' lang='lat' dir='ltr'><strong>ln</strong></span> <span class='ocrx_word' id='word_1_722' title='bbox 2263 2438 2366 2493; x_wconf 81' lang='lat' dir='ltr'><strong>ﬁne</strong></span> <span class='ocrx_word' id='word_1_723' title='bbox 2409 2443 2605 2496; x_wconf 64' lang='lat' dir='ltr'><strong>sa‘culi.</strong></span> <span class='ocrx_word' id='word_1_724' title='bbox 2634 2442 2764 2496; x_wconf 87' lang='lat' dir='ltr'><strong>Nam</strong></span> <span class='ocrx_word' id='word_1_725' title='bbox 2794 2443 2911 2497; x_wconf 88' lang='lat' dir='ltr'><strong>ideo</strong></span> <span class='ocrx_word' id='word_1_726' title='bbox 2940 2445 3162 2500; x_wconf 85' lang='lat' dir='ltr'><strong>caudam</strong></span> <span class='ocrx_word' id='word_1_727' title='bbox 3193 2449 3360 2502; x_wconf 89' lang='lat' dir='ltr'><strong>tenuit</strong></span> <span class='ocrx_word' id='word_1_728' title='bbox 3380 2492 3394 2514; x_wconf 92' lang='lat'><strong>,</strong></span> <span class='ocrx_word' id='word_1_729' title='bbox 3428 2449 3516 2504; x_wconf 91' lang='lat' dir='ltr'><strong>ubi</strong></span> 
     </span>
    </p>
   </div>
   <div class='ocr_carea' id='block_1_84' title="bbox 1933 2531 3138 2603">
    <p class='ocr_par' dir='ltr' id='par_1_84' title="bbox 1933 2531 3138 2603">
     <span class='ocr_line' id='line_1_84' title="bbox 1933 2531 3138 2603; baseline 0.004 -19"><span class='ocrx_word' id='word_1_730' title='bbox 1933 2531 2052 2586; x_wconf 88' lang='lat' dir='ltr'><strong>linis</strong></span> <span class='ocrx_word' id='word_1_731' title='bbox 2073 2541 2172 2592; x_wconf 88' lang='lat' dir='ltr'><strong>est.</strong></span> <span class='ocrx_word' id='word_1_732' title='bbox 2206 2541 2264 2586; x_wconf 93' lang='lat' dir='ltr'><strong>ut</strong></span> <span class='ocrx_word' id='word_1_733' title='bbox 2288 2533 2351 2586; x_wconf 92' lang='lat' dir='ltr'><strong>ad</strong></span> <span class='ocrx_word' id='word_1_734' title='bbox 2383 2535 2662 2603; x_wconf 88' lang='lat' dir='ltr'><strong>pristinum</strong></span> <span class='ocrx_word' id='word_1_735' title='bbox 2690 2545 2984 2590; x_wconf 78' lang='lat' dir='ltr'><strong>revocaret.</strong></span> <span class='ocrx_word' id='word_1_736' title='bbox 3131 2531 3138 2537; x_wconf 69' lang='grc'>’</span> 
     </span>
    </p>
   </div>
   <div class='ocr_carea' id='block_1_85' title="bbox 2003 2621 3518 2699">
    <p class='ocr_par' dir='ltr' id='par_1_85' title="bbox 2003 2621 3518 2699">
     <span class='ocr_line' id='line_1_85' title="bbox 2003 2621 3518 2699; baseline 0.006 -23"><span class='ocrx_word' id='word_1_737' title='bbox 2003 2624 2055 2676; x_wconf 91' lang='grc'><strong>8.</strong></span> <span class='ocrx_word' id='word_1_738' title='bbox 2101 2621 2235 2687; x_wconf 81' lang='lat' dir='ltr'><strong>Quid</strong></span> <span class='ocrx_word' id='word_1_739' title='bbox 2273 2640 2450 2678; x_wconf 86' lang='lat' dir='ltr'><strong>manus</strong></span> <span class='ocrx_word' id='word_1_740' title='bbox 2504 2635 2548 2678; x_wconf 90' lang='lat' dir='ltr'><strong>et</strong></span> <span class='ocrx_word' id='word_1_741' title='bbox 2597 2626 2738 2679; x_wconf 90' lang='lat' dir='ltr'><strong>sinus</strong></span> <span class='ocrx_word' id='word_1_742' title='bbox 2784 2625 2950 2696; x_wconf 78' lang='lat' dir='ltr'><strong>Moysi</strong></span> <span class='ocrx_word' id='word_1_743' title='bbox 2981 2630 3146 2695; x_wconf 88' lang='lat' dir='ltr'><strong>:quid</strong></span> <span class='ocrx_word' id='word_1_744' title='bbox 3192 2647 3339 2699; x_wconf 88' lang='lat' dir='ltr'><strong>aqua.</strong></span> <span class='ocrx_word' id='word_1_745' title='bbox 3383 2631 3518 2698; x_wconf 85' lang='lat' dir='ltr'><strong>Quid</strong></span> 
     </span>
    </p>
   </div>
   <div class='ocr_carea' id='block_1_86' title="bbox 1933 2712 3513 2788">
    <p class='ocr_par' dir='ltr' id='par_1_86' title="bbox 1933 2712 3513 2788">
     <span class='ocr_line' id='line_1_86' title="bbox 1933 2712 3513 2788; baseline 0.006 -23"><span class='ocrx_word' id='word_1_746' title='bbox 1933 2713 2018 2766; x_wconf 91' lang='lat' dir='ltr'><strong>illa</strong></span> <span class='ocrx_word' id='word_1_747' title='bbox 2049 2715 2269 2767; x_wconf 82' lang='lat' dir='ltr'><strong>manus?</strong></span> <span class='ocrx_word' id='word_1_748' title='bbox 2298 2712 2515 2768; x_wconf 91' lang='lat' dir='ltr'><strong>Certum</strong></span> <span class='ocrx_word' id='word_1_749' title='bbox 2557 2722 2638 2768; x_wconf 88' lang='lat' dir='ltr'><strong>est</strong></span> <span class='ocrx_word' id='word_1_750' title='bbox 2679 2717 2797 2785; x_wconf 91' lang='lat' dir='ltr'><strong>quia</strong></span> <span class='ocrx_word' id='word_1_751' title='bbox 2827 2725 2881 2770; x_wconf 87' lang='lat' dir='ltr'><strong>et</strong></span> <span class='ocrx_word' id='word_1_752' title='bbox 2911 2717 2994 2770; x_wconf 91' lang='lat' dir='ltr'><strong>illa</strong></span> <span class='ocrx_word' id='word_1_753' title='bbox 3036 2734 3222 2772; x_wconf 90' lang='lat' dir='ltr'><strong>manus</strong></span> <span class='ocrx_word' id='word_1_754' title='bbox 3262 2720 3513 2788; x_wconf 87' lang='lat' dir='ltr'><strong>populum</strong></span> 
     </span>
    </p>
   </div>
   <div class='ocr_carea' id='block_1_87' title="bbox 1933 2795 3518 2872">
    <p class='ocr_par' dir='ltr' id='par_1_87' title="bbox 1933 2795 3518 2872">
     <span class='ocr_line' id='line_1_87' title="bbox 1933 2795 3518 2872; baseline 0.005 -23"><span class='ocrx_word' id='word_1_755' title='bbox 1933 2795 2102 2864; x_wconf 89' lang='lat' dir='ltr'><strong>ipsum</strong></span> <span class='ocrx_word' id='word_1_756' title='bbox 2134 2797 2418 2866; x_wconf 78' lang='lat' dir='ltr'><strong>signiﬁcat.</strong></span> <span class='ocrx_word' id='word_1_757' title='bbox 2451 2797 2610 2853; x_wconf 87' lang='lat' dir='ltr'><strong>Sinus</strong></span> <span class='ocrx_word' id='word_1_758' title='bbox 2637 2799 2865 2853; x_wconf 83' lang='lat' dir='ltr'><strong>hominis</strong></span> <span class='ocrx_word' id='word_1_759' title='bbox 2885 2800 3008 2868; x_wconf 89' lang='lat' dir='ltr'><strong>quid</strong></span> <span class='ocrx_word' id='word_1_760' title='bbox 3032 2802 3146 2855; x_wconf 85' lang='lat' dir='ltr'><strong>est?</strong></span> <span class='ocrx_word' id='word_1_761' title='bbox 3169 2802 3331 2857; x_wconf 87' lang='lat' dir='ltr'><strong>Sinus</strong></span> <span class='ocrx_word' id='word_1_762' title='bbox 3353 2803 3518 2872; x_wconf 82' lang='lat' dir='ltr'><strong>Moysi</strong></span> 
     </span>
    </p>
   </div>
   <div class='ocr_carea' id='block_1_88' title="bbox 1932 2888 3520 2955">
    <p class='ocr_par' dir='ltr' id='par_1_88' title="bbox 1932 2888 3520 2955">
     <span class='ocr_line' id='line_1_88' title="bbox 1932 2888 3520 2955; baseline 0.004 -15"><span class='ocrx_word' id='word_1_763' title='bbox 1932 2898 2193 2942; x_wconf 87' lang='lat' dir='ltr'><strong>secretum</strong></span> <span class='ocrx_word' id='word_1_764' title='bbox 2223 2889 2336 2943; x_wconf 91' lang='lat' dir='ltr'><strong>Dei.</strong></span> <span class='ocrx_word' id='word_1_765' title='bbox 2366 2889 2500 2944; x_wconf 91' lang='lat' dir='ltr'><strong>Cum</strong></span> <span class='ocrx_word' id='word_1_766' title='bbox 2527 2897 2671 2943; x_wconf 75' lang='lat' dir='ltr'><strong>esset</strong></span> <span class='ocrx_word' id='word_1_767' title='bbox 2712 2888 2871 2942; x_wconf 87' lang='lat' dir='ltr'><strong>homo</strong></span> <span class='ocrx_word' id='word_1_768' title='bbox 2902 2891 2952 2944; x_wconf 93' lang='lat' dir='ltr'><strong>in</strong></span> <span class='ocrx_word' id='word_1_769' title='bbox 2989 2900 3195 2946; x_wconf 89' lang='lat' dir='ltr'><strong>secreto</strong></span> <span class='ocrx_word' id='word_1_770' title='bbox 3226 2893 3340 2955; x_wconf 89' lang='lat' dir='ltr'><strong>Dei,</strong></span> <span class='ocrx_word' id='word_1_771' title='bbox 3374 2893 3520 2948; x_wconf 88' lang='lat' dir='ltr'><strong>inco-</strong></span> 
     </span>
    </p>
   </div>
   <div class='ocr_carea' id='block_1_89' title="bbox 1933 2975 3517 3051">
    <p class='ocr_par' dir='ltr' id='par_1_89' title="bbox 1933 2975 3517 3051">
     <span class='ocr_line' id='line_1_89' title="bbox 1933 2975 3517 3051; baseline 0.004 -22"><span class='ocrx_word' id='word_1_772' title='bbox 1933 2975 2090 3032; x_wconf 87' lang='lat' dir='ltr'><strong>lumis</strong></span> <span class='ocrx_word' id='word_1_773' title='bbox 2115 2987 2227 3032; x_wconf 88' lang='lat' dir='ltr'><strong>erat</strong></span> <span class='ocrx_word' id='word_1_774' title='bbox 2247 3018 2262 3042; x_wconf 93' lang='lat'><strong>,</strong></span> <span class='ocrx_word' id='word_1_775' title='bbox 2296 2987 2352 3033; x_wconf 90' lang='lat' dir='ltr'><strong>et</strong></span> <span class='ocrx_word' id='word_1_776' title='bbox 2374 2978 2518 3033; x_wconf 89' lang='lat' dir='ltr'><strong>bono</strong></span> <span class='ocrx_word' id='word_1_777' title='bbox 2544 2979 2744 3033; x_wconf 86' lang='lat' dir='ltr'><strong>colore.</strong></span> <span class='ocrx_word' id='word_1_778' title='bbox 2785 2979 2926 3033; x_wconf 83' lang='lat' dir='ltr'><strong>Exiit</strong></span> <span class='ocrx_word' id='word_1_779' title='bbox 2949 2996 2977 3033; x_wconf 92' lang='lat' dir='ltr'><strong>a</strong></span> <span class='ocrx_word' id='word_1_780' title='bbox 3006 2992 3211 3035; x_wconf 89' lang='lat' dir='ltr'><strong>secreto</strong></span> <span class='ocrx_word' id='word_1_781' title='bbox 3241 2982 3354 3042; x_wconf 87' lang='lat' dir='ltr'><strong>Dei,</strong></span> <span class='ocrx_word' id='word_1_782' title='bbox 3389 2997 3517 3051; x_wconf 89' lang='lat' dir='ltr'><strong>pro-</strong></span> 
     </span>
    </p>
   </div>
   <div class='ocr_carea' id='block_1_90' title="bbox 1933 3069 3519 3138">
    <p class='ocr_par' dir='ltr' id='par_1_90' title="bbox 1933 3069 3519 3138">
     <span class='ocr_line' id='line_1_90' title="bbox 1933 3069 3519 3138; baseline 0.005 -19"><span class='ocrx_word' id='word_1_783' title='bbox 1933 3082 2146 3137; x_wconf 84' lang='lat' dir='ltr'><strong>gressus</strong></span> <span class='ocrx_word' id='word_1_784' title='bbox 2173 3077 2255 3122; x_wconf 90' lang='lat' dir='ltr'><strong>est</strong></span> <span class='ocrx_word' id='word_1_785' title='bbox 2280 3069 2446 3122; x_wconf 81' lang='lat' dir='ltr'><strong>Adam</strong></span> <span class='ocrx_word' id='word_1_786' title='bbox 2474 3069 2541 3124; x_wconf 91' lang='lat' dir='ltr'><strong>de</strong></span> <span class='ocrx_word' id='word_1_787' title='bbox 2573 3069 2814 3138; x_wconf 87' lang='lat' dir='ltr'><strong>paradiso</strong></span> <span class='ocrx_word' id='word_1_788' title='bbox 2834 3111 2847 3135; x_wconf 96' lang='lat'><strong>,</strong></span> <span class='ocrx_word' id='word_1_789' title='bbox 2877 3070 3080 3125; x_wconf 75' lang='lat' dir='ltr'><strong>odenso</strong></span> <span class='ocrx_word' id='word_1_790' title='bbox 3110 3071 3245 3134; x_wconf 86' lang='lat' dir='ltr'><strong>Deo,</strong></span> <span class='ocrx_word' id='word_1_791' title='bbox 3269 3081 3322 3126; x_wconf 90' lang='lat' dir='ltr'><strong>et</strong></span> <span class='ocrx_word' id='word_1_792' title='bbox 3351 3073 3519 3128; x_wconf 81' lang='lat' dir='ltr'><strong>iactus</strong></span> 
     </span>
    </p>
   </div>
   <div class='ocr_carea' id='block_1_91' title="bbox 1934 3158 3521 3230">
    <p class='ocr_par' dir='ltr' id='par_1_91' title="bbox 1934 3158 3521 3230">
     <span class='ocr_line' id='line_1_91' title="bbox 1934 3158 3521 3230; baseline 0.004 -18"><span class='ocrx_word' id='word_1_793' title='bbox 1934 3167 2015 3212; x_wconf 82' lang='lat' dir='ltr'><strong>est</strong></span> <span class='ocrx_word' id='word_1_794' title='bbox 2041 3159 2281 3213; x_wconf 84' lang='lat' dir='ltr'><strong>vitiosus.</strong></span> <span class='ocrx_word' id='word_1_795' title='bbox 2313 3158 2467 3213; x_wconf 78' lang='lat' dir='ltr'><strong>Facta</strong></span> <span class='ocrx_word' id='word_1_796' title='bbox 2502 3169 2584 3214; x_wconf 88' lang='lat' dir='ltr'><strong>est</strong></span> <span class='ocrx_word' id='word_1_797' title='bbox 2612 3175 2738 3230; x_wconf 85' lang='lat' dir='ltr'><strong>ergo</strong></span> <span class='ocrx_word' id='word_1_798' title='bbox 2765 3175 2951 3216; x_wconf 87' lang='lat' dir='ltr'><strong>manus</strong></span> <span class='ocrx_word' id='word_1_799' title='bbox 2986 3162 3072 3214; x_wconf 91' lang='lat' dir='ltr'><strong>illa</strong></span> <span class='ocrx_word' id='word_1_800' title='bbox 3112 3163 3229 3215; x_wconf 88' lang='lat' dir='ltr'><strong>alba</strong></span> <span class='ocrx_word' id='word_1_801' title='bbox 3261 3179 3274 3218; x_wconf 78' lang='grc' dir='ltr'><strong>ε</strong></span> <span class='ocrx_word' id='word_1_802' title='bbox 3308 3163 3398 3217; x_wconf 85' lang='lat' dir='ltr'><strong>sed</strong></span> <span class='ocrx_word' id='word_1_803' title='bbox 3436 3180 3521 3218; x_wconf 83' lang='lat' dir='ltr'><strong>re-</strong></span> 
     </span>
    </p>
   </div>
   <div class='ocr_carea' id='block_1_92' title="bbox 1933 3248 3516 3319">
    <p class='ocr_par' dir='ltr' id='par_1_92' title="bbox 1933 3248 3516 3319">
     <span class='ocr_line' id='line_1_92' title="bbox 1933 3248 3516 3319; baseline 0.003 -17"><span class='ocrx_word' id='word_1_804' title='bbox 1933 3248 2030 3303; x_wconf 90' lang='lat' dir='ltr'><strong>diit</strong></span> <span class='ocrx_word' id='word_1_805' title='bbox 2053 3248 2118 3303; x_wconf 83' lang='lat' dir='ltr'><strong>ad</strong></span> <span class='ocrx_word' id='word_1_806' title='bbox 2141 3249 2338 3315; x_wconf 91' lang='lat' dir='ltr'><strong>sinum,</strong></span> <span class='ocrx_word' id='word_1_807' title='bbox 2367 3265 2462 3319; x_wconf 87' lang='lat' dir='ltr'><strong>per</strong></span> <span class='ocrx_word' id='word_1_808' title='bbox 2483 3251 2656 3304; x_wconf 92' lang='lat' dir='ltr'><strong>sinum</strong></span> <span class='ocrx_word' id='word_1_809' title='bbox 2688 3252 2894 3305; x_wconf 88' lang='lat' dir='ltr'><strong>Domini</strong></span> <span class='ocrx_word' id='word_1_810' title='bbox 2922 3253 3086 3306; x_wconf 84' lang='lat' dir='ltr'><strong>nostri</strong></span> <span class='ocrx_word' id='word_1_811' title='bbox 3125 3252 3249 3307; x_wconf 82' lang='lat' dir='ltr'><strong>Jesu</strong></span> <span class='ocrx_word' id='word_1_812' title='bbox 3275 3253 3474 3308; x_wconf 84' lang='lat' dir='ltr'><strong>Christi</strong></span> <span class='ocrx_word' id='word_1_813' title='bbox 3501 3295 3516 3315; x_wconf 86' lang='lat'><strong>.</strong></span> 
     </span>
    </p>
   </div>
   <div class='ocr_carea' id='block_1_93' title="bbox 1935 3341 3520 3414">
    <p class='ocr_par' dir='ltr' id='par_1_93' title="bbox 1935 3341 3520 3414">
     <span class='ocr_line' id='line_1_93' title="bbox 1935 3341 3520 3414; baseline 0.001 -17"><span class='ocrx_word' id='word_1_814' title='bbox 1935 3349 1990 3397; x_wconf 88' lang='lat' dir='ltr'><strong>et</strong></span> <span class='ocrx_word' id='word_1_815' title='bbox 2017 3341 2219 3410; x_wconf 89' lang='lat' dir='ltr'><strong>recepit</strong></span> <span class='ocrx_word' id='word_1_816' title='bbox 2259 3342 2512 3396; x_wconf 89' lang='lat' dir='ltr'><strong>colorem.</strong></span> <span class='ocrx_word' id='word_1_817' title='bbox 2543 3341 2679 3410; x_wconf 88' lang='lat' dir='ltr'><strong>Quid</strong></span> <span class='ocrx_word' id='word_1_818' title='bbox 2707 3351 2886 3396; x_wconf 89' lang='lat' dir='ltr'><strong>autem</strong></span> <span class='ocrx_word' id='word_1_819' title='bbox 2924 3343 3008 3397; x_wconf 88' lang='lat' dir='ltr'><strong>illa</strong></span> <span class='ocrx_word' id='word_1_820' title='bbox 3040 3345 3209 3413; x_wconf 89' lang='lat' dir='ltr'><strong>aqua?</strong></span> <span class='ocrx_word' id='word_1_821' title='bbox 3250 3345 3398 3414; x_wconf 78' lang='lat' dir='ltr'><strong>Aqua</strong></span> <span class='ocrx_word' id='word_1_822' title='bbox 3431 3345 3520 3399; x_wconf 83' lang='lat' dir='ltr'><strong>illa</strong></span> 
     </span>
    </p>
   </div>
   <div class='ocr_carea' id='block_1_94' title="bbox 1936 3431 3518 3504">
    <p class='ocr_par' dir='ltr' id='par_1_94' title="bbox 1936 3431 3518 3504">
     <span class='ocr_line' id='line_1_94' title="bbox 1936 3431 3518 3504; baseline 0.001 -18"><span class='ocrx_word' id='word_1_823' title='bbox 1936 3431 2194 3501; x_wconf 75' lang='lat' dir='ltr'><strong>significat</strong></span> <span class='ocrx_word' id='word_1_824' title='bbox 2232 3432 2567 3500; x_wconf 90' lang='lat' dir='ltr'><strong>sapientiam.</strong></span> <span class='ocrx_word' id='word_1_825' title='bbox 2610 3432 2763 3501; x_wconf 71' lang='lat' dir='ltr'><strong>Smpe</strong></span> <span class='ocrx_word' id='word_1_826' title='bbox 2795 3433 2936 3487; x_wconf 88' lang='lat' dir='ltr'><strong>enim</strong></span> <span class='ocrx_word' id='word_1_827' title='bbox 2981 3435 3148 3502; x_wconf 84' lang='lat' dir='ltr'><strong>pesita</strong></span> <span class='ocrx_word' id='word_1_828' title='bbox 3190 3443 3272 3488; x_wconf 89' lang='lat' dir='ltr'><strong>est</strong></span> <span class='ocrx_word' id='word_1_829' title='bbox 3302 3449 3433 3504; x_wconf 84' lang='lat' dir='ltr'><strong>aqua</strong></span> <span class='ocrx_word' id='word_1_830' title='bbox 3467 3435 3518 3488; x_wconf 87' lang='lat' dir='ltr'><strong>in</strong></span> 
     </span>
    </p>
   </div>
   <div class='ocr_carea' id='block_1_95' title="bbox 1935 3521 3520 3592">
    <p class='ocr_par' dir='ltr' id='par_1_95' title="bbox 1935 3521 3520 3592">
     <span class='ocr_line' id='line_1_95' title="bbox 1935 3521 3520 3592; baseline -0.001 -15"><span class='ocrx_word' id='word_1_831' title='bbox 1935 3521 2331 3577; x_wconf 90' lang='lat' dir='ltr'><strong>similitudinem</strong></span> <span class='ocrx_word' id='word_1_832' title='bbox 2359 3524 2630 3592; x_wconf 75' lang='lat' dir='ltr'><strong>sapientiae</strong></span> <span class='ocrx_word' id='word_1_833' title='bbox 2652 3541 2665 3576; x_wconf 90' lang='lat'><strong>:</strong></span> <span class='ocrx_word' id='word_1_834' title='bbox 2688 3532 2744 3578; x_wconf 92' lang='lat' dir='ltr'><strong>et</strong></span> <span class='ocrx_word' id='word_1_835' title='bbox 2769 3523 2967 3578; x_wconf 89' lang='lat' dir='ltr'><strong>dictum</strong></span> <span class='ocrx_word' id='word_1_836' title='bbox 2987 3533 3086 3590; x_wconf 89' lang='lat' dir='ltr'><strong>est,</strong></span> <span class='ocrx_word' id='word_1_837' title='bbox 3117 3523 3226 3576; x_wconf 80' lang='lat' dir='ltr'><strong>Fiet</strong></span> <span class='ocrx_word' id='word_1_838' title='bbox 3253 3525 3302 3577; x_wconf 90' lang='lat' dir='ltr'><strong>in</strong></span> <span class='ocrx_word' id='word_1_839' title='bbox 3329 3541 3385 3577; x_wconf 84' lang='lat' dir='ltr'><strong>eo</strong></span> <span class='ocrx_word' id='word_1_840' title='bbox 3406 3528 3520 3592; x_wconf 78' lang='lat' dir='ltr'><strong>fons</strong></span> 
     </span>
    </p>
   </div>
   <div class='ocr_carea' id='block_1_96' title="bbox 1935 3611 3520 3682">
    <p class='ocr_par' dir='ltr' id='par_1_96' title="bbox 1935 3611 3520 3682">
     <span class='ocr_line' id='line_1_96' title="bbox 1935 3611 3520 3682; baseline 0.001 -18"><span class='ocrx_word' id='word_1_841' title='bbox 1935 3627 2078 3681; x_wconf 73' lang='lat' dir='ltr'><strong>aqum</strong></span> <span class='ocrx_word' id='word_1_842' title='bbox 2121 3612 2344 3664; x_wconf 87' lang='lat' dir='ltr'><strong>salientis</strong></span> <span class='ocrx_word' id='word_1_843' title='bbox 2388 3613 2439 3664; x_wconf 92' lang='lat' dir='ltr'><strong>in</strong></span> <span class='ocrx_word' id='word_1_844' title='bbox 2488 3614 2638 3665; x_wconf 80' lang='lat' dir='ltr'><strong>vitam</strong></span> <span class='ocrx_word' id='word_1_845' title='bbox 2674 3623 2910 3665; x_wconf 71' lang='lat' dir='ltr'><strong>cateruam</strong></span> <span class='ocrx_word' id='word_1_846' title='bbox 2941 3611 3128 3682; x_wconf 84' lang='lat' dir='ltr'><strong>(Joan.</strong></span> <span class='ocrx_word' id='word_1_847' title='bbox 3163 3628 3232 3674; x_wconf 82' lang='lat' dir='ltr'><strong>tv,</strong></span> <span class='ocrx_word' id='word_1_848' title='bbox 3263 3612 3382 3678; x_wconf 81' lang='lat' dir='ltr'><strong>H).</strong></span> <span class='ocrx_word' id='word_1_849' title='bbox 3415 3611 3520 3666; x_wconf 87' lang='lat' dir='ltr'><strong>Sed</strong></span> 
     </span>
    </p>
   </div>
   <div class='ocr_carea' id='block_1_97' title="bbox 1935 3700 3517 3771">
    <p class='ocr_par' dir='ltr' id='par_1_97' title="bbox 1935 3700 3517 3771">
     <span class='ocr_line' id='line_1_97' title="bbox 1935 3700 3517 3771; baseline 0.003 -18"><span class='ocrx_word' id='word_1_850' title='bbox 1935 3715 2070 3769; x_wconf 86' lang='lat' dir='ltr'><strong>aqua</strong></span> <span class='ocrx_word' id='word_1_851' title='bbox 2102 3701 2186 3754; x_wconf 92' lang='lat' dir='ltr'><strong>illa</strong></span> <span class='ocrx_word' id='word_1_852' title='bbox 2217 3700 2495 3768; x_wconf 88' lang='lat' dir='ltr'><strong>sapientia,</strong></span> <span class='ocrx_word' id='word_1_853' title='bbox 2525 3717 2641 3768; x_wconf 80' lang='lat' dir='ltr'><strong>qua:</strong></span> <span class='ocrx_word' id='word_1_854' title='bbox 2685 3702 2736 3754; x_wconf 90' lang='lat' dir='ltr'><strong>in</strong></span> <span class='ocrx_word' id='word_1_855' title='bbox 2767 3711 2904 3755; x_wconf 88' lang='lat' dir='ltr'><strong>terra</strong></span> <span class='ocrx_word' id='word_1_856' title='bbox 2948 3703 3162 3771; x_wconf 85' lang='lat' dir='ltr'><strong>sanguis</strong></span> <span class='ocrx_word' id='word_1_857' title='bbox 3187 3703 3372 3758; x_wconf 77' lang='lat' dir='ltr'><strong>eliecla</strong></span> <span class='ocrx_word' id='word_1_858' title='bbox 3401 3714 3517 3769; x_wconf 86' lang='lat' dir='ltr'><strong>est,</strong></span> 
     </span>
    </p>
   </div>
   <div class='ocr_carea' id='block_1_98' title="bbox 1936 3789 3521 3850">
    <p class='ocr_par' dir='ltr' id='par_1_98' title="bbox 1936 3789 3521 3850">
     <span class='ocr_line' id='line_1_98' title="bbox 1936 3789 3521 3850; baseline 0.004 -9"><span class='ocrx_word' id='word_1_859' title='bbox 1936 3805 2040 3842; x_wconf 89' lang='lat' dir='ltr'><strong>non</strong></span> <span class='ocrx_word' id='word_1_860' title='bbox 2085 3789 2236 3844; x_wconf 90' lang='lat' dir='ltr'><strong>nobis</strong></span> <span class='ocrx_word' id='word_1_861' title='bbox 2269 3789 2500 3844; x_wconf 88' lang='lat' dir='ltr'><strong>ostendit</strong></span> <span class='ocrx_word' id='word_1_862' title='bbox 2547 3789 2775 3845; x_wconf 84' lang='lat' dir='ltr'><strong>Verbum</strong></span> <span class='ocrx_word' id='word_1_863' title='bbox 2801 3805 3014 3846; x_wconf 86' lang='lat' dir='ltr'><strong>carnem</strong></span> <span class='ocrx_word' id='word_1_864' title='bbox 3045 3791 3237 3847; x_wconf 80' lang='lat' dir='ltr'><strong>factum</strong></span> <span class='ocrx_word' id='word_1_865' title='bbox 3283 3804 3336 3848; x_wconf 89' lang='lat' dir='ltr'><strong>et</strong></span> <span class='ocrx_word' id='word_1_866' title='bbox 3374 3795 3521 3850; x_wconf 87' lang='lat' dir='ltr'><strong>habi-</strong></span> 
     </span>
    </p>
   </div>
   <div class='ocr_carea' id='block_1_99' title="bbox 1937 3879 3520 3954">
    <p class='ocr_par' dir='ltr' id='par_1_99' title="bbox 1937 3879 3520 3954">
     <span class='ocr_line' id='line_1_99' title="bbox 1937 3879 3520 3954; baseline 0.004 -21"><span class='ocrx_word' id='word_1_867' title='bbox 1937 3887 2133 3934; x_wconf 89' lang='lat' dir='ltr'><strong>tantem</strong></span> <span class='ocrx_word' id='word_1_868' title='bbox 2168 3879 2218 3932; x_wconf 92' lang='lat' dir='ltr'><strong>in</strong></span> <span class='ocrx_word' id='word_1_869' title='bbox 2264 3879 2457 3934; x_wconf 86' lang='lat' dir='ltr'><strong>nobis?</strong></span> <span class='ocrx_word' id='word_1_870' title='bbox 2500 3880 2693 3951; x_wconf 91' lang='lat' dir='ltr'><strong>Utique</strong></span> <span class='ocrx_word' id='word_1_871' title='bbox 2714 3881 2964 3936; x_wconf 90' lang='lat' dir='ltr'><strong>ostendit.</strong></span> <span class='ocrx_word' id='word_1_872' title='bbox 2993 3882 3178 3938; x_wconf 89' lang='lat' dir='ltr'><strong>Omnia</strong></span> <span class='ocrx_word' id='word_1_873' title='bbox 3205 3899 3331 3954; x_wconf 80' lang='lat' dir='ltr'><strong>ergo</strong></span> <span class='ocrx_word' id='word_1_874' title='bbox 3361 3884 3520 3939; x_wconf 85' lang='lat' dir='ltr'><strong>l‘uturi</strong></span> 
     </span>
    </p>
   </div>
   <div class='ocr_carea' id='block_1_100' title="bbox 1934 3971 3520 4043">
    <p class='ocr_par' dir='ltr' id='par_1_100' title="bbox 1934 3971 3520 4043">
     <span class='ocr_line' id='line_1_100' title="bbox 1934 3971 3520 4043; baseline 0.003 -21"><span class='ocrx_word' id='word_1_875' title='bbox 1934 3971 2184 4042; x_wconf 77' lang='lat' dir='ltr'><strong>populi&#39;,</strong></span> <span class='ocrx_word' id='word_1_876' title='bbox 2223 3972 2371 4041; x_wconf 84' lang='lat' dir='ltr'><strong>signa</strong></span> <span class='ocrx_word' id='word_1_877' title='bbox 2417 3979 2539 4026; x_wconf 87' lang='lat' dir='ltr'><strong>sunt</strong></span> <span class='ocrx_word' id='word_1_878' title='bbox 2577 3983 2630 4027; x_wconf 90' lang='lat' dir='ltr'><strong>et</strong></span> <span class='ocrx_word' id='word_1_879' title='bbox 2668 3973 2917 4043; x_wconf 79' lang='lat' dir='ltr'><strong>mysteria</strong></span> <span class='ocrx_word' id='word_1_880' title='bbox 2961 3974 3028 4028; x_wconf 90' lang='lat' dir='ltr'><strong>de</strong></span> <span class='ocrx_word' id='word_1_881' title='bbox 3075 3975 3294 4026; x_wconf 90' lang='lat' dir='ltr'><strong>Domino</strong></span> <span class='ocrx_word' id='word_1_882' title='bbox 3335 3985 3520 4027; x_wconf 91' lang='lat' dir='ltr'><strong>nostro</strong></span> 
     </span>
    </p>
   </div>
   <div class='ocr_carea' id='block_1_101' title="bbox 1933 4063 3518 4134">
    <p class='ocr_par' dir='ltr' id='par_1_101' title="bbox 1933 4063 3518 4134">
     <span class='ocr_line' id='line_1_101' title="bbox 1933 4063 3518 4134; baseline 0.002 -16"><span class='ocrx_word' id='word_1_883' title='bbox 1933 4063 2058 4119; x_wconf 84' lang='lat' dir='ltr'><strong>Jesu</strong></span> <span class='ocrx_word' id='word_1_884' title='bbox 2102 4063 2335 4118; x_wconf 90' lang='lat' dir='ltr'><strong>Christo.</strong></span> <span class='ocrx_word' id='word_1_885' title='bbox 2369 4064 2436 4117; x_wconf 89' lang='lat' dir='ltr'><strong>Et</strong></span> <span class='ocrx_word' id='word_1_886' title='bbox 2460 4066 2503 4117; x_wconf 94' lang='lat' dir='ltr'><strong>si</strong></span> <span class='ocrx_word' id='word_1_887' title='bbox 2533 4081 2636 4134; x_wconf 88' lang='lat' dir='ltr'><strong>qua</strong></span> <span class='ocrx_word' id='word_1_888' title='bbox 2670 4067 2770 4117; x_wconf 86' lang='lat' dir='ltr'><strong>alia</strong></span> <span class='ocrx_word' id='word_1_889' title='bbox 2799 4074 2920 4118; x_wconf 91' lang='lat' dir='ltr'><strong>sunt</strong></span> <span class='ocrx_word' id='word_1_890' title='bbox 2959 4065 3008 4118; x_wconf 92' lang='lat' dir='ltr'><strong>iu</strong></span> <span class='ocrx_word' id='word_1_891' title='bbox 3040 4065 3307 4118; x_wconf 82' lang='lat' dir='ltr'><strong>veteribus</strong></span> <span class='ocrx_word' id='word_1_892' title='bbox 3345 4064 3518 4121; x_wconf 84' lang='lat' dir='ltr'><strong>Libris</strong></span> 
     </span>
    </p>
   </div>
   <div class='ocr_carea' id='block_1_102' title="bbox 1934 4154 3576 4224">
    <p class='ocr_par' dir='ltr' id='par_1_102' title="bbox 1934 4154 3576 4224">
     <span class='ocr_line' id='line_1_102' title="bbox 1934 4154 3576 4224; baseline 0 -15"><span class='ocrx_word' id='word_1_893' title='bbox 1934 4162 2284 4218; x_wconf 70' lang='lat' dir='ltr'><strong>s;:crameuta,</strong></span> <span class='ocrx_word' id='word_1_894' title='bbox 2314 4155 2426 4209; x_wconf 89' lang='lat' dir='ltr'><strong>sive</strong></span> <span class='ocrx_word' id='word_1_895' title='bbox 2452 4154 2538 4208; x_wconf 87' lang='lat' dir='ltr'><strong>illa</strong></span> <span class='ocrx_word' id='word_1_896' title='bbox 2564 4154 2946 4223; x_wconf 82' lang='lat' dir='ltr'><strong>intelligamus;</strong></span> <span class='ocrx_word' id='word_1_897' title='bbox 2975 4155 3092 4208; x_wconf 90' lang='lat' dir='ltr'><strong>sive</strong></span> <span class='ocrx_word' id='word_1_898' title='bbox 3123 4171 3223 4207; x_wconf 89' lang='lat' dir='ltr'><strong>non</strong></span> <span class='ocrx_word' id='word_1_899' title='bbox 3254 4155 3518 4224; x_wconf 81' lang='lat' dir='ltr'><strong>intelliga-</strong></span> <span class='ocrx_word' id='word_1_900' title='bbox 3573 4204 3576 4209; x_wconf 91' lang='lat'><strong>.</strong></span> 
     </span>
    </p>
   </div>
   <div class='ocr_carea' id='block_1_103' title="bbox 1937 4244 3516 4315">
    <p class='ocr_par' dir='ltr' id='par_1_103' title="bbox 1937 4244 3516 4315">
     <span class='ocr_line' id='line_1_103' title="bbox 1937 4244 3516 4315; baseline 0.002 -18"><span class='ocrx_word' id='word_1_901' title='bbox 1937 4259 2074 4307; x_wconf 87' lang='lat' dir='ltr'><strong>mus,</strong></span> <span class='ocrx_word' id='word_1_902' title='bbox 2119 4252 2446 4312; x_wconf 70' lang='lat' dir='ltr'><strong>qumrentem</strong></span> <span class='ocrx_word' id='word_1_903' title='bbox 2492 4244 2826 4310; x_wconf 84' lang='lat' dir='ltr'><strong>desiderant,</strong></span> <span class='ocrx_word' id='word_1_904' title='bbox 2875 4261 2978 4299; x_wconf 90' lang='lat' dir='ltr'><strong>non</strong></span> <span class='ocrx_word' id='word_1_905' title='bbox 3018 4246 3516 4315; x_wconf 86' lang='lat' dir='ltr'><strong>reprehendentem.</strong></span> 
     </span>
    </p>
   </div>
   <div class='ocr_carea' id='block_1_104' title="bbox 1934 4333 3518 4405">
    <p class='ocr_par' dir='ltr' id='par_1_104' title="bbox 1934 4333 3518 4405">
     <span class='ocr_line' id='line_1_104' title="bbox 1934 4333 3518 4405; baseline 0.001 -17"><span class='ocrx_word' id='word_1_906' title='bbox 1934 4333 2185 4388; x_wconf 88' lang='lat' dir='ltr'><strong>Pctamus</strong></span> <span class='ocrx_word' id='word_1_907' title='bbox 2225 4347 2386 4402; x_wconf 79' lang='lat' dir='ltr'><strong>ergo;</strong></span> <span class='ocrx_word' id='word_1_908' title='bbox 2418 4349 2720 4404; x_wconf 68' lang='lat' dir='ltr'><strong>quaaramus</strong></span> <span class='ocrx_word' id='word_1_909' title='bbox 2749 4344 2801 4389; x_wconf 88' lang='lat' dir='ltr'><strong>et</strong></span> <span class='ocrx_word' id='word_1_910' title='bbox 2831 4335 3128 4405; x_wconf 82' lang='lat' dir='ltr'><strong>pulscmus,</strong></span> <span class='ocrx_word' id='word_1_911' title='bbox 3161 4343 3217 4388; x_wconf 87' lang='lat' dir='ltr'><strong>ut</strong></span> <span class='ocrx_word' id='word_1_912' title='bbox 3253 4336 3518 4404; x_wconf 84' lang='lat' dir='ltr'><strong>aperiatur</strong></span> 
     </span>
    </p>
   </div>
   <div class='ocr_carea' id='block_1_105' title="bbox 1933 4426 3520 4500">
    <p class='ocr_par' dir='ltr' id='par_1_105' title="bbox 1933 4426 3520 4500">
     <span class='ocr_line' id='line_1_105' title="bbox 1933 4426 3520 4500; baseline 0.004 -20"><span class='ocrx_word' id='word_1_913' title='bbox 1933 4427 2105 4480; x_wconf 89' lang='lat' dir='ltr'><strong>nobis.</strong></span> <span class='ocrx_word' id='word_1_914' title='bbox 2124 4426 2230 4480; x_wconf 89' lang='lat' dir='ltr'><strong>Illis</strong></span> <span class='ocrx_word' id='word_1_915' title='bbox 2260 4426 2430 4481; x_wconf 83' lang='lat' dir='ltr'><strong>futura</strong></span> <span class='ocrx_word' id='word_1_916' title='bbox 2451 4426 2698 4496; x_wconf 64' lang='lat' dir='ltr'><strong>praedicta</strong></span> <span class='ocrx_word' id='word_1_917' title='bbox 2718 4437 2839 4481; x_wconf 90' lang='lat' dir='ltr'><strong>sunt</strong></span> <span class='ocrx_word' id='word_1_918' title='bbox 2860 4439 3187 4482; x_wconf 82' lang='lat' dir='ltr'><strong>sacramenta</strong></span> <span class='ocrx_word' id='word_1_919' title='bbox 3214 4447 3226 4482; x_wconf 90' lang='lat'>:</span> <span class='ocrx_word' id='word_1_920' title='bbox 3261 4444 3357 4483; x_wconf 90' lang='lat' dir='ltr'><strong>nos</strong></span> <span class='ocrx_word' id='word_1_921' title='bbox 3386 4445 3520 4500; x_wconf 68' lang='lat' dir='ltr'><strong>prte-</strong></span> 
     </span>
    </p>
   </div>
   <div class='ocr_carea' id='block_1_106' title="bbox 1935 4516 2757 4572">
    <p class='ocr_par' dir='ltr' id='par_1_106' title="bbox 1935 4516 2757 4572">
     <span class='ocr_line' id='line_1_106' title="bbox 1935 4516 2757 4572; baseline -0.001 -1"><span class='ocrx_word' id='word_1_922' title='bbox 1935 4517 2102 4572; x_wconf 84' lang='lat' dir='ltr'><strong>sentia</strong></span> <span class='ocrx_word' id='word_1_923' title='bbox 2130 4517 2367 4572; x_wconf 89' lang='lat' dir='ltr'><strong>videmus</strong></span> <span class='ocrx_word' id='word_1_924' title='bbox 2394 4516 2444 4571; x_wconf 90' lang='lat' dir='ltr'><strong>in</strong></span> <span class='ocrx_word' id='word_1_925' title='bbox 2470 4517 2757 4572; x_wconf 59' lang='lat' dir='ltr'><strong>Ecclesia”.</strong></span> 
     </span>
    </p>
   </div>
   <div class='ocr_carea' id='block_1_107' title="bbox 2464 4603 2985 4724">
    <p class='ocr_par' dir='ltr' id='par_1_107' title="bbox 2464 4603 2985 4724">
     <span class='ocr_line' id='line_1_107' title="bbox 2464 4603 2985 4724; baseline -0.008 -16"><span class='ocrx_word' id='word_1_926' title='bbox 2464 4651 2694 4708; x_wconf 73' lang='lat' dir='ltr'><strong>SERMO</strong></span> <span class='ocrx_word' id='word_1_927' title='bbox 2734 4651 2855 4706; x_wconf 56' lang='lat' dir='ltr'><strong>vu&#39;</strong></span> <span class='ocrx_word' id='word_1_928' title='bbox 2885 4603 2985 4724; x_wconf 70' lang='lat' dir='ltr'><strong>(a).</strong></span> 
     </span>
    </p>
   </div>
   <div class='ocr_carea' id='block_1_108' title="bbox 1934 4765 3523 4834">
    <p class='ocr_par' dir='ltr' id='par_1_108' title="bbox 1934 4765 3523 4834">
     <span class='ocr_line' id='line_1_108' title="bbox 1934 4765 3523 4834; baseline -0.001 -12"><span class='ocrx_word' id='word_1_929' title='bbox 1934 4768 2011 4823; x_wconf 92' lang='lat' dir='ltr'><strong>De</strong></span> <span class='ocrx_word' id='word_1_930' title='bbox 2031 4770 2246 4823; x_wconf 80' lang='lat' dir='ltr'><strong>lectione</strong></span> <span class='ocrx_word' id='word_1_931' title='bbox 2280 4767 2466 4831; x_wconf 76' lang='lat' dir='ltr'><strong>Exodi,</strong></span> <span class='ocrx_word' id='word_1_932' title='bbox 2496 4767 2558 4820; x_wconf 88' lang='lat' dir='ltr'><strong>de</strong></span> <span class='ocrx_word' id='word_1_933' title='bbox 2579 4765 2702 4819; x_wconf 87' lang='lat' dir='ltr'><strong>rubo</strong></span> <span class='ocrx_word' id='word_1_934' title='bbox 2733 4766 2786 4818; x_wconf 89' lang='lat' dir='ltr'><strong>in</strong></span> <span class='ocrx_word' id='word_1_935' title='bbox 2807 4781 2903 4834; x_wconf 90' lang='lat' dir='ltr'><strong>quo</strong></span> <span class='ocrx_word' id='word_1_936' title='bbox 2927 4766 3134 4834; x_wconf 76' lang='lat' dir='ltr'><strong>[intuma</strong></span> <span class='ocrx_word' id='word_1_937' title='bbox 3163 4776 3266 4820; x_wconf 85' lang='lat' dir='ltr'><strong>erat</strong></span> <span class='ocrx_word' id='word_1_938' title='bbox 3293 4777 3339 4819; x_wconf 89' lang='lat' dir='ltr'><strong>et</strong></span> <span class='ocrx_word' id='word_1_939' title='bbox 3366 4766 3523 4820; x_wconf 85' lang='lat' dir='ltr'><strong>rubus</strong></span> 
     </span>
    </p>
   </div>
   <div class='ocr_carea' id='block_1_109' title="bbox 2412 4854 3032 4926">
    <p class='ocr_par' dir='ltr' id='par_1_109' title="bbox 2412 4854 3032 4926">
     <span class='ocr_line' id='line_1_109' title="bbox 2412 4854 3032 4926; baseline -0.006 -14"><span class='ocrx_word' id='word_1_940' title='bbox 2412 4875 2514 4912; x_wconf 90' lang='lat' dir='ltr'><strong>non</strong></span> <span class='ocrx_word' id='word_1_941' title='bbox 2539 4857 2918 4911; x_wconf 87' lang='lat' dir='ltr'><strong>comburebatur</strong></span> <span class='ocrx_word' id='word_1_942' title='bbox 2937 4854 3032 4926; x_wconf 88' lang='lat' dir='ltr'><strong>(b).</strong></span> 
     </span>
    </p>
   </div>
   <div class='ocr_carea' id='block_1_110' title="bbox 2005 4968 3513 5038">
    <p class='ocr_par' dir='ltr' id='par_1_110' title="bbox 2005 4968 3513 5038">
     <span class='ocr_line' id='line_1_110' title="bbox 2005 4968 3513 5038; baseline -0.003 -12"><span class='ocrx_word' id='word_1_943' title='bbox 2005 4971 2144 5026; x_wconf 72' lang='lat' dir='ltr'><strong>Non.</strong></span> <span class='ocrx_word' id='word_1_944' title='bbox 2180 4973 2230 5024; x_wconf 87' lang='grc'><strong>1.</strong></span> <span class='ocrx_word' id='word_1_945' title='bbox 2258 5001 2327 5011; x_wconf 84' lang='grc'><strong>-</strong></span> <span class='ocrx_word' id='word_1_946' title='bbox 2359 4971 2483 5036; x_wconf 75' lang='lat' dir='ltr'><strong>Qua:</strong></span> <span class='ocrx_word' id='word_1_947' title='bbox 2510 4969 2813 5024; x_wconf 83' lang='lat' dir='ltr'><strong>advertenda</strong></span> <span class='ocrx_word' id='word_1_948' title='bbox 2838 4971 2900 5023; x_wconf 89' lang='lat' dir='ltr'><strong>de</strong></span> <span class='ocrx_word' id='word_1_949' title='bbox 2922 4968 3241 5038; x_wconf 86' lang='lat' dir='ltr'><strong>apparitione</strong></span> <span class='ocrx_word' id='word_1_950' title='bbox 3275 4969 3327 5020; x_wconf 84' lang='lat' dir='ltr'><strong>in</strong></span> <span class='ocrx_word' id='word_1_951' title='bbox 3369 4969 3513 5023; x_wconf 85' lang='lat' dir='ltr'><strong>rubo.</strong></span> 
     </span>
    </p>
   </div>
   <div class='ocr_carea' id='block_1_111' title="bbox 2001 5101 3052 5175">
    <p class='ocr_par' dir='ltr' id='par_1_111' title="bbox 2001 5101 3052 5175">
     <span class='ocr_line' id='line_1_111' title="bbox 2001 5101 3052 5175; baseline -0.004 -20"><span class='ocrx_word' id='word_1_952' title='bbox 2001 5107 2016 5175; x_wconf 66' lang='grc' dir='ltr'><strong>ξ</strong></span> <span class='ocrx_word' id='word_1_953' title='bbox 2043 5113 2126 5175; x_wconf 65' lang='lat' dir='ltr'><strong>tis.</strong></span> <span class='ocrx_word' id='word_1_954' title='bbox 2149 5103 2478 5175; x_wconf 57' lang='lat' dir='ltr'><strong>(albet-tinus,</strong></span> <span class='ocrx_word' id='word_1_955' title='bbox 2493 5103 2587 5175; x_wconf 78' lang='lat' dir='ltr'><strong>sed</strong></span> <span class='ocrx_word' id='word_1_956' title='bbox 2605 5107 2783 5175; x_wconf 52' lang='lat' dir='ltr'><strong>postea</strong></span> <span class='ocrx_word' id='word_1_957' title='bbox 2805 5101 2870 5174; x_wconf 79' lang='lat' dir='ltr'><strong>ad</strong></span> <span class='ocrx_word' id='word_1_958' title='bbox 2894 5104 3052 5175; x_wconf 58' lang='lat' dir='ltr'><strong>vitain:</strong></span> 
     </span>
    </p>
   </div>
   <div class='ocr_carea' id='block_1_112' title="bbox 1998 5162 3060 5238">
    <p class='ocr_par' dir='ltr' id='par_1_112' title="bbox 1998 5162 3060 5238">
     <span class='ocr_line' id='line_1_112' title="bbox 1998 5162 3060 5238; baseline -0.006 -22"><span class='ocrx_word' id='word_1_959' title='bbox 1998 5169 2020 5238; x_wconf 68' lang='grc' dir='ltr'><strong>ξ</strong></span> <span class='ocrx_word' id='word_1_960' title='bbox 2042 5169 2114 5216; x_wconf 69' lang='lat' dir='ltr'><strong>Sic</strong></span> <span class='ocrx_word' id='word_1_961' title='bbox 2136 5166 2334 5238; x_wconf 39' lang='lat' dir='ltr'><strong>aliqum.</strong></span> <span class='ocrx_word' id='word_1_962' title='bbox 2349 5174 2452 5238; x_wconf 54' lang='lat' dir='ltr'><strong>stss.</strong></span> <span class='ocrx_word' id='word_1_963' title='bbox 2481 5172 2533 5214; x_wconf 75' lang='lat' dir='ltr'><strong>At</strong></span> <span class='ocrx_word' id='word_1_964' title='bbox 2557 5162 2691 5222; x_wconf 88' lang='lat' dir='ltr'><strong>editi,</strong></span> <span class='ocrx_word' id='word_1_965' title='bbox 2713 5162 3060 5238; x_wconf 54' lang='grc' dir='ltr'>ῆιιιιζὶ-διῐειιιὶ.</span> 
     </span>
    </p>
   </div>
   <div class='ocr_carea' id='block_1_113' title="bbox 1938 5225 3520 5342">
    <p class='ocr_par' dir='ltr' id='par_1_113' title="bbox 1938 5225 3520 5342">
     <span class='ocr_line' id='line_1_113' title="bbox 1999 5225 3520 5285; baseline 0 -9"><span class='ocrx_word' id='word_1_966' title='bbox 1999 5229 2021 5261; x_wconf 86' lang='grc'>³</span> <span class='ocrx_word' id='word_1_967' title='bbox 2045 5237 2090 5277; x_wconf 92' lang='lat' dir='ltr'><strong>In</strong></span> <span class='ocrx_word' id='word_1_968' title='bbox 2114 5225 2256 5277; x_wconf 80' lang='lat' dir='ltr'><strong>Fditis</strong></span> <span class='ocrx_word' id='word_1_969' title='bbox 2278 5227 2497 5277; x_wconf 88' lang='lat' dir='ltr'><strong>additur:</strong></span> <span class='ocrx_word' id='word_1_970' title='bbox 2526 5225 2748 5276; x_wconf 68' lang='lat' dir='ltr'><strong>conversi</strong></span> <span class='ocrx_word' id='word_1_971' title='bbox 2771 5227 2835 5276; x_wconf 88' lang='lat' dir='ltr'><strong>ad</strong></span> <span class='ocrx_word' id='word_1_972' title='bbox 2857 5225 3125 5285; x_wconf 87' lang='lat' dir='ltr'><strong>Dominum,</strong></span> <span class='ocrx_word' id='word_1_973' title='bbox 3151 5231 3266 5283; x_wconf 89' lang='lat' dir='ltr'><strong>etc.,</strong></span> <span class='ocrx_word' id='word_1_974' title='bbox 3283 5225 3409 5285; x_wconf 86' lang='lat' dir='ltr'><strong>quod</strong></span> <span class='ocrx_word' id='word_1_975' title='bbox 3434 5227 3520 5275; x_wconf 86' lang='lat' dir='ltr'><strong>ab-</strong></span> 
     </span>
     <span class='ocr_line' id='line_1_114' title="bbox 1938 5298 2190 5342; baseline -0.016 0"><span class='ocrx_word' id='word_1_976' title='bbox 1938 5298 2014 5342; x_wconf 90' lang='lat' dir='ltr'><strong>est</strong></span> <span class='ocrx_word' id='word_1_977' title='bbox 2035 5303 2063 5340; x_wconf 86' lang='lat' dir='ltr'><strong>a</strong></span> <span class='ocrx_word' id='word_1_978' title='bbox 2086 5299 2190 5339; x_wconf 82' lang='lat' dir='ltr'><strong>Mss.</strong></span> 
     </span>
    </p>
   </div>
   <div class='ocr_carea' id='block_1_114' title="bbox 2001 5371 2914 5435">
    <p class='ocr_par' dir='ltr' id='par_1_114' title="bbox 2001 5371 2914 5435">
     <span class='ocr_line' id='line_1_115' title="bbox 2001 5371 2914 5435; baseline -0.004 -13"><span class='ocrx_word' id='word_1_979' title='bbox 2001 5374 2019 5391; x_wconf 84' lang='lat'><strong><em>‘</em></strong></span> <span class='ocrx_word' id='word_1_980' title='bbox 2042 5375 2308 5435; x_wconf 83' lang='lat' dir='ltr'><strong>Castigatus</strong></span> <span class='ocrx_word' id='word_1_981' title='bbox 2331 5379 2408 5422; x_wconf 88' lang='lat' dir='ltr'><strong>est</strong></span> <span class='ocrx_word' id='word_1_982' title='bbox 2431 5371 2644 5422; x_wconf 89' lang='lat' dir='ltr'><strong>subsidio</strong></span> <span class='ocrx_word' id='word_1_983' title='bbox 2667 5383 2708 5420; x_wconf 91' lang='lat' dir='ltr'><strong>r.</strong></span> <span class='ocrx_word' id='word_1_984' title='bbox 2730 5385 2779 5420; x_wconf 84' lang='lat' dir='ltr'><strong>v.</strong></span> <span class='ocrx_word' id='word_1_985' title='bbox 2805 5378 2914 5420; x_wconf 85' lang='lat' dir='ltr'><strong>Lov.</strong></span> 
     </span>
    </p>
   </div>
   <div class='ocr_carea' id='block_1_115' title="bbox 2001 5453 3064 5520">
    <p class='ocr_par' dir='ltr' id='par_1_115' title="bbox 2001 5453 3064 5520">
     <span class='ocr_line' id='line_1_116' title="bbox 2001 5453 3064 5520; baseline -0.001 -20"><span class='ocrx_word' id='word_1_986' title='bbox 2001 5455 2074 5520; x_wconf 75' lang='grc' dir='ltr'><strong>(ᾳ)</strong></span> <span class='ocrx_word' id='word_1_987' title='bbox 2101 5453 2239 5512; x_wconf 76' lang='lat' dir='ltr'><strong>Alias,</strong></span> <span class='ocrx_word' id='word_1_988' title='bbox 2263 5453 2294 5502; x_wconf 86' lang='lat'>6</span> <span class='ocrx_word' id='word_1_989' title='bbox 2319 5467 2380 5502; x_wconf 80' lang='lat' dir='ltr'><strong>ex</strong></span> <span class='ocrx_word' id='word_1_990' title='bbox 2403 5453 2667 5520; x_wconf 69' lang='lat' dir='ltr'><strong>Carthusiae</strong></span> <span class='ocrx_word' id='word_1_991' title='bbox 2684 5459 2790 5502; x_wconf 77' lang='lat' dir='ltr'><strong>Mss.</strong></span> <span class='ocrx_word' id='word_1_992' title='bbox 2807 5454 2999 5520; x_wconf 87' lang='lat' dir='ltr'><strong>_editus._</strong></span> 
     </span>
    </p>
   </div>
   <div class='ocr_carea' id='block_1_116' title="bbox 2001 5509 3516 5577">
    <p class='ocr_par' dir='ltr' id='par_1_116' title="bbox 2001 5509 3516 5577">
     <span class='ocr_line' id='line_1_117' title="bbox 2001 5509 3516 5577; baseline -0.005 -13"><span class='ocrx_word' id='word_1_993' title='bbox 2001 5509 2070 5577; x_wconf 71' lang='grc' dir='ltr'><strong>(ὁ)</strong></span> <span class='ocrx_word' id='word_1_994' title='bbox 2089 5509 2516 5564; x_wconf 72' lang='grc' dir='ltr'>ίιιιιιεέειίιιοιιειιι</span> <span class='ocrx_word' id='word_1_995' title='bbox 2538 5515 2781 5563; x_wconf 84' lang='lat' dir='ltr'><strong>credimus</strong></span> <span class='ocrx_word' id='word_1_996' title='bbox 2806 5515 2854 5561; x_wconf 91' lang='lat' dir='ltr'><strong>in</strong></span> <span class='ocrx_word' id='word_1_997' title='bbox 2879 5511 3067 5577; x_wconf 77' lang='lat' dir='ltr'><strong>Possidii</strong></span> <span class='ocrx_word' id='word_1_998' title='bbox 3093 5509 3320 5577; x_wconf 74' lang='lat' dir='ltr'><strong>lodicula,</strong></span> <span class='ocrx_word' id='word_1_999' title='bbox 3344 5521 3448 5577; x_wconf 74' lang='lat' dir='ltr'><strong>cap.</strong></span> <span class='ocrx_word' id='word_1_1000' title='bbox 3469 5509 3516 5567; x_wconf 83' lang='lat'><strong>9,</strong></span> 
     </span>
    </p>
   </div>
   <div class='ocr_carea' id='block_1_117' title="bbox 1941 5571 3520 5626">
    <p class='ocr_par' dir='ltr' id='par_1_117' title="bbox 1941 5571 3520 5626">
     <span class='ocr_line' id='line_1_118' title="bbox 1941 5571 3520 5626; baseline -0.003 -1"><span class='ocrx_word' id='word_1_1001' title='bbox 1941 5571 2154 5626; x_wconf 67' lang='lat' dir='ltr'><strong>notatum</strong></span> <span class='ocrx_word' id='word_1_1002' title='bbox 2179 5577 2255 5625; x_wconf 88' lang='lat' dir='ltr'><strong>his</strong></span> <span class='ocrx_word' id='word_1_1003' title='bbox 2291 5578 2485 5626; x_wconf 82' lang='lat' dir='ltr'><strong>verbis:</strong></span> <span class='ocrx_word' id='word_1_1004' title='bbox 2521 5595 2542 5620; x_wconf 80' lang='grc'>«</span> <span class='ocrx_word' id='word_1_1005' title='bbox 2573 5584 2640 5623; x_wconf 87' lang='lat' dir='ltr'><strong>De</strong></span> <span class='ocrx_word' id='word_1_1006' title='bbox 2678 5578 2864 5623; x_wconf 83' lang='lat' dir='ltr'><strong>llatnma</strong></span> <span class='ocrx_word' id='word_1_1007' title='bbox 2898 5574 2945 5620; x_wconf 92' lang='lat' dir='ltr'><strong>iu</strong></span> <span class='ocrx_word' id='word_1_1008' title='bbox 2981 5574 3122 5626; x_wconf 85' lang='lat' dir='ltr'><strong>rubo,</strong></span> <span class='ocrx_word' id='word_1_1009' title='bbox 3159 5573 3208 5619; x_wconf 91' lang='lat' dir='ltr'><strong>in</strong></span> <span class='ocrx_word' id='word_1_1010' title='bbox 3248 5571 3422 5624; x_wconf 73' lang='lat' dir='ltr'><strong>Exodo.</strong></span> <span class='ocrx_word' id='word_1_1011' title='bbox 3459 5585 3520 5621; x_wconf 87' lang='lat' dir='ltr'><strong>eo</strong></span> 
     </span>
    </p>
   </div>
   <div class='ocr_carea' id='block_1_118' title="bbox 1949 5636 3518 5709">
    <p class='ocr_par' dir='ltr' id='par_1_118' title="bbox 1949 5636 3518 5709">
     <span class='ocr_line' id='line_1_119' title="bbox 1949 5636 3518 5709; baseline -0.001 -26"><span class='ocrx_word' id='word_1_1012' title='bbox 1949 5658 1967 5683; x_wconf 73' lang='grc' dir='ltr'><strong>ιι</strong></span> <span class='ocrx_word' id='word_1_1013' title='bbox 1991 5638 2118 5709; x_wconf 73' lang='lat' dir='ltr'><strong>quod</strong></span> <span class='ocrx_word' id='word_1_1014' title='bbox 2158 5651 2254 5685; x_wconf 82' lang='lat' dir='ltr'><strong>non</strong></span> <span class='ocrx_word' id='word_1_1015' title='bbox 2285 5639 2679 5709; x_wconf 69' lang='lat' dir='ltr'><strong>comburebatur.</strong></span> <span class='ocrx_word' id='word_1_1016' title='bbox 2716 5652 2737 5709; x_wconf 54' lang='grc' dir='ltr'>τι</span> <span class='ocrx_word' id='word_1_1017' title='bbox 2770 5636 3026 5709; x_wconf 40' lang='lat' dir='ltr'><strong>‘tdemque‘</strong></span> <span class='ocrx_word' id='word_1_1018' title='bbox 3155 5640 3518 5709; x_wconf 71' lang='lat' dir='ltr'><strong>cutn_&#39;t‘_ractatu</strong></span> 
     </span>
    </p>
   </div>
   <div class='ocr_carea' id='block_1_119' title="bbox 1943 5695 3517 5758">
    <p class='ocr_par' dir='ltr' id='par_1_119' title="bbox 1943 5695 3517 5758">
     <span class='ocr_line' id='line_1_120' title="bbox 1943 5695 3517 5758; baseline -0.003 -13"><span class='ocrx_word' id='word_1_1019' title='bbox 1943 5695 2073 5747; x_wconf 83' lang='lat' dir='ltr'><strong>edito</strong></span> <span class='ocrx_word' id='word_1_1020' title='bbox 2097 5699 2144 5746; x_wconf 88' lang='lat' dir='ltr'><strong>iu</strong></span> <span class='ocrx_word' id='word_1_1021' title='bbox 2167 5706 2282 5746; x_wconf 89' lang='lat' dir='ltr'><strong>tom.</strong></span> <span class='ocrx_word' id='word_1_1022' title='bbox 2307 5699 2355 5753; x_wconf 85' lang='lat'><strong>6.</strong></span> <span class='ocrx_word' id='word_1_1023' title='bbox 2387 5716 2408 5741; x_wconf 75' lang='grc' dir='ltr'>σι</span> <span class='ocrx_word' id='word_1_1024' title='bbox 2428 5706 2494 5747; x_wconf 85' lang='lat' dir='ltr'><strong>De</strong></span> <span class='ocrx_word' id='word_1_1025' title='bbox 2521 5710 2580 5746; x_wconf 84' lang='lat' dir='ltr'><strong>eo</strong></span> <span class='ocrx_word' id='word_1_1026' title='bbox 2601 5696 2730 5758; x_wconf 90' lang='lat' dir='ltr'><strong>quod</strong></span> <span class='ocrx_word' id='word_1_1027' title='bbox 2752 5695 2939 5746; x_wconf 82' lang='lat' dir='ltr'><strong>dictum</strong></span> <span class='ocrx_word' id='word_1_1028' title='bbox 2958 5701 3031 5758; x_wconf 81' lang='lat' dir='ltr'><strong>est</strong></span> <span class='ocrx_word' id='word_1_1029' title='bbox 3055 5707 3082 5743; x_wconf 87' lang='lat' dir='ltr'><strong>a</strong></span> <span class='ocrx_word' id='word_1_1030' title='bbox 3107 5704 3206 5744; x_wconf 80' lang='lat' dir='ltr'><strong>Deo</strong></span> <span class='ocrx_word' id='word_1_1031' title='bbox 3229 5695 3285 5744; x_wconf 84' lang='lat' dir='ltr'><strong>ad</strong></span> <span class='ocrx_word' id='word_1_1032' title='bbox 3313 5703 3517 5758; x_wconf 78' lang='lat' dir='ltr'><strong>\toysen,</strong></span> 
     </span>
    </p>
   </div>
   <div class='ocr_carea' id='block_1_120' title="bbox 1949 5757 3518 5825">
    <p class='ocr_par' dir='ltr' id='par_1_120' title="bbox 1949 5757 3518 5825">
     <span class='ocr_line' id='line_1_121' title="bbox 1949 5757 3518 5825; baseline 0 -19"><span class='ocrx_word' id='word_1_1033' title='bbox 1949 5778 1971 5806; x_wconf 77' lang='grc' dir='ltr'>(ι</span> <span class='ocrx_word' id='word_1_1034' title='bbox 1998 5768 2090 5825; x_wconf 60' lang='lat' dir='ltr'><strong>ligo</strong></span> <span class='ocrx_word' id='word_1_1035' title='bbox 2121 5772 2224 5808; x_wconf 82' lang='lat' dir='ltr'><strong>sum</strong></span> <span class='ocrx_word' id='word_1_1036' title='bbox 2260 5760 2340 5823; x_wconf 84' lang='lat' dir='ltr'><strong>qui</strong></span> <span class='ocrx_word' id='word_1_1037' title='bbox 2362 5773 2484 5810; x_wconf 88' lang='lat' dir='ltr'><strong>sum.</strong></span> <span class='ocrx_word' id='word_1_1038' title='bbox 2512 5775 2532 5803; x_wconf 72' lang='grc' dir='ltr'><strong>ι</strong></span> <span class='ocrx_word' id='word_1_1039' title='bbox 2564 5757 2649 5818; x_wconf 85' lang='lat' dir='ltr'><strong>Qui</strong></span> <span class='ocrx_word' id='word_1_1040' title='bbox 2681 5765 2925 5809; x_wconf 82' lang='lat' dir='ltr'><strong>&#39;rractatus</strong></span> <span class='ocrx_word' id='word_1_1041' title='bbox 2955 5757 3002 5808; x_wconf 88' lang='lat' dir='ltr'><strong>in</strong></span> <span class='ocrx_word' id='word_1_1042' title='bbox 3036 5758 3302 5809; x_wconf 67' lang='lat' dir='ltr'><strong>tirasmiana</strong></span> <span class='ocrx_word' id='word_1_1043' title='bbox 3324 5757 3518 5816; x_wconf 75' lang='lat' dir='ltr'><strong>quidem</strong></span> 
     </span>
    </p>
   </div>
  </div>
