4076 6198
494 328 561 385 es
1385 364 1391 377 .
1735 322 1791 378 s.
1823 319 2186 377 AUGUSTINI
2227 321 2525 378 EPlSCOPl
3693 346 3754 398 ,η

488 445 619 498 Cum
659 442 835 499 divina
885 443 1042 500 lectio
1090 442 1379 513 legeretur,
1423 454 1669 511 magnum
1718 439 2066 509 miraculum,

485 533 627 604 quod
678 535 893 607 Moysen
942 534 1196 589 famulum
1237 534 1331 588 Dei
1378 532 1789 588 intentissimum
1839 531 2067 597 fecerat,

485 626 645 679 etiam
692 640 791 680 nos
837 625 1001 680 corde
1041 626 1496 696 exspectavimus;
1544 624 1665 695 quia
1694 624 1878 679 intenti
1911 624 2068 679 etiam

483 715 583 785 ipsi
616 716 734 772 facti
757 732 965 778 sumus.
993 717 1261 788 quomodo
1290 717 1340 772 iu
1368 717 1503 773 rubo
1523 715 1812 787 apparebat
1832 715 1988 786 ignis,
2016 724 2071 771 et

485 806 647 861 rubus
688 821 794 861 non
841 810 1195 864 cremabatur.
1242 807 1441 863 Deinde
1494 807 1820 862 advertimus
1862 821 2067 860 sacram

479 897 803 964 Seripttnram
833 900 975 967 prius
998 899 1215 963 dixisse,
1241 898 1382 968 quod
1422 896 1638 967 angelus
1675 897 1882 952 Domini
1909 912 2070 966 appa.

480 987 648 1040 ruerit
681 987 849 1059 Moysi
887 989 939 1043 in
966 990 1100 1045 rubo
1142 988 1293 1063 (Act.
1318 1005 1392 1043 vn
1415 1028 1431 1055 ,
1461 988 1588 1056 30).
1622 986 1822 1042 Deinde
1863 987 2070 1058 Moyses

478 1089 585 1129 non
605 1076 714 1144 jam
738 1078 888 1146 quasi
910 1093 1028 1132 etim
1048 1079 1257 1149 angelo,
1288 1078 1383 1134 sed
1409 1087 1658 1148 tanquam
1684 1092 1806 1132 eum
1838 1077 2068 1132 Domino

482 1167 818 1236 loquebatur.
842 1169 1022 1224 Tertio
1047 1170 1393 1238 advertimus,
1422 1169 1562 1240 quod
1589 1184 1709 1223 cum
1736 1168 1946 1239 Moyses
1968 1183 2066 1222 uo-

480 1272 604 1312 men
628 1258 719 1312 Dei
737 1266 1022 1329 quaereret,
1041 1270 1100 1315 ut
1127 1260 1340 1316 haberet
1364 1258 1488 1330 quid
1517 1259 1715 1314 diceret
1736 1258 1858 1314 ﬁliis
1881 1257 2064 1324 Israel,

479 1350 927 1419 interrogantibus
969 1349 1112 1421 quod
1143 1366 1339 1406 nomen
1377 1350 1470 1405 Dei
1498 1359 1674 1413 esset,
1707 1348 1796 1418 qui
1827 1348 1970 1402 illum
1998 1347 2066 1402 ad

479 1453 573 1493 eos
599 1439 850 1504 misisset,
876 1441 1150 1510 respondit
1173 1459 1187 1494 :
1220 1441 1328 1510 Ego
1353 1457 1466 1497 sum
1486 1441 1571 1511 qui
1591 1455 1721 1494 sum.
1753 1438 1935 1508 Neque
1964 1437 2067 1492 hoc

476 1537 831 1604 transeunter,
854 1531 946 1586 sed
975 1533 1285 1601 repetitione
1313 1532 1690 1587 commendans
1709 1530 1902 1600 adjecit
1930 1548 1944 1583 :
1972 1528 2069 1583 Di-

473 1621 736 1690 cesitaque
755 1622 876 1689 ﬁliis
903 1621 1067 1676 lsraet
1087 1639 1105 1676 :
1128 1622 1228 1688 Qui
1252 1632 1345 1688 est,
1371 1624 1504 1677 misit
1526 1638 1606 1676 me
1629 1622 1818 1685 adpos.
1851 1621 2067 1677 Postre-

473 1725 561 1761 mo
580 1710 691 1778 jam
717 1712 993 1766 enuntiato
1019 1713 1234 1769 nomine
1263 1727 1381 1777 suo,
1414 1712 1588 1766 adhuc
1617 1711 1858 1781 adjunxit
1890 1730 1902 1765 :
1940 1710 2064 1766 Haec

475 1802 611 1854 dices
631 1802 700 1855 eis
728 1817 746 1854 :
769 1800 1017 1857 Dominus
1042 1803 1180 1858 Deus
1199 1812 1401 1872 patrum
1425 1812 1719 1866 vestrorum,
1748 1802 1886 1857 Deus
1904 1804 2066 1857 Abra-

472 1894 609 1956 ham,
643 1900 690 1945 et
713 1891 852 1946 Deus
882 1891 1053 1957 Isaac,
1080 1902 1126 1948 ot
1154 1895 1290 1948 Deus
1315 1892 1476 1949 Iacob
1502 1894 1634 1948 misit
1662 1910 1741 1948 me
1767 1894 1836 1947 ad
1859 1910 1960 1949 vos.
1995 1893 2065 1948 Et

471 1983 567 2035 hac
584 1984 706 2036 mihi
725 2000 904 2038 nomen
921 1986 1063 2039 estin
1082 1996 1323 2039 aeternum
1345 1984 1535 2057 (Exod.
1556 1984 1660 2057 111).
1682 1985 1759 2041 De
1778 1985 1881 2051 his,
1905 1985 2048 2055 quod

476 2074 731 2129 Dominus
756 2075 939 2138 donat,
971 2076 1167 2130 audite.
1192 2076 1373 2147 Magna
1401 2076 1615 2146 quidem
1639 2084 1783 2142 sunt,
1809 2084 2061 2146 tanquam

472 2166 744 2221 involucra
786 2168 1159 2237 mysteriorum
1201 2169 1332 2223 Dei:
1380 2183 1499 2238 quas
1543 2169 1586 2222 si
1615 2175 1969 2237 congruenter
2007 2177 2062 2223 et

467 2257 798 2312 sufﬁcienter
825 2273 1084 2312 conemur
1106 2260 1354 2314 evolvere
1374 2298 1389 2325 ,
1416 2273 1515 2316 nec
1540 2260 1700 2325 vires,
1729 2273 1830 2315 nec
1854 2267 2062 2329 tempus

469 2350 751 2403 suliicieut.

534 2458 590 2511 9..
623 2459 795 2513 llnbus
835 2461 1044 2528 ﬂantum
1086 2460 1358 2514 inlwreute
1404 2477 1504 2515 non
1544 2469 1791 2515 crematus
1822 2461 1946 2532 quid
1984 2463 2058 2515 si-

468 2548 694 2617 gnificat.
728 2549 876 2616 Quod
894 2564 1022 2619 ergo
1046 2549 1282 2605 breviter
1303 2564 1584 2620 possumus
1604 2551 1800 2618 dicere,
1823 2568 1926 2606 non
1950 2552 2061 2607 fru-

468 2632 600 2702 stra,
632 2654 736 2691 non
766 2640 1011 2703 inaniter,
1040 2655 1142 2693 non
1165 2641 1281 2696 sine
1306 2641 1532 2711 alicujus
1559 2643 1942 2712 signiﬁcatione
1966 2658 2056 2700 se-

469 2729 623 2792 creti,
650 2728 703 2782 in
724 2731 857 2783 rubo
888 2731 1098 2784 ﬂamma
1125 2722 1267 2797 erat,
1298 2741 1352 2785 et
1379 2732 1542 2786 rubus
1569 2747 1673 2807 non
1698 2734 2052 2791 cremabatur.

471 2819 653 2875 Rubus
694 2820 835 2874 enim
882 2823 1153 2891 spinarum
1194 2831 1276 2876 est
1309 2821 1570 2891 quoddam
1608 2837 1817 2893 genus:
1860 2840 1959 2879 nec
2002 2826 2054 2880 in

469 2909 622 2964 laude
660 2911 834 2980 aliqua
864 2911 985 2980 poni
1014 2911 1201 2980 potuit,
1233 2911 1371 2981 quod
1404 2913 1666 2981 peccaturi
1698 2923 1836 2967 terra
1862 2914 2055 2984 prmiu-

467 3002 561 3055 xit.
592 3002 720 3055 Nam
749 3002 993 3071 primitus
1019 3003 1259 3072 peccanti
1297 3002 1495 3056 homini
1524 3002 1722 3057 dictum
1752 3013 1867 3071 est,
1899 3004 2055 3060 Terra

467 3094 639 3163 spinas
674 3102 719 3146 et
763 3093 971 3146 tribulos
1006 3093 1166 3163 pariet
1204 3076 1295 3147 tibi
1327 3091 1476 3164 (Gen.
1509 3110 1563 3147 ιιι
1584 3138 1599 3162 ,
1634 3095 1742 3160 18).
1770 3095 1950 3166 Neque
1975 3096 2055 3151 id-

467 3184 638 3252 ipsum
676 3183 816 3253 quod
848 3184 1009 3238 rubus
1036 3201 1139 3237 non
1161 3187 1513 3251 cremabatur,
1533 3184 1679 3240 idest
1709 3187 1918 3240 llamma
1949 3203 2050 3242 non

467 3274 1051 3344 comprehendebatur,
1090 3276 1285 3329 bonum
1323 3275 1519 3345 aliquid
1560 3286 1744 3346 putare
1773 3277 2049 3334 debemus.

465 3364 520 3419 Si
548 3365 687 3418 enim
720 3364 928 3419 ﬂamma
958 3365 1220 3435 signiﬁcat
1246 3365 1444 3435 aliquid
1469 3366 1612 3432 boni,
1637 3366 1688 3420 in
1711 3382 1813 3437 qua
1836 3370 2051 3439 angelus

466 3455 771 3524 apparebat,
798 3455 880 3508 vel
902 3455 1182 3520 Dominus;
1217 3455 1353 3509 unde
1383 3457 1540 3510 etiam
1568 3471 1686 3510 cum
1709 3457 1851 3511 venit
1877 3457 2051 3527 Spiri-

468 3553 552 3600 tus
582 3552 821 3609 sanctus,
859 3546 984 3600 visae
1017 3555 1141 3600 sunt
1168 3545 1270 3599 illis
1294 3546 1486 3616 lingua:
1516 3546 1699 3601 divisae
1737 3549 1884 3603 velut
1915 3550 2049 3620 ignis

464 3635 601 3708 (Art.
631 3652 688 3702 η,
722 3637 814 3707 5);
843 3636 1219 3706 comprehendi
1247 3638 1503 3692 debemus
1530 3639 1631 3693 hoc
1660 3640 1799 3711 igne,
1828 3657 1933 3697 non
1955 3657 2050 3697 au-

464 3732 569 3779 tem
604 3735 817 3795 propter
841 3726 1090 3780 duritiam
1128 3744 1231 3782 non
1262 3731 1507 3784 cremari.
1535 3729 1717 3786 Bubus
1758 3748 1915 3801 quem
1941 3749 2047 3789 non

462 3818 762 3880 cremabat,
804 3820 1027 3887 populus
1067 3821 1155 3888 qui
1208 3820 1316 3874 Deo
1352 3821 1728 3877 reluctabatur.
1761 3823 2045 3894 Spinosnm

464 3907 621 3976 igitur
661 3908 911 3977 populum
960 3909 1264 3963 Judmorum
1312 3911 1641 3981 signiﬁcabat
1693 3915 1889 3983 rubus,
1939 3932 2045 3986 quo

463 3997 670 4068 Moyses
704 3998 1029 4053 mittebatur.
1074 4000 1139 4054 Et
1180 3999 1299 4054 ideo
1339 4001 1504 4055 rubus
1540 4017 1648 4055 non
1685 4006 2040 4077 cremabatur,

460 4090 584 4158 quia
612 4089 805 4145 duritia
840 4092 1164 4157 Judzrorum,
1196 4094 1331 4148 sicut
1362 4093 1490 4161 dixi,
1515 4094 1617 4165 legi
1641 4097 1733 4151 Dei
1754 4099 2045 4155 reluctaba-

460 4186 561 4231 tur.
618 4179 746 4233 Nam
793 4182 836 4234 si
887 4182 973 4235 ille
1012 4184 1238 4252 populus
1288 4184 1454 4254 spinis
1491 4202 1595 4241 non
1637 4187 2039 4260 signiﬁcaretur,

459 4285 564 4322 non
595 4270 661 4324 ab
689 4285 753 4325 eo
782 4271 947 4340 spinis
975 4272 1216 4328 Christus
1249 4285 1598 4332 coronaretur
1623 4277 1835 4348 (Matth.
1867 4297 2037 4354 xxv",

457 4360 528 4414 eo
552 4360 592 4429 ).

528 4472 581 4526 5.
603 4501 676 4511 ——
702 4473 803 4539 Qui
826 4473 991 4545 Moysi
1009 4474 1320 4545 loquebatur,
1338 4476 1589 4532 Christum
1607 4481 1779 4551 fuisse,
1796 4500 2038 4553 quorum-

457 4562 575 4613 dum
610 4562 799 4630 opinio.
842 4563 993 4630 Quod
1031 4573 1206 4619 autem
1234 4565 1372 4645 idem
1416 4568 1563 4637 ipse,
1597 4571 1686 4639 qui
1729 4572 2041 4643 loquebatur

456 4653 642 4723 Moysi,
675 4663 727 4708 et
757 4656 977 4725 angelus
1008 4657 1213 4711 Domini
1241 4668 1296 4713 et
1322 4659 1577 4717 Dominus
1606 4661 1820 4729 dicitur,
1850 4682 2037 4739 magna

455 4745 678 4814 qttasstio
702 4755 813 4813 est,
837 4763 938 4805 nec
968 4751 1307 4806 temerarium
1335 4751 1493 4808 debet
1526 4752 1723 4812 habere
1748 4752 2036 4816 affirmata-

453 4852 590 4903 rcm,
618 4838 712 4893 sed
746 4848 959 4896 cautum
999 4841 1386 4912 inquisitorem.
1415 4845 1545 4903 Date
1564 4856 1687 4901 sunt
1707 4856 1884 4904 autem
1910 4865 2034 4906 sen-

455 4930 631 4984 tentia:
650 4970 666 4996 ,
688 4946 807 4999 qua:
836 4930 961 4985 hinc
998 4931 1221 5002 proferri
1253 4944 1508 5002 possunt,
1536 4952 1757 5007 quarum
1789 4940 2037 5009 quatlibet

452 5036 576 5074 vera
602 5020 690 5087 sit,
710 5023 880 5078 aiuba:
907 5023 1195 5078 secundum
1216 5024 1373 5080 fidem
1404 5036 1543 5081 sunt.
1563 5028 1710 5095 Quod
1737 5029 1864 5095 dixi,
1892 5048 2035 5101 qua:-

453 5127 573 5166 nam
595 5127 777 5166 earum
805 5130 929 5169 vera
950 5115 1051 5180 sit;
1084 5115 1186 5171 hoc
1209 5116 1342 5186 dixi,
1368 5118 1619 5189 quidnam
1642 5135 1827 5175 eorum
1851 5137 2034 5178 sense-

453 5203 522 5257 lii.
545 5202 634 5271 qui
661 5203 889 5273 scripsit.
918 5204 1049 5259 Nam
1079 5206 1289 5276 quando
1324 5224 1423 5263 nos
1451 5208 1777 5278 inquirentes
1796 5211 2033 5282 Scriptu-

452 5308 539 5346 ras
576 5291 835 5346 sentimus
862 5293 1082 5362 aliquid,
1113 5295 1252 5363 quod
1278 5296 1505 5365 scriptor
1531 5299 1663 5354 forte
1700 5315 1804 5354 non
1829 5302 2027 5367 sensit;

452 5399 556 5437 non
588 5392 761 5438 tamen
790 5383 890 5439 hoc
910 5383 1108 5439 sentire
1129 5383 1407 5453 debemus,
1439 5387 1579 5457 quod
1601 5389 1851 5446 abhorret
1875 5406 1905 5446 a
1938 5407 2028 5448 re-

453 5532 663 5580 editlone
701 5532 872 5584 incerti
909 5534 1115 5598 auctoris
1147 5547 1259 5585 esse
1298 5543 1616 5598 przenotatur;
1656 5545 1706 5587 at
1749 5541 1798 5589 in
1841 5542 2023 5593 t‘limm.

453 5599 677 5659 etll.ov.,
716 5598 978 5659 Augustino
1012 5597 1254 5647 tribuitur.
1294 5598 1376 5645 llic
1411 5597 1631 5659 demum,
1680 5610 1843 5658 parum
1878 5605 2029 5657 abfuit

450 5654 567 5723 quin
594 5667 677 5713 per
700 5667 785 5702 nus
809 5658 855 5703 in
878 5660 1042 5718 quinta
1071 5666 1350 5708 Semnonum
1382 5658 1534 5709 classe
1559 5654 1879 5723 reponeretur
1898 5654 2025 5717 inter

486 5728 636 5762 HUIUS.
1488 5746 1492 5750 Α

2181 441 2301 512 gula
2332 441 2472 503 ﬁdei,
2500 455 2531 497 a
2552 444 2730 513 regula
2761 444 3000 505 veritatis
3020 448 3056 501 '.
3094 448 3228 518 Ergo
3257 452 3438 506 ambas
3472 464 3760 510 sententias

2177 547 2453 603 propono:
2487 534 2556 589 sit
2592 535 2829 593 fortassis
2856 546 2910 592 et
2939 539 3113 604 tertia,
3141 556 3257 610 que
3289 559 3372 597 me
3396 544 3542 599 latet.
3575 547 3647 600 Ex
3678 548 3759 604 his

2177 634 2354 680 autem
2409 626 2612 682 duabus
2655 632 2974 699 propositis,
3020 632 3225 702 eligatis
3266 651 3422 704 quam
3463 639 3737 696 volueritis

2176 715 2351 787 Aliqui
2379 717 2560 773 dicunt
2598 720 2713 775 ideo
2748 731 2803 776 et
2827 724 3071 792 angelum
3102 724 3307 781 Domini
3334 728 3535 784 dictum
3565 740 3618 785 et
3648 733 3754 785 Do-

2175 809 2406 873 minum,
2439 811 2560 880 quia
2597 811 2843 870 Christus
2869 826 3017 884 erat,
3061 818 3252 889 dequo
3281 832 3465 891 aperte
3500 825 3754 897 propheta

2175 896 2300 952 dicit
2340 900 2480 968 quod
2518 902 2587 956 sit
2627 906 2803 973 magni
2842 907 3048 963 consilii
3089 910 3322 980 Angelus
3361 912 3379 983 (
3402 911 3527 968 Isai.
3557 896 3632 983 ix,
3664 916 3756 988 6).

2176 986 2406 1058 Angelus
2427 992 2567 1046 enim
2591 991 2753 1049 ofﬁcii
2782 1010 2975 1052 nomen
3001 1007 3103 1066 est,
3133 1017 3235 1055 non
3262 1011 3482 1058 naturas.
3508 1005 3638 1059 Nam
3660 986 3761 1061 an-

2172 1079 2321 1148 gelus
2349 1096 2556 1151 grmce,
2597 1084 2687 1154 qui
2726 1084 2887 1141 latine
2921 1089 3132 1143 nuntids
3173 1091 3488 1160 appellatur.
3527 1093 3757 1152 Nuntius

2173 1186 2301 1240 ergo
2327 1174 2553 1230 actionis
2578 1191 2772 1231 nomen
2802 1187 2917 1233 est:
2945 1180 3170 1250 agendo,
3199 1182 3250 1236 id
3278 1193 3380 1249 est,
3402 1184 3601 1255 aliquid
3623 1203 3758 1242 nun-

2172 1262 2373 1329 tiando,
2405 1267 2623 1321 nuntius
2650 1270 2965 1340 appellatur.
2990 1273 3120 1340 Quis
3139 1282 3294 1345 neget
3327 1275 3594 1332 Christum
3622 1296 3757 1334 nun-

2172 1351 2332 1408 tiasse
2357 1354 2510 1410 nobis
2537 1371 2757 1428 regnum
2784 1361 3076 1417 caelorum?
3109 1364 3304 1419 Deinde
3329 1368 3569 1436 angelus,
3598 1369 3649 1423 id
3671 1379 3750 1425 est

2170 1444 2383 1499 nuntius
2405 1485 2420 1511 ,
2456 1447 2683 1502 mittitur
2707 1450 2774 1505 ab
2799 1465 2864 1505 eo
2890 1453 2982 1522 qui
3015 1468 3109 1521 per
3133 1469 3256 1508 cum
3290 1456 3487 1526 aliquid
3525 1461 3751 1515 nuntiat.

2170 1532 2235 1586 Et
2263 1534 2383 1602 quis
2410 1545 2566 1606 neget
2588 1536 2857 1594 Christum
2878 1542 3138 1597 missum?
3160 1545 3251 1614 qui
3283 1547 3438 1602 toties
3458 1548 3605 1617 dicit,
3630 1549 3749 1606 Non

2169 1625 2277 1678 veni
2303 1629 2470 1696 facere
2503 1629 2807 1703 voluntatem
2843 1650 3040 1702 meam,
3078 1637 3168 1690 sed
3201 1638 3501 1694 voluntatem
3525 1643 3635 1710 ejus
3658 1651 3752 1712 qui

2166 1732 2248 1769 me
2273 1718 2408 1772 misit
2434 1718 2610 1790 (Joan.
2632 1738 2705 1785 vr,
2728 1724 2850 1795 58);
2884 1726 2996 1794 ipse
3019 1729 3236 1797 proprie
3268 1731 3479 1785 missus.
3507 1732 3636 1787 Nam
3660 1736 3744 1790 Si-

2168 1804 2273 1871 loc,
2308 1807 2390 1861 illa
2423 1809 2641 1878 piscina,
2671 1812 3046 1883 interpretatur
3079 1817 3285 1873 Missus.
3312 1818 3435 1875 Ideo
3454 1823 3539 1877 cui
3565 1826 3748 1882 oculos

2166 1895 2279 1951 luto
2316 1898 2518 1978 inunin
2542 1942 2559 1968 ,
2605 1903 2726 1959 inde
2759 1905 2936 1960 lavare
2979 1907 3167 1964 faciem
3220 1911 3378 1980 jussit
3418 1914 3525 1984 (Id.
3558 1933 3606 1979 μ
3631 1959 3645 1983 ,
3670 1919 3744 1987 7).

2165 1985 2368 2044 Nullius
2401 1990 2541 2045 enim
2570 1993 2713 2049 visus
2750 1997 3015 2065 aperitur,
3061 2000 3158 2055 nisi
3199 2001 3315 2077 ejus
3349 2005 3437 2074 qui
3478 2020 3508 2063 a
3538 1985 3747 2065 Christo

2165 2080 2468 2137 mundatur.
2499 2083 2638 2154 Ergo
2664 2086 2802 2141 idem
2827 2090 3065 2159 angelus,
3091 2092 3227 2147 idem
3258 2095 3528 2153 Dominus.

2234 2174 2288 2226 4.
2311 2172 2378 2227 In
2396 2190 2456 2229 ea
2478 2177 2711 2246 opinione
2736 2182 3006 2235 cavendum
3036 2184 3336 2240 Arianorum
3367 2202 3738 2260 argumentum.

2164 2260 2271 2316 Sed
2316 2264 2402 2319 hic
2453 2269 2684 2323 occurrit
2726 2270 2921 2340 aliquid
2966 2277 3388 2341 prmcavendum.
3432 2281 3548 2336 Non
3594 2284 3739 2339 enim

2162 2351 2356 2407 desunt
2395 2353 2628 2411 lmreticl
2673 2358 2763 2429 qui
2803 2359 3002 2429 dicant,
3036 2364 3205 2419 Patris
3236 2376 3286 2421 ct
3318 2367 3433 2423 Filii
3463 2371 3661 2428 distare
3687 2384 3744 2429 et

2161 2441 2437 2500 dissonare
2463 2455 2698 2512 naturas,
2730 2458 2784 2504 et
2812 2466 2917 2505 non
2946 2467 3040 2507 eos
3067 2469 3185 2509 esse
3214 2456 3367 2511 unius
3397 2460 3744 2532 ejusdemque

2163 2535 2494 2594 substantiae.
2535 2540 2806 2597 Catholica
2844 2555 3021 2601 autem
3070 2547 3202 2605 ﬁdes
3239 2551 3411 2607 credit
3455 2555 3660 2610 Patrem
3689 2567 3744 2613 et

2161 2625 2348 2681 Filium
2376 2636 2431 2683 et
2451 2629 2702 2698 Spiritum
2739 2644 2979 2691 sanctum
3006 2655 3167 2698 unum
3198 2642 3383 2710 Deum,
3414 2648 3569 2713 unius
3608 2651 3737 2706 sub-

2160 2719 2366 2774 stantim
2407 2719 2754 2792 Trinitatem,
2796 2725 3240 2797 inseparabiliter,
3282 2736 3578 2805 aequaliter,
3627 2756 3733 2795 non

2158 2808 2532 2866 commixtione
2571 2814 2865 2881 confusam,
2899 2831 3001 2870 non
3031 2818 3371 2879 distinctione
3412 2839 3734 2895 separatam.
3832 2898 3836 2903 Δ

2159 2896 2241 2951 illi
2269 2913 2397 2968 ergo
2437 2900 2526 2971 qui
2572 2903 2891 2971 persuadere
2917 2907 3208 2966 moliuntur
3237 2911 3428 2968 Filium
3475 2931 3584 2971 non
3614 2933 3733 2974 esse

2157 2986 2397 3057 ejusdem
2417 2990 2724 3049 substantia:
2734 2995 2888 3064 cujus
2914 3004 2997 3050 est
3020 2998 3196 3067 Pater,
3220 3015 3658 3072 argumentantur
3668 3027 3733 3065 ex

2158 3075 2260 3132 hoc
2287 3079 2427 3148 quod
2454 3079 2619 3137 Filius
2660 3083 2807 3138 visus
2831 3095 2914 3139 est
2942 3087 3181 3155 patribus
3210 3109 3224 3145 :
3254 3090 3430 3160 Pater,
3472 3096 3733 3166 inquiunt,

2157 3182 2262 3222 non
2292 3177 2375 3225 est
2417 3170 2598 3237 visus;
2641 3172 2920 3231 invisibilis
2960 3188 3137 3233 autem
3179 3188 3233 3235 et
3263 3183 3482 3239 visibilis
3525 3187 3732 3243 diversa

2155 3268 2343 3316 natura
2380 3270 2481 3317 est.
2510 3262 2579 3319 Et
2606 3263 2727 3321 ideo
2758 3305 2772 3329 ,
2804 3266 3067 3336 inquiunt,
3110 3270 3176 3325 de
3203 3270 3361 3327 Patre
3389 3274 3588 3331 dictum
3614 3288 3694 3333 est
3714 3321 3729 3347 ,

2159 3351 2318 3416 Quem
2345 3370 2490 3409 nemo
2508 3356 2767 3411 hominum
2782 3358 2925 3425 vidit,
2948 3376 3037 3414 nec
3062 3362 3229 3417 videre
3247 3375 3405 3432 potest
3432 3367 3476 3437 (l
3502 3367 3632 3423 Tim.
3656 3387 3728 3436 vr,

2156 3442 2267 3512 16).
2314 3442 2380 3499 Ut
2408 3444 2498 3500 ille
2524 3445 2615 3515 qui
2635 3447 2779 3503 visus
2801 3457 2885 3503 est
2914 3465 3016 3503 non
3041 3452 3212 3506 solum
3237 3454 3425 3524 Moysi,
3448 3458 3542 3512 sed
3571 3461 3731 3514 etiam

2153 3532 2380 3591 Abrahae
2404 3550 2418 3598 ;
2449 3551 2553 3589 nou
2580 3537 2749 3591 solum
2781 3538 3028 3603 Abrahae,
3054 3542 3149 3596 sed
3174 3544 3334 3598 etiam
3356 3546 3454 3614 ipsi
3481 3547 3648 3602 Adam
3676 3560 3735 3605 et

2152 3623 2359 3678 caeteris
2403 3626 2665 3694 patribus,
2697 3643 2802 3682 nou
2850 3629 2988 3685 Deus
3017 3632 3192 3700 Pater,
3222 3635 3314 3689 sed
3367 3637 3532 3693 Filius
3559 3641 3731 3708 potius

2151 3713 2420 3782 credatur,
2446 3725 2506 3770 ut
2542 3716 2864 3788 intelligatur
2890 3732 3148 3778 creatura.
3180 3725 3453 3782 Catholica
3490 3746 3597 3784 non
3629 3733 3731 3788 hoc

2151 3805 2297 3860 dicit.
2345 3807 2450 3863 Sed
2487 3810 2614 3878 quid
2640 3810 2804 3866 dicit?
2843 3813 2983 3868 Deus
3015 3814 3195 3882 Pater,
3240 3817 3379 3875 Deus
3412 3822 3614 3889 Filius;
3645 3825 3730 3878 iu-

2151 3899 2542 3956 commutabilis
2570 3901 2747 3966 Pater,
2788 3904 3234 3963 incommutabilis
3262 3910 3467 3971 Filius;
3497 3923 3728 3971 :eternus

2151 3987 2328 4053 Pater,
2359 3999 2658 4045 cowternus
2688 3992 2889 4059 Filius;
2921 3996 3198 4055 invisibilis
3226 4000 3401 4068 Pater,
3442 4003 3727 4069 invisibilis

2148 4077 2335 4133 Filius.
2366 4078 2498 4133 Nam
2531 4081 2577 4135 si
2604 4081 2804 4137 dixeris
2832 4084 3044 4141 Patrem
3069 4087 3407 4155 invisibilem,
3437 4093 3727 4156 Filiumvi-

2148 4168 2352 4225 sibilent
2378 4184 2394 4234 ;
2421 4169 2729 4236 distiuxisti,
2780 4172 2888 4228 imo
2932 4192 3058 4230 vero
3082 4181 3336 4246 separasti
3379 4183 3722 4239 substantias.

2146 4259 2428 4326 Quomodo
2466 4261 2688 4329 gratiam
2739 4264 3018 4332 invenisti,
3067 4268 3155 4338 qui
3200 4269 3358 4325 ﬁdem
3406 4274 3723 4342 perdidisti?

2144 4348 2378 4406 Solvitur
2400 4366 2526 4422 ergo
2554 4352 2651 4407 ista
2678 4358 2901 4424 quaestio
2943 4358 3020 4412 sic
3053 4376 3064 4410 :
3109 4359 3245 4414 Deus
3282 4361 3436 4416 Pater
3475 4376 3529 4418 et
3560 4366 3723 4421 Filius

2145 4451 2197 4499 et
2241 4441 2470 4513 Spiritus
2510 4454 2746 4514 sanctus,
2787 4460 2975 4503 natura
3020 4453 3226 4520 pmpria
3280 4453 3716 4519 invisibilisest:

2142 4533 2384 4603 apparuit
2407 4544 2583 4591 autem
2607 4538 2817 4607 quando
2839 4540 3022 4605 voluit,
3050 4542 3135 4595 cui
3170 4545 3333 4599 voluit
3357 4561 3370 4609 ;
3400 4562 3502 4602 non
3535 4558 3590 4602 ut
3614 4562 3716 4619 est,

2142 4625 2237 4679 sed
2264 4635 2323 4680 ut
2345 4626 2517 4682 voluit
2540 4628 2624 4681 cui
2654 4630 2892 4684 serviunt
2917 4633 3114 4686 omnia.
3146 4635 3200 4689 Si
3241 4636 3383 4691 enim
3412 4640 3588 4695 anima
3631 4652 3717 4695 tua

2139 4729 2259 4771 cum
2283 4717 2350 4772 sit
2373 4717 2651 4775 invisibilis
2680 4720 2732 4774 in
2759 4736 2982 4791 corpore
3010 4733 3121 4790 tuo,
3153 4736 3209 4779 ut
3231 4739 3487 4797 appareat
3520 4732 3719 4799 profert

2140 4822 2346 4872 vocem,
2390 4818 2444 4863 ct
2471 4825 2571 4863 vox
2598 4811 2649 4863 in
2689 4827 2791 4880 qua
2816 4825 3033 4883 apparet
3062 4816 3236 4871 anima
3264 4828 3352 4872 tua
3381 4835 3500 4874 cum
3530 4823 3716 4890 loque-

2138 4902 2232 4966 ris,
2264 4916 2368 4954 non
2409 4910 2494 4957 est
2521 4901 2813 4957 substantia
2856 4906 3050 4960 anima:
3090 4917 3230 4969 tuae;
3268 4911 3410 4966 aliud
3454 4923 3535 4969 est
3581 4914 3667 4967 illa
3700 4955 3716 4977 .

2136 4990 2278 5044 aliud
2305 4999 2387 5046 est
2409 5006 2509 5046 vox
2534 5009 2549 5058 ;
2578 5004 2630 5049 et
2658 5001 2834 5047 tamen
2860 5007 3098 5064 apparet,
3125 5000 3257 5055 etin
3284 5017 3348 5067 ea
3375 5018 3432 5057 re
3456 5019 3575 5072 qua:
3605 5006 3716 5073 ipsa

2136 5096 2242 5136 non
2256 5090 2341 5137 est
2368 5099 2382 5136 :
2413 5082 2492 5137 sic
2508 5092 2563 5138 et
2579 5083 2720 5138 Deus
2739 5085 2784 5138 si
2807 5084 2860 5140 in
2885 5086 3003 5157 igne
3028 5093 3292 5161 apparuit,
3318 5111 3422 5150 non
3445 5105 3528 5152 est
3557 5096 3713 5166 ignis;

2136 5172 2179 5227 si
2209 5172 2262 5227 in
2295 5174 2436 5227 Iunio
2462 5175 2722 5243 apparuit,
2756 5191 2859 5231 nou
2888 5188 2971 5234 est
3002 5180 3209 5249 fumus;
3242 5197 3286 5238 sn
3315 5185 3366 5239 in
3393 5200 3527 5239 sono
3553 5203 3717 5255 appa—

2134 5265 2258 5329 ruit,
2284 5280 2389 5320 non
2414 5274 2498 5320 est
2522 5280 2702 5321 sonus.
2730 5267 2844 5324 Non
2874 5282 2999 5326 sunt
3025 5273 3140 5328 haec
3169 5274 3330 5340 Deus,
3353 5277 3445 5331 sed
3480 5279 3714 5335 indicant

2136 5353 2321 5409 Deum.
2339 5355 2863 5423 lloereteuto,securi
2876 5362 3142 5418 credimus
3154 5367 3389 5435 potuisse
3402 5368 3506 5424 dici
3523 5369 3712 5425 Filium

2133 5446 2223 5516 qui
2251 5446 2491 5513 apparuit
2518 5445 2706 5518 Moysi,
2729 5459 2784 5504 et
2812 5452 3091 5507 Dominum
3123 5465 3179 5511 et
3205 5457 3452 5527 angelum
3483 5462 3708 5513 Duumii.

2202 5535 2256 5589 5.
2279 5536 2508 5591 Aliorum
2522 5540 2787 5605 sententia,
2806 5543 3039 5612 angelum
3064 5544 3233 5615 Moysi
3260 5550 3556 5617 apparuisse
3575 5592 3589 5613 ,
3612 5569 3709 5602 ltuit

2133 5624 2406 5681 Christum.
2430 5626 2528 5694 Qui
2561 5644 2687 5685 vero
2705 5633 3016 5687 existimant
3042 5652 3162 5691 vere
3187 5653 3307 5693 eum
3331 5641 3574 5709 angi-lum
3614 5644 3710 5696 ιως

2197 5729 2210 5760 ¹
2238 5728 2356 5777 ωἰιὶ
2381 5741 2443 5778 ex
2468 5729 2772 5780 Farthusiano
2798 5740 2873 5781 Ms.
2898 5733 3093 5795 addunt,
3119 5748 3149 5783 η
3170 5734 3335 5800 regula
3359 5736 3568 5795 pietatis.
