4076 6198
339 315 415 369 65
1797 304 1919 360 SEl'l

2024 322 2027 341 ’
2070 305 2174 361 ΠΙ.

338 424 473 479 mitti
496 424 681 485 fuisse,
717 434 823 474 non
848 418 1135 481 Christum,
1160 417 1253 473 sed
1281 418 1527 489 angelum
1552 419 1771 474 missum
1798 431 1925 483 ;ne-

338 529 498 571 cesse
521 528 567 568 et
582 522 605 567 t
628 521 686 567 ut
707 512 950 581 exigatur
976 510 1046 564 ab
1073 509 1150 564 eis
1175 508 1331 575 ratio,
1354 523 1516 578 quare
1534 509 1705 564 dictus
1731 509 1800 563 sit
1822 509 1929 562 Do-

337 610 541 663 minus.
571 604 853 674 Quomodo
880 603 1024 658 enim
1052 603 1119 658 ab
1156 604 1235 657 eis
1256 601 1346 673 qui
1364 600 1626 656 Christum
1652 600 1814 656 fuisse
1840 600 1926 655 di-

337 709 492 762 cunt,
522 698 749 768 exigitur
773 709 940 765 quare
966 693 1142 749 dictus
1163 694 1234 749 sit
1257 694 1508 764 angelus;
1537 692 1615 747 sic
1634 693 1700 747 ab
1722 692 1803 747 eis
1835 692 1925 763 qui

344 790 594 860 angelum
605 788 806 852 dicunt,
826 785 1054 854 exigitur
1073 799 1236 852 quare
1251 783 1424 837 dictus
1440 782 1507 837 sit
1525 782 1801 838 Dominus.
1818 782 1923 837 Sed

340 882 422 936 illi
443 878 811 951 quiChristum
828 876 1015 932 dicunt
1030 874 1214 941 fuisse,
1233 875 1340 944 jam
1362 875 1926 944 commemoravi,un

344 972 509 1025 modo
523 969 643 1024 inde
667 976 880 1032 exeant,
911 981 1076 1036 quare
1096 966 1270 1019 dictus
1286 966 1353 1019 sit
1380 965 1618 1035 angelus,
1651 965 1773 1035 quia
1801 980 1925 1034 pro-

345 1061 505 1131 pheta
527 1069 711 1130 aperte
734 1060 869 1113 dixit
907 1057 1189 1111 Dominum
1214 1056 1482 1112 Christum
1513 1058 1687 1127 magni
1716 1059 1922 1113 consilii

344 1154 627 1224 Ausi-ium.
674 1152 752 1206 illi
798 1165 927 1220 ergo
957 1150 1044 1219 qui
1073 1149 1256 1203 dicunt
1291 1148 1559 1218 angelum,
1601 1148 1922 1217 respondere

339 1246 538 1301 debent
564 1259 729 1314 quare
756 1242 1053 1311 appellatus
1079 1240 1149 1294 sit
1191 1240 1469 1294 Dominus.
1505 1238 1845 1309 Respondent
1868 1250 1922 1296 et

339 1334 444 1405 ίμςὶ
476 1353 491 1388 :
524 1336 674 1390 Sicut
697 1335 747 1388 in
775 1332 1066 1401 Scripturis
1094 1330 1348 1402 propheta
1370 1331 1623 1400 loquitur,
1648 1342 1703 1386 et
1730 1333 1921 1388 dicitur

335 1433 467 1498 quia
500 1430 749 1484 Dominus
792 1427 1058 1495 loquitur;
1091 1440 1195 1478 non
1240 1424 1361 1494 quia
1400 1424 1756 1479 Dominusest
1798 1441 1921 1494 pro-

337 1523 528 1589 pheta,
559 1520 651 1573 sed
678 1519 797 1588 quia
824 1517 1080 1571 Dominus
1104 1525 1185 1568 est
1207 1514 1263 1568 in
1292 1515 1582 1584 propheta;
1613 1516 1690 1570 sic
1717 1524 1771 1571 et
1798 1530 1918 1571 cum

338 1630 437 1682 per
463 1611 710 1682 angelum
751 1610 997 1678 dignatur
1024 1606 1277 1660 Dominus
1305 1605 1471 1675 loqui,
1515 1606 1781 1676 quomodo
1827 1622 1922 1676 per

334 1706 667 1771 apostolum,
694 1698 959 1767 quomodo
987 1712 1078 1766 per
1108 1698 1439 1764 prophetam,
1474 1706 1617 1750 recte
1646 1695 1838 1750 dicitur
1865 1706 1920 1751 et

330 1793 569 1860 angelus
611 1800 820 1858 promer
843 1804 902 1842 se
942 1787 1134 1856 ipsum,
1163 1796 1217 1839 et
1248 1786 1498 1840 Dominus
1526 1796 1738 1856 propter
1765 1787 1916 1841 habi-

337 1893 545 1935 tantem
569 1882 750 1933 Deum.
782 1878 940 1933 Certe
963 1877 1100 1930 enim
1124 1876 1317 1931 Paulus
1342 1876 1501 1930 homo
1520 1885 1655 1943 erat,
1679 1885 1735 1932 et
1760 1877 1917 1933 Chri-

334 1982 452 2027 stus
480 1972 658 2027 Deus:
697 1979 751 2024 et
777 1969 851 2022 ait
877 1978 1050 2021 tamen
1083 1968 1194 2036 ipse
1222 1967 1434 2033 Paulus,
1474 1968 1555 2021 An
1594 1968 1738 2023 vultis
1763 1984 1916 2039 expe-

334 2066 606 2117 rimentum
645 2062 755 2131 (jus
803 2062 1047 2127 accipere,
1096 2059 1181 2128 qui
1224 2059 1276 2112 in
1322 2075 1399 2113 me
1438 2058 1655 2131 loquitur
1690 2060 1917 2114 Christus

334 2153 419 2221 (ll
450 2152 568 2205 Cor.
598 2168 710 2217 xtu,
743 2149 844 2220 3)?
893 2149 1031 2203 Dixit
1054 2154 1109 2201 et
1136 2147 1410 2217 propheta,
1441 2148 1660 2201 Audiam
1696 2150 1817 2216 quid
1837 2151 1916 2203 lo-

335 2253 518 2308 quetur
555 2242 608 2294 in
646 2257 724 2292 tne
756 2239 1007 2293 Dominus
1044 2236 1180 2291 Deus
1224 2236 1394 2308 (Psal.
1430 2252 1641 2304 Lxxxtv,
1681 2238 1767 2306 9).
1816 2238 1916 2306 Qui

336 2333 576 2402 loquitur
600 2332 652 2385 iu
682 2331 917 2395 homine,
946 2329 1178 2399 loquitur
1206 2329 1256 2383 in
1283 2329 1490 2398 angelo.
1524 2329 1647 2383 Ideo
1676 2330 1918 2398 apparuit

336 2423 504 2493 Moysi
541 2422 758 2491 angelus
800 2419 1031 2486 Domini,
1083 2427 1140 2474 et
1163 2419 1315 2486 dixit,
1347 2418 1460 2490 Ego
1489 2436 1599 2473 sunt
1626 2422 1708 2491 qui
1733 2436 1845 2474 sum
1873 2422 1912 2474 ¹.

338 2518 663 2572 llabitatoris
690 2531 793 2569 vox
817 2523 919 2581 est,
952 2529 1057 2568 non
1079 2515 1283 2583 templi.

408 2610 469 2663 6.
508 2608 779 2676 Diﬁea’tos
807 2607 859 2658 in
897 2621 957 2658 ea
981 2605 1221 2659 sententia
1259 2603 1488 2657 diluitur.
1528 2602 1658 2656 Nam
1707 2604 1751 2657 si
1795 2618 1916 2672 pro—

335 2709 523 2770 pterea
549 2698 788 2753 Christus
834 2705 978 2761 erat,
1011 2710 1134 2751 cum
1184 2695 1404 2764 angelus
1433 2695 1605 2749 dictus
1658 2694 1763 2761 sit,
1794 2695 1915 2764 quia

335 2808 478 2848 unus
516 2802 667 2857 erat;
713 2789 836 2860 quid
887 2790 1126 2854 iacimus,
1159 2786 1370 2856 quando
1397 2785 1625 2840 Abrahae
1669 2795 1778 2841 tres
1818 2801 1914 2856 ap-

334 2901 371 2955 p
405 2883 667 2938 ruerunt?
720 2879 843 2950 quid
885 2879 970 2933 hic
1017 2877 1283 2933 dicimus?
1339 2876 1472 2932 Tres
1517 2886 1910 2946 apparuerunt,

332 2987 388 3029 ct
420 2973 695 3029 Abraham
722 2980 968 3039 tauquam
1026 2968 1090 3023 ad
1125 2983 1286 3023 unum
1334 2967 1556 3037 loquens
1609 2968 1772 3031 dixit,
1804 2966 1915 3021 Do-

333 3069 491 3120 mine.
535 3063 673 3132 Quid
718 3061 983 3117 dicimus?
1011 3076 1175 3131 quare
1216 3060 1360 3115 tres?
1395 3062 1477 3114 An
1528 3060 1639 3130 ipsa
1688 3059 1916 3115 Trinitas

333 3161 487 3215 erat?
517 3159 696 3227 Quare
718 3172 846 3226 ergo
863 3154 1148 3209 Dominus?
1168 3152 1302 3219 Quia
1333 3153 1562 3207 Trinitas
1582 3168 1717 3208 unus
1740 3153 1918 3207 Domi-

334 3266 458 3313 utts,
493 3265 600 3303 non
627 3256 752 3303 sunt
775 3257 882 3302 tres
898 3245 1098 3301 domini
1120 3252 1204 3299 :et
1220 3242 1455 3298 Trinitas
1480 3258 1614 3298 unus
1634 3244 1916 3311 Deus,non

332 3353 450 3396 tres
472 3344 525 3406 ²;
561 3354 663 3395 una
688 3339 996 3402 substantia,
1028 3346 1133 3390 tres
1158 3350 1416 3405 personat.
1448 3334 1628 3404 Neque
1652 3336 1791 3391 enim
1817 3335 1918 3389 1³η·-

334 3443 419 3487 ter
445 3433 611 3486 Filius
639 3440 741 3495 est,
770 3439 863 3484 aut
905 3427 1071 3483 Filius
1095 3426 1255 3481 Pater
1279 3435 1384 3494 est,
1411 3435 1504 3481 aut
1525 3425 1749 3496 Spiritus
1791 3442 1917 3482 san-

330 3538 456 3580 ctus
483 3525 569 3579 vel
596 3524 755 3578 Pater
798 3522 878 3577 vel
928 3521 1091 3575 Filius
1116 3528 1217 3574 est.
1259 3518 1361 3574 Sed
1390 3519 1548 3573 Pater
1575 3534 1681 3572 non
1710 3526 1793 3574 est
1818 3519 1919 3573 nisi

334 3616 457 3670 Filii
483 3633 498 3681 ;
534 3615 705 3670 Filius
728 3628 833 3667 non
877 3623 957 3668 est
982 3612 1082 3667 nisi
1110 3611 1314 3677 Patris;
1342 3611 1566 3680 Spiritus
1594 3620 1647 3666 et
1668 3611 1838 3665 Patris
1866 3620 1920 3666 et

336 3706 481 3761 Filii.
510 3704 766 3772 Quamvis
788 3704 840 3758 in
870 3704 977 3759 illis
1005 3703 1173 3758 tribus
1196 3702 1354 3772 aliqui
1381 3702 1584 3765 dicunt,
1615 3702 1754 3770 quod
1785 3715 1918 3755 unus

333 3800 409 3853 ibi
438 3796 759 3861 excellebat,
787 3811 947 3866 quem
974 3796 1253 3850 Dominum
1291 3792 1595 3871 appellabat
1630 3792 1916 3858 Abraham,

332 3889 555 3959 quando
599 3896 914 3957 apparuerat
949 3901 1070 3942 cum
1116 3885 1342 3952 duobus,
1393 3895 1639 3954 tanquam
1673 3882 1919 3938 Christus

333 3994 461 4033 cum
492 3978 709 4047 Angelis
747 3979 876 4032 suis.
919 3977 1023 4032 Sed
1065 3976 1190 4046 quid
1228 3977 1454 4046 agimus,
1494 3976 1617 4044 quia
1656 3989 1774 4030 cum
1813 3975 1919 4030 duo

337 4072 682 4125 mitterentur
716 4069 783 4123 ad
827 4068 1112 4124 Sodomam
1140 4080 1454 4138 apparentes
1501 4067 1650 4122 fratri
1692 4068 1918 4123 Abrahae

336 4161 461 4219 ιλιι.
490 4169 548 4213 et
573 4162 687 4228 ipse
710 4160 949 4229 agnoscit
972 4160 1023 4213 in
1067 4160 1147 4214 eis
1169 4159 1533 4223 divinitatem;
1560 4169 1615 4213 et
1641 4174 1761 4213 cum
1786 4159 1919 4213 duos

336 4252 542 4317 videat,
594 4252 872 4305 Dominum
914 4251 1146 4320 appellat
1174 4249 1331 4321 (Gen.
1366 4266 1519 4318 xviii,
1549 4261 1593 4306 et
1650 4250 1806 4324 xix)?
1851 4252 1920 4307 Et

337 4344 435 4397 ille
478 4344 540 4396 in
581 4342 749 4397 tribus
806 4342 1108 4407 Dominum,
1152 4350 1207 4397 et
1245 4343 1297 4396 in
1349 4342 1553 4397 duobus
1608 4342 1695 4398 ille
1736 4344 1917 4398 Domi-

340 4448 493 4486 num.
537 4431 615 4486 Ne
652 4445 957 4500 separemus
999 4446 1125 4501 ergo
1154 4432 1465 4487 Trinitatem
1492 4441 1546 4486 et
1571 4432 1821 4487 faciamus
1865 4433 1917 4487 in

338 4523 580 4579 Sodoma
622 4522 947 4586 duaiitatem,
977 4529 1104 4591 puto
1142 4521 1282 4591 qttod
1312 4522 1500 4577 melius
1537 4522 1876 4592 intelligimus
1897 4561 1914 4588 ,

339 4616 466 4683 quia
492 4623 670 4683 patres
697 4615 862 4669 nostri
889 4614 1168 4668 Dominum
1211 4614 1265 4668 in
1291 4615 1501 4684 Angelis
1525 4616 1877 4685 agnoscebant
1896 4655 1916 4684 ,

338 4707 672 4761 habitantem
703 4707 754 4760 in
785 4706 1105 4761 habitatione
1132 4705 1524 4775 intelligebant;
1554 4721 1659 4761 non
1704 4714 1917 4774 portan-

339 4799 513 4859 tibus,
535 4798 629 4853 sed
656 4797 901 4853 insidenti
923 4798 1145 4867 gloriam
1171 4797 1385 4852 dabant.
1413 4797 1579 4862 Quam
1605 4798 1919 4852 sententiam

336 4887 626 4943 conﬁrmat
658 4903 767 4943 non
806 4889 976 4943 solum
1017 4887 1253 4957 Epistola
1291 4902 1409 4956 qua:
1437 4886 1684 4941 scribitur
1723 4887 1789 4942 ad
1821 4888 1923 4943 lle-

338 4984 542 5044 braros,
571 4980 658 5035 ubi
683 4981 893 5045 dicitur,
925 4980 987 5035 Si
1013 4980 1145 5034 enim
1182 4980 1268 5049 qui
1293 4996 1382 5049 per
1406 4979 1621 5050 Angelos
1664 4980 1826 5033 dictus
1851 4988 1924 5033 est

335 5092 534 5140 sermo,
559 5075 723 5145 factus
751 5083 822 5127 est
851 5074 1029 5141 ﬁrmus
1048 5072 1233 5143 (Hebr.
1263 5089 1317 5136 ιι,
1341 5072 1378 5126 2
1405 5070 1426 5145 [
1449 5073 1760 5141 loquebatur
1781 5072 1921 5125 enim

338 5168 413 5220 de
438 5165 611 5219 veteri
649 5164 1006 5230 Testamento,
1037 5164 1427 5219 commendavit
1454 5163 1593 5233 quod
1624 5164 1691 5217 ibi
1744 5164 1922 5232 Augeli

339 5255 732 5325 loquebantur;
771 5254 865 5309 sed
898 5256 1036 5309 Deus
1062 5255 1113 5308 in
1148 5255 1362 5323 Angelis
1386 5255 1497 5308 suis
1527 5252 1886 5307 ltonorabatur
1907 5293 1921 5314 ,

338 5357 401 5401 et
438 5361 537 5416 per
562 5347 790 5415 Angelus
833 5334 1053 5401 interior
1081 5346 1348 5401 habitator
1376 5344 1708 5419 audiebatur]
1733 5358 1788 5413 );
1831 5342 1924 5399 sed

343 5438 512 5490 etiam
546 5437 599 5488 in
636 5436 852 5490 Actibus
878 5436 1253 5505 Apostolorum
1296 5434 1594 5504 Stephanus
1639 5436 1804 5500 dicit,
1837 5452 1923 5488 ar-

412 5572 429 5601 ί
458 5571 575 5618 miti
595 5571 983 5640 exfartltusiano
1008 5580 1106 5631 δίδη
1125 5580 1170 5624 et
1187 5572 1364 5624 dicitur
1381 5571 1443 5634 ei,
1472 5573 1681 5625 Domine.
1720 5582 1772 5625 Et
1795 5573 1924 5636 λείη,

345 5639 446 5694 Ego
467 5644 571 5694 sum
596 5639 677 5693 qut
698 5646 818 5680 stati.

413 5701 433 5724 ι
461 5693 574 5741 Lditi
596 5707 654 5741 ex
682 5696 987 5745 (arthusiano
1017 5701 1097 5745 tis.
1119 5695 1315 5758 addunt,
1340 5694 1429 5747 dii.

3550 334 3618 391 66

2041 434 2205 489 gneus
2235 431 2287 476 et
2318 425 2591 496 increpans
2617 429 2869 502 .ludmos,’
2892 434 3032 491 Dura
3060 442 3261 505 rereirc,
3301 454 3344 497 et
3373 463 3469 500 non
3508 450 3612 501 cir.

2034 513 2240 563 rumcisi
2268 514 2419 567 corde
2441 527 2487 570 et
2507 521 2728 574 auribus.
2763 522 2903 579 Dura
2928 530 3132 598 cervice,
3162 534 3326 601 spina:
3367 552 3469 591 non
3500 556 3614 596 cre-

2034 608 2209 655 matae.
2250 602 2346 657 Vos
2372 622 2566 678 semper
2590 612 2816 669 resistitis
2842 615 3059 686 Spiritui
3086 632 3273 676 sancto.
3304 623 3425 679 ideo
3451 629 3611 686 rubus

2031 706 2137 748 non
2163 700 2513 768 cremabatur,
2546 703 2666 771 quia
2691 703 2917 762 ﬂamma:
2947 708 3173 778 Spiritus
3197 715 3263 767 ab
3291 718 3454 785 spinis
3487 735 3611 788 pec-

2030 792 2264 839 calorum
2296 790 2638 846 resistebatur
2660 794 2677 825 ί
2712 811 2724 846 :
2768 793 2867 849 Vos
2902 814 3098 869 semper
3123 804 3350 860 resistitis
3389 808 3608 878 Spiritui

2029 885 2217 929 sancto.
2254 878 2410 942 Quem
2432 884 2787 954 prap/tetarum
2809 904 2908 942 non
2932 892 3215 947 occiderunt
3240 907 3403 964 patres
3420 904 3567 955 t'cs!ri
3582 906 3608 956 ?

2030 963 2118 1037 (Et
2147 968 2287 1023 unde
2313 968 2504 1043 agitur)
2528 975 2610 1044 qui
2631 979 2887 1047 accepistis
2907 978 3091 1051 Legem
3109 984 3161 1037 in
3187 963 3360 1041 edictis
3386 989 3605 1060 Angelo-

2027 1071 2159 1122 rum,
2182 1068 2347 1113 etnon
2365 1064 2649 1119 custodistis
2672 1065 2806 1139 (Act.
2832 1085 2925 1136 vn,
2954 1072 3163 1142 51-55).
3179 1073 3233 1130 Si
3255 1076 3473 1143 diceret,
3498 1083 3607 1135 An-

2026 1147 2151 1243 geli,
2179 1159 2368 1217 etnon,
2394 1153 2732 1226 Angetorum;
2759 1176 2864 1217 non
2886 1162 3103 1220 deerant
3128 1168 3198 1221 illi
3229 1171 3315 1238 qui
3343 1172 3602 1243 dicerent,

2026 1238 2265 1335 Christus
2291 1256 2392 1309 est,
2425 1248 2544 1317 quia
2573 1250 2744 1305 dictus
2773 1264 2854 1308 est
2899 1259 3072 1325 magni
3104 1262 3307 1315 consilii
3346 1238 3599 1335 Angelus;

2024 1329 2259 1399 Angelus
2289 1333 2549 1403 Christus,
2583 1344 2832 1411 numquid
2867 1346 3048 1416 Angeli
3070 1350 3354 1407 Christus?
3386 1329 3519 1410 Dicit
3548 1366 3601 1412 ct

2024 1425 2292 1492 apostolus
2323 1427 2532 1496 Paulus,
2577 1436 2822 1502 quoniam
2852 1452 3034 1492 semen
3063 1441 3287 1498 Abralt:e
3327 1445 3600 1516 dispensa-

2026 1522 2134 1606 tum
2166 1527 2246 1571 est
2276 1521 2295 1550 ⁵
2329 1537 2341 1571 :
2374 1520 2699 1591 Dispositum,
2743 1527 2928 1599 inquit,
2975 1549 3064 1601 per
3108 1534 3322 1606 Angelos
3351 1540 3403 1593 in
3450 1558 3600 1595 manu

2025 1604 2321 1662 Mediatoris
2352 1610 2541 1681 (Calai.
2575 1631 2649 1679 Ill,
2687 1619 2793 1688 l9).

2072 1694 2123 1748 7.
2143 1694 2241 1750 Dei
2260 1716 2435 1754 nomen
2454 1707 2727 1774 praprium.
2751 1709 2864 1764 iam
2879 1726 3002 1780 ergo
3020 1717 3257 1785 angelus,
3273 1719 3390 1772 etin
3411 1723 3599 1791 angelo

2023 1785 2297 1856 Dominus,
2313 1790 2517 1847 dicebat
2532 1796 2692 1868 Moysi
2707 1804 2956 1868 quarenti
2974 1820 3163 1859 nomen
3176 1823 3351 1873 suum,
3370 1785 3598 1881 Egosum

2021 1877 2107 1945 qui
2120 1892 2250 1930 sttm.
2274 1877 2420 1935 Dices
2431 1884 2550 1949 [iliis
2564 1882 2725 1941 Israel
2743 1905 2759 1941 :
2778 1888 2877 1953 Qui
2892 1902 2981 1955 est,
2996 1896 3126 1947 misit
3143 1914 3219 1950 me
3238 1900 3304 1951 ad
3321 1877 3432 1953 vos:
3442 1902 3596 1972 Esse,

2020 1981 2216 2021 nomen
2242 1979 2321 2023 est
2344 1971 2899 2034 incommutabilitatis.
2930 1982 3114 2038 Omnia
3145 1988 3285 2042 cnim
3325 2007 3442 2060 qua:
3483 1971 3597 2047 mu;

2021 2067 2218 2123 tantur,
2239 2062 2487 2118 desinunt
2504 2082 2620 2122 esse
2636 2070 2775 2138 quod
2792 2081 2960 2138 erant,
2980 2084 3028 2129 et
3052 2075 3303 2146 incipiunt
3321 2096 3441 2136 esse
3457 2085 3595 2153 quod

2021 2164 2125 2203 non
2168 2162 2338 2206 erant.
2372 2154 2502 2209 Esse
2536 2172 2739 2225 verum,
2780 2175 2899 2216 esse
2928 2164 3211 2232 sincerum,
3248 2184 3364 2222 esse
3393 2187 3599 2240 germa-

2021 2254 2168 2306 num,
2195 2258 2296 2296 non
2328 2243 2486 2298 habet
2522 2244 2620 2300 nisi
2653 2249 2740 2318 qui
2760 2266 2860 2304 non
2888 2261 3139 2309 mutatur.
3165 2256 3255 2312 Ille
3282 2259 3437 2315 habet
3479 2279 3599 2319 esse

2021 2331 2102 2384 cui
2121 2331 2331 2398 dicitur,
2354 2334 2571 2390 Mutabis
2587 2354 2643 2391 ea
2664 2349 2709 2391 et
2728 2342 3069 2407 mutabuntur;
3091 2354 3141 2397 tu
3163 2356 3323 2400 autem
3341 2350 3469 2403 idem
3495 2352 3599 2421 ipse

2021 2437 2072 2475 es
2097 2421 2263 2493 (Psal.
2288 2440 2355 2488 Cl,
2381 2424 2470 2490 27,
2502 2426 2613 2499 28).
2647 2428 2780 2497 Quid
2809 2440 2907 2497 est,
2934 2430 3044 2504 Ego
3067 2452 3175 2495 sum
3202 2439 3286 2505 qui
3310 2455 3438 2502 sum,
3474 2440 3593 2506 nisi,

2019 2511 2270 2569 ACternus
2298 2516 2460 2593 sunt?
2482 2518 2615 2583 Quid
2652 2531 2751 2585 est,
2790 2519 2898 2592 Ego
2918 2525 3140 2593 suntqui
3166 2543 3298 2593 sum,
3328 2528 3447 2591 nisi,
3478 2529 3594 2583 Mu-

2018 2603 2117 2656 tari
2163 2618 2266 2657 non
2309 2608 2559 2674 possum?
2603 2607 2752 2664 Nulla
2780 2619 3041 2679 creatura,
3088 2630 3190 2668 non
3233 2617 3446 2682 cmlum,
3490 2634 3596 2673 non

2020 2704 2181 2761 terra,
2221 2712 2326 2751 non
2354 2699 2602 2769 Angelus,
2634 2716 2741 2755 non
2771 2701 2967 2767 Virtus,
2998 2721 3100 2759 non
3132 2705 3317 2775 Sedes,
3344 2726 3446 2764 non
3490 2710 3594 2763 Do-

2019 2786 2354 2849 minationes,
2385 2805 2488 2843 non
2514 2790 2825 2846 Potestates.
2855 2792 2987 2847 Cum
3014 2810 3140 2865 ergo
3168 2798 3234 2849 sit
3271 2798 3372 2852 hac
3399 2813 3593 2854 nomen

2020 2879 2348 2945 :rternitatis,
2382 2881 2498 2951 plus
2527 2890 2607 2937 est
2634 2884 2771 2953 quod
2802 2885 3046 2954 dignatus
3073 2896 3153 2940 est
3182 2876 3378 2945 habere
3402 2906 3594 2946 nomen

2019 2967 2415 3024 misericordia).
2438 2971 2550 3042 Ego
2574 2990 2682 3026 sum
2710 2973 2843 3028 Deus
2884 2976 3152 3042 Abt-altam,
3185 2989 3229 3030 et
3257 2977 3391 3032 Deus
3423 2979 3591 3048 Isaae,

2020 3067 2066 3111 et
2104 3058 2243 3113 Deus
2277 3058 2458 3114 Iacob.
2488 3061 2617 3116 illud
2648 3065 2698 3116 in
2726 3078 2803 3129 se,
2843 3065 2943 3119 hoc
2982 3065 3047 3119 ad
3091 3083 3206 3122 nos.
3242 3066 3297 3122 Si
3325 3069 3464 3123 enim
3494 3071 3596 3125 hoc

2020 3153 2188 3207 solum
2217 3167 2336 3209 esse
2375 3154 2526 3208 vellet
2569 3156 2706 3224 quod
2737 3164 2816 3210 est
2843 3157 2893 3209 in
2922 3172 2999 3219 se,
3027 3158 3149 3226 quid
3177 3174 3414 3214 essemus
3454 3178 3550 3216 nos
3570 3163 3595 3215 ἲ

2020 3242 2078 3298 Si
2108 3243 2383 3308 intellexit,
2425 3245 2530 3299 imo
2556 3246 2675 3316 quia
2716 3247 2975 3301 intellexit
3002 3247 3233 3320 Moyses,
3265 3265 3385 3304 cum
3432 3253 3480 3306 ei
3509 3252 3593 3306 di-

2021 3343 2252 3399 ceretur,
2288 3335 2394 3405 Ego
2421 3353 2531 3389 sunt
2557 3337 2643 3407 qui
2663 3354 2793 3404 sum,
2830 3338 2930 3404 Qui
2949 3349 3041 3407 est,
3074 3339 3206 3394 tttt'et't
3229 3358 3306 3394 me
3324 3357 3343 3405 ,'
3369 3344 3592 3398 multum

2024 3424 2125 3478 hoc
2153 3425 2374 3480 credidit
2419 3440 2536 3480 esse
2574 3426 2638 3480 ad
2669 3427 2929 3493 homines,
2963 3430 3183 3482 multum
3213 3430 3313 3485 hoc
3338 3431 3469 3485 vidit
3510 3433 3592 3486 di-

2022 3523 2163 3568 stare
2209 3515 2274 3569 ab
2304 3515 2621 3569 hominibus.
2653 3515 2751 3585 Qui
2780 3517 2920 3571 enim
2964 3517 3067 3573 hoc
3102 3520 3243 3588 quod
3269 3530 3350 3574 est
3376 3528 3430 3574 et
3470 3536 3594 3576 vere

2022 3614 2122 3674 est,
2151 3607 2309 3677 digne
2334 3607 2668 3676 intellexerit,
2695 3617 2749 3665 et
2783 3612 3234 3682 qualitercumque
3270 3614 3470 3668 lumine
3497 3630 3592 3669 ve-

2022 3699 2308 3753 racissimte
2336 3701 2599 3766 essentiae,
2640 3702 2723 3754 vel
2767 3701 3010 3767 strictim,
3052 3702 3189 3756 sicut
3229 3705 3595 3759 eoruscatione

2023 3790 2232 3845 afﬂatus
2260 3790 2446 3857 fuerit;
2478 3791 2634 3862 longe
2662 3808 2719 3848 se
2746 3792 2888 3848 videt
2914 3793 3069 3861 infra,
3098 3795 3254 3866 longe
3297 3798 3594 3852 remotissi-

2022 3897 2189 3948 mum,
2222 3881 2375 3952 longe
2398 3881 2806 3937 dissimillimum
2841 3902 2853 3938 :
2882 3883 3017 3939 sicut
3043 3884 3132 3940 ille
3158 3886 3250 3950 ait,
3278 3885 3389 3956 Ego
3412 3887 3518 3941 dixi
3537 3888 3593 3942 in
3688 3942 3691 3945 .

2022 3973 2200 4026 ecstasi
2228 3988 2355 4025 mea.
2384 3974 2662 4041 Assumpta
2701 3972 2845 4027 enim
2870 3982 3048 4028 mente
3074 3974 3202 4028 vidit
3232 3976 3410 4028 nescio
3445 3976 3593 4044 quid,

2022 4061 2160 4132 quod
2193 4064 2307 4132 plus
2336 4061 2402 4116 ad
2442 4063 2586 4116 illum
2616 4072 2747 4117 erat.
2778 4063 2887 4117 [loc
2913 4072 3028 4117 erat
3067 4063 3208 4132 quod
3236 4078 3417 4117 verum
3457 4068 3589 4121 erat.

2022 4151 2165 4219 Dixi,
2212 4153 2395 4223 inquit,
2429 4153 2481 4204 in
2521 4154 2696 4205 erstasi
2737 4169 2863 4205 mea.
2907 4152 3083 4219 Quid?
3128 4152 3388 4222 Projectus
3430 4171 3596 4209 sumo

2023 4247 2153 4314 facie
2189 4245 2448 4297 oculorum
2475 4251 2670 4295 tuorum
2701 4241 2866 4314 (Psai.
2902 4258 3030 4307 xxx,
3059 4243 3174 4313 ‘25).
3220 4244 3348 4298 Cum
3376 4260 3502 4314 ergo
3529 4245 3595 4300 ad

2022 4333 2075 4389 id
2112 4332 2254 4404 quod
2293 4332 2583 4398 dicebatur,
2629 4346 2733 4385 non
2775 4332 2840 4387 ad
2869 4333 2918 4386 id
2946 4334 3085 4403 quod
3115 4335 3407 4400 videbatur,
3440 4336 3596 4406 longe

2024 4440 2082 4481 se
2110 4425 2363 4494 imparem
2390 4424 2592 4480 videret
2628 4424 2834 4495 Moyses
2863 4434 2915 4480 et
2942 4426 3088 4495 quasi
3122 4427 3295 4480 minus
3321 4443 3592 4497 capacem,

2023 4515 2165 4570 unde
2194 4515 2547 4570 inﬂammatus
2592 4514 2707 4584 ipso
2750 4514 3012 4570 desiderio
3039 4517 3247 4571 videndi
3301 4518 3439 4587 quod
3478 4528 3594 4584 est,

2023 4607 2231 4662 dicebat
2255 4607 2362 4661 Deo
2387 4621 2504 4660 cum
2537 4621 2640 4675 quo
2667 4607 2995 4676 loquebatur,
3027 4606 3243 4661 Ostende
3269 4609 3395 4660 milii
3422 4620 3597 4662 temet~

2023 4676 2189 4766 ipsum
2218 4695 2409 4765 (Exod.
2441 4711 2632 4760 xxxiii,
2674 4697 2762 4762 15,
2796 4696 2884 4765 18)
2913 4697 3100 4765 :quasi
3136 4712 3262 4766 ergo
3286 4695 3355 4751 ab
3381 4698 3469 4752 illa
3506 4715 3597 4753 ex-

2024 4785 2265 4841 cellentia
2303 4786 2547 4848 essentia:
2590 4786 2742 4854 longe
2774 4785 3045 4839 dissimilis
3086 4786 3413 4856 desperaret,
3445 4789 3599 4858 erigit

2024 4877 2413 4946 desperantem,
2442 4876 2687 4945 quoniam
2716 4876 2843 4930 vidit
2871 4877 3142 4931 timentem
3183 4895 3194 4930 :
3232 4886 3477 4946 tanquam
3520 4879 3601 4932 di-

2026 4975 2192 5030 ceret,
2220 4965 2477 5032 Quoniam
2513 4965 2640 5029 dixi,
2670 4964 2780 5036 Ego
2808 4983 2918 5020 stitit
2959 4968 3043 5036 qui
3079 4984 3211 5045 sum,
3256 4977 3328 5031 et,
3361 4968 3460 5032 Qui
3485 4977 3556 5020 est
3578 5006 3599 5033 ,

2028 5055 2160 5108 misit
2197 5070 2313 5118 me;
2345 5054 2649 5108 intellexisti
2688 5055 2813 5123 quid
2853 5056 2923 5109 sit
2958 5071 3098 5119 esse,
3128 5067 3180 5110 et
3216 5056 3508 5123 desperasti
3549 5067 3601 5111 te

2028 5161 2221 5216 capere
2252 5163 2265 5199 :
2298 5148 2443 5216 erige
2488 5161 2657 5216 spem,
2690 5147 2800 5217 Ego
2834 5165 2945 5202 sum
2987 5148 3123 5203 Deus
3145 5147 3419 5217 Abraham,
3454 5149 3603 5205 Isaac

2029 5247 2075 5289 et
2100 5236 2299 5301 Jacob;
2326 5237 2402 5290 sic
2430 5252 2545 5290 sum
2584 5237 2725 5306 quod
2749 5253 2888 5302 sum,
2913 5238 2990 5293 sic
3017 5255 3133 5294 sum
3162 5241 3332 5310 ipsum
3357 5255 3496 5307 esse,
3526 5243 3603 5295 sic

2032 5344 2148 5382 sum
2175 5345 2293 5382 eum
2325 5330 2439 5397 ipso
2467 5343 2605 5393 esse,
2640 5337 2697 5383 ut
2736 5330 2898 5384 nolim
2944 5331 3244 5386 hominibus
3283 5332 3492 5385 deesse.
3544 5330 3600 5384 Si

2094 5456 2110 5487 ί
2138 5454 2253 5503 Editi
2276 5466 2338 5502 ex
2360 5454 2665 5504 Carthasiano
2682 5461 2781 5514 Μελ,
2797 5466 2910 5516 quia
2932 5452 3124 5518 spiritui
3148 5452 3354 5516 [lenm
3375 5464 3405 5500 α
3436 5449 3603 5513 spinis,

2033 5525 2253 5624 eui'Editi
2279 5588 2339 5623 ex
2363 5576 2666 5626 Carthusiano
2688 5584 2789 5630 Ms..
2815 5575 3138 5636 dispensatum
3171 5578 3241 5636 est
3276 5586 3308 5623 a
3336 5572 3482 5624 veteri
3523 5582 3602 5636 Te:

2031 5645 2258 5700 stantento
2295 5651 2440 5694 usque
2474 5636 2542 5700 ad
2580 5650 2766 5688 novum.
2792 5643 2847 5687 ει
2868 5633 3100 5699 quomodo
3138 5634 3459 5700 dispensatmn
3490 5633 3606 5688 est?

2034 5697 2340 5767 Dispositio",
2354 5696 2522 5764 inquit,
2532 5708 2625 5750 etc.
