4024 6202
482 304 549 358 6⁸1
1280 290 1285 297 ’
1721 293 1777 349 S.
1822 293 1956 350 AL'G
1966 290 2184 349 USTlNl
2224 291 2527 349 EPISCOPI
3699 292 3769 349 68

480 426 588 481 quo
613 411 773 467 modo
793 425 1072 483 possumus
1100 409 1377 464 Dominum
1399 421 1639 480 qumrere
1659 415 1714 463 et
1739 405 2061 478 investigare

479 518 600 558 eum
627 502 716 573 qui
744 511 844 568 est,
888 509 944 556 et
980 498 1192 571 quidem
1224 513 1327 554 nou
1372 499 1527 569 longe
1572 497 1798 567 positum
1828 497 1897 552 ab
1927 512 2062 551 uno-

478 608 690 664 quoque
718 601 956 647 nostrum
984 608 995 643 :
1029 590 1083 645 in
1110 590 1201 645 illo
1229 590 1372 645 enim
1400 590 1646 655 vivimus,
1681 597 1737 644 et
1762 602 2060 653 movemur,

477 695 533 741 et
573 702 755 741 sumus
787 684 919 757 (Act.
949 699 1078 751 xvu,
1118 683 1213 752 27,
1252 682 1343 754 28)
1373 700 1387 736 :
1418 681 1696 736 laudemus
1719 694 1846 752 ergo
1871 678 2059 735 inell‘a-

481 775 658 831 biliter
715 776 832 846 ejus
884 774 1169 831 essentiam
1220 783 1275 831 et
1327 788 1568 828 amemus
1618 770 2061 828 misericordiam.

479 870 667 923 Amen.

1015 936 1356 993 SERMONlS
1394 936 1507 991 Vlll
1527 939 1566 999 ’ς

738 1051 817 1107 De
845 1052 1012 1106 decem
1039 1051 1203 1123 plagis
1228 1059 1275 1104 et
1297 1050 1466 1106 decem
1497 1053 1763 1123 prwceptis
1781 1092 1797 1115 ,

1033 1192 1388 1234 Iasonem-ou
1422 1177 1516 1250 (a).

979 1289 1104 1341 Alias
1126 1292 1175 1341 in
1196 1291 1494 1355 Fragmentis
1516 1288 1563 1339 2.

553 1401 603 1455 l.
629 1398 781 1453 Prius
808 1397 859 1452 in
900 1394 1240 1451 fundamento
1264 1395 1437 1466 posita
1464 1408 1641 1449 rerum
1669 1400 1935 1464 gestarum
1967 1391 2059 1446 ﬁr-

479 1490 663 1543 mitate
685 1530 699 1555 ,
731 1486 1135 1556 signiﬁcantiam
1167 1484 1423 1540 debemus
1472 1485 1780 1554 inquirere;
1826 1499 1894 1539 ne
1935 1482 2061 1537 sub-

483 1586 649 1633 tracto
676 1578 1015 1631 fundamento
1034 1616 1049 1641 ,
1082 1575 1133 1629 in
1164 1590 1286 1629 aere
1308 1573 1446 1629 velle
1473 1574 1740 1628 anlﬁcare
1763 1573 2056 1627 videamur.

481 1670 586 1725 Sed
615 1669 677 1723 ad
701 1669 881 1738 plagas
913 1667 1098 1723 decem
1129 1682 1234 1720 non
1260 1666 1492 1736 pertinet
1530 1664 1669 1736 quod
1720 1666 1947 1735 primum
1979 1663 2057 1717 fa-

481 1772 625 1817 ctum
651 1771 734 1817 est
762 1759 895 1831 signi
926 1767 1179 1826 causa,ut
1201 1759 1346 1829 virga
1377 1759 1428 1812 in
1452 1765 1751 1826 serpentem
1782 1766 2062 1810 converte-

481 1863 647 1907 retur.
689 1851 875 1906 Aditus
922 1850 1061 1904 enim
1109 1850 1222 1920 ipse
1273 1858 1389 1903 erat
1435 1848 1502 1901 ad
1541 1847 1908 1911 Pharaonem,
1951 1860 2059 1915 quo

481 1941 950 2000 commendabatur
972 1940 1178 2011 Moyses
1201 1932 1492 1994 educturus
1526 1953 1591 1992 ex
1620 1936 1851 2007 Egypto
1887 1949 2055 2004 popa-

482 2036 590 2091 lum
617 2036 707 2090 Dei
732 2053 745 2089 :
772 2033 1004 2088 nondum
1021 2040 1198 2086 autem
1222 2040 1563 2087 contumaces
1590 2027 1933 2090 feriebantur,
1962 2023 2057 2079 sed

481 2129 660 2183 divino
685 2129 833 2196 signo
856 2126 964 2195 jam
995 2125 1345 2180 terrebantur.
1371 2122 1527 2191 Virga
1551 2119 1813 2191 signiﬁcat
1836 2131 2055 2187 regnum

483 2220 577 2274 Dei
609 2237 623 2273 :
659 2218 905 2288 idemque
926 2232 1144 2287 regnum
1180 2215 1272 2269 Dei
1302 2228 1423 2269 esse
1452 2214 1632 2283 utique
1660 2211 1910 2282 populum
1942 2210 2054 2265 Dei.

481 2308 712 2379 Serpens
730 2316 905 2361 autem
933 2313 1143 2376 tempus
1172 2302 1508 2358 mortalitatis
1530 2301 1717 2371 hujus;
1748 2315 1891 2354 mors
1916 2300 2057 2354 enim

481 2414 512 2453 a
537 2406 783 2467 serpente
811 2395 1087 2466 propinata
1115 2402 1215 2450 est.
1247 2392 1521 2463 Tanquam
1550 2407 1677 2462 ergo
1707 2390 1958 2445 cadentes
1992 2390 2060 2445 de

484 2505 645 2544 manu
678 2488 883 2543 Domini
912 2488 962 2541 in
990 2495 1184 2541 terram
1209 2526 1223 2550 ,
1245 2484 1498 2539 mortales
1518 2481 1692 2538 ellecti
1726 2490 1849 2537 sunt
1878 2498 1892 2536 :
1921 2482 2060 2536 unde

484 2581 719 2652 projecta
740 2580 883 2651 virga
914 2595 978 2635 ex
1008 2593 1166 2633 manu
1191 2591 1414 2647 serpens
1439 2575 1623 2631 effecta
1650 2584 1751 2629 est.
1798 2573 2060 2628 Fecerunt

484 2681 538 2726 et
572 2672 708 2743 magi
734 2670 1028 2725 Pharaonis
1075 2668 1353 2731 similiter;
1397 2666 1559 2736 virgis
1594 2680 1777 2720 eorum
1812 2664 2061 2734 proiectis

488 2770 763 2832 serpentes
794 2762 911 2816 facti
939 2770 1062 2816 sunt
1090 2778 1103 2814 :
1133 2759 1222 2814 sed
1249 2759 1391 2828 prius
1410 2772 1630 2828 serpens
1652 2757 1818 2828 Moysi
1837 2799 1851 2824 ,
1884 2756 1937 2811 id
1958 2764 2055 2821 est,

485 2854 627 2921 virga
689 2851 850 2923 Moysi
906 2850 1181 2905 devoravit
1232 2863 1419 2904 omnes
1468 2856 1743 2918 serpentes
1786 2862 2061 2919 magorum

485 2941 677 3014 (Exod.
697 2958 789 3008 vn,
822 2941 1030 3012 10-12).
1049 2940 1199 2996 Tunc
1226 2940 1439 2995 demum
1466 2939 1631 2996 cauda
1653 2940 2057 3010 comprehensa,

483 3034 771 3091 identidem
802 3035 945 3105 virga
988 3032 1119 3087 facta
1160 3041 1275 3098 est,
1321 3040 1375 3086 et
1417 3046 1641 3102 regnum
1693 3030 1945 3086 remeavit
1991 3030 2060 3086 ad

484 3139 719 3178 manum.
751 3126 884 3179 Sunt
908 3139 1035 3194 ergo
1058 3125 1217 3193 virge
1245 3136 1519 3192 magorum
1549 3120 1731 3193 populi
1769 3122 2058 3191 impiorum

484 3214 608 3270 victi
632 3214 826 3269 Christi
872 3215 1112 3279 nomine;
1135 3230 1255 3270 cum
1286 3215 1335 3269 in
1371 3214 1486 3284 eius
1514 3228 1706 3283 corpus
1733 3212 2062 3270 transferun-

485 3316 590 3371 tur,
630 3315 878 3377 tanquam
918 3322 948 3361 a
997 3314 1243 3378 serpente
1290 3306 1455 3377 Moysi
1497 3304 1818 3361 devorantur
1849 3323 1862 3359 :
1890 3304 2062 3361 donec

484 3399 664 3454 redeat
694 3414 911 3469 regnum
945 3399 1037 3453 Dei
1067 3398 1131 3452 ad
1160 3413 1373 3452 manum
1414 3396 1538 3462 Dei,
1567 3396 1662 3451 sed
1692 3397 1742 3451 in
1775 3396 1878 3452 ﬁne
1908 3411 2060 3451 mor-

483 3493 602 3546 talis
630 3490 837 3555 smculi,
885 3489 1027 3560 quod
1068 3489 1331 3560 signiﬁcat
1381 3487 1548 3542 cauda
1591 3488 1892 3558 serpentis,
1945 3503 2058 3541 ma-

480 3598 640 3655 gnum
670 3583 876 3653 signum
906 3582 1016 3635 ﬁat.
1048 3580 1284 3637 Audistis
1311 3596 1429 3652 qua:
1450 3579 1689 3637 debeatis
1718 3580 2056 3637 desiderare:

481 3674 659 3729 audite
684 3689 800 3743 qua:
825 3671 1065 3727 debeatis
1087 3672 1272 3727 vitare.

551 3764 777 3820 CAPUT
800 3763 1082 3819 PRIMUM.
1102 3764 1481 3819 2.—Primum
1510 3774 1829 3836 praeceptum
1850 3766 1900 3820 in
1920 3765 2059 3835 Lege

480 3854 548 3908 de
577 3852 803 3908 coli-udo
825 3869 929 3907 uno
965 3855 1108 3919 Deo,
1141 3852 1263 3907 Non
1306 3864 1450 3908 erunt
1475 3896 1489 3919 ,
1524 3855 1724 3924 inquit,
1765 3855 1853 3908 tibi
1878 3855 1950 3908 dii
1970 3856 2062 3908 alii

480 3953 662 4015 printer
691 3959 769 3997 me
819 3941 928 4012 (Id.
972 3958 1064 4009 xx,
1110 3942 1191 4014 5).
1222 3942 1397 3997 Prima
1447 3944 1597 4014 plaga
1647 3943 2056 4015 Egyptiorum,

479 4051 615 4106 aqua
645 4050 903 4091 conversa
949 4035 999 4090 in
1032 4035 1339 4105 sanguinem
1370 4034 1483 4108 (Id.
1515 4051 1617 4104 vn,
1643 4034 1758 4107 20).
1796 4034 2060 4105 Compara

480 4130 709 4198 primum
736 4135 1059 4197 praeceptum
1109 4127 1292 4197 primm
1344 4127 1547 4198 plagm;
1598 4128 1762 4182 Deum
1792 4143 1956 4181 unum
1986 4142 2056 4182 ex

481 4234 586 4289 quo
614 4227 737 4273 sunt
766 4219 942 4272 omnia
964 4259 977 4285 ,
1008 4219 1059 4272 in
1088 4219 1433 4274 similitudine
1476 4220 1708 4291 iutellige
1754 4234 1905 4290 aqua:
1924 4261 1939 4287 ,
1987 4234 2057 4274 ex

481 4326 583 4380 qua
608 4316 927 4381 generantur
954 4308 1152 4363 omnia.
1185 4308 1301 4377 Quo
1318 4318 1496 4365 autem
1543 4312 1776 4380 pertinet
1802 4311 2019 4381 sanguis
2038 4353 2053 4378 ,

481 4400 580 4453 nisi
621 4399 685 4451 ad
716 4412 929 4451 carnem
959 4397 1273 4451 mortalem?
1299 4397 1436 4465 Quid
1483 4408 1562 4452 est
1605 4414 1733 4469 ergo
1778 4401 2059 4455 conversio

480 4504 630 4559 aqua:
662 4489 713 4542 in
739 4488 1049 4558 sanguinem
1070 4528 1086 4554 ,
1115 4487 1215 4542 nisi
1240 4490 1360 4558 quia
1380 4489 1701 4544 obscuratum
1720 4500 1792 4546 est
1816 4493 2059 4563 insipiens

480 4596 567 4633 cor
622 4578 836 4633 eorum?
886 4577 1115 4633 Dicentes
1167 4580 1300 4634 enim
1349 4596 1404 4637 se
1449 4597 1558 4635 esse
1604 4583 1875 4652 sapientes,
1918 4586 2059 4638 stulti

482 4670 603 4740 farti
641 4678 803 4724 sunt:
828 4677 871 4723 et
909 4679 1338 4725 commutaverunt
1381 4672 1597 4743 gloriam
1661 4674 2059 4746 incorruptibilis

481 4762 578 4815 Dei
628 4767 681 4816 in
732 4760 1110 4815 similitudinem
1162 4762 1398 4832 imaginis
1451 4765 1790 4834 corruptibilis
1844 4768 2059 4823 honiinis

483 4851 670 4922 (Rom.
719 4867 759 4918 ι,
813 4850 1044 4923 91-25).
1097 4852 1276 4910 Gloria
1320 4855 1736 4926 incorruptibilis
1784 4858 1876 4914 Dei
1923 4862 2061 4917 sicut

543 5009 561 5025 ⁹
577 5009 826 5080 _Sermonis
836 5010 993 5080 octavi
1010 5007 1333 5080 fragmentum
1350 5012 1659 5064 emendatum
1685 5024 1761 5066 est
1783 5018 2062 5080 juvantibus

479 5070 670 5145 duobus
690 5082 738 5144 e_.
758 5080 812 5145 et.
904 5084 947 5119 r.
969 5085 1019 5145 v1
1040 5070 1176 5121 Ulim.
1198 5079 1411 5145 Itan-Lm.
1434 5101 1494 5112 —
1519 5082 1567 5124 it.
1587 5083 1634 5145 P_.
1660 5070 1972 5144 Frangipane,
2011 5070 2059 5134 in

425 5190 431 5195 _
480 5144 633 5195 opere
654 5133 732 5204 cui
756 5130 924 5183 titulus
949 5146 961 5181 :
989 5141 1036 5184 s.
1058 5132 1305 5246 Αιέἓὲδιὺιί
1332 5144 1577 5190 sermones
1596 5138 1763 5191 decem

480 5205 610 5242 nnnn
630 5191 765 5256 editi.
791 5201 948 5256 Romae
967 5207 1047 5244 an.
1075 5195 1097 5244 l
1198 5231 1212 5256 ,
1238 5210 1347 5256 pag.
1375 5198 1499 5256 Ml,
1523 5198 1842 5256 fragmentum
1866 5203 1956 5256 hoc
1985 5208 2059 5256 in-

485 5210 610 5263 mror!
630 5210 765 5248 caus.
791 5210 948 5244 nam
967 5210 1047 5244 an.
1071 5210 1212 5268 gaza,
1238 5210 1347 5261 pag.
1375 5210 1499 5260 1-11,
1523 5210 1842 5264 tragmentum
1866 5210 1956 5256 ιιοο
1985 5210 2060 5257 in-

485 5261 622 5305 venit
664 5253 713 5303 ln
755 5254 922 5305 codice
957 5258 1259 5319 Cassinensl,
1298 5271 1348 5307 n.
1388 5260 1462 5308 17.
1771 5272 1829 5316 η,

544 5582 1006 5662 ςίξὶμξιὲωξειρεςρξὶ
1033 5593 1282 5662 excerpta,
1312 5590 1439 5662 et_lt_i
1455 5598 1559 5662 atas.
1585 5596 1731 5662 {legio
1745 5602 1805 5662 _et
1826 5596 2058 5662 victoriae

482 5654 930 5724 Eperluun:_ttujtts
953 5656 1198 5724 tractatus
1231 5654 1449 5703 meminit
1478 5654 1713 5724 missimus
1743 5659 1791 5706 In
1824 5659 2060 5724 lodicula,

483 5714 585 5768 cap.
628 5707 691 5767 9;
729 5718 780 5758 et
819 5707 1110 5772 Augustinus
1133 5714 1255 5775 ipse,
1279 5728 1428 5779 super
1452 5717 1613 5779 [Ialm
1640 5721 1721 5781 77,
1746 5732 1794 5769 η.
1820 5719 1897 5770 27.

2178 420 2313 476 aqua
2337 447 2353 473 ,
2376 405 2669 463 similitudo
2694 405 2940 478 imaginis
2962 408 3327 478 corruptibilis
3366 407 3601 465 hominis
3627 409 3766 466 sicut

2176 498 2410 568 sanguis.
2442 498 2509 553 Et
2555 497 2658 555 hoc
2684 498 2898 569 quidem
2928 499 2986 554 ﬁt
3012 501 3064 555 in
3093 500 3257 557 corde
3284 500 3587 572 impiarum.
3629 500 3764 556 Nam

2175 588 2317 644 Deus
2366 588 2814 646 incommutabilis
2861 601 3060 648 manet.
3109 591 3297 664 Neque
3351 594 3493 650 enim
3543 595 3667 665 quia
3710 603 3767 648 et

2174 680 2462 750 Apostolus
2508 680 3183 751 dixit,L'ontnmtaverunt,
3240 685 3360 740 idco
3407 693 3640 742 mutatus
3680 696 3763 739 est

2176 771 2339 828 Deus.

2241 887 2472 944 CAPUT
2502 888 2640 944 II.—
2660 890 2714 944 5.
2757 888 3063 947 Secundum
3103 902 3426 965 prmceptum
3448 936 3464 961 ,
3512 891 3635 947 Non
3670 910 3755 947 ac.

2172 978 2327 1047 cipies
2352 994 2530 1033 nomen
2558 977 2767 1034 Domini
2785 979 2884 1035 Dei
2907 983 2981 1035 tui
3007 983 3058 1037 in
3098 998 3283 1037 uanum
3322 982 3519 1053 (Exod.
3559 998 3650 1047 xx,
3676 982 3755 1053 7).

2171 1067 2272 1135 Qui
2298 1069 2439 1122 enim
2465 1070 2657 1139 accipit
2686 1085 2879 1127 nomen
2924 1071 3137 1127 Domini
3188 1073 3281 1127 Dei
3319 1070 3403 1127 sui
3431 1072 3485 1126 in
3523 1086 3756 1137 vanum,

2173 1173 2277 1212 non
2326 1159 2685 1215 mundabitur.
2739 1160 2948 1217 Nomen
3001 1162 3211 1217 Domini
3264 1162 3360 1218 Dei
3409 1163 3580 1217 nostri
3628 1160 3759 1219 Iesu

2170 1249 2367 1305 Christi
2389 1252 2584 1306 veritas
2610 1260 2696 1307 est
2724 1271 2737 1307 ι
2770 1253 2885 1325 ipse
2921 1255 3063 1308 enim
3091 1254 3258 1318 dixit,
3292 1251 3405 1324 Ego
3440 1269 3553 1308 sum
3576 1254 3760 1309 veritas

2170 1342 2349 1412 (Joan.
2378 1359 2483 1409 uv,
2519 1343 2600 1416 ϐ).
2637 1343 2844 1400 Veritas
2881 1361 3009 1416 ergo
3054 1345 3301 1410 mundat,
3338 1346 3545 1401 vanitas
3580 1346 3759 1416 inqui-

2170 1443 2280 1487 nat.
2311 1433 2376 1487 Et
2414 1435 2664 1504 quoniam
2694 1435 2783 1505 qui
2823 1437 3053 1505 loquitur
3094 1438 3402 1500 veritatem,
3437 1436 3504 1491 de
3530 1436 3638 1491 Deo
3678 1436 3757 1490 lo-

2169 1522 2367 1591 quitur,
2397 1524 2484 1593 qui
2510 1525 2650 1577 enim
2678 1525 2913 1593 loquitur
2952 1525 3285 1580 mendacium
3306 1566 3321 1592 ,
3349 1526 3416 1580 de
3444 1542 3541 1580 suo
3585 1526 3760 1594 loqui-

2171 1623 2257 1669 tur
2285 1613 2397 1686 (Id.
2428 1631 2539 1681 vm,
2564 1617 2654 1688 Μ)
2688 1632 2701 1669 :
2728 1618 3005 1672 veritatem
3039 1617 3216 1687 loqui,
3258 1627 3340 1673 est
3368 1617 3757 1672 rationabiliter

2170 1704 2347 1775 loqui;
2376 1705 2663 1761 vanitatem
2699 1716 2877 1762 autem
2915 1707 3089 1778 loqui,
3126 1716 3209 1763 est
3253 1717 3493 1778 strepere
3538 1711 3748 1778 potius,

2167 1809 2325 1865 quam
2353 1796 2494 1866 loqui
2519 1813 2533 1848 :
2558 1796 2784 1863 merito,
2811 1797 2931 1868 quia
2960 1798 3253 1853 secundum
3299 1808 3623 1869 pneccptum
3669 1807 3755 1853 est

2166 1884 2383 1941 dilectio
2412 1887 2651 1942 veritatis
2670 1931 2686 1955 ,
2717 1889 2801 1944 cui
2828 1888 3091 1943 contraria
3120 1899 3200 1942 est
3227 1889 3443 1944 dilectio
3467 1889 3751 1952 vanitatis;

2169 1976 2401 2047 loquitur
2421 1988 2597 2033 autem
2625 1979 2852 2045 veritas,
2880 1980 3163 2049 perstrepit
3187 1981 3393 2033 vanitas
3420 1997 3432 2033 :
3459 1978 3584 2034 huic
3611 1995 3749 2048 prte-

2165 2076 2320 2137 cepto
2341 2069 2575 2123 secundo
2612 2072 2933 2125 contrariam
2975 2070 3148 2125 videte
3201 2070 3489 2126 secundam
3521 2072 3755 2141 plagam.

2165 2156 2295 2224 Qua:
2333 2168 2415 2213 est
2460 2159 2547 2214 illa
2596 2159 2826 2214 secunda
2872 2160 3057 2230 plaga?
3107 2160 3373 2215 [lanarum
3422 2160 3753 2216 abundantia

2168 2247 2362 2319 (Exod.
2381 2265 2492 2315 vui,
2522 2247 2601 2321 6).
2632 2248 2807 2305 Habes
2832 2264 3138 2320 expressam
3167 2251 3515 2320 signiﬁcatam
3538 2252 3760 2305 vanita-

2169 2347 2277 2393 tem
2294 2380 2309 2405 ,
2331 2340 2375 2393 si
2397 2339 2639 2395 attendas
2659 2355 2907 2395 ranarum
2952 2341 3346 2411 loquacitatem.
3379 2340 3513 2396 Vide
3537 2350 3743 2395 amato-

2168 2446 2254 2485 res
2282 2432 2547 2495 veritatis,
2569 2447 2674 2485 non
2695 2431 3016 2501 accipientes
3039 2431 3091 2484 in
3114 2446 3304 2484 vanmn
3326 2445 3521 2485 nomen
3539 2430 3753 2485 Domini

2168 2519 2262 2574 Dei
2288 2520 2398 2587 sui,
2429 2520 2571 2589 loqui
2607 2521 2922 2590 sapientiam
2969 2519 3108 2574 inter
3149 2518 3409 2589 perfectos
3454 2518 3473 2590 (
3494 2518 3511 2571 l
3538 2517 3656 2574 Cor.
3688 2535 3750 2585 u,

2166 2608 2222 2682 6)
2243 2651 2258 2672 ,
2285 2610 2445 2666 etiam
2463 2610 2601 2666 inter
2627 2610 2967 2681 imperfectos
2995 2613 3033 2663 ⁸.
3064 2610 3177 2665 Νοη
3206 2610 3418 2682 quidem
3446 2610 3586 2680 loqui
3607 2610 3751 2681 quod

2166 2714 2357 2770 capere
2382 2715 2486 2755 non
2518 2711 2774 2770 possunt;
2806 2715 2913 2755 non
2941 2711 3115 2755 tamen
3148 2699 3453 2755 recedere'a
3480 2699 3734 2763 veritate,

2168 2800 2223 2846 et
2266 2806 2486 2861 pergere
2529 2792 2581 2845 in
2623 2793 2931 2846 vanitatem.
2961 2791 3217 2859 Quamvis
3257 2791 3400 2845 enim
3452 2789 3748 2860 imperfecti

2169 2898 2274 2937 non
2296 2885 2511 2953 capiunt
2533 2885 2576 2938 si
2604 2884 2730 2954 quid
2761 2884 2918 2953 paulo
2946 2883 3213 2938 excelsius
3240 2883 3397 2939 fuerit
3425 2882 3751 2953 diSputatum

2169 2972 2237 3029 de
2270 2974 2446 3030 Verbo
2472 2976 2562 3030 Dei
2609 2975 2720 3030 Deo
2748 2975 2888 3045 apud
2918 2976 3114 3042 Deum,
3149 2991 3241 3045 per
3269 2974 3408 3045 quod
3460 2976 3595 3029 facta
3627 2984 3753 3030 sunt

2168 3066 2347 3121 omnia
2393 3065 2569 3140 (Joan.
2610 3083 2650 3133 ι,
2686 3067 2820 3138 1-5),
2867 3068 3175 3136 possintque
3203 3081 3392 3136 capere
3431 3064 3572 3136 quod
3613 3066 3755 3120 inter

2170 3173 2264 3213 eos
2291 3159 2522 3227 loquitur
2548 3158 2740 3213 Paulus
2771 3167 3018 3228 tanquam
3050 3158 3188 3212 inter
3216 3157 3468 3227 parvulos
3510 3156 3706 3212 Christi
3731 3196 3747 3221 ,

2167 3247 2350 3303 Jesum
2379 3249 2644 3303 Christum
2667 3291 2682 3315 ,
2732 3257 2787 3303 et
2809 3248 2950 3303 hunc
2974 3248 3286 3303 cruciﬁxum
3323 3245 3380 3320 (l
3403 3245 3527 3303 Cor.
3550 3262 3589 3312 ι,
3618 3246 3748 3318 25);

2170 3356 2275 3395 ηοη
2304 3349 2479 3396 tamen
2512 3342 2595 3395 illa
2618 3351 2700 3396 est
2724 3342 2922 3396 veritas
2952 3352 3004 3397 et
3027 3342 3125 3396 ista
3155 3341 3381 3395 vanitas.
3415 3340 3634 3395 Vanitas
3647 3354 3746 3394 au-

2170 3443 2275 3489 tem
2302 3443 2477 3501 esset,
2499 3428 2839 3488 si'Christum
2877 3443 3100 3488 mortem
3136 3449 3241 3487 non
3282 3430 3584 3502 implevisse
3605 3471 3619 3495 ,
3651 3430 3751 3485 sed

2171 3523 2387 3579 illusisse
2436 3525 2771 3589 dicerem;
2820 3525 2866 3578 si
2908 3525 3127 3579 vulnera
3154 3523 3240 3577 illa
3288 3525 3341 3576 in
3384 3521 3757 3591 pisum

2169 3615 2430 3683 fuisse,si
2472 3623 2783 3687 sanguinem
2836 3633 2939 3670 non
2981 3631 3185 3683 verum,
3217 3614 3312 3670 sed
3354 3611 3753 3669 simulatumde

2168 3709 2475 3766 vulneribus
2494 3695 2801 3774 emanasse;
2834 3708 2880 3763 si
2925 3707 3088 3762 falsas
3121 3722 3245 3762 eum
3285 3706 3595 3773 cicatrices,
3625 3713 3750 3758 tan-

2166 3814 2325 3870 quam
2376 3809 2494 3870 post
2528 3798 2657 3853 falsa
2703 3800 2941 3868 vulnera,
2988 3798 3404 3853 demonstrasse.
3441 3795 3574 3852 Cum
3622 3811 3753 3851 vero

2168 3890 2267 3945 ista
2300 3891 2479 3945 omnia
2525 3907 2649 3946 vera
2686 3890 2947 3955 dicimus,
3007 3888 3144 3943 facta
3193 3888 3440 3952 dicimus,
3470 3894 3752 3950 eerta,ex-

2166 3998 2385 4054 pressar,
2425 3984 2636 4051 impleta
2676 3981 2942 4037 credimus
2983 3989 3039 4036 et
3085 3981 3472 4051 prmdieamus;
3509 3979 3754 4049 quamvis

2165 4074 2234 4130 de
2262 4075 2473 4130 sublimi
2506 4076 2648 4130 illius
2692 4084 2747 4131 et
2791 4075 2859 4130 de
2904 4074 3320 4129 ineommutabiﬁ
3364 4074 3592 4129 veritate
3642 4089 3749 4126 non

2168 4164 2466 4237 loquamur,
2499 4179 2602 4220 non
2634 4173 2809 4221 tamen
2832 4166 2969 4221 imus
2998 4166 3050 4219 in
3081 4165 3387 4219 vanitatem.
3418 4164 3520 4230 Qui
3567 4173 3749 4218 autem

2166 4257 2258 4312 illa
2286 4257 2463 4312 omnia
2492 4257 2543 4310 in
2580 4256 2790 4312 Christo
2814 4256 2945 4311 falsa
2971 4265 3025 4312 et
3065 4256 3311 4310 simulata
3344 4255 3524 4309 dicunt
3546 4297 3561 4322 ,
3606 4270 3754 4309 rana:

2166 4357 2292 4403 sunt
2329 4348 2623 4402 clamantes
2662 4349 2714 4402 in
2764 4347 2993 4417 palude:
3026 4347 3301 4416 strepitqu
3352 4346 3497 4400 vocis
3552 4343 3754 4401 habere

2167 4448 2411 4509 possunt,
2435 4437 2732 4492 doctrinam
2759 4438 3033 4507 sapientia:
3058 4432 3325 4491 insinuare
3362 4452 3467 4488 non
3500 4444 3747 4504 possunt.

2167 4529 2403 4600 Denique
2430 4532 2480 4584 in
2502 4530 2738 4584 Ecclesia
2759 4529 3051 4599 loquuntur
3075 4528 3336 4583 hmrentes
3356 4527 3565 4582 veritati
3596 4525 3753 4581 Veri-

2169 4628 2328 4674 tatem
2362 4635 2456 4689 pcr
2496 4635 2654 4690 quam
2687 4620 2821 4674 facta
2852 4627 2975 4672 sunt
3015 4620 3223 4683 omnia,
3272 4617 3563 4673 Veritatem
3615 4616 3751 4671 V’er-

2167 4712 2291 4766 bum
2317 4728 2531 4768 carnem
2560 4712 2755 4767 factum
2786 4720 2839 4767 et
2868 4712 3191 4766 habitantem
3222 4711 3274 4765 in
3322 4710 3512 4774 nobis;
3538 4708 3747 4763 Verita-

2168 4811 2273 4856 tem
2301 4801 2572 4857 Christum
2596 4811 2773 4857 natum
2797 4801 2866 4855 de
2898 4801 3004 4855 Deo
3025 4842 3038 4865 ,
3073 4816 3236 4855 unum
3281 4799 3348 4855 de
3391 4814 3528 4867 uno,
3557 4799 3747 4869 unige-

2167 4892 2331 4946 nitum
2372 4902 2426 4947 et
2450 4902 2804 4955 emt-ternum;
2838 4890 3124 4945 Veritatem
3153 4898 3367 4959 accepta
3397 4887 3569 4943 forma
3606 4888 3746 4944 servi

2166 4992 2348 5036 natum
2382 4998 2447 5037 ex
2489 4982 2692 5051 virgine
2736 4980 2928 5044 Maria,
2956 4996 3192 5050 passum,
3235 4980 3545 5035 cruciﬁxum
3571 4995 3752 5036 resur-

2165 5082 2412 5143 gentem,
2457 5069 2833 5125 ascendentem
2866 5087 2879 5123 :
2909 5070 3105 5140 ubique
3148 5071 3437 5126 Veritatem
3461 5112 3478 5137 ,
3503 5078 3559 5126 et
3586 5085 3751 5140 quam

2168 5162 2383 5234 perfecti
2410 5162 2651 5231 capiant,
2678 5171 2735 5216 et
2760 5175 2920 5231 quam
2964 5163 3215 5231 parvulus
3261 5175 3456 5231 capere
3492 5171 3664 5230 ροιεει
3691 5163 3749 5227 ι;

2170 5254 2453 5309 Veritatem
2474 5260 2561 5315 ,et
2595 5252 2645 5305 in
2690 5267 2853 5322 pane,
2883 5261 2939 5307 et
2975 5252 3029 5307 in
3062 5254 3226 5317 lacte;
3275 5253 3328 5307 in
3367 5268 3501 5322 pane
3528 5267 3737 5324 magno-

2168 5360 2321 5410 rum,
2370 5344 2422 5399 in
2454 5343 2591 5398 lacte
2637 5344 3001 5414 parvulorum.
3041 5332 3184 5400 Idem
3212 5344 3408 5415 quippe
3458 5344 3645 5415 panis,
3691 5353 3745 5398 ut

2230 5542 2248 5607 ξ
2272 5539 2454 5607 Florus,
2475 5540 2619 5593 etiam
2639 5540 2942 5607 imperfectis.
2966 5550 3066 5607 Duo
3088 5551 3211 5605 Mss,
3234 5541 3378 5595 etiam
3399 5541 3717 5607 iinperfedos.

2231 5603 2253 5635 ⁸
2274 5602 2551 5669 εἰαλειιξηιιοι
2570 5610 2676 5653 Mss.
2701 5602 2759 5654 At
2780 5602 2898 5655 editi
2919 5605 3163 5669 οωίιωιιι.
3196 5602 3244 5655 ἐι
3262 5617 3408 5669 quam
3443 5602 3641 5668 3’"er
3674 5616 3748 5669 σθ’

2166 5661 2331 5726 pinsit;
2353 5661 2651 5731 habentque,
2674 5671 2720 5716 et
2735 5677 2878 5731 quoin
2897 5665 3122 5731 populus
3143 5661 3315 5731 capere
3344 5661 3453 5716 non'
3468 5661 3635 5730 potest.
3663 5663 3732 5714 sb

2169 5725 2244 5775 est
2267 5725 2513 5787 particula,
2538 5725 2646 5787 non,
2672 5739 2698 5775 a
2722 5725 2865 5789 Regio
2886 5725 3066 5778 codice.
