4076 6198
379 302 454 355 εθ
1833 283 1956 338 SE“

2107 287 2234 342 \‘lll.
3581 300 3646 357 το

386 417 471 468 lac
502 408 628 473 fiat,
658 423 754 477 per
776 420 994 461 carnem
1024 401 1296 472 trajicitur.
1321 399 1418 468 Qui
1451 407 1626 453 autem
1659 397 1782 452 huic
1821 396 1964 452 veri-

380 505 479 560 tati
507 499 902 563 contradicunt,
930 495 1057 551 etin
1085 508 1179 548 sua
1199 493 1432 546 vanitate
1448 489 1652 560 decepti
1675 488 1964 558 decipiunt,

378 611 531 650 rana:
575 599 700 646 sunt
751 588 964 642 aedium
1014 582 1299 639 inferentes
1341 582 1576 646 auribus,
1636 595 1740 634 non
1788 580 1964 634 cibum

381 684 670 740 mentibus.
717 676 859 733 Audi
901 674 1132 744 denique
1170 669 1414 726 homines
1458 669 1840 724 rationabiliter
1888 667 1969 721 lo-

383 782 612 844 quentes
643 789 655 823 :
687 767 811 822 Non
857 774 975 820 sunt
1011 762 1222 835 loquela:
1249 777 1405 833 neque
1442 775 1711 823 sermones,
1753 773 1965 828 quarunt

387 883 492 918 non
523 861 792 917 audiantur
829 873 969 912 voces
1018 871 1194 908 eorum
1217 869 1235 908 :
1259 851 1350 906 sed
1403 866 1562 906 voces
1609 865 1712 904 non
1745 849 1962 912 inanes;

385 958 507 1026 quia
536 955 586 1008 in
611 967 810 1007 omnem
839 959 1024 1010 terram
1062 945 1181 998 exiit
1225 959 1377 998 sonus
1415 957 1586 996 eorum
1609 982 1622 1005 ,
1651 949 1699 993 et
1744 939 1795 992 in
1839 939 1963 1007 lines

381 1047 517 1100 orbis
543 1054 692 1098 terra
720 1041 864 1095 verba
885 1053 1059 1093 eorum
1083 1034 1252 1107 (Psal.
1278 1049 1422 1096 xvut,
1454 1032 1569 1102 45).
1606 1030 1662 1085 Si
1692 1038 1868 1084 autem
1909 1037 1964 1082 et

381 1151 540 1192 ranas
571 1135 646 1189 vis
667 1150 698 1189 e
724 1131 994 1199 contrario
1017 1127 1326 1196 intelligere,
1350 1124 1496 1177 illum
1528 1137 1736 1177 versum
1764 1119 1962 1174 Psalmi

379 1229 600 1283 recole:
638 1224 781 1277 Vana
828 1223 980 1276 locuti
1029 1227 1142 1273 sunt
1184 1216 1523 1287 unusquisque
1567 1213 1636 1267 ad
1677 1213 1962 1284 proximum

376 1338 529 1376 suum
559 1318 734 1388 (Psul.
763 1332 836 1383 ιιι,
868 1316 946 1384 5).
1798 1298 1800 1300 ’

452 1409 683 1466 CAPUT
722 1407 902 1462 lll.—
927 1407 979 1459 4.
1025 1402 1262 1458 Tertium
1309 1409 1666 1470 prmeeptum,
1709 1395 1962 1450 Memento

379 1503 520 1556 diem
545 1501 739 1555 sabbati
757 1497 1074 1565 sancti/icore
1094 1510 1205 1548 eum
1231 1491 1426 1566 (Exod.
1449 1507 1541 1555 xx,
1575 1490 1652 1559 8).
1705 1488 1760 1542 In
1806 1488 1962 1542 tertio

377 1593 486 1646 isto
511 1596 780 1661 prmcepto
802 1586 1094 1640 insinuatur
1131 1581 1374 1652 quaedam
1398 1579 1687 1634 vacationis
1711 1577 1953 1642 indictio,

375 1700 504 1754 qua:
534 1691 617 1737 cst
642 1681 819 1736 contis
865 1675 1217 1746 tranquillitas
1259 1689 1322 1728 ac
1368 1673 1582 1737 mentis,
1631 1686 1786 1741 quam
1832 1668 1959 1724 facit

377 1778 526 1831 bona
557 1772 892 1828 conscientia.
943 1767 1017 1823 lbi
1052 1764 1430 1829 sanctificatio,
1463 1762 1588 1832 quia
1625 1761 1695 1815 ibi
1732 1759 1960 1828 Spiritus

377 1868 498 1922 Dei.
530 1865 767 1933 Denique
789 1861 962 1916 videte
996 1857 1326 1913 vacationem
1347 1895 1362 1919 ,
1403 1856 1504 1908 hoc
1549 1861 1650 1915 est,
1702 1851 1954 1921 quietem.

375 1958 550 2026 Super
573 1970 741 2022 quau,
785 1951 972 2020 inquit,
1004 1948 1277 2018 requiescet
1300 1945 1524 2015 Spiritus
1569 1941 1749 1996 meus?
1788 1941 1957 2010 Super

375 2046 620 2100 humilem
672 2052 718 2096 et
755 2042 972 2109 quietura
1018 2049 1067 2092 et
1111 2044 1399 2090 trementem
1448 2033 1594 2087 verba
1638 2047 1748 2086 mea
1807 2029 1955 2102 (Isai.

385 2153 532 2200 un,
561 2133 644 2206 2).
687 2131 909 2201 lnquieti
955 2144 1083 2198 ergo
1110 2127 1352 2182 resiliunt
1392 2125 1459 2180 ab
1496 2124 1696 2194 Spiritu
1739 2131 1955 2189 sancto,

374 2231 618 2282 rixarum
654 2232 952 2286 amatores;
985 2217 1367 2274 Calumniarum
1411 2215 1781 2280 seminatores,
1823 2227 1957 2266 con-

377 2319 632 2373 tentionis
652 2330 809 2386 quam
832 2311 1070 2368 veritatis
1101 2309 1420 2379 cupidiores,
1455 2304 1815 2376 inquietudine
1861 2317 1958 2356 sua

378 2425 486 2462 non
537 2407 604 2460 ad
642 2423 701 2460 sc
743 2404 1030 2458 admittunt
1070 2400 1301 2470 quietem
1350 2397 1554 2452 sabbati
1607 2394 1955 2475 spiritualem.

375 2503 578 2556 Contra
624 2500 842 2552 istorum
885 2492 1304 2564 inquietudinem
1335 2490 1567 2556 dicitur,
1612 2496 1861 2556 tanquam
1902 2493 1959 2539 ut

375 2591 657 2644 sabbatum
689 2588 920 2642 habeant
949 2586 1001 2639 in
1041 2583 1202 2639 corde
1229 2579 1700 2636 sanctilicationem
1729 2576 1957 2645 Spiritus

374 2682 478 2735 Dei
501 2699 513 2732 :
545 2680 682 2742 Esto,
713 2678 900 2748 inquit,
925 2683 1214 2728 mansuetus
1237 2672 1304 2725 ad
1326 2670 1630 2724 audiendum
1653 2668 1876 2733 uerbum,
1905 2675 1958 2719 ut

373 2775 629 2844 intelligas
692 2771 876 2843 (Eccli.
941 2786 1006 2835 γ,
1060 2767 1170 2838 15).
1223 2765 1358 2832 Quid
1387 2764 1750 2818 intellecturus
1803 2764 1957 2817 sum?

373 2867 546 2920 Deum
577 2866 860 2929 dicentem,
891 2860 1051 2917 Cessa
1091 2861 1158 2914 ab
1202 2848 1564 2928 inquietudine
1606 2865 1723 2920 tua,
1755 2869 1862 2909 non
1889 2856 1958 2909 sit

373 2959 637 3011 tumultus
665 2955 877 3025 quidam
905 2954 956 3006 in
985 2951 1148 3008 corde
1175 2959 1288 3015 tuo,
1323 2964 1416 3018 per
1445 2947 1838 3016 corruptionem
1866 2959 1958 2998 vo-

373 3047 652 3103 litantibus
685 3043 1138 3115 phantasmatibus
1167 3050 1221 3096 et
1239 3037 1715 3109 compungentibus
1739 3045 1824 3090 te:
1851 3051 1955 3092 non

370 3143 469 3196 sit.
517 3139 595 3193 Ita
637 3139 780 3193 enim
812 3139 976 3191 Deum
1027 3133 1393 3188 intellecturus
1432 3145 1490 3185 es
1533 3129 1796 3183 dicentem
1830 3127 1954 3193 tibi,

383 3233 592 3294 Vacate,
621 3239 667 3285 et
688 3230 844 3283 videte
868 3228 1104 3297 quoniam
1145 3240 1236 3294 ego
1280 3238 1392 3276 sum
1436 3220 1575 3274 Deus
1603 3220 1622 3290 (
1641 3217 1787 3273 Psal.
1833 3233 1953 3282 XLV,

375 3323 490 3395 11).
524 3324 600 3376 Tu
629 3337 724 3392 per
754 3317 1168 3389 inquietudinem
1199 3329 1389 3368 vacare
1437 3327 1540 3367 non
1589 3311 1688 3376 vis,
1733 3317 1956 3364 conten-

372 3417 585 3469 tionum
629 3424 835 3465 tuarum
885 3409 1228 3477 corruptione
1267 3414 1526 3464 emeatus.
1575 3403 1743 3473 exigis
1777 3401 1957 3456 videre

326 3537 330 3540 -
368 3503 517 3574 quod
553 3519 656 3554 non
686 3511 854 3570 potes.
883 3498 1112 3554 Attende
1144 3497 1285 3551 enim
1317 3505 1370 3550 et
1395 3495 1714 3550 contrariam
1745 3493 1954 3548 tertiam

369 3594 585 3662 plagam
609 3590 731 3644 huic
753 3598 1015 3659 prmcepto
1045 3588 1219 3642 tertio.
1248 3586 1526 3655 Sciniphcs
1567 3592 1704 3640 nata:
1734 3592 1859 3639 sunt
1902 3583 1955 3636 in

371 3696 520 3739 terra
553 3681 766 3753 Egypti
797 3681 869 3735 de
908 3682 1036 3735 limo
1076 3678 1268 3752 (Exod.
1298 3693 1408 3743 vnt,
1441 3678 1560 3746 l7):
1589 3691 1785 3730 muscae
1811 3689 1957 3745 qure-

369 3778 500 3832 dam
549 3786 673 3830 sunt
725 3772 1111 3838 minutissimm,
1169 3769 1608 3838 inquietissimze,
1659 3766 1956 3820 inordinate

370 3870 680 3932 volitantes,
711 3867 764 3920 in
793 3865 976 3920 oculos
1015 3865 1300 3926 irruentes,
1337 3876 1441 3916 non
1466 3861 1832 3930 permittentes
1863 3858 1957 3911 ho-

370 3959 576 4012 minem
622 3958 926 4027 quiescere,
966 3954 1094 4008 dum
1135 3953 1416 4022 abiguntur
1454 3958 1509 4005 et
1552 3951 1776 4016 irruunt,
1830 3950 1953 4003 dum

369 4051 581 4104 abacta:
631 4063 812 4104 rursus
835 4045 1248 4111 redeunt;sicut
1288 4044 1504 4097 omnino
1549 4057 1683 4098 vana
1735 4042 1955 4111 phanta-

370 4152 549 4197 smata
571 4141 747 4196 cordis
771 4140 1242 4196 contentiosorum.
1264 4135 1465 4190 Tenctc
1486 4142 1828 4206 praeceptum,
1855 4151 1946 4188 ea-

373 4243 497 4286 vete
530 4233 755 4302 pingant.

445 4323 674 4378 CAPUT
716 4321 876 4378 IV.—
897 4322 948 4376 5.
978 4321 1230 4388 Quartum
1259 4327 1579 4389 prceceptum
1604 4326 1705 4381 est,
1739 4316 1951 4371 Honora

371 4426 571 4484 patrem
595 4427 757 4480 tuum,
783 4423 830 4467 et
855 4426 1062 4466 matrem
1087 4421 1226 4465 tuam
1265 4409 1374 4483 (Id.
1404 4426 1493 4474 xx,
1532 4408 1641 4482 12).
1672 4410 1803 4464 lluic
1828 4425 1955 4464 con-

375 4508 538 4561 traria
561 4515 748 4576 quarta
777 4505 1147 4575 Egyptiorum
1168 4503 1314 4572 plaga
1342 4515 1567 4569 κυνομυῖα
1595 4509 1675 4555 est
1695 4499 1808 4569 (Id.
1840 4517 1947 4565 vnt,

371 4598 487 4660 2t).
511 4597 650 4662 Quid
678 4605 758 4650 est
779 4594 1038 4663 κυνομυῖαῖ
1059 4593 1259 4648 Caniua
1289 4607 1468 4646 musca
1495 4609 1508 4646 :
1539 4606 1770 4662 graecum
1799 4605 1954 4645 voca-

371 4690 563 4742 luzlum
609 4697 710 4742 est.
759 4685 1018 4741 Caninum
1058 4693 1142 4738 est
1186 4693 1434 4754 parentes
1485 4698 1588 4736 non
1643 4695 1950 4751 agnoscere.

367 4779 521 4834 Nihil
549 4789 653 4832 tam
705 4778 973 4842 caninum,
1020 4791 1176 4846 quam
1226 4790 1348 4830 cum
1392 4774 1467 4828 illi
1515 4773 1604 4844 qui
1636 4787 1950 4844 genuerunt,

370 4889 482 4926 ιιοιι
515 4877 894 4940 agnoscuntur.
944 4867 1132 4922 Merito
1157 4882 1286 4937 ergo
1314 4874 1369 4921 et
1396 4865 1556 4921 catuli
1597 4880 1789 4920 canum
1827 4869 1952 4919 cit-ci

371 4970 689 5015 ιιειεευιιιιιτ.

443 5051 675 5108 CAPUT
717 5051 780 5104 γ.
807 5081 878 5090 —
907 5051 959 5105 6.
1011 5049 1262 5119 Quintum
1301 5060 1621 5120 praeceptum
1674 5056 1792 5112 est,
1835 5047 1954 5102 Non

369 5144 703 5201 miraberis
737 5141 846 5212 (Id.
899 5158 987 5204 xx,
1019 5143 1132 5209 14).
1175 5139 1368 5207 Quinta
1418 5141 1566 5210 plaga
1601 5147 1684 5194 est
1727 5153 1871 5192 mors
1901 5139 1952 5191 in

369 5255 569 5312 pecora
614 5234 983 5308 Egyptiorum
1029 5232 1140 5304 (Id.
1190 5249 1262 5297 ix,
1308 5232 1383 5302 6).
1427 5231 1808 5302 Comparemus
1841 5247 1852 5282 :
1886 5230 1953 5284 da

371 5333 645 5388 hominem
675 5333 692 5364 ¹
727 5325 983 5384 mmehari
1011 5325 1376 5391 meditantem,
1421 5325 1666 5395 conjugio
1694 5339 1796 5378 non
1822 5338 1954 5377 con-

375 5433 580 5477 tentum
616 5435 756 5476 suo:
786 5418 1076 5487 appetitum
1130 5418 1410 5485 quemdam
1451 5416 1626 5470 carnis
1671 5417 1721 5469 in
1760 5431 1818 5470 se
1861 5418 1956 5468 do-

375 5530 526 5568 mare
547 5529 649 5566 non
680 5511 828 5577 vult,
858 5510 949 5580 qui
986 5517 1069 5564 est
1096 5507 1248 5562 nobis
1290 5509 1673 5578 pecoribusque
1720 5523 1876 5563 comn
1899 5521 1956 5560 u-

413 5640 430 5670 ί
467 5637 612 5688 lla-Is
633 5649 699 5712 διε
721 5642 831 5712 ,_ad.
846 5640 1098 5712 hominem.
1123 5640 1350 5706 Idemque
1371 5642 1528 5693 codex
1555 5642 1602 5691 in
1626 5644 1841 5707 margine
1875 5643 1957 5694 ha-

365 5708 458 5758 bet
487 5733 500 5762 ;
535 5717 551 5748 ι
594 5705 693 5766 \‘el,
726 5707 790 5756 da
813 5703 1101 5755 honinem.»

2079 399 2178 453 nis.
2211 402 2422 458 Etenim
2452 411 2803 466 concumbere
2834 421 2883 466 et
2911 429 3185 483 generare,
3214 420 3368 475 etiam
3400 437 3649 492 pecorum

2075 500 2156 544 est
2178 507 2191 556 ;
2216 495 2548 564 ratiocinari,
2581 499 2895 572 intelligere,
2927 505 3210 563 humanum
3232 521 3331 565 est.
3360 513 3480 572 Ideo
3510 523 3652 573 ratio

2074 597 2192 651 qua:
2208 585 2458 652 prtesidet
2485 589 2536 642 in
2566 601 2763 659 mente,
2797 605 2970 650 motus
2997 599 3276 654 inferiores
3302 609 3498 668 carnis,
3526 620 3644 660 tan-

2074 687 2229 740 quam
2257 691 2484 745 regnans
2509 690 2557 734 et
2585 681 2864 738 dominans
2893 687 3100 743 frenare
3123 691 3300 759 debet,
3332 709 3433 749 non
3466 698 3649 752 immo-

2072 761 2254 818 derate
2280 775 2332 820 ct
2356 767 2533 842 illicito
2561 773 2754 840 passim
2778 791 3011 847 vageque
3039 779 3235 837 laxare.
3269 784 3494 856 Ideoque
3518 789 3646 857 ipsis

2071 856 2348 924 pecoribus
2374 870 2556 915 natura
2583 864 2761 918 datum
2801 880 2901 933 est,
2945 871 3255 927 iustituente
3279 856 3550 943 Creatore,
3585 893 3640 931 ιιι

2072 960 2176 999 non
2225 960 2535 1005 moveantur
2577 954 2641 1007 ad
2692 955 2915 1012 feminas
2959 969 3013 1014 ct
3041 962 3107 1016 ad
3151 965 3514 1034 concubitum,
3545 970 3594 1021 ni
3630 971 3644 1024 i

2069 1043 2228 1090 certis
2277 1043 2638 1110 temporibus:
2670 1061 2840 1115 neque
2886 1049 3028 1103 enim
3069 1054 3276 1107 ratione
3323 1070 3381 1110 se
3433 1058 3646 1112 cohibet

2069 1129 2170 1182 alio
2199 1138 2434 1201 tempore
2451 1150 2630 1203 pecus,
2659 1138 2750 1194 sed
2777 1141 2991 1195 omnino
3019 1144 3133 1214 ipso
3155 1156 3296 1200 motu
3327 1147 3644 1219 frigescentc

2070 1224 2337 1290 torpescit.
2370 1225 2540 1281 Homo
2589 1240 2763 1284 autem
2806 1231 2924 1286 ideo
2967 1248 3178 1303 semper
3221 1239 3420 1292 moveri
3446 1248 3640 1308 potest.

2066 1311 2185 1379 quia
2209 1315 2549 1372 ctrcfrenare
2581 1330 2778 1374 motum
2827 1333 3016 1392 potest.
3068 1325 3186 1380 Tibi
3226 1327 3641 1384 dominationem

2066 1404 2285 1460 rationis
2324 1407 2544 1463 Creator
2583 1412 2769 1473 dedit:
2824 1415 2915 1468 tibi
2969 1427 3230 1487 pra‘cepta
3273 1421 3638 1484 continentia‘,

2069 1503 2314 1566 tanquam
2341 1499 2390 1552 in
2421 1499 2618 1557 bestias
2669 1502 2949 1560 inferiores
2979 1507 3108 1571 lora,
3151 1511 3434 1564 concessit.
3465 1511 3644 1566 Tenes

2067 1594 2121 1639 tu
2147 1587 2281 1655 quod
2316 1604 2475 1657 pecus
2498 1608 2600 1645 non
2624 1602 2824 1661 potest;
2854 1604 2906 1649 ct
2930 1596 3048 1650 ideo
3071 1612 3257 1666 speras
3290 1608 3341 1652 tu
3373 1601 3512 1669 quod
3541 1615 3637 1670 pe-

2064 1689 2158 1730 cus
2185 1693 2290 1732 non
2321 1689 2513 1749 potest.
2569 1683 2802 1740 Laboras
2832 1687 3154 1756 aliquantum
3185 1691 3236 1744 in
3284 1693 3637 1759 continendo,

2065 1782 2168 1821 non
2192 1769 2394 1824 laborat
2423 1787 2579 1840 pecus
2605 1792 2616 1826 :
2643 1775 2735 1828 sed
2763 1777 3014 1844 gaudebis
3036 1796 3246 1848 semper
3268 1782 3318 1835 in
3344 1785 3642 1840 :etcrnilate

2063 1856 2126 1910 ad
2157 1873 2314 1927 quam
2346 1876 2446 1914 non
2469 1865 2711 1932 pervenit
2740 1881 2914 1934 pecus.
2946 1867 3000 1922 Si
3031 1885 3163 1938 opus
3191 1872 3402 1941 fatigat,
3432 1889 3636 1927 merces

2062 1949 2365 2004 consoletur
2393 1968 2404 2002 :
2429 1961 2482 2005 et
2512 1952 2621 2022 ipsa
2645 1955 2782 2008 enim
2805 1958 3051 2025 patientia
3079 1969 3158 2012 est
3187 1961 3488 2015 interiorem
3523 1979 3646 2015 mo-

2065 2045 2171 2092 tum
2199 2038 2435 2109 frenare,
2459 2053 2511 2097 ct
2538 2045 2676 2113 quod
2710 2046 2872 2102 habes
2913 2063 3195 2104 commune
3237 2067 3356 2105 cum
3407 2067 3631 2124 pecore,

2063 2144 2166 2183 non
2193 2140 2438 2201 tanquam
2471 2151 2629 2203 pecus
2675 2137 2725 2190 in
2772 2140 2951 2191 omnia
2995 2140 3192 2196 laxare.
3224 2142 3374 2208 Quod
3419 2144 3462 2195 si
3506 2159 3637 2197 con-

2065 2221 2343 2288 tempseris
2371 2231 2438 2285 te,
2468 2230 2521 2275 et
2558 2223 2608 2276 in
2643 2233 2693 2278 tc
2738 2225 3016 2294 imaginem
3048 2228 3170 2280 Dei'
3206 2229 3256 2280 in
3286 2245 3386 2298 qua
3416 2231 3536 2284 fecit
3567 2243 3639 2300 te,

2063 2310 2398 2378 neglexeris,
2445 2313 2611 2367 victus
2656 2316 2941 2385 cupiditate
2990 2319 3373 2374 insinuatarnm
3423 2338 3632 2388 rerum,

2065 2409 2308 2469 tanquam
2337 2403 2535 2457 amisso
2581 2405 2792 2461 homine
2835 2408 2940 2461 eris
2971 2424 3166 2478 pecus;
3198 2426 3300 2465 non
3339 2414 3485 2482 quasi
3513 2429 3642 2468 eon-

2064 2505 2252 2546 versns
2282 2493 2332 2546 in
2361 2502 2598 2549 naturam
2631 2500 2864 2566 pecoris,
2891 2501 2980 2554 sed
3013 2501 3065 2555 in
3097 2502 3325 2556 hominis
3356 2504 3520 2558 forma
3549 2507 3642 2559 ha-

2061 2582 2192 2637 bens
2213 2584 2609 2640 similitudinem
2636 2591 2868 2657 pecoris,
2918 2593 3004 2661 qtti
3035 2609 3138 2646 non
3170 2593 3320 2646 audis
3340 2588 3602 2650 dicentem
3621 2639 3636 2662 ,

2064 2673 2237 2729 Nolite
2259 2692 2364 2730 esse
2389 2677 2518 2731 sicut
2543 2695 2697 2748 equus
2725 2690 2770 2732 et
2795 2681 2988 2744 unt/us,
3023 2699 3120 2736 non
3169 2684 3402 2738 habentes
3437 2686 3638 2739 intelle-

2061 2775 2194 2819 clum
2227 2766 2396 2840 (Psal.
2429 2785 2572 2834 xxxi,
2599 2772 2676 2840 9).
2702 2771 2807 2827 Sed
2843 2774 2974 2828 forte
3003 2777 3153 2845 eligis
3178 2777 3270 2830 tibi
3298 2793 3417 2832 esse
3443 2793 3634 2847 pecus,

2060 2866 2113 2910 et
2139 2857 2300 2912 libera
2327 2862 2499 2930 vagari
2542 2862 2778 2928 libidine,
2811 2865 2949 2917 nulla
2981 2866 3094 2935 lege
3140 2868 3428 2936 appetitum
3459 2870 3634 2922 carnis

2061 2948 2124 3002 ad
2151 2950 2528 3005 continentiam
2563 2954 2898 3008 refrenando.
2934 2957 3162 3012 Attende
3192 2959 3433 3028 plagam:
3467 2962 3508 3014 si
3542 2977 3636 3030 pc-

2060 3055 2152 3095 cus
2182 3057 2299 3096 esse
2325 3058 2428 3097 non
2463 3045 2635 3110 times,
2660 3046 2845 3098 saltem
2869 3048 3002 3101 mori
3032 3048 3158 3103 time
3187 3051 3226 3101 '.

2129 3129 2355 3186 CAPUT
2386 3133 2468 3186 Vl.
2492 3164 2562 3173 —
2583 3136 2632 3186 7.
2673 3135 2888 3190 Sextum
2923 3148 3264 3207 pra'ceptum,
3297 3139 3415 3194 Non
3443 3143 3636 3196 occides

2065 3218 2256 3290 (Exodi
2297 3224 2520 3294 “,15).
2550 3223 2706 3278 Sexta
2753 3225 2938 3296 plaga,
2969 3229 3190 3295 pustula:
3237 3230 3290 3283 in
3326 3245 3546 3299 corpore
3583 3242 3634 3286 et

2059 3310 2250 3365 vesica:
2280 3312 2559 3369 bullientes
2591 3324 2644 3368 et
2671 3317 3038 3383 scatur-iantes,
3080 3329 3132 3373 et
3174 3321 3414 3375 incendia
3454 3325 3638 3377 vulne-

2059 3414 2176 3453 rum
2217 3415 2282 3455 ex
2312 3401 2484 3457 favilla
2511 3403 2740 3460 fornacis
2773 3404 2879 3475 (Id.
2912 3423 2985 3474 tx,
3022 3408 3128 3478 10).
3164 3409 3319 3464 Tales
3361 3422 3483 3466 sunt
3517 3415 3636 3466 aui-

2060 3505 2162 3543 mte
2193 3490 2562 3559 homicidales;
2590 3496 2777 3550 ardent
2807 3497 2904 3560 ira,
2931 3499 3048 3566 quia
3083 3515 3176 3566 per
3207 3501 3334 3553 iram
3365 3501 3633 3557 homicidii

2058 3579 2360 3637 fraternitas
2403 3585 2645 3654 deperiit.
2691 3588 2893 3642 Ardent
2938 3589 3176 3643 homines
3218 3591 3310 3654 ira,
3356 3592 3544 3646 ardent
3582 3603 3637 3648 et

2057 3673 2226 3741 gratia
2259 3690 2272 3724 :
2305 3674 2397 3727 sed
2425 3675 2560 3728 alius
2586 3685 2666 3729 est
2689 3676 2864 3730 fervor
2891 3678 3150 3744 sanitatis,
3183 3679 3318 3733 alius
3350 3679 3527 3736 fervor
3547 3685 3634 3738 ul-

2059 3765 2215 3818 ceris.
2246 3766 2505 3820 Ardentes
2535 3767 2740 3836 papulc
2782 3784 2876 3837 per
2905 3778 3069 3823 totum
3111 3780 3364 3842 concepta
3406 3773 3634 3830 homici-

2058 3855 2144 3910 dia
2184 3867 2408 3924 scatent,
2440 3867 2495 3912 et
2521 3873 2707 3912 sanum
2748 3873 2852 3912 non
2899 3869 2980 3914 cst
3015 3879 3026 3913 :
3060 3860 3250 3928 fcrvct,
3301 3864 3394 3919 sed
3434 3881 3536 3918 non
3567 3866 3636 3919 dc

2058 3946 2258 4018 Spiritu
2284 3949 2396 4003 Dei.
2428 3949 2560 4002 Nam
2587 3959 2639 4003 et
2658 3950 2744 4020 qui
2771 3951 2883 4005 vult
2908 3952 3206 4016 subvenire,
3241 3952 3442 4016 fervet;
3467 3965 3519 4007 et
3543 3957 3630 4022 qui

2057 4040 2167 4094 vult
2199 4040 2464 4106 occidere,
2499 4040 2669 4095 fervet
2699 4060 2712 4095 :
2743 4041 2828 4095 ille
2859 4051 3144 4112 prmcepto,
3174 4044 3271 4096 iste
3300 4045 3513 4108 morbo;
3545 4046 3637 4099 ille

2057 4131 2210 4187 bonis
2239 4132 2506 4201 operibus,
2545 4132 2646 4185 iste
2687 4133 2912 4187 saniosis
2950 4133 3234 4187 ulceribus.
3277 4133 3330 4188 Si
3361 4150 3637 4202 possemus

2055 4223 2234 4277 videre
2253 4222 2456 4275 animas
2481 4220 2880 4287 homicidarum,
2912 4222 3028 4290 plus
3056 4224 3444 4294 plangercmus,
3476 4241 3632 4295 quam

2057 4311 2409 4382 putrescentia
2435 4325 2655 4380 corpora
2682 4311 3056 4366 ulceratorum.

2126 4402 2349 4458 CAPUT
2389 4401 2654 4456 Vll.—8.
2696 4401 2967 4471 Sequitur,
2994 4403 3371 4472 Nonfuraberis
3411 4403 3519 4476 (Id.
3542 4421 3631 4471 xx,

2059 4495 2171 4564 l5),
2196 4503 2515 4563 prmceptum
2546 4493 2828 4561 septimum
2862 4510 2876 4546 :
2905 4504 2958 4548 et
2984 4493 3132 4564 plaga
3161 4496 3406 4563 septima,
3433 4497 3636 4566 grando

2057 4587 2109 4641 in
2140 4585 2391 4640 fructibus
2420 4584 2528 4654 (Id.
2553 4599 2624 4649 Ix,
2648 4583 2740 4649 25,
2772 4585 2888 4656 25).
2919 4584 3068 4651 Quod
3095 4596 3280 4640 contra
3311 4596 3632 4657 praeceptum

2057 4679 2326 4742 subducis,
2358 4677 2425 4731 de
2455 4678 2592 4732 (mlo
2619 4677 2818 4747 perdis.
2842 4677 3007 4730 Nemo
3027 4677 3168 4732 enim
3195 4678 3352 4734 habet
3379 4679 3633 4749 injustam

2059 4769 2262 4823 lucrum
2293 4768 2408 4821 sine
2439 4769 2583 4836 justo
2611 4767 2825 4820 damno.
2863 4767 3019 4821 Verbi
3060 4768 3248 4837 gratia,
3280 4769 3369 4837 qui
3405 4768 3630 4833 furatur,

2057 4862 2282 4930 acquirit
2322 4869 2555 4925 vestem;
2596 4859 2689 4914 sed
2733 4859 2937 4914 cmlesti
2966 4859 3170 4928 judicio
3215 4862 3408 4916 amittit
3451 4861 3629 4916 fidem.

2061 4950 2158 5005 Ubi
2189 4951 2413 5015 lucrum,
2447 4949 2518 5001 ibi
2557 4949 2845 5013 damnum;
2893 4949 3167 5004 visibiliter
3192 4949 3413 5015 lucrum,
3447 4950 3631 5005 invisi-

2059 5041 2236 5096 biliter
2253 5041 2503 5094 damnum
2534 5057 2546 5092 :
2578 5039 2780 5092 lucrum
2809 5039 2876 5094 de
2898 5055 2990 5094 sua
3013 5040 3266 5103 cmcitate,
3293 5039 3540 5094 damnum
3566 5042 3632 5095 de.

2061 5132 2269 5188 Demini
2310 5131 2468 5185 nube.
2511 5130 2692 5199 Neque
2727 5130 2866 5182 enim
2909 5128 3103 5198 aliquid
3134 5129 3246 5183 sine
3282 5129 3633 5198 providentia,

2059 5223 2379 5280 charissimi.
2405 5224 2507 5276 Ant
2535 5238 2658 5276 vere
2681 5221 2918 5290 putatis’,
2941 5237 3001 5275 ea
3023 5237 3139 5291 qua:
3166 5223 3436 5291 patiuntur
3461 5224 3633 5280 hcmi-

2062 5331 2176 5380 nes,
2209 5313 2505 5368 dormiente
2539 5315 2644 5366 Deo
2673 5313 2821 5381 pati?
2849 5312 3051 5366 Passim
3079 5313 3323 5367 videntur
3354 5313 3465 5367 ficri
3496 5313 3634 5378 luce,

2064 5407 2230 5463 nubes
2269 5406 2464 5476 colligi,
2508 5405 2706 5460 imbres
2735 5404 2954 5468 inftmdi,
2991 5405 3300 5475 grandinem
3333 5404 3458 5472 jaci,
3491 5406 3630 5460 toni-

2125 5523 2152 5592 ί.
2167 5521 2238 5571 sic
2255 5521 2350 5570 duo
2373 5527 2478 5570 Mss.
2504 5527 2558 5569 Αι
2583 5521 2716 5578 editi,
2741 5525 3076 5582 contrmpsens
3097 5522 3142 5566 te
3164 5513 3212 5566 in
3235 5523 3296 5577 te,
3319 5523 3362 5567 et
3384 5515 3634 5582 itmlgilttitn

2065 5591 2302 5706 ῃῗἘιξίιὶε
2328 5643 2375 5692 si
2399 5655 2542 5706 pecus
2563 5655 2631 5706 es,
2657 5653 2747 5688 non
2769 5639 2941 5706 times;
2965 5639 3130 5689 saltem
3154 5638 3275 5689 mori
3299 5639 3392 5690 tint-
3407 5653 3444 5689 s.

2129 5707 2149 5740 ⁸
2175 5704 2307 5754 Ethti:
2341 5701 2422 5753 aut
2446 5701 2630 5754 evenire
2654 5703 2843 5765 putatis.
