4076 6198
334 224 339 231 ’
401 271 457 325 τι
1599 252 1655 306 s.
1700 249 2066 306 .iucusrtxt
2105 250 2407 308 EPISILOI'l
2850 240 2859 247 '
3600 253 3669 311 is

393 379 532 438 truis
570 387 764 434 terram
811 369 1042 437 concuti,
1095 364 1464 422 coruscatione
1512 361 1734 426 terreri;
1775 360 1973 430 passim

395 478 648 543 putantur
680 465 812 526 fieri,
842 473 894 518 et
924 459 1074 532 quasi
1100 458 1166 512 ad
1192 456 1423 512 divinam
1452 452 1837 525 providentiam
1869 467 1976 543 non

395 541 685 634 pertinere.
726 556 920 610 Contra
951 550 1084 605 tales
1126 547 1475 618 cogitationes
1506 545 1686 613 vigilat
1714 544 1805 598 ille
1837 541 1977 613 psal-

396 669 516 710 mus
546 670 560 706 :
587 648 814 703 Laudate
848 643 1122 697 Dominum
1146 640 1223 695 'de
1259 648 1392 693 terra
1431 639 1574 708 (cum
1615 636 1798 692 laudes
1823 634 1980 691 dicta:

395 754 579 802 essent
629 741 698 796 de
749 737 932 809 caelo),
982 736 1223 789 dracones
1268 741 1317 786 et
1354 747 1525 786 omnes
1579 729 1768 800 abyssi,
1822 727 1976 797 ignis,

397 835 615 909 grando,
657 831 766 895 nix,
808 828 1014 900 glacies,
1059 824 1266 895 spiritus
1294 821 1615 889 tempestatis,
1644 834 1758 889 qua:
1782 817 1979 887 faciunt

397 907 599 981 uerbum
625 924 732 994 ejus
763 918 931 992 (Psat.
963 931 1179 979 cxcvm,
1212 915 1242 967 7
1270 921 1314 968 et
1339 912 1414 982 8).
1437 912 1573 981 Ergo
1597 910 1684 980 qui
1712 924 1811 964 suo
1842 907 1982 962 malo

402 1015 667 1074 desiderio
700 1011 1002 1066 forinsecus
1043 1006 1304 1068 furantur,
1342 1002 1487 1073 justo
1538 1000 1631 1054 Dei
1655 998 1857 1070 judicio
1896 997 1981 1051 in-

403 1109 663 1164 trinsecus
687 1100 1087 1174 grandiuantur.
1120 1097 1163 1149 0
1188 1094 1233 1148 si
1261 1100 1479 1164 possent
1504 1090 1768 1161 inspicere
1796 1101 1980 1157 agrum

402 1196 579 1254 cordis
607 1194 709 1258 sui,
738 1190 976 1261 profecto
1004 1186 1267 1257 lugerent,
1294 1182 1420 1237 dum
1447 1182 1519 1236 ibi
1548 1195 1655 1235 non
1683 1178 1986 1234 invenirent

405 1287 544 1360 quod
567 1286 621 1341 in
646 1300 708 1340 os
730 1281 920 1338 mentis
947 1280 1250 1340 mitterent;
1278 1275 1377 1329 etsi
1403 1275 1455 1328 in
1486 1271 1628 1326 furto
1657 1285 1754 1326 suo
1777 1268 1984 1360 inveni-

404 1358 526 1437 rent
552 1377 693 1450 quod
732 1375 784 1429 iu
818 1372 1124 1428 aviditatem
1158 1367 1361 1423 ventris
1386 1366 1675 1429 mitterent,
1706 1361 1876 1430 major
1901 1358 1984 1415 fa-

406 1488 522 1529 mes
546 1475 688 1524 esset
707 1464 937 1519 hominis
966 1460 1255 1524 interioris,
1287 1456 1455 1526 major
1481 1453 1666 1519 fames,
1697 1461 1753 1507 et
1777 1451 1987 1520 perieu-

407 1564 573 1619 losior
601 1559 771 1629 plaga,
790 1565 844 1611 et
863 1553 1079 1625 gravior
1100 1564 1263 1605 mors.
1294 1547 1444 1603 Multi
1473 1544 1665 1599 mortui
1692 1542 1986 1606 ambulant,

409 1665 464 1711 ct
493 1651 643 1709 multi
664 1646 946 1704 facinerosi
970 1644 1036 1699 de
1053 1641 1204 1697 vanis
1224 1639 1419 1694 divitiis
1439 1636 1727 1692 exsultant.
1752 1633 1992 1701 Denique

410 1759 621 1801 servum
652 1741 745 1796 Dei
776 1738 1049 1806 Scriptura
1093 1734 1237 1788 intus
1288 1728 1608 1798 locupletem
1654 1724 1784 1779 dicit
1815 1741 1829 1775 :
1862 1723 1992 1776 Abs-

411 1835 662 1895 conditus,
691 1828 879 1900 inquit,
922 1824 1088 1879 cordis
1112 1821 1260 1875 vestri
1285 1821 1454 1883 homo,
1483 1816 1569 1883 qui
1587 1825 1659 1870 est
1685 1824 1802 1868 ante
1826 1811 1994 1867 Deum

412 1927 546 1981 dives
591 1924 631 1997 (l
660 1921 800 1976 Petr.
834 1934 912 1984 ill,
943 1913 1036 1988 ψ
1081 1913 1196 1969 Non
1234 1920 1358 1965 ante
1401 1908 1646 1963 homines
1684 1902 1995 1997 dives,_sed

414 2030 532 2073 ante
558 1994 719 2070 Deum
749 2012 919 2074 dives;
955 2016 1011 2063 et
1048 2006 1139 2061 ubi
1180 1999 1321 2059 Deus
1348 2001 1516 2066 videt,
1561 1999 1635 2054 ibi
1664 1998 1831 2053 dives.
1855 1994 1996 2063 Quid

413 2126 542 2180 ergo
571 2107 660 2160 tibi
691 2103 927 2175 prodest,
964 2099 1010 2154 si
1039 2097 1128 2152 ubi
1166 2095 1328 2151 homo
1352 2108 1460 2149 non
1497 2090 1660 2157 videt,
1687 2088 1914 2153 feraris;
1941 2096 1999 2142 et

414 2201 505 2257 ubi
532 2201 671 2254 Deus
700 2195 861 2258 videt,
893 2188 1266 2262 grandinaris?

485 2287 708 2347 CAPUT
743 2285 874 2340 Vill.
901 2312 972 2323 ——
996 2281 1050 2337 9.
1091 2281 1347 2334 Octavum
1386 2282 1742 2346 prmeeptnm,
1785 2269 2000 2325 Falsum

418 2380 753 2437 testimonium
790 2392 889 2429 non
932 2373 1067 2426 dices
1097 2367 1293 2439 (Exod.
1330 2381 1427 2431 xx,
1462 2363 1573 2436 16).
1602 2362 1799 2418 Octava
1827 2359 2008 2430 plaga,

418 2476 620 2531 locusta
652 2467 762 2539 (Id.
794 2482 848 2532 x,
880 2462 990 2534 15),
1037 2460 1231 2515 animal
1261 2458 1420 2512 dente
1456 2454 1694 2509 noxium.
1734 2450 1869 2519 Quid
1901 2465 2000 2504 au-

420 2577 528 2622 tem
563 2563 677 2618 vult
701 2558 865 2614 falsus
896 2554 1072 2617 testis,
1101 2551 1202 2605 nisi
1234 2562 1429 2603 nocere
1450 2542 1762 2607 mordenda,
1792 2550 1845 2596 et
1869 2555 2001 2596 con-

420 2668 632 2713 sumere
661 2645 1002 2706 memiendo?
1031 2643 1268 2711 Denique
1305 2639 1600 2695 admonens
1629 2635 1873 2690 homines
1908 2632 2001 2689 Dei

422 2743 732 2816 Apostolus,
776 2753 843 2793 ne
870 2752 929 2792 se
957 2734 1106 2789 falsis
1132 2728 1594 2787 criminationibus
1626 2735 1878 2796 appetant
1903 2744 1917 2780 :
1941 2723 2003 2780 Si

421 2835 679 2898 mordetis,
718 2828 908 2899 inquit,
941 2821 984 2880 et
1014 2823 1273 2878 comeditis
1302 2821 1533 2887 invicem,
1561 2818 1721 2873 videte
1750 2833 1812 2871 ne
1835 2816 1899 2870 ab
1918 2817 2003 2870 in-

421 2928 575 2981 vicem
596 2918 959 2977 consnmmnini
985 2914 1177 2988 (Colat.
1209 2928 1265 2977 v,
1294 2910 1404 2982 15).

493 3011 717 3071 CAPUT
759 3006 1050 3066 ΙΧ.-10.
1090 3004 1299 3059 Nonum
1332 3008 1677 3071 praeceptum,
1718 2997 1839 3053 Non
1879 3013 2004 3051 cono

421 3109 645 3179 cupisces
690 3117 895 3158 uxorem
935 3096 1152 3166 proximi
1201 3094 1272 3148 tui
1317 3090 1513 3158 (Exod.
1560 3107 1654 3155 xx,
1704 3088 1816 3160 17).
1856 3087 2004 3142 Nona

426 3200 597 3269 plaga,
625 3195 804 3249 densa:
845 3189 1076 3244 tenebras
1117 3183 1229 3257 (Id.
1260 3199 1315 3250 x,
1345 3181 1460 3251 22).
1494 3181 1703 3235 Etenim
1732 3189 1813 3234 est
1855 3192 2005 3248 quac-

425 3293 546 3344 dam
585 3285 836 3349 mmehia,
890 3289 1076 3335 contra
1121 3292 1279 3348 quam
1322 3289 1482 3344 supra
1532 3280 1853 3343 praeceptum
1901 3279 2003 3337 est,

427 3382 585 3435 ctiam
618 3379 670 3432 in
697 3390 804 3430 non
831 3368 1126 3441 appetenda
1151 3367 1393 3421 castitate
1413 3363 1590 3417 uxoris
1614 3363 1801 3416 aliena:
1819 3362 1857 3414 ί.
1886 3360 2011 3415 Μω-

426 3472 560 3527 chus
581 3476 663 3523 est
690 3465 833 3521 enim
861 3461 951 3531 qui
982 3473 1088 3515 non
1118 3458 1159 3512 it
1182 3455 1250 3511 ad
1278 3470 1499 3510 uxorem
1525 3453 1775 3517 alienam,
1804 3458 2009 3504 tantum

425 3565 548 3633 quia
579 3576 683 3616 non
709 3561 993 3613 contentus
1018 3560 1103 3607 est
1140 3564 1256 3603 sua.
1273 3547 1391 3605 iam
1405 3559 1532 3600 vero
1561 3558 1670 3598 non
1694 3542 1865 3598 solum
1891 3548 2013 3611 post

428 3668 579 3709 suam
622 3661 868 3720 peccare,
920 3641 1017 3698 sed
1072 3640 1233 3717 etiam
1281 3639 1507 3690 alienam
1550 3640 1834 3699 attentare,
1885 3645 2012 3686 vere

428 3745 608 3799 densa:
641 3746 764 3793 sunt
803 3734 1056 3791 tenebrae.
1106 3728 1250 3784 Nihil
1285 3726 1428 3781 enim
1474 3725 1552 3779 sic
1588 3723 1734 3778 dolet
1762 3724 1814 3777 iu
1851 3720 2015 3776 corde

428 3830 710 3906 patientis;
738 3835 792 3881 et
817 3824 906 3894 qui
935 3823 1037 3876 hoc
1064 3818 1192 3874 facit
1227 3817 1403 3881 alteri,
1434 3814 1566 3868 nihil
1607 3814 1686 3867 sic
1710 3813 1853 3868 volet
1880 3810 2009 3881 pati.

431 3927 511 3984 Ad
534 3925 763 3979 alienam
794 3916 1029 3989 paratior
1056 3921 1139 3968 est
1163 3910 1339 3966 omnis
1364 3909 1525 3962 homo
1552 3923 1565 3959 :
1592 3906 1693 3960 hoc
1714 3913 1892 3959 autem
1923 3918 2016 3957 ne-

432 4019 544 4076 scio
565 4026 813 4071 utrumne
851 4016 935 4065 est
958 4005 1049 4076 qui
1089 4001 1434 4059 tolerabiliter
1463 3996 1616 4052 ferat.
1647 3994 1691 4050 0
1718 3994 1912 4050 densas
1937 4001 2017 4049 te-

432 4109 628 4167 nebras
666 4106 766 4159 ista
792 4099 1116 4161 facientium,
1156 4094 1278 4149 talia
1318 4088 1844 4160 concupiscentium!
1877 4084 2015 4141 Vere

435 4206 766 4259 excaecantur
811 4195 991 4248 furore
1032 4187 1294 4243 horribili.
1343 4185 1516 4240 Furor
1551 4183 1692 4239 enim
1730 4180 2016 4235 indomitus

437 4300 541 4360 est,
564 4284 912 4344 conculcare‘
938 4280 1036 4334 viri
1067 4292 1307 4332 uxorem.

505 4379 730 4437 CAPUT
765 4377 835 4432 Χ.
860 4404 932 4416 ——
957 4373 1039 4428 ll.
1085 4371 1356 4424 Decimum
1384 4374 1728 4437 praeceptum,
1758 4363 1879 4419 Non
1898 4380 2017 4418 con-

437 4476 661 4547 cupisces
688 4471 847 4525 ullam
872 4482 979 4522 rem
1000 4462 1218 4533 proximi
1242 4461 1349 4527 tui;
1374 4475 1474 4513 non
1497 4474 1667 4528 pecus,
1696 4473 1798 4511 non
1823 4473 2018 4526 posses-

438 4570 650 4629 sionem,
679 4578 780 4616 non
824 4553 1164 4628 subjugium',
1205 4569 1306 4607 non
1345 4549 1536 4620 aliquid
1565 4548 1767 4601 omnino
1802 4547 2018 4617 proximi

441 4659 516 4714 tui
542 4652 863 4722 concupisces
894 4645 1085 4720 (Exod.
1109 4660 1210 4709 xx,
1241 4644 1350 4712 17).
1385 4640 1516 4695 Huic
1550 4640 1689 4693 malo
1719 4638 1866 4709 plaga
1890 4653 2022 4692 con.

444 4748 602 4805 traria
627 4754 711 4801 est
729 4742 958 4806 decima,
982 4750 1128 4792 mors
1156 4732 1621 4804 primogenitorum
1649 4728 1760 4798 (Id.
1784 4744 1880 4794 xn,
1901 4726 2019 4800 29).

443 4840 501 4895 lu
527 4850 630 4907 qua
670 4834 823 4904 plaga
852 4844 974 4886 cum
1018 4824 1468 4894 comparationem
1507 4819 1790 4890 quamdam
1815 4834 2019 4888 quacro,

442 4930 577 4987 nihil
599 4926 727 4983 mihi
754 4922 969 4979 interim
994 4916 1225 4974 occurrit
1251 4932 1265 4968 :
1294 4912 1535 4969 fortassis
1563 4920 1810 4966 occurrat
1832 4910 2022 4966 melius

444 5021 856 5092 diligentiusque
884 5009 1301 5080 inquirentibus:
1326 5004 1427 5059 nisi
1457 5003 1546 5073 qui
1568 5016 1755 5058 omnes
1783 5016 1870 5057 res
1889 5014 2022 5070 quas

445 5112 607 5168 habet
641 5106 943 5164 hmredibus
982 5107 1176 5164 servat,
1232 5094 1660 5166 reprehenditur.
1709 5092 1806 5147 llic
1844 5100 2023 5147 autem

434 5203 660 5264 clamat,
689 5196 782 5266 qui
812 5208 925 5249 rem
955 5178 1181 5260 proximi
1208 5186 1554 5256 concupiscit,
1576 5194 1630 5239 et
1651 5184 1740 5253 qui
1765 5182 1907 5238 furto
1929 5198 2025 5237 au-

437 5286 567 5360 fert,
606 5301 662 5348 et
686 5288 777 5360 qui
812 5286 1015 5342 furatur
1041 5280 1240 5350 aliquid
1279 5278 1525 5348 proximi,
1571 5292 1674 5330 non
1706 5282 1882 5346 potest
1922 5274 2023 5328 nisi

508 5431 523 5459 ¹
555 5428 731 5491 Regius
759 5433 862 5484 Ms,
900 5418 1045 5471 etiam
1087 5420 1241 5467 meme
1263 5425 1357 5463 non
1384 5411 1705 5476 appetendam
1741 5409 2024 5471 castitatem,

447 5501 543 5543 etc.

509 5556 528 5617 ξ
553 5558 653 5617 ῃῃο
676 5556 804 5617 MSS".
826 5540 1193 5617 commcylare.
1212 5599 1456 5617 “Anu-nm“.
1508 5596 1612 5617 ..ηις

507 5596 1000 5722 ;_i'iiui.,subrgium.
1039 5613 1172 5667 Lov.,
1204 5599 1474 5665 subjugum.
1508 5596 1675 5649 Melius
1698 5604 1798 5647 Par.
1823 5602 1875 5647 et
1894 5601 2025 5656 3155.,

448 5687 506 5725 su
530 5684 738 5736 )ugmm.

2088 375 2198 415 rem
2229 363 2455 431 proximi
2492 363 2675 418 furari.
2705 365 2812 419 Sed
2841 365 2906 421 de
2943 365 3370 437 furto-superius
3388 369 3498 439 jam
3527 387 3667 441 pra:-

2085 462 2297 522 ceptum
2327 462 2438 517 est;
2470 455 2558 510 ubi
2588 456 2852 525 intelligas
2893 465 2948 512 et
2987 458 3249 527 rapinam.
3290 457 3407 515 Non
3431 462 3572 516 enim
3599 459 3668 518 de

2087 540 2229 598 furto
2257 544 2584 615 praeciperet,
2619 556 2673 602 et
2697 547 2766 602 de
2791 548 2973 616 rapina
3005 557 3205 604 taceret
3232 548 3526 621 Scriptura,
3568 554 3668 608 nisi

2090 644 2144 689 te
2176 635 2470 707 intelligere
2497 639 2775 701 voluisset,
2804 641 2926 709 quia
2965 640 3011 694 si
3056 642 3269 711 ptenale
3306 651 3390 697 est
3429 643 3670 700 clanculo

2087 725 2318 791 auferre,
2357 729 2527 783 multo
2555 730 2772 799 majoris
2814 745 2986 800 pinna:
3019 741 3103 786 est
3143 732 3402 787 violenter
3439 733 3667 802 eripere.

2089 816 2317 873 Auferre
2335 834 2462 890 ergo
2476 820 2676 875 nolenti
2695 819 2772 891 (a)
2788 821 2900 877 sive
2915 822 3143 889 occulte,
3159 823 3274 878 sive
3294 824 3490 893 palam,
3513 824 3673 878 habet

2092 918 2417 979 praeceptum
2455 926 2632 965 suum.
2661 911 3051 982 Concupiscere
3077 923 3251 969 autem
3280 929 3391 968 rem
3422 914 3669 983 proximi,

2089 998 2233 1068 quod
2263 1009 2410 1055 notat
2442 1002 2580 1056 Deus
2602 1002 2651 1055 iu
2678 1002 2860 1068 corde,
2895 1002 3106 1058 etiamsi
3129 1003 3327 1072 justam
3356 1004 3426 1058 ibi
3454 1019 3671 1060 succes-

2092 1092 2297 1147 sionem
2339 1107 2568 1163 qumras,
2609 1108 2716 1148 non
2759 1094 2902 1150 licet.
2946 1092 3183 1165 Denique
3225 1095 3317 1163 qui
3361 1095 3543 1149 volunt
3585 1110 3674 1151 res

2091 1182 2293 1237 alienas
2320 1191 2567 1253 tanquam
2585 1184 2728 1253 justo
2753 1183 3048 1253 possidere,
3079 1184 3319 1240 lueredes
3348 1198 3409 1239 se
3432 1194 3677 1254 quierunt

2094 1275 2207 1328 fieri
2239 1289 2268 1328 a
2308 1276 2685 1330 morientibus.
2726 1277 2861 1345 Quid
2888 1278 3031 1332 enim
3066 1285 3172 1331 tam
3211 1277 3412 1348 justum
3447 1276 3672 1344 videtur,

2094 1380 2253 1434 quam
2276 1381 2388 1420 rem
2406 1367 2506 1422 sibi
2531 1367 2838 1422 derelictam
2858 1369 3152 1438 possidere,
3176 1368 3505 1439 haberejure
3524 1382 3671 1423 com-

2095 1457 2278 1511 muni?
2307 1458 2444 1525 Quid
2476 1460 2613 1528 apud
2642 1469 2692 1514 te
2718 1460 2843 1515 facit
2862 1461 3056 1515 homo?
3082 1461 3369 1517 Dimissum
3397 1473 3477 1517 est
3503 1461 3633 1515 mihi
3658 1480 3671 1515 :

2096 1546 2408 1603 haereditate
2435 1558 2755 1605 consecutus
2775 1564 2924 1616 sum;
2968 1560 3337 1609 testamentum
3370 1554 3509 1624 lego.
3533 1553 3675 1609 Nihil

2097 1638 2307 1693 videtur
2339 1638 2536 1709 justius
2581 1643 2680 1695 ista
2716 1657 2846 1697 voce
2888 1644 3141 1699 araritite.
3185 1644 3265 1700 Tu
3302 1645 3484 1700 laudas
3525 1647 3677 1715 quasi

2093 1727 2212 1797 jure
2232 1730 2595 1799 possidentem
2620 1750 2632 1784 :
2666 1732 2803 1786 Deus
2829 1733 3047 1788 damnat
3076 1736 3271 1806 injuste
3293 1737 3676 1806 concupiscen-

2101 1827 2228 1876 tem.
2277 1818 2405 1873 Vide
2451 1822 2622 1890 qualis
2664 1837 2744 1887 es,
2791 1824 2881 1893 qui
2926 1832 3078 1893 Optas
3128 1835 3178 1880 te
3224 1827 3292 1882 ab
3342 1828 3521 1898 aliquo
3566 1827 3678 1883 hce-

2101 1906 2282 1962 redem
2326 1910 2460 1963 fieri.
2492 1910 2609 1965 Non
2638 1912 2716 1966 vis
2743 1922 2800 1966 ut
2838 1913 3030 1969 habeat
3060 1915 3318 1971 hrcredes.
3349 1916 3409 1971 In
3448 1917 3678 1973 haeredi-

2103 1997 2202 2054 bus
2221 2009 2399 2054 autem
2426 2002 2557 2057 nihil
2583 2003 2797 2059 charius
2825 2007 3198 2077 primogenito.
3229 2008 3460 2065 Proinde
3489 2011 3542 2064 in
3568 2012 3681 2081 pri-

2101 2092 2382 2161 mogenitis
2400 2094 2503 2147 tuis
2522 2095 2781 2163 punieris,
2800 2097 2889 2166 qui
2911 2098 3338 2168 concupiscendo
3350 2116 3439 2156 res
3454 2102 3677 2167 alienas,

2102 2180 2157 2235 id
2193 2181 2334 2251 quod
2365 2183 2456 2238 tibi
2485 2184 2606 2254 jure
2637 2200 2742 2238 non
2762 2185 3073 2253 debebatur,
3113 2190 3261 2258 quasi
3286 2190 3423 2259 juris
3451 2192 3642 2246 umbra
3663 2194 3680 2224 ί

2103 2273 2388 2343 perquiris.
2440 2275 2507 2328 Et
2540 2273 2694 2329 facile
2712 2285 2797 2330 est
2818 2277 3053 2346 quidem,
3091 2277 3301 2344 fratres,
3333 2281 3685 2350 corporaliter

2103 2365 2347 2420 amittere
2365 2366 2763 2438 primogenitos.
2793 2368 3088 2423 Moriuntur
3106 2371 3252 2425 enim
3278 2369 3544 2438 homines,
3573 2372 3686 2427 sive

2103 2465 2228 2511 ante
2252 2465 2503 2525 parentes
2528 2471 2675 2524 suos,
2706 2457 2818 2512 sive
2843 2467 2964 2527 post
2993 2470 3242 2528 parentes
3267 2473 3415 2527 suos,
3444 2461 3687 2515 morituri

2106 2549 2405 2603 moriuntur
2435 2565 2449 2603 :
2479 2548 2609 2603 illud
2654 2549 2937 2603 molestum
2973 2557 3074 2616 est,
3121 2566 3189 2605 ne
3222 2565 3320 2621 per
3349 2550 3484 2607 hanc
3506 2552 3687 2606 occul-

2108 2646 2214 2694 tam
2244 2648 2297 2695 et
2334 2640 2580 2709 injustam
2606 2640 3087 2709 concupiscentiam
3113 2640 3464 2711 primogenita
3505 2640 3685 2697 cordis

2109 2730 2183 2784 tui
2230 2728 2439 2799 perdas.
2488 2729 2881 2800 Primogenitus
2923 2731 3067 2785 enim
3109 2731 3164 2785 in
3214 2731 3365 2786 nobis
3407 2732 3687 2802 imaginem

2108 2819 2281 2875 habet
2318 2820 2501 2890 gratia:
2554 2821 2672 2887 Dei,
2714 2835 2881 2876 novus
2922 2830 3100 2886 natus,
3139 2822 3284 2892 prior
3327 2831 3500 2889 natus,
3551 2822 3690 2878 inter

2109 2925 2298 2966 omnes
2325 2921 2576 2981 tanquam
2597 2921 2749 2967 natos
2778 2912 2956 2968 cordis
2982 2914 3151 2969 nostri
3181 2914 3532 2983 primogenita
3557 2912 3692 2970 fides

2109 3014 2212 3059 est.
2239 3003 2406 3059 Nemo
2431 3005 2570 3059 enim
2603 3006 2741 3060 bene
2781 3014 3051 3075 operatur,
3097 3005 3200 3060 nisi
3235 3004 3368 3061 ﬁdes
3399 3019 3691 3075 praeesse--

2111 3096 2199 3151 rit.
2239 3095 2428 3151 Omnia
2459 3110 2620 3165 opem
2659 3104 2747 3150 tua
2787 3096 2926 3151 bona
2958 3097 3052 3150 lilii
3083 3097 3156 3151 tui
3199 3104 3323 3151 sunt
3361 3095 3688 3167 spirituales,

2112 3186 2209 3242 sed
2234 3186 2373 3241 inter
2397 3186 2496 3241 hos
2521 3186 2614 3240 tibi
2648 3188 2996 3257 primogenita
3015 3198 3098 3243 est
3121 3186 3273 3243 fides.
3295 3187 3542 3257 Quisquis
3576 3200 3689 3242 rem

2112 3276 2340 3330 alienam
2388 3277 2599 3331 occulte
2643 3278 2994 3346 concupiscis,
3028 3277 3248 3334 interius
3290 3278 3450 3334 fidem
3490 3278 3687 3349 perdis.

2115 3368 2232 3422 Eris
2251 3368 2394 3423 cnim
2423 3369 2593 3437 primo
2612 3369 2726 3423 sine
2754 3368 2916 3424 dubio
2936 3370 3232 3437 simulator,
3263 3371 3564 3441 obsequens
3585 3385 3692 3427 non

2113 3459 2394 3526 charitatc,
2424 3458 2517 3513 sed
2548 3458 2763 3525 fraude;
2790 3460 2950 3515 veluti
2980 3475 3166 3515 amans
3191 3476 3312 3517 eum
3334 3478 3363 3516 a
3390 3477 3496 3530 quo
3518 3470 3571 3517 te
3594 3476 3694 3516 cu-

2114 3551 2197 3620 pis
2220 3551 2333 3606 fieri
2355 3551 2642 3617 ham-dem,
2658 3551 2885 3606 amando
2897 3566 3020 3606 eum
3037 3554 3170 3608 mori
3187 3554 3400 3624 quaeris,
3418 3562 3472 3609 et
3488 3562 3544 3608 ut
3561 3555 3612 3608 in
3635 3567 3697 3614 ro

2118 3644 2235 3713 ejus
2265 3652 2319 3698 te
2344 3644 2525 3698 videas
2546 3657 2906 3713 possessorem
2923 3684 2938 3709 ,
2961 3643 3036 3698 illi
3057 3644 3261 3700 invides
3289 3659 3676 3701 successorem.

2189 3734 2413 3791 CAPUT
2453 3735 2640 3789 Xl.-—-
2670 3735 2756 3790 t2.
2802 3735 2915 3802 Eia,
2966 3735 3178 3803 fratres,
3224 3736 3463 3792 decursis
3506 3738 3695 3794 decem

2119 3829 2398 3897 praeceptis
2426 3837 2481 3883 et
2508 3827 2692 3883 decem
2728 3829 2916 3898 plagis,
2958 3839 3333 3897 comparantes
3360 3839 3696 3900 contempto-

2118 3934 2207 3973 res
2255 3928 2642 3988 praceptorum
2686 3919 3034 3973 contumacia:
3062 3917 3462 3991 Egyptiorum,
3512 3930 3698 3977 cautos

2120 4023 2216 4063 vos
2240 4008 2482 4073 fecimus,
2515 4020 2573 4063 ut
2604 4009 2842 4064 habeatis
2865 4010 3040 4065 securi
3078 4026 3167 4065 res
3190 4022 3396 4068 vestras
3421 4013 3470 4066 in
3502 4028 3696 4082 praece-

2122 4099 2224 4168 ptis
2256 4098 2385 4163 Dei;
2423 4115 2510 4154 res
2537 4109 2767 4166 vestras,
2798 4100 3033 4169 inquam,
3075 4116 3163 4156 res
3190 4111 3392 4157 vestras
3432 4103 3701 4159 interioris

2120 4203 2260 4243 arere
2303 4198 2515 4255 vestrae,
2560 4189 2828 4245 interioris
2860 4191 3092 4245 thesauri
3122 4193 3318 4256 vestri;
3362 4207 3450 4248 res
3476 4203 3698 4257 vestras,

2121 4294 2254 4348 quas
2282 4277 2432 4333 vobis
2452 4293 2552 4332 nec
2578 4276 2680 4341 fur.
2711 4295 2810 4333 nec
2830 4280 2986 4346 latro,
3016 4295 3114 4336 nec
3139 4281 3343 4336 vicinus
3370 4292 3561 4351 potens
3581 4298 3701 4353 pos-

2122 4370 2192 4424 sit
2219 4368 2427 4425 auferre
2452 4386 2467 4435 ;
2499 4370 2587 4424 ubi
2618 4384 2717 4425 nec
2745 4370 2905 4436 tinea,
2930 4386 3030 4426 nec
3058 4372 3246 4442 rubigo
3271 4373 3552 4427 metuenda
3579 4384 3661 4429 est
3686 4393 3702 4430 :

2124 4477 2245 4516 cum
2275 4460 2467 4530 quibus
2490 4461 2639 4517 dives
2664 4462 2780 4516 exit
2807 4470 2862 4516 et
2901 4462 3205 4532 naufragus.
3247 4461 3337 4518 Sic
3375 4463 3519 4518 enim
3552 4465 3704 4521 eritis

2123 4550 2350 4620 pepulus
2366 4549 2456 4603 Dei
2483 4550 2622 4605 inter
2643 4550 2851 4620 iniquos
2872 4551 3170 4621 IEgyptios,
3201 4552 3303 4607 illis
3331 4551 3446 4607 haec
3465 4552 3518 4607 in
3544 4554 3705 4608 corde

2127 4641 2468 4711 patientibus,
2510 4641 2664 4696 vobis
2698 4650 2873 4696 autem
2913 4641 3267 4697 incolumibus
3310 4643 3362 4697 in
3408 4644 3537 4713 ipsis
3564 4645 3696 4698 inte-

2128 4731 2359 4786 rioribus
2398 4731 2701 4785 hominibus
2727 4730 2938 4793 vestris,
2968 4730 3141 4786 donec
3188 4731 3446 4789 educatur
3480 4734 3706 4803 populus

2127 4823 2195 4880 de
2217 4824 2445 4896 .‘Egypto
2479 4824 2707 4895 quodam
2735 4823 2907 4879 exodo
2938 4839 3063 4890 suo;
3094 4825 3235 4895 quod
3264 4835 3319 4881 et
3362 4825 3422 4881 fit
3445 4844 3458 4879 :
3484 4843 3606 4881 nam
3645 4828 3711 4882 il-

2128 4916 2219 4972 lud
2251 4916 2414 4971 semel
2440 4914 2633 4971 factum
2671 4924 2770 4980 est,
2800 4915 2901 4969 hoc
2928 4929 3032 4969 non
3063 4926 3238 4972 cessat
3263 4915 3396 4971 fieri.

2203 5011 2291 5066 15.
2333 5007 2690 5064 Sanctificatio
2723 5008 2867 5064 nulla
2907 5008 3085 5064 divina
3117 5017 3174 5065 et
3205 5024 3324 5065 vera
3352 5019 3454 5075 est,
3497 5011 3598 5066 nisi
3640 5011 3709 5066 ab

2132 5102 2335 5174 Spiritu
2370 5109 2574 5156 sancto.
2615 5099 2731 5154 Neu
2773 5100 2916 5155 enim
2946 5103 3137 5157 frustra
3167 5100 3342 5158 dictus
3370 5111 3454 5158 est
3498 5102 3710 5172 proprie

2132 5192 2362 5264 Spiritus
2399 5199 2650 5254 sanctus;
2695 5205 2817 5245 cum
2862 5192 2932 5245 sit
2963 5200 3015 5247 et
3048 5192 3206 5247 Pater
3228 5201 3445 5247 sanctus
3468 5201 3523 5247 et
3546 5192 3711 5257 Filius

2133 5294 2369 5351 sanctus,
2403 5298 2594 5338 nomen
2638 5292 2814 5339 tamen
2859 5284 3130 5354 proprium
3172 5284 3276 5341 hoc
3298 5284 3531 5355 Spiritus
3561 5299 3712 5340 acce-

2134 5376 2230 5446 pit,
2261 5385 2319 5430 ut
2347 5375 2499 5429 tertia
2529 5374 2580 5428 iu
2610 5373 2869 5430 Trinitate
2893 5389 3118 5445 porsenna
3139 5374 3368 5446 Spiritus
3394 5386 3609 5431 sanctus
3631 5376 3705 5430 di-

2136 5475 2366 5523 ceretur.
2409 5464 2527 5536 Ipse
2563 5466 2846 5537 requiescit
2878 5482 3040 5537 super
3085 5467 3342 5524 humilem
3384 5476 3433 5526 ς’
3476 5468 3712 5539 quietum

2198 5597 2216 5659 ξ
2241 5596 2312 5659 sic
2334 5590 2436 5645 duo
2463 5601 2570 5659 Mss.
2594 5602 2650 5646 At
2671 5595 2807 5659 editi,
2831 5593 3065 5647 iambi-mn.

2198 5655 2270 5721 (a)
2293 5664 2448 5721 Forte,
2474 5656 2650 5709 colens.
