4076 6198
365 347 444 400 73
1834 353 1940 408 SEI

2047 354 2060 407 ι
2103 355 2234 411 Vill.
3585 373 3649 428 Ἠ
3697 403 3712 419 ο

370 461 528 532 (Isai.
559 477 705 523 sm.
739 461 822 532 Et),
854 471 1102 533 tanquam
1143 463 1194 518 in
1226 463 1449 520 sabbato
1477 481 1592 519 suo.
1626 465 1704 520 Ad
1735 467 1836 522 hoc
1876 483 1966 524 se-

371 554 652 622 ptenarius
693 569 948 610 nutum-us
987 554 1145 608 etiam
1186 565 1372 610 sancto
1414 556 1630 625 Spiritui
1659 557 1960 628 deputatur,

371 648 480 702 hoc
507 647 799 714 Scriptura:
823 657 1020 716 nostra:
1047 649 1176 702 satis
1200 648 1450 702 iudicant.
1477 649 1714 704 Viderint
1743 651 1961 706 meliora

373 739 646 798 meliores,
693 745 746 790 et
791 738 994 806 majora
1033 737 1294 806 majores;
1338 748 1392 793 et
1429 739 1496 795 de
1533 741 1633 794 isto
1661 742 1962 810 septenario

375 844 600 884 mmiero
623 829 866 883 subtilius
901 829 1098 898 aliquid
1129 837 1180 882 et
1218 829 1444 883 divinius
1470 831 1664 901 aliquid
1691 831 1868 886 dicant
1907 840 1962 886 et

373 921 681 990 explicent:
713 935 812 988 ego
839 930 1035 984 tamen,
1067 919 1206 990 quod
1240 921 1291 974 in
1320 922 1565 990 praesenti
1590 931 1672 976 sat
1698 932 1800 989 est,
1831 923 1958 978 illud

376 1013 551 1077 video,
593 1011 722 1064 illud
755 1025 848 1064 vos
883 1010 949 1063 ad
979 1011 1262 1065 videndum
1296 1027 1674 1076 commemoro,
1706 1022 1954 1081 septena.

367 1101 505 1158 riam
538 1103 692 1155 istam
735 1102 998 1156 rationem
1031 1101 1252 1155 inveniri
1291 1105 1504 1172 proprie
1529 1114 1712 1158 sazzcto
1739 1103 1956 1175 Spiritui

366 1193 712 1262 deputatam;
741 1195 862 1263 quia
905 1194 1133 1262 septimo
1169 1193 1257 1248 die
1299 1205 1454 1248 sonat
1485 1195 1852 1250 sanctificatio.
1891 1196 1956 1250 Et

367 1287 510 1340 male
540 1287 830 1356 probamus
855 1295 1042 1338 sancto
1068 1284 1286 1352 Spiritui
1322 1287 1562 1355 deputari
1600 1288 1953 1356 septenariam

363 1379 582 1432 numeri
603 1377 900 1431 rationem?
924 1376 1056 1429 Dirit
1079 1375 1240 1430 Isaias
1267 1375 1519 1446 Spiritum
1549 1377 1642 1430 Dei
1669 1379 1851 1432 venire
1872 1394 1955 1432 su-

363 1488 471 1541 per
507 1470 738 1531 ﬁdelem,
769 1484 928 1538 super
958 1468 1326 1535 christianum,
1360 1484 1521 1538 super
1547 1467 1748 1524 Christi
1787 1487 1956 1524 mem-

361 1561 548 1626 brum,
573 1559 845 1628 sapientitc
867 1567 920 1612 ct
948 1557 1268 1623 intellectus,
1292 1559 1498 1612 consilii
1526 1568 1580 1613 ct
1603 1557 1948 1628 fortitudinis,

357 1653 608 1708 scientiae
625 1661 674 1706 et
693 1650 919 1720 pietatis,
945 1649 1200 1718 Spiritum
1226 1649 1431 1703 timoris
1449 1651 1538 1704 Dei
1566 1648 1674 1720 (Id.
1695 1667 1771 1716 XI,
1791 1651 1846 1716 2,
1871 1653 1947 1722 5).

353 1744 418 1800 Si
437 1743 609 1798 secuti
628 1745 772 1808 estis,
785 1752 984 1810 septem
1006 1756 1091 1794 res
1103 1741 1424 1811 percucurri,
1456 1752 1700 1811 tanquam
1721 1741 1950 1797 descen-

354 1837 580 1891 dentem
605 1835 674 1888 ad
698 1850 792 1888 nos
823 1833 1080 1902 Spiritum
1117 1833 1208 1888 Dei
1249 1849 1278 1886 a
1306 1833 1561 1900 sapientia
1589 1847 1752 1902 usque
1788 1833 1852 1886 ad
1883 1833 1948 1886 ti-

355 1941 594 1988 morem,
623 1933 681 1979 ut
709 1941 806 1978 nos
843 1923 1194 1978 ascendamus
1217 1938 1245 1975 a
1276 1923 1466 1978 timore
1495 1922 1560 1976 ad
1590 1923 1900 1992 sapientiam
1930 1938 1943 1974 :

353 2017 577 2072 Initium
601 2017 865 2086 sapientia:
897 2015 1046 2067 timor
1075 2012 1172 2066 Dei
1197 2013 1374 2086 (Prov.
1417 2029 1456 2078 t,
1489 2013 1565 2082 7).
1603 2013 1678 2066 lla
1705 2028 1834 2082 ergo
1862 2027 1946 2068 so-

351 2111 635 2182 ptcnarius
663 2109 894 2179 Spiritus
923 2116 977 2160 et
1014 2121 1150 2159 unus
1175 2105 1424 2174 Spiritus,
1475 2103 1774 2174 septenario
1815 2119 1944 2175 ope-

350 2207 565 2260 ratione
593 2219 748 2257 unius.
789 2203 870 2255 An
899 2199 1099 2270 aliquid
1141 2199 1435 2254 evidentius
1461 2199 1655 2254 vultis?
1683 2199 1946 2255 Penteco‘

351 2309 475 2351 sten
504 2296 650 2348 diem
680 2293 868 2347 festum
897 2291 1168 2359 Scriptura
1201 2299 1381 2344 saneta
1420 2290 1486 2343 de
1526 2291 1836 2360 septimanis
1863 2290 1944 2344 fa-

351 2399 503 2443 ctum
533 2393 937 2440 eommenmrat.
973 2382 1188 2438 Ilabctis
1232 2385 1281 2436 in
1323 2383 1584 2453 scriptura
1620 2383 1824 2448 Tobiar,
1857 2384 1944 2438 ubi

349 2481 637 2535 evidenter
673 2479 866 2532 dicitur
913 2467 1252 2530 istumdicm
1297 2476 1490 2530 factum
1527 2475 1596 2530 de
1635 2477 1942 2548 septimanis

351 2573 512 2642 (Tob.
545 2589 599 2638 n,
629 2573 679 2636 I,
711 2570 917 2624 second.
954 2569 1138 2641 LXX).
1167 2569 1376 2638 Septies
1393 2571 1532 2625 enim
1555 2580 1778 2640 septem,
1806 2588 1940 2642 qua-

348 2664 600 2732 dragizita
628 2678 816 2716 novem
848 2662 900 2716 ia
947 2677 1153 2716 stmnna
1198 2661 1442 2717 redeunt.
1477 2663 1582 2718 Sed
1611 2676 1856 2734 tanquam
1885 2673 1942 2720 ut

349 2755 604 2809 redeatur
629 2753 694 2808 ad
725 2761 882 2822 caput
911 2771 924 2806 :
956 2753 1153 2822 Spiritu
1193 2753 1334 2807 enim
1365 2763 1549 2808 sancto
1581 2753 1646 2807 ad
1682 2755 1938 2810 unitatem

345 2846 678 2914 colligimur,
711 2859 816 2896 non
837 2843 904 2896 ab
928 2843 1129 2896 unitate
1157 2844 1511 2914 dispergimur
1540 2861 1554 2898 :
1578 2843 1697 2898 ideo
1720 2845 1784 2899 ad
1811 2861 1942 2914 qna-

344 2938 596 3004 draginta
625 2949 812 2988 novem
839 2933 1049 2988 additur
1071 2950 1235 2988 unum
1277 2934 1511 3001 unitatis,
1549 2944 1602 2990 et
1630 2935 1760 2990 fiunt
1787 2938 1942 3006 quin-

343 3029 622 3098 quaginta.
655 3025 766 3080 Non
794 3040 921 3096 ergo
940 3025 1048 3094 jam
1071 3025 1184 3079 sine
1213 3041 1369 3079 causa
1396 3026 1832 3096 quinquagesimo
1847 3026 1938 3082 die

344 3129 472 3191 post
496 3119 896 3174 ascensionem‘
925 3117 1136 3171 Domini
1157 3117 1298 3172 venit
1318 3117 1546 3188 Spiritus
1571 3126 1802 3172 sanctus.
1832 3117 1938 3172 Ile-

344 3213 586 3267 surrein
614 3211 888 3272 Dominus,
913 3209 1153 3262 ascendit
1171 3209 1237 3263 ab
1266 3208 1466 3271 inferis,
1492 3206 1726 3262 nondum
1749 3207 1803 3262 in
1821 3221 1936 3264 cm-

343 3305 461 3359 Ium
490 3321 506 3357 :
536 3303 606 3355 ab
642 3302 728 3355 illa
769 3301 1180 3363 resurrectione,
1213 3298 1280 3352 ab
1305 3300 1393 3353 illa
1420 3299 1486 3353 ab
1514 3298 1698 3354 inferis
1725 3315 1936 3355 assum-

345 3396 536 3464 ptione
563 3401 912 3447 ntunerantur
938 3390 1314 3460 quinquaginta
1347 3389 1480 3452 dies,
1513 3398 1569 3444 et
1593 3391 1745 3446 venit
1769 3391 1940 3460 Spiri-

346 3497 436 3540 tus
491 3492 743 3547 sanctus,
802 3483 853 3536 in
906 3480 1356 3552 quinquagenaria
1409 3495 1632 3535 numero
1683 3489 1936 3552 tanquam

341 3577 582 3631 natalem
604 3575 703 3628 sibi
733 3572 872 3642 apud
901 3587 996 3626 nos
1023 3571 1240 3625 faciens.
1264 3571 1620 3641 Quadraginta
1651 3573 1792 3627 enim
1817 3573 1936 3629 die-

339 3670 448 3724 bus
479 3667 567 3722 hic
590 3675 936 3720 conversatus
958 3673 1041 3718 cst
1075 3663 1326 3717 Dominus
1349 3679 1470 3717 cum
1501 3663 1774 3734 discipulis
1802 3665 1932 3730 suis,

343 3760 754 3832 quadragesimo
784 3757 871 3811 die
898 3755 1138 3811 ascendit
1165 3757 1216 3809 in
1249 3755 1466 3821 malum,
1509 3764 1562 3810 et
1605 3757 1831 3825 peractis
1860 3757 1936 3812 ibi

339 3854 534 3907 decem
559 3850 764 3913 diebus,
811 3858 1058 3918 tanquam
1085 3847 1293 3902 decimo
1335 3855 1718 3916 prmeeptorum
1759 3849 1931 3919 signo,

340 3945 496 3998 venit
531 3943 758 4012 Spiritus
791 3950 1039 4004 sanctus;
1067 3939 1186 4009 quia
1223 3954 1383 3994 nemo
1420 3939 1606 4008 implet
1634 3940 1802 4010 legem
1831 3941 1932 3996 nisi

343 4051 442 4104 per
469 4035 690 4102 gratiam
712 4031 946 4101 Spiritus
985 4032 1173 4084 Sancti.
1215 4029 1416 4100 Itaque,
1452 4030 1666 4098 fratres,
1711 4033 1934 4088 manife-

340 4137 486 4180 stum
525 4137 606 4180 est
651 4124 1012 4193 septenarium
1053 4123 1212 4177 istum
1250 4139 1528 4178 numerum
1569 4125 1636 4179 ad
1678 4125 1930 4195 Spiritum

342 4226 586 4272 sanctum
615 4217 902 4286 pertinere.
935 4213 1186 4284 Quisquis
1209 4224 1383 4270 autem
1411 4232 1516 4270 non
1545 4216 1780 4272 coha'ret
1807 4219 1932 4273 uni-

343 4309 438 4362 tati
465 4307 680 4373 Cluisti,
709 4315 761 4360 et
791 4306 1019 4360 oblatrat
1039 4305 1292 4360 adversus
1320 4306 1577 4362 unitatem
1606 4307 1821 4375 Christi,
1851 4309 1934 4364 in-

347 4397 662 4465 telligendus
696 4401 783 4451 ’est
825 4411 928 4450 non
962 4396 1158 4452 habere
1201 4397 1455 4466 Spiritum
1497 4410 1758 4454 sanctum.
1789 4401 1930 4456 (ion‘

343 4493 610 4544 tentiones
636 4489 780 4543 enim
817 4497 866 4544 et
909 4489 1268 4544 dissensiones
1315 4507 1419 4544 non
1462 4490 1658 4546 faciunt
1691 4494 1790 4547 nisi
1817 4495 1930 4549 ani-

341 4581 529 4646 males,
549 4580 618 4635 de
639 4580 830 4646 quibus
845 4580 1130 4648 Apostolus
1151 4580 1298 4646 dicit,
1319 4581 1566 4635 Animalis
1589 4594 1755 4636 mrtem
1779 4585 1930 4638 homo

341 4689 446 4726 non
491 4673 704 4742 pmipit
749 4687 864 4741 qua:
897 4681 1016 4724 sunt
1060 4671 1286 4740 Spiritus
1338 4671 1436 4726 Dei
1473 4672 1513 4746 (Ι
1547 4673 1666 4729 Cor.
1709 4691 1768 4742 tt,
1814 4677 1924 4746 M).

341 4766 544 4821 Deinde
567 4767 830 4835 scriptum
858 4773 938 4818 est
963 4773 1016 4818 et
1051 4765 1104 4818 in
1137 4765 1370 4834 Epistula
1396 4765 1546 4820 Iuda:
1575 4768 1820 4836 apostoli,
1855 4768 1931 4823 lli

337 4865 452 4912 sunt
478 4857 565 4926 qui
585 4863 846 4926 segregant
871 4859 1160 4924 semetipsos
1186 4873 1206 4909 :
1237 4855 1636 4925 reprehendens
1669 4857 1925 4928 loqueba-

333 4941 426 5002 'tur
452 4965 465 5000 :
503 4945 573 5000 Hi
601 4957 716 5000 sunt
736 4947 822 5016 qui
845 4955 1108 5017 segregant
1128 4947 1438 5013 semetipsos,
1467 4947 1734 5015 animales,
1757 4948 1927 5018 Spiri-

331 5047 441 5091 tum
467 5052 571 5091 nou
591 5035 825 5090 habentes
855 5035 1032 5105 (Iuda!
1052 5051 1090 5102 t,
1112 5036 1371 5106 l9).Quid
1409 5037 1776 5092 manifestius?
1801 5040 1925 5109 quid

332 5131 674 5190 evidentius?
695 5130 884 5185 Merito
907 5131 1144 5196 veniant,
1173 5131 1270 5184 etsi
1299 5129 1486 5184 eadem
1509 5131 1788 5186 credentes
1805 5149 1926 5202 quae

328 5240 452 5290 nos,
483 5235 658 5278 tamen
680 5225 948 5293 accepturi
978 5223 1234 5294 Spiritum
1259 5234 1522 5288 sanctum,
1545 5239 1702 5294 quem
1729 5225 1926 5282 habere

325 5330 439 5370 non
473 5323 713 5386 possunt,
745 5314 996 5385 quamdiu
1033 5321 1160 5370 sunt
1196 5313 1378 5370 hostes
1417 5314 1653 5369 unitatis.
1689 5314 1798 5371 llos
1825 5331 1924 5372 au-

392 5500 410 5530 ι
439 5505 543 5568 Duo
562 5503 690 5558 3155.,
707 5501 822 5570 post
865 5496 1286 5570 resurrectionem;
1309 5495 1418 5570 ,Αἱὶί
1456 5511 1568 5570 eam
1607 5497 1768 5570 editis,
1813 5505 1917 5570 post

707 5558 805 5634 non
839 5559 990 5634 mide,
1019 5561 1162 5610 sicuti
1185 5574 1248 5610 ex
1271 5559 1349 5634 his
1371 5560 1734 5634 posteayerbis
1769 5558 1920 5634 patet,

319 5631 542 5673 mnuum
563 5619 615 5696 in
637 5619 829 5696 εωιωῃ,
937 5620 1021 5693 illa
1045 5617 1409 5696 resurrectione,
1432 5621 1494 5671 ab
1515 5617 1691 5696 illaab,
1716 5617 1920 5696 inferis}

319 5696 438 5748 qua
461 5686 662 5748 quidem
687 5685 835 5748 verba
859 5684 906 5732 in
929 5685 1064 5746 prius
1095 5685 1239 5736 editis
1271 5684 1465 5744 omissa,
1488 5684 1810 5735 restituuntur
1844 5684 1922 5736 hic

319 5746 388 5796 ex
412 5746 767 5808 manuscriptis.
1688 5783 1692 5790 .

572 5857 850 5920 ParmL.
886 5861 1248 5925 XXXVIII.

2076 477 2183 524 lem
2213 482 2481 543 comparat
2513 475 2794 543 Apostoitts
2835 480 2999 548 magis
3026 479 3314 537 Pharaonis
3341 483 3642 554 (llnlrentrs,

2071 559 2261 630 inquit,
2295 567 2509 634 formam
2545 566 2758 634 pietatis,
2803 568 2891 622 sed
2927 571 3152 625 virtutem
3186 574 3292 642 ejus
3325 575 3648 647 abnegantrs)

2074 649 2136 722 (ll
2171 651 2388 705 Timollt.
2415 669 2487 714 III,
2523 653 2599 727 5),
2623 655 2712 726 qui
2739 657 2790 711 in
2821 659 2970 728 signo
3002 663 3154 716 tertio
3178 663 3504 721 deiecerunt.

2142 743 2228 796 Μ.
2267 743 2382 797 Jaut
2419 745 2590 799 videte
2632 763 2794 816 quare
2832 749 2884 802 in
2929 752 3083 803 tertio
3124 754 3274 822 signo
3314 755 3644 812 deiecerunt.

2068 829 2392 887 Mementote
2421 849 2515 889 eos
2541 837 2630 906 qui
2669 837 3016 894 adversantur
3053 843 3270 910 unitati,
3309 861 3412 900 non
3453 848 3647 904 habere

2066 921 2320 990 Spiritum
2350 935 2612 978 sanetum.
2642 927 2762 982 Tria
2795 945 2918 982 vero
2961 931 3047 983 illa
3090 945 3347 1005 praecepta
3385 938 3547 1004 prima
3593 940 3645 994 in

2064 1009 2326 1080 Dccalogo
2356 1013 2420 1066 ad
2451 1014 2542 1068 Dei
2578 1016 2913 1072 dilectionem
2955 1023 3218 1088 pertinere
3259 1024 3643 1098 intelliguntur,

2065 1109 2121 1155 ut
2147 1112 2348 1172 septem
2373 1115 2564 1160 czetera
2594 1107 2951 1176 intelligantur
2971 1111 3034 1165 ad
3058 1111 3394 1170 dilectionem
3418 1120 3642 1186 proximi

2061 1191 2352 1259 pertinere;
2375 1204 2430 1248 ut
2455 1195 2659 1250 duabus
2683 1199 2869 1252 tabulis
2890 1200 3044 1270 Legis
3065 1212 3118 1256 et
3137 1210 3318 1258 decem
3341 1210 3641 1278 pneceptis.

2061 1282 2166 1336 dno
2197 1285 2281 1338 illa
2314 1295 2559 1356 tanquam
2592 1291 2878 1346 summaria
2904 1304 3164 1363 [ll‘tl‘t'cltla
3195 1306 3472 1354 teneantur
3498 1318 3512 1354 :
3543 1300 3642 1355 Di-

2061 1375 2184 1446 liges
2211 1376 2478 1432 Dominum
2497 1380 2662 1435 Deum
2687 1391 2824 1436 luunt
2852 1402 2912 1438 ex
2935 1395 3036 1440 toto
3065 1389 3215 1442 corde
3241 1401 3344 1456 tuo,
3376 1402 3422 1446 et
3449 1410 3514 1447 ea:
3539 1403 3642 1448 tota

2057 1468 2228 1520 animo
2255 1478 2359 1534 tua,
2387 1480 2436 1523 et
2463 1488 2525 1524 ex
2553 1482 2653 1524 tota
2691 1475 2871 1528 virtute
2910 1487 3032 1542 tua;
3062 1490 3108 1531 et
3137 1481 3316 1552 diliges
3353 1485 3640 1554 proximum
3677 1530 3685 1538 .

2057 1566 2196 1612 tuum
2243 1569 2479 1630 tanquam
2521 1573 2568 1616 te
2603 1564 2807 1634 ipsum:
2833 1566 2883 1618 in
2913 1568 2989 1622 Itis
3017 1568 3208 1624 duobus
3236 1575 3497 1642 pra'ccptis
3535 1585 3640 1629 toto

2056 1645 2166 1701 Leo:
2192 1648 2374 1718 pendet
2399 1661 2444 1702 et
2466 1649 2738 1720 I’rOpItctaa
2759 1655 2777 1724 (
2799 1654 2851 1706 Μ
2859 1656 2983 1708 attlt.
3012 1673 3142 1720 κιαι,
3169 1659 3330 1714 57--10
3349 1663 3391 1731 ).
3414 1661 3632 1716 Refero.

2055 1753 2175 1792 mus
2221 1755 2348 1810 ergo
2390 1743 2485 1796 tria
2533 1745 2700 1812 prima
2743 1758 3004 1816 praecepta
3039 1750 3104 1803 ad
3141 1751 3476 1810 dilectionem
3519 1756 3634 1811 Dei.

2055 1830 2184 1896 Qum
2215 1831 2312 1885 tria
2341 1834 2547 1902 prima?
2577 1836 2830 1902 Primum,
2863 1837 2982 1892 Non
3012 1851 3156 1894 erunt
3182 1843 3269 1896 tibi
3290 1844 3362 1898 dii
3386 1847 3476 1900 alii
3499 1865 3635 1917 pra:-

2055 1931 2130 1976 tcr
2153 1939 2231 1976 me
2253 1939 2272 1977 :
2296 1925 2380 1978 cui
2407 1928 2671 1981 contraria
2703 1931 2848 2002 plaga
2877 1941 2978 1998 est,
3002 1949 3135 2004 aqua
3157 1951 3412 1993 conversa
3439 1941 3492 1995 in
3514 1957 3636 1997 san-

2051 2015 2288 2084 guinem,
2315 2029 2531 2088 propter
2559 2021 2698 2090 quod
2729 2024 2742 2054 ¹
2773 2039 3034 2079 summum
3067 2029 3382 2100 principium
3414 2032 3633 2089 Creato-

2052 2105 2126 2160 ris
2186 2106 2252 2160 ad
2309 2109 2680 2166 similatiouem
2727 2116 2747 2146 ’
2799 2115 3041 2172 humana:
3097 2122 3272 2176 carnis
3323 2124 3630 2182 adductum.

2052 2195 2356 2252 Secundum
2383 2212 2722 2270 prteceptum,
2750 2203 2831 2258 Ne
2859 2208 3078 2276 accipias
3108 2227 3288 2265 nomen
3311 2213 3514 2269 Domini
3535 2217 3632 2273 Dei

2052 2286 2126 2338 tui
2154 2286 2205 2340 in
2235 2301 2436 2354 vanum,
2468 2291 2722 2358 pertinet,
2753 2304 3004 2363 quantum
3035 2299 3282 2367 arbitror,
3314 2303 3377 2357 ad
3411 2320 3630 2376 regnum

2051 2377 2182 2444 Dei,
2219 2379 2358 2448 quod
2405 2388 2488 2434 est
2530 2380 2694 2436 Filius
2724 2385 2835 2438 Dei.
2865 2385 3008 2441 Unus
3050 2390 3189 2444 enim
3221 2391 3362 2448 Deus
3399 2403 3455 2450 ct
3494 2413 3630 2454 unus

2048 2467 2303 2525 Dominus
2359 2480 2542 2527 noster
2591 2472 2745 2528 Jesus
2789 2476 3031 2534 Christus
3080 2497 3172 2551 per
3221 2501 3377 2554 quem
3427 2489 3624 2545 omnia.

2047 2557 2244 2642 Contra
2283 2561 2522 2630 verbum,
2560 2580 2702 2620 rana:
2727 2584 2740 2620 :
2770 2567 2942 2622 videte
2970 2582 3152 2627 contra
3182 2577 3402 2632 verbum
3445 2594 3625 2644 ranas,

2046 2636 2231 2707 contra
2268 2653 2528 2710 rationem
2571 2658 2876 2725 strepitum,
2907 2672 3090 2716 Contra
3121 2665 3394 2722 veritatem
3423 2673 3626 2726 vanita-

2046 2752 2173 2798 tem.
2217 2745 2451 2800 'l'ertium
2501 2760 2821 2820 przeeeptum
2865 2753 2932 2806 de
2974 2755 3212 2822 sabbato,
3245 2763 3514 2828 pertinens
3557 2767 3625 2822 ad

2044 2834 2298 2906 Spiritum
2323 2847 2560 2893 sanctum
2583 2849 2798 2910 pr0pter
2813 2857 2866 2896 sa
2877 2845 3300 2915 nctilicationcm,
3320 2869 3438 2922 qua:
3457 2857 3624 2924 prima

2045 2929 2099 2984 in
2144 2929 2365 2985 sabbato
2410 2933 2622 3001 sonuit,
2653 2935 2792 3004 quod
2823 2937 2972 2990 vobis
2999 2940 3156 3008 paulo
3185 2951 3306 2997 ante
3335 2945 3624 3002 vehemen-

2044 3029 2146 3086 ter,
2173 3031 2426 3093 quantum
2455 3025 2740 3092 potuimus,
2771 3029 3276 3087 commendat-imus.
3314 3034 3449 3092 lluic
3484 3054 3623 3109 prm-

2043 3121 2201 3182 cepto
2229 3115 2494 3169 contraria
2542 3116 2848 3187 inquietudo
2882 3120 2930 3174 in
2963 3124 3158 3177 muscis
3187 3125 3254 3181 de
3281 3131 3625 3200 corrttptiouo

2045 3206 2406 3273 nascentibus,
2441 3205 2492 3260 in
2523 3209 2704 3263 oculos
2732 3209 3074 3270 irruentibus.
3104 3215 3226 3272 Ideo
3257 3219 3306 3272 in
3337 3219 3438 3277 hoc
3469 3225 3626 3280 tertio

2043 3293 2196 3364 signo
2224 3294 2562 3364 defecerunt,
2596 3299 2684 3368 qui
2714 3301 2929 3358 unitatis
2969 3303 3166 3360 inimici
3203 3308 3456 3378 Spiritum
3497 3329 3625 3370 san-

2043 3391 2184 3438 ctum
2215 3400 2319 3440 non
2350 3385 2645 3442 habuerunt
2671 3407 2684 3444 :
2712 3389 2836 3446 facit
2861 3394 2998 3448 enim
3029 3395 3130 3451 hoc
3155 3397 3386 3470 Spiritus
3410 3415 3625 3460 sanctus

2044 3491 2221 3547 paena.
2265 3478 2419 3533 Aliud
2466 3481 2606 3533 enim
2656 3481 2780 3536 facit
2825 3483 3022 3554 gratia,
3061 3488 3205 3544 aliud
3255 3507 3443 3560 pa‘na:
3480 3496 3624 3552 aliud

2043 3570 2186 3625 enim
2231 3569 2354 3624 facit
2397 3571 2684 3641 implendo,
2727 3575 2869 3630 aliud
2917 3577 3230 3634 deserendo.
3281 3583 3518 3655 Denique
3569 3599 3625 3642 ut

2037 3658 2148 3729 jam
2195 3659 2471 3714 evidenter
2517 3663 2646 3730 ipsis
2691 3665 3066 3721 conlitentibus
3112 3669 3403 3728 Pharaonis
3455 3679 3624 3748 magis

2041 3765 2331 3820 agnoscere
2352 3751 2642 3818 valeamus,
2669 3755 2934 3824 quomodo
2954 3758 3247 3829 appellatus
3269 3775 3350 3818 est
3375 3764 3428 3820 in
3451 3767 3625 3823 Evan-

2039 3843 2178 3913 gelio
2215 3842 2440 3912 Spiritus
2483 3843 2598 3912 Dei,
2639 3845 2935 3920 videamus,
2977 3851 3118 3920 quod
3160 3868 3352 3910 nomen
3393 3862 3620 3930 accepit.

2040 3935 2364 4007 Objicientes
2393 3938 2616 3994 Domino
2643 3943 2941 3998 convicium
2967 3944 3134 4001 Judzei
3151 3987 3166 4013 ,
3193 3963 3312 4003 cum
3339 3951 3618 4017 dixissent,

2044 4026 2146 4081 Hic
2196 4045 2298 4082 non
2349 4029 2484 4100 cjicit
2527 4031 2796 4098 dwmonia,
2837 4034 2934 4088 nisi
2982 4036 3034 4088 in
3075 4035 3351 4092 Beelzebub
3397 4043 3623 4114 principe

2039 4118 2437 4186 daemoniorum;
2484 4121 2758 4190 respondit
2802 4123 2921 4189 ille,
2968 4124 3028 4179 Si
3069 4143 3160 4198 ego
3202 4127 3254 4182 in
3291 4129 3488 4200 Spiritu
3527 4133 3621 4186 Dei

2039 4210 2188 4280 sjicio
2235 4209 2506 4276 dtemonia,
2549 4219 2681 4264 certe
2721 4215 3003 4281 supervenit
3045 4217 3097 4271 in
3143 4235 3230 4273 ros
3274 4237 3481 4292 regnum
3526 4223 3622 4277 Bri

2041 4300 2151 4372 (Id.
2175 4317 2264 4366 xu,
2293 4300 2382 4366 24,
2412 4301 2504 4374 28)
2542 4320 2554 4355 :
2585 4304 2726 4374 quod
2755 4307 2890 4361 alius
2920 4311 3241 4380 evat‘tgclista
3276 4315 3352 4370 sic
3381 4329 3616 4378 enarrat,

2039 4391 2102 4446 Si
2128 4409 2220 4464 ego
2247 4393 2300 4445 in
2327 4393 2483 4464 digito
2513 4393 2604 4448 Dei
2632 4397 2778 4466 ejicio
2802 4397 3211 4472 dwmonia(Luc.
3235 4421 3310 4473 XI,
3333 4406 3446 4478 9.0).
3465 4411 3616 4477 Quod

2035 4485 2172 4539 alius
2198 4485 2520 4554 evangelista
2544 4486 2698 4553 dixit,
2723 4487 2951 4558 Spiritus
2977 4492 3105 4559 Dei;
3133 4495 3268 4550 alius
3296 4497 3448 4567 dixit,
3477 4501 3616 4572 digi-

2039 4587 2124 4634 tus
2153 4579 2270 4632 Dei.
2297 4578 2437 4648 Ergo
2466 4578 2658 4649 digitus
2689 4581 2802 4647 Dei,
2828 4582 3056 4653 Spiritus
3079 4585 3192 4642 Dei.
3219 4589 3340 4644 Ideo
3359 4591 3466 4646 Lex
3495 4594 3614 4650 data

2037 4668 2232 4738 scripta
2264 4668 2430 4738 digito
2458 4669 2573 4732 Dei,
2612 4685 2731 4740 qua:
2768 4669 2878 4726 Lex
2915 4673 3035 4728 data
3075 4686 3157 4730 est
3193 4677 3242 4732 in
3287 4691 3466 4736 monte
3491 4683 3614 4740 Sina

2036 4759 2474 4830 quinquagesimo
2523 4759 2610 4816 die
2659 4770 2780 4831 post
2820 4765 3138 4820 occisionem
3185 4771 3302 4826 ovis
3347 4774 3616 4832 celebrato

2034 4851 2237 4906 Pascha
2267 4870 2298 4906 τι
2327 4853 2522 4922 populo
2555 4852 2877 4910 Judmorum.
2913 4856 3198 4928 hnplentur
3236 4865 3610 4937 quinquaginta

2031 4941 2149 4997 dies
2178 4949 2299 5011 post
2323 4943 2640 4998 occisionem
2667 4945 2802 5012 ovis,
2827 4955 2881 5001 et
2906 4947 3062 5004 datur
3090 4951 3198 5006 Lex
3226 4955 3420 5024 scripta
3447 4957 3612 5027 digito
3678 4987 3689 5000 ι

2034 5033 2128 5097 Dei
2166 5051 2179 5088 :
2221 5033 2506 5104 implentur
2547 5035 2926 5108 quinquaginta
2972 5039 3086 5094 dies
3129 5051 3245 5111 post
3291 5046 3610 5104 occisionem

2033 5123 2263 5190 Christi,
2305 5133 2360 5178 et
2397 5123 2542 5178 venit
2575 5123 2808 5200 Spiritus
2854 5135 3088 5184 sanctus.
3125 5129 3334 5188 Gratias
3363 5135 3610 5206 Domino,

2031 5215 2318 5270 occultanti
2345 5214 2708 5285 providenter,
2731 5217 2993 5288 aperienti
3019 5223 3270 5278 suaviter.
3295 5224 3412 5282 Iam
3436 5229 3612 5287 videto

2030 5305 2135 5361 hoc
2179 5307 2361 5375 etiam,
2405 5304 2618 5373 fratres,
2662 5307 2954 5365 Pharaonis
2991 5325 3177 5383 magos
3216 5315 3612 5375 evidentissima

2031 5396 2293 5454 conﬁteri.
2323 5397 2640 5454 Deficientes
2667 5399 2722 5453 in
2752 5400 2909 5456 tertio
2933 5403 3086 5472 signo
3109 5403 3376 5473 dixerunt,
3409 5405 3611 5480 Digitus

2033 5487 2124 5544 Dei
2148 5498 2220 5543 est
2247 5489 2480 5568 hic,.etc.
2509 5486 2706 5559 (Exod.
2727 5505 2838 5556 vtu,
2863 5489 2974 5562 I9).

2092 5599 2110 5674 Ξ
2133 5599 2246 5674 99.9.
2258 5597 3266 5674 κὲοι.ΡῙ9ξ²ἔὲζ3².⁸ζηηέ⁶9ἰέξ.Ρ¹ἵίξ³ἓέξτιέίεβίέν
3276 5603 3422 5674 (1Ψᾴ-

2089 5657 2110 5688 ι
2133 5655 2266 5726 εςιξιε,
2291 5656 2357 5726 an
2373 5655 2816 5726 sinndatio‘nthftt
2838 5655 2941 5726 uss.
2965 5657 3163 5722 aliquot,
3178 5655 3610 5720 adsimilatiouesn.

2029 5723 2081 5768 Et
2103 5717 2294 5783 quidam
2317 5717 2513 5777 habent,
2541 5717 2607 5767 ad
2623 5715 3000 5770 similitudinem.

3043 5882 3160 5956 (7'1
3173 5903 3204 5941 υ
3215 5885 3286 5944 is.
3293 5885 3327 5952 j
