4024 6202
349 356 492 437 ,75

388 441 394 455 Ι

390 460 397 485 1

989 465 1215 520 sermo
1245 465 1312 519 ix
1339 464 1469 535 ’(u).

905 578 983 632 De
1006 580 1173 634 decem
1195 580 1410 636 Cltordis
1436 577 1529 649 (b).

502 693 728 749 CAPUT
786 690 1068 748 PRIMUM.
1098 722 1171 735 -——
1203 694 1254 745 1.
1285 691 1536 745 Dominus
1562 699 1615 744 et
1662 690 1799 744 Dens
1827 696 2004 742 noster

432 788 735 841 mi~ericors
762 794 816 840 et
841 785 1139 849 ntiserator,
1173 784 1487 854 longanimis
1514 793 1566 837 et
1591 783 1813 838 multum
1841 781 2004 836 mise-

429 878 628 939 ricors,
665 884 719 930 et
747 888 935 941 veras;
966 890 1123 945 quam
1160 874 1375 945 largiter
1404 882 1666 944 prmrogat
1697 872 2003 927 misericor-

428 967 568 1019 diatn
602 966 651 1018 in
685 964 930 1034 pra-senti
960 965 1175 1031 seculo,
1219 973 1325 1019 tam
1367 978 1555 1019 severe
1592 963 1823 1017 minatur
1859 961 2004 1030 judi-

432 1058 570 1109 cium
602 1056 651 1109 in
686 1054 863 1109 futuro
890 1055 1103 1109 smculo.
1130 1054 1303 1110 Verba
1333 1070 1451 1125 qum
1481 1053 1587 1108 dixi
1624 1052 1816 1122 scripta
1851 1059 2001 1115 sunt,

429 1158 482 1202 et
529 1148 724 1203 divinis
764 1148 1160 1203 auctoritatibus
1201 1148 1218 1179 ¹
1244 1146 1602 1213 continentur,
1630 1146 1771 1215 quia,
1802 1143 2004 1197 Miseri-

428 1255 544 1292 cors
571 1250 617 1291 et
644 1240 903 1293 miserator
922 1237 1188 1304 Dominus,
1219 1237 1518 1308 longanimis
1541 1244 1587 1290 et
1616 1236 1828 1290 multum
1858 1235 2007 1289 mise-

428 1331 608 1397 ricors,
639 1340 684 1383 et
710 1347 860 1384 verax
890 1330 907 1402 (
936 1329 1079 1385 Psal.
1112 1346 1183 1395 Cl,
1206 1329 1260 1398 8,
1287 1339 1334 1385 et
1362 1345 1542 1395 cxuv,
1564 1328 1641 1398 8).
1664 1314 1882 1383 Multum
1908 1326 2004 1381 de-

432 1424 593 1476 lectat
639 1438 825 1476 omnes
870 1432 1189 1494 peccatores.
1214 1430 1268 1478 et
1308 1431 1572 1476 amatores
1613 1420 1789 1475 saeculi
1828 1418 2003 1486 lmjns,

426 1514 553 1582 quia
584 1514 864 1567 misericors
891 1524 934 1567 et
961 1515 1222 1567 miseratur
1249 1511 1519 1578 Dominus,
1550 1512 1670 1580 quia
1708 1509 2008 1579 longanimis

431 1612 477 1655 ct
508 1604 717 1656 multum
748 1604 1045 1657 misericors.
1073 1602 1177 1657 Sed
1208 1603 1250 1655 si
1277 1615 1423 1655 amas
1452 1609 1559 1654 tam
1601 1599 1764 1653 multa
1795 1597 1937 1650 mitia
1961 1598 2004 1661 ',

432 1694 559 1746 time
606 1693 673 1746 ibi
718 1703 771 1746 et
810 1693 1051 1746 ultimum
1079 1692 1217 1762 quod
1256 1692 1350 1758 ait,
1383 1691 1446 1745 Et
1474 1706 1627 1745 verna:
1659 1689 1749 1760 (c).
1776 1689 1830 1744 Si
1865 1689 2005 1743 enim

432 1780 562 1834 nihil
592 1780 729 1835 aliud
760 1780 982 1846 diceret,
1012 1782 1133 1846 nisi,
1167 1780 1454 1835 Misericors
1481 1788 1528 1834 et
1552 1780 1812 1832 miserator
1836 1776 2008 1831 Domi-

431 1887 546 1935 nus,
581 1868 882 1940 longanimis
910 1880 957 1923 et
986 1871 1197 1924 multum
1228 1871 1539 1935 misericors;
1567 1868 1715 1938 quasi
1740 1868 1848 1938 jam
1875 1883 2007 1922 con-

431 1968 669 2016 verteres
698 1970 747 2014 te
776 1960 841 2015 ad
874 1962 1209 2016 securitatem
1253 1971 1305 2016 et
1344 1961 1729 2031 impunitatem,
1766 1970 1818 2015 et
1846 1959 1910 2015 ad
1941 1961 2006 2016 li-

426 2054 662 2108 centiam
707 2063 1084 2126 pcccatornm;
1131 2055 1332 2110 iaceres
1377 2055 1515 2126 quod
1560 2055 1741 2121 velles,
1785 2054 2008 2108 utereris

432 2144 648 2207 smculo,
685 2146 769 2199 vel
795 2153 1047 2215 quantum
1079 2145 1170 2199 tibi
1201 2146 1610 2215 permitteretur,
1641 2146 1721 2200 vel
1753 2153 2006 2215 quantum

434 2232 528 2288 tibi
559 2232 722 2289 libido
754 2233 1001 2303 jussisset
1025 2252 1037 2288 :
1061 2243 1115 2289 et
1158 2234 1202 2288 si
1243 2234 1361 2304 quis
1404 2244 1455 2289 te
1496 2235 1631 2291 bene
1673 2234 2008 2291 admonendo

433 2323 739 2395 objurgaret
774 2335 933 2394 atque
974 2333 1225 2386 terreret,
1256 2334 1313 2378 ut
1339 2324 1615 2380 cohiberes
1642 2333 1691 2379 te
1720 2325 1788 2380 ab
1815 2326 2006 2380 immo-

432 2413 620 2468 derato
649 2413 791 2468 ﬂuxu
821 2414 997 2468 eundo
1031 2423 1148 2483 post
1184 2414 1640 2483 concupiscentias
1666 2424 1803 2482 tuas,
1830 2425 1885 2471 et
1912 2416 2005 2471 dc-

433 2505 664 2560 serendo
686 2506 855 2560 “Deum
888 2517 1068 2569 tuum;
1100 2505 1237 2560 inter
1272 2506 1472 2560 medias
1500 2522 1655 2560 vaces
1683 2506 2009 2578 objurgantis

430 2595 742 2660 obsisteres,
770 2595 1061 2665 impudenti
1090 2595 1301 2663 quidem
1333 2596 1523 2660 fronte,
1545 2596 1703 2650 veluti
1728 2595 1905 2650 audita
1927 2596 2007 2650 di-

431 2685 552 2739 vina
591 2685 907 2741 auctoritate
926 2728 942 2751 ,
970 2694 1023 2740 et
1052 2687 1254 2756 legeres
1283 2686 1350 2741 de
1380 2687 1514 2741 libro
1540 2687 1807 2743 dominico
1832 2708 1845 2743 :
1872 2688 2006 2755 Quid

433 2792 519 2831 me
548 2785 716 2832 terres
742 2777 810 2832 de
839 2778 948 2832 Deo
972 2779 1188 2832 nostro?
1218 2778 1305 2833 ille
1334 2779 1614 2833 misericors
1643 2789 1751 2846 est,
1783 2790 1829 2834 et
1856 2781 2005 2834 mise-

431 2879 572 2923 rator
596 2879 642 2923 et
670 2871 883 2924 multum
908 2870 1207 2925 misericors.
1230 2869 1305 2925 Nc
1333 2871 1451 2924 talia
1484 2873 1722 2927 homines
1748 2874 2003 2936 dicerent,

433 2976 597 3015 unum
627 2965 850 3016 verbum
880 2960 1081 3016 addidit
1109 2961 1162 3015 in
1195 2960 1319 3025 ﬁne,
1350 2962 1489 3032 quod
1520 2962 1613 3029 ait,
1644 2963 1712 3016 Et
1740 2979 1926 3030 verax;
1956 2973 2009 3018 et

432 3054 665 3107 excussit
706 3054 937 3107 lmtitiam
970 3053 1108 3108 male
1135 3055 1586 3123 praesumentium,
1617 3064 1671 3109 et
1709 3056 1910 3111 induxit
1941 3056 2004 3110 ti-

431 3157 634 3196 morem
664 3143 979 3227 dolentium.
1003 3143 1338 3200 Gaudeamus
1363 3145 1428 3200 ad
1461 3146 1874 3202 misericordiam
1906 3148 2008 3201 Dn-

431 3234 558 3288 mini
580 3251 594 3299 ;
623 3235 714 3290 sed
741 3236 1018 3291 timeamus
1040 3237 1105 3291 ad
1129 3238 1383 3307 judicium
1409 3239 1636 3295 Domini.
1663 3240 1855 3307 Parcit,
1878 3240 2004 3295 dum

431 3334 569 3379 tacet
594 3325 633 3377 ³.
656 3325 842 3392 Tacet,
866 3326 957 3381 sed
988 3342 1089 3381 non
1114 3343 1325 3398 semper
1345 3329 1537 3384 tacebit
1557 3327 1707 3400 (lsai.
1734 3346 1865 3397 xw,
1892 3331 2002 3397 li).

432 3414 569 3468 Audi
613 3414 736 3469 dum
775 3432 878 3470 non
926 3424 1063 3471 tacet
1094 3416 1152 3471 in
1179 3417 1363 3482 verbo,
1389 3431 1456 3471 ne
1487 3434 1590 3472 non
1621 3419 1711 3474 tibi
1738 3429 1886 3474 vacet
1914 3435 2007 3474 au-

431 3507 546 3562 dire
574 3507 697 3561 dum
727 3523 830 3560 non
857 3500 1125 3562 tacebit‘in
1149 3506 1367 3577 judicio.

501 3596 724 3653 CAPUT
750 3597 812 3652 ll.
840 3629 905 3637 —
929 3597 982 3651 2.
999 3597 1156 3653 Modo
1176 3598 1315 3653 enim
1343 3600 1464 3655 licet
1491 3599 1580 3654 tibi
1608 3615 1820 3657 causam
1862 3610 2004 3657 tuam

430 3704 775 3759 componere.
801 3692 938 3745 Ante
968 3688 1209 3745 ultimum
1245 3690 1501 3761 judicium
1524 3691 1619 3747 Dei
1648 3694 1721 3747 tui
1747 3708 2006 3764 compone

432 3794 649 3833 causam
681 3790 843 3833 tuam.
873 3781 983 3835 Non
1011 3791 1092 3836 est
1120 3783 1258 3836 unde
1288 3798 1607 3852 prmsumas;
1636 3800 1756 3840 cum
1797 3787 1886 3842 ille
1911 3802 2004 3843 ve-

433 3872 591 3938 nerit,
619 3887 719 3927 nec
751 3871 909 3927 falsos
937 3882 1099 3928 testes
1128 3873 1378 3939 adduces,
1416 3876 1607 3946 quibus
1648 3877 1736 3931 ille
1775 3878 2000 3941 fallatur.

433 3980 534 4021 nec
564 3974 840 4036 patronum
881 3965 1228 4020 iraudulentis
1256 3966 1791 4024 ciremnventionibus
1818 3981 1868 4024 et
1900 3970 2005 4023 lin-

430 4057 612 4126 guosis
636 4057 840 4112 artibus
864 4056 1159 4123 adhibebis,
1183 4071 1281 4112 nec
1310 4057 1513 4114 ambies
1540 4059 1718 4128 aliquo
1742 4058 1919 4124 modo,
1949 4069 2006 4113 ut

427 4148 659 4216 judicem
686 4149 855 4217 possis
875 4163 1235 4218 corrumpere.
1255 4147 1389 4215 Quid
1413 4164 1538 4220 ergo
1556 4150 1668 4219 agis
1688 4149 1823 4219 apud
1847 4151 2003 4205 talem

428 4238 659 4308 judicem
680 4278 696 4304 ,
730 4253 886 4307 quem
914 4253 1012 4291 nec
1040 4236 1242 4301 fallere,
1270 4254 1367 4293 nec
1401 4254 1741 4310 corrumpere
1768 4241 2004 4310 poteris?

433 4330 503 4386 Et
541 4340 718 4384 tamen
753 4338 835 4384 est
875 4329 1015 4398 quod
1053 4344 1197 4397 agas.
1225 4329 1373 4384 Tunc
1401 4332 1541 4384 enim
1583 4333 1693 4400 ipse
1718 4333 1818 4386 erit
1840 4332 2003 4402 judex

378 4419 385 4425 ’
433 4437 612 4477 causa:
639 4431 763 4485 tute,
780 4419 867 4490 qui
890 4418 1047 4474 modo
1066 4420 1216 4474 testis
1239 4420 1462 4474 estvita:
1484 4431 1604 4475 tmc.
1627 4422 2000 4489 Clamavimus,

433 4519 489 4566 et
537 4509 864 4564 laudavimus
895 4527 908 4561 :
941 4524 1318 4578 componamus
1362 4524 1574 4565 causam
1621 4522 1875 4566 nostram.
1904 4514 2003 4580 Qui

434 4599 584 4657 testis
613 4606 696 4655 est
723 4612 941 4668 operum
981 4607 1280 4653 nostrorum
1302 4597 1341 4665 ⁸,
1369 4599 1481 4669 ipse
1519 4600 1669 4655 testis
1705 4609 1786 4655 est
1818 4617 2003 4657 vocum

441 4699 659 4745 istarum
689 4704 702 4742 :
733 4703 836 4743 non
873 4687 979 4742 sint
1016 4688 1219 4753 inanes,
1249 4700 1623 4745 convertantur
1644 4692 1706 4746 ad
1728 4694 2001 4763 gemitum.

434 4780 670 4849 Tempus
690 4786 767 4833 est
791 4776 1141 4832 concordandi
1159 4793 1276 4833 cum
1292 4779 1597 4835 adversario
1623 4792 1711 4836 tuo
1730 4783 1853 4837 cito.
1874 4784 2002 4840 Tam

497 4972 510 5000 ¹
539 4967 755 5019 Nonnulli
772 4973 901 5027 htss.,
925 4964 1213 5018 auctoribus.

497 5032 517 5061 ³
540 5031 707 5081 Plures
725 5037 853 5088 Mss,
877 5026 1196 5089 tmnrmuttam
1226 5026 1625 5081 niserimrdmm.
1663 5032 1859 5089 (uidam
1896 5048 2006 5085 cum

441 5100 555 5158 ιρι,
579 5099 679 5141 tam
707 5092 857 5158 multa
880 5088 1033 5158 initia.
1057 5089 1221 5151 Morel,
1248 5090 1483 5158 clament.
1507 5093 1662 5143 uitic.
1702 5108 1846 5158 pagg.
1890 5098 2002 5156 185,

432 5152 491 5201 18
501 5149 726 5216 1ίςθιιθοῑ
742 5151 1027 5216 legendum,
1050 5159 1147 5203 tam
1161 5149 1315 5216 mulso
1335 5149 1486 5216 initio.
1550 5160 1606 5201 tt.

442 5274 449 5282 υ
498 5214 519 5244 ³
540 5213 763 5282 t‘lerique
795 5212 898 5263 ὧδε.
927 5221 979 5264 et
1007 5212 1144 5263 Anu:
1171 5212 1349 5274 Parcit,
1375 5212 1462 5265 sed
1482 5227 1576 5264 nou
1614 5222 1752 5266 tacet.
1779 5217 2005 5281 Subandi,

430 5274 481 5325 in
505 5273 663 5325 verba.
683 5273 696 5276 ⁷

495 5337 517 5406 ξ
540 5334 728 5406 aliquot
749 5341 875 5406 atas,
898 5338 1177 5406 vestrorum.

498 5399 512 5414 '
537 5394 744 5448 Collatus
757 5394 842 5445 est
859 5407 969 5444 cum
988 5395 1232 5444 codicibus
1252 5394 1331 5444 bd.
1353 5407 1397 5444 c.
1415 5408 1485 5446 es.
1509 5395 1572 5448 el.
1598 5409 1641 5445 e.
1677 5397 1725 5446 il.
1751 5413 1800 5461 8-
1835 5415 1910 5463 8"-
1938 5416 2001 5453 m-

433 5470 481 5508 v.
516 5467 616 5507 Am.
642 5466 713 5507 Er.
740 5465 839 5506 Par.
867 5462 973 5506 Iov.

517 5540 567 5601 α)
585 5539 723 5599 Alias,
741 5540 803 5589 96
815 5539 878 5589 de
900 5546 1153 5601 Tempore.

520 5601 570 5663 ὸ)
594 5602 857 5671 A_Pgssidio
877 5608 1069 5671 notatus
1090 5601 1370 5671 [desertae
1394 5608 1469 5652 est
1505 5601 1552 5651 in
1578 5605 1802 5669 tndiculo,
1823 5620 1927 5671 cap.
1952 5610 2003 5671 8,

435 5661 582 5724 atque
603 5663 666 5724 ab
683 5662 892 5724 Eum-pio
914 5670 966 5712 et
986 5661 1120 5724 Floro
1140 5662 1329 5712 citatus.

517 5675 582 5710 ne
603 5669 666 5710 ab
683 5669 892 5724 Eugypio
914 5670 966 5712 et
986 5669 1120 5711 Floro
1140 5669 1281 5712 citattl

463 5669 567 5785 uir)
593 5732 610 5766 \
627 5722 689 5772 id.
713 5730 979 5772 Tractatum
1004 5723 1065 5772 33
1085 5725 1135 5774 in
1151 5730 1281 5773 toan.

1652 352 1707 405 S.
1750 353 1789 405 Α
1801 343 2109 405 υςιῑδτικι
2148 346 2454 407 EPiSCOPl

2030 504 2033 509 ,
2111 459 2429 531 longanimis
2455 474 2537 520 est
2564 467 2702 521 Deus
2731 468 2955 524 videndo
2981 471 3156 542 iniqua
3183 482 3238 529 et
3269 487 3373 529 non
3398 477 3682 545 puniendo,

3618 360 3688 416 76

2113 562 2165 606 ιιι
2196 560 2374 607 tamen
2402 556 2509 610 cito
2538 557 2606 610 sit
2635 557 2865 614 futurum
2889 561 3168 630 judicium.
3195 563 3341 619 More
3366 567 3558 635 quippe
3583 568 3683 621 hn-

2109 656 2281 697 mana:
2316 644 2436 699 vitae.
2474 647 2735 715 prolixum
2765 659 2867 715 est,
2890 650 3029 719 quod
3060 652 3169 706 Deo
3194 653 3356 710 breve
3379 664 3478 709 est.
3503 656 3609 711 Sed
3633 666 3686 711 ct

2109 733 2210 800 ipsi
2252 736 2449 790 sreculo
2487 744 2541 791 et
2583 736 2815 792 humano
2853 741 3030 809 generi
3075 743 3214 811 quod
3258 744 3414 815 longe
3454 744 3683 814 videtur,

2109 823 2235 892 quid
2278 825 2622 881 consolatur?
2647 828 2905 899 Numquid
2953 832 2996 885 si
3042 834 3199 889 totius
3230 837 3441 905 generis
3469 836 3686 892 humani

2110 913 2329 971 ultimus
2367 915 2482 971 dies
2523 918 2679 988 longe
2716 928 2817 986 est,
2863 921 3273 993 uniuscujusque
3315 925 3429 980 dies
3472 927 3690 982 ultimus

2111 1004 2265 1076 longe
2311 1008 2425 1063 est?
2462 1008 2573 1064 lloc
2602 1009 2745 1077 dico,
2794 1025 2861 1065 ex
2908 1013 3075 1066 Adam
3121 1016 3268 1069 multi
3316 1018 3439 1070 anni
3488 1018 3689 1072 evoluti

2109 1105 2266 1164 sunt,
2308 1099 2458 1152 multi
2506 1100 2630 1153 anni
2675 1100 2962 1169 ﬂuxerunt,
2989 1111 3042 1156 et
3070 1103 3320 1174 deinceps
3350 1106 3550 1172 ﬂuent;
3582 1123 3687 1162 non

2110 1186 2322 1254 quidem
2355 1196 2458 1242 tam
2491 1188 2672 1254 multi,
2701 1190 2793 1244 sed
2831 1200 3004 1246 tamen
3034 1207 3199 1262 usque
3229 1194 3279 1247 in
3310 1196 3468 1249 tinem
3508 1198 3688 1252 saeculi

2112 1278 2409 1333 transibunt
2437 1282 2579 1347 anui,
2609 1282 2745 1336 sicut
2778 1292 2830 1337 et
2863 1283 2935 1337 illi
2974 1286 3297 1339 transierunt
3326 1304 3338 1339 :
3365 1287 3580 1358 longum
3608 1293 3687 1343 vi-

2111 1367 2266 1422 detur
2289 1370 2431 1439 quod
2469 1379 2635 1425 restat
2665 1372 2983 1443 (quanquam
3016 1390 3119 1429 non
3148 1376 3247 1429 erit
3273 1386 3492 1444 tantum,
3517 1396 3683 1449 quau-

2112 1468 2222 1513 tum
2251 1468 2570 1516 transactum
2599 1462 2725 1536 eSI),
2748 1474 2801 1518 et
2827 1477 3001 1519 tamen
3029 1482 3093 1521 ex
3130 1477 3394 1523 transacto
3417 1474 3687 1539 praeterito

2115 1558 2380 1621 tempore,
2421 1556 2716 1622 sperandus
2755 1567 2837 1610 est
2877 1558 3064 1627 reliqui
3108 1563 3358 1630 temporis
3399 1562 3537 1618 linis.
3565 1566 3688 1620 Fuit

2115 1650 2236 1697 tunc
2263 1643 2476 1713 quidam
2516 1644 2630 1701 dies
2673 1646 2760 1716 qui
2808 1646 3074 1702 diceretur
3116 1647 3435 1718 hodiernus,
3484 1669 3550 1708 ex
3596 1655 3690 1709 illo
3732 1680 3738 1684 -

2115 1748 2281 1802 usque
2308 1732 2375 1789 ad
2406 1734 2545 1789 ltutic
2572 1736 2919 1802 hodiernum;
2958 1753 3132 1795 nonne
3164 1742 3418 1812 qsidquid
3454 1744 3686 1800 futurum

2114 1823 2230 1891 fuit,
2252 1829 2574 1894 pra-teritum
2609 1829 2798 1884 factum
2828 1830 2946 1884 est?
2982 1831 3108 1885 'l‘alc
3137 1832 3378 1899 habetur,
3410 1851 3473 1890 ac
3504 1838 3548 1891 si
3579 1852 3686 1893 non

2113 1913 2291 1970 fuerit.
2312 1916 2405 1972 Sic
2441 1919 2542 1972 erit
2579 1920 2829 1990 quidquid
2857 1931 3021 1977 restat
3054 1932 3371 1980 extremum.
3406 1927 3508 1983 Sed
3538 1929 3605 1983 sit
3632 1939 3687 1985 et

2114 2004 2214 2059 hoc
2239 2005 2467 2076 longum,
2499 2010 2568 2062 sit
2600 2011 2884 2080 prolixum,
2911 2023 3163 2083 quantum
3192 2019 3480 2085 putaveris,
3512 2035 3685 2089 quan-

2116 2105 2224 2150 tum
2264 2096 2480 2164 dixeris,
2520 2110 2772 2169 quantum
2800 2103 3133 2171 cogitaveris,
3157 2116 3408 2175 quatitum
3440 2108 3534 2163 tibi
3578 2125 3690 2164 nitu

2113 2188 2303 2243 tenuat
2347 2189 2635 2260 Scriptura,
2676 2193 2768 2247 sed
2811 2193 2960 2264 tingit
3001 2197 3268 2266 cogitatio,
3310 2212 3563 2268 quantum
3607 2204 3692 2256 vis

2113 2278 2252 2335 diem
2278 2281 2460 2351 judicii
2484 2283 2772 2352 prolonga;
2807 2287 3058 2354 numquid
3087 2288 3327 2343 ultimum
3350 2290 3489 2344 diem
3515 2299 3690 2358 tuum,

2115 2368 2167 2423 id
2192 2380 2294 2435 est,
2317 2371 2438 2425 vita:
2467 2379 2589 2438 tua),
2612 2388 2718 2443 quo
2738 2373 2974 2428 exiturus
3002 2389 3060 2430 es
3084 2377 3152 2430 de
3180 2391 3404 2447 corpore
3421 2379 3541 2448 hoc,
3562 2396 3687 2450 pro-

2113 2458 2369 2516 ducturus
2406 2475 2465 2517 es
2503 2461 2557 2516 in
2602 2461 2851 2533 longum?
2889 2463 2971 2517 Sit
3014 2464 3107 2518 tibi
3153 2476 3401 2522 senectus
3444 2481 3610 2536 certa,
3640 2472 3689 2526 si

2116 2558 2289 2620 potest
2312 2567 2325 2602 :
2348 2551 2432 2605 cui
2461 2562 2635 2607 autem
2663 2553 3076 2622 potest?Nonne
3104 2570 3169 2609 ex
3197 2572 3302 2626 quo
3328 2558 3508 2629 incipit
3528 2560 3689 2615 homo

2113 2639 2317 2705 vivere,
2361 2640 2471 2710 jam
2516 2649 2690 2712 potest
2727 2652 2780 2698 et
2822 2644 2993 2699 mori?
3039 2646 3450 2703 Possibilitatem
3503 2652 3691 2707 mortis

2114 2732 2317 2787 initium
2347 2733 2467 2787 vita:
2500 2733 2644 2788 facit.
2672 2733 2726 2788 In
2756 2734 2855 2790 bac
2884 2745 3022 2792 terra
3054 2746 3110 2792 et
3142 2738 3196 2793 in
3232 2749 3426 2810 genere
3458 2740 3690 2797 humano

2113 2822 2205 2878 ille
2253 2824 2400 2879 solus
2448 2825 2582 2880 mori
2626 2826 2859 2881 nondum
2904 2836 3101 2897 potest,
3136 2831 3225 2899 qui
3265 2830 3495 2886 nondum
3526 2835 3690 2903 cmpit

2114 2914 2310 2969 vivere.
2339 2913 2577 2970 Incertus
2602 2930 2736 2993 ergo
2762 2917 2878 2973 dies
2907 2927 3157 2989 tanquam
3195 2921 3530 2989 quotidianus
3567 2939 3690 2993 spe-

2113 3008 2311 3063 randus
2348 3015 2449 3063 est.
2479 3008 2535 3064 Si
2574 2992 2749 3064 autem
2797 3018 3046 3081 tanquam
3088 3012 3428 3082 quotidianus
3465 2992 3690 3082 speran-

2111 3100 2211 3156 dus
2252 3108 2334 3156 est
2381 3100 2617 3156 incertus
2659 3100 2808 3167 dies,
2851 3113 3198 3172 componatur
3256 3119 3377 3159 cum
3435 3104 3689 3162 adversa-

2113 3194 2223 3261 rio,
2266 3193 2391 3249 dum
2441 3203 2524 3250 est
2572 3203 2743 3250 tecum
2792 3196 2843 3250 in
2886 3197 2989 3250 via.
3018 3196 3114 3252 Via
3142 3198 3284 3252 enim
3315 3210 3533 3255 vocatur
3572 3201 3691 3258 lucc

2112 3288 2238 3354 vita,
2261 3302 2359 3359 per
2384 3302 2544 3358 quam
2568 3302 2757 3345 esuries
2786 3297 3095 3356 transeunt;
3126 3300 3178 3346 et
3209 3307 3313 3347 non
3346 3294 3543 3349 recedit
3584 3295 3689 3351 iste

2111 3378 2464 3434 adversarius.

2180 3467 2405 3524 CAPUT
2444 3469 2530 3523 111.
2563 3500 2631 3509 —
2655 3471 2708 3523 5.
2738 3470 2867 3538 Quis
2886 3479 2970 3526 est
2993 3479 3166 3526 autem
3188 3472 3287 3529 iste
3315 3473 3684 3530 adversarius?

2112 3559 2462 3617 Adversarius
2489 3560 2589 3615 istc
2634 3576 2738 3629 non
2768 3570 2851 3615 est
2890 3560 3165 3617 diabolus:
3196 3579 3315 3617 nam
3341 3580 3604 3634 nunquam
3633 3576 3688 3621 te

2112 3654 2412 3709 hortaretur
2454 3651 2756 3720 Scriptura,
2801 3660 2860 3707 ut
2902 3667 3022 3707 cum
3067 3653 3280 3709 diabolo
3309 3656 3683 3713 concordares.

2110 3744 2206 3799 Est
2230 3760 2356 3814 ergo
2382 3743 2518 3798 alius
2547 3742 2910 3807 adversarius,
2939 3759 3096 3813 quem
3122 3745 3223 3798 sibi
3252 3744 3410 3801 homo
3437 3745 3562 3802 facit
3585 3747 3685 3802 ad-

2110 3836 2402 3891 versarium
2432 3853 2445 3889 :
2480 3849 2599 3889 nam
2633 3833 2720 3889 ille
2755 3835 2799 3889 si
2838 3833 3171 3899 adversarius
3200 3845 3373 3909 esset,
3417 3846 3590 3892 tecum
3631 3838 3685 3893 in

2110 3928 2193 3983 via
2223 3942 2327 3982 non
2353 3936 2515 3983 esset.
2545 3927 2616 3981 At
2642 3926 2730 3981 hic
2754 3937 2837 3982 est
2863 3927 2877 3957 ¹
2911 3935 3081 3981 tecum
3110 3927 3161 3980 in
3188 3929 3292 3993 via,
3322 3938 3378 3983 ut
3400 3930 3688 3985 concordet

2113 4027 2305 4073 tecum.
2333 4017 2445 4073 Scit
2472 4017 2613 4072 enim
2639 4018 2761 4087 quia
2792 4016 2889 4071 nisi
2915 4017 2966 4071 in
2995 4017 3077 4071 via
3112 4032 3291 4073 secum
3318 4019 3685 4075 concord-ave-

2110 4110 2205 4176 ris,
2232 4109 2340 4181 jam
2372 4109 2544 4165 tradet
2571 4118 2623 4165 te
2646 4109 2811 4180 judiei
2832 4150 2848 4176 ,
2874 4109 3035 4179 judcx
3070 4120 3248 4165 autem
3275 4111 3517 4166 ministro
3536 4153 3551 4177 ,
3578 4113 3682 4166 mi-

2109 4202 2275 4257 nister
2299 4202 2351 4256 in
2379 4217 2646 4257 carcerem
2686 4201 2894 4273 (Matth.
2923 4218 2975 4266 v,
3000 4200 3114 4273 25).
3148 4203 3364 4272 Eloquia
3393 4204 3492 4258 ista
3519 4219 3685 4259 evan-

2108 4293 2275 4363 gelica
2304 4303 2446 4357 sunt,
2473 4292 2819 4348 recordautur
2844 4293 3115 4348 nobiseum
3133 4335 3149 4359 ,
3180 4295 3263 4349 vel
3290 4294 3380 4364 qui
3410 4295 3683 4365 legerunt,

2110 4384 2194 4439 vel
2221 4384 2309 4455 qui
2337 4383 2637 4439 audierunt.
2668 4385 2807 4455 Ergo
2834 4384 2950 4454 quis
2984 4392 3065 4438 est
3099 4384 3469 4440 adversnrius?
3495 4384 3686 4442 Sermo

2113 4475 2226 4530 Dei.
2257 4475 2448 4532 Sermo
2477 4476 2568 4531 Dei
2599 4476 2934 4531 adversarius
2958 4484 3078 4532 tuus
3103 4486 3203 4531 est.
3234 4477 3405 4544 Quare
3428 4476 3651 4532 adversa
3671 4508 3685 4519 -

2111 4565 2224 4620 rius
2261 4561 2376 4620 e‘st?
2404 4566 2535 4633 Quia
2558 4560 2826 4621 contraria
2849 4566 3029 4636 jubet,
3068 4582 3226 4636 quam
3274 4575 3326 4620 tu
3365 4565 3514 4622 facis.
3550 4568 3687 4625 Dicit

2112 4656 2228 4723 tibi,
2257 4655 2400 4712 Unus
2422 4666 2495 4712 est
2528 4656 2665 4713 Deus
2692 4667 2846 4721 tuus;
2875 4673 3028 4711 unum
3054 4656 3214 4711 Deum
3242 4658 3369 4712 cole.
3399 4657 3476 4712 Tn
3503 4658 3581 4713 vis
3604 4658 3687 4715 di-

2112 4750 2276 4805 misso
2306 4765 2411 4805 uno
2440 4750 2551 4805 Deo
2578 4758 2824 4819 tanquam
2856 4749 3090 4820 legitimo
3119 4750 3234 4805 viro
3259 4751 3451 4805 anima:
3470 4791 3485 4818 ,
3516 4749 3686 4805 fumi-

2112 4840 2219 4894 cari
2262 4855 2357 4910 per
2398 4840 2562 4895 multa
2601 4839 2901 4894 daemonia:
2934 4840 3156 4910 etquod
3196 4848 3280 4894 est
3302 4840 3544 4909 gravius,
3577 4856 3686 4897 non

2112 4930 2261 5001 quasi
2303 4938 2488 5001 aperte
2527 4930 2780 4987 deserens
2818 4940 2871 4987 et
2913 4930 3227 5001 repudians,
3265 4931 3403 4986 sicut
3428 4940 3688 5000 apostata:

2113 5021 2341 5088 iaciunt;
2363 5021 2456 5077 sed
2479 5030 2726 5091 tanquam
2746 5036 2966 5076 manens
2986 5020 3038 5076 in
3058 5020 3219 5076 domo
3239 5021 3337 5077 viri
3360 5022 3433 5077 tui
3449 5021 3688 5077 admittis

2111 5114 2416 5170 adulteros:
2458 5113 2509 5169 id
2537 5121 2649 5177 est,
2692 5122 2940 5183 tanquam
2979 5114 3300 5170 christianos
3326 5129 3432 5169 non
3460 5112 3686 5170 dimittis

2112 5205 2427 5272 Eeclesiam,
2457 5204 2691 5260 consulis
2716 5205 3138 5273 mathematicos,
3164 5216 3254 5260 aut
3272 5205 3564 5275 aruspices,
3593 5215 3687 5260 aut

2110 5310 2376 5367 augures,
2418 5304 2511 5351 aut
2537 5297 2838 5365 maleﬁcos;
2872 5298 3019 5369 quasi
3048 5297 3114 5354 de
3142 5299 3237 5352 viri
3264 5298 3426 5353 domo
3458 5314 3561 5352 non
3595 5313 3684 5353 re-

2110 5389 2305 5445 cedens
2340 5388 2577 5445 adultera
2617 5389 2822 5455 anima,
2852 5398 2908 5445 et
2946 5405 3169 5446 manens
3196 5391 3247 5443 in
3275 5390 3393 5461 ejus
3437 5389 3684 5459 conjugin

2112 5481 2405 5536 lornicaris.
2447 5479 2646 5535 Dicitur
2675 5480 2799 5547 tibi,
2833 5480 2914 5535 Ne
2950 5482 3169 5552 accipias
3207 5483 3258 5535 in
3295 5497 3479 5535 vanum
3504 5496 3682 5534 nomen

2113 5573 2207 5628 Dei
2236 5574 2325 5626 tui.
2358 5573 2434 5628 Ne
2456 5572 2727 5629 existimes
2751 5583 3046 5629 creaturam
3083 5589 3201 5630 esse
3223 5573 3525 5636 Christum,
3558 5575 3681 5642 quia

2175 5735 2193 5765 ι
2217 5738 2317 5780 Am.
2347 5737 2397 5781 et
2418 5731 2588 5794 plures
2612 5739 2737 5807 3288.,
2753 5729 2819 5781 ad
2847 5730 2931 5781 hoc
2954 5733 3037 5783 est.
3060 5727 3299 5791 Nonnulli,
3326 5727 3487 5780 adhuc
3509 5735 3597 5779 est.
