4024 6202
250 465 349 521 pro
374 457 429 503 te
456 441 695 511 suscepit
725 444 1026 495 creaturam
1057 450 1069 485 :
1103 439 1154 487 et
1197 439 1253 486 tu
1278 424 1577 485 contemnis
1606 441 1727 483 eum
1756 426 1847 521 qui

249 519 473 617 a‘qualis
506 547 588 594 est
617 534 766 591 Patri
785 574 800 599 ,
833 540 887 587 et
915 543 1076 585 unum
1105 542 1225 581 cum
1253 526 1411 580 Patre
1439 525 1478 577 ¹.
1523 521 1724 577 Dicitur
1754 519 1847 617 tibi

252 609 712 703 ut-spiritualiter
760 624 1018 679 observes
1062 617 1386 715 sabbatum;
1428 629 1534 670 non
1579 609 1848 715 quomodo

251 724 433 782 Judazi
464 721 756 777 observant
777 712 1058 768 sabbatum
1086 707 1283 764 carnali
1313 706 1460 773 otio;
1489 719 1679 759 vacare
1705 706 1846 758 enim

254 820 452 874 volunt
487 813 549 869 ad
595 823 769 881 nugas
806 815 966 876 atque
1018 802 1254 857 luxurias
1296 815 1440 855 suas.
1475 799 1661 854 Melius
1705 798 1846 853 enim

261 912 462 966 faceret
495 904 714 961 Iudaeus
758 901 812 955 in
857 912 986 967 agro
1016 910 1114 951 suo
1152 892 1347 964 aliquid
1391 892 1547 956 utile,
1595 906 1753 962 quam
1792 889 1847 944 in

259 1006 466 1060 theatro
484 998 774 1055 seditiosus
801 992 1057 1048 existeret
1082 1006 1095 1042 :
1124 996 1178 1044 ει
1206 986 1396 1041 melius
1423 984 1632 1042 femina:
1661 997 1844 1038 eorum

256 1097 341 1151 die
368 1090 578 1147 sabbati
605 1088 782 1142 lanam
810 1082 1082 1145 facerent,
1114 1092 1269 1148 quam
1294 1083 1405 1130 toto
1426 1074 1511 1129 die
1541 1073 1593 1127 in
1621 1072 1844 1126 maenia-

258 1186 381 1241 nis’
408 1183 527 1238 suis
569 1175 840 1247 impudice
878 1172 1150 1247 gitarelt.
1191 1167 1309 1222 Tibi
1338 1174 1513 1220 autem
1554 1163 1749 1217 dicitur
1788 1169 1849 1217 ut

255 1278 515 1333 observes
533 1266 883 1341 Spiritualiter
894 1254 1202 1326 ξῆῧῐιῑῖῖηι,
1232 1259 1283 1313 in
1306 1272 1401 1328 spe
1422 1256 1609 1311 fotum
1628 1254 1842 1325 quietis,

254 1384 416 1440 quam
444 1364 541 1420 tibi
570 1357 832 1432 promittit
866 1354 1142 1409 Dominus.
1171 1349 1421 1419 Quisquis
1457 1347 1600 1403 enim
1631 1355 1848 1440 propter

254 1438 405 1517 illam
432 1457 665 1529 quietem
700 1452 929 1507 futuram
958 1447 1065 1517 agit
1089 1441 1345 1515 quidquid
1374 1449 1580 1512 potest,
1606 1438 1848 1524 quamvis

253 1552 585 1607 laboriosum
616 1545 854 1600 videatur
896 1538 1038 1610 quod
1085 1536 1222 1608 agit;
1272 1542 1450 1592 tamen
1488 1532 1536 1588 si
1579 1531 1645 1587 ad
1687 1530 1845 1586 fidem

253 1644 539 1715 promissa:
560 1638 754 1711 quietis
775 1634 828 1690 id
849 1633 1033 1699 refert,
1066 1628 1302 1685 nondum
1324 1625 1540 1698 quidem
1568 1624 1844 1680 sabbatum

253 1714 420 1793 habet
448 1736 505 1789 in
532 1750 623 1799 re,
662 1728 755 1785 sed
785 1726 945 1782 habet
985 1724 1037 1779 in
1068 1738 1180 1792 spe.
1210 1720 1290 1775 Tu
1330 1726 1508 1774 autem
1546 1717 1612 1771 ad
1641 1715 1743 1772 hoc
1768 1714 1846 1771 vis

254 1830 618 1899 requiescere,
647 1830 704 1875 ut
728 1820 968 1882 labores;
1000 1830 1120 1871 cum
1146 1812 1212 1867 ad
1237 1812 1339 1866 hoc
1357 1809 1552 1866 debeas
1580 1808 1842 1872 laborare,

255 1931 313 1974 ut
341 1917 669 1987 requiescas.
716 1910 918 1965 Dicitur
960 1906 1085 1969 tibi,
1135 1903 1348 1958 Honora
1387 1910 1580 1973 patrem
1621 1908 1761 1954 tuum
1800 1908 1847 1953 et

257 2022 462 2067 mtrem
492 2017 658 2062 tuam.
692 2004 772 2058 Tu
808 2010 984 2056 autem
1008 1996 1382 2054 contumeliam
1415 1995 1619 2064 irrogas
1649 2007 1845 2063 paren-

259 2103 414 2167 tibus,
441 2114 608 2170 quam
634 2110 739 2150 non
767 2093 848 2147 vis
870 2090 981 2163 pati
1007 2105 1036 2142 a
1062 2088 1184 2143 filiis
1205 2086 1326 2141 tuis.
1352 2084 1550 2140 Dicitur
1576 2084 1689 2149 tibi,
1722 2082 1847 2137 Non

260 2194 469 2248 occides.
515 2190 600 2243 Tu
645 2196 825 2242 autem
864 2182 1109 2237 occidere
1150 2179 1231 2233 vis
1272 2176 1543 2232 inimicum
1575 2183 1760 2230 tuum:
1792 2183 1847 2230 et

261 2286 374 2341 ideo
403 2284 546 2338 forte
574 2295 680 2334 non
728 2277 889 2341 facis,
920 2263 1042 2344 quia
1074 2272 1228 2327 times
1259 2269 1492 2340 iudicem
1532 2267 1842 2332 hominem,

261 2396 358 2435 non
384 2377 510 2448 quia
534 2372 742 2444 cogitas
767 2371 954 2424 Deum.
984 2365 1199 2437 Ignoras
1222 2362 1341 2434 quia
1372 2360 1632 2416 ille-testis
1655 2367 1737 2414 est
1756 2373 1847 2413 co-

263 2466 605 2543 gitationum?
634 2463 733 2519 Illo
771 2462 890 2516 vivo
925 2473 1082 2530 quem
1116 2459 1197 2511 vis
1239 2455 1411 2521 mori,
1444 2462 1496 2508 te
1525 2451 1843 2507 homicidam

264 2572 402 2618 tenet
436 2562 492 2614 in
522 2556 711 2614 corde.
741 2553 946 2608 Dicitur
974 2550 1061 2604 tibi
1079 2592 1094 2615 ,
1141 2547 1262 2602 Non
1292 2545 1615 2601 masc/tabem
1645 2543 1839 2618 (Exod.

261 2671 356 2717 xx,
388 2653 580 2720 l—M):
613 2649 666 2704 id
696 2657 779 2703 est
800 2689 815 2714 ,
849 2660 954 2700 non
988 2643 1086 2697 ibis
1114 2640 1181 2696 ad
1205 2640 1432 2709 aliquam
1468 2637 1625 2692 aliam
1652 2644 1846 2707 prieter

260 2760 477 2800 uxorem
511 2752 679 2797 tuam.
710 2738 790 2793 'l‘u
816 2743 995 2792 autem
1020 2733 1189 2804 exigis
1226 2731 1329 2786 hoc
1352 2730 1421 2785 ab
1441 2744 1627 2793 uxore,
1659 2737 1713 2783 et
1736 2742 1843 2782 non

259 2839 334 2892 vis
359 2836 464 2891 hoc
489 2832 719 2889 reddere
744 2828 896 2885 uxori
923 2844 936 2881 :
968 2834 1021 2880 et
1045 2840 1166 2880 cum
1188 2823 1384 2878 debeas
1409 2823 1459 2875 in
1490 2821 1684 2875 virtute
1708 2834 1845 2890 pra:-

260 2930 450 2984 eedere
473 2939 721 2989 uxorem,
765 2921 1014 2993 quoniam
1059 2916 1278 2973 castitas
1304 2916 1472 2970 virtus
1500 2922 1614 2981 est;
1647 2923 1703 2969 tu
1743 2912 1845 2969 sub

260 3036 366 3077 uno
386 3021 592 3089 impetu
618 3014 855 3071 libidinis
878 3012 1043 3077 cadis,
1075 3018 1128 3065 et
1146 3009 1227 3063 vis
1248 3022 1464 3064 uxorem
1489 3016 1631 3061 tuam
1656 3004 1844 3060 victri-

259 3131 374 3171 rem
402 3128 546 3173 esse,
575 3120 631 3165 tu
650 3109 826 3164 victus
840 3106 1059 3176 jaceus:
1091 3112 1283 3159 etcum
1306 3111 1358 3155 tu
1384 3109 1541 3170 caput
1566 3098 1641 3154 sis
1665 3098 1845 3152 uxoris

262 3217 393 3272 tua,
425 3201 680 3275 praecedit
716 3210 769 3256 te
798 3199 820 3230 ³
852 3197 919 3254 ad
948 3197 1135 3257 Deum,
1165 3194 1315 3263 cujus
1341 3200 1498 3263 caput
1524 3205 1601 3247 es.
1630 3191 1722 3246 Vis
1747 3190 1851 3245 do-

259 3315 403 3354 mum
429 3306 575 3351 tuam
601 3294 774 3364 capite
797 3291 1046 3347 decisum
1078 3286 1345 3359 pendere?
1371 3288 1535 3356 Caput
1561 3285 1701 3340 enim
1727 3300 1843 3339 mu-

260 3394 406 3449 lieris
442 3400 527 3445 est
553 3390 671 3443 vir:
706 3386 794 3442 ubi
835 3392 1014 3440 autem
1061 3382 1252 3436 melius
1293 3380 1419 3434 vivit
1464 3379 1654 3434 mulier
1681 3393 1842 3448 quam

258 3485 355 3547 vir,
398 3482 577 3553 capite
604 3480 857 3535 deorsum
891 3474 1086 3546 pendet
1112 3473 1322 3528 domus.
1352 3470 1407 3527 Si
1436 3480 1593 3541 caput
1617 3480 1699 3526 est
1727 3469 1839 3537 vir,

261 3577 449 3631 melius
473 3573 634 3628 debet
659 3571 837 3625 vivere
857 3568 958 3634 vir,
985 3575 1039 3623 et
1064 3565 1368 3637 praecedere
1394 3564 1445 3618 in
1475 3563 1720 3619 omnibus
1750 3563 1842 3617 bo-

261 3668 339 3722 nis
375 3665 530 3719 factis
574 3677 794 3717 uxorem
832 3675 1020 3724 suam;
1054 3669 1111 3712 ut
1152 3657 1239 3712 illa
1279 3655 1514 3711 imitetur
1543 3654 1747 3719 virum,
1789 3663 1844 3710 et

262 3767 511 3828 sequatur
533 3764 691 3824 caput
715 3768 889 3807 suum.
920 3747 1197 3818 Quomodo
1225 3755 1383 3818 caput
1412 3746 1662 3802 Ecclesiae
1689 3745 1845 3801 Chri-

262 3857 374 3903 stus
408 3859 522 3909 est,
555 3856 608 3901 et
636 3845 739 3900 hoc
762 3843 980 3914 jubetur
1009 3840 1263 3896 Ecclesia:
1307 3848 1364 3894 ut
1406 3847 1657 3909 sequatur
1685 3847 1845 3909 caput

265 3955 448 4005 suum,
490 3948 546 3993 et
579 3947 642 3992 ut
683 3951 781 4007 per
821 3935 1039 4005 vestigia
1086 3932 1323 3987 ambulet
1359 3932 1547 4002 capitis
1587 3933 1668 3988 sui
1707 3949 1722 3987 :
1764 3934 1843 3988 sic

265 4032 675 4101 uniuscujusque
702 4030 895 4085 domus
924 4026 1083 4083 habet
1102 4037 1261 4097 caput
1288 4026 1482 4092 virum,
1510 4034 1565 4081 et
1591 4036 1841 4098 tanquam

264 4138 452 4194 corpus
475 4122 499 4154 ⁸
542 4122 794 4176 feminam
826 4118 1053 4193 (Ephes.
1082 4134 1137 4183 v,
1164 4116 1295 4189 25).
1327 4117 1444 4185 Quo
1475 4128 1631 4188 caput
1660 4119 1837 4186 ducit,

266 4212 386 4267 iBue
408 4213 567 4268 debet
605 4225 804 4281 corpus
826 4208 1006 4280 'scqui.
1034 4208 1209 4277 Quare
1235 4222 1364 4278 ergo
1391 4207 1499 4262 vult
1525 4217 1683 4278 caput
1718 4208 1799 4264 ire
1821 4248 1837 4276 ,

267 4320 364 4375 quo
392 4320 497 4359 nou
528 4303 643 4357 vult
671 4310 725 4357 ut
750 4314 944 4371 corpus
971 4282 1261 4370 sequtitur?
1288 4300 1463 4367 Quare
1489 4300 1602 4354 vult
1634 4299 1711 4356 ire
1738 4301 1837 4367 vir,

269 4413 367 4467 quo
398 4413 502 4453 non
532 4397 645 4452 vult
685 4405 742 4450 ut
778 4409 912 4449 uxor
937 4392 1228 4465 sequatur?
1260 4393 1637 4463 ll:ccjubendo
1662 4409 1840 4449 sermo

272 4488 355 4543 Dei
379 4488 712 4543 adversarius
731 4495 831 4540 cst.
853 4484 1050 4539 Nolunt
1072 4486 1214 4539 enim
1242 4484 1483 4539 homines
1506 4483 1683 4540 facere
1698 4484 1838 4555 quod

272 4582 373 4636 vult
396 4598 573 4637 sermo
600 4580 711 4635 Dei.
745 4579 813 4633 Et
852 4578 977 4648 quid
1007 4577 1179 4633 dicam
1205 4618 1221 4644 ,
1249 4578 1369 4648 quia
1396 4577 1733 4632 adversarius
1756 4585 1842 4633 est

267 4688 435 4727 senm
459 4674 573 4736 Dei,
599 4672 849 4743 quoniam
865 4669 1051 4740 jubet?
1081 4669 1268 4723 Timeo
1292 4684 1360 4723 ne
1382 4683 1481 4739 ego
1506 4669 1620 4738 ipse
1646 4669 1837 4725 adver-

266 4768 429 4824 sarius
455 4767 555 4821 sim
585 4764 923 4836 quibusdam,
950 4764 1071 4833 quia
1102 4762 1217 4817 hzrc
1247 4763 1456 4831 loquor.
1484 4762 1619 4830 Quid
1648 4762 1714 4818 ad
1752 4777 1841 4818 me

268 4860 521 4930 pertinet?
560 4857 775 4912 Fortem
807 4872 892 4913 me
934 4855 1090 4911 faciat
1128 4856 1216 4926 qui
1260 4864 1425 4909 terret
1463 4864 1519 4910 ut
1546 4856 1749 4925 loquar,
1784 4866 1840 4912 ut

267 4968 363 5006 non
388 4953 601 5006 timeam
632 4949 879 5021 querelas
903 4948 1359 5004 hominum.l\'am
1400 4949 1490 5025 qui
1529 4949 1715 5005 nolunt
1744 4966 1836 5006 ca-

266 5043 487 5097 stitatem
518 5057 733 5097 servare
771 5041 1023 5095 uxoribus
1050 5040 1161 5095 suis
1205 5041 1293 5109 (et
1327 5040 1598 5095 abundant
1640 5041 1835 5111 tales),

321 5153 336 5183 ι
361 5153 434 5202 sie
451 5150 670 5202 melioris
690 5157 819 5201 uota:
841 5158 946 5201 Mss.
972 5149 1057 5199 Alii
1075 5162 1195 5200 vero
1207 5163 1317 5199 eum
1340 5148 1501 5210 editis,
1524 5154 1570 5201 et
1592 5163 1714 5202 unus
1730 5165 1840 5202 cum

264 5218 498 5334 "fieri,
519 5273 573 5325 in
910 5275 1082 5325 verius
1105 5272 1299 5337 aliquot
1319 5279 1451 5337 atas,
1482 5270 1534 5324 in

260 5336 326 5399 ὃς
346 5350 479 5385 eum
502 5338 550 5386 iu
573 5343 931 5399 Joan._£vang.,
956 5342 1093 5386 tract.
1118 5335 1167 5396 3,
1189 5335 1255 5384 'u.
1282 5335 1379 5399 19“:
1413 5344 1635 5399 «Quanto
1665 5338 1841 5389 melius

263 5413 285 5441 ι
305 5396 497 5448 lentius
519 5411 691 5448 contra
715 5396 882 5449 lauam'
893 5400 1128 5456 facerent,
1154 5409 1297 5459 quam
1320 5397 1404 5447 illo
1422 5397 1570 5459 dieiu
1593 5402 1841 5451 maeuianis

262 5474 285 5504 ι
299 5458 532 5522 altat-ent
548 5459 574 5508 τ
590 5478 612 5505 ι
636 5467 705 5522 De
718 5461 907 5510 sabbati
920 5472 1040 5509 vero
1051 5458 1392 5509 observatione
1402 5458 1574 5522 similia
1595 5463 1837 5522 reperies,

255 5520 1107 5583 rm.2iuPsaluuun32,su-m.
1146 5523 1204 5581 1,
1242 5534 1291 5570 ιι.
1326 5521 1388 5583 6;
1437 5520 1840 5574 etinPSabnum

253 5580 337 5709 9’?
352 5582 554 5694 gieQAm.
574 5652 628 5694 et
783 5652 841 5695 Αι
862 5651 938 5693 Er.
960 5652 1014 5695 et
1033 5650 1166 5706 Dom,
1189 5644 1431 5709 praecedet
1450 5650 1515 5696 te.

312 5706 549 5758 δεκω,
572 5713 626 5758 ει
647 5706 949 5772 aliquoties
997 5712 1148 5757 star.
1175 5706 1226 5757 et
1258 5713 1388 5770 Lov.,
1410 5713 1455 5757 et
1478 5713 1704 5771 umquam
1734 5723 1842 5762 car-

138 301 147 307 ’
242 333 310 390 π
1736 314 1842 370 εει

1947 315 1962 370 ι
1998 314 2088 371 IX.
3477 341 3545 396 78

1956 427 2144 484 nolunt
2190 444 2273 485 me
2323 431 2419 487 ista
2468 433 2663 491 dicere.
2714 434 2816 493 Sed
2857 440 3015 496 velint
3064 441 3259 509 nolint,
3304 443 3536 506 dicturus

1954 533 2093 573 smn.
2121 519 2174 575 Si
2216 521 2356 576 enim
2391 539 2488 579 vos
2530 541 2632 580 non
2672 530 2928 585 exhortor
2967 543 3025 586 ut
3066 549 3187 588 cum
3231 536 3534 597 adversario

1955 609 2314 676 concordatis,
2344 628 2441 684 rgo
2462 630 2582 670 eum
2608 618 2698 671 illo
2725 620 2775 673 in
2801 620 2895 677 lite
2925 627 3230 681 remanebo.
3259 629 3359 695 Qui
3390 634 3540 690 vobis

1951 700 2101 772 jubet
2133 712 2188 757 ut
2210 704 2433 771 faciatis,
2463 707 2577 777 ipse
2598 711 2748 766 nobis
2770 713 2916 782 jubet
2946 726 3002 770 ut
3026 716 3323 787 loquamur.
3349 721 3406 777 Si
3430 739 3527 779 orn

1953 790 2195 849 faciendo
2221 796 2360 864 quod
2387 797 2538 866 jubet
2562 808 2619 854 ut
2640 800 2841 857 faciatis
2860 845 2874 868 ,
2906 805 3194 863 adversarii
3232 811 3347 880 ejus
3373 815 3528 873 estis;

1953 900 2057 939 non
2083 883 2310 941 dicendo
2338 889 2479 959 quod
2519 891 2672 961 jubet
2704 903 2760 948 ut
2788 895 3063 966 dicamus,
3095 900 3382 959 adversarii
3417 905 3533 976 ejus

1952 978 2366 1035 remanebimus.

2022 1088 2249 1146 CAPUT
2290 1091 2376 1147 IV.
2405 1124 2474 1133 —
2502 1095 2554 1149 4.
2585 1094 2847 1168 Numquid
2880 1099 2932 1153 in
2964 1102 3191 1168 exteris,
3221 1118 3339 1173 qua:
3368 1119 3525 1176 supra

1951 1178 2083 1245 dixi,
2113 1182 2295 1236 multis
2322 1183 2633 1240 immoratus
2659 1188 2815 1242 sum?
2853 1189 2962 1245 lloc
2992 1191 3133 1245 enim
3164 1195 3527 1261 pra'sumimus

1950 1269 2020 1326 de
2056 1272 2324 1329 (iharitate
2368 1285 2577 1341 vestra,
2623 1279 2744 1350 quia
2788 1296 2950 1335 unum
2991 1282 3155 1337 Deum
3201 1285 3395 1339 colitis.
3422 1285 3532 1342 lloc

1952 1365 2322 1432 prmsumimus
2345 1366 2412 1422 de
2442 1366 2545 1423 fide
2566 1369 2843 1434 catholica,
2876 1387 2995 1441 qua:
3024 1373 3075 1427 in
3101 1374 3250 1429 vobis
3278 1384 3380 1439 est,
3411 1376 3534 1446 quia

1950 1454 2144 1511 Filium
2177 1458 2268 1512 Dei
2294 1460 2550 1530 requalem
2570 1462 2789 1518 creditis
2813 1465 2956 1519 Patri
2987 1483 3001 1520 :
3032 1480 3130 1522 nec
3152 1467 3204 1520 in
3226 1482 3417 1521 vanum
3441 1482 3536 1522 ac-

1949 1547 2126 1617 cipitis
2153 1564 2348 1605 nomen
2379 1552 2587 1608 Domini
2608 1555 2700 1611 Dei
2725 1557 2904 1619 vestri,
2935 1567 2989 1611 ut
3013 1559 3209 1628 putetis
3232 1570 3531 1615 creaturam

1949 1652 2070 1693 esse
2098 1639 2293 1695 Filium
2336 1642 2452 1698 Dei.
2498 1645 2758 1711 Quoniam
2806 1649 2981 1703 omnis
3027 1657 3269 1706 creatura
3314 1651 3532 1707 vanitati

1950 1729 2189 1800 subjecta
2218 1740 2301 1787 est
2327 1733 2503 1804 (Rom.
2531 1752 2645 1803 vtn,
2674 1737 2789 1811 20).
2821 1738 2926 1794 Sed
2956 1740 3175 1797 creditis
3196 1757 3320 1797 eum
3350 1758 3532 1813 :cquao

1948 1821 2054 1878 lem
2080 1823 2223 1879 Patri
2252 1840 2401 1894 esse,
2432 1827 2599 1884 Deum
2629 1829 2695 1884 de
2722 1831 3125 1896 Deo,.Verbum
3153 1835 3292 1905 apud
3325 1836 3488 1892 Deum
3512 1878 3529 1902 ,

1950 1911 2183 1970 Verbum
2213 1915 2397 1983 Deum,
2430 1934 2525 1988 per
2548 1919 2690 1990 quod
2718 1920 2853 1976 facta
2882 1932 3005 1978 sunt
3029 1926 3228 1992 omnia,
3261 1925 3440 1981 lumen
3465 1927 3533 1982 de

1950 2005 2169 2074 lumine,
2199 2018 2526 2066 cozetcrnum
2554 2012 2743 2083 illi‘qui
2770 2016 2973 2084 genuit,
2996 2032 3158 2072 unum
3185 2033 3306 2074 cum
3332 2019 3424 2074 illo
3442 2022 3531 2089 qui

1948 2098 2165 2167 genuit;
2197 2109 2252 2155 et
2280 2101 2382 2155 hoc
2409 2101 2640 2156 Verbum
2680 2104 2897 2160 creditis
2940 2110 3291 2179 assumpsisse
3318 2119 3529 2165 creatu—

1948 2204 2094 2257 ram,
2123 2191 2190 2246 de
2213 2192 2417 2261 virgine
2452 2193 2613 2248 Maria
2644 2198 2999 2265 assumpsisse
3022 2196 3410 2255 'mortalitatcm
3432 2242 3447 2268 ,
3479 2202 3537 2256 et

1953 2294 2170 2349 passum
2199 2280 2364 2337 fuisse
2402 2297 2503 2351 pro
2537 2284 2727 2339 nobis:
2759 2301 2820 2341 ea
2851 2287 3109 2358 legimus,
3139 2298 3196 2345 ει
3229 2290 3528 2353 credimus.

1949 2383 2008 2426 ut
2030 2371 2316 2429 salvemur.
2349 2372 2460 2429 Nee
2488 2375 2540 2428 in
2566 2390 2632 2431 eo
2660 2375 2973 2433 immoratus
2998 2394 3115 2434 sum
3135 2420 3151 2446 ,
3182 2392 3240 2435 ut
3275 2382 3530 2453 quidquid

1947 2461 2151 2531 facitis,
2181 2478 2280 2534 pro
2322 2479 2418 2536 spe
2464 2465 2637 2521 futura
2684 2467 2906 2524 faciatis.
2946 2469 3077 2525 Novi
3125 2472 3266 2527 enim
3293 2474 3530 2528 omnium

1947 2554 2370 2612 Christianorum
2402 2567 2610 2616 mentes
2635 2559 2703 2616 de
2728 2563 2925 2618 smculo
2951 2563 3127 2620 futuro
3155 2565 3405 2636 cogitare.
3428 2565 3530 2634 Qui

1947 2648 2088 2701 enim
2131 2663 2237 2703 non
2281 2648 2349 2703 de
2377 2647 2558 2705 futuro
2599 2653 2798 2707 saeculo
2841 2654 3068 2724 cogitat,
3111 2671 3209 2711 nec
3252 2646 3531 2726 propterea

1946 2737 2268 2796 christianus
2292 2750 2394 2807 est,
2425 2750 2485 2797 ut
2504 2741 2556 2797 id
2578 2743 2718 2814 quod
2749 2745 2801 2799 in
2831 2744 2934 2801 fine
2962 2746 3102 2803 Deus
3127 2749 3405 2818 promittit,
3437 2764 3532 2806 ae-

1946 2829 2127 2899 cipiat,
2157 2830 2391 2886 nondum
2421 2833 2745 2891 christianus
2767 2843 2868 2891 est.
2899 2835 3084 2907 Neque
3108 2838 3161 2892 in
3185 2853 3251 2894 eo
3280 2840 3532 2895 immora-

1950 2925 2035 2974 tus
2059 2933 2199 2988 sum,
2228 2921 2318 2977 ubi
2344 2921 2473 2978 dicit
2492 2938 2670 2981 sermo
2694 2925 2806 2991 Dei,
2854 2925 3069 2982 Honora
3098 2916 3291 2999 patrem
3317 2940 3456 2986 tuum
3484 2941 3531 2987 et

1945 3018 2158 3064 matrem
2186 3020 2343 3066 tuam.
2371 3012 2517 3068 Multi
2551 3016 2694 3070 enim
2725 3017 2989 3073 honorant
3013 3028 3290 3090 parentes,
3320 3031 3375 3077 et
3409 3039 3531 3078 raro

1946 3102 2251 3173 invenimus
2304 3116 2554 3177 parentes
2609 3122 3000 3180 conquerentes
3058 3113 3128 3169 de
3194 3114 3531 3185 improbitate

1947 3192 2217 3261 filiorum;
2249 3198 2491 3267 quamvis
2517 3214 2623 3254 non
2650 3199 2827 3256 desint
2854 3219 2867 3255 :
2902 3203 2997 3258 sed
3024 3211 3201 3259 tamen
3227 3221 3384 3276 quam
3408 3222 3531 3262 raro

1947 3284 2035 3351 tit,
2069 3293 2174 3340 tam
2219 3286 2452 3343 breviter
2491 3291 2816 3346 mouendum
2847 3292 2965 3347 fuit;
3010 3294 3119 3351 Nec
3148 3296 3200 3350 in
3226 3311 3292 3352 eo
3331 3297 3418 3352 ubi
3446 3298 3531 3352 di-

1946 3385 2090 3432 ctum
2121 3386 2232 3447 est,
2265 3378 2388 3435 Non
2426 3382 2651 3447 occides,
2696 3384 2967 3441 immorari
3011 3388 3150 3443 volui
3186 3407 3199 3443 :
3241 3405 3348 3445 non
3385 3392 3528 3446 enim

1946 3470 2108 3525 credo
2133 3485 2253 3527 esse
2290 3471 2378 3527 hic
2417 3475 2624 3530 turbam
2658 3476 3064 3532 homicidarum.
3104 3480 3233 3534 Illud
3261 3496 3389 3536 vero
3414 3497 3531 3535 ma-

1946 3559 2055 3615 lum
2086 3560 2193 3616 late
2222 3577 2444 3632 serpens
2488 3565 2604 3633 plus
2633 3567 2939 3637 occupavit,
2974 3578 3027 3624 et
3067 3569 3117 3623 in
3148 3585 3210 3624 eo
3242 3571 3528 3625 vehemen-

1948 3651 2053 3705 tius
2079 3650 2317 3706 irritatur
2341 3652 2680 3710 adversarius
2704 3657 2793 3711 ille
2813 3698 2827 3723 ,
2859 3658 2949 3728 qui
2976 3658 3095 3713 ideo
3124 3660 3345 3728 clamat,
3374 3670 3434 3715 ut
3459 3663 3533 3719 sit

1945 3744 2228 3814 aliquando
2263 3746 2485 3801 amicus.
2524 3747 2768 3816 Quercla:
2805 3751 3128 3822 quotidiana:
3172 3762 3323 3821 sunt,
3356 3771 3528 3827 quau-

1945 3850 2103 3907 quam
2136 3836 2263 3906 ipsa:
2294 3835 2503 3893 femina:
2523 3838 2633 3910 jam
2671 3855 2771 3896 nec
2803 3841 3002 3898 audent
3027 3846 3278 3914 conqueri
3307 3846 3375 3902 de
3404 3850 3532 3904 viris

1946 3928 2076 3982 suis.
2109 3927 2182 3983 lta
2209 3928 2466 3985 invadens
2496 3932 2675 3987 omnia
2704 3934 3033 3991 consuetudo
3057 3951 3155 4007 pro
3183 3936 3300 4007 lege
3322 3928 3528 3995 Vobser-

1944 4030 2118 4089 vatur,
2150 4030 2207 4077 ut
2237 4022 2348 4093 jam
2376 4030 2431 4077 et
2469 4024 2781 4086 mulieribus
2814 4025 2952 4080 forte
2985 4042 3293 4096 persuasum
3323 4030 3427 4095 sit,
3461 4030 3525 4084 li-

1945 4124 2068 4165 cere
2105 4111 2208 4166 hoc
2241 4110 2403 4178 viris,
2450 4127 2556 4166 non
2596 4113 2758 4168 licere
2790 4114 3121 4171 mulieribus.
3166 4116 3352 4173 Solent
3385 4120 3527 4175 enim

1948 4201 2133 4257 audire
2161 4202 2417 4257 adductas
2444 4203 2697 4259 mulieres
2725 4219 2845 4261 esse
2880 4205 2945 4261 ad
2990 4206 3158 4263 fotum
3180 4250 3195 4275 ,
3240 4226 3359 4280 qua:
3392 4211 3531 4267 forte

1946 4307 2064 4348 cum
2093 4293 2264 4348 servis
2290 4294 2517 4349 iuventte
2537 4306 2663 4350 sunt
2689 4314 2702 4349 :
2732 4296 3016 4353 adductum
3041 4299 3215 4355 virum
3239 4302 3304 4356 ad
3330 4302 3525 4371 forum,

1944 4383 2067 4452 quia
2097 4384 2341 4441 inventus
2377 4393 2462 4441 est
2500 4402 2619 4441 cum
2648 4388 2841 4444 ancilla
2869 4404 2997 4455 sua,
3031 4407 3296 4464 nunquam
3338 4394 3527 4451 audie-

1947 4483 2102 4541 runt;
2156 4489 2276 4530 cum
2323 4476 2396 4531 sit
2438 4491 2534 4547 par
2575 4487 2874 4548 peccatum.
2922 4482 2976 4536 In
3026 4493 3244 4552 peccato
3290 4486 3403 4557 pari
3446 4487 3527 4542 in-

1946 4567 2309 4623 nocentiorem
2372 4566 2498 4623 facit
2547 4568 2713 4625 videri
2758 4571 2963 4639 virum,
3020 4589 3125 4628 non
3172 4574 3346 4631 divina
3389 4578 3530 4633 veri-

1947 4666 2048 4725 tas,
2081 4659 2175 4714 sed
2204 4648 2434 4714 humana
2453 4661 2811 4730 perversitas.
2843 4663 2908 4718 Et
2944 4664 2988 4718 si
3017 4663 3153 4721 forte
3178 4664 3334 4722 hodie
3357 4668 3530 4725 acrio-

1945 4764 2059 4804 rem
2086 4750 2362 4820 quisquam
2388 4765 2577 4820 passus
2604 4750 2761 4807 fuerit
2786 4768 3004 4809 uxorem
3031 4769 3202 4825 suam,
3234 4766 3288 4812 et
3313 4744 3529 4815 liberius

1946 4853 2395 4908 murmurantem,
2436 4844 2521 4898 cui
2558 4844 2668 4913 jam
2713 4845 2991 4902 videbatur
3016 4848 3135 4919 quia
3166 4849 3360 4906 licebat
3387 4851 3533 4915 viro,

1945 4943 1999 4989 et
2024 4933 2224 4987 audivit
2249 4934 2300 4988 in
2329 4934 2566 4989 Ecclesia
2586 4936 2708 5006 quia
2734 4952 2838 4992 non
2860 4939 2986 4994 licet
3004 4940 3118 4995 viro
3147 4958 3162 4993 :
3190 4941 3235 4996 si
3256 4956 3384 5011 ergo
3403 4956 3535 5011 pas-
3588 4964 3602 4973 ·

1945 5042 2038 5081 sus
2054 5025 2214 5081 fuerit
2232 5040 2455 5081 uxorem
2475 5041 2626 5082 suam
2642 5027 2859 5085 liberius
2874 5030 3006 5099 jam,
3038 5040 3093 5086 ut
3121 5032 3248 5095 dixi,
3282 5048 3533 5087 murmu«

1945 5126 2171 5182 rautem,
2203 5128 2257 5173 et
2279 5117 2542 5172 dicentem
2564 5118 2687 5186 sibi,
2718 5119 2836 5174 Non
2862 5120 2984 5175 licet
3009 5123 3148 5191 quod
3177 5123 3336 5188 facis;
3369 5123 3529 5179 simul

1944 5208 2260 5272 audivimus,
2288 5206 2559 5263 christiani
2582 5223 2788 5275 sumus,
2810 5209 2950 5280 quod
2974 5225 3006 5266 a
3031 5227 3118 5268 me
3142 5214 3329 5284 exigis,
3362 5214 3528 5270 reddo

1946 5299 2075 5355 mihi
2108 5317 2122 5354 :
2154 5298 2311 5354 tidem
2358 5298 2453 5354 tibi
2495 5299 2702 5366 debeo,
2747 5300 2905 5358 fidem
2949 5302 3080 5359 mihi
3126 5303 3323 5371 debes,
3364 5306 3524 5362 ﬁdem

1945 5391 2159 5447 Christo
2177 5392 2335 5447 ambo
2354 5391 2645 5459 debemus;
2673 5404 2727 5449 et
2751 5396 2795 5450 si
2822 5411 2906 5452 me
2929 5395 3085 5463 fallis,
3109 5413 3213 5453 non
3240 5399 3378 5453 fallis
3402 5415 3524 5455 eum

1946 5486 2099 5556 cujus
2147 5501 2365 5553 sumus,
2419 5502 2523 5541 non
2578 5486 2715 5542 fallis
2757 5503 2878 5542 eum
2921 5489 3009 5558 qui
3056 5504 3155 5545 nos
3200 5490 3350 5545 emit.
3402 5490 3529 5548 Haec

1946 5588 2104 5650 atque
2128 5577 2431 5648 hujusmodi
2473 5578 2694 5633 audiens
2735 5578 2855 5644 ille,
2888 5593 3005 5648 qua:
3045 5595 3149 5634 non
3188 5580 3355 5646 solet,
3398 5581 3526 5640 dum

1950 5684 2054 5725 non
2092 5668 2203 5722 vult
2229 5668 2281 5722 in
2309 5684 2367 5723 se
2396 5667 2507 5722 fieri
2548 5683 2740 5734 sanus,
2769 5668 2821 5723 iu
2855 5685 2940 5723 me
2961 5668 3020 5725 lit
3047 5671 3296 5739 insanus,
3343 5674 3528 5730 irasci-

1950 5770 2055 5829 tur,
2096 5757 2364 5813 maledicit
2396 5775 2409 5813 :
2441 5756 2683 5815 fortassis
2726 5758 2884 5816 etiam
2919 5760 3080 5834 dicat,
3130 5763 3406 5833 Quomodo
3450 5765 3530 5823 fa-
