4076 6198
375 367 378 371 ’
423 316 492 368 τε)
1643 292 1695 345 S.
1744 285 2097 344 AUGIfSTiXi
2141 291 2433 351 i-Li’lSCOl’l
3622 305 3690 362 80

423 456 438 487 ι
460 447 566 488 ιιιιιι
594 442 672 488 est
703 440 756 485 ut
799 429 900 482 huc
946 426 1030 479 ille
1062 419 1259 474 veniret
1297 415 1399 487 (ιι),
1426 423 1531 493 aut
1576 426 1707 466 uxor
1737 426 1802 463 tu:
1823 428 1849 461 a
1884 409 1998 475 ipso

425 526 512 579 die
547 525 600 578 in
630 520 906 582 cceiesiam
953 508 1304 584 procederet?
1336 508 1399 560 Et
1427 506 1526 559 hoc
1569 503 1731 557 credo
1765 499 1902 570 quod
1949 499 1998 551 in

425 616 742 687 cogitatione
768 626 859 665 sua
881 609 1019 662 (lieni
1043 623 1054 658 :
1085 619 1203 658 nam
1232 600 1396 655 libere
1421 613 1703 664 ermnpere
1730 600 1783 647 in
1817 608 1998 646 vocem

428 684 531 763 non
560 707 745 771 audet,
788 717 885 756 nec
912 707 1035 753 ante
1079 697 1245 751 solam
1277 706 1498 748 uxorem
1536 703 1704 742 suam.
1737 684 2001 739 Fortassis

426 799 567 855 enim
591 798 632 851 si
653 794 906 863 eruperit,
929 801 977 845 et
1001 790 1099 844 hoc
1118 786 1330 850 dixerit,
1352 790 1523 853 potest
1546 781 1631 834 illa
1654 775 1995 846 respondere,

425 901 475 945 et
507 890 685 943 dicere
713 905 725 940 :
758 886 933 954 Quare
958 879 1259 945 maledicis,
1282 877 1364 931 cui
1408 874 1564 946 paulo
1590 882 1710 925 ante
1736 870 1999 923 acclama—

426 983 552 1037 bas?
578 980 736 1037 Certe
775 978 1027 1047 coaj'tges
1064 987 1245 1027 sumus
1272 989 1284 1024 :
1316 984 1434 1023 cum
1481 967 1656 1035 lingua
1686 972 1773 1017 tua
1798 962 2002 1016 discor-

423 1075 538 1139 das,
563 1087 768 1127 mecum
790 1068 1123 1124 concorditer
1140 1061 1404 1133 quomodo
1423 1059 1598 1112 vivere
1619 1053 1851 1125 poteris?
1872 1052 1997 1118 Nos,

425 1165 636 1228 fratres,
669 1160 896 1231 pericula
923 1165 1098 1213 vestra
1125 1154 1413 1217 intuemur,
1444 1165 1548 1203 non
1587 1146 1882 1200 voluntates
1912 1157 2003 1196 vc-

420 1266 563 1310 s’tras
589 1253 907 1308 attendimus
932 1268 945 1304 :
980 1264 1097 1302 nam
1126 1258 1176 1300 et
1206 1244 1441 1299 medicus
1463 1242 1506 1295 si
1530 1239 1851 1294 voluntatem
1875 1234 2000 1303 aegri

426 1345 681 1410 attrudat,
716 1357 979 1410 nunquam
1009 1339 1152 1393 illum
1180 1346 1347 1389 curat.
1378 1331 1527 1401 Quod
1561 1345 1662 1384 non
1694 1338 1775 1383 est
1806 1327 2001 1381 facien-

426 1439 585 1499 dum,
631 1451 735 1488 nou
770 1434 892 1487 ﬁat:
922 1430 1061 1500 quod
1098 1427 1343 1500 prohibet
1384 1425 1554 1485 Deus,
1597 1437 1701 1475 non
1751 1420 1855 1473 fiat.
1902 1419 1999 1485 Qui

430 1529 537 1580 Deo
558 1526 745 1588 credit,
775 1524 842 1577 ab
870 1524 982 1592 ipso
1009 1521 1151 1575 audit
1180 1517 1322 1588 quod
1351 1516 1594 1570 dicimus.
1626 1511 1780 1565 Certe
1813 1509 2001 1562 melius

425 1627 541 1672 crat
568 1616 878 1686 quihusdam
930 1612 1229 1667 nolentibus
1257 1592 1483 1676 corrigi,
1537 1613 1594 1658 ιιι
1628 1603 1710 1657 vel
1755 1601 1858 1656 hac
1896 1616 2000 1654 non

430 1711 747 1768 veniremus,
774 1706 819 1760 si
843 1706 940 1759 ista
970 1702 1158 1757 dicturi
1184 1716 1429 1762 eramus;
1461 1696 1542 1752 vel
1569 1695 1687 1765 quia
1712 1693 1821 1764 jam
1850 1692 2001 1747 veni-

422 1814 565 1861 auus,
600 1812 704 1849 non
730 1812 789 1849 ea
815 1794 1132 1854 diceremus.

580 1888 1013 1944 Nudiustcrtiano
1037 1885 1123 1938 die
1154 1882 1364 1937 memini
1394 1896 1477 1934 me
1499 1878 1696 1933 dixisse
1725 1873 2000 1932 Sanetitati

418 1996 640 2046 wstrm,
673 1984 792 2054 quia
817 1984 857 2037 si
886 1977 1165 2037 citharoedi
1191 1991 1449 2033 essemus.
1476 1982 1566 2026 aut
1585 1968 1883 2040 huiusmodi
1911 1967 2004 2022 ali-

428 2078 555 2145 quid
606 2075 926 2146 populariter
961 2071 1271 2125 exhibentes
1320 2080 1414 2135 pro
1459 2064 1646 2118 studiis
1693 2061 2004 2131 nugacitatis

416 2180 639 2233 'vestra‘,
667 2181 783 2235 quae
803 2165 910 2233 jam
935 2174 1238 2231 qua-sumus
1263 2166 1319 2211 ut
1343 2154 1672 2224 relinquatis,
1703 2149 2004 2205 tenuissetis

431 2273 550 2315 nos.
585 2264 641 2310 ut
675 2256 921 2309 daremus
948 2252 1095 2304 vobis
1123 2249 1263 2303 diem
1284 2291 1298 2314 ,
1328 2256 1381 2301 et
1410 2246 1633 2315 quisque
1668 2256 1764 2313 pro
1794 2240 2006 2294 modulo
2048 2302 2069 2321 ο

416 2364 525 2401 suo
548 2347 811 2401 cnni'crret
846 2343 995 2397 nobis
1036 2339 1355 2395 mercedem.
1392 2337 1568 2403 Quare
1611 2333 2006 2387 ambularemus

426 2437 672 2493 delectati
704 2436 854 2490 vanis
880 2432 1100 2487 canticis
1119 2431 1244 2484 nulli
1277 2428 1347 2480 rei
1373 2425 1683 2495 profuturis,
1709 2426 1774 2476 ad
1802 2433 2007 2491 tempus

428 2528 690 2593 dulcibus,
724 2527 775 2580 in
806 2532 1076 2595 posterum
1107 2519 1342 2575 amaris?
1369 2517 1584 2572 Talibus
1609 2514 1806 2570 etenim
1837 2512 2008 2581 turpi-

431 2619 701 2673 tudinibus
724 2617 1028 2671 cantionum
1050 2612 1212 2666 animi
1234 2610 1447 2664 lnunatii
1478 2607 1637 2662 illecti
1666 2615 2003 2666 cncrvantur,

430 2720 486 2763 et
513 2709 763 2763 decidunt
786 2721 817 2761 a
842 2705 1038 2760 virtute
1060 2745 1075 2768 ,
1114 2702 1408 2757 detinentes
1438 2699 1490 2753 in
1517 2697 1927 2768 turpitudinem;
1957 2704 2011 2749 et

435 2810 652 2869 propter
678 2800 820 2868 ipsas
847 2795 1197 2865 turpitudines
1226 2800 1409 2861 postea
1436 2790 1672 2844 sentiunt
1691 2788 1925 2852 dolores,
1956 2795 2011 2842 et

426 2906 552 2944 cum
584 2903 772 2959 magna
792 2885 1141 2940 amaritudine
1166 2880 1567 2953 digeruntquod
1588 2894 1707 2934 cum
1734 2877 2012 2933 dulcedine

436 2980 712 3049 temporali
760 2978 1025 3033 biberunt.
1076 2962 1262 3030 Melius
1309 2988 1436 3043 ergo
1482 2987 1582 3027 nos
1629 2984 1809 3024 amara
1862 2968 2012 3023 vobis

429 3080 710 3124 cantamus
734 3069 799 3122 ad
832 3078 1055 3136 tempus,
1087 3082 1203 3136 qua:
1231 3074 1409 3133 postea
1436 3063 1744 3119 dulcescunt
1768 3062 1821 3115 in
1841 3060 2010 3115 vobis.

434 3160 545 3215 Nec
569 3157 868 3213 mercedem
892 3158 1119 3226 aliquam
1148 3154 1437 3224 exigimus,
1468 3152 1569 3207 nisi
1595 3162 1649 3206 ut
1671 3150 1877 3205 faciatis
1896 3164 2014 3220 qua:

426 3252 663 3305 dicimus
688 3267 700 3303 :
728 3249 835 3303 imo
863 3263 966 3302 non
1008 3247 1210 3301 faciatis
1232 3287 1246 3312 ,
1275 3246 1320 3301 si
1351 3260 1450 3300 nos
1477 3244 1740 3299 dicimus:
1762 3243 1809 3297 si
1837 3251 2013 3297 autem

426 3342 685 3397 munibus
714 3341 803 3395 ille
828 3340 989 3406 dicit,
1022 3340 1108 3409 qui
1140 3339 1407 3393 neminem
1450 3338 1630 3403 timet,
1657 3346 1710 3390 et
1740 3352 1834 3406 per
1858 3352 2013 3405 quem

438 3436 496 3487 lit
524 3434 573 3487 in
618 3432 832 3487 nomine
861 3430 1027 3500 ipsius
1051 3439 1104 3484 et
1132 3429 1181 3482 in
1220 3428 1385 3497 gloria
1424 3426 1800 3482 misericordiae
1828 3426 2013 3495 ipsius,

425 3534 493 3578 ἰιι
543 3533 596 3577 ct
645 3538 741 3577 nos
785 3522 1049 3576 Lentincm
1096 3520 1410 3584 timeamus;
1457 3533 1643 3572 ontnes
1685 3517 2013 3583 audivimus,

428 3630 629 3669 omnes
655 3613 930 3680 faciamus,
959 3627 1147 3668 omnes
1175 3626 1297 3666 cum
1336 3620 1520 3667 nostro
1562 3609 1864 3665 adversario
1890 3622 2019 3666 con-

428 3704 734 3759 cordcmns.

514 3796 568 3849 6.
609 3794 798 3849 Putate
829 3809 916 3848 me
955 3792 1306 3849 cithara-dum
1334 3808 1451 3847 esse
1479 3794 1518 3858 ¹;
1549 3792 1675 3862 quid
1700 3792 1848 3848 vobis
1894 3806 2019 3861 pos-

446 3900 560 3939 sum
589 3885 814 3952 amplius
855 3883 1080 3936 cam-re?
1126 3884 1263 3936 Ecce
1304 3882 1614 3951 psalterium
1665 3881 1800 3946 fero,
1832 3881 2017 3937 decem

444 3978 674 4033 chordas
700 3976 860 4031 habet
894 3994 907 4031 :
936 3975 1038 4029 hoc
1060 3989 1156 4028 vos
1193 3974 1351 4045 paulo
1399 3982 1525 4029 ante
1554 3973 1826 4040 cantastis,
1862 3982 2017 4027 ante-

442 4085 600 4141 quam
658 4068 947 4137 iucipercm
1000 4065 1175 4136 loqui;
1225 4063 1419 4120 chorus
1462 4076 1614 4119 mens
1663 4080 1758 4118 vos
1821 4062 2014 4119 fuistis.

516 4158 739 4213 CAPUT
764 4157 1087 4212 V.—Nounc
1115 4172 1208 4211 vos
1228 4156 1385 4226 paulo
1409 4164 1533 4211 ante
1563 4156 1834 4220 cautastis,
1857 4154 2014 4222 Deus,

441 4251 692 4304 (anticum
718 4264 897 4302 ιιουιιιιι
914 4247 1122 4301 cantabo
1143 4247 1252 4312 tibi,
1285 4247 1338 4299 in
1359 4247 1592 4318 psalterio
1618 4246 1785 4301 decem
1805 4246 2019 4300 chorda-

443 4361 550 4397 rum
570 4342 783 4414 psallam
796 4340 883 4394 tibi
910 4339 1077 4410 (Ptol.
1093 4354 1277 4405 csuu,
1297 4338 1381 4408 9)?
1409 4338 1556 4407 ipsas
1580 4338 1764 4393 decem
1793 4337 2021 4394 chordas

446 4434 604 4488 modo
620 4433 874 4500 percutio.
894 4431 1066 4498 Quare
1081 4444 1261 4484 amara
1272 4439 1353 4484 est
1370 4445 1467 4483 vox
1484 4429 1720 4499 psalterii
1732 4430 1851 4486 Dei?
1868 4430 2022 4485 Psal-

444 4537 549 4582 tom
576 4524 664 4578 tibi
690 4524 743 4577 in
771 4524 1013 4597 psalterio
1034 4523 1204 4576 decem
1224 4522 1551 4577 chordarum.
1588 4522 1703 4576 Non
1727 4524 1874 4578 vobis
1921 4524 2021 4581 hoc

445 4628 624 4685 canto,
651 4617 790 4688 quod
829 4631 925 4671 vos
948 4630 1055 4670 non
1101 4613 1320 4668 faciatis.
1362 4613 1654 4683 Dccalogns
1697 4615 1838 4669 enim
1868 4614 2022 4687 chis

450 4715 634 4769 decem
689 4720 961 4783 praecepta
1011 4711 1169 4766 habet
1202 4726 1356 4781 :qna:
1404 4710 1586 4767 decem
1642 4723 1903 4783 przecepta
1942 4716 2023 4772 sic

449 4804 892 4869 suntdistributa,
921 4810 982 4858 ut
1005 4803 1102 4859 tria
1128 4803 1429 4874 pertineant
1466 4804 1531 4859 ad
1578 4804 1764 4872 Deum,
1818 4814 2020 4876 septem

453 4897 756 4969 pertineant
779 4897 847 4952 ad
873 4896 1137 4952 homines.
1165 4896 1287 4951 Tria
1302 4895 1369 4952 ad
1392 4896 1574 4962 Deum,
1603 4912 1723 4967 qua:
1745 4899 1857 4969 jam
1882 4898 2016 4953 dixi:

452 4991 598 5047 Unus
624 5000 708 5048 est
730 4990 869 5046 Deus
895 4990 1157 5057 noster,ei
1184 4991 1380 5046 nullam
1404 4990 1800 5047 similitudinem
1821 4994 1842 5025 '
1862 4992 2021 5048 debe-

450 5098 572 5139 mus
596 5083 807 5150 facere,
857 5093 912 5139 ct
942 5098 1049 5139 non
1102 5082 1348 5139 fornicari
1390 5091 1509 5154 post
1538 5083 1725 5150 Deum,
1751 5085 1839 5153 qui
1886 5099 2022 5140 unus

454 5184 535 5230 est
564 5174 722 5244 :quia
753 5174 891 5229 Deus
913 5175 933 5206 ³
962 5183 1019 5230 et
1043 5174 1288 5232 Christus
1307 5173 1471 5230 Filius
1488 5175 1580 5231 Dei
1611 5192 1769 5230 umtm
1799 5185 1880 5231 est
1900 5192 2020 5231 cum

507 5288 528 5320 ⁸
550 5293 653 5338 Din
673 5295 779 5337 uss.
801 5300 816 5337 :
842 5292 1010 5337 Putate
1030 5298 1108 5338 me
1127 5285 1259 5338 diem
1275 5286 1483 5348 dedisse,
1506 5294 1671 5351 putate
1690 5300 1766 5340 me
1795 5288 2021 5342 cithara:-

447 5352 562 5400 dam
582 5361 703 5400 esse.
728 5357 825 5400 etc.

481 5361 703 5400 ιιιιιεεδι.
728 5357 825 5400 etc.

510 5361 703 5409 messe,
728 5361 825 5400 etc.

510 5413 531 5444 ³
548 5409 772 5475 Plerique
791 5416 922 5475 Mss,
945 5413 991 5460 et
1012 5407 1193 5475 nullam
1213 5407 1591 5461 similitudinem.

469 5487 477 5494 ·
520 5533 527 5535 _
554 5474 627 5535 sic
648 5471 754 5523 mss.
780 5472 896 5535 Editi
922 5484 1061 5535 vero,
1080 5471 1164 5535 qui
1187 5479 1330 5523 Deus.

510 5533 583 5595 (τι)
606 5535 721 5584 Itiuc
755 5533 894 5597 facile
929 5532 1173 5597 intelligas
1208 5545 1484 5597 sermonem
1513 5534 1576 5584 ab
1606 5538 1866 5597 Augustino
1888 5536 2023 5587 babi-

449 5594 780 5660 tum'essein
819 5594 976 5660 aliena
1012 5594 1243 5660 ecclesia,
1271 5594 1402 5660 forte
1433 5597 1562 5660 apud
1589 5594 2019 5660 Carthaginenses:

448 5662 587 5727 certe
608 5656 802 5727 quidem
820 5657 944 5717 apud
962 5657 1183 5727 hornines
1205 5658 1327 5709 ludis
1349 5656 1538 5709 deditos
1578 5667 1627 5709 et
1666 5656 1970 5723 Spectaculis,
1995 5674 2023 5713 a

450 5720 626 5773 quita-.5
649 5719 821 5778 tussim
842 5727 1035 5767 revocat
1059 5719 1107 5767 in
1125 5732 1194 5767 ra.

2115 408 2288 464 Patre.
2319 412 2377 465 Et
2412 412 2530 467 ideo
2557 428 2659 467 non
2706 414 2859 468 debet
2902 432 2930 470 a
2963 417 3118 472 nobis
3172 419 3337 489 accipi
3381 419 3433 474 in
3470 436 3685 488 vanum,

2109 510 2156 553 ut
2190 511 2436 570 putemus
2464 521 2585 559 eum
2633 506 2848 572 factum,
2882 509 2929 561 id
2971 521 3073 570 est,
3098 520 3392 567 creatura-in
3434 514 3685 583 aliquam,

2108 606 2201 658 per
2244 608 2401 662 quem
2435 595 2564 647 facta
2612 607 2736 650 sunt
2783 599 2956 652 omnia
2991 618 3003 654 :
3038 604 3156 670 quia
3201 604 3310 673 ipse
3360 619 3496 658 lllltls
3524 607 3680 670 Dens,

2109 683 2263 737 l‘atcr
2286 695 2364 739 est
2390 695 2439 740 et
2464 687 2626 741 Filius
2665 700 2719 743 et
2744 690 2975 758 Spiritus
2996 705 3226 747 sanctus.
3255 696 3308 748 In
3342 694 3540 763 Spiritu
3572 713 3684 753 san-

2106 782 2213 837 cto,
2239 775 2338 828 hoc
2363 789 2475 841 est,
2512 778 2564 831 ir.
2592 779 2735 851 dono
2777 781 2889 843 Dei,
2924 783 3133 851 requies
3181 785 3332 839 nobis
3361 788 3683 857 sempiterna

2106 868 2450 933 promittitur.
2490 870 2614 923 lude
2664 870 2820 926 modo
2852 873 3038 941 pignus
3068 877 3388 944 accepimus.
3412 877 3499 932 Sic
3537 881 3681 932 enim

2103 955 2232 1010 dicit
2282 959 2563 1026 Apostolus
2598 961 2736 1026 :Qm'
2796 963 2931 1016 dedit
2975 966 3116 1019 nobis
3162 967 3343 1036 pignus
3390 968 3680 1039 Spiritum‘

2105 1048 2173 1117 (ll
2199 1048 2495 1122 Cor.t,29).
2529 1052 2584 1107 Si
2615 1055 2801 1124 pignus
2838 1056 3159 1126 accepimus,
3190 1069 3247 1113 ut
3287 1060 3599 1128 incipiamus
3629 1063 3681 1117 in

2105 1141 2330 1196 Domino
2356 1154 2409 1198 et
2440 1146 2488 1198 in
2518 1147 2626 1201 Deo
2659 1157 2842 1203 nostro
2869 1151 3137 1221 tranquilli
3168 1168 3308 1215 esse,
3340 1162 3397 1207 ut
3432 1156 3600 1209 simus
3630 1156 3681 1209 in

2110 1231 2221 1285 Deo
2240 1244 2420 1287 nostro
2435 1236 2609 1302 mites,
2630 1239 2794 1292 simus
2811 1240 2824 1293 i
2833 1259 2861 1292 ιι
2885 1241 2991 1295 Deo
3007 1243 3284 1311 patientes;
3300 1246 3498 1300 erimus
3524 1247 3682 1300 etiam

2107 1323 2157 1375 in
2173 1324 2262 1377 illo
2279 1325 2416 1379 unde
2438 1326 2622 1395 pignus
2639 1330 2958 1398 accepimus,
2977 1331 3028 1385 in
3046 1341 3301 1386 :etrrnnm
3330 1336 3511 1404 quieti;
3543 1336 3681 1405 quod

2104 1414 2206 1488 erit
2242 1417 2517 1471 sabbatum
2572 1420 2931 1485 sabbatorum,
2978 1434 3193 1491 propter
3234 1426 3401 1492 ipsam
3446 1427 3681 1494 requiem

2106 1505 2455 1573 pertinentem
2479 1508 2544 1561 ad
2572 1509 2767 1564 donum
2797 1511 3025 1579 Spiritus
3070 1515 3262 1567 sancti.
3295 1514 3531 1570 Tertium
3579 1518 3683 1571 ita-

2105 1611 2208 1664 que
2229 1608 2548 1667 prteceptum
2571 1600 2637 1654 de
2657 1602 2895 1665 sabbato,
2921 1604 3062 1673 quod
3100 1605 3351 1669 diximus,
3382 1607 3523 1677 quod
3560 1624 3680 1664 car-

2106 1686 2300 1741 naliter
2319 1685 2486 1743 .ludmi
2512 1691 2803 1753 celebrant,
2830 1708 2926 1747 uos
2948 1695 3300 1763 spiritualitcr
3313 1708 3680 1765 agnoscamus.

2105 1776 2235 1830 Nam
2284 1779 2403 1847 quia
2446 1780 2675 1849 Spiritus
2713 1795 2925 1837 sanctus
2969 1786 3167 1841 dicitur
3187 1788 3228 1852 ',
3278 1796 3561 1857 propterea
3599 1805 3684 1844 se-

2107 1868 2329 1936 ptimum
2366 1869 2505 1924 diem
2535 1872 2877 1927 sanctificavit
2907 1875 3065 1940 Deus,
3096 1878 3308 1946 quando
3348 1879 3472 1934 fecit
3507 1880 3684 1934 omnia

2107 1973 2267 2027 opera
2289 1975 2404 2023 sua,
2433 1961 2568 2015 sicut
2611 1964 2662 2016 in
2689 1963 2878 2017 Genesi
2923 1966 3177 2035 scriptum
3202 1968 3443 2036 legionis.
3472 1969 3585 2023 Non
3613 1970 3684 2025 ibi

2110 2047 2273 2102 habes
2315 2050 2634 2104 nominatam
2687 2054 3179 2121 sattctiiieatimiem,
3210 2056 3308 2110 nisi
3352 2059 3441 2112 illo
3483 2059 3570 2113 die
3596 2061 3684 2113 ubi

2108 2136 2317 2202 dicitur,
2380 2139 2639 2208 Requicrt't
2682 2141 2814 2196 Deus
2856 2146 2918 2197 ab
2962 2146 3193 2214 aperibas
3224 2149 3345 2200 suis.
3384 2148 3497 2202 Non
3541 2150 3683 2204 enim

2110 2226 2360 2297 fatigatus
2387 2239 2504 2284 erat
2542 2232 2704 2298 Dens,
2742 2244 2801 2286 ut
2841 2235 3128 2301 diceretur,
3163 2238 3418 2306 Ithaierit
3447 2239 3583 2293 Deus
3623 2243 3689 2292 ab

2109 2323 2343 2389 aperibas
2368 2324 2474 2377 suis
2506 2324 2671 2395 (Con.
2701 2343 2758 2391 ιι,
2792 2326 2866 2398 5)
2902 2347 2914 2380 :
2949 2329 3041 2383 sed
3071 2332 3121 2383 in
3159 2332 3250 2383 illo
3278 2333 3440 2386 verbo
3476 2333 3568 2386 tibi
3610 2334 3687 2387 la-

2110 2412 2316 2469 boranti
2355 2417 2588 2485 requiem
2639 2420 2910 2485 promisit;
2942 2430 2998 2474 nt
3025 2422 3147 2490 quia
3171 2420 3295 2475 fecit
3333 2425 3510 2477 omnia
3546 2425 3683 2478 bona

2112 2505 2283 2570 valde,
2313 2516 2365 2558 et
2384 2508 2461 2560 sic
2481 2506 2689 2571 dicitur,
2725 2506 2982 2577 chm'cvit
3024 2509 3183 2574 Deus,
3228 2512 3490 2581 intelligas
3528 2516 3685 2569 etiam

2115 2605 2165 2652 te
2190 2608 2309 2668 post
2333 2598 2468 2652 bona
2495 2615 2652 2668 opera
2676 2601 3058 2669 requieturum,
3087 2612 3140 2657 ct
3161 2606 3273 2660 sine
3301 2608 3395 2660 llue
3419 2607 3685 2675 requietu-

2112 2701 2250 2741 rum.
2283 2687 2412 2741 Nam
2444 2688 2618 2743 omnia
2646 2691 2918 2758 superiora
2964 2708 3080 2761 qiue
3106 2692 3244 2747 dicta
3299 2706 3442 2760 sunt,
3496 2696 3545 2748 id
3583 2708 3686 2760 est,

2113 2776 2227 2831 dies
2253 2778 2555 2847 superiores
2585 2779 2779 2833 habent.
2807 2795 3082 2848 vesperam
3112 2801 3124 2835 :
3154 2784 3411 2859 septimus
3440 2785 3540 2839 iste
3575 2785 3690 2840 dies

2115 2884 2219 2924 non
2250 2869 2410 2923 habet
2430 2886 2724 2941 vesperam,
2761 2872 2848 2926 ubi
2877 2874 3015 2929 lleus
3044 2876 3395 2931 sanctificat-it
3425 2882 3684 2947 requiem.

2118 2961 2319 3015 Dicitur
2350 2962 2441 3028 ibi,
2474 2962 2692 3017 Factum
2718 2976 2805 3019 est
2827 2980 3003 3028 tuane,
3037 2977 3093 3019 nt
3123 2967 3380 3036 inciperet
3412 2969 3523 3037 ipse
3551 2969 3688 3023 dies.

2118 3052 2231 3107 Non
2257 3052 2454 3109 dictum
2480 3062 2582 3119 est,
2608 3053 2824 3108 Factum
2848 3065 2929 3108 est
2951 3070 3191 3125 vespere,
3217 3069 3272 3111 ut
3288 3059 3689 3114 linireturdics:

2119 3143 2211 3196 sed
2242 3142 2440 3201 dictum
2468 3151 2570 3208 est,
2603 3142 2819 3196 Factum
2843 3154 2923 3199 est
2951 3161 3125 3210 mane,
3153 3156 3209 3200 ut
3251 3148 3394 3203 fieret
3440 3150 3555 3205 siue
3590 3150 3691 3204 line

2118 3234 2252 3289 dies.
2282 3234 2370 3290 Sic
2401 3234 2583 3304 incipit
2628 3249 2756 3303 ergo
2803 3238 3012 3304 requies
3046 3248 3251 3296 nostra.
3297 3240 3444 3307 quasi
3489 3256 3643 3295 mane
3676 3259 3689 3294 :

2120 3326 2212 3382 sed
2239 3341 2343 3380 non
2370 3327 2566 3391 linitur,
2621 3325 2743 3394 quia
2775 3325 2825 3378 in
2854 3338 3112 3381 aeternum
3158 3331 3413 3383 vivemus.
3444 3331 3522 3384 Ad
3560 3330 3693 3386 hanc

2120 3434 2269 3489 spem
2297 3418 2549 3488 quidquid
2591 3418 2812 3471 facimus
2836 3418 2877 3472 si
2922 3419 3164 3487 facimus,
3204 3421 3482 3478 sabbatum
3511 3425 3694 3479 obser-

2119 3524 2326 3565 vamus.
2351 3509 2464 3578 Ipsa
2493 3518 2573 3563 est
2600 3509 2751 3562 tertia
2780 3507 2976 3563 chorda
3010 3511 3165 3580 hujus
3192 3513 3452 3585 decaiogi,
3505 3516 3555 3569 id
3577 3527 3690 3579 est,

2120 3601 2356 3671 psalterii
2412 3598 2732 3655 decachordi
2766 3616 2777 3651 :
2809 3600 2862 3653 in
2913 3600 3107 3657 tribus'
3147 3605 3289 3658 enim
3357 3607 3572 3661 chordis
3626 3609 3691 3663 ad

2124 3693 2291 3748 Deum
2312 3693 2576 3762 pertinent
2604 3703 2886 3762 praecepta.

2192 3783 2414 3840 CAPUT
2447 3783 2533 3837 \'l.
2559 3813 2631 3824 -—
2658 3784 2708 3836 7.
2750 3782 2805 3836 Si
2844 3783 3111 3840 diceretur
3143 3787 3316 3863 nobis,
3346 3787 3537 3857 Diliges
3588 3787 3695 3841 Do-

2121 3879 2314 3931 minum
2342 3875 2502 3929 Deum
2525 3876 2661 3929 (uuln
2693 3893 2753 3931 ex
2782 3885 2883 3931 toto
2909 3878 3058 3931 corde
3086 3888 3189 3943 tuo,
3221 3891 3266 3932 et
3295 3896 3356 3932 cx
3400 3889 3500 3933 tota
3526 3882 3697 3934 anima

2121 3977 2228 4035 tua,
2262 3978 2309 4021 et
2330 3984 2393 4022 ea:
2420 3976 2522 4020 tota
2560 3977 2721 4021 mente
2755 3980 2861 4034 tua,
2892 3978 2944 4023 et
2970 3969 3033 4023 de
3060 3986 3301 4040 proxuuo
3341 3983 3523 4024 nostra
3568 3972 3692 4025 nihil

2120 4059 2407 4124 diceretur,
2437 4075 2540 4113 non
2580 4074 2723 4117 esset
2765 4060 3173 4125 decachordum,
3203 4060 3294 4114 sed
3348 4062 3694 4115 trichordum.

2128 4150 2262 4219 Quia
2310 4166 2437 4204 vero
2488 4151 2689 4205 addidit
2739 4151 3013 4215 Dominus,
3071 4149 3161 4203 Et.
3195 4151 3370 4221 diliges
3414 4153 3697 4222 proximum

2129 4251 2270 4294 tuum
2313 4250 2546 4310 tanquam
2577 4251 2622 4293 te
2648 4242 2869 4311 ipsum:
2900 4250 2952 4294 et
2986 4242 3253 4294 contexuit
3274 4241 3475 4308 dicens,
3522 4242 3587 4295 In
3621 4244 3698 4295 his

2125 4330 2322 4385 duobus
2344 4332 2602 4403 promptis
2624 4341 2725 4385 tota
2751 4331 2858 4386 Lex
2879 4333 3057 4401 pendet
3083 4342 3126 4384 ct
3154 4331 3419 4402 Pl'Op/tt’ltl?
3457 4336 3474 4404 (
3508 4335 3694 4389 Matth.

2132 4438 2262 4489 χχιι,
2295 4421 2479 4492 5³7ιᾶ0)
2505 4440 2516 4474 :
2545 4432 2650 4476 tota
2690 4422 2797 4477 Lex
2840 4423 2893 4475 in
2937 4421 3141 4477 duobus
3186 4425 3463 4492 praeceptis
3497 4434 3597 4490 est,
3644 4428 3694 4480 in

2125 4512 2408 4569 dilectione
2438 4513 2531 4567 Dei
2573 4522 2628 4567 et
2670 4512 2951 4567 dilectione
2989 4513 3243 4580 proximi;
3274 4513 3339 4567 ad
3377 4513 3482 4568 dno
3525 4516 3699 4585 itaque

2129 4613 2414 4674 praecepta,
2449 4603 2499 4657 id
2526 4614 2626 4668 est,
2657 4602 2721 4656 ad
2749 4602 3085 4657 dilectionem
3132 4602 3222 4656 Dei
3254 4606 3545 4673 etprosimi
3577 4622 3699 4676 pcr-

2129 4698 2260 4751 tinet
2283 4696 2591 4766 decalogns.
2622 4696 2701 4750 Ad
2728 4699 2958 4767 primum
2995 4704 3317 4767 pra-ceptum
3342 4705 3449 4751 tres
3488 4697 3701 4753 chorda:

2127 4788 2411 4857 pertinent,
2437 4787 2557 4856 quia
2596 4787 2735 4841 Dens
2774 4796 2857 4842 est
2899 4788 3149 4842 Trinitas.
3187 4788 3267 4843 Ad
3309 4789 3534 4844 alterum
3576 4804 3703 4844 vero

2131 4888 2472 4949 prmceptum,
2508 4875 2559 4930 id
2603 4888 2706 4943 est,
2731 4877 2797 4932 ad
2830 4878 3166 4933 dilectionem
3202 4879 3456 4949 proximi,
3497 4890 3699 4949 septem

2126 4970 2339 5026 chordae
2369 4988 2382 5024 :
2411 4969 2678 5040 quomodo
2720 4969 2925 5024 vivatur
2946 4969 3086 5026 inter
3125 4970 3386 5026 homines.
3418 4970 3550 5027 Nam
3591 4972 3705 5042 ipse

2129 5079 2382 5118 numerus
2414 5062 2765 5132 septenarius,
2802 5071 3053 5135 tanquam
3103 5072 3306 5134 septem
3358 5064 3703 5131 chordarum,

2129 5154 2314 5223 incipit
2339 5153 2408 5207 ab
2432 5151 2637 5207 honore
2660 5161 2937 5222 parentum
2969 5174 2983 5206 :
3014 5152 3224 5208 Honora
3259 5163 3453 5224 patrem
3485 5163 3626 5207 tuum
3659 5165 3708 5208 et

2129 5253 2339 5298 matrem
2368 5252 2507 5297 tuam
2528 5242 2548 5315 (
2568 5241 2733 5296 Exod.
2762 5257 2852 5307 xx,
2883 5244 2991 5316 12).
3023 5245 3103 5299 Ad
3132 5253 3383 5315 parentes
3410 5245 3553 5300 enim
3581 5260 3707 5300 suos

2189 5357 2207 5389 ί
2233 5356 2608 5419 Pancia'esuss.
2635 5367 2649 5404 :
2674 5354 2894 5419 Spiritus.

2188 5419 2210 5450 ί
2237 5416 2390 5482 editi:
2416 5415 2619 5480 Spiritus
2648 5415 3161 5482 sanctusrseptifomiis
3192 5417 3390 5482 dicitm'.
3426 5417 3712 5482 vox,scpti-

2125 5478 2308 5544 formis,
2333 5478 2474 5528 abest
2493 5490 2533 5544 _a
2553 5481 2889 5544 manuscriptis
2924 5478 3191 5531 'et’abesse
3211 5480 3598 5544 debet,_qnamlo

2125 5541 2270 5604 docet
2308 5541 2598 5604 Augustinus
2637 5541 2834 5590 tertium
2867 5549 3162 5604 praeceptum
3200 5542 3264 5590 de
3301 5541 3488 5604 sabbati
3535 5541 3713 5604 requie

2127 5600 2458 5666 pertineread
2481 5603 2700 5666 tritum
2722 5600 2955 5666 sanctum,
2977 5600 3124 5666 atoue
3140 5604 3400 5664 septimum
3419 5602 3569 5661 diem,
3584 5600 3712 5666 quod

2128 5663 2379 5712 sabbatum
2403 5671 2496 5715 est.
2521 5664 2696 5713 idcirco
2717 5663 3062 5716 sanctiﬁcatum
3084 5663 3232 5717 fuisse
3254 5676 3284 5713 a
3302 5671 3420 5724 Deo,
3444 5666 3556 5728 quia
3574 5663 3713 5724 Spiri-

2129 5735 2209 5771 tus
2230 5722 2403 5771 dicitur
2424 5736 2632 5771 sanctus.

2129 5735 2209 5775 tus
2230 5735 2403 5774 ιιιςιιιιι·
2424 5736 2632 5774 sanctus.
