4024 6202
256 346 318 403 ιιι
758 356 761 359 ·
1745 325 1852 383 εει

1959 325 1979 381 )
2016 325 2108 383 IX.

260 462 425 517 homo
456 456 632 528 aperit
661 455 871 519 oculos,
925 461 980 509 et
1004 451 1119 508 lucc
1156 451 1267 506 vita
1304 448 1371 503 ab
1396 461 1584 504 eorum
1624 442 1859 499 amicitia

260 553 423 608 sumit
442 547 750 605 exordium.
777 545 1034 616 Quisquis
1053 554 1232 600 autem
1261 542 1372 598 suis
1401 540 1714 612 parentibus
1750 552 1859 593 non

261 644 437 700 defert
460 642 747 705 honorem,
779 639 977 710 quibus
1017 652 1204 707 parcre
1223 636 1239 668 ¹
1272 633 1506 706 poterit?
1530 620 1743 687 Honora
1773 646 1858 700 pa-

260 750 391 793 trem
416 748 552 791 tuum
584 744 633 788 ot
662 742 880 797 matrem
925 742 1085 786 tuam.
1117 729 1183 784 Et
1207 729 1336 784 dicit
1382 725 1668 798 Apostolus
1697 743 1711 780 ε
1747 722 1858 777 llo-

263 847 397 884 nam
426 838 613 899 patrem
645 834 793 878 tuum
824 833 870 877 et
914 833 1126 877 matrem
1152 831 1310 887 tuom,
1360 820 1494 892 quod
1520 826 1597 873 est
1642 816 1858 871 munda-

265 929 374 972 tum
434 917 651 988 primum
701 913 948 985 (Epiros.
1009 929 1080 979 vt,
1110 912 1147 966 2
1175 911 1220 985 ).
1264 910 1546 978 Quomodo
1609 909 1850 979 primum,

260 1009 471 1081 quando
494 1020 746 1079 quartum
793 1016 878 1061 est
929 1005 1257 1069 mandatum,
1289 1004 1391 1058 nisi
1433 1004 1556 1075 quia
1596 1004 1648 1057 in
1680 1011 1855 1071 septe-

263 1103 410 1157 nario
435 1115 663 1162 numero
706 1108 791 1154 est
817 1098 1084 1168 primum?
1128 1096 1208 1151 Ad
1251 1096 1592 1151 dilectionem
1627 1093 1854 1164 proximi

262 1195 490 1262 prinnnn
522 1203 603 1248 cst
634 1194 686 1246 iu
716 1191 882 1245 altera
920 1190 1120 1244 tabula.
1159 1187 1291 1243 Nam
1323 1188 1442 1242 ideo
1491 1187 1612 1240 duo:
1660 1185 1853 1240 tabubc

262 1285 413 1354 Legi;
448 1284 587 1338 datm
640 1292 787 1336 sunt.
843 1282 985 1337 Deus
1027 1281 1166 1335 enim
1221 1279 1420 1335 famulo
1458 1294 1556 1333 suo
1596 1278 1759 1349 Moysi
1798 1279 1853 1331 in

258 1386 444 1430 monte
466 1377 596 1430 duas
625 1375 834 1428 tabulas
861 1374 1024 1438 dedit,
1076 1374 1126 1427 in
1167 1373 1356 1443 quibus
1405 1372 1611 1427 duabus
1658 1370 1853 1425 tabulis

258 1467 489 1535 lapideis
539 1466 837 1535 conscripta
899 1475 1053 1520 erant
1123 1464 1306 1519 decem
1358 1472 1623 1534 praecepta
1699 1463 1853 1532 Legis

257 1557 455 1628 (Exod.
486 1576 629 1621 xxxi.
660 1559 747 1626 18)
783 1558 943 1630 (quod
968 1566 1049 1613 est
1075 1557 1384 1626 psalterium
1411 1555 1593 1611 decem
1621 1555 1853 1609 chorda-

257 1651 440 1723 rum);
474 1652 570 1707 tria
612 1653 664 1705 in
712 1668 813 1705 una
850 1649 1027 1705 tabula
1074 1651 1139 1704 ad
1190 1652 1353 1705 Deum
1384 1650 1720 1719 pertinentia,
1766 1662 1854 1702 sc-

259 1756 406 1813 ptem
436 1745 491 1797 in
529 1746 690 1798 altera
721 1745 895 1798 tabula
917 1743 984 1798 ad
1010 1743 1332 1814 proximum.
1357 1742 1409 1796 In
1441 1741 1604 1797 altera
1628 1756 1753 1810 ergo
1772 1748 1852 1794 ta-

256 1836 376 1888 bula
418 1836 652 1906 primum
708 1846 811 1901 est,
862 1834 1070 1888 Honora
1114 1844 1303 1906 patrem
1341 1842 1481 1887 tuum
1537 1843 1585 1887 et
1638 1842 1851 1885 matrem

257 1937 413 1979 tuam.
461 1925 793 1988 Secondum,
857 1924 981 1980 Non
1032 1925 1379 1978 traxe/iuberis.
1420 1924 1678 1988 Tertium,
1727 1921 1850 1976 Non

256 2016 466 2069 occides.
500 2017 784 2083 Quartum,
820 2014 942 2069 Non
987 2016 1250 2087 (umbem.
1275 2014 1548 2081 Quintum,
1586 2012 1705 2066 Non
1745 2013 1850 2083 fal-

256 2123 362 2158 sum
420 2107 767 2159 testimonium
829 2106 985 2160 dices.
1029 2105 1280 2162 Sextum.
1353 2103 1475 2159 Non
1528 2105 1849 2173 concupisces

259 2193 461 2229 uxorem
482 2178 704 2245 proximi
745 2179 837 2230 tui.
874 2178 1190 2246 Septimum,
1239 2175 1361 2229 Non
1387 2177 1707 2245 concupisces
1745 2191 1852 2228 rem

262 2269 477 2335 proximi
502 2270 594 2321 tui.
630 2268 754 2322 ll:cc
777 2268 1064 2338 jungamus
1085 2268 1188 2322 illis
1220 2267 1388 2322 tribus
1415 2267 1483 2321 ad
1510 2267 1848 2322 dilectionem

262 2360 349 2413 Dei
378 2359 774 2428 pertinentibus
794 2357 908 2429 (Id.
929 2374 1024 2424 xx,
1052 2359 1227 2429 l-t7),
1257 2358 1372 2411 siin
1398 2357 1648 2427 psalterio
1663 2355 1850 2411 decem

263 2452 585 2505 chordarum
613 2451 860 2505 volumus
884 2460 1102 2505 mutare
1127 2449 1390 2504 canticum
1422 2463 1637 2504 novum.

324 2543 557 2598 CAPUT
592 2544 834 2598 \'ll.—-8.
860 2543 1109 2596 Attendat
1139 2541 1278 2595 enim
1305 2540 1550 2595 Charitas
1570 2548 1766 2604 vestra,
1796 2545 1851 2591 ut

265 2633 433 2688 dicam
463 2633 606 2702 quod
640 2635 897 2688 Dominus
926 2633 1180 2703 suggerit.
1210 2632 1430 2701 Accepit
1456 2630 1651 2700 Legem
1682 2644 1851 2700 popu-

263 2727 343 2779 lus
380 2726 693 2780 Judreorum
739 2728 895 2780 istaut
939 2726 993 2779 in
1046 2725 1306 2794 decalogo
1336 2742 1349 2778 :
1384 2739 1488 2779 non
1527 2722 1845 2777 observavit.

265 2818 324 2870 lit
348 2819 678 2890 quicpmque
709 2817 1169 2887 obtemperabant,
1202 2816 1395 2870 timore
1414 2812 1852 2883 obtemperabant

261 2924 455 2979 pernm,
508 2928 616 2964 non
660 2926 847 2966 amore
880 2909 1099 2979 justitirn
1129 2927 1140 2962 :
1173 2908 1456 2978 portabant
1514 2906 1846 2977 psalterium,

260 3019 363 3056 non
414 3004 725 3058 cantabant.
756 3003 1001 3057 Cantanti
1029 3002 1169 3057 enim
1210 3003 1452 3071 voluptas
1494 3009 1596 3067 est,
1645 3000 1849 3054 timenti

258 3112 395 3152 onus
419 3106 524 3152 est.
556 3096 684 3151 Ideo
712 3105 865 3151 vetus
913 3096 1075 3151 homo
1112 3105 1204 3151 aut
1226 3111 1333 3149 non
1362 3093 1504 3159 facit,
1535 3101 1627 3148 aut
1663 3093 1850 3147 timore

260 3189 418 3249 facit;
440 3205 544 3242 non
569 3204 753 3243 amore
774 3188 1091 3249 sanctitatis.
1121 3203 1226 3241 non
1253 3186 1609 3241 delectatione
1633 3183 1850 3239 castita-

260 3282 327 3333 tis
353 3282 400 3345 ⁸,
434 3280 823 3349 temporarium,
856 3278 1151 3343 charitatis,
1175 3277 1267 3332 sed
1287 3277 1497 3332 timore.
1516 3275 1683 3335 Vetus
1707 3275 1850 3329 enim

260 3372 426 3426 homo
467 3382 584 3437 est;
640 3381 869 3426 etvetus
906 3371 1067 3425 homo
1115 3371 1384 3425 canticum
1440 3379 1591 3424 vetus
1634 3376 1851 3423 cantare

258 3474 456 3535 potest,
500 3481 608 3519 non
649 3479 864 3518 novum.
898 3463 967 3519 Ut
1015 3473 1191 3517 autem
1219 3470 1397 3517 cantet
1442 3461 1705 3517 canticum
1754 3474 1878 3538 no-_

260 3574 405 3624 vum,
437 3558 507 3613 sit
556 3572 724 3611 novus
764 3556 944 3610 homo.
976 3554 1256 3622 Quomodo
1297 3563 1473 3608 autem
1521 3552 1687 3623 possit
1730 3566 1851 3607 esse

261 3665 432 3703 novus
462 3650 645 3713 ltomo,
678 3648 824 3709 audi,
850 3664 953 3701 non
981 3662 1087 3712 tne,
1110 3646 1202 3701 sed
1228 3645 1536 3715 Apostolnm
1561 3644 1847 3708 dicentem,

258 3739 469 3804 ﬁnite,
502 3756 609 3806 vos,
639 3749 857 3818 veterem
876 3740 1146 3803 hominem,
1175 3747 1220 3792 et
1250 3738 1440 3790 induite
1466 3751 1663 3789 novum.
1695 3735 1760 3788 Et
1783 3748 1851 3789 ne

260 3835 378 3904 quis
403 3840 635 3903 putaret,
666 3847 788 3886 cum
829 3830 982 3895 dixit,
1013 3829 1213 3893 Exuitr,
1270 3844 1376 3895 eos,
1428 3837 1636 3881 ueterem
1679 3826 1846 3879 Itami-

222 3956 235 3965 ο
264 3942 397 3987 nem,
424 3934 468 3977 et
495 3924 691 3977 induite
715 3938 937 3986 novum;
981 3921 1179 3990 aliquid
1226 3919 1601 3988 deponendum
1650 3931 1775 3971 esse
1797 3925 1852 3970 ct

259 4016 463 4086 aliquid
493 4016 885 4085 accipiendum,
910 4029 1030 4068 cum
1053 4011 1120 4069 de
1138 4011 1393 4067 mutando
1416 4011 1723 4080 prteciperet
1749 4007 1847 4060 bo-

262 4108 427 4171 minc,
453 4106 682 4175 subjecit
710 4116 767 4159 et
798 4106 891 4170 ait,
937 4104 1255 4173 Quapropter
1296 4102 1597 4171 deponentes
1644 4097 1853 4152 utenda-

265 4201 419 4263 cium,
451 4198 718 4267 {oqnimini
748 4197 1002 4249 veritatem
1035 4194 1248 4267 (Ep/trs.
1275 4209 1347 4257 tv,
1394 4190 1612 4262 92—95).
1640 4189 1749 4243 lloc
1768 4198 1853 4243 cst

265 4290 404 4359 quod
430 4294 530 4354 ait,
562 4289 747 4343 Exuite
771 4286 981 4342 veterem
1006 4286 1277 4350 hominem,
1314 4292 1361 4338 et
1382 4283 1577 4337 induite
1621 4296 1806 4335 novum
1834 4296 1852 4333 :

269 4377 370 4431 hoc
431 4376 586 4441 dixit,
668 4374 866 4429 Mutato
943 4389 1140 4428 mores.
1204 4373 1468 4428 Saeculum
1528 4369 1846 4440 diligebatis,

273 4468 433 4523 Deum
461 4469 709 4538 diligite:
742 4468 1017 4539 nugatoria
1054 4466 1371 4537 iniquitatis,
1416 4464 1737 4533 temporales
1762 4477 1854 4517 vo—

269 4562 496 4631 luptates
522 4561 859 4631 diligebatis;
895 4560 1194 4630 proximum
1226 4558 1447 4628 diligite.
1482 4557 1538 4613 Si
1565 4556 1853 4611 dilectione

271 4652 461 4721 facitis,
488 4655 759 4708 canticum
790 4668 985 4706 novum
1026 4651 1250 4706 cantatis
1283 4669 1297 4704 :
1326 4650 1371 4703 si
1422 4650 1615 4702 timore
1658 4645 1851 4713 facitis,

268 4746 440 4801 facitis
470 4755 681 4810 tamen;
725 4744 948 4814 portatis
976 4743 1187 4815 quidem
1216 4741 1548 4813 psalterium,
1582 4739 1677 4795 sed
1718 4754 1855 4793 non-

265 4837 393 4892 dum
430 4837 661 4892 cantatis
696 4837 781 4890 :si
828 4844 1005 4890 autem
1049 4851 1149 4890 nec
1198 4836 1301 4889 boc
1352 4832 1545 4897 facitis,
1598 4831 1857 4902 projicitis

268 4928 442 4996 ipsum
475 4927 809 4997 psalterium.
838 4926 1025 4981 Melius
1050 4935 1132 4981 est
1158 4925 1238 4980 vel
1269 4933 1503 4995 portare,
1533 4939 1691 4994 quam
1722 4938 1851 4993 pro-

260 5019 429 5090 jicere
458 5036 473 5071 :
503 5018 597 5074 sed
646 5034 851 5081 rursus,
899 5018 1088 5072 melius
1125 5032 1245 5072 eum
1292 5016 1563 5085 voluptate
1617 5023 1854 5078 cantare,

265 5129 428 5183 quam
457 5128 581 5167 cant
608 5128 771 5166 onere
800 5120 1033 5181 portare.
1065 5110 1172 5165 Nec
1203 5109 1443 5179 pervenit
1497 5107 1560 5161 ad
1589 5106 1857 5163 canticum

266 5222 505 5270 norum,
538 5206 639 5260 nisi
683 5204 794 5274 jam
842 5203 1253 5274 cumrolnptatc
1291 5209 1531 5257 cantans.
1588 5198 1720 5254 Nam
1769 5197 1857 5266 qui

266 5307 444 5366 portat
470 5313 590 5350 cum
615 5296 826 5360 timore,
858 5294 1031 5349 adhuc
1058 5295 1110 5348 in
1164 5301 1427 5349 vetustate
1466 5289 1612 5348 est”.
1645 5290 1712 5343 Et
1734 5289 1859 5359 quid

271 5400 351 5448 est
395 5390 538 5459 quod
580 5390 718 5453 dico,
768 5388 979 5451 fratres,
1027 5387 1302 5442 attendite.
1352 5385 1468 5439 Non
1513 5381 1862 5438 concortlavit

332 5528 349 5558 ι
378 5534 482 5574 Arn.
506 5532 582 5575 Er.
605 5533 656 5576 et
680 5533 807 5579 ιςεει..
840 5536 1057 5578 parcere.
1083 5523 1156 5574 sic
1179 5523 1326 5584 etiam
1354 5520 1608 5584 littgypius.

332 5591 354 5619 ³
376 5588 602 5651 Plerique
626 5596 754 5651 .ttss.2
780 5585 1034 5651 dilectione
1073 5582 1318 5635 castitatis.
1344 5582 1583 5651 ttosVZtri-s
1620 5587 1746 5651 vss,
1771 5590 1862 5650 non

266 5641 586 5711 ντιρττιιιιὶὶςι
606 5646 881 5711 (actitatis.
906 5652 1039 5705 tota,
1072 5659 1165 5697 non
1187 5641 1531 5710 temperantur,
1569 5651 1661 5691 etc.
1695 5641 1863 5702 Sequi-

269 5710 377 5761 mur
408 5723 509 5760 Am.
531 5719 605 5760 Er.
633 5719 684 5761 ct
709 5710 882 5771 [lares
907 5716 1010 5756 Vm.

336 5775 358 5806 ³
384 5781 473 5823 ms
494 5810 510 5837 ,
533 5772 693 5824 adhuc
712 5772 765 5823 in
791 5775 864 5821 ττι
882 5782 948 5819 τε
971 5776 1055 5820 est.

3485 345 3567 400 δὲ

1963 460 2087 503 cum
2109 446 2415 504 adversario
2440 464 2560 517 suo,
2591 450 2822 520 quicum
2856 451 3045 507 timore
3071 452 3244 509 adhuc
3278 454 3402 508 {.u-it
3433 474 3445 510 :
3480 462 3551 511 ti-

1965 547 2074 593 met
2103 538 2245 595 enim
2266 554 2334 594 ne
2359 540 2539 597 veniat
2566 540 2724 608 Deus,
2750 552 2804 597 et
2821 542 3045 599 damnet
3069 544 3234 599 illum.
3257 545 3389 601 Nam
3415 564 3548 604 non-

1963 630 2091 686 dum
2116 631 2347 710 delectat
2369 634 2611 699 castitas,
2630 635 2867 690 nondum
2890 635 3038 692 illum
3061 637 3295 694 delectat
3315 639 3542 711 justitia;

1961 727 2055 783 sed
2078 728 2336 798 judicium
2371 729 2463 784 Dei
2504 728 2815 797 formidans,
2841 746 2871 785 a
2902 730 3053 786 factis
3099 742 3398 802 temperat:
3440 751 3545 789 non

1961 822 2441 890 concupiscentiam
2460 822 2626 891 ipsam
2640 821 2917 888 damnans,
2935 838 3054 893 qum
3070 825 3221 879 satvit
3237 824 3288 879 in
3306 840 3388 880 eo.
3404 826 3547 881 Non-

1961 912 2085 967 dum
2108 912 2255 968 illum
2276 911 2505 968 delectat
2524 912 2664 983 quod
2680 912 2874 968 bonum
2892 923 2975 969 est
2996 930 3008 967 :
3033 914 3265 969 nondum
3289 916 3362 971 ibi
3383 916 3541 973 habet

1959 1005 2296 1071 suavitatem,
2318 1012 2561 1060 utcantet
2576 1006 2839 1060 canticum
2852 1021 3068 1073 novum;
3088 1005 3267 1062 sedede
3284 1017 3547 1064 vetustate

1961 1112 2145 1167 poenas
2194 1096 2343 1150 timet
2372 1114 2385 1150 :
2415 1095 2652 1151 nondum
2678 1095 3037 1152 concordavit
3063 1112 3185 1152 cum
3211 1098 3538 1155 adversario.

2028 1185 2255 1242 CAPUT
2280 1185 2412 1240 \‘lll.
2428 1214 2500 1226 —
2524 1187 2578 1241 9.
2601 1185 2760 1241 Tales
2785 1186 2925 1241 enim
2945 1186 3206 1253 homines,
3229 1188 3545 1258 plerumque

1959 1280 2363 1349 supplantantur
2388 1279 2482 1332 tali
2507 1279 2847 1348 cogitatione.
2881 1286 2938 1331 ut
2968 1278 3147 1333 dicant
3172 1279 3273 1332 sibi
3304 1297 3316 1330 :
3342 1279 3401 1333 Eii
3422 1282 3552 1333 licri.

1957 1381 2156 1442 posset,
2208 1386 2315 1427 non
2370 1372 2524 1426 nobis
2566 1372 2859 1425 minaretur
2904 1371 3061 1436 Dens,
3123 1386 3226 1423 non
3279 1371 3401 1425 (alia
3448 1386 3541 1440 per

1957 1464 2253 1532 PrOpbetas
2273 1478 2399 1517 suos
2425 1462 2647 1525 diceret,
2666 1476 2786 1530 qme
2817 1461 3057 1516 homines
3072 1461 3426 1525 deterrerent;
3446 1463 3540 1518 scil

1956 1557 2286 1627 antequam‘
2342 1556 2568 1619 veniret,
2637 1553 2790 1608 daret
2841 1553 3090 1608 omnibus
3137 1552 3537 1622 indulgentiam,

1957 1652 2254 1721 ignosceret
2282 1646 2549 1710 omnibus,
2576 1653 2758 1714 postea
2799 1644 3019 1708 veniret,
3050 1643 3318 1698 neminem
3359 1643 3541 1696 mitto-

1956 1741 2114 1796 retin
2143 1739 2438 1810 geltennas.
2468 1735 2584 1790 Jam
2611 1735 2732 1805 quia
2772 1734 2984 1804 iniquus
3021 1742 3124 1798 est,
3159 1732 3392 1801 iniquum
3430 1732 3543 1786 vult

1957 1835 2145 1888 Deum.
2181 1832 2296 1884 Vult
2326 1838 2376 1884 te
2399 1830 2538 1883 Deos
2566 1828 2738 1882 lacere
2764 1827 2990 1887 simiJem
3012 1824 3117 1891 sui,
3156 1833 3211 1879 et
3245 1824 3457 1878 conaris
3487 1833 3541 1877 tu

1955 1927 2123 1981 Deum
2151 1925 2322 1978 facere
2348 1921 2575 1975 similem
2611 1919 2705 1973 tui.
2734 1918 2946 1973 PlaCeat
2967 1916 3057 1970 tibi
3088 1928 3217 1984 ergo
3247 1914 3385 1968 Deus
3413 1930 3546 1982 qua-

1954 2019 2020 2074 lis
2046 2027 2147 2083 est,
2202 2031 2306 2070 non
2352 2013 2564 2083 qualem
2595 2011 2741 2065 illum
2771 2024 2892 2064 esse
2931 2008 3033 2061 vis.
3065 2007 3357 2062 PCI'VBI‘SLIS
3396 2006 3545 2061 enim

1954 2127 2031 2176 es,
2065 2119 2121 2166 et
2149 2110 2309 2164 talem
2364 2107 2447 2160 vis
2492 2106 2655 2160 Deum
2686 2102 2860 2172 qualis
2880 2116 2960 2165 es,
2996 2116 3101 2154 non
3148 2099 3322 2169 qualis
3357 2107 3456 2153 est.
3484 2100 3549 2152 Si

1955 2213 2131 2258 autem
2150 2203 2355 2271 placeat
2376 2197 2468 2253 tibi
2505 2196 2675 2266 qualis
2695 2203 2796 2258 est,
2824 2191 3129 2261 corrigeris.
3166 2195 3221 2245 et
3263 2190 3460 2259 diriges
3483 2190 3538 2242 iu

1954 2311 2071 2350 eam
2095 2292 2332 2362 regulam
2371 2304 2466 2344 cor
2493 2297 2658 2350 tuum,
2683 2300 2713 2339 a
2740 2299 2842 2353 qua
2869 2298 3012 2336 nunc
3047 2281 3255 2336 alienus
3282 2280 3540 2336 distortus

1956 2401 2035 2441 es.
2065 2385 2277 2440 Placeat
2305 2381 2396 2435 tibi
2429 2380 2567 2434 Deos
2590 2377 2761 2447 qualis
2782 2383 2886 2439 est,
2918 2388 3037 2427 ama
3065 2372 3236 2442 qualis
3272 2382 3355 2426 est
3384 2387 3398 2422 :
3433 2387 3544 2425 non

1957 2486 2007 2531 te
2036 2477 2319 2545 ipsc,amat
2345 2470 2513 2540 qualis
2532 2484 2611 2533 es,
2645 2466 2739 2521 sed
2769 2465 2883 2520 odit
2909 2474 2958 2519 te
2983 2463 3155 2533 qualis
3182 2476 3261 2516 es.
3301 2461 3426 2516 Ideo
3446 2464 3551 2521 ,tni.

1955 2569 2257 2629 miseretur,
2289 2563 2409 2634 quia
2441 2561 2554 2615 odit
2577 2570 2628 2614 te
2668 2557 2838 2628 qualis
2887 2572 2965 2619 es,
2999 2565 3055 2609 ut
3090 2555 3247 2610 faciat
3272 2565 3323 2608 te
3367 2553 3545 2625 qualis

1942 2652 2192 2715 'nondum
2242 2671 2320 2709 es.
2385 2652 2563 2707 Faciat
2618 2659 2705 2715 te,
2749 2646 2899 2713 dixi,
2953 2646 3124 2715 qualis
3175 2644 3409 2699 nondum
3456 2660 3536 2698 es.

1953 2751 2087 2807 Nam
2116 2746 2245 2803 illud
2303 2745 2393 2800 tibi
2453 2758 2557 2796 non
2612 2738 2889 2811 promittit,
2930 2738 3051 2807 quia
3106 2736 3260 2791 faciet
3307 2743 3357 2790 te
3403 2751 3539 2804 qua—

1955 2843 2019 2898 lis
2071 2849 2171 2896 est.
2239 2837 2369 2892 Nam
2435 2834 2542 2888 eris
2591 2830 2760 2901 qualis
2816 2838 2916 2893 est,
2978 2826 3071 2882 sed
3146 2826 3212 2893 qd
3259 2825 3545 2894 quemdam

1956 2934 2207 2996 modum;
2268 2929 2320 2996 id
2368 2934 2468 2989 est,
2536 2924 2768 2978 imitator
2822 2919 2915 2974 Dei
2976 2919 3118 2972 velut
3184 2918 3377 2987 imago,
3444 2916 3540 2970 scit

1957 3045 2060 3082 non
2080 3023 2249 3096 qualis
2269 2993 2450 3089 imago
2493 3025 2576 3071 est
2604 3014 2790 3070 Filius.
2839 3010 2970 3065 Nam
3016 3009 3177 3064 etiam
3212 3006 3468 3076 imagines
3486 3007 3538 3059 in

1958 3118 2261 3177 hominibus
2283 3114 2507 3168 diversa:
2533 3117 2675 3162 sunt.
2712 3105 2877 3160 Filius
2909 3102 3142 3157 hominis
3162 3100 3320 3156 habet
3350 3101 3532 3169 imagi-

1956 3227 2077 3267 nem
2107 3208 2270 3279 patris
2291 3205 2392 3271 sui,
2424 3211 2478 3258 et
2494 3201 2595 3255 ltOC
2619 3196 2866 3267 estquod
2886 3205 3036 3264 pater
3061 3193 3199 3262 ejus,
3230 3192 3353 3262 quia
3379 3192 3528 3246 home

1957 3313 2037 3359 est
2066 3303 2201 3357 sicut
2226 3307 2375 3369 pater
2397 3295 2532 3365 ejus.
2560 3292 2614 3345 ln
2644 3290 2861 3360 speculo
2887 3295 3065 3342 autem
3093 3286 3266 3354 imago
3311 3292 3398 3338 tua
3428 3299 3531 3337 non

1959 3396 2057 3450 llOC
2083 3401 2166 3449 est
2191 3388 2333 3460 quod
2363 3395 2439 3441 ttt.
2466 3385 2635 3439 Aliter
2667 3390 2750 3435 est
2787 3379 2926 3433 enim
2960 3379 3133 3445 imago
3183 3384 3269 3429 tua
3311 3373 3363 3426 in
3406 3372 3536 3435 lilio,

1954 3485 2110 3541 aliter
2140 3482 2194 3536 in
2239 3477 2503 3549 Speculo:
2540 3471 2723 3526 inﬁlio
2768 3478 2850 3523 est
2897 3468 3067 3536 imago
3112 3476 3195 3519 tua
3247 3462 3537 3518 secundum

1956 3576 2308 3648 aequalitatem
2333 3567 2677 3629 substantiae;
2718 3564 2772 3617 in
2813 3562 3029 3629 speculo
3072 3568 3253 3612 autem
3281 3565 3532 3625 quantum

1955 3646 2111 3738 longe
2135 3673 2217 3720 est
2241 3679 2270 3715 a
2294 3658 2610 3718 substantia,
2636 3664 2689 3708 et
2726 3661 2902 3706 tamen
2950 3658 3033 3705 est
3070 3647 3313 3717 quzedaut
3366 3646 3539 3715 imagp

1958 3772 2067 3826 tua,
2099 3754 2337 3829 quamvis
2358 3766 2463 3806 non
2489 3748 2629 3814 talis,
2679 3744 2849 3816 qualis
2868 3743 2919 3796 in
2952 3742 3060 3795 tilio
3108 3749 3198 3794 tuo
3243 3740 3537 3795 secundum

1955 3848 2326 3910 substantiam.
2360 3844 2449 3897 Sic
2476 3842 2529 3896 in
2556 3847 2818 3904 creatura,
2849 3850 2955 3889 non
2988 3833 3087 3887 hoc
3109 3841 3190 3887 est
3217 3832 3388 3901 imago
3420 3830 3533 3893 Dei,

1955 3942 2096 4017 quod
2125 3949 2208 3996 est
2249 3939 2301 3992 in
2333 3935 2489 4001 Filio,
2543 3932 2632 4003 qui
2662 3929 2763 3983 boc
2815 3935 2900 3982 est
2943 3924 3085 3995 quod
3120 3923 3293 3986 Pater,
3335 3920 3385 3975 id
3432 3929 3535 3982 est.
3606 3952 3609 3954 -

1956 4012 2189 4094 verbum
2221 4032 2311 4087 Dei
2340 4044 2436 4100 per
2453 4025 2591 4098 quod
2622 4024 2753 4078 facta
2784 4028 2909 4074 sunt
2931 4016 3130 4071 omnia.
3166 4012 3363 4082 Recipe
3407 4026 3534 4080 ergo

1957 4126 2360 4188 similitudinem
2378 4120 2492 4185 Dei,
2515 4130 2672 4187 quam
2695 4128 2789 4182 per
2822 4110 2956 4164 mala
2982 4107 3116 4160 facta
3142 4103 3385 4159 amisisti.
3417 4102 3535 4157 Sic-

1960 4232 2016 4278 ut
2042 4221 2184 4275 enim
2209 4216 2261 4269 in
2306 4224 2530 4267 nummo
2559 4208 2734 4274 imago
2777 4197 3113 4270 imperatoris
3139 4195 3293 4250 aliter
3314 4202 3414 4259 est,
3444 4194 3537 4246 ali-

1958 4322 2040 4368 ter
2068 4311 2121 4365 in
2143 4308 2253 4363 tilio
2282 4323 2295 4358 :
2322 4317 2444 4358 nam
2483 4300 2659 4368 imago
2686 4303 2740 4350 et
2761 4294 2934 4361 imago
2962 4298 3076 4356 est;
3104 4287 3198 4342 sed
3239 4286 3394 4341 aliter
3432 4285 3535 4339 ini.

1957 4418 2143 4479 pressa
2165 4410 2248 4457 est
2276 4398 2329 4451 in
2372 4406 2610 4455 nummo,
2661 4388 2816 4442 aliter
2853 4384 2904 4438 in
2933 4382 3063 4443 lilio,
3092 4380 3247 4434 aliter
3285 4377 3339 4433 in
3364 4376 3538 4431 solido

1960 4470 2125 4556 aureo
2154 4496 2328 4563 imago
2360 4482 2699 4558 imperatoris
2728 4497 2740 4533 ε
2769 4478 2848 4533 sic
2866 4486 2920 4530 et
2971 4483 3027 4529 tu
3051 4485 3299 4528 nummus
3329 4470 3421 4525 Dci
3461 4485 3540 4532 cs,

1960 4610 2023 4648 ex
2051 4591 2154 4645 hoc
2181 4560 2391 4645 melior,
2439 4577 2561 4649 quia
2586 4588 2706 4628 cum
2754 4569 3023 4625 intellectu
3075 4574 3275 4620 etcum
3315 4560 3540 4632 quadam

1961 4685 2067 4736 vita
2093 4688 2345 4733 nummus
2381 4669 2474 4725 Dei
2501 4681 2580 4731 es,
2613 4675 2672 4719 ut
2705 4662 2845 4718 scias
2872 4659 3032 4714 etiam
3059 4655 3211 4725 cujus
3258 4653 3539 4723 imaginem

1960 4787 2135 4846 geras,
2185 4777 2239 4824 ct
2279 4764 2346 4819 ad
2384 4762 2536 4831 cujus
2562 4756 2845 4826 imaginem
2888 4751 3057 4805 factus
3089 4748 3200 4802 sis:
3227 4760 3348 4800 naut
3387 4759 3543 4797 num-

1963 4835 2080 4921 ians
2102 4859 2271 4916 nescit
2289 4871 2348 4909 sc
2375 4851 2571 4906 habere
2596 4845 2882 4915 imaginem
2925 4837 3283 4908 imperatoris.
3317 4835 3457 4903 Ergo
3487 4840 3544 4886 ut

1963 4959 2140 5014 dicere
2165 4961 2456 5019 cmpcram,
2500 4941 2611 4996 odit
2640 4950 2692 4993 te
2728 4938 2867 4991 Deus
2890 4932 3060 5002 qualis
3086 4945 3166 4995 es,
3197 4926 3290 4981 sed
3321 4931 3464 4979 amat
3496 4932 3544 4975 te

1966 5051 2124 5106 talem
2146 5016 2357 5116 qualem
2387 5048 2437 5093 te
2463 5049 2581 5091 esse
2605 5031 2716 5085 vult
2747 5048 2761 5082 :
2793 5034 2847 5083 et
2888 5025 3008 5080 ideo
3035 5023 3124 5075 ille
3158 5029 3208 5073 te
3239 5026 3296 5116 ut
3323 5016 3545 5116 mutetis

1966 5109 2229 5197 hortattir.
2285 5119 2558 5189 Conco’rda
2600 5138 2721 5179 cum
2771 5120 2881 5181 illo,
2905 5125 2960 5170 et
2989 5115 3161 5181 incipe
3212 5110 3380 5180 primo
3412 5109 3547 5165 bene

1966 5234 2119 5296 velle,
2151 5236 2208 5284 et
2232 5225 2412 5281 odisse
2440 5231 2490 5275 te
2516 5216 2686 5290 qualis
2710 5226 2808 5268 es:
2843 5210 2945 5264 boc
2971 5208 3039 5261 sit
3068 5204 3171 5260 tibi.
3188 5201 3392 5257 initium
3414 5214 3545 5254 con-

1967 5290 2163 5382 cordia:
2183 5334 2303 5375 cum
2331 5324 2578 5370 sermone
2601 5306 2714 5371 Dei,
2749 5313 2805 5358 ut
2826 5299 3048 5369 incipias
3083 5297 3251 5366 printo
3278 5303 3331 5346 tu
3361 5290 3538 5345 odisse

1971 5430 2022 5473 te
2049 5414 2222 5486 qualis
2246 5426 2325 5467 es.
2349 5406 2481 5463 Cum
2514 5400 2743 5471 C(I’pt‘l‘ls
2765 5406 2818 5453 et
2849 5406 2902 5449 tu
2929 5392 3107 5447 odisse
3156 5398 3206 5441 te
3231 5385 3387 5486 talem
3413 5398 3546 5486 quia-

1970 5514 2035 5567 lis
2060 5474 2135 5574 es,
2161 5507 2300 5561 sicut
2326 5511 2376 5557 te
2405 5500 2561 5555 talem
2587 5494 2700 5549 odit
2726 5492 2891 5551 Deus.
2922 5485 3114 5554 incipis
3129 5484 3240 5551 jam
3272 5478 3443 5549 ipsum
3462 5474 3545 5531 di-

1972 5605 2136 5673 ligere
2159 5600 2325 5654 Deum
2350 5592 2521 5665 qualis
2555 5597 2655 5644 est.

2022 5760 2035 5789 '
2074 5748 2306 5806 Partimila
2324 5750 2591 5807 mtteqmmt,
2617 5739 2755 5788 abest
2775 5736 2838 5785 ab
2858 5738 2962 5785 Am.
2981 5738 3031 5782 et
3061 5742 3090 5779 ιι
3130 5728 3242 5779 Mss.
