4024 6202
453 326 522 380 ες
1691 314 1748 371 S.
1790 308 2149 395 AUGUSTI.“
2194 307 2492 367 EPiSCOPl
3656 325 3724 386 ει

519 438 596 493 t0.
615 435 833 506 :Egrum
848 433 1116 490 attendite.
1130 430 1292 503 Alger
1308 438 1653 503 aegrotantem
1664 442 1723 485 se
1735 424 2029 496 oditqualis

458 538 539 581 est
555 546 567 581 :
583 527 704 582 inde
723 526 905 596 incipit
927 522 1251 579 concordare
1264 536 1383 577 cum
1402 521 1627 576 medico.
1645 518 1775 588 Quia
1789 526 1843 571 et
1857 514 2028 571 medi-

460 633 555 673 eus
566 617 677 672 odit
693 632 813 672 eum
828 614 996 685 qualis
1013 624 1094 670 est
1115 629 1262 668 :nam
1275 613 1394 668 ideo
1408 613 1518 667 vult
1535 625 1723 666 sanum
1749 624 1887 675 esse,
1909 605 2030 678 quia

460 707 572 762 odit
588 721 710 762 eum
726 705 1037 761 febrientem
1058 720 1071 757 :
1090 711 1144 760 et
1163 713 1245 760 est
1269 701 1507 757 medicus
1519 699 1681 755 febris
1700 705 2029 769 persecutor,

461 806 517 851 ut
557 797 625 850 sit
662 796 889 851 hominis
920 795 1192 851 liberator.
1228 792 1318 849 Sic
1348 791 1565 846 avaritia
1586 790 1699 855 ,sic
1734 787 1921 853 libido,
1953 785 2032 842 sic

459 888 662 956 odium,
676 887 1123 958 concupiscentia,
1136 884 1364 950 luxuria,
1384 883 1462 938 sic
1480 882 1753 952 nugacitas
1764 887 2037 950 spectacue

462 983 653 1048 lorum,
674 980 848 1036 febres
877 987 1002 1035 sunt
1025 979 1218 1033 animae
1248 988 1371 1042 tute,
1389 975 1554 1031 debes
1567 974 1682 1029 illas
1709 971 1886 1029 odisse
1910 985 2030 1026 cum

460 1072 665 1128 medico
690 1071 787 1126 :ita
810 1070 1104 1128 concordas
1123 1084 1246 1124 cum
1269 1067 1496 1132 medico,
1511 1064 1694 1120 niteris
1713 1079 1834 1120 cum
1860 1060 2031 1118 medi-

459 1180 540 1229 co,
565 1173 619 1219 et
643 1165 871 1220 libenter
888 1163 1038 1218 audis
1050 1161 1189 1233 quod
1200 1161 1356 1232 jubet
1375 1151 1630 1225 medicus,
1646 1156 1871 1212 libenter
1901 1154 2032 1209 facis

458 1254 600 1325 quod
623 1254 773 1325 jubet
796 1253 1032 1309 medicus
1050 1292 1064 1317 ,
1093 1259 1147 1307 et
1175 1250 1483 1321 proficiente
1506 1248 1617 1319 jam
1643 1246 1867 1303 sanitate
1895 1243 2032 1299 inci-

461 1345 610 1411 piunt
646 1344 805 1399 etiam
837 1342 1104 1399 delectare
1138 1348 1420 1412 przecepta.
1464 1338 1632 1407 Quam
1661 1349 1919 1393 onerosus
1947 1341 2030 1389 est

457 1436 607 1491 cibus
651 1435 807 1506 aegris
847 1434 1057 1505 quando
1099 1433 1449 1490 reficiuntur:
1476 1438 1533 1486 et
1568 1429 1801 1500 pejorcm
1846 1426 2032 1482 horam

457 1528 714 1598 deputant
739 1527 866 1599 mgri
886 1526 1188 1582 refectionis
1206 1540 1336 1592 sum,
1358 1537 1517 1594 quam
1542 1536 1653 1576 suae
1672 1518 2027 1581 accessionis;

458 1626 513 1673 et
558 1628 732 1674 tamen
775 1625 972 1688 cogunt
1015 1631 1074 1672 se
1113 1614 1499 1673 concordantes
1537 1626 1657 1667 cum
1705 1608 1947 1674 medico,
1978 1614 2034 1660 et

458 1708 700 1779 quamvis
721 1709 870 1763 inviti
896 1716 951 1764 et
973 1707 1305 1763 obluctantes
1328 1705 1547 1759 vincunt
1570 1717 1629 1757 se
1649 1710 1706 1756 ut
1723 1696 1920 1769 aliquid
1945 1711 2034 1751 ae-

458 1798 675 1869 cipiant.
705 1798 1188 1867 Quanta'aviditate
1202 1797 1318 1853 sani
1339 1795 1537 1865 majora
1560 1789 1861 1863 percepturi
1882 1797 2029 1856 sunt,

460 1890 598 1945 unde
625 1891 753 1962 aegri
782 1891 987 1946 minora
1015 1891 1103 1947 vix
1128 1887 1429 1959 accipiunt?
1471 1885 1576 1942 Sed
1621 1884 1764 1940 unde
1804 1883 1906 1938 hoc
1953 1881 2033 1935 Ia-

456 1990 598 2036 ctum
627 1981 744 2038 est?
765 1981 896 2049 Quia
924 1982 1147 2038 oderant
1172 1981 1371 2036 febrem
1396 1993 1547 2033 suam
1566 2019 1581 2043 ,
1603 1985 1800 2033 etcum
1827 1973 2032 2029 medico

457 2075 934 2141 concordaverunt,
963 2085 1017 2129 et
1037 2074 1192 2130 simul
1216 2071 1669 2144 persequebantur
1695 2069 1893 2123 febrem
1922 2081 2034 2121 me-

458 2165 609 2221 dicus
634 2175 688 2220 et
710 2156 959 2236 aegrotus.
991 2163 1123 2219 Cum
1149 2178 1277 2235 ergo
1299 2171 1353 2218 et
1382 2176 1479 2217 nos
1507 2160 1631 2214 talia
1657 2158 1904 2223 dicimus,
1927 2172 2030 2210 non

459 2255 669 2311 odimus
698 2255 798 2310 nisi
827 2255 1002 2311 febres
1032 2262 1233 2309 vestras
1258 2269 1272 2307 :
1303 2254 1409 2307 imo
1439 2251 1492 2305 in
1524 2249 1676 2304 nobis
1715 2248 1829 2318 ipse
1856 2259 2033 2302 sermo

460 2345 553 2400 Dei
593 2345 765 2401 febres
801 2354 1006 2400 vestras
1033 2344 1144 2397 odit
1172 2345 1210 2409 ¹,
1235 2357 1354 2398 cum
1384 2356 1489 2412 quo
1516 2337 1840 2395 concordare
1867 2336 2032 2392 debe-

465 2439 552 2493 tis.
583 2438 712 2492 Nam
761 2452 858 2494 nos
895 2437 1019 2507 quid
1059 2450 1276 2501 sumus,
1310 2434 1410 2490 nisi
1437 2430 1694 2488 liberandi
1724 2428 2028 2492 vobiscum,

456 2528 676 2583 sanandi
706 2528 974 2582 vobiscum
993 2525 1017 2578 ?
1610 2530 1615 2535 '

527 2617 751 2677 CAPUT
783 2618 871 2674 IX.
916 2648 987 2670 —.—
1018 2617 1102 2672 ll.
1138 2614 1290 2671 Modo
1319 2629 1423 2671 non
1451 2628 1535 2669 me
1571 2611 1909 2678 intueamini,
1937 2609 2031 2666 sed

458 2724 759 2766 sermonem
781 2708 894 2763 Dei.
917 2705 1657 2764 Noliteirasciinedieamento
1686 2712 1897 2769 vestro;
1927 2716 2030 2757 non

456 2802 635 2857 inveni
678 2800 820 2856 enim
864 2799 1004 2853 aliud
1046 2812 1147 2870 qua
1178 2796 1481 2852 transirem.
1511 2793 1643 2849 Veni
1684 2792 1751 2849 ad
1793 2793 2030 2863 quintam

457 2889 709 2946 chordam
737 2890 915 2955 homo,
946 2889 1034 2959 qui
1065 2898 1222 2959 tango
1246 2885 1550 2957 psalterium
1578 2884 1762 2939 decem
1793 2881 2026 2937 chorda-

462 2996 614 3046 rum;
644 2979 895 3050 numquid
939 2981 1393 3049 prmtermissurus
1428 2990 1573 3031 eram
1611 2973 1892 3044 quintam?
1921 2973 2031 3028 Imo

458 3071 674 3127 assidue
703 3083 1068 3141 percussurus.
1105 3070 1160 3122 In
1188 3068 1275 3123 illa
1302 3067 1443 3122 enim
1471 3064 1624 3122 video
1648 3065 1828 3136 jacere
1864 3072 2030 3119 totum

463 3177 597 3231 pene
637 3160 816 3233 genus
844 3159 1129 3214 humanum
1147 3198 1163 3225 ,
1192 3157 1244 3211 in
1273 3157 1360 3211 illa
1384 3154 1539 3211 video
1565 3154 1682 3225 plus
1706 3153 1953 3208 laborare
1983 3154 2025 3206 ί.

462 3253 634 3324 Ipsam
661 3250 1005 3324 percutiendo
1049 3248 1175 3320 quid
1213 3247 1372 3303 dico?
1406 3247 1579 3302 Nolite
1620 3244 1873 3301 maechari
1915 3252 2034 3315 post

462 3361 653 3401 uxores
681 3352 907 3411 vestras,
930 3344 1051 3413 quia
1078 3359 1180 3397 non
1201 3341 1357 3397 vultis
1374 3350 1429 3394 ut
1446 3339 1775 3395 mmehentur
1798 3346 1920 3409 post
1939 3353 2033 3393 vos

463 3452 656 3494 uxores
676 3444 886 3492 vestrm.
905 3434 1077 3489 Nolite
1099 3433 1175 3488 ire
1201 3448 1313 3499 vos,
1327 3445 1433 3503 quo
1456 3444 1548 3486 eas
1559 3429 1707 3499 sequi
1726 3444 1831 3483 non
1852 3429 2031 3485 vultis.

456 3531 583 3587 Sine
597 3544 756 3586 causa
772 3544 864 3584 vos
874 3540 1129 3584 excusare
1143 3524 1422 3585 conamini,
1442 3521 1651 3592 quando
1665 3521 1838 3576 dicitis
1853 3539 1865 3574 :
1880 3520 2037 3575 Num-

458 3620 586 3691 quid
613 3635 679 3676 eo
703 3619 769 3675 ad
789 3633 1004 3674 uxorem
1023 3617 1247 3672 alienam
1260 3615 1283 3669 ?
1296 3614 1376 3670 Ad
1387 3614 1631 3669 ancillam
1649 3628 1822 3669 meam
1838 3628 1920 3669 eo.
1944 3612 2033 3667 Vis

462 3723 520 3767 ut
562 3713 704 3768 dicat
749 3727 881 3768 uxor
922 3721 1010 3765 tua
1057 3709 1151 3765 tibi
1181 3726 1194 3760 :
1225 3706 1486 3777 Numquid
1514 3721 1578 3762 eo
1602 3705 1669 3762 ad
1699 3706 1870 3761 virum
1901 3704 2033 3760 alie-

464 3804 624 3860 num?
643 3802 724 3858 Ad
737 3817 946 3857 servum
965 3816 1142 3856 meum
1159 3815 1244 3855 eo.
1267 3799 1404 3854 Dicis
1423 3814 1435 3850 :
1454 3798 1567 3853 Non
1585 3807 1666 3852 est
1684 3813 1818 3852 uxor
1835 3797 2030 3860 aliena,

466 3897 531 3953 ad
559 3913 715 3969 quam
736 3894 889 3951 vado.
920 3893 1183 3963 Numquid
1205 3892 1282 3946 vis
1302 3891 1508 3946 dicatur
1535 3890 1627 3945 tibi
1654 3909 1666 3943 :
1694 3888 1809 3944 Non
1837 3898 1920 3944 est
1952 3889 2036 3943 vir

460 3990 686 4058 alienus,
705 3988 770 4043 ad
788 4003 943 4059 quem
972 3985 1145 4041 vado?
1165 3984 1314 4040 Absit
1339 3992 1398 4038 ut
1423 3982 1563 4037 dicat
1586 3981 1686 4036 hoc
1711 3981 1821 4036 illa.
1848 3980 2034 4036 Melius

463 4080 605 4135 enim
632 4078 777 4134 dolet
799 4086 877 4143 te,
909 4092 1064 4148 quam
1093 4076 1328 4131 imitatur
1365 4082 1435 4128 te.
1475 4072 1565 4126 Illa
1610 4071 1755 4128 enim
1798 4080 1942 4126 casta
1980 4079 2035 4126 et

463 4180 643 4225 sancta
658 4168 849 4224 femina
865 4176 920 4223 et
933 4183 1057 4223 vere
1071 4167 1377 4230 christiana,
1395 4180 1514 4236 qua:
1528 4163 1673 4220 dolet
1684 4161 1919 4218 fornican
1927 4170 2032 4218 tem

464 4260 658 4325 virum,
676 4266 850 4313 etnon
878 4256 1024 4312 dolet
1040 4264 1255 4325 prepter
1266 4269 1478 4310 carnem
1496 4296 1510 4320 ,
1540 4253 1633 4308 sed
1658 4252 1803 4308 dolet
1819 4261 2034 4323 propter

458 4349 769 4404 charitatem
791 4365 803 4414 ;
829 4361 932 4403 non
959 4346 1080 4402 ideo
1100 4359 1206 4399 non
1234 4345 1346 4398 vult
1372 4352 1430 4398 ut
1458 4343 1620 4397 facias
1640 4384 1655 4405 .
1678 4343 1800 4412 quia
1839 4350 1892 4397 et
1921 4341 2032 4411 ipsa

466 4456 569 4494 non
602 4440 755 4507 facit,
785 4438 878 4494 sed
907 4438 1026 4508 quia
1047 4436 1137 4491 tibi
1161 4451 1267 4489 non
1284 4433 1518 4503 expedit.
1533 4432 1663 4488 Nam
1690 4432 1733 4486 si
1756 4442 2032 4502 propterea

460 4548 572 4589 non
598 4531 748 4599 facit,
770 4540 828 4585 ut
851 4538 904 4584 tu
930 4545 1033 4585 non
1062 4527 1248 4592 facias;
1273 4527 1316 4581 si
1339 4525 1545 4589 feceris,
1573 4523 1749 4578 faciet.
1778 4524 1833 4577 Si
1855 4531 2030 4578 autem

462 4625 574 4680 Deo
602 4623 727 4682 illud
747 4622 970 4686 debeat,
999 4621 1044 4676 si
1074 4619 1285 4675 Christo
1314 4616 1441 4672 illud
1463 4616 1652 4671 debeat
1672 4614 1811 4685 quod
1836 4623 1889 4668 tu
1916 4614 2029 4669 exi-

458 4716 562 4787 gis,
589 4722 642 4769 et
668 4714 787 4768 ideo
816 4712 1020 4778 reddat,
1040 4711 1159 4781 quia
1182 4710 1332 4781 jubet
1356 4708 1472 4774 ille;
1498 4708 1596 4762 etsi
1620 4706 1909 4762 fornicatur
1930 4707 2029 4773 vir,

461 4811 755 4867 castitatem
786 4805 976 4861 femina
1017 4804 1102 4858 illa
1127 4803 1236 4857 Deo
1260 4801 1491 4856 exhibet.
1514 4798 1757 4854 Christus
1780 4798 1922 4852 enim
1956 4798 2033 4852 Io-

466 4898 642 4969 quitur
668 4898 719 4952 in
745 4895 992 4951 cordibus
1021 4894 1278 4949 bonarum
1310 4890 1620 4946 feminarum
1643 4930 1658 4957 _.
1689 4888 1920 4958 loquitur
1947 4888 2030 4942 in-

464 4999 548 5045 tus
591 4987 676 5044 ubi
720 5002 827 5042 non
869 4984 1017 5040 audit
1057 4982 1157 5049 vir,
1183 4981 1302 5053 quia
1347 4994 1445 5035 nec
1484 4979 1671 5051 dignus
1695 4986 1807 5043 est,
1842 4977 1886 5032 si
1918 4976 2034 5032 talis

463 5089 580 5136 est:
604 5080 834 5149 loquitur
849 5093 977 5148 ergo
998 5076 1085 5132 ille
1109 5074 1351 5139 interius,
1378 5080 1432 5128 ct
1450 5070 1598 5137 dicit,
1620 5078 1675 5125 et
1701 5068 1857 5122 tiliam
1883 5082 2032 5122 suam

461 5170 765 5225 consolatur
792 5166 1089 5235 ltujusmodi
1113 5165 1287 5220 verbis
1318 5181 1333 5219 :
1362 5163 1435 5217 De
1466 5160 1672 5231 injuriis
1698 5160 1795 5214 viri
1829 5159 1902 5213 tui
1935 5166 2035 5211 tor-

460 5258 666 5331 queris,
708 5256 834 5326 quid
865 5255 958 5309 tibi
1000 5255 1142 5308 enim
1184 5252 1345 5308 fecit?
1375 5252 1537 5315 Dele;
1570 5249 1662 5304 sed
1711 5250 1879 5320 ipsum
1926 5246 2034 5303 noli

462 5348 689 5414 imitari,
720 5354 778 5401 ut
807 5345 945 5400 male
970 5343 1148 5407 facias,
1183 5341 1275 5396 sed
1307 5343 1421 5411 ipse
1448 5350 1498 5395 te
1529 5341 1763 5394 imitetur
1789 5340 1840 5393 in
1870 5340 2029 5393 bono.

461 5445 592 5501 Nam
616 5440 923 5513 ineoquod
957 5438 1096 5494 male
1123 5435 1282 5502 facit,
1330 5433 1437 5489 noli
1485 5448 1605 5488 eum
1652 5440 1833 5503 putare
1875 5439 2034 5501 caput

525 5605 541 5635 ι
566 5604 638 5651 sic
670 5607 779 5651 uss.
803 5600 921 5650 editi
958 5610 1077 5648 vero
1106 5594 1346 5654 ferebant,
1382 5589 1480 5642 bno
1513 5588 1564 5641 in
1582 5589 1710 5641 nobis
1744 5586 1860 5653 ipsis
1881 5600 2035 5640 senm

465 5662 549 5716 Dei
574 5662 726 5727 febres
748 5668 943 5727 nostras
963 5658 1081 5727 odit,

524 5727 545 5760 ι
561 5713 890 5775 t'zistet‘cicnsis
906 5728 1008 5785 In,
1039 5718 1182 5770 debeo
1205 5713 1311 5780 plus
1333 5722 1567 5768 laborare.

2138 432 2309 492 tuum,
2337 425 2429 480 sed
2456 441 2542 481 me
2573 425 2734 482 Detun
2765 435 2911 483 tuum
2939 431 2976 482 ¹.
3008 428 3140 485 Nam
3180 431 3225 486 si
3267 438 3322 488 et
3365 432 3415 487 in
3463 448 3527 490 eo
3573 442 3711 500 quod

2134 516 2271 571 male
2300 515 2425 572 facit
2445 527 2603 587 caput
2629 528 2743 586 est,
2769 528 2823 575 et
2848 530 3150 576 secuturum
3195 532 3273 580 est
3320 541 3512 596 corpus
3554 538 3713 596 caput

2136 619 2321 670 suum;
2342 616 2470 661 eunt
2494 610 2651 664 ambo
2667 624 2760 680 per
2781 626 3039 683 przeceps.
3056 612 3123 670 Ut
3140 623 3316 670 autem
3335 633 3438 671 non
3456 629 3715 687 sequatur

2137 696 2334 752 malum
2356 707 2513 770 caput
2530 714 2706 769 suum,
2731 710 2904 757 teneat
2927 719 2986 759 se
3014 703 3080 758 ad
3105 715 3263 776 caput
3290 707 3538 763 Ecclesia:
3555 709 3713 763 Chri-

2135 798 2278 845 stum
2296 789 2448 848 :huic
2473 792 2674 850 debeas
2693 796 2986 852 castitatem
3012 798 3319 865 suam,huic
3336 799 3582 857 deferens
3616 802 3704 855 ho-

2098 904 2106 912 ο
2138 897 2324 939 norem
2340 898 2516 952 suum,
2530 886 2721 942 absens
2739 887 2806 942 sit
2826 887 2927 953 vir,
2948 903 3182 958 praesens
3196 892 3266 946 sit
3283 891 3381 956 vir,
3399 909 3501 948 non
3524 903 3714 964 peccat

2135 972 2245 1039 illa;
2262 974 2384 1046 quia
2410 990 2676 1045 nunquam
2694 987 2774 1033 est
2788 977 3001 1044 absens,
3022 980 3106 1034 cui
3122 979 3283 1037 debet
3304 993 3360 1036 ut
3376 999 3478 1038 non
3502 993 3713 1053 peccet.

2209 1066 2297 1121 I2.
2329 1067 2455 1123 Ilaec
2481 1084 2628 1140 ergo,
2658 1068 2848 1125 fratres
2872 1070 2997 1138 mei,
3030 1071 3219 1139 facite,
3252 1084 3310 1127 ut
3336 1075 3551 1145 possitis
3578 1092 3708 1131 con-

2135 1157 2497 1214 eordarc‘cum
2524 1159 2846 1216 adversario.
2872 1159 2984 1219 Nec
3020 1179 3201 1220 amara
3237 1177 3362 1220 sunt
3397 1178 3516 1237 qua:
3555 1168 3710 1233 diro,

2135 1258 2225 1304 aut
2247 1250 2292 1305 si
2318 1266 2500 1306 amara
2529 1261 2686 1319 sunt,
2710 1263 2917 1309 curant.
2949 1255 3102 1312 Potio
3128 1256 3244 1327 Lista
3286 1258 3332 1312 si
3370 1273 3548 1313 amara
3594 1270 3674 1315 est
3695 1300 3711 1325 ,

2134 1340 2425 1411 accipiatur
2451 1359 2464 1396 :
2492 1344 2614 1413 quia
2640 1345 2693 1399 in
2722 1345 2961 1416 periculo
2984 1356 3108 1403 sunt
3133 1348 3335 1405 viscera
3354 1391 3371 1416 ,
3403 1364 3580 1405 amara
3604 1360 3709 1420 est,

2136 1432 2362 1515 bibatur.
2404 1435 2591 1492 Melius
2629 1446 2713 1493 est
2753 1437 2960 1493 modica
2996 1440 3294 1494 amaritudo
3342 1441 3396 1495 in
3433 1440 3667 1498 faucibus
3691 1484 3709 1510 ,

2134 1537 2293 1593 quam
2322 1533 2580 1581 aeternum
2609 1534 2930 1582 tormentum
2956 1528 3010 1584 in
3030 1530 3338 1587 visceribus.
3363 1530 3558 1587 Mutate
3577 1547 3707 1602 ergo

2136 1629 2249 1670 vos.
2281 1615 2610 1687 Quicumque
2636 1632 2739 1673 non
2768 1618 3038 1675 faciebatis
3070 1618 3169 1676 hoc
3198 1620 3394 1676 bonum
3422 1623 3706 1685 castitatis,

2131 1705 2240 1775 jam
2279 1706 2457 1763 facite.
2505 1707 2680 1765 Nolite
2715 1709 2893 1765 dicere
2920 1729 2933 1764 :
2959 1710 3078 1766 Non
3116 1720 3289 1782 potest
3320 1712 3451 1767 fieri.
3486 1713 3708 1770 Fmdum

2134 1806 2249 1861 est,
2295 1794 2484 1853 fratres
2531 1799 2667 1866 mei,
2717 1808 2869 1870 turpe
2910 1808 3019 1866 est,
3053 1811 3107 1855 ut
3145 1802 3223 1856 vir
3246 1802 3387 1857 dicat
3416 1818 3520 1857 non
3550 1818 3708 1874 posse

2137 1886 2249 1941 fieri
2271 1886 2412 1956 quod
2440 1886 2563 1943 facit
2588 1887 2801 1945 femina.
2829 1889 3013 1945 Scelus
3039 1898 3154 1956 est,
3186 1899 3243 1945 ut
3272 1891 3352 1946 vir
3379 1890 3519 1948 dicat
3548 1909 3561 1944 :
3591 1891 3708 1949 Non

2137 1993 2372 2046 possum.
2401 1978 2554 2047 Quod
2590 1990 2763 2050 potest
2801 1980 3023 2048 femina,
3062 1983 3145 2036 vir
3186 1997 3290 2037 non
3336 1984 3546 2053 potest?
3573 1984 3709 2052 Quid

2135 2069 2299 2135 enim,
2329 2069 2414 2124 illa
2456 2086 2669 2126 carnem
2710 2088 2814 2128 non
2859 2071 3068 2143 portat?
3102 2073 3258 2128 Prior
3283 2088 3311 2129 a
3338 2084 3585 2143 serpente
3614 2075 3712 2128 de-

2134 2172 2285 2233 cepta
2314 2171 2413 2218 est.
2444 2162 2615 2219 Castae
2640 2178 2836 2219 uxores
2862 2172 3052 2219 vestra:
3077 2164 3364 2219 ostendunt
3401 2165 3553 2220 vobis
3592 2164 3710 2220 fieri

2135 2268 2293 2324 posse
2320 2252 2460 2323 quod
2488 2270 2590 2308 uon
2618 2255 2773 2309 vultis
2799 2253 2995 2320 facere,
3022 2263 3076 2310 et
3103 2254 3281 2310 dicitis
3307 2255 3417 2310 fieri
3446 2271 3548 2309 non
3587 2270 3713 2325 pos-

2135 2346 2226 2399 8e!
2260 2344 2367 2399 Sed
2394 2344 2527 2400 forte
2553 2344 2717 2410 dices,
2752 2343 2869 2399 ideo
2899 2344 3040 2398 illam
3085 2344 3286 2399 facilius
3325 2343 3498 2398 facere
3529 2359 3707 2412 posse,

2135 2434 2253 2504 quia
2283 2435 2445 2489 multa
2468 2435 2541 2488 illi
2561 2434 2798 2489 custodia
2824 2443 2923 2500 est,
2955 2435 3084 2504 legis
3114 2442 3457 2504 praereptum,
3487 2434 3712 2503 diligcu-
3744 2438 3751 2441 ’

2138 2525 2205 2579 tia
2223 2524 2497 2588 maritalis,
2522 2533 2692 2578 terror
2706 2525 2862 2579 etiam
2882 2524 3052 2594 legum
3072 2524 3392 2592 publicarum
3415 2540 3428 2588 ;
3452 2525 3709 2578 estctiam

2140 2616 2471 2670 verecundia:
2510 2625 2564 2671 et
2609 2616 2824 2686 pudoris
2854 2617 2990 2670 illius
3018 2631 3261 2686 maguum
3298 2616 3710 2671 munimentum.

2134 2706 2309 2761 Multae
2345 2707 2598 2762 custodiae
2641 2707 2835 2762 faciunt
2880 2706 3128 2762 feminam
3173 2708 3485 2771 castiorem,
3532 2707 3708 2762 virum

2135 2810 2338 2853 castum
2366 2798 2520 2853 faciat
2553 2799 2667 2870 ipsa
2702 2798 2942 2853 virilitas.
2976 2798 3105 2853 Nam
3137 2798 3256 2854 ideo
3293 2800 3507 2870 mulieri
3542 2801 3716 2869 major

2135 2891 2394 2958 custodia,
2422 2892 2543 2962 quia
2571 2894 2740 2960 major
2762 2891 3061 2947 infirmitas.
3084 2891 3176 2945 Illa
3198 2894 3460 2948 erubescit
3487 2861 3623 2961 viro,
3650 2905 3709 2949 tu

2136 2999 2242 3038 non
2268 2982 2540 3039 erubescis
2558 2983 2805 3040 Christo?
2831 2983 2907 3038 Tu
2942 2984 3177 3051 liberior,
3200 2986 3320 3055 quia
3344 2985 3561 3040 fortior:
3586 2988 3712 3057 quia

2137 3074 2288 3131 facile
2325 3074 2522 3142 vincis,
2560 3074 2678 3129 ideo
2714 3074 2808 3129 tibi
2837 3075 3153 3131 commissus
3179 3091 3257 3131 es.
3293 3076 3464 3146 Super
3494 3078 3633 3132 illam
3657 3087 3715 3134 et

2135 3165 2403 3237 diligentia
2434 3165 2565 3233 viri,
2595 3173 2650 3220 et
2680 3174 2852 3220 terror
2880 3166 3053 3236 legum
3075 3207 3089 3230 ,
3130 3176 3185 3221 et
3224 3167 3552 3222 consuetudo
3592 3184 3711 3224 mo-

2136 3272 2273 3324 rum,
2298 3266 2352 3313 et
2375 3255 2690 3313 verecundia
2718 3255 2889 3326 major
2914 3273 2927 3309 :
2958 3268 3011 3311 et
3037 3257 3176 3312 Deus
3204 3273 3363 3326 super
3395 3266 3474 3325 te,
3505 3267 3712 3313 tantum

2139 3348 2294 3403 Deus.
2325 3346 2534 3402 Iuvenis
2553 3346 2693 3402 enim
2724 3346 2873 3402 facile
2924 3364 3075 3417 pares
3104 3348 3265 3410 viros,
3292 3349 3483 3418 quibus
3513 3364 3615 3403 non
3639 3351 3712 3403 ti-

2137 3453 2283 3492 meas
2306 3437 2652 3504 erubescere,
2677 3437 2798 3507 quia
2830 3436 3029 3492 faciunt
3066 3437 3197 3491 illud
3239 3439 3409 3503 multi.
3456 3441 3512 3493 iit
3565 3448 3712 3494 tanta

2135 3536 2217 3583 est
2246 3528 2563 3597 perversitas
2590 3530 2800 3597 generis
2828 3529 3064 3593 humani,
3093 3539 3147 3582 ut
3175 3529 3457 3599 aliquando
3479 3539 3715 3584 metuen-

2135 3619 2259 3675 dum
2286 3619 2356 3674 sit
2399 3635 2466 3674 ne
2503 3628 2683 3674 castus
2724 3620 3002 3675 erubescat
3043 3620 3181 3674 inter
3224 3619 3534 3688 impudicos.
3585 3620 3714 3676 Ideo

2138 3726 2242 3765 non
2270 3724 2423 3766 cesso
2459 3718 2675 3780 tangere
2703 3709 2942 3780 quintam
2982 3710 3135 3764 istam
3175 3711 3461 3779 chordam,
3494 3722 3717 3782 propter

2138 3803 2304 3872 ipsam
2349 3816 2649 3872 perversam
2689 3800 3124 3855 consuetudinem
3153 3812 3207 3856 et
3233 3802 3402 3856 labem
3432 3804 3620 3867 totius,
3655 3813 3715 3858 ut

2136 3893 2275 3961 dixi,
2310 3893 2520 3964 generis
2550 3879 2787 3947 humani.
2812 3891 2865 3946 Si
2890 3892 3007 3961 quis
3037 3892 3172 3947 inter
3214 3909 3308 3947 vos
3344 3893 3498 3947 faciat
3536 3894 3713 3949 homi-

2135 3985 2364 4050 cidium,
2391 3984 2532 4054 quod
2573 3992 2779 4039 avertat
2812 3984 2982 4048 Deus,
3009 3984 3211 4053 pellere
3251 3986 3395 4039 illum
3442 3987 3597 4053 vultis
3639 3988 3713 4044 de

2139 4076 2304 4145 patria
2324 4116 2339 4139 ,
2367 4084 2422 4130 et
2447 4074 2717 4140 continuo,
2748 4074 2791 4127 si
2822 4074 2932 4128 fieri
2958 4083 3146 4143 potest,
3167 4075 3463 4130 excludere.
3497 4076 3552 4131 Si
3590 4079 3717 4148 quis

2136 4165 2295 4221 faciat
2320 4164 2517 4220 furtum
2533 4206 2549 4233 ,
2572 4164 2759 4220 odistis
2783 4165 2964 4229 illum,
2990 4178 3088 4218 nec
3110 4164 3288 4220 videre
3307 4167 3484 4219 vultis.
3515 4166 3570 4223 Si
3592 4168 3716 4238 quis

2137 4255 2278 4311 dicat
2311 4254 2498 4309 falsum
2539 4254 2932 4319 testimonium,
2963 4254 3374 4320 abominamini,
3416 4272 3514 4311 nec
3559 4258 3717 4315 vobis

2139 4347 2299 4404 homo
2330 4346 2553 4401 videtur.
2582 4346 2640 4401 Si
2667 4346 2786 4416 quis
2812 4346 3152 4414 concupiscat
3172 4346 3372 4401 alienas
3392 4361 3497 4413 res,
3529 4358 3719 4416 raptor

2136 4449 2190 4494 et
2227 4438 2453 4508 injustus
2480 4436 2778 4506 deputatur.
2810 4436 2864 4492 Si
2894 4438 3012 4507 quis
3042 4438 3306 4492 volutatur
3343 4454 3462 4491 cum
3503 4440 3721 4498 ancillis

2137 4529 2268 4593 suis,
2295 4538 2524 4594 amatur,
2556 4527 2747 4583 blande
2774 4527 3057 4596 accipitur;
3086 4538 3465 4582 conuertuntur
3488 4531 3715 4586 vulnera

2138 4620 2190 4673 in
2217 4620 2355 4687 joca.
2376 4618 2430 4673 Si
2451 4618 2570 4689 quis
2590 4627 2766 4672 autem
2786 4617 2977 4672 cxistat
2996 4617 3085 4686 qui
3110 4617 3251 4671 dicat
3275 4632 3331 4671 se
3353 4630 3579 4694 castum,
3604 4635 3718 4676 non

2138 4710 2315 4765 facere
2339 4708 2686 4774 adulterium,
2717 4718 2897 4762 notum
2923 4716 3097 4761 autem
3128 4707 3195 4761 sit
3221 4707 3359 4777 quod
3383 4722 3487 4761 non
3522 4709 3715 4775 faciat;

2136 4800 2401 4857 erubescit
2429 4800 2681 4856 accedere
2704 4799 2768 4853 ad
2800 4800 2915 4854 illos
2943 4793 3155 4853 non'sui
3186 4798 3416 4861 similes,
3452 4814 3517 4852 ne
3544 4799 3723 4854 iusul-

2140 4901 2283 4956 teut,
2313 4906 2381 4946 ne
2406 4890 2679 4955 irrideant,
2708 4904 2773 4943 ne
2798 4888 2975 4943 dicant
3005 4904 3107 4943 non
3135 4902 3254 4942 esse
3281 4887 3471 4940 virum.
3506 4888 3584 4940 Ad
3613 4888 3726 4943 hoc

2138 4983 2354 5053 delapsa
2380 4991 2462 5037 est
2482 4981 2707 5035 humana
2733 4979 3067 5049 perversitas,
3087 4987 3145 5033 ut
3165 4979 3243 5032 vir
3265 4977 3297 5031 lt
3317 4979 3525 5033 theatur
3546 4978 3727 5033 victus

2138 5089 2170 5129 a
2190 5073 2424 5137 libidine,
2452 5083 2507 5127 et.
2531 5070 2610 5125 vir
2634 5086 2737 5125 non
2761 5070 3016 5124 habeatur
3038 5070 3205 5123 victor
3233 5069 3482 5123 libidinis.
3506 5068 3730 5121 Trium-

2142 5164 2362 5234 phantes
2386 5162 2685 5227 exsultant,
2717 5169 2771 5214 et
2799 5176 2903 5216 non
2930 5170 3051 5215 sunt
3076 5160 3211 5214 viri:
3236 5159 3414 5230 jacent
3440 5158 3725 5227 prostrati,

2139 5262 2194 5309 et
2220 5254 2314 5307 viri
2336 5251 2490 5307 sunt?
2519 5251 2574 5307 Si
2602 5259 2868 5320 spectares
2886 5286 2903 5314 ,
2930 5251 3017 5306 ille
3047 5250 3139 5304 tibi
3171 5250 3437 5304 videretur
3463 5248 3649 5302 fortior
3668 5249 3724 5313 ³,

2139 5343 2226 5414 qui
2254 5343 2453 5412 jaceret
2476 5339 2574 5394 sub
2598 5339 2760 5394 bestia
2778 5382 2792 5405 ,
2819 5355 2974 5410 quam
3011 5338 3099 5409 qui
3141 5337 3427 5409 perimeret
3458 5336 3732 5392 bestiarii?

2205 5522 2218 5553 ε
2247 5516 2382 5576 Editi,
2405 5514 2490 5566 sed
2513 5512 2624 5566 time
2646 5527 2722 5566 me
2749 5522 2899 5566 Deum
2918 5520 3068 5566 tmen.
3094 5516 3321 5577 Verbum,
3350 5513 3482 5576 time,
3511 5516 3654 5569 abest
3688 5531 3727 5567 a

2140 5587 2347 5705 "sum,
2372 5653 2397 5705 :_
2412 5639 2458 5705 δέ
2480 5639 2725 5705 spumeas
2761 5634 2810 5686 in
2831 5637 3197 5702 amphitheatro,
3220 5638 3264 5690 si
3304 5636 3630 5705 exspectabas,
3658 5648 3726 5692 tu

2144 5703 2225 5758 ille
2247 5702 2329 5755 tibi
2354 5698 2591 5752 videretur
2613 5698 2798 5763 fortior,
2826 5698 2919 5749 etc;
