4024 6202
334 251 408 308 ss
1803 246 2033 306 smne
2068 247 2160 303 Ix.
3536 272 3605 328 εδ

407 369 493 418 ta.
535 360 644 416 Sed
682 358 804 431 quia
844 358 1187 414 dissimulatis
1229 372 1256 412 a
1302 372 1475 429 pugna
1519 357 1769 413 interiore
1793 359 1836 425 ¹,
1866 366 1921 412 ct

333 456 600 510 delectant
628 467 726 507 vos
758 466 946 522 pugna:
970 451 1283 517 exteriores,
1307 451 1426 506 ideo
1450 465 1554 505 non
1577 450 1732 505 vultis
1758 451 1919 520 pet-tio

334 561 462 601 nerc
478 544 546 599 ad
568 544 837 599 canticum
860 558 1086 608 novum;
1110 541 1199 596 ubi
1224 541 1435 606 dicitur,
1459 541 1558 603 Qui
1576 541 1720 594 docet
1740 557 1919 595 manus

333 656 473 693 meo:
506 638 572 690 ad
622 636 896 707 prwlium,
941 645 989 690 et
1030 635 1213 705 digitos
1252 652 1389 690 meos
1421 634 1490 688 ad
1527 634 1709 688 bellum
1743 632 1913 706 (Psal.

334 744 520 793 cxun,
548 726 616 800 ι).
650 728 747 783 Est
771 727 914 781 enim
940 726 1133 782 bellum
1171 725 1312 796 quod
1358 740 1539 781 secum
1585 726 1695 797 agit
1734 725 1913 791 homo,

337 819 591 872 dimicans
614 826 801 872 contra
835 815 1293 886 eoneupisccntias
1320 816 1483 869 malas
1503 856 1518 878 ,
1547 815 1758 869 frenans
1787 829 1915 867 ava-

337 911 526 967 titiam.
554 908 763 963 elidens
781 908 1105 976 superbiam.
1132 906 1396 963 snﬂ'ocans
1417 907 1777 972 ambitionem,
1804 916 1914 962 tru-

328 1001 513 1055 cidans
543 1000 843 1055 libidinem.
864 999 971 1053 llas
995 1013 1198 1069 pugnas
1228 997 1656 1054 facisinocculto
1675 1039 1688 1061 ,
1718 1008 1768 1052 et
1810 1014 1914 1054 non

329 1092 558 1147 vinceris
589 1093 643 1146 in
670 1101 880 1162 aperto.
898 1091 976 1145 Ad
1009 1091 1109 1145 hoc
1138 1090 1397 1145 docentur
1423 1105 1611 1145 manus
1636 1098 1827 1145 vestra:
1847 1090 1913 1145 ad

327 1184 592 1252 prmlium,
609 1192 665 1238 ct
679 1182 831 1254 digiti
850 1183 1008 1237 vestri
1028 1181 1092 1235 ad
1117 1180 1333 1236 bellum.
1358 1180 1473 1235 Non
1504 1192 1582 1236 est
1604 1180 1774 1237 hocin
1792 1196 1916 1250 spe-

326 1275 549 1329 ctaculis
576 1275 789 1330 vestris.
808 1274 862 1327 In
879 1273 984 1328 illis
1009 1273 1326 1343 spectaculis
1348 1288 1453 1327 non
1482 1273 1532 1328 id
1559 1282 1643 1329 cst
1667 1282 1910 1337 venator,

327 1364 472 1434 quod
488 1365 785 1429 citharista;
805 1363 947 1418 aliud
968 1364 1076 1433 agit
1098 1374 1338 1429 venator,
1356 1363 1500 1417 aliud
1520 1363 1795 1419 citharista
1820 1379 1833 1415 :
1861 1363 1912 1416 in

327 1455 633 1523 spectaculo
644 1455 736 1509 Dei
750 1469 911 1509 unum
923 1462 1025 1509 est.
1039 1454 1217 1523 Tange
1228 1455 1444 1509 easdem
1460 1454 1644 1509 decem
1661 1452 1908 1520 chordas,

324 1556 381 1599 et
424 1546 565 1601 fenus
607 1546 853 1611 occides,
882 1556 1165 1617 utrumque
1197 1546 1357 1600 simul
1401 1545 1552 1601 facis.
1577 1546 1771 1615 Tangis
1801 1546 1909 1615 pri-

327 1651 471 1690 mam
495 1636 769 1703 chordam,
802 1652 906 1707 qua
934 1652 1066 1691 unus
1092 1636 1284 1690 colitur
1313 1637 1488 1701 Deus;
1519 1637 1713 1692 cecidit
1741 1637 1909 1691 bestia

328 1729 737 1798 superstitionis.
764 1729 959 1799 Tangis
988 1728 1297 1795 secundam,
1327 1743 1427 1798 qua
1461 1743 1564 1783 non
1592 1728 1789 1798 accipis
1815 1742 1912 1782 no-

326 1836 447 1874 men
475 1822 679 1875 Domini
713 1822 807 1877 Dei
848 1822 920 1876 tui
946 1822 999 1876 in
1024 1836 1252 1887 vanum;
1279 1821 1472 1877 cecidit
1508 1822 1676 1878 bestia
1711 1822 1911 1877 erroris

326 1911 672 1966 nél'andarum
726 1912 1022 1977 luerosum,
1072 1928 1189 1982 qua:
1238 1912 1289 1967 id
1335 1921 1667 1982 putaverunt.
1716 1911 1912 1982 Tangis

325 2003 529 2055 tertiam
573 2002 868 2067 chordam,
906 2002 996 2057 ubi
1033 2018 1130 2073 pro
1173 2017 1267 2072 spe
1310 2004 1500 2057 futura:
1542 2002 1737 2074 quietis
1782 2001 1910 2056 facis

322 2094 574 2165 quidquid
619 2095 781 2159 facis;
810 2095 1125 2150 interficitur
1166 2095 1433 2151 crudelior
1477 2095 1685 2151 caeteris
1725 2094 1909 2149 bestiis

323 2202 468 2241 amor
493 2187 681 2241 srculi
711 2186 886 2256 hujus.
915 2187 1138 2257 Propter
1167 2201 1401 2241 amorem
1432 2187 1574 2241 enim
1600 2185 1779 2241 saaculi
1806 2185 1908 2239 hu-

321 2280 404 2346 jus
434 2278 680 2332 laborant
708 2278 955 2333 homines
998 2278 1050 2331 in
1087 2277 1330 2332 omnibus
1360 2277 1585 2347 negotiis
1611 2294 1624 2330 :
1649 2284 1704 2331 tu
1730 2285 1906 2330 autem

322 2372 376 2424 in
400 2370 653 2425 erunibus
682 2369 839 2423 bonis
876 2369 1126 2439 epcribus
1154 2369 1255 2423 tuis
1279 2367 1457 2421 labora
1480 2410 1494 2430 ,
1543 2384 1651 2422 non
1691 2375 1909 2438 propter

324 2477 556 2517 amorem
586 2461 772 2517 srcculi
800 2460 989 2531 hujus,
1019 2460 1112 2514 sed
1154 2469 1370 2530 propter
1405 2460 1781 2529 sempiternam
1819 2475 1907 2514 re-

321 2553 499 2622 quiem
527 2567 690 2621 quam
713 2550 972 2621 promittit
1001 2550 1156 2605 Deus.
1180 2549 1310 2604 Vide
1330 2550 1598 2620 quomodo
1624 2560 1907 2620 utrumque

324 2642 476 2696 simul
504 2642 667 2707 facis,
695 2649 753 2695 et
792 2639 1022 2695 chordas
1053 2640 1252 2710 tangis,
1282 2648 1337 2695 et
1363 2639 1561 2695 bestias
1596 2640 1826 2705 occidis,
1854 2640 1905 2694 id

322 2741 435 2799 est,
466 2742 521 2788 et
543 2731 824 2787 citharista
857 2746 918 2786 es
944 2739 995 2786 et
1022 2738 1261 2785 venator.
1299 2729 1416 2785 Non
1454 2745 1548 2785 vos
1589 2730 1857 2785 delectant
1883 2731 1904 2762 '

325 2824 440 2877 talia
470 2822 800 2894 spectacula,
822 2821 913 2876 ubi
939 2838 1043 2875 non
1073 2836 1437 2891 pmmeremur
1455 2822 1639 2876 oculos
1660 2820 1901 2890 editoris;

323 2913 413 2967 scd
433 2915 623 2969 oculos
650 2910 1061 2982 Redemptoris?
1090 2909 1300 2965 Honora
1328 2920 1521 2980 patrem
1547 2921 1687 2964 tuum
1716 2920 1765 2965 et
1793 2927 1904 2964 ma-

323 3013 445 3057 trem
465 3014 608 3057 tuam
631 3020 649 3058 :
675 3002 847 3072 tangis
866 3010 1108 3071 quartam
1128 3000 1383 3056 chordam
1403 3041 1419 3067 ,
1443 3011 1501 3055 ut
1530 3000 1785 3057 honorem
1808 3016 1905 3070 pa-

322 3096 561 3148 tentibus
585 3092 826 3159 deferas;
860 3091 1052 3147 cecidit
1091 3092 1260 3147 bestia
1300 3091 1603 3161 impietatis.
1639 3090 1760 3147 Non
1786 3107 1905 3145 miro

321 3185 545 3239 cliabcris
567 3200 589 3236 :
613 3183 783 3253 tangis
803 3182 1038 3252 quintam
1067 3181 1318 3237 chordam
1339 3197 1354 3247 ;
1379 3180 1572 3237 cecidit
1591 3180 1758 3236 bestia
1786 3181 1905 3235 libi-

322 3274 481 3329 dinis.
517 3272 641 3327 Non
683 3272 919 3327 occides:
944 3273 1114 3343 tangis
1153 3282 1360 3326 sextam
1399 3271 1686 3338 chordam;
1716 3272 1907 3327 cecidit

321 3366 489 3419 bestia
528 3364 882 3421 crudelitatis.
915 3362 1036 3417 Non
1075 3367 1265 3434 furtum
1311 3364 1466 3434 facies
1490 3364 1699 3434 :tangis
1738 3364 1902 3434 septi-

323 3472 464 3510 mam
487 3455 777 3519 chordam;
805 3453 998 3508 cecidit
1022 3453 1190 3508 bestia
1216 3453 1537 3522 rapacitatis.
1573 3452 1691 3506 Νοη
1718 3454 1904 3523 [etsunt

321 3545 658 3598 ισιὶπιοιιίιιιι
692 3545 826 3597 dices
847 3560 867 3598 :
896 3543 1065 3613 tangis
1110 3552 1349 3597 octavam
1389 3541 1676 3608 chordam;
1714 3542 1906 3597 cecidit

323 3637 490 3693 bestia
517 3635 784 3690 falsitatis.
822 3634 940 3688 Non
967 3634 1285 3704 concupisces
1308 3649 1515 3688 uxorem
1538 3635 1755 3702 proximi
1784 3635 1860 3687 tui
1885 3651 1904 3689 :

324 3728 494 3795 tangis
521 3742 716 3782 nonam
737 3725 991 3781 chordam
1016 3742 1031 3790 ;
1059 3723 1250 3779 cecidit
1278 3724 1443 3777 bestia
1469 3724 1777 3778 adulterina:
1807 3738 1902 3778 co-

320 3820 613 3888 gitationis.
665 3817 818 3872 Aliud
861 3825 943 3872 est
989 3816 1129 3871 enim
1175 3832 1279 3870 non
1333 3813 1507 3869 facere
1552 3816 1749 3886 aliquid
1797 3816 1903 3871 tale

324 3917 517 3976 praeter
545 3923 790 3971 uxorem,
818 3905 961 3959 aliud
995 3922 1099 3959 non
1126 3915 1376 3974 appetere
1400 3905 1626 3959 alienam
1656 3920 1897 3960 uxorem.

323 3998 446 4051 Ideo
461 3996 567 4051 duo
588 4006 848 4066 praecepta
869 4003 1011 4062 sunt,
1033 3993 1153 4048 Non
1179 3993 1520 4061 morehaberis,
1539 4003 1612 4061 et,
1638 3994 1755 4050 Non
1774 4012 1899 4051 con-

321 4090 543 4159 enpisca
564 4105 773 4143 uxorem
795 4089 1011 4159 proximi
1025 4088 1117 4141 tui.
1142 4087 1262 4142 Non
1280 4088 1596 4158 concupisces
1612 4106 1716 4143 rem
1732 4093 1904 4161 proxi-

322 4181 389 4232 m’
413 4181 490 4232 tui
506 4197 526 4233 :
551 4179 725 4249 tangis
744 4178 1003 4233 decimam
1028 4176 1280 4233 chordam
1301 4195 1315 4244 ;
1340 4178 1533 4234 cecidit
1561 4179 1727 4234 bestia
1755 4184 1903 4253 cupi-

322 4270 520 4324 ditatis.
542 4269 619 4323 lta
642 4268 954 4324 cadentibus
974 4268 1218 4324 omnibus
1238 4268 1422 4323 bestiis
1438 4283 1658 4325 securus
1678 4281 1731 4326 et
1751 4272 1904 4328 inuo-

321 4376 447 4415 crus
490 4362 542 4414 in
574 4360 669 4416 Dei
712 4360 996 4416 dilectione
1024 4368 1079 4416 et
1100 4360 1328 4415 humana
1361 4362 1618 4418 societate
1652 4367 1898 4421 versaris.

324 4450 568 4521 'fangens
587 4449 814 4505 chordas
825 4450 1031 4516 decem,
1048 4459 1176 4521 quot
1188 4451 1384 4508 bestias
1393 4452 1617 4507 occidis?
1628 4454 1758 4509 Nam
1774 4457 1905 4510 mul-

321 4556 370 4598 ta
383 4545 559 4611 capita
578 4552 702 4597 sunt
718 4542 818 4597 sub
839 4543 951 4597 istis
962 4543 1238 4611 capitibus.
1257 4542 1312 4597 ln
1329 4544 1548 4613 singulis
1563 4545 1778 4601 chordis
1795 4563 1898 4604 non

324 4635 555 4703 singulas
569 4635 680 4688 besu
689 4633 785 4696 ias,
798 4633 890 4687 sed
901 4649 1087 4704 greges
1098 4633 1347 4689 interficis
1359 4635 1664 4690 bestiarum.
1678 4637 1765 4713 Sic
1775 4654 1901 4710 ergo

319 4726 585 4779 mulierum
606 4739 798 4779 novum
818 4739 939 4779 cum
955 4739 1158 4791 amore,
1172 4740 1275 4779 non
1298 4740 1416 4780 cum
1434 4728 1622 4783 timore
1641 4729 1897 4785 cantabis.

388 4813 617 4869 CAPUT
645 4813 714 4868 Χ.
744 4842 818 4854 —-
856 4814 939 4869 1-1.
970 4813 1089 4870 Noli
1121 4815 1299 4872 dicere
1354 4817 1480 4882 tibi,
1513 4820 1724 4888 quando
1766 4819 1902 4876 forte

320 4904 656 4958 lnxnrianter
679 4904 874 4974 aliquid
899 4905 975 4959 vis
996 4919 1155 4973 agere
1181 4925 1195 4960 :
1225 4908 1451 4962 Uxorem
1479 4924 1583 4963 non
1610 4909 1799 4977 habeo,
1829 4911 1902 4965 fa-

318 4999 406 5051 cio
435 4998 574 5073 quod
605 4998 762 5063 volo;
802 5012 907 5051 non
936 4998 1077 5053 enim
1106 5006 1228 5067 post
1262 5014 1478 5054 uxorem
1512 5016 1684 5056 meam
1717 5018 1899 5071 pecco.

317 5088 442 5143 1am
470 5090 604 5143 nosti
637 5090 862 5159 pretium
893 5100 1059 5158 tuum,
1083 5091 1191 5160 jam
1221 5092 1360 5146 nosti
1389 5108 1494 5163 quo
1519 5093 1750 5162 accedis,
1776 5096 1901 5165 quid

318 5179 645 5245 mnduces,
674 5180 803 5250 quid
836 5180 1020 5245 bibas;
1066 5182 1172 5235 imo
1210 5198 1369 5251 quem
1404 5186 1716 5251 manduees,
1745 5201 1900 5256 quem

317 5270 496 5324 bibas.
524 5271 745 5325 Abstine
770 5279 822 5325 te
846 5286 876 5325 a
906 5263 1360 5326 fornicationibns.
1392 5272 1468 5328 Ne
1497 5273 1633 5329 forte
1662 5275 1788 5329 mihi
1818 5277 1902 5331 di-

314 5375 417 5414 cas
443 5361 559 5415 :Ad
581 5362 834 5416 fornicem
855 5362 1010 5427 vado,
1039 5361 1105 5416 ad
1127 5363 1458 5418 meretricem
1487 5381 1667 5435 pergo,
1693 5366 1758 5420 ad
1782 5383 1901 5436 pro-

304 5451 557 5506 stitutam
584 5470 649 5508 eo
683 5471 697 5508 :
734 5468 834 5508 nec
863 5452 988 5508 illud
1025 5463 1344 5524 precccptum
1373 5455 1541 5523 violo,
1570 5474 1675 5527 quo
1703 5458 1900 5515 dictum

385 5569 403 5594 ι
436 5562 596 5613 Plin-cs
616 5563 839 5627 ttss.,iad
858 5577 1065 5627 pugnam
1086 5564 1302 5617 iutro're.

383 5627 407 5655 ι
433 5634 500 5673 sic
523 5635 623 5688 ιιι».Δ
650 5626 901 5688 οιειιῑιιιιοι
924 5626 1028 5677 Mss.
1057 5634 1110 5679 At
1129 5635 1222 5677 En:
1250 5637 1348 5679 .von
1369 5641 1452 5680 nos
1476 5629 1711 5682 delectant
1773 5640 1895 5684 tota:

322 5692 423 5740 Son
444 5699 523 5737 nos
546 5686 795 5738 delectent.

2029 366 2144 421 est,
2184 356 2299 411 Non
2328 360 2646 420 mwcltobcris
2666 382 2687 432 ;
2724 366 2844 437 quia
2885 384 3101 425 uxorem
3137 372 3372 430 nondum
3415 377 3605 437 habeo.

2027 462 2126 501 nec
2169 458 2288 517 post
2331 449 2473 504 illam
2517 452 2711 524 aliquid
2757 456 2895 512 facio
2927 476 2941 513 :
2973 475 3071 516 nec
3114 461 3242 517 illud
3287 477 3606 535 pra‘ceptum

2025 537 2183 603 violo,
2214 539 2301 593 ubi
2325 540 2522 595 dictum
2543 552 2646 611 est,
2680 544 2799 600 Non
2819 550 3147 620 concupisces
3162 570 3368 607 uxorem
3390 558 3608 625 proximi

2025 628 2117 680 tui.
2149 628 2246 696 Qui
2277 630 2342 685 ad
2371 631 2632 701 publicam
2656 636 2811 703 vado,
2840 639 2890 693 in
2917 642 3056 711 quod
3086 648 3603 715 prtcceptumincur.

2025 719 2124 772 ro?
2154 720 2266 776 Non
2312 722 2608 778 invenimus
2641 726 2927 797 chordam,
2970 748 3126 802 quam
3159 740 3471 807 tingamus?
3502 757 3605 797 non

2024 808 2320 868 invenimus
2361 813 2657 870 chordam?
2699 820 2815 886 Quo
2858 837 3029 879 nervo.
3068 826 3293 896 ligemus
3330 830 3605 900 fugitivum

2022 902 2220 958 istum?
2243 904 2356 960 Non
2388 906 2552 978 fugiat
2572 910 2611 975 ί,
2644 909 2805 967 habet
2829 914 2967 970 unde
2990 917 3180 988 ligetur
3205 936 3219 972 :
3243 921 3334 975 sed
3361 932 3522 989 amet,
3551 935 3606 978 et

2022 1009 2125 1048 non
2156 996 2259 1051 erit
2291 997 2657 1069 ligamentum,
2686 1003 2780 1058 sed
2807 1017 3194 1063 ornamentum.
3226 1011 3341 1067 Non
3367 1014 3507 1069 enim
3536 1016 3603 1070 li-

2020 1094 2323 1154 gamentum
2345 1130 2361 1156 ,
2390 1089 2489 1145 sed
2513 1103 2885 1149 ornamentum
2930 1096 2981 1150 in
3022 1099 3148 1167 ipsis
3177 1100 3360 1157 decem
3390 1103 3604 1159 chordis

2022 1174 2338 1232 invenimus.
2385 1181 2575 1237 Decem
2617 1184 2757 1239 enim
2801 1190 3063 1259 prazccpta
3092 1191 3157 1245 ad
3194 1191 3301 1248 duo
3339 1194 3424 1249 illa
3463 1196 3601 1251 refe-
3660 1212 3663 1215 '

2021 1275 2229 1333 runtur,
2262 1271 2416 1325 sicuti
2441 1273 2759 1343 audivimus,
2786 1285 2843 1332 ut
2862 1277 3142 1350 diligamus
3164 1283 3325 1338 Deum
3347 1293 3402 1340 et
3427 1288 3603 1354 proxi-

2017 1371 2162 1412 mum
2196 1368 2289 1415 :et
2324 1361 2431 1417 duo
2471 1363 2558 1417 illa
2597 1364 2665 1420 ad
2703 1382 2866 1422 unum
2907 1368 3055 1425 illud.
3090 1371 3259 1426 Unum
3290 1381 3374 1428 est
3398 1384 3594 1445 autem,

1988 1491 2001 1494 -
2022 1448 2169 1515 Quod
2193 1450 2281 1505 tibi
2306 1453 2417 1521 ﬁeri
2440 1472 2539 1509 non
2569 1457 2662 1522 vis,
2693 1458 2782 1512 alii
2810 1476 2870 1513 ne
2894 1460 3069 1530 feceris
3100 1462 3246 1532 (Tob.
3278 1480 3348 1530 tv,
3378 1466 3490 1537 16).
3521 1462 3596 1520 lbi

2017 1541 2359 1598 continentur
2381 1544 2595 1612 decem,
2624 1549 2693 1603 ibi
2718 1551 3055 1607 continentur
3081 1553 3206 1609 duo.

2089 1631 2175 1685 15.
2203 1632 2308 1688 Sed
2334 1633 2466 1689 dicis
2493 1655 2506 1690 :
2532 1636 2752 1693 Furtum
2781 1640 2825 1695 si
2853 1640 3062 1710 faciam,
3092 1644 3142 1699 id
3172 1646 3305 1700 facio
3328 1646 3470 1717 quod
3490 1650 3596 1718 pati

2016 1720 2140 1775 nolo
2172 1740 2185 1776 :
2214 1722 2257 1775 si
2283 1724 2550 1791 occidam,
2585 1727 2634 1782 id
2671 1729 2806 1785 facio
2842 1732 2981 1801 quod
3011 1734 3078 1787 ab
3102 1734 3272 1788 altero
3301 1737 3405 1805 pati
3434 1738 3593 1791 nolo:

2014 1811 2058 1864 si
2103 1814 2412 1881 parentibus
2451 1818 2588 1872 meis
2629 1819 2887 1875 honorem
2932 1836 3037 1885 non
3078 1823 3349 1893 deferam,
3386 1827 3598 1897 quando

2018 1903 2140 1956 volo
2169 1915 2224 1958 ut
2246 1904 2517 1962 deferatur
2544 1908 2677 1964 mihi
2702 1925 2734 1965 a
2762 1912 2882 1967 filiis
2909 1906 3065 1981 meis,
3092 1915 3143 1970 id
3170 1916 3304 1972 facio
3327 1918 3466 1988 quod
3492 1920 3597 1988 pati

2017 1995 2138 2049 nolo
2167 2013 2179 2048 :
2211 1996 2256 2050 si
2297 1997 2397 2052 sim
2439 1999 2678 2056 moechus
2707 2010 2760 2056 et
2782 2003 2976 2074 aliquid
3005 2006 3108 2060 tale
3132 2008 3319 2063 moliar
3338 2049 3353 2072 ,
3387 2008 3437 2063 id
3465 2009 3597 2064 facio

2013 2088 2152 2153 quod
2183 2087 2286 2155 pati
2311 2088 2467 2155 nolo;
2498 2106 2618 2144 nam
2645 2091 2690 2144 si
2719 2093 2837 2161 quis
2863 2094 3243 2164 interrogetur,
3274 2097 3434 2164 dicit,
3462 2097 3596 2153 Nolo

2015 2184 2073 2229 ut
2098 2192 2231 2231 uxor
2254 2193 2371 2232 mea
2398 2180 2501 2235 tale
2520 2180 2718 2250 aliquid
2745 2183 2894 2236 faciat
2923 2204 2935 2237 :
2964 2185 3008 2237 si
3038 2186 3355 2255 concupisco
3370 2180 3594 2242 uxorem

2014 2267 2243 2335 proximi
2271 2267 2407 2332 mei,
2439 2269 2564 2324 nolo
2595 2270 2872 2340 quisquam
2914 2274 3251 2344 concupiscat
3295 2292 3501 2340 meam;
3545 2278 3593 2331 id

2014 2355 2151 2411 facio
2175 2357 2316 2428 quod
2345 2358 2448 2428 pati
2479 2359 2602 2413 nolo
2627 2376 2640 2414 :
2662 2359 2706 2413 si
2733 2363 3048 2431 concupisco
3073 2379 3187 2419 rem
3218 2366 3440 2434 proximi
3467 2370 3592 2432 mei,

2012 2447 2137 2501 nolo
2169 2456 2225 2502 ut
2247 2448 2518 2503 auferatur
2545 2464 2697 2519 mea;
2731 2449 2783 2505 id
2811 2450 2944 2506 facio
2973 2454 3115 2523 quod
3150 2454 3255 2524 pati
3289 2455 3410 2510 nolo
3434 2473 3447 2506 :
3471 2472 3597 2511 cum

2011 2552 2140 2593 vero
2183 2537 2250 2592 ad
2288 2539 2623 2596 meretricem
2662 2556 2757 2608 eo,
2793 2544 2875 2597 cui
2923 2543 3058 2601 facio
3099 2547 3240 2616 quod
3284 2550 3390 2616 pati
3434 2550 3598 2603 uolo?

2010 2630 2163 2697 Quod
2188 2632 2403 2701 gravius
2423 2640 2523 2698 est,
2550 2633 2649 2703 ipsi
2678 2633 2804 2689 Deo.
2831 2634 3092 2707 lntelligat
3109 2637 3373 2695 Sanctitas
3394 2651 3593 2696 vestra.

2011 2720 2245 2787 Etenim,
2281 2722 2429 2788 Quod
2457 2724 2569 2792 ﬁeri
2598 2724 2686 2778 tibi
2713 2742 2812 2780 non
2838 2728 2930 2793 vis,
2959 2729 3050 2781 alii
3074 2746 3135 2782 ne
3159 2732 3362 2802 feceris,
3395 2732 3470 2789 ad
3489 2732 3597 2789 duo

2013 2822 2274 2881 prmcepta
2302 2813 2549 2882 pertinet.
2582 2814 2859 2882 Quomodo
2894 2818 3123 2887 pertinet
3157 2820 3223 2874 ad
3257 2821 3373 2876 duo
3397 2838 3596 2892 prince-

2011 2902 2142 2972 pta?
2171 2901 2227 2958 Si
2258 2902 2459 2958 homini
2486 2919 2594 2960 non
2621 2905 2809 2962 feceris
2834 2908 2976 2979 quod
3015 2910 3123 2979 pati
3160 2913 3378 2967 non..vis
3402 2914 3470 2968 ab
3494 2914 3593 2970 ho-

2011 2993 2175 3061 mine,
2201 2993 2269 3048 ad
2295 2994 2521 3066 proximi
2543 3004 2862 3068 prtcceptum
2890 3000 3230 3070 pertinet,-ad
3254 3002 3592 3061 dilectionem

2009 3087 2273 3156 proximi,
2299 3087 2365 3142 ad
2390 3097 2593 3159 septem
2622 3090 2849 3147 chordas
2886 3111 2900 3148 :
2937 3093 2984 3148 si
3010 3103 3187 3152 autem
3215 3097 3356 3167 quod
3383 3114 3487 3153 non
3515 3100 3594 3154 vis

2011 3176 2115 3245 pati
2136 3176 2205 3231 ab
2225 3176 2461 3246 homine,
2492 3179 2591 3250 ipsi
2612 3181 2720 3237 Deo
2745 3183 2825 3239 vis
2850 3181 3047 3251 facere,
3062 3186 3193 3255 quid
3219 3187 3462 3243 esthoc?
3486 3205 3593 3245 non

2009 3264 2140 3321 facis
2167 3266 2319 3323 alteri
2350 3269 2490 3339 quod
2520 3270 2625 3341 pati
2656 3287 2763 3327 non
2793 3273 2908 3329 vis?
2936 3272 3161 3332 Cbarior
3190 3278 3281 3333 tibi
3317 3278 3485 3335 factus
3512 3291 3594 3336 est

2011 3355 2171 3412 homo
2195 3373 2357 3427 quam
2387 3361 2567 3416 Deus?
2594 3361 2736 3433 Ergo
2767 3366 3067 3434 quomodo,
3101 3368 3303 3439 inquit,
3334 3370 3464 3425 facio
3493 3372 3591 3441 ipsi

2010 3446 2159 3502 Deo?
2196 3448 2508 3519 Corrumpis
2551 3459 2602 3506 te
2637 3451 2832 3520 ipsum.
2880 3454 2949 3509 Et
2991 3455 3131 3512 unde
3173 3457 3415 3527 injuriam
3458 3458 3592 3513 facio

2010 3536 2151 3601 Deo,
2179 3539 2300 3609 quia
2338 3555 2623 3611 corrumpe
2652 3558 2738 3598 me
2766 3544 2978 3613 ipsum?
3005 3545 3155 3603 Unde
3180 3546 3304 3602 facit
3329 3543 3419 3603 tibi
3450 3550 3590 3619 inju-

2009 3628 2162 3694 riam,
2184 3629 2273 3697 qui
2295 3629 2521 3685 voluerit
2541 3632 2675 3686 forte
2697 3632 2936 3701 lapidare
2958 3641 3098 3688 tuam
3124 3636 3351 3691 tabulam
3375 3638 3587 3707 pictam.

2010 3717 2063 3772 in
2092 3733 2195 3788 qua
2223 3718 2396 3773 tabula
2425 3720 2599 3790 imago
2625 3729 2710 3774 tua
2739 3731 2823 3777 est
2858 3723 2909 3778 in
2945 3724 3105 3779 domo
3135 3736 3219 3781 tua
3245 3727 3472 3783 inaniter
3498 3745 3591 3798 po-

2008 3808 2107 3862 sita
2130 3808 2196 3864 ad
2224 3824 2416 3864 vanum
2445 3812 2700 3867 honorem
2741 3821 2883 3869 tuum
2902 3857 2917 3880 ,
2944 3831 3044 3871 nec
3079 3817 3348 3885 sentiens,
3380 3836 3478 3875 nec
3514 3821 3590 3875 lu-

2007 3916 2194 3969 queus,
2229 3917 2329 3957 nee
2351 3902 2578 3959 videns?
2606 3904 2661 3959 Si
2687 3906 2807 3975 quis
2834 3908 2975 3963 illam
3003 3909 3228 3978 lapidct,
3257 3925 3431 3966 nonne
3457 3912 3508 3966 in
3538 3923 3589 3967 te

2011 3991 2060 4044 id
2088 3992 2408 4048 contumelia
2434 3994 2552 4049 est?
2578 3993 2710 4051 Cum
2742 4013 2868 4050 vero
2892 3998 3174 4068 imaginem
3206 4000 3332 4067 Dei,
3363 4003 3504 4072 quod
3530 4021 3589 4059 es

2010 4089 2086 4145 tu,
2115 4074 2411 4152 corrumpis
2442 4082 2495 4136 in
2530 4092 2583 4138 te
2624 4100 2718 4154 per
2742 4085 3119 4142 fornicationes
3146 4098 3202 4143 et
3232 4106 3325 4159 per
3346 4091 3589 4148 diffluen-

2009 4172 2107 4227 tias
2132 4172 2403 4239 libidinis;
2433 4175 2665 4231 attendis
2689 4177 2810 4246 quia
2837 4177 2902 4232 ad
2933 4179 3129 4234 nullius
3158 4197 3373 4239 uxorem
3409 4200 3590 4241 acces—

2005 4263 2142 4329 sisti,
2168 4264 2399 4342 attendis
2418 4266 2537 4335 quia
2561 4276 2681 4337 post
2702 4284 2918 4325 uxorem
2942 4280 3080 4326 tuam
3106 4273 3232 4327 nihil
3255 4275 3441 4342 fecisti,
3464 4279 3587 4349 quia

2006 4368 2229 4410 uxorem
2277 4371 2383 4411 non
2426 4356 2627 4426 habes;
2659 4369 2713 4415 et
2748 4376 2855 4416 non
2884 4363 3112 4419 attendis
3140 4380 3235 4435 per
3261 4366 3508 4424 libidines
3535 4382 3589 4425 et

2007 4444 2216 4500 illicitas
2249 4445 2624 4505 fornicationes
2665 4450 2817 4521 cujus
2866 4453 3147 4525 imaginem
3189 4458 3433 4515 violasti?
3482 4460 3587 4515 1⁸0-

2005 4545 2205 4592 stremo
2218 4537 2358 4593 Dens
2376 4539 2464 4609 qui
2484 4540 2583 4595 scit
2602 4542 2728 4612 quid
2750 4544 2841 4598 tibi
2865 4545 2991 4601 utile
3014 4546 3101 4613 sit,
3115 4550 3204 4618 qui
3228 4565 3351 4605 vere
3365 4551 3441 4606 sic
3458 4567 3586 4607 suos

2005 4642 2189 4683 servos
2213 4628 2474 4698 gubernat
2500 4631 2566 4685 ad
2592 4633 2871 4688 utilitatem
2900 4635 3139 4704 illorum,
3170 4654 3275 4694 non
3304 4640 3370 4695 ad
3396 4657 3544 4696 suam
3567 4660 3582 4706 ;

2004 4734 2110 4773 non
2140 4720 2280 4774 enim
2321 4720 2520 4791 indiget
2558 4723 2726 4778 servis
2750 4724 2898 4794 quasi
2927 4726 2993 4780 ad
3020 4726 3340 4796 adjutorium
3361 4771 3375 4794 ,
3409 4732 3500 4786 sed
3531 4741 3585 4786 tu

2006 4809 2210 4880 indiges
2240 4810 2451 4865 Domini
2484 4812 2680 4867 auxilio
2709 4832 2724 4868 :
2753 4814 2867 4884 ipse
2903 4831 3031 4887 ergo
3070 4818 3324 4875 Dominus
3364 4822 3452 4890 qui
3487 4824 3589 4877 scit

2005 4902 2129 4972 quid
2159 4902 2251 4957 tibi
2279 4903 2348 4956 sit
2377 4904 2540 4970 utile,
2583 4919 2801 4961 uxorem
2832 4909 3128 4971 concessit,
3171 4910 3299 4963 nihil
3336 4912 3579 4980 amplius.

2007 4994 2118 5047 lloc
2151 4991 2339 5062 jussit,
2370 4992 2470 5047 hoc
2497 4994 2782 5064 praecepit,
2811 5011 2878 5050 ne
2910 5011 3003 5065 per
3041 4997 3250 5052 illicitas
3289 5000 3585 5069 voluptates

2006 5090 2217 5141 corruat
2259 5083 2512 5151 templum
2557 5084 2706 5153 ejus,
2750 5085 2890 5155 quod
2920 5100 3041 5142 esse
3066 5089 3291 5158 cmpisti.
3322 5090 3584 5163 Numquid

2008 5175 2108 5229 hoc
2146 5188 2246 5243 ego
2283 5173 2439 5229 dico?
2467 5175 2778 5245 Apostolum
2816 5179 2993 5233 audite
3023 5197 3037 5235 :
3067 5179 3286 5238 Nescitis
3311 5187 3431 5255 quia
3456 5194 3584 5240 tem-

2007 5264 2145 5334 plum
2180 5262 2269 5318 Dei
2303 5264 2454 5332 estis,
2482 5274 2528 5320 et
2561 5265 2784 5337 Spiritus
2810 5267 2905 5323 Dei
2940 5269 3129 5326 habitat
3166 5272 3219 5328 in
3256 5275 3437 5331 vobis?
3476 5276 3587 5333 lloe

2045 5456 2364 5535 “pando-Itis
2566 5468 2663 5535 .von
2696 5460 2922 5535 hebennus
2951 5477 3045 5527 quo
3078 5479 3221 5517 nervo
3241 5465 3467 5535 Διὶςιυιιιιιιι
3513 5474 3589 5535 fu-

2006 5520 2203 5593 gitiuum
2260 5520 2435 5593 istum,
2476 5526 2557 5593 ut“
2575 5533 2667 5572 non
2706 5520 2876 5593 rugitu.
2919 5520 3038 5593 Mn,
3079 5536 3175 5576 mm
3229 5520 3396 5593 rugi'iet.
3444 5520 3586 5584 Paulo

2008 5583 2114 5658 post
2148 5582 2238 5658 tie:
2250 5585 2301 5628 et
2317 5578 2490 5658 plures
2522 5589 2646 5658 uss...
2804 5592 2928 5635 umet
2966 5578 3038 5658 te;
3057 5596 3154 5638 Non
3191 5578 3586 5658 a'miiiigririiiai

2008 5646 2132 5713 tum,
2160 5648 2287 5713 etc.,_
2312 5643 2500 5713 omissis
2538 5644 2717 5713 verbis,
2740 5650 2795 5713 et
2818 5658 2910 5695 non
2948 5648 3056 5713 erit,
3102 5660 3196 5700 etc.
3238 5662 3291 5703 Αι
3331 5643 3459 5713 Lirin.
3505 5643 3588 5707 sed

2008 5705 2133 5746 umet
2150 5711 2220 5760 se,
2243 5708 2287 5747 et
2309 5712 2402 5749 non
2418 5704 2532 5766 erit,
2562 5710 2654 5753 etc.
2683 5708 2898 5771 Denique
2942 5704 3054 5772 Αιιιξ
3077 5725 3207 5764 caret
3233 5704 3482 5781 particula,

2500 5810 2529 5821 σι
