4024 6202
379 274 446 328 8⁸1
1614 257 1672 313 S.
1699 250 1977 312 AUGUSTI

2102 249 2403 307 EPISCOPI
3576 260 3645 320 88

378 384 855 453 dieitChristianis,
883 383 983 439 hoc
1002 382 1129 438 dicit
1155 378 1395 434 fidelibus
1419 395 1431 430 :
1460 374 1679 430 Nescitis
1698 372 1814 444 quia
1836 380 1960 425 tem-

383 483 521 551 plum
551 479 644 534 Dei
669 477 803 543 estis,
835 485 880 529 ct
906 473 1130 543 Spiritus
1150 469 1244 523 Dei
1270 467 1459 523 habitat
1485 468 1538 520 in
1561 464 1738 520 vobis?
1766 463 1826 518 Si
1849 462 1959 529 quis

382 571 621 642 templum
649 566 746 623 Dei
768 564 1065 634 corruperit,
1095 568 1375 628 corrumpet
1402 558 1546 612 illum
1576 556 1712 610 Deus
1736 555 1756 627 (
1783 554 1801 608 l
1839 553 1958 609 Cor.

382 679 470 726 ιιι,
504 643 588 729 l6,
617 660 745 730 l7)?
775 656 980 711 Videtis
1009 651 1275 725 quomodo
1299 648 1566 705 minatur?
1593 646 1707 701 Non
1738 644 1816 699 vis
1843 658 1964 697 cor-

385 755 556 824 tnmpi
593 753 808 807 domum
853 759 993 804 tuam
1014 790 1028 814 ,
1060 761 1223 818 quare
1259 743 1561 811 corrumpis
1585 747 1800 794 domum
1833 735 1965 790 Dei?

385 848 539 900 tierte
565 843 694 899 facis
716 844 731 875 ¹
755 841 908 897 alicui
935 838 1075 911 quod
1099 837 1202 908 pati
1231 850 1335 890 non
1357 835 1456 888 vis.
1480 830 1594 885 Non
1614 837 1843 897 estergo
1862 839 1965 897 qua

387 938 640 991 «vadatur
669 952 685 990 :
716 944 925 989 tenetur
968 933 1090 998 ille,
1134 930 1222 1000 qui
1264 943 1323 983 se
1367 924 1533 983 teneri
1577 938 1682 976 non
1728 918 1962 990 putabat.

386 1027 576 1080 Omnia
615 1026 755 1079 enim
799 1030 1012 1094 peccata
1055 1020 1327 1075 hominum
1349 1059 1363 1084 ,
1395 1023 1485 1069 aut
1518 1013 1583 1067 ad
1611 1008 1965 1079 corruptelam

392 1120 657 1186 pertinent
687 1117 1000 1186 flagitiorum
1022 1155 1035 1178 ,
1068 1120 1157 1166 aut
1193 1110 1258 1165 ad
1291 1109 1519 1162 facinora
1561 1101 1805 1158 nocendi.
1835 1099 1967 1166 Quia

390 1213 502 1266 lico
539 1225 727 1264 nocere
760 1223 862 1262 non
898 1216 1046 1275 potes
1074 1204 1123 1257 in
1156 1199 1502 1264 facinoribus,
1535 1197 1587 1250 in
1613 1192 1820 1261 ﬂagitiis
1847 1204 1968 1244 eum

389 1300 649 1363 uti‘cndis,
691 1299 741 1352 in
780 1295 1095 1365 corruptelis
1123 1308 1242 1348 eum
1273 1288 1494 1344 offendis
1514 1327 1527 1350 ,
1569 1286 1620 1339 in
1651 1295 1701 1338 te
1732 1282 1805 1336 illi
1841 1281 1969 1334 facis

391 1393 656 1460 injuriam.
694 1390 845 1444 Facis
870 1389 1012 1443 enim
1050 1386 1293 1457 iniuriam
1318 1381 1501 1454 gratiae
1544 1378 1728 1449 ipsius,
1748 1374 1924 1430 domui
1947 1374 1968 1405 ⁸

392 1487 579 1551 indas.

466 1578 551 1631 l6.
585 1567 807 1631 Servum
836 1574 879 1629 si
904 1575 1145 1634 haberes,
1170 1571 1333 1626 velles
1355 1578 1409 1621 ut
1431 1565 1652 1620 serviret
1674 1561 1763 1616 tibi
1786 1573 1971 1615 servus

394 1679 514 1723 tuus
543 1687 555 1723 :
585 1669 721 1724 servi
751 1680 803 1721 tn
832 1656 1035 1722 meliori
1064 1666 1286 1720 Domino
1309 1664 1417 1718 Deo
1446 1669 1550 1714 tuo.
1578 1659 1799 1713 Servum
1825 1664 1969 1708 tuum

395 1781 498 1818 non
526 1772 578 1817 tu
608 1763 807 1827 fecisti,
837 1771 890 1815 et
916 1769 967 1815 te
993 1769 1046 1814 et
1073 1773 1282 1814 servum
1315 1766 1460 1810 tuum
1492 1754 1582 1806 ille
1617 1751 1739 1806 fecit
1766 1767 1778 1801 :
1808 1748 1887 1801 vis
1916 1754 1969 1800 ut

395 1856 489 1911 tibi
518 1857 712 1910 serviat
740 1870 857 1909 cum
887 1868 992 1923 quo
1020 1851 1184 1907 factus
1213 1865 1271 1904 es
1292 1890 1305 1914 ,
1336 1856 1388 1901 et
1416 1861 1521 1900 non
1548 1843 1624 1897 vis
1647 1840 1846 1895 servire
1869 1838 1915 1891 ei
1942 1851 1970 1889 a

394 1963 498 2016 quo
527 1948 693 2001 factus
717 1944 811 2001 es?
836 1946 973 2015 Ergo
994 1958 1115 1999 cum
1137 1941 1215 1994 vis
1237 1949 1291 1994 ιιι
1312 1938 1506 1993 serviat
1530 1935 1620 1989 tibi
1647 1940 1832 1989 servus
1855 1938 1973 1983 tuus

396 2040 556 2091 homo
577 2080 592 2103 ,
633 2047 685 2091 et
721 2045 773 2089 ιιι
815 2052 919 2090 non
960 2035 1040 2088 vis
1074 2033 1274 2087 servire
1302 2029 1524 2085 Domino
1553 2028 1662 2081 Deo
1693 2034 1814 2088 tuo,
1847 2021 1975 2074 facis

397 2130 505 2182 lico
529 2128 668 2199 quod
698 2138 750 2182 ιιι
778 2129 881 2198 pati
910 2142 1014 2180 non
1038 2125 1133 2178 vis.
1160 2125 1297 2191 Ergo
1318 2120 1444 2175 illud
1468 2133 1625 2173 unum
1653 2122 1972 2185 praeeepfnm

396 2224 631 2277 continet
671 2220 809 2285 duo,
844 2220 929 2272 illa
962 2218 1066 2273 duo
1106 2216 1375 2272 continent
1416 2211 1633 2269 decem.
1674 2208 1761 2262 illa
1789 2206 1972 2259 decem

396 2316 667 2369 continent
710 2312 908 2367 omnia.
958 2310 1177 2365 Cantate
1221 2321 1347 2375 ergo
1396 2304 1445 2357 in
1490 2300 1741 2371 psalterio
1792 2298 1972 2351 decem

396 2405 714 2458 chordarum
738 2401 1000 2457 canticum
1031 2414 1244 2453 nevnm.
1273 2395 1344 2451 Ut
1367 2402 1540 2447 autem
1564 2388 1785 2444 eantctis
1812 2385 1976 2438 canti—

396 2511 515 2546 cum
547 2508 737 2548 novum
763 2533 777 2555 ,
806 2499 976 2545 estote
1007 2488 1248 2542 homines
1275 2484 1412 2539 novi.
1444 2481 1650 2551 Diligite
1681 2478 1971 2549 justitiam:

397 2585 554 2638 habet
582 2580 1023 2653 pulchritudinem
1056 2592 1225 2633 suam.
1256 2574 1381 2629 Ideo
1407 2588 1511 2626 non
1543 2570 1701 2624 vultis
1730 2568 1870 2622 illam
1901 2565 1976 2618 vi-

396 2678 553 2742 dere,
596 2675 717 2746 quia
755 2673 894 2727 aliud
923 2673 1128 2727 amatis.
1158 2671 1285 2725 Nam
1316 2670 1358 2725 si
1390 2666 1529 2721 aliud
1569 2681 1673 2719 non
1706 2660 1972 2724 amaretis,

396 2782 513 2819 rzzm
553 2765 729 2835 utique
773 2763 1041 2817 videretis.
1086 2761 1260 2828 Quare
1301 2760 1441 2813 illam
1481 2756 1670 2811 videtis
1695 2755 1736 2819 ³,
1765 2750 1976 2823 quand"

398 2857 540 2911 illam
567 2854 813 2926 exigitis?
840 2854 1012 2921 Quare
1040 2852 1221 2906 laudas
1250 2851 1426 2914 fidem,
1459 2847 1669 2919 quando
1700 2845 1839 2898 iilam
1867 2840 1977 2895 exi-

396 2951 476 3014 gis
513 2948 579 3002 de
615 2961 768 3001 servo
800 2945 926 2999 tuo?
953 2944 1120 3011 Quam
1154 2941 1369 3013 pulchra
1408 2955 1495 2995 res
1524 2938 1687 2992 fides!
1720 2935 1820 2992 Sed
1855 2943 1977 2987 tunc

398 3038 618 3107 putchra
646 3044 721 3091 est
744 3079 757 3101 ,
787 3034 996 3105 quando
1023 3034 1089 3088 de
1116 3048 1270 3088 servo
1299 3032 1559 3101 exigitur;
1593 3037 1719 3083 tunc
1746 3024 1972 3087 videtur,

397 3127 607 3197 quando
638 3127 705 3181 ab
732 3127 898 3180 altero
939 3125 1203 3194 expetitur
1235 3140 1246 3178 ε
1281 3121 1490 3192 quando
1532 3121 1597 3174 de
1641 3127 1690 3172 te
1728 3117 1972 3185 exigitur,

398 3239 414 3275 ι
438 3236 504 3272 on
527 3218 751 3272 videtur.
774 3218 974 3270 Aurum
993 3216 1159 3282 vides,
1182 3214 1336 3268 fidem
1361 3228 1463 3267 non
1484 3211 1649 3265 vides.
1670 3209 1816 3265 Sicut
1839 3208 1977 3261 lucet

398 3324 587 3362 aurum
624 3308 689 3362 ad
724 3307 906 3361 oculos
941 3306 1180 3375 errporis
1202 3347 1214 3368 ,
1250 3304 1325 3358 sic
1364 3303 1504 3357 lucet
1544 3302 1673 3356 fides
1702 3299 1766 3353 ad
1797 3298 1978 3351 oeulos

400 3401 597 3455 cordis.
629 3400 818 3469 Aperis
846 3399 909 3451 ad
936 3398 1076 3452 illam
1109 3398 1293 3451 oculos
1318 3394 1494 3448 cerdis
1514 3436 1527 3459 ,
1569 3391 1779 3462 quando
1815 3389 1893 3441 vis
1920 3397 1979 3442 ut

402 3493 648 3547 exhibeat
674 3491 812 3545 illam
847 3491 935 3545 tibi
967 3505 1153 3544 servus
1180 3496 1317 3543 tuus.
1347 3487 1399 3541 Si
1433 3486 1521 3540 tibi
1554 3485 1693 3538 illaut
1720 3482 1977 3536 exhibue-

401 3585 488 3644 rit.
520 3583 702 3638 laudas
731 3598 940 3638 servum
963 3626 979 3649 ,
1006 3588 1059 3635 et
1085 3579 1342 3651 prardicas
1367 3594 1485 3634 eum
1509 3619 1523 3642 ,
1551 3584 1604 3632 ct
1629 3576 1761 3629 dicis
1788 3592 1800 3627 :
1830 3573 1978 3627 Prte-

402 3677 605 3731 clarum
635 3691 844 3730 servum
875 3674 1074 3737 habeo,
1107 3687 1351 3742 magnum
1380 3685 1590 3725 servum
1619 3669 1787 3722 habeo
1807 3709 1821 3733 ,
1849 3665 1979 3719 tide-

405 3768 508 3821 lem
531 3783 739 3821 servum
762 3767 953 3821 habeo.
983 3765 1133 3831 Quod
1158 3764 1337 3818 laudas
1364 3763 1414 3816 in
1438 3778 1613 3824 servo,
1637 3777 1741 3814 non
1763 3758 1983 3814 exhibes

405 3860 632 3913 llomino
661 3877 672 3913 :
700 3868 753 3913 et
780 3874 843 3912 co
867 3860 1175 3913 sceleratius
1195 3899 1209 3920 ,
1238 3857 1357 3925 quia
1389 3855 1468 3908 vis
1500 3862 1554 3907 ut
1585 3853 1855 3907 meliorem
1892 3851 1985 3903 ha-

406 3953 534 4006 beas
562 3961 612 4006 tu
640 3966 873 4016 servum,
903 3967 1056 4019 quam
1089 3961 1137 4003 te
1165 3948 1323 4002 Dens.
1351 3947 1507 4001 Jubet
1533 3946 1671 3999 Deus
1693 3959 1846 3998 servo
1870 3951 1979 4008 tuo,

405 4054 461 4095 nt
488 4032 657 4097 bonus
682 4042 749 4096 sit
774 4057 895 4112 erga
927 4051 993 4094 te.
1019 4037 1295 4107 Quomodo
1315 4036 1465 4107 jubet
1492 4035 1639 4089 uxori
1664 4042 1783 4096 tum,
1809 4041 1864 4085 ιιι
1887 4031 1984 4086 etsi

408 4143 462 4183 tu
491 4132 839 4186 mmclxaberis
861 4173 874 4195 ,
903 4146 1006 4184 non
1036 4129 1330 4185 mmchetur
1367 4145 1380 4180 :
1420 4126 1494 4179 sic
1517 4125 1664 4194 jubet
1690 4138 1843 4177 servo
1873 4130 1979 4185 tuo,

408 4232 463 4276 ut
490 4224 588 4278 etsi
619 4233 670 4276 tu
697 4237 800 4276 non
828 4220 995 4275 servis
1024 4221 1245 4273 Domino
1268 4229 1379 4283 tuo,
1407 4217 1600 4273 serviat
1622 4216 1735 4269 tibi.
1762 4214 1863 4270 Sed
1886 4213 1987 4266 hoc

408 4326 574 4368 totum
620 4314 740 4369 vide
775 4321 831 4367 ut
855 4312 919 4366 ad
946 4310 1356 4364 admonitionem
1388 4318 1529 4360 tuam
1556 4308 1762 4369 valeat,
1793 4320 1894 4358 non
1922 4303 1986 4357 ad

409 4404 696 4471 perniciem
730 4413 892 4455 tuam.
924 4399 1128 4454 Etenim
1161 4414 1344 4451 servus
1385 4397 1471 4449 ille
1517 4393 1655 4465 quod
1699 4395 1787 4447 tibi
1828 4393 1990 4447 servit

411 4494 626 4561 i..digno
659 4492 814 4560 digne
835 4531 849 4555 ,
881 4489 933 4542 id
963 4499 1041 4543 est
1062 4530 1075 4550 ,
1106 4487 1245 4557 quod
1285 4486 1497 4554 indigno
1526 4486 1614 4537 tibi
1646 4484 1779 4537 bene
1804 4481 1983 4547 servit,

411 4596 460 4639 ι-ι
493 4585 718 4639 fideliter
744 4583 939 4647 servit,
978 4589 1029 4634 et
1059 4594 1189 4649 pure
1220 4587 1270 4632 te
1295 4577 1495 4644 diligit,
1526 4574 1634 4627 Deo
1663 4573 1851 4638 debet,
1886 4588 1988 4627 non

412 4676 525 4730 tibi.
551 4675 756 4730 iustum
787 4681 867 4727 est
897 4687 1051 4741 ergo,
1085 4680 1141 4725 ut
1169 4678 1219 4723 et
1249 4678 1301 4723 tn
1332 4666 1573 4721 attendas
1601 4664 1719 4735 quia
1760 4664 1858 4718 sub
1887 4662 1991 4716 [)0-

413 4771 556 4823 tniuo
577 4783 655 4833 es,
685 4766 748 4821 ad
771 4781 926 4835 quem
950 4778 1002 4818 ct
1024 4764 1109 4818 ille
1134 4761 1374 4824 attendit,
1401 4767 1456 4812 ιιι
1477 4758 1670 4812 serviat
1693 4756 1803 4811 tibi.
1828 4755 1992 4825 Imple

411 4876 540 4931 ergo
565 4859 702 4930 quod
728 4859 926 4912 dictum
955 4865 1034 4911 est
1054 4898 1068 4921 ,
1105 4854 1253 4921 Quod
1282 4852 1367 4906 tibi
1398 4869 1496 4905 ron
1535 4851 1606 4904 vis
1646 4850 1782 4920 ﬁeri,
1817 4849 1906 4902 alii
1934 4865 1995 4902 ne

414 4950 749 5025 fct'cris('l'eb.
774 4947 973 5016 1v,16).
1002 4946 1103 5001 Sed
1146 4946 1313 5015 ipsum
1342 4943 1429 4997 alii
1460 4958 1578 4997 cum
1613 4942 1760 5007 dicis,
1783 4952 1991 4995 utrum-

417 5061 516 5103 cuc
546 5036 758 5100 attende
786 5051 837 5098 et
860 5041 1153 5111 proximum
1181 5049 1233 5093 et
1256 5037 1438 5091 Deum.
1462 5033 1625 5091 Canta
1656 5036 1706 5089 in
1746 5036 1995 5104 psalterio

415 5135 599 5190 decem
625 5135 939 5188 ehordarmn
962 5176 976 5199 ,
1007 5141 1159 5189 canta
1187 5131 1447 5186 canticum
1480 5144 1669 5183 novum
1697 5147 1708 5181 :
1733 5126 1995 5183 coneorda

414 5243 535 5279 cum
565 5240 809 5278 sermone
830 5225 940 5280 Dei.
961 5239 1079 5277 cum
1100 5230 1181 5278 est
1207 5233 1377 5276 tecum
1398 5221 1448 5273 in
1471 5222 1568 5271 via.
1584 5218 1854 5273 Concorda
1874 5233 1995 5272 cum

415 5315 721 5371 adversario
754 5322 844 5367 tuo
872 5314 999 5378 cito,
1033 5328 1099 5366 ne
1127 5327 1246 5365 cum
1274 5308 1535 5364 discordia
1558 5310 1737 5363 venias
1766 5318 1886 5362 ante
1915 5309 1995 5377 iu-

418 5412 612 5464 dicem.
658 5409 713 5464 Si
747 5407 873 5463 facis
900 5404 1041 5477 quod
1077 5404 1259 5469 audis,
1295 5401 1626 5458 concordasti
1657 5417 1777 5455 cum
1810 5416 1872 5455 eo
1907 5418 1918 5452 :
1951 5397 1993 5455 si

484 5561 500 5592 ί
531 5570 629 5608 am.
654 5568 727 5611 Er.
755 5567 807 5612 et
826 5567 1161 5611 Germanenss
1195 5564 1295 5617 Ms,
1324 5554 1457 5608 'certe
1477 5568 1568 5606 non
1584 5552 1720 5617 facis.

483 5623 504 5704 ξ
529 5628 657 5704 IMss,
681 5623 821 5672 dono.
848 5629 969 5677 Am.,
990 5621 1146 5671 domo.

565 5692 624 5704 nn
691 5696 780 5704 η...Δ
806 5685 883 5704 ..ΣΔ
902 5683 971 5704 ..2-
1026 5684 1155 5704 AL-..‘
1223 5694 1311 5704 ..-η
1361 5682 1418 5704 -1..
1455 5680 1585 5704 Αι-’ίθῖ”
1618 5679 1689 5704 ..1ἰῖ

526 5678 662 5741 t.ov.,
689 5696 783 5733 non
806 5683 989 5734 viduis.
1019 5684 1200 5738 Abest,
1222 5694 1330 5741 non,
1358 5682 1418 5731 ab
1453 5680 1592 5731 editis
1617 5679 1718 5729 aliis
1745 5686 1790 5728 et
1826 5689 1853 5728 ει
1892 5682 1998 5727 Mss.

2067 375 2243 422 autem
2275 380 2377 419 non
2406 364 2536 419 facis
2556 408 2569 431 ,
2602 365 2790 422 rixaris
2817 380 2937 421 cum
2966 380 3061 434 eo,
3087 375 3141 425 et
3168 369 3400 428 nondum
3425 387 3645 447 compo-

2067 457 2218 513 suisti
2247 471 2521 527 quousque
2553 455 2735 512 iacias.
3227 523 3231 526 _

2139 545 2363 602 CAPUT
2390 545 2480 600 ιιι.
2503 576 2576 586 —-
2599 548 2684 601 Π.
2719 546 2784 603 Ut
2811 556 2987 603 autem
3011 551 3368 620 concordatis,
3394 554 3651 613 abstinete

2068 652 2164 692 vos
2179 652 2208 690 a
2224 636 2622 693 detestabilibus
2638 640 2951 707 corruptelis
2967 649 3020 695 et
3034 657 3063 695 a
3078 642 3473 701 detestabilibus
3490 647 3653 718 inqui-

2069 726 2368 791 sitiouibus,
2390 742 2418 779 a
2441 728 2848 793 mathematicis,
2868 731 2934 784 ab
2952 731 3300 802 aruspicibus,
3318 751 3348 790 a
3370 738 3650 808 sortilegis,

2070 819 2139 873 ab
2163 820 2481 889 auguribus,
2513 836 2542 875 a
2568 822 2859 892 sacrilegiis
2884 824 2930 889 ¹;
2960 825 3221 882 abstinete
3251 844 3372 895 vos,
3400 843 3650 900 quantum

2073 911 2311 981 petestis,
2331 926 2362 966 a
2386 913 2674 981 nugatoriis
2695 916 3033 982 spectaculis.
3058 917 3113 972 Si
3138 935 3254 988 qua:
3275 920 3654 980 delectationes

2071 1002 2252 1056 sa'cnli
2280 1002 2574 1071 subrepunt
2601 1004 2654 1057 in
2680 1004 2910 1059 animam
2933 1022 2947 1072 ;
2975 1018 3219 1063 exercete
3245 1026 3340 1065 vos
3370 1012 3421 1066 in
3447 1014 3654 1069 miseri-

2072 1093 2251 1149 cordia
2273 1136 2287 1160 ,
2328 1103 2572 1153 exercete
2598 1110 2694 1150 vos
2734 1095 2786 1148 in
2821 1097 3174 1169 eleemosynis
3197 1141 3211 1165 ,
3246 1100 3294 1153 in
3320 1100 3568 1169 jejnniis,
3602 1106 3653 1158 in

2073 1184 2418 1239 orationibus.
2451 1184 2545 1238 His
2584 1186 2724 1239 enim
2759 1198 3047 1256 purgantur
3075 1191 3375 1258 quotidiana
3417 1204 3651 1260 peccata,

2073 1289 2192 1342 qure
2233 1291 2337 1328 non
2372 1284 2590 1344 possunt
2619 1276 2719 1329 nisi
2752 1277 3037 1345 subrepere
3068 1279 3117 1332 in
3148 1281 3376 1335 animam
3399 1324 3412 1347 ,
3446 1276 3654 1352 prepter

2074 1364 2405 1435 fragilitatem
2430 1366 2736 1421 lmmanam.
2759 1367 2875 1422 Noli
2905 1370 2995 1424 illa
3022 1382 3382 1438 contemnere,
3411 1376 3531 1443 quia
3559 1378 3656 1431 mi-

2074 1470 2205 1508 nora
2231 1464 2387 1521 sunt;
2418 1456 2510 1509 sed
2542 1457 2688 1521 time,
2721 1458 2841 1526 quia
2877 1459 3024 1527 plura
3054 1469 3197 1514 sunt.
3230 1465 3517 1530 Attendite,
3548 1466 3655 1521 fra-

2075 1554 2184 1600 tres
2206 1548 2331 1600 mei.
2354 1547 2549 1600 Minuta
2570 1556 2714 1614 sunt,
2744 1564 2847 1602 non
2871 1560 2995 1604 sunt
3017 1568 3225 1622 magna.
3248 1555 3363 1611 Non
3389 1568 3467 1612 est.
3491 1560 3656 1616 bestia

2075 1637 2223 1707 quasi
2264 1638 2379 1703 leo,
2412 1646 2470 1691 ut
2500 1653 2607 1691 uno
2636 1654 2815 1693 morsu
2844 1650 3024 1708 guttur
3050 1642 3297 1713 frangat:
3324 1648 3415 1702 sed
3450 1658 3504 1702 et
3543 1651 3654 1717 ple-

2076 1742 2302 1796 ruzuqne
2343 1728 2528 1782 bestia:
2566 1728 2783 1783 minutae
2823 1726 3000 1785 multa:
3030 1744 3237 1787 necant.
3269 1735 3324 1790 Si
3354 1738 3659 1807 projiciatnr

2076 1818 2352 1887 quisquam
2395 1819 2446 1871 in
2486 1819 2659 1872 locum
2701 1821 2961 1890 pulicibus
2993 1823 3203 1892 plenum
3224 1867 3238 1889 ,
3268 1830 3518 1897 numquid
3551 1848 3654 1885 non

2076 1909 2301 1961 moritur
2331 1908 2441 1962 ibi?
2469 1908 2582 1963 Non
2615 1919 2737 1964 sunt
2774 1912 2985 1980 quidem
3027 1915 3253 1981 majores
3283 1934 3295 1967 :
3327 1920 3420 1971 sed
3450 1918 3655 1974 infirma

2077 2006 2160 2053 est
2202 2007 2385 2051 natura
2431 1999 2687 2064 humana,
2729 2017 2845 2069 qum
2880 2003 3039 2056 etiam
3079 2005 3445 2062 minutissimis
3476 2010 3658 2066 bestiis

2079 2089 2310 2143 interimi
2337 2098 2527 2158 potest.
2553 2090 2640 2146 Sic
2665 2100 2719 2145 et
2742 2094 2944 2148 modica
2973 2106 3183 2163 peccata
3208 2115 3220 2150 :
3245 2100 3514 2156 attenditis
3534 2105 3658 2171 quia

2078 2181 2284 2235 modica
2311 2192 2464 2247 sunt;
2494 2194 2697 2249 cavete,
2729 2184 2850 2253 quia
2880 2186 3027 2254 plura
3057 2196 3197 2241 sunt.
3224 2188 3392 2255 Quam
3416 2193 3661 2247 minutis-

2077 2274 2210 2326 sima
2237 2282 2360 2327 sunt
2383 2289 2544 2344 grana
2578 2290 2754 2328 arena:
2785 2294 2795 2328 :
2826 2278 2868 2329 si
2910 2293 3083 2332 arena:
3118 2282 3343 2348 amplius
3380 2283 3431 2336 in
3469 2300 3657 2341 navent

2080 2364 2347 2426 mittatur,
2378 2365 2567 2433 mergit
2596 2365 2733 2418 illnn
2767 2374 2824 2418 ut
2849 2377 3046 2436 pereat.
3077 2369 3242 2434 Quam
3282 2373 3496 2428 minutae
3535 2387 3659 2431 sunt

2079 2465 2240 2523 guttae
2280 2457 2466 2525 pluvia:
2497 2474 2509 2509 :
2542 2473 2717 2511 nonne
2746 2457 2959 2512 ﬂumina
2992 2461 3242 2529 implent,
3273 2472 3326 2517 et
3350 2464 3535 2520 domos
3560 2468 3657 2523 de-

2074 2545 2299 2615 jicinnt?
2350 2546 2492 2615 Ergo
2541 2547 2637 2600 ista
2691 2548 2852 2601 nolite
2902 2560 3265 2607 contemnere.
3318 2552 3422 2609 Sed
3468 2556 3656 2614 dictnti

2079 2638 2208 2691 estis
2238 2654 2250 2688 :
2280 2636 2346 2690 Et
2373 2639 2490 2706 quis
2520 2648 2692 2706 potest
2722 2640 2835 2693 sine
2865 2640 3014 2694 istis?
3040 2642 3115 2696 Ne
3145 2641 3243 2697 hoc
3271 2644 3475 2699 diceres
3509 2648 3658 2718 (quia

2080 2745 2204 2784 vere
2234 2745 2387 2784 nemo
2412 2740 2586 2800 potest
2604 2730 2649 2801 ²)
2671 2772 2684 2795 ,
2722 2732 2859 2783 Deus
2882 2733 3189 2787 misericors
3213 2735 3401 2791 videns
3425 2749 3661 2795 nostram

2080 2819 2409 2887 fragilitatem
2432 2861 2448 2881 ,
2480 2821 2652 2888 posuit
2681 2830 2863 2875 contra
2894 2824 3145 2877 remedia.
3176 2826 3303 2891 ann
3333 2836 3454 2880 sunt
3484 2844 3659 2884 rente-

2079 2911 2204 2965 dia?
2248 2912 2750 2982 Elecznosynartnn,
2790 2914 3145 2983 ieiuniorum,
3176 2919 3470 2973 orationum
3504 2942 3515 2974 :
3548 2923 3660 2990 ipsa

2080 3011 2203 3055 sunt
2228 3002 2345 3055 tria.
2379 3001 2445 3057 Ut
2470 3013 2643 3056 autem
2667 3020 2846 3057 verum
2876 3005 3020 3060 dicas
3048 3006 3099 3060 in
3124 3010 3383 3075 oratione,
3413 3012 3660 3079 perfecta:

2081 3093 2361 3162 implenda:
2391 3107 2513 3148 sunt
2542 3096 2914 3166 elcemosynar.
2945 3098 3071 3164 Quae
3095 3108 3218 3153 sunt
3247 3077 3490 3170 perfecte
3521 3077 3662 3158 cice-

2081 3187 2354 3255 mosynat?
2384 3186 2446 3240 Ut
2475 3201 2538 3240 ex
2566 3203 2671 3256 quo
2699 3187 2789 3241 tibi
2820 3189 3078 3254 abundat,
3116 3190 3209 3245 des
3236 3193 3283 3244 ei
3312 3194 3399 3261 qui
3428 3209 3531 3247 non
3561 3196 3657 3247 ha-

2083 3276 2206 3337 bet;
2241 3287 2438 3330 etcum
2473 3287 2522 3331 te
2552 3278 2695 3331 laedit
2723 3279 2942 3347 aliquis,
2979 3280 3219 3348 ignoscas
3250 3283 3341 3335 illi.

2160 3368 2247 3422 l8.
2281 3368 2384 3423 Sed
2413 3384 2477 3423 ne
2501 3371 2713 3437 putetis,
2744 3370 2951 3436 fratres,
2979 3374 3099 3441 quia
3130 3374 3362 3430 facienda
3390 3387 3507 3430 sunt
3533 3394 3666 3448 qne-

2085 3457 2212 3512 tidie
2240 3457 2518 3520 adulteria,
2551 3468 2603 3512 et
2631 3459 2982 3530 elecmosyuis
3012 3464 3333 3531 quolidiauis
3363 3469 3663 3523 muadanda

2084 3557 2227 3602 sunt.
2257 3548 2335 3601 Ad
2362 3547 2447 3600 illa
2477 3548 2675 3615 majora
2702 3550 2903 3603 scelera
2930 3567 3034 3604 non
3058 3554 3322 3608 snt'ticinnt
3345 3558 3664 3625 quotidiana:

2085 3638 2437 3709 eieemosynu:
2456 3679 2470 3701 ,
2501 3647 2555 3691 nt
2581 3655 2639 3690 ea
2672 3639 2945 3692 mundent.
2976 3643 3132 3695 Aliud
3161 3653 3242 3697 est
3272 3646 3356 3698 ubi
3386 3658 3558 3702 mutes
3584 3651 3667 3703 vi-

2089 3738 2225 3794 tam,
2257 3729 2397 3783 aliud
2428 3738 2509 3783 est
2540 3729 2626 3783 ubi
2659 3731 2851 3784 toleres
2878 3732 3057 3786 vitam.
3094 3734 3182 3788 Illa
3218 3738 3465 3790 mutanda
3500 3748 3582 3792 est
3604 3739 3623 3770 ³
3650 3757 3663 3787 τ

2087 3820 2130 3873 si
2154 3820 2393 3874 mmehns
2413 3835 2552 3886 eras,
2578 3820 2684 3873 noli
2706 3836 2823 3874 esse
2846 3824 3084 3876 mamlius
3111 3841 3123 3875 :
3153 3825 3196 3878 si
3219 3825 3503 3880 fornicatur
3520 3844 3663 3896 eras,

2089 3912 2196 3965 noli
2226 3912 2474 3965 fornicari
2509 3929 2521 3965 :
2555 3912 2599 3966 si
2640 3911 2930 3978 homicida,
2974 3916 3079 3969 noli
3116 3931 3238 3971 esse
3277 3918 3535 3973 homicida
3571 3939 3584 3974 :
3620 3923 3668 3976 si

2090 4004 2203 4058 ibas
2229 4003 2294 4056 ad
2321 4005 2750 4057 mathematicum
2781 4015 2836 4059 et
2872 4005 2937 4058 ad
2976 4016 3197 4061 czcteras
3236 4018 3410 4077 pestes
3446 4012 3669 4065 sacrile-

2087 4110 2210 4165 gas,
2244 4094 2353 4163 jam
2378 4094 2583 4149 desine.
2627 4097 2913 4151 Arbitraris
2937 4098 3080 4162 lucc,
3111 4100 3210 4153 nisi
3251 4103 3363 4156 fieri
3402 4103 3669 4169 desinant,

2091 4188 2409 4257 quotidianis
2431 4189 2784 4257 eleemosynis
2810 4204 2965 4258 posse
2991 4193 3265 4246 mandari?
3291 4194 3379 4248 Illa
3402 4195 3521 4250 dico
3541 4215 3674 4266 quo-

2093 4278 2285 4332 tidiana
2306 4288 2537 4345 peccata,
2557 4292 2676 4346 quae
2690 4288 2781 4331 aut
2799 4294 2890 4347 per
2910 4279 3140 4348 linguam
3163 4281 3316 4337 facile
3331 4286 3672 4341 committnn-

2096 4378 2179 4424 tur
2199 4410 2214 4435 ,
2239 4377 2296 4422 ut
2316 4379 2401 4457 est
2427 4369 2645 4423 verbum
2669 4369 2859 4423 durum
2880 4411 2895 4434 ,
2918 4381 3005 4424 aut
3033 4386 3151 4425 eum
3177 4373 3367 4427 labitur
3391 4376 3580 4444 aliquis
3616 4379 3674 4432 in

2094 4464 2258 4516 risum
2298 4460 2702 4515 immoderatum
2728 4502 2741 4523 ,
2783 4471 2872 4514 aut
2899 4463 2949 4515 in
2982 4462 3280 4532 hnjnsmodi
3308 4480 3471 4534 nugas
3495 4467 3672 4535 quoti-

2095 4553 2297 4607 dianas.
2343 4553 2399 4606 In
2454 4553 2580 4622 ipsis
2635 4555 2901 4608 concessis
2945 4565 3157 4622 peccata
3198 4566 3340 4609 sunt.
3391 4556 3518 4611 Cum
3562 4559 3675 4626 ipsa

2097 4661 2263 4701 uxore
2302 4646 2344 4699 si
2381 4646 2656 4700 cxceditur
2691 4645 3075 4700 concnmbendi
3116 4649 3303 4703 modus
3336 4653 3677 4719 procreandis

2097 4737 2278 4792 liberis
2298 4736 2536 4801 debitus,
2562 4736 2669 4805 jam
2694 4747 2964 4805 peccatum
2986 4748 3087 4792 est.
3123 4740 3200 4793 Ad
3232 4741 3331 4795 hoc
3355 4742 3550 4796 ctenim
3574 4743 3677 4796 titt-

2098 4828 2235 4882 citur
2261 4843 2393 4881 uxor
2423 4845 2435 4880 :
2465 4843 2585 4880 nam
2613 4826 2662 4880 id
2690 4828 2846 4880 etiam
2875 4829 3063 4881 tabulas
3090 4830 3341 4894 indicant,
3372 4833 3456 4886 ubi
3488 4835 3677 4886 scribi-

2101 4931 2185 4976 tur
2205 4963 2219 4986 ,
2250 4921 2557 4975 Liberorum
2591 4921 3035 4989 procreandorum
3066 4939 3247 4977 causa.
3281 4925 3502 4991 Quando
3525 4935 3579 4979 tu
3602 4928 3677 4980 nti

2101 5028 2265 5068 uxore
2293 5013 2519 5081 amplius
2553 5028 2709 5081 quam
2746 5013 3031 5068 necessitas
3062 5017 3509 5082 procreandorum
3543 5015 3679 5070 lihe-

2100 5120 2278 5159 rorutn
2300 5104 2458 5171 cogit,
2487 5103 2740 5167 volneris,
2765 5102 2873 5168 jam
2906 5114 3173 5170 peccatum
3203 5113 3320 5160 est:
3347 5115 3398 5160 et
3422 5110 3530 5174 ipsa
3554 5107 3678 5165 talia

2101 5206 2313 5264 peccata
2340 5194 2656 5264 quotidiana:
2681 5194 3033 5266 eleemosynae
3057 5196 3330 5250 mundant.
3358 5198 3411 5250 In
3434 5199 3563 5265 ipsis
3583 5199 3683 5251 ali-

2101 5288 2320 5350 mentis,
2353 5301 2470 5356 quae
2509 5286 2688 5355 utique
2726 5301 2974 5341 concessa
3009 5296 3164 5355 sunt,
3204 5291 3247 5344 si
3290 5290 3422 5344 forte
3466 5291 3683 5346 excedis

2101 5377 2338 5439 modum,
2366 5384 2419 5429 et
2446 5375 2672 5446 amplius
2696 5377 2890 5447 accipis
2913 5393 3069 5447 quam
3096 5394 3312 5434 necesse
3335 5389 3432 5445 est,
3468 5395 3676 5449 peccas.

2168 5491 2183 5555 ξ
2205 5490 2276 5538 sic
2293 5495 2393 5537 Am.
2414 5495 2593 5555 et__1t!ss.
2622 5496 2675 5539 Αι
2694 5496 2774 5555 Er.
2797 5496 2848 5539 et
2869 5497 2997 5547 t.ov.,
3022 5505 3054 5541 a
3074 5490 3339 5555 sacriiegis.

2166 5553 2185 5583 ’
2212 5559 2274 5600 tta
2299 5549 2511 5601 nonnulli
2552 5559 2654 5617 Mss.
2699 5551 2779 5602 alii
2818 5564 2933 5601 vero
2955 5566 3062 5602 cum
3086 5560 3181 5608 Ειι..
3206 5547 3313 5617 φῖα·
3335 5552 3509 5605 habere
3544 5562 3684 5604 nemo

2104 5620 2280 5678 potest,
2294 5620 2425 5670 |.0t'.,
2446 5625 2555 5674 qua:
2569 5611 2746 5678 habere
2765 5626 2901 5678 nemo
2916 5626 3005 5662 non
3030 5621 3195 5677 potest.

2172 5677 2191 5707 ³
2218 5674 2400 5738 Aliquot
2425 5679 2558 5729 5155.,
2584 5674 2661 5724 ida
2685 5676 2875 5727 vitanda
2898 5680 2981 5725 cst.
