4024 6202
251 289 316 343 ω
1362 339 1371 348 _
1701 281 1935 338 suasio
1972 281 2066 339 ix.
3067 261 3074 266 ’
3443 309 3517 362 go

252 401 550 471 Quotidiana
589 410 718 456 sunt
756 401 857 456 ista
899 417 1017 472 quae
1057 401 1177 458 dico
1210 421 1222 456 :
1255 401 1346 458 sed
1389 410 1565 457 tamen
1612 409 1830 472 peccata

256 505 402 558 sunt;
427 502 478 546 et
503 507 612 546 non
639 502 766 547 sunt
795 492 926 546 levia
948 533 962 556 ,
988 493 1109 562 quia
1141 493 1308 562 plura.
1338 491 1469 558 Quia
1501 507 1628 548 vero
1655 494 1832 563 quoti-

257 587 401 641 diana
427 593 475 640 ct
499 584 751 654 plurima,
786 584 1018 638 timenda
1042 593 1124 640 cst
1149 584 1300 639 ruina
1325 583 1704 652 multitudinis,
1729 586 1832 642 etsi

257 694 354 732 non
407 674 803 747 magnitudinis.
847 673 995 729 Talia
1044 683 1264 746 peccata
1315 675 1570 741 dicimus,
1619 675 1831 744 fratres,

261 767 562 840 quotidianis
603 765 968 836 elecmosynis
1009 780 1166 835 posse
1205 767 1468 822 mandari.
1525 767 1631 822 Sed
1675 767 1834 824 facite

261 861 642 930 rlecniosyuas,
685 867 742 914 et
777 858 942 913 nolite
971 873 1200 914 cessare.
1231 859 1502 915 Attendite
1539 859 1700 915 vitam
1737 877 1832 918 ve-

262 964 407 1006 stram
431 951 792 1020 quotidianam
821 951 950 1020 ipsis
976 952 1205 1022 peccatis
1231 953 1629 1022 scaturienzcm,
1657 955 1834 1010 minu-

261 1045 316 1098 tis
341 1044 461 1112 ipsis
487 1044 631 1099 dico.

319 1157 540 1214 CAPUT
596 1159 717 1214 ΧΠ.
745 1190 820 1200 -—-
858 1160 946 1216 l9.
995 1161 1206 1216 Etcum
1245 1161 1372 1218 facis
1409 1164 1828 1236 elecmosvnam,

259 1265 350 1302 non
375 1252 607 1318 Superbe
633 1249 831 1312 facias,
873 1268 972 1306 nec
1003 1252 1080 1307 sic
1107 1269 1228 1308 ores
1257 1255 1700 1324 quemadmodum
1743 1257 1832 1312 ille

258 1339 568 1395 Pharisrus.
619 1341 726 1397 Sed
770 1353 944 1398 tamen
972 1343 1099 1414 quid
1140 1345 1211 1398 ibi
1248 1346 1419 1400 dixit?
1461 1347 1650 1418 Jejuno
1681 1349 1752 1402 bis
1778 1349 1831 1402 in

252 1431 476 1496 sabbato,
506 1432 723 1486 decimas
745 1432 810 1486 do
835 1435 1062 1488 omnium
1086 1451 1409 1507 qtttt'cuutqne
1427 1438 1656 1506 possideo
1678 1435 1830 1510 (an.

255 1536 414 1584 svnt,
466 1521 574 1591 12).
604 1523 668 1577 Et
715 1524 950 1579 nondum
995 1520 1143 1580 fusus
1191 1539 1306 1582 erat
1348 1531 1564 1599 sanguis
1596 1530 1828 1585 Domini.

255 1612 474 1665 Tantum
507 1629 603 1682 pro
629 1615 782 1670 nobis
809 1616 1038 1684 pretium
1065 1618 1368 1685 accepimus
1389 1660 1404 1684 ,
1435 1628 1487 1674 et
1515 1622 1702 1674 saltem
1735 1635 1833 1674 nec

256 1713 454 1756 tantum
494 1719 809 1774 erogamus,
865 1709 1493 1778 quantumanarismus.
1550 1709 1618 1764 Et
1668 1712 1832 1766 babes

253 1794 356 1848 alio
399 1794 516 1848 loco
543 1808 726 1867 aperte
771 1797 1038 1852 dicentem
1071 1799 1388 1867 Dominum,
1435 1800 1554 1855 Nisi
1602 1803 1833 1855 abunda-

255 1886 366 1935 rerit
384 1858 590 1955 justit'u
620 1898 783 1940 vestra
812 1889 926 1957 plus
956 1905 1108 1958 quam
1139 1889 1434 1945 Scribarum
1461 1902 1507 1944 et
1545 1890 1834 1946 Pltrtristro-

255 1991 388 2036 non,
428 1992 532 2028 non
581 1977 833 2031 intrabitis
861 1978 913 2030 in
968 1995 1177 2048 regnum
1227 1978 1466 2033 caelorum
1501 1981 1519 2054 (
1550 1980 1738 2035 Matth.
1775 1997 1830 2047 ιι,

255 2063 336 2128 20)
378 2065 517 2135 Erg.)
546 2067 621 2120 illi
649 2065 776 2122 dant
803 2068 1057 2131 decimas;
1085 2079 1136 2124 tu
1163 2071 1214 2130 si
1232 2073 1574 2126 centesimam
1597 2073 1830 2139 dederis,

258 2155 440 2224 aliquid
471 2174 728 2227 magnum
763 2170 813 2215 te
855 2161 1046 2216 fecisse
1093 2163 1359 2233 gloriaris.
1407 2165 1654 2220 Attendis
1691 2167 1832 2220 enim

257 2248 368 2313 quid
394 2248 530 2301 alius‘
556 2264 661 2302 non
694 2248 878 2316 faciat,
907 2268 1012 2304 non
1039 2253 1163 2322 quid
1193 2261 1242 2308 te
1265 2254 1450 2324 jubeat
1469 2256 1608 2310 Deus
1635 2257 1830 2310 facere.

262 2336 442 2391 ili-tiris
475 2347 529 2391 te
559 2339 626 2391 de
655 2341 1059 2410 eoniparatione
1092 2344 1287 2412 pejoris
1311 2386 1324 2410 ,
1357 2361 1461 2399 non
1493 2347 1558 2400 de
1596 2346 1836 2416 jussione

263 2431 500 2482 melioris.
548 2431 665 2486 Non
695 2433 818 2502 quia
864 2434 953 2488 ille
984 2427 1134 2488 nihil~
1161 2435 1318 2503 facit,
1353 2435 1472 2492 ideo
1502 2448 1554 2491 ιιι
1586 2453 1834 2508 magnum

263 2522 442 2592 aliquid
475 2521 611 2578 facis
641 2543 656 2580 :
689 2525 786 2579 sed
817 2526 938 2595 qttia
969 2527 1226 2597 gaudctur
1249 2529 1265 2560 ¹
1311 2529 1376 2582 ad
1407 2529 1653 2599 quiedam
1683 2530 1840 2584 mini-

265 2629 336 2665 tua
377 2630 540 2683 Opera
573 2625 748 2670 vestra
796 2617 944 2688 (quia
975 2627 1116 2674 tanta
1143 2630 1226 2675 est
1256 2623 1508 2676 sterilitas
1533 2632 1709 2677 vestra
1733 2665 1748 2689 ,
1783 2630 1840 2676 ut

262 2703 320 2756 ad
349 2707 558 2760 modica
587 2708 934 2778 gaudeatur),
967 2711 1114 2780 quasi
1145 2713 1316 2766 securi
1345 2713 1496 2766 vobis
1527 2713 1838 2768 blandimini

261 2796 320 2850 de
346 2799 581 2852 minimis
609 2801 792 2870 granis
821 2802 1278 2874 elecmo~ynarum
1303 2847 1316 2867 .
1344 2813 1398 2860 et
1437 2821 1660 2860 acervos
1697 2807 1837 2860 obli-

261 2888 508 2942 viscimini
561 2900 928 2956 peccatorum.
975 2893 1248 2947 Protulisti
1297 2893 1432 2949 forte
1480 2896 1664 2950 nescio
1707 2896 1837 2966 quid

263 2995 491 3047 rat-runt,
527 2983 672 3052 quod
699 2984 836 3038 alius
865 2993 956 3039 aut
983 3001 1086 3040 non
1122 2987 1334 3051 habuit,
1364 3000 1450 3041 aut
1483 3005 1601 3044 non,
1621 2989 1839 3058 protulit

260 3088 369 3124 cum
398 3074 650 3128 haberet.
684 3075 802 3130 Noli
835 3078 1108 3132 attendere
1139 3089 1256 3148 post
1286 3089 1336 3134 te
1366 3081 1484 3150 quis
1513 3097 1618 3134 non
1658 3081 1836 3147 faciat,

260 3165 344 3219 sed
371 3168 496 3236 quid
539 3177 590 3222 te
623 3169 810 3236 jubeat
841 3171 977 3225 Deus
1007 3169 1200 3227 fat-ere.
1244 3171 1522 3227 Pasti-emo
1545 3216 1560 3240 ,
1591 3190 1756 3244 quare
1787 3176 1838 3229 in

261 3257 369 3310 istis
408 3259 788 3314 affectionibus
833 3263 1175 3318 sa‘cularibus
1225 3280 1328 3318 non
1371 3267 1524 3320 vobis
1571 3267 1842 3323 sufﬁciunt

258 3361 392 3415 quos
435 3350 824 3418 prs-cessistis,
867 3353 960 3407 sed
993 3354 1149 3408 vultis
1191 3370 1308 3409 esse
1346 3355 1536 3412 divites
1559 3401 1572 3419 .
1604 3359 1838 3429 :rquales

259 3439 537 3493 ditioribus
567 3443 760 3496 vobis?
800 3443 860 3497 Νι
883 3461 915 3496 ιι
943 3445 1213 3499 :tttcttditis
1241 3458 1464 3517 quantos
1489 3451 1835 3518 pauperiores

259 3531 633 3587 lransccnditis
663 3551 677 3586 :
708 3535 922 3590 vincere
946 3536 1100 3590 vultis
1125 3537 1364 3592 ditiores.
1395 3539 1498 3595 Sed
1527 3543 1576 3594 in
1602 3543 1840 3597 clecmo-

260 3620 402 3688 sinis
443 3623 679 3677 habetur
727 3626 938 3680 modus.
992 3627 1088 3682 llic
1133 3629 1358 3697 dicitur,
1403 3629 1519 3685 Jam
1567 3648 1842 3702 usquequo

261 3709 435 3765 facio?
485 3715 676 3768 etiliic
704 3733 808 3769 non
853 3717 1079 3785 dicitur,
1125 3720 1346 3787 Quantis
1394 3721 1645 3776 dtvitibus
1685 3724 1845 3778 ditior

262 3805 423 3857 sum?
478 3805 600 3860 Non
667 3811 1016 3864 attenduntur
1067 3823 1329 3882 egestates
1379 3814 1844 3874 innumerabilium

264 3897 626 3951 tucttdicorum
649 3942 664 3964 ,
712 3915 818 3954 uoa
863 3903 1219 3973 respiciuntur
1247 3908 1570 3976 posteriores
1601 3911 1845 3964 multitu-

259 3983 414 4040 dines
443 4001 735 4056 pauperum
765 4009 777 4042 :
807 3991 901 4046 sed
927 3996 1160 4059 paucitas
1189 3997 1597 4063 pra-cedentium
1625 4001 1844 4056 divitum

261 4085 377 4130 ante
404 4077 598 4133 oculos
634 4082 867 4150 ponitur.
909 4082 1014 4138 Cur
1041 4084 1092 4138 in
1122 4101 1282 4154 opere
1309 4087 1450 4143 bono
1480 4105 1585 4144 non
1613 4093 1846 4147 attendi-

263 4171 344 4219 tur
393 4167 484 4221 ille
541 4169 832 4226 Zacclneus
863 4215 878 4238 ,
933 4175 1022 4245 qui
1071 4175 1348 4253 dimidium
1395 4195 1574 4234 rerum
1629 4199 1844 4238 suarum

261 4255 401 4311 dedit
425 4263 754 4330 pauperibus
787 4263 936 4336 (Luc.
963 4283 1081 4334 XIX,
1111 4270 1209 4336 8)?
1237 4270 1338 4325 Sed
1369 4283 1556 4342 Optare
1583 4275 1844 4345 cogimur.

263 4357 316 4400 ut
359 4352 670 4405 attendatur
717 4355 905 4409 Saltem
955 4358 1040 4413 ille
1085 4359 1422 4429 Pltarismus,
1473 4364 1564 4434 qui
1608 4367 1846 4420 omnium

264 4455 375 4508 qua:
402 4444 721 4512 pOSsidcbat
747 4445 982 4503 decimas
1008 4449 1188 4508 dabat.

330 4551 418 4608 Et).
451 4554 572 4609 Noli
607 4573 826 4624 parcere
868 4559 1128 4616 thesauris
1159 4564 1376 4620 Caducis
1397 4608 1412 4632 ,
1463 4566 1725 4622 thesauris
1753 4585 1848 4624 va-

263 4646 361 4698 uis.
426 4647 548 4702 Noli
603 4649 704 4704 sub
756 4650 986 4720 imagine
1039 4653 1249 4723 pietatis
1299 4672 1494 4725 augere
1547 4663 1843 4728 pecuniam.

262 4735 410 4792 l-‘iiiis
430 4740 566 4795 meis
591 4755 750 4796 servo
773 4759 788 4798 :
817 4759 1004 4813 magna
1024 4748 1319 4814 excusatio,
1342 4748 1494 4804 Filiis
1515 4737 1646 4806 meis
1667 4767 1842 4807 servo.

261 4829 596 4888 Videamus:
630 4845 811 4889 servat
858 4837 948 4892 tibi
1002 4847 1152 4908 pater
1197 4848 1352 4901 tuus,
1405 4857 1585 4898 servas
1625 4852 1678 4898 tu
1724 4844 1847 4899 ﬁliis

259 4922 366 4974 tuis
385 4965 402 4986 ,
433 4923 524 4977 lilii
552 4925 627 4979 tui
659 4928 782 4980 tiliis
809 4927 918 4988 suis
942 4969 958 4995 ,
989 4937 1044 4984 et
1070 4930 1148 4985 sic
1177 4947 1270 4998 per
1296 4947 1485 4987 omnes
1509 4975 1524 5000 ,
1572 4943 1626 4989 et
1673 4936 1848 4991 nullus

255 5011 500 5068 facturus
522 5025 606 5070 est
635 5027 902 5085 pra-cepta
928 5019 1043 5074 Dei.
1084 5020 1261 5088 Quare
1287 5038 1392 5076 non
1423 5024 1494 5077 illi
1529 5025 1705 5094 potius
1747 5027 1846 5080 im-

251 5107 448 5176 pendis
475 5110 686 5172 omnia,
737 5111 828 5181 qui
872 5121 923 5166 te
966 5111 1088 5166 fecit
1129 5129 1194 5168 ex
1237 5115 1450 5170 nihilo?
1494 5118 1592 5186 Qui
1623 5128 1672 5174 te
1700 5119 1842 5188 fecit,

251 5199 366 5266 ipse
393 5210 449 5253 te
479 5201 644 5268 pascit
670 5217 738 5256 ex
765 5201 850 5254 bis
876 5217 994 5272 qua:
1029 5203 1190 5272 fecit,
1239 5205 1352 5276 ipse
1393 5208 1564 5276 pascit
1605 5218 1657 5264 ct
1705 5211 1846 5266 lilios

248 5299 391 5346 tuos.
439 5291 628 5364 Neque
668 5295 814 5350 enim
845 5295 1034 5350 melius
1057 5299 1346 5354 committis
1375 5301 1509 5354 lilios
1537 5311 1654 5358 tuos
1685 5304 1847 5373 patri-

246 5385 439 5439 monio
471 5393 563 5440 tuo
586 5387 607 5418 ⁹
627 5427 644 5452 ,
674 5401 838 5456 quam
869 5387 1106 5443 Creatori
1141 5397 1248 5444 tuo.
1275 5390 1345 5446 Et
1371 5393 1699 5448 mentiuntur
1722 5395 1842 5466 qui-

305 5587 323 5656 !
576 5593 729 5656 Er._et
891 5595 948 5640 At
979 5595 1110 5650 l.ov.,
1143 5588 1381 5655 gaudais.
1405 5592 1614 5656 Pttaulo
1637 5591 1776 5655 infra,
1793 5601 1844 5644 ut

241 5648 306 5697 ad
325 5648 526 5696 antica
542 5650 775 5714 gaudeat.

1935 401 2058 458 dum
2088 404 2350 464 homines.
2393 411 2526 466 Mala
2555 417 2672 470 est'
2701 421 2918 474 avaritia
2949 440 2964 476 :
2994 423 3212 492 pallium
3237 441 3298 481 se
3332 429 3510 486 volunt

1938 497 2152 553 nomine
2177 499 2385 568 pietatis
2409 545 2425 570 ,
2465 515 2520 559 et
2543 507 2792 564 dedbare
2813 553 2827 576 ,
2874 525 2929 567 ιιι
2951 517 3100 582 quasi
3135 528 3348 588 prupter
3378 522 3515 578 lilios

1937 586 2220 645 videantur
2244 607 2458 650 servare
2501 595 2743 654 homines
2765 643 2780 668 ,
2828 604 2968 674 quod
3000 616 3218 676 propter
3235 586 3520 668 ravaritiam

1942 691 2176 736 servant.
2223 685 2355 741 Nam
2384 695 2440 742 ιιι
2467 693 2724 748 noveritis
2763 697 2887 766 quia
2929 699 3007 754 sic
3037 701 3348 774 plerumque
3385 721 3521 760 con-

1941 771 2112 844 tingit,
2142 775 2336 832 dicitur
2363 779 2431 834 de
2455 797 2722 854 quoquam
2759 805 2773 842 :
2805 789 2980 855 Quare
3010 809 3113 847 non
3141 771 3517 852 facit—etcentu-

1941 879 2127 936 syuam
2149 869 2174 921 ?
2215 869 2348 938 Quia
2375 887 2548 929 servat
2577 877 2697 932 filiis
2723 882 2852 934 suis.
2898 883 3170 954 Contingit
3211 897 3269 943 ut
3310 893 3518 947 amittat

1940 973 2104 1012 unum
2135 978 2150 1013 :
2183 963 2226 1016 si
2273 976 2488 1034 propter
2527 969 2661 1023 illius
2689 975 2970 1040 servabat,
3016 977 3188 1032 mittat
3219 989 3338 1048 post
3367 982 3514 1037 illum
3577 1017 3597 1034 .

1941 1061 2142 1118 partem
2167 1070 2338 1110 suam.
2379 1058 2553 1123 Quare
2585 1061 2726 1115 illam
2756 1073 2900 1118 tenet
2925 1066 2976 1120 in
3010 1071 3259 1128 sacculo.
3287 1082 3336 1125 et
3367 1073 3514 1128 illum

1939 1142 2186 1214 relinquit
2222 1148 2289 1200 ab
2330 1151 2542 1205 animo?
2584 1153 2766 1208 Redde
2805 1157 2878 1210 illi
2911 1161 3050 1229 quod
3077 1177 3228 1216 suum
3257 1173 3358 1228 est,
3395 1166 3518 1221 red—

1945 1233 2014 1288 de
2057 1237 2196 1304 quod
2251 1239 2320 1293 illi
2383 1244 2653 1297 servabas.
2699 1247 2934 1302 Mortuus
2989 1260 3106 1308 cst.
3168 1253 3356 1322 inquit.
3413 1255 3518 1310 Sed

1938 1331 2210 1394 prmcrssit
2247 1332 2312 1384 ad
2362 1334 2528 1390 Deum
2557 1378 2569 1396 .
2611 1353 2732 1406 pars
2781 1339 2944 1408 ipsius
2991 1347 3310 1413 pauperibus
3357 1347 3520 1402 debe-

1939 1423 2057 1480 tur;
2108 1419 2180 1472 illi
2212 1421 2467 1488 debetur,
2500 1427 2565 1480 ad
2604 1444 2758 1498 quem
2801 1434 3068 1500 perrexit;
3119 1435 3334 1490 Christo
3359 1437 3522 1491 debe-

1941 1517 2058 1575 tur,
2099 1513 2164 1564 ad
2211 1515 2378 1582 ipsum
2407 1518 2547 1571 enim
2577 1523 2810 1587 perrexit
2841 1541 2852 1577 :
2883 1535 2934 1578 et
2961 1526 3073 1593 ipse
3099 1527 3260 1594 dixit,
3305 1527 3406 1592 Qui
3433 1529 3521 1584 nni

1939 1616 2004 1654 ea:
2027 1602 2245 1658 minimis
2271 1606 2380 1660 istis
2407 1609 2542 1677 (erit,
2572 1612 2700 1666 nti/ti.
2722 1615 2873 1683 fecit;
2904 1625 2952 1668 et
2979 1619 3064 1684 qui
3092 1619 3180 1670 uni
3209 1635 3272 1672 ea:
3297 1621 3518 1675 minimis

1937 1691 2047 1745 istis
2076 1711 2177 1748 non
2206 1699 2355 1766 fecit,
2387 1702 2514 1754 nti/ti
2558 1720 2659 1756 non
2707 1705 2824 1773 fecit
2871 1707 3060 1776 (Matth
3116 1726 3247 1772 xxv,
3277 1711 3365 1771 40.
3401 1712 3516 1783 47$).

1939 1781 2042 1836 Sed
2071 1786 2196 1854 quid
2224 1787 2391 1843 dicis?
2413 1791 2580 1847 Servo
2600 1795 2846 1850 fratribus
2877 1799 3062 1868 ips’us.
3095 1801 3149 1854 Si
3177 1802 3378 1858 viveret
3406 1781 3517 1870 ille,

1941 1891 2046 1929 non
2076 1889 2190 1932 erat
2219 1895 2340 1934 cum
2371 1885 2482 1939 suis
2512 1885 2763 1942 fratribus
2792 1892 3104 1947 divisurus?
3147 1895 3190 1948 Ο
3219 1895 3347 1949 fides
3373 1913 3520 1950 tuor-

1940 1970 2062 2023 tua!
2112 1971 2348 2029 Mortuus
2376 1987 2456 2031 est
2496 1981 2636 2034 enim
2680 1982 2816 2037 filius
2855 1987 3012 2040 tuus?
3042 1988 3307 2058 Quidquid
3349 1990 3520 2056 dicas,

1943 2070 2156 2117 mortuo
2177 2064 2340 2121 debes
2364 2069 2502 2138 quod
2531 2072 2648 2125 vivo
2681 2076 2954 2128 servabas.
2985 2077 3225 2133 Mortuus
3257 2090 3338 2134 est
3383 2081 3521 2136 filius

1941 2167 2132 2218 meus,
2179 2155 2274 2210 sed
2324 2166 2500 2213 tamen
2545 2172 2745 2229 partem
2795 2165 2884 2219 ﬁlii
2931 2169 3032 2220 mei
3073 2183 3228 2222 servo
3272 2170 3520 2226 fratribus

1942 2243 2128 2313 ipsius.
2168 2245 2256 2302 Sic
2281 2251 2456 2304 credis
2478 2253 2597 2322 quia
2626 2266 2866 2310 mortuus
2892 2272 2968 2312 est
2993 2260 3015 2312 ?
3041 2260 3094 2314 Si
3128 2277 3224 2330 pro
3251 2262 3339 2315 illo
3369 2261 3523 2318 Chri—

1943 2342 2058 2388 stus
2095 2347 2335 2394 mortuus
2363 2357 2467 2396 non
2517 2355 2631 2408 cst,
2687 2359 2928 2404 mortuus
2975 2359 3048 2404 est
3084 2353 3196 2422 ipse
3227 2372 3239 2406 :
3270 2355 3311 2406 si
3343 2365 3519 2409 autem

1942 2436 2026 2480 est
2056 2428 2108 2481 in
2140 2439 2190 2483 te
2233 2431 2362 2485 fides
2385 2476 2398 2497 ,
2433 2435 2562 2488 vivit
2610 2437 2748 2491 filius
2779 2449 2920 2495 tuus.
2951 2441 3089 2495 Vivit
3120 2459 3333 2512 prorsus
3359 2460 3374 2510 ;
3419 2463 3522 2501 non

1943 2517 2212 2583 decessit,
2247 2523 2340 2576 sed
2384 2527 2672 2594 praecessit.
2717 2529 2831 2595 Qua
2877 2532 3047 2587 fronte
3073 2544 3326 2588 venturus
3373 2551 3432 2589 es
3459 2537 3524 2590 ad

1947 2608 2110 2662 filium
2144 2620 2292 2666 tuum
2321 2615 2409 2684 qui
2451 2617 2724 2685 prasccssit
2747 2659 2762 2683 ,
2792 2619 2874 2673 cui
2908 2623 3231 2688 praecedenti
3267 2641 3370 2678 non
3402 2625 3526 2678 tuit-

1947 2700 2014 2753 tis
2045 2713 2246 2769 partem
2279 2719 2430 2758 suam
2477 2707 2528 2760 in
2575 2710 2770 2764 celum
2793 2710 2818 2761 ἵ
2861 2712 2942 2764 An
2973 2729 3078 2766 non
3109 2722 3278 2783 potest
3307 2715 3440 2770 mitti
3473 2717 3524 2770 in

1949 2795 2186 2849 caelum?
2213 2797 2392 2852 Potest
2415 2815 2650 2868 prorsus.
2683 2802 2816 2856 Audi
2845 2795 3014 2872 ipsum
3043 2805 3318 2862 Dominum
3346 2809 3527 2862 dicen-

1949 2892 2076 2950 tem,
2113 2883 2467 2941 Thestturiznte
2493 2890 2628 2943 nobis
2653 2892 2913 2947 thesauros
2941 2895 2992 2946 in
3021 2895 3148 2948 ario
3181 2895 3287 2966 (Id.
3311 2913 3382 2962 vi,
3407 2898 3523 2968 20).

1947 2973 2002 3029 Si
2053 2989 2182 3046 ergo
2231 2978 2318 3030 ille
2366 2978 2648 3033 thesaurus
2699 2983 2889 3036 melius
2934 2986 3231 3040 custoditur
3268 2986 3318 3040 iu
3367 2989 3524 3050 cudo,

1949 3067 2200 3137 numquid
2234 3077 2359 3123 tunc
2404 3085 2508 3124 non
2549 3071 2840 3126 mittendus
2865 3076 2884 3104 '
2925 3083 3007 3128 est
3041 3076 3180 3144 lilio,
3228 3078 3439 3146 quando
3480 3081 3525 3133 si

1947 3158 2143 3212 missus
2173 3157 2369 3226 fuerit,
2403 3177 2506 3214 non
2541 3163 2772 3230 peribit?
2811 3164 3101 3220 Teucbilur
3132 3168 3214 3220 hic
3242 3169 3326 3221 ubi
3357 3179 3526 3236 potest

1949 3250 2152 3318 perire,
2201 3267 2306 3306 non
2354 3253 2584 3308 mittitur
2627 3255 2752 3310 illuc
2797 3257 2883 3310 ubi
2911 3256 3152 3312 Christus
3180 3268 3260 3312 est
3305 3260 3526 3314 custos?

1947 3340 2105 3398 Certe
2141 3358 2203 3396 ea
2253 3359 2371 3414 quze
2422 3346 2507 3400 hic
2557 3355 2740 3414 tenes,
2792 3357 2846 3402 et
2893 3366 2998 3404 non
3039 3351 3118 3405 vis
3169 3352 3380 3408 mittere
3411 3362 3530 3422 post

1951 3437 2113 3492 filium
2165 3449 2349 3508 tuum,
2403 3442 2596 3513 quibus
2649 3445 3035 3500 commendas?
3089 3447 3370 3500 Actoribus
3423 3448 3527 3502 tuis

1948 3531 2291 3584 commendas
2319 3532 2458 3586 illius
2505 3545 2704 3602 partem
2734 3535 2822 3604 qui
2873 3537 3145 3604 pra'ecssit
3169 3578 3184 3597 ,
3227 3546 3279 3590 et
3316 3535 3530 3590 Christo

1950 3635 2056 3673 non
2084 3621 2429 3676 commendas
2458 3623 2522 3675 ad
2551 3639 2706 3693 quem
2739 3624 3050 3692 praecessit?
3096 3625 3176 3678 Λιι
3205 3625 3422 3680 idoneus
3448 3637 3532 3680 est

1952 3711 2045 3765 tibi
2075 3721 2388 3780 procurator
2420 3722 2536 3766 tuus
2559 3755 2572 3776 ,
2605 3717 2776 3767 minus
2803 3714 3020 3767 idmnus
3045 3714 3331 3769 Christus?

2021 3801 2248 3859 CAPUT
2299 3802 2434 3858 Xlll.
2465 3833 2536 3844 --
2557 3803 2647 3859 2|.
2681 3804 2918 3869 Videtis,
2967 3804 3156 3860 fratres
3178 3847 3192 3864 .
3231 3807 3350 3876 quia
3383 3821 3530 3861 men-

1951 3894 2162 3949 dacium
2211 3904 2295 3950 est
2337 3896 2477 3967 quod
2508 3897 2688 3950 dit-unt
2718 3897 2980 3960 homines,
3016 3897 3160 3974 Filiis
3187 3899 3320 3952 meis
3348 3913 3526 3952 servo.

1952 3988 2283 4044 Mendacium
2315 3999 2396 4044 est
2419 4033 2434 4055 ,
2469 3991 2660 4044 fratres
2689 3992 2822 4055 uici,
2869 3989 3198 4043 mendacium
3229 3998 3308 4042 cst
3339 4006 3352 4040 :
3385 3990 3527 4044 avari
3602 3992 3614 4008 '

1953 4090 2078 4135 sunt
2107 4081 2366 4135 homines.
2417 4080 2514 4135 Vel
2566 4081 2644 4135 sic
2672 4090 2816 4134 certe
2844 4087 3100 4149 cogantur
3123 4079 3364 4135 confiteri
3390 4081 3530 4151 quod

1956 4174 2142 4228 nolunt
2164 4213 2180 4238 ,
2213 4189 2332 4226 cum
2362 4173 2687 4227 erubescunt
2714 4181 2891 4228 tacere
2917 4171 3056 4241 quod
3085 4180 3208 4224 sunt
3239 4189 3252 4226 :
3284 4171 3529 4238 fundant,

1954 4273 2172 4318 vomant
2213 4264 2264 4317 in
2290 4264 2623 4318 confessione
2649 4263 2788 4334 quod
2837 4270 3064 4332 portant.
3109 4263 3300 4318 Pectus
3330 4263 3530 4332 premi-

1957 4365 2042 4409 tur
2067 4355 2280 4424 crapula
2327 4355 2656 4424 iniquitatis;
2698 4363 2909 4409 evomat
2950 4369 3065 4410 eam
3096 4353 3362 4408 confessio
3393 4373 3406 4409 :
3435 4353 3530 4410 sed

1956 4462 2061 4499 non
2087 4447 2278 4500 canino
2309 4462 2456 4500 more
2486 4445 2734 4501 redeatur
2758 4445 2820 4499 ad
2851 4447 3127 4500 vomitum.
3176 4446 3362 4506 Estote
3390 4445 3533 4501 chri—

1955 4539 2133 4590 stiani.
2182 4537 2346 4590 Valde
2384 4553 2570 4608 parum
2608 4547 2690 4591 est
2715 4536 2892 4590 vocari
2937 4535 3276 4590 christianos.
3327 4536 3531 4604 Quanta

1955 4627 2166 4684 donatis
2215 4628 2603 4682 histrionibus?
2651 4637 2845 4697 quanta
2895 4627 3106 4682 donatis
3153 4628 3534 4682 venatoribus?

1955 4731 2150 4789 quanta
2182 4721 2422 4788 turpibus
2455 4720 2737 4788 personis?
2781 4719 2998 4773 Donatis
3024 4720 3104 4774 eis
3142 4719 3232 4788 qui
3270 4735 3364 4773 vos
3391 4719 3534 4773 occi-

1955 4810 2105 4864 dunt.
2137 4811 2238 4865 Per
2277 4811 2420 4880 ipsas
2463 4810 2607 4864 enim
2631 4809 2980 4864 exhibitiones
3009 4809 3337 4878 voluptatum
3369 4811 3534 4862 intct-

1957 4901 2140 4954 ficiuut
2179 4902 2382 4954 animas
2412 4910 2618 4954 vestras
2647 4916 2660 4952 :
2698 4907 2752 4954 et
2790 4899 3035 4954 insanitis
3063 4901 3179 4968 quis
3207 4899 3323 4968 plus
3349 4899 3531 4952 donet.

1955 4993 2010 5048 Si
2035 4993 2347 5046 insaniretis
2373 4991 2491 5061 quis
2535 4992 2651 5060 plus
2680 4999 2895 5054 servet,
2939 5007 3042 5044 non
3078 4991 3267 5044 essetis
3307 4988 3530 5042 ferendi.

1954 5085 2083 5152 Quis
2125 5084 2246 5155 plus
2293 5092 2468 5138 servet
2514 5082 2746 5136 insanire
2771 5123 2786 5145 ,
2828 5083 3062 5135 avaritia:
3099 5090 3181 5135 cst
3215 5098 3228 5135 :
3260 5081 3380 5149 quis
3419 5079 3534 5149 plus

1953 5177 2116 5231 donet
2142 5175 2398 5238 insanire,
2428 5171 2748 5242 profusiouis
2787 5181 2887 5226 est.
2914 5170 3024 5226 Nec
3049 5186 3265 5224 avarum
3295 5180 3343 5224 te
3373 5171 3532 5232 Deus,

1955 5284 2054 5324 nec
2083 5265 2357 5338 profusum
2391 5266 2521 5320 vult.
2549 5263 2826 5320 Collocare
2853 5272 2904 5318 te
2929 5262 3036 5316 vult
3067 5277 3184 5332 qtae
3213 5261 3397 5324 babes,
3427 5273 3532 5313 non

1959 5358 2244 5430 projicere.
2287 5356 2516 5413 Certatis
2555 5356 2674 5427 quis
2697 5356 2872 5411 vincat
2915 5353 2969 5408 in
3013 5353 3196 5424 pejus,
3248 5366 3352 5405 non
3392 5349 3534 5404 datis

2017 5557 2030 5586 ¹
2059 5555 2139 5604 llic
2173 5550 2298 5613 apud
2332 5556 2442 5602 Lor.
2479 5547 2695 5608 additur,
2727 5546 2975 5610 inquam;
3007 5544 3133 5609 quod
3169 5544 3230 5594 ab
3262 5531 3362 5597 λιιι.
3381 5553 3458 5598 Et.
3483 5554 3535 5600 et

1953 5623 2055 5667 ius.
2081 5619 2236 5680 abest.
2616 5677 2624 5680 _
2944 5668 2955 5680 .
3128 5668 3173 5680 ..
3210 5675 3219 5680 .
3393 5670 3403 5678 .

2015 5681 2033 5709 ε
2056 5679 2128 5726 sie
2161 5685 2262 5724 uss.
2296 5675 2412 5723 Μιῐὶ
2440 5686 2576 5732 vero,
2609 5677 2718 5720 tum:
2755 5668 3044 5732 mittendus;
3067 5668 3256 5721 sublata
3280 5669 3535 5736 particula,

347 5733 430 5782 Sic
455 5735 666 5790 latiores
692 5741 798 5782 \iss.
829 5740 880 5782 At
905 5740 1034 5794 t.ov.,
1055 5733 1172 5798 [iliis
1195 5735 1288 5787 tuis
1315 5737 1654 5798 putriuwninm
1687 5745 1836 5790 (nunt.
1865 5751 1888 5770 '
1951 5753 2059 5789 non.
