4024 6202
364 243 377 303 ἃ

455 313 517 370 9|
1673 305 1730 361 S.
1774 303 2131 361 AUCUSTINI
2176 304 2473 361 EPISCOPI

446 435 662 490 operam
691 419 811 491 quis
846 418 915 474 sit
946 416 1133 472 melior
1170 431 1184 468 :
1223 423 1383 486 atque
1423 413 1623 469 utinam
1668 426 1772 466 non
1815 408 2015 465 daretis

434 530 555 586 quis
578 516 646 569 sit
669 515 841 586 pejor.
873 514 938 567 Et
960 512 1136 568 dicitis
1164 530 1180 567 :
1204 512 1497 568 Christiani
1520 525 1723 567 sumus.
1749 512 1830 566 Ad
1856 511 2005 566 favoe

433 621 545 660 rem
574 605 753 675 pepuli
784 604 1036 674 projicitis
1059 619 1147 660 res
1172 612 1377 660 vestras
1397 645 1413 671 ,
1459 612 1641 658 contra
1676 602 1823 673 jussa
1846 599 2005 657 Chri-

433 701 499 751 sti
526 698 542 729 ⁸
591 697 778 752 tenetis
818 710 905 751 res
948 702 1169 751 vestras.
1216 695 1356 769 Ecce
1402 709 1508 748 non
1547 692 1699 763 jubet
1738 691 2002 757 Christus,

435 796 584 859 rogat
606 786 868 851 Christus,
895 795 1015 858 eget
1043 785 1307 841 Christus.
1337 783 1563 850 Esurivi,
1588 784 1718 861 dicit
1739 782 2002 859 Christus,

431 893 477 936 et
499 898 599 936 non
619 880 826 936 dedistis
844 881 968 935 mihi
993 880 1297 934 ntandueare
1320 877 1529 950 (Matth.
1547 892 1675 942 xxv,
1697 875 1811 946 42).
1835 876 2006 945 Egere

431 973 598 1028 voluit
624 981 838 1043 propter
880 982 932 1027 te
952 1012 967 1036 ,
998 981 1055 1027 ut
1084 971 1307 1026 haberes
1356 969 1443 1025 ubi
1473 968 1767 1024 seminares
1793 975 2004 1021 terrena

430 1080 550 1133 quze
573 1062 719 1118 dedit
743 1104 759 1131 ,
802 1070 857 1118 et
899 1071 1133 1117 meteres
1158 1062 1317 1115 vitam
1350 1069 1624 1115 aeternam.
1662 1057 1832 1113 Nolite
1870 1056 2011 1128 pigri

429 1170 550 1210 esse
572 1163 628 1209 et
655 1153 793 1208 male
819 1151 1013 1208 securi.
1061 1149 1234 1207 Mores
1262 1149 1541 1206 emendate
1564 1188 1579 1208 .
1608 1155 1820 1218 peccata
1858 1146 2003 1202 redi-

428 1245 579 1299 mite.
606 1244 674 1299 Et
698 1259 818 1299 cum
854 1243 969 1296 lucc
999 1242 1229 1296 lbeeritis
1247 1282 1262 1305 ,
1292 1242 1401 1297 Deo
1421 1239 1617 1310 gratias
1644 1239 1783 1309 agite
1800 1279 1816 1306 ,
1843 1253 1871 1292 a
1895 1253 2004 1317 quo

432 1336 716 1405 accepistis
742 1335 878 1390 bene
903 1335 1103 1390 vivere.
1135 1335 1201 1389 Et
1224 1334 1302 1388 sic
1325 1333 1373 1388 ei
1405 1333 1603 1404 gratias
1630 1332 1790 1403 agite,
1815 1338 2002 1386 utnon

431 1426 699 1481 insnltetis
730 1425 815 1481 his
840 1426 928 1496 qui
958 1424 1188 1479 nondum
1216 1425 1352 1481 bene
1383 1425 1599 1490 vivunt;
1626 1422 1718 1478 sed
1744 1437 1838 1478 eos
1861 1422 2004 1492 ipsos

433 1515 672 1570 moribus
713 1516 904 1571 vestris
951 1515 1259 1570 bortcmini.
1308 1515 1432 1569 Haec
1477 1512 1752 1578 iaciendo,
1800 1512 2004 1568 habetis

432 1606 722 1675 perfectam
748 1647 763 1672 ,
811 1618 1067 1677 quantum
1115 1607 1165 1660 in
1206 1606 1305 1660 hac
1332 1606 1438 1660 vita
1466 1612 1675 1676 potest,
1720 1604 2000 1675 justitiam.

430 1697 833 1752 (lom'crsautes.
860 1698 910 1757 in
944 1697 1097 1752 bonis
1125 1697 1374 1767 operibus
1397 1737 1413 1763 ,
1461 1697 1513 1751 iu
1558 1696 1918 1764 orationibus,
1950 1696 2004 1751 in

425 1788 643 1857 jejuniis
662 1829 676 1852 ,
718 1788 771 1842 in
801 1787 1158 1859 eleemosyuis
1187 1797 1401 1858 propter
1425 1788 1625 1842 minuta
1655 1795 1871 1857 peccata
1890 1827 1906 1852 ,
1950 1795 2006 1843 et

431 1878 748 1933 abstinendo
775 1893 869 1932 vos
898 1878 966 1932 ab
1005 1878 1110 1933 illis
1139 1877 1344 1949 magnis
1374 1878 1604 1946 peccatis
1622 1919 1638 1945 ,
1670 1876 2005 1932 concordatis
2058 1910 2062 1914 -

428 1985 548 2023 eum
575 1969 881 2024 adversario
919 1985 935 2023 :
975 1977 1029 2023 et
1066 1969 1236 2023 securi
1276 1968 1450 2023 dicitis
1487 1969 1538 2023 in
1579 1968 1821 2023 oratione
1845 2009 1859 2033 ,
1908 1967 2005 2022 Di-

429 2061 566 2113 mitte
589 2062 730 2115 nobis
757 2060 920 2114 debita
948 2069 1156 2133 nostra,
1197 2061 1325 2114 sicut
1350 2069 1395 2114 et
1422 2077 1511 2114 nos
1535 2061 1834 2116 dimittimus
1864 2061 2005 2116 debi-

430 2151 617 2204 toribus
641 2152 823 2206 uostris
862 2149 975 2223 (Id.
1005 2167 1076 2204 τι.
1109 2149 1221 2221 12).
1268 2135 1483 2205 Habetis
1518 2151 1659 2205 enim
1700 2150 1841 2221 quod
1866 2166 2004 2222 quo-

432 2240 558 2312 tidie
602 2240 750 2294 vobis
793 2239 1127 2305 dimittatur,
1186 2239 1273 2309 qui
1323 2238 1533 2294 habetis
1582 2240 1723 2311 quod
1767 2242 2005 2312 quotidie

428 2306 725 2385 di'mittatis.
755 2331 843 2386 Sic
870 2330 1189 2385 ambulando
1204 2306 1392 2386 securi
1418 2332 1470 2387 in
1500 2331 1584 2386 via
1600 2306 1719 2387 -ιιοιι
1752 2306 2004 2391 timebitis

432 2421 703 2477 latrocinia
749 2421 944 2475 diaboli
992 2440 1004 2475 :
1058 2423 1178 2491 quia
1223 2423 1463 2479 Christus
1500 2424 1642 2479 viam
1687 2434 1742 2482 et
1782 2435 2003 2483 stratam

432 2530 673 2583 tragnam
702 2531 761 2570 se
792 2516 963 2585 ipsum
993 2515 1135 2583 fecit,
1177 2532 1272 2586 per
1299 2534 1457 2587 quam
1485 2519 1631 2573 ducit
1656 2519 1725 2573 ad
1756 2521 1994 2590 patriam.

430 2603 618 2671 Omnis
649 2604 718 2683 ibi
748 2605 1040 2671 securitas,
1078 2608 1253 2662 omnis
1279 2608 1428 2677 quies
1460 2626 1473 2662 :
1508 2609 1594 2664 ubi
1622 2618 1675 2664 et
1704 2611 1813 2679 ipsa
1845 2611 2005 2683 mise-

431 2681 687 2751 ricordiae.
716 2711 878 2767 Opera
922 2698 1242 2765 cessabunt,
1287 2700 1407 2769 quia
1447 2701 1589 2755 nulla
1630 2702 1701 2756 ibi
1738 2703 1840 2757 erit
1868 2681 2004 2757 indi-

430 2787 605 2856 gentia
634 2787 974 2843 miserorum.
1008 2789 1119 2843 Erit
1142 2805 1270 2860 ergo
1312 2791 1420 2845 illic
1447 2791 1723 2847 sabbatum
1755 2795 2002 2849 sabbato-

430 2897 576 2948 rum;
600 2891 655 2937 ut
674 2882 814 2953 quod
833 2883 917 2939 hic
934 2882 1319 2951 desideramus,
1354 2885 1425 2940 ibi
1447 2885 1793 2942 inveniamus.
1810 2888 2000 2944 Amen.

653 3024 661 3039 ,
992 2974 1221 3030 SERMO
1256 2976 1441 3046 X(a).

504 3062 580 3117 De
595 3063 795 3133 judicio
822 3064 1111 3121 Salomonis
1135 3066 1265 3120 inter
1294 3065 1422 3121 duas
1446 3067 1677 3123 mulieres
1704 3071 1925 3125 meretri-

1182 3175 1283 3213 σεε.
1776 3151 1795 3162 ⁸

510 3247 560 3301 Ι.
615 3247 708 3302 Rei
735 3258 886 3318 gesta:
914 3250 1156 3303 narratio.
1217 3249 1359 3305 Inter
1409 3250 1540 3306 duas
1588 3252 1838 3307 mulieres
1876 3267 2000 3307 cer-

433 3347 604 3393 tantes
643 3337 711 3393 de
756 3339 976 3408 parvulo
1021 3338 1129 3394 lilio
1175 3340 1416 3396 mirabile
1452 3341 1706 3412 judicium
1756 3341 2002 3398 Salomo-

433 3429 825 3499 nispraedicat
887 3431 1158 3501 Scriptura
1227 3433 1549 3504 Regnorum.
1598 3434 1862 3505 Scriptum
1919 3447 2003 3494 est

427 3523 566 3577 enim
594 3542 607 3576 :
658 3524 797 3578 Tunc
824 3538 1166 3596 apparuerunt
1194 3528 1309 3582 duce
1336 3528 1568 3582 mulieres
1592 3530 1871 3584 meretrices
1896 3532 2003 3603 regi

429 3612 727 3681 Sulommti,
777 3626 823 3668 et
866 3625 1105 3670 steterunt
1155 3617 1208 3671 in
1252 3627 1519 3685 conspectu
1572 3618 1681 3689 ejus
1705 3660 1721 3686 ,
1773 3629 1819 3673 et
1873 3622 2002 3676 dixit

428 3704 608 3758 mulier
632 3723 731 3759 una
758 3723 777 3760 :
806 3706 1185 3775 Animadverte,
1225 3710 1455 3777 domine,
1486 3727 1576 3782 ego
1612 3723 1658 3765 et
1688 3711 1867 3766 mulier
1894 3714 2001 3768 htec

427 3795 773 3851 habitabamus
798 3800 849 3852 in
885 3800 1033 3853 domo
1059 3818 1188 3867 una,
1228 3811 1275 3855 et
1313 3804 1483 3873 peperi
1511 3805 1562 3856 in
1589 3804 1736 3858 domo
1757 3846 1772 3870 ,
1805 3815 1851 3859 et
1875 3824 2000 3861 con-

428 3886 537 3956 tigit
584 3887 666 3941 die
706 3889 848 3943 tertio
894 3888 1156 3959 postquam
1205 3894 1407 3961 peperi,
1464 3895 1653 3962 peperit
1698 3896 1847 3948 etiam
1892 3899 2001 3951 hcc

428 3981 607 4034 mulier
633 3982 796 4049 [ilium
813 3999 833 4047 ;
869 3991 915 4036 et
941 3998 1138 4035 eramus
1163 3983 1213 4035 in
1244 3998 1343 4036 uno
1364 4023 1379 4050 ,
1410 3993 1457 4036 et
1481 4000 1581 4037 non
1608 3994 1712 4038 erat
1737 3987 2000 4057 quisquam

426 4073 681 4128 nobiscum
719 4084 899 4144 praeter
927 4075 1100 4128 titubas
1128 4092 1220 4130 nos
1261 4076 1313 4129 in
1342 4076 1491 4130 domo
1523 4091 1542 4130 :
1578 4087 1624 4131 et
1666 4089 1891 4134 mortuus
1927 4091 1999 4136 est

427 4162 564 4231 ﬁlius
592 4164 816 4217 mulieris
853 4164 1008 4234 hujus
1036 4181 1125 4235 per
1158 4176 1350 4220 noctem
1370 4207 1385 4231 ,
1433 4183 1551 4221 mox
1578 4168 1811 4222 dormivit
1846 4186 1999 4240 super

431 4267 587 4317 eum;
625 4262 671 4306 et
716 4254 932 4306 surrexit
974 4254 1138 4307 media
1181 4264 1361 4321 nocte,
1408 4267 1454 4310 et
1496 4256 1608 4310 tulit
1644 4259 1806 4325 ﬁlium
1834 4277 1997 4314 meum

425 4341 488 4395 ub
516 4343 714 4396 aseellis
741 4344 863 4397 meis
888 4384 904 4409 ,
948 4353 995 4396 et
1038 4344 1298 4398 collocauit
1341 4345 1393 4398 in
1431 4347 1544 4399 sinu
1587 4365 1711 4411 suo,
1761 4360 1807 4403 et
1832 4351 1996 4419 [ilium

426 4447 571 4484 suum
598 4444 850 4485 mortuum
878 4433 931 4488 in
964 4434 1082 4486 sinu
1117 4450 1224 4488 meo
1245 4476 1260 4498 ,
1303 4443 1349 4486 et
1382 4437 1576 4490 surrexi
1604 4454 1749 4492 mane
1773 4441 1894 4494 dare
1917 4441 1997 4496 lac

425 4524 535 4594 ﬁlio
561 4504 689 4588 meo,
722 4534 768 4579 et
797 4525 883 4579 ille
907 4536 1011 4579 erat
1041 4537 1267 4579 mortuus
1297 4543 1315 4580 :
1355 4528 1665 4601 consideravi
1693 4547 1803 4583 eum
1828 4549 1992 4599 mane,

425 4625 471 4668 et
495 4631 606 4668 ecce
649 4632 749 4668 non
787 4625 896 4669 erat
936 4616 1073 4684 ﬁlius
1119 4634 1257 4672 meus
1314 4636 1456 4688 quem
1508 4621 1694 4689 peperi.
1760 4620 1825 4674 Et
1866 4625 1995 4679 dixit

424 4705 603 4757 mulier
635 4705 726 4758 illa
763 4705 867 4760 alia
903 4723 920 4760 :
952 4705 1105 4773 Non,
1154 4708 1243 4761 sed
1278 4708 1414 4776 ﬁlius
1452 4726 1588 4762 meus
1625 4719 1694 4763 est
1734 4716 1819 4781 qui
1856 4714 1990 4775 vivit.

423 4795 562 4864 ﬁlms
603 4806 771 4850 autent
814 4807 939 4857 tuus
981 4800 1067 4870 qui
1113 4807 1337 4851 mortuus
1393 4809 1485 4853 est.
1549 4799 1616 4853 Et
1659 4801 1770 4869 ipsa
1821 4803 1994 4859 dixit:

426 4886 581 4953 Non,
631 4888 769 4956 ﬁlius
815 4898 929 4942 tuus
958 4900 1029 4943 est
1075 4890 1161 4943 ille
1187 4898 1445 4954 mortuus,
1492 4900 1536 4943 et
1579 4907 1716 4946 meus
1759 4891 1896 4961 ﬁlius
1921 4904 1993 4948 est

422 4978 505 5046 qui
535 4979 665 5031 vit-it.
701 4979 764 5032 Et
794 4980 973 5033 locuta:
1004 4987 1122 5032 snit
1156 4981 1205 5032 in
1241 4989 1506 5047 conspectu
1546 4980 1717 5053 Regis.
1758 4981 1823 5037 Et
1864 4985 1991 5040 dixit

426 5122 757 5245 nw:ut,’ltla;2§pte
780 5134 884 5176 Mss.
908 5128 1148 5190 omittunt,
1166 5127 1356 5182 Christi.
1377 5138 1423 5182 Et
1448 5133 1639 5196 quidam
1661 5137 1767 5199 ejus
1789 5135 1893 5187 loco
1914 5139 2000 5188 ha-

488 5265 561 5339 (u)
585 5274 728 5339 hunc.
750 5267 953 5339 primum
1007 5271 1164 5330 prodit
1220 5285 1276 5322 ex
1326 5280 1431 5323 Mss.
1460 5277 1622 5339 Regio,
1655 5278 1926 5339 colliertino
1950 5289 2003 5331 et

426 5326 680 5377 Victorino.
717 5326 765 5391 tri
803 5326 1022 5391 eamdem
1053 5344 1158 5380 rem
1192 5341 1452 5383 censentur
1485 5326 1555 5382 in"
1567 5326 1758 5387 Possidii
1782 5326 2002 5391 "ludieuld

423 5389 797 5463 SCt'IEIODCSCllO
815 5402 827 5437 :
847 5387 971 5463 alter
994 5392 1045 5463 in
1066 5404 1168 5463 cap.
1188 5393 1236 5451 8,
1260 5395 1353 5463 sub
1374 5395 1478 5463 ipso
1499 5397 1656 5463 titulo,
1688 5418 1709 5443 α
1735 5407 1800 5447 De
1823 5387 2002 5452 sud—icio

432 5449 753 5522 «salomonis,
779 5468 800 5495 ιι
832 5458 948 5522 etc,
973 5452 1097 5522 alter
1120 5449 1169 5522 in
1195 5449 1299 5515 cap.
1320 5455 1367 5522 ᾇ,
1394 5449 1493 5522 hac
1515 5449 1770 5522 inscriptus
1794 5449 1999 5522 ratione,

433 5525 456 5551 ι
478 5515 546 5557 ne
579 5512 765 5580 duabus
797 5512 1082 5580 mulieribus
1103 5514 1168 5562 de
1191 5512 1388 5577 parvulo
1408 5512 1802 5580 discrepantibus,
1836 5512 2000 5572 contra

432 5580 622 5645 usupra
638 5575 868 5645 scriptos,
892 5592 914 5645 ν
1017 5583 1109 5645 est,
1142 5574 1308 5645 contra
1331 5574 1595 5645 Donatistas
1617 5594 1629 5629 :
1659 5574 2000 5645 quosqulidem

433 5629 709 5737 falliiinmicv
719 5629 763 5684 με’
774 5629 1007 5697 spectabit
1032 5629 1241 5689 historia:
1256 5638 1332 5690 hic
1355 5642 1609 5703 propositae
1628 5629 1864 5707 ιιόειὸιῆὄι·
1878 5629 1998 5697 alio:

415 5703 559 5748 gorta.

3639 316 3707 372 93

2127 417 2197 472 eis
2223 416 2337 473 Rex
2369 433 2390 474 :
2438 416 2513 473 Tu
2540 419 2697 486 dicis,
2748 420 2846 476 llic
2889 432 2961 477 est
3004 423 3142 492 ﬁlius
3188 441 3325 477 meus
3349 442 3433 495 qut
3468 431 3611 494 vivit,
3655 444 3702 485 et

2125 509 2263 577 [ilius
2290 512 2400 582 ejus
2438 521 2660 566 mortuus
2686 524 2792 580 est;
2834 524 2882 568 et
2925 524 2979 569 tu
3022 516 3150 572 dicis
3173 559 3188 582 ,
3239 517 3394 583 Non,
3443 521 3531 573 sed
3566 522 3703 589 ﬁlius

2124 615 2262 655 meus
2300 600 2451 667 eieil,
2503 611 2550 657 et
2587 603 2724 673 ﬁlius
2768 606 2878 674 ejus
2917 616 3142 660 mortuus
3182 619 3274 662 est.
3326 608 3391 662 Et
3429 609 3500 662 ait
3544 611 3651 665 Rea:
3689 638 3709 675 ,-

2122 691 2315 758 Alferte
2359 693 2483 747 mihi
2520 696 2843 751 mae/ueram.
2899 696 2971 752 Et
3007 697 3288 752 obtulerunt
3322 702 3367 754 ei
3400 702 3702 758 machaeram

2121 783 2174 836 in
2201 793 2465 854 conspectu
2507 784 2679 856 Regis.
2734 784 2801 840 Et
2838 787 2967 842 dixit
3008 787 3122 843 Rex
3165 805 3183 843 :
3229 789 3448 846 Dividite
3492 809 3701 863 puerum

2119 876 2205 946 qui
2243 876 2359 929 vivit
2377 919 2391 939 ,
2436 878 2488 930 in
2516 878 2646 931 duas
2670 889 2869 947 partes,
2911 888 2960 935 et
2989 880 3106 936 date
3138 883 3400 937 dimidium
3426 887 3534 955 ejus
3562 886 3702 952 huic,

2119 976 2163 1021 et
2194 968 2462 1022 dimidium
2490 970 2600 1039 ejus
2627 970 2760 1025 huic.
2808 970 2875 1025 Et
2908 974 3161 1042 respondit
3200 976 3377 1029 mulier
3410 977 3559 1042 cuius
3591 988 3702 1031 erat

2120 1058 2256 1127 ﬁlius
2283 1060 2369 1130 qui
2406 1061 2629 1130 virebat,
2660 1073 2707 1117 et
2746 1063 2871 1118 dixit
2897 1065 2965 1118 ad
2994 1066 3199 1135 Regem,
3234 1070 3470 1139 quoniam
3497 1079 3699 1124 contur-

2118 1149 2234 1203 bata
2258 1160 2330 1205 est
2359 1152 2503 1206 rulva
2540 1154 2837 1226 ejus‘super
2863 1156 2970 1224 ﬁlio
3000 1172 3127 1220 suo;
3165 1169 3210 1211 et
3251 1158 3377 1212 dixit
3409 1174 3428 1212 :
3453 1159 3695 1214 Animad-

2117 1242 2292 1295 rertite
2310 1282 2327 1309 ,
2356 1241 2589 1309 domine,
2630 1244 2747 1299 date
2774 1248 2818 1300 ei
2856 1264 3096 1315 puerum,
3147 1257 3192 1302 et
3219 1249 3369 1303 nolite
3398 1267 3511 1303 eum
3541 1264 3701 1306 morte

2117 1329 2329 1399 aﬁicere.
2381 1330 2447 1384 Et
2491 1332 2597 1386 luet:
2630 1333 2757 1387 dixit
2799 1350 2817 1387 :
2865 1334 3041 1405 Neque
3067 1336 3217 1401 mihi,
3263 1353 3421 1407 neque
3464 1338 3578 1393 huic
3606 1342 3694 1406 sit,

2116 1417 2205 1471 sed
2252 1418 2456 1475 dividite
2512 1422 2677 1476 illum.
2742 1423 2812 1477 Et
2864 1426 3118 1495 respondit
3167 1425 3315 1491 Rex,
3376 1438 3422 1480 et
3475 1429 3600 1483 dixit
3650 1432 3697 1484 ei

2118 1509 2317 1564 mulieri
2344 1528 2456 1580 qua:
2483 1514 2610 1567 dixit
2634 1554 2648 1577 ,
2693 1514 2821 1569 Date
2847 1533 2960 1569 eum
2989 1517 3066 1570 illi
3093 1557 3108 1582 ,
3139 1526 3185 1570 ct
3214 1527 3371 1571 morte
3398 1519 3550 1573 nolite
3575 1537 3693 1574 eum

2116 1600 2345 1668 afﬁcere;
2378 1601 2511 1669 Quia
2535 1603 2642 1658 [uec
2667 1613 2738 1659 est
2765 1615 2924 1659 mater
2942 1623 3053 1676 ejus
3096 1607 3183 1679 (Ill
3208 1608 3332 1679 Reg.
3366 1625 3440 1676 ιιι,
3468 1610 3549 1673 16,
3571 1610 3692 1680 27).

2118 1688 2405 1745 Prudentia
2437 1693 2649 1762 quidem
2677 1695 2836 1766 Regis
2865 1695 3046 1752 divino
3077 1713 3297 1754 munere
3341 1715 3594 1756 concessa
3638 1701 3693 1755 in

2118 1776 2220 1834 hoc
2258 1779 2459 1850 judicio
2484 1783 2737 1839 mirabilis
2763 1786 2978 1840 eminet.
3023 1786 3140 1841 Non
3169 1789 3309 1842 enim
3340 1788 3553 1853 decuit,
3600 1799 3696 1844 aut

2117 1874 2363 1943 oportuit,
2378 1873 2534 1929 aliam
2556 1875 2796 1945 judicare
2825 1890 2944 1934 esse
2971 1887 3193 1934 matrem
3226 1880 3408 1950 pueri,
3442 1881 3540 1935 nisi
3570 1896 3691 1936 eam

2116 1979 2234 2033 qua:
2285 1964 2434 2019 illum
2488 1966 2680 2021 iterum
2734 1968 2964 2037 quodam
3018 1969 3179 2024 modo
3230 1971 3515 2040 concepit,
3568 1985 3693 2025 cum

2116 2056 2366 2125 cognorit
2395 2057 2664 2124 ablatum;
2703 2068 2757 2113 et
2785 2060 2975 2113 iterum
3007 2060 3314 2129 parturivit,
3345 2059 3471 2114 dmn
3501 2076 3529 2114 a
3562 2060 3692 2116 falsa

2117 2157 2286 2202 matre
2311 2148 2585 2215 defendit;
2636 2160 2690 2205 et
2739 2151 2927 2205 iterum
2978 2152 3215 2220 peperit,
3260 2150 3388 2205 dum
3437 2166 3540 2205 non
3570 2167 3697 2221 pcr-

2116 2238 2261 2293 misit
2288 2239 2479 2295 occidi.
2512 2241 2884 2295 Verumtamen
2912 2241 3048 2295 sicut
3078 2243 3251 2296 solent
3278 2242 3441 2296 divini
3479 2250 3695 2298 veteres

2118 2327 2330 2394 Libri",
2366 2344 2469 2383 non
2499 2331 2666 2383 solum
2709 2332 2782 2383 rei
2811 2341 2973 2399 gestia
3005 2330 3160 2384 ﬁdem
3185 2372 3201 2397 ,
3243 2330 3335 2385 sed
3368 2332 3523 2385 etiam
3553 2331 3695 2384 lutu-

2117 2434 2190 2472 ra:
2234 2419 2506 2474 insinuare
2532 2420 2875 2490 mysterium;
2908 2418 3286 2474 consideranda
3317 2430 3397 2475 est
3428 2420 3523 2474 ista
3547 2419 3695 2476 Scri-

2116 2518 2269 2578 ptura
2294 2551 2307 2575 ,
2339 2521 2518 2563 utrum
2548 2510 2700 2565 nobis
2727 2510 2777 2562 in
2810 2508 3013 2563 duabus
3055 2510 3168 2563 istis
3196 2510 3504 2564 mulieribus
3529 2510 3694 2580 signi-

2114 2598 2325 2654 ﬁcatum
2359 2601 2553 2671 aliquid
2587 2600 2971 2672 ﬁguratumque
3004 2601 3353 2656 demonstret.

2182 2691 2236 2745 2.
2299 2690 2533 2747 Mulieres
2560 2692 2675 2746 dua:
2697 2709 2865 2746 coram
2891 2692 3165 2747 Salomone
3189 2694 3437 2762 litigantes
3470 2694 3531 2746 de
3553 2693 3687 2761 ﬁlio,

2115 2783 2388 2855 Sguagogu
2421 2794 2465 2838 et
2508 2784 2750 2839 Ecclesia.
2796 2784 3238 2840 Sacramentorum
3270 2787 3396 2851 vita,
3433 2784 3683 2841 Christus.

2114 2874 2181 2929 Et
2212 2874 2328 2929 dua:
2351 2874 2561 2945 quidem
2586 2874 2795 2931 feminae
2815 2875 3090 2946 Synagoga
3111 2885 3164 2931 et
3189 2876 3420 2931 Ecclesia
3446 2877 3496 2931 in
3520 2876 3689 2946 prima

2114 2966 2248 3023 facie
2275 2967 2713 3023 considerationis
2755 2979 3037 3023 ecetu'runt
3073 2968 3388 3041 :Syuagdga
3433 2970 3572 3025 enim
3618 2970 3686 3023 Ii-

2114 3058 2242 3112 linm
2286 3074 2439 3113 suum
2484 3057 2752 3112 Christum
2800 3074 2863 3113 ex
2902 3058 3101 3114 «ιιιάωὶε
3142 3059 3433 3115 secundum
3471 3074 3687 3114 carnem

2115 3160 2296 3204 natum
2326 3150 2587 3206 occidisse
2631 3150 2964 3205 convincitur
2998 3151 3267 3206 demicus
3288 3193 3304 3218 ,
3349 3152 3398 3205 id
3437 3160 3517 3206 est
3548 3168 3689 3221 pre-

2113 3241 2279 3295 sentis
2306 3243 2426 3295 vita:
2456 3240 2726 3310 sequendo
2753 3241 2945 3307 lucem,
2981 3241 3560 3311 manilcstationemque
3590 3257 3685 3297 \e-

2111 3333 2282 3387 ritatis
2332 3332 2385 3386 in
2442 3333 2617 3387 verbis
2680 3332 2884 3386 Domini
2934 3347 3039 3385 non
3096 3332 3393 3403 intelligens
3436 3351 3449 3387 :
3500 3350 3686 3390 vernn:

2111 3424 2271 3478 etiam
2300 3423 2553 3492 scriptum
2580 3432 2690 3487 est,
2720 3421 2885 3492 Surge
2903 3462 2917 3485 ,
2953 3423 3039 3492 qui
3078 3423 3265 3478 dormis
3288 3465 3302 3488 ,
3335 3434 3379 3476 et
3407 3441 3618 3494 exsurge
3653 3448 3687 3480 a

2112 3513 2344 3579 mortuis,
2375 3522 2422 3565 et
2452 3512 2751 3565 illuminabit
2776 3521 2821 3565 te
2841 3512 3065 3567 Christus
3094 3512 3296 3585 (Ephes
3324 3530 3378 3579 v,
3402 3512 3507 3585 14).
3535 3511 3686 3582 ρηιηι

2083 3619 2238 3657 -νυινο
2264 3613 2319 3659 et
2341 3603 2461 3657 duze
2485 3611 2539 3657 et
2566 3603 2692 3656 εοιίυ
2729 3603 2778 3655 ἰιι
2806 3618 2907 3656 una
2952 3603 3109 3657 domo
3154 3603 3513 3658 inhabitabant
3534 3643 3551 3670 ,
3579 3617 3688 3660 non

2110 3692 2338 3748 absurde
2364 3692 2488 3747 illud
2517 3692 2776 3762 signiﬁcat
2795 3732 2811 3757 ,
2837 3692 2978 3762 quod
3006 3703 3198 3763 praeter
3224 3693 3688 3751 circumcisionem

2111 3794 2163 3839 et
2195 3784 2527 3853 prmputium,
2556 3783 2757 3837 nullout
2787 3784 2837 3836 in
2871 3783 2971 3838 hoc
2998 3784 3193 3838 mundo
3223 3784 3494 3854 religionis
3520 3804 3635 3856 gen:
3659 3804 3689 3844 s

2111 3875 2378 3929 inventum
2419 3883 2499 3928 est
2531 3891 2544 3928 :
2578 3881 2633 3927 ut
2677 3873 2728 3926 in
2777 3888 3005 3942 persona
3044 3875 3200 3928 unius
3244 3876 3477 3930 mulieris
3523 3893 3689 3928 tnutn.

2109 3983 2277 4037 genus
2306 3966 2736 4022 circumcisorum
2768 3965 3036 4020 hominum
3071 3966 3364 4022 constituas
3404 3967 3502 4022 sub
3531 3968 3685 4022 unius

2109 4056 2202 4110 Dei
2239 4065 2292 4109 et
2316 4056 2457 4111 cultu
2486 4064 2539 4109 et
2566 4055 2682 4125 lege
2717 4054 3198 4125 comprehensum;
3232 4055 3283 4109 in
3312 4055 3528 4109 alterius
3558 4072 3690 4111 vero

2108 4143 2345 4198 mulieris
2388 4158 2610 4212 persona
2650 4144 2948 4198 universam
2991 4144 3364 4213 prmputiorum
3404 4144 3682 4199 Gentilita-

2110 4242 2213 4288 tem
2261 4233 2523 4286 idolorum
2565 4233 2726 4287 cultui
2768 4231 2999 4287 deditam
3051 4232 3331 4303 intelligas.
3378 4233 3685 4290 Merctrices

2108 4337 2285 4380 autem
2330 4325 2501 4379 nmine
2543 4324 2756 4378 fuerunt
2786 4341 2798 4376 :
2827 4324 2955 4377 dicit
2988 4325 3129 4377 enim
3157 4324 3441 4393 Apostolus
3469 4324 3687 4381 Judmos

2107 4423 2161 4468 et
2188 4416 2403 4470 Graecos
2441 4428 2627 4467 onmes
2667 4414 2765 4466 sub
2792 4422 3007 4483 peccato
3035 4427 3152 4467 esse
3201 4412 3380 4484 (Rom.
3423 4429 3478 4467 nt
3502 4456 3517 4479 ,
3548 4413 3685 4484 25).

2106 4503 2290 4560 Omnis
2318 4504 2459 4558 enim
2499 4504 2672 4557 anima
2701 4519 2816 4572 qua:
2846 4502 3055 4557 deserta
3090 4505 3380 4558 mternitate
3408 4506 3645 4559 veritatis
3668 4553 3686 4574 ,

2108 4594 2335 4649 terrenis
2364 4593 2610 4648 sordibus
2634 4593 2948 4659 delectatur,
2976 4593 3266 4647 fornicatur
3286 4609 3314 4646 a
3342 4594 3585 4649 Domino.
3619 4597 3683 4651 Et

2106 4685 2172 4739 de
2191 4684 2376 4754 gentili
2397 4683 2610 4754 quidem
2638 4683 2987 4738 fornicatione
3008 4685 3228 4738 veniens
3248 4684 3483 4739 Ecclesia
3511 4691 3683 4741 mani-

2105 4779 2299 4833 festum
2338 4785 2418 4831 est
2451 4775 2590 4846 quod
2633 4791 2737 4829 non
2787 4775 3041 4829 occiderit
3074 4775 3345 4829 Christum
3374 4795 3388 4831 :
3420 4777 3513 4830 sed
3551 4792 3687 4846 quc-

2105 4869 2263 4923 tuodo
2301 4877 2473 4922 mater
2509 4866 2705 4923 Christi
2737 4868 2896 4922 etiam
2933 4869 3046 4937 ipsa
3083 4869 3185 4935 sit,
3215 4869 3546 4939 cogitandum
3579 4880 3684 4923 est.

2104 4960 2334 5017 Attende
2374 4959 2714 5027 Evangelium
2741 5000 2756 5025 ,
2798 4968 2852 5013 et
2888 4958 3008 5013 audi
3054 4958 3331 5013 Dominum
3371 4959 3637 5013 dicentem
3668 5012 3685 5035 ,

2109 5053 2206 5117 Qui
2244 5052 2409 5120 fecerit
2436 5049 2741 5103 voluntatem
2782 5047 2955 5103 Patris
2984 5050 3080 5102 mei
3101 5090 3115 5115 ,
3146 5051 3226 5103 hic
3255 5060 3415 5103 mater
3452 5062 3689 5115 mea,.et

2105 5142 2282 5211 frater,
2315 5150 2361 5193 et
2380 5156 2523 5194 soror
2548 5149 2619 5193 est
2654 5138 2862 5207 (Matth.
2893 5156 2986 5205 xtl,
3016 5140 3129 5210 50).
3160 5140 3259 5196 Ubi
3283 5156 3409 5211 ergo
3434 5139 3685 5196 dormivit

2107 5230 2241 5296 lure,
2285 5246 2388 5283 non
2418 5238 2475 5282 ut
2498 5243 2686 5282 somno
2715 5229 3052 5299 praefocaret,
3082 5229 3175 5283 sed
3216 5237 3389 5284 tamen
3420 5239 3474 5283 ut
3505 5240 3687 5298 posset

2105 5320 2155 5374 ei
2185 5329 2423 5374 mortuus
2453 5320 2709 5389 supponi,
2756 5329 2810 5374 et
2846 5321 2995 5375 vivus
3027 5321 3265 5376 auferri?
3294 5324 3373 5376 An
3402 5321 3539 5376 torte
3582 5321 3714 5378 hoc-

2104 5422 2217 5477 est,
2251 5411 2388 5479 quod
2420 5412 2589 5480 ipsum
2616 5423 3009 5469 sacramentum
3054 5415 3506 5481 circumcisionis,
3537 5426 3683 5486 quod

2105 5502 2243 5572 apud
2277 5501 2487 5556 Judwos
2508 5501 2617 5572 jam
2662 5512 2925 5559 mortuum
2965 5515 3321 5571 remanserat,
3358 5508 3480 5577 quia
3513 5517 3683 5565 totum

2106 5593 2170 5648 de
2195 5593 2283 5647 illo
2309 5594 2596 5649 carnaliter
2628 5595 2925 5650 sentiebant
2954 5614 2966 5649 :
3002 5597 3098 5650 hoe.
3124 5613 3251 5670 ergo
3289 5607 3681 5654 sacramentum

2175 5708 2188 5738 ί
2219 5707 2478 5757 Victorinus
2503 5714 2603 5769 lis,
2632 5706 2726 5759 diei
2749 5714 2923 5759 veteres
2949 5704 3019 5755 Li!
3034 5701 3094 5755 ti.
