4024 6202
319 337 389 392 93
1791 331 1883 388 εει

1986 330 2013 388 )
2070 332 2136 388 Χ.
3519 345 3588 402 9'.

319 446 775 516 circumcisionis,
804 445 946 520 quod
982 445 1120 518 apud
1158 445 1368 502 Iudaeos
1397 461 1500 501 non
1529 443 1732 500 vivebat
1759 484 1772 507 ,
1812 445 1901 513 qui

317 540 620 595 occiderant
666 538 966 604 Christum,
1015 539 1102 609 qui
1153 537 1388 592 omnium
1441 544 1899 591 sacramentorum

318 632 417 685 vita
442 639 559 696 est;
603 631 859 700 quooiam
902 630 956 684 in
996 629 1083 685 illo
1110 630 1338 683 vitaliter
1380 628 1724 697 intelligitur,
1758 624 1899 696 quod

317 725 455 794 apud
477 723 691 779 Judazos
717 722 1000 777 visibiliter
1023 721 1319 777 celebratur
1350 738 1364 773 :
1397 720 1498 774 hoc
1523 721 1696 790 itaque
1722 733 1899 773 sacra-

326 826 548 870 mentum
574 814 1003 869 circumcisionis
1031 822 1278 883 tanquam
1302 812 1545 866 exanime
1564 826 1758 881 corpus
1783 810 1898 880 qui-

323 908 435 962 dam
462 905 631 962 Judzri
659 907 910 961 volebant
934 906 1256 977 persuadere
1279 904 1597 969 Gentilibus,
1630 904 1717 973 qui
1743 902 1898 957 Chri-

318 1006 396 1052 sto
436 997 809 1062 crediderant,
852 997 990 1051 sicut
1017 996 1069 1050 in
1104 996 1321 1050 Actibus
1359 995 1732 1063 Apostolorum
1766 992 1894 1046 scri-

318 1102 457 1158 ptum
480 1100 562 1144 est
584 1131 599 1153 ,
644 1089 887 1144 dicentes
917 1102 1021 1141 non
1057 1100 1212 1156 posse
1250 1101 1342 1139 eos
1381 1100 1500 1140 esse
1542 1084 1719 1139 salvos
1741 1123 1756 1148 ,
1792 1081 1892 1135 nisi

316 1182 500 1234 tierent
536 1180 839 1235 circumcisi
871 1179 1005 1250 (Act.
1034 1194 1121 1243 xv,
1170 1174 1268 1251 l)?
1300 1175 1690 1232 Persuadcbant
1715 1182 1890 1228 autem

314 1271 411 1326 hoc
435 1271 804 1341 ignorantibus
828 1270 1025 1340 Legem
1047 1311 1061 1334 ,
1093 1278 1339 1338 tanquam
1373 1269 1425 1322 in
1458 1266 1690 1323 tenebris
1721 1266 1891 1320 noctis

312 1362 479 1416 tilium
516 1372 783 1417 mortuum
813 1367 1193 1431 supponentes.
1231 1359 1339 1415 Nec
1371 1368 1547 1414 tamen
1594 1358 1759 1427 potuit
1788 1357 1888 1411 ali-

310 1453 439 1522 quid
464 1456 639 1508 valere
663 1454 746 1507 illa
774 1453 1067 1521 persuasio,
1097 1452 1197 1507 nisi
1222 1466 1341 1507 cum
1365 1451 1614 1506 Ecclesizu
1639 1448 1888 1505 Gentium

309 1559 376 1597 ex
415 1544 594 1609 aliqua
634 1553 780 1613 parte
806 1543 1043 1598 stultitiae
1081 1557 1301 1597 Somnus
1327 1542 1584 1609 obrepsit.
1614 1541 1780 1607 Quam
1812 1539 1888 1593 vi-

307 1632 466 1688 detur
491 1635 644 1703 quasi
670 1633 1018 1688 dormientem
1044 1633 1330 1708 Apostolus
1350 1633 1600 1699 excitare,
1628 1631 1883 1697 clamans,

311 1723 358 1776 Ο
389 1724 534 1776 stulti
575 1723 797 1787 Galatia,
837 1724 950 1788 quis
989 1740 1075 1778 ros
1124 1724 1435 1795 fascinavit.’
1461 1730 1516 1778 et
1553 1723 1709 1791 paulo
1739 1728 1881 1791 post,

307 1813 404 1869 Sic
429 1815 576 1869 stulti
599 1818 715 1871 estis
735 1860 749 1880 ,
776 1817 947 1887 inquit
967 1858 981 1879 ,
1009 1827 1063 1870 ut
1086 1832 1201 1870 cum
1225 1816 1404 1885 spiritu
1431 1816 1676 1885 casperitis
1694 1855 1708 1877 ,
1751 1829 1885 1868 nunc

305 1924 457 1961 carne
478 1910 895 1962 consummemini
923 1908 1119 1981 (Galat.
1148 1924 1226 1974 Ill,
1252 1909 1303 1973 i,
1327 1908 1402 1977 ’5).
1434 1908 1704 1976 Tanquam
1730 1908 1775 1963 si
1804 1907 1884 1961 di-

302 2006 491 2050 erret:
524 1997 616 2051 Sic
644 1998 789 2051 stulti
816 1998 947 2052 estis
970 2040 983 2056 .
1016 2007 1072 2051 ut
1101 2012 1221 2052 cum
1259 1998 1405 2067 prius
1447 1996 1733 2052 habueritis
1772 1997 1881 2066 spi-

305 2087 492 2141 rimale
520 2101 658 2156 Opus
684 2088 859 2141 vivunt
883 2129 898 2153 ,
932 2088 1033 2142 hoc
1067 2089 1264 2143 amisso
1294 2095 1473 2157 postea
1503 2096 1768 2142 mortuum
1795 2101 1885 2142 ac-

303 2177 509 2244 cipiatis
548 2177 804 2231 alienum.
848 2179 963 2245 Ipse
997 2179 1192 2248 quippe
1233 2178 1517 2247 Apostolus
1555 2178 1676 2231 alibi
1718 2177 1880 2246 dicit,

304 2266 529 2337 Spiritus
554 2270 657 2321 vita
680 2278 751 2323 est
782 2280 984 2339 propter
1003 2270 1288 2341 justitiam;
1321 2279 1375 2323 et
1399 2269 1544 2334 alibi,
1576 2268 1769 2339 Sapere
1791 2286 1884 2321 au-

305 2369 397 2409 tem
420 2357 699 2411 secundant
724 2375 945 2424 curaeat,
974 2376 1109 2414 mors
1136 2371 1208 2413 est
1234 2358 1405 2431 (Rata.
1431 2376 1543 2424 vttt,
1570 2359 1655 2427 10,
1686 2361 1764 2429 6).
1791 2359 1882 2414 His

301 2457 477 2501 autem
505 2459 670 2518 atque
708 2449 1011 2517 huiusmodi
1040 2451 1259 2505 vocibus
1305 2451 1391 2505 illa
1436 2459 1605 2506 mater
1630 2452 1878 2522 evigilat;

304 2548 353 2591 ct
381 2541 439 2592 lit
467 2540 516 2592 ei
546 2544 723 2604 mane,
756 2557 877 2592 cum
904 2542 1068 2594 verbo
1098 2542 1210 2605 Dei,
1245 2539 1346 2594 hoc
1364 2551 1466 2608 est,
1496 2556 1615 2595 cum
1646 2542 1878 2607 Christo,

303 2630 384 2697 qui
410 2630 717 2695 oriebatur,
756 2629 857 2685 hoc
884 2640 966 2685 est
989 2673 1003 2695 ,
1039 2632 1352 2701 loquebatur
1385 2632 1435 2686 in
1484 2632 1685 2697 Paulo,
1726 2632 1882 2701 Legis

305 2720 633 2775 illuiniuatur
660 2722 977 2777 obscuritas.
1018 2723 1164 2777 lianc
1201 2725 1341 2778 enim
1378 2724 1720 2787 illuminavit,
1760 2738 1879 2778 cum

302 2816 391 2878 ait,
413 2814 579 2867 Dicin:
622 2815 748 2867 mihi
774 2815 867 2869 sub
898 2814 1027 2885 Lege
1054 2816 1271 2870 volentes
1299 2833 1422 2881 esse,
1452 2815 1634 2887 Legem
1664 2834 1764 2870 non
1791 2833 1884 2870 au-

302 2907 442 2959 distis
458 2907 485 2959 ἵ
506 2906 770 2976 Scriptum
798 2916 871 2960 est
897 2907 1029 2959 enint
1057 2907 1176 2976 quia
1204 2907 1456 2959 Abraham
1482 2907 1610 2960 duos
1636 2908 1768 2975 [ilics
1791 2907 1881 2959 ha-

301 2997 441 3059 buit;
478 3013 642 3050 unum
671 2998 735 3049 de
770 2997 988 3060 ancilla,
1030 3007 1078 3051 et
1105 3013 1263 3065 unum
1287 3001 1351 3050 de
1377 2997 1532 3051 libera
1563 3013 1581 3050 :
1609 2998 1696 3050 sed
1727 2998 1770 3051 is
1796 2997 1883 3068 qui

301 3089 363 3142 de
386 3088 580 3141 ancilla
599 3129 615 3153 ,
660 3088 939 3141 secundant
963 3104 1162 3141 carnem
1200 3097 1348 3141 natus
1372 3098 1476 3150 est;
1505 3089 1592 3157 qui
1626 3099 1794 3141 autem
1822 3088 1885 3142 de

302 3182 478 3243 libera,
506 3195 597 3248 per
618 3178 1055 3245 repromissionem
1076 3195 1093 3241 ;
1123 3194 1237 3247 quae
1257 3189 1372 3231 sunt
1393 3179 1444 3231 in
1470 3179 1732 3248 allegoria.
1761 3178 1884 3233 Ηωσ

300 3272 436 3322 enim
458 3280 574 3322 sunt
592 3272 697 3322 duo
722 3268 1073 3331 Testamenta;
1096 3286 1251 3322 unum
1272 3269 1471 3338 quidem
1491 3286 1521 3321 a
1542 3279 1707 3323 monte
1732 3269 1880 3335 Sina,

301 3364 353 3413 in
379 3362 664 3414 seruitutem
691 3377 957 3432 generans,
986 3362 1121 3430 quod
1144 3371 1215 3414 est
1244 3363 1396 3431 Agar.
1431 3361 1560 3416 Sina
1584 3363 1716 3415 enim
1741 3378 1884 3415 mons

298 3465 371 3507 est
389 3456 443 3507 ia
467 3454 675 3517 Arabia,
705 3469 820 3523 qua:
843 3455 1109 3524 conjuncta
1135 3464 1206 3506 est
1237 3454 1371 3518 huic,
1399 3470 1512 3522 qua:
1540 3471 1671 3506 nunc
1694 3463 1764 3508 est
1788 3452 1882 3507 Je-

300 3544 520 3598 rusalem
547 3560 567 3597 :
592 3545 743 3596 servit
766 3543 898 3596 enim
934 3559 1046 3596 cum
1089 3545 1210 3612 ﬁliis
1249 3544 1373 3597 suis.
1410 3542 1538 3609 Qua:
1569 3553 1736 3597 autem
1765 3560 1882 3597 sur-

299 3654 408 3689 sum
437 3645 511 3689 est
537 3633 825 3689 Jerusalem
847 3675 860 3697 ,
898 3634 1051 3688 libera
1083 3643 1154 3686 est
1187 3632 1381 3705 ((ialat.
1409 3650 1480 3700 tv,
1518 3632 1733 3702 ενι-ἥδ).
1765 3633 1880 3688 Νοη

301 3741 426 3797 ergo
450 3726 682 3791 mirum,
723 3725 766 3779 si
796 3734 1011 3794 propter
1038 3734 1241 3778 mortua
1277 3739 1437 3792 opera
1459 3764 1473 3789 ,
1496 3723 1580 3777 ‘ad
1618 3738 1736 3778 eam
1765 3739 1883 3793 qua:

301 3819 556 3873 deor-um
591 3827 673 3871 est
694 3858 711 3883 ,
752 3825 1026 3879 mortuus;
1055 3825 1109 3869 et
1139 3825 1352 3885 pr0pter
1380 3813 1702 3882 spiritualia,
1733 3815 1882 3869 vivus

305 3911 527 3977 pertinet
563 3908 631 3963 ad
667 3923 785 3964 eam
811 3922 930 3977 qua:
958 3921 1168 3962 sursum
1206 3916 1287 3961 est
1313 3906 1628 3961 JeruSaIcm.
1669 3905 1799 3974 Quia
1828 3917 1883 3963 et

303 4000 454 4054 interi
482 3998 736 4054 deorsum
777 4004 938 4060 sunt,
981 4011 1085 4066 quo
1121 3997 1386 4065 pertinent
1425 3995 1663 4050 mortui:
1704 3997 1880 4066 superi

300 4098 479 4143 autem
513 4102 751 4151 sursum,
771 4101 877 4157 quo
905 4087 1164 4156 pertinent
1187 4084 1312 4139 vivi.
1345 4086 1452 4140 llac
1478 4085 1877 4153 illuminatioue,

301 4192 553 4252 tauquam
582 4196 743 4235 mane
771 4178 930 4245 facto,
956 4178 1198 4248 intelligit
1224 4177 1457 4232 Ecclesia
1486 4178 1704 4246 gratiam
1727 4178 1884 4246 Spiri-

303 4274 529 4335 tualem;
564 4273 830 4341 repellens
858 4287 886 4324 ιι
917 4286 981 4331 se
1015 4271 1228 4325 carnale
1254 4286 1387 4339 opus
1416 4270 1599 4341 chis,
1633 4279 1879 4340 tauquam

307 4375 574 4417 tuortuum
620 4363 886 4424 alienum;
924 4369 979 4415 et
1017 4361 1116 4415 sibi
1161 4360 1432 4415 vindicans
1474 4362 1643 4415 vivam
1683 4362 1877 4427 (idem,

307 4456 555 4524 quoniam
581 4456 761 4523 justus
800 4468 862 4506 ex
908 4452 1007 4507 fide
1035 4453 1160 4507 vivit
1188 4453 1363 4522 (Rom.
1395 4469 1444 4518 t,
1478 4454 1566 4523 l7)
1594 4470 1608 4507 :
1639 4468 1795 4523 quam
1827 4453 1878 4508 in

308 4545 476 4600 Patris
515 4556 571 4600 et
614 4545 730 4600 Filii
767 4552 823 4598 et
861 4544 1088 4612 Spiritus
1133 4544 1298 4597 sancti
1338 4544 1550 4597 nomine
1596 4553 1880 4599 consecuta

299 4648 406 4703 est;
437 4646 497 4690 et
538 4634 660 4688 ideo
685 4644 932 4702 tanquam
974 4634 1272 4688 triduanum
1316 4633 1480 4687 ﬁlium
1507 4645 1649 4688 certa
1679 4649 1878 4703 cogno-

297 4731 417 4790 scit,
445 4743 547 4781 nec
570 4741 695 4781 eum
725 4725 825 4779 sibi
853 4726 984 4794 eripi
1014 4726 1226 4794 patitur.

365 4821 421 4873 3.
486 4817 662 4871 Judtei
721 4817 937 4887 gratiam
984 4815 1311 4869 christianum
1367 4813 1461 4868 sibi
1499 4814 1714 4868 debitam
1749 4816 1879 4883 falso

294 4909 561 4983 itu-timus.
604 4907 754 4960 Nunc
787 4906 978 4961 clamet
1012 4905 1099 4959 illa
1143 4918 1295 4959 suum
1338 4920 1459 4960 esse
1496 4904 1836 4976 Evangelium
1860 4947 1875 4970 ,

297 5008 548 5068 unquam
569 4998 669 5052 sibi
694 4996 954 5059 debitum,
983 5005 1037 5051 et
1064 5011 1159 5066 per
1185 5010 1244 5050 se
1269 5005 1595 5065 generatum.
1627 4995 1756 5049 Nam
1777 4995 1880 5052 hoc

296 5090 547 5146 dicebant
571 5090 835 5145 Gentibus
862 5091 912 5142 in
946 5090 1055 5160 ipsa
1084 5089 1445 5155 contentione,
1474 5089 1563 5158 qui
1590 5105 1652 5142 ex
1682 5088 1879 5144 Judteis

293 5183 584 5236 carnaliter
610 5180 905 5235 sentientes
937 5178 1270 5233 Christianos
1302 5193 1363 5234 se
1392 5178 1571 5234 dicere
1595 5178 1875 5234 audebant.

295 5274 573 5343 Tanquam
601 5273 841 5328 debitum
869 5271 1008 5327 enim
1033 5270 1251 5341 justitire
1276 5285 1386 5326 sua:
1405 5270 1652 5326 dicebant
1670 5271 1880 5327 venisse

296 5364 665 5433 Evangeliunt.
695 5362 803 5417 Sed
832 5377 936 5415 non
965 5370 1081 5415 erat
1107 5376 1291 5415 eorum
1316 5403 1332 5428 ,
1363 5361 1504 5431 quod
1535 5363 1879 5431 spiritualiter

294 5468 407 5507 non
450 5463 707 5512 noverant
745 5453 786 5504 ³.
833 5451 983 5519 Quod
1026 5467 1153 5521 ergo
1192 5447 1475 5506 Christiani
1513 5452 1837 5506 vocabantur
1861 5493 1876 5519 ,

291 5545 474 5599 alieno
504 5544 719 5599 nomine
748 5542 1058 5614 gloriantes,
1092 5550 1341 5613 tanquam
1371 5543 1459 5597 illa
1484 5542 1551 5598 de
1578 5543 1685 5597 lilio
1720 5559 1877 5613 quem

356 5720 373 5749 ⁸
404 5724 500 5768 Duo
520 5725 647 5773 uss.
672 5716 760 5781 qui
772 5714 1084 5783 spiritualiter
1106 5723 1263 5770 tenere
1285 5730 1375 5768 non
1390 5722 1630 5768 nouerant.

2008 458 2110 498 non
2157 445 2267 514 ipsa
2322 454 2632 516 pepererat,
2677 447 2833 503 etiam
2874 449 3196 505 contendere
3240 451 3580 517 audebant“;

2003 551 2124 591 cum
2155 536 2251 605 ipsi
2291 552 2354 592 ex
2388 539 2636 608 operibus
2664 540 2820 611 Legis
2859 542 3076 597 excluso
3117 544 3385 598 intellectu
3428 547 3585 614 spiri-'

2003 627 2130 681 tuali
2167 620 2413 698 tanquam
2444 628 2511 683 de
2550 643 2772 698 corpore
2801 632 2979 699 operis
3007 632 3086 686 sui
3133 634 3361 688 animam
3399 634 3574 704 eiece-

2002 726 2137 779 rant,
2170 726 2223 771 et
2251 719 2647 788 exstinguentes
2677 721 2965 789 prophetiae
2993 723 3236 791 Spiritum
3265 724 3443 778 vivum
3466 766 3480 788 ,
3511 724 3582 780 ad

1998 807 2228 859 carnalia
2255 821 2416 876 opera
2443 808 2559 862 sine
2587 808 2691 863 vita
2714 850 2729 871 .
2763 809 2864 865 hoc
2891 820 2990 874 est,
3024 812 3139 866 sine
3174 812 3443 868 intellectu
3470 816 3578 881 spi-

1998 896 2173 950 rituali
2221 908 2587 953 remanserant
2612 915 2626 964 ;
2659 916 2776 969 qua:
2805 900 3062 956 Gentibus
3088 903 3246 957 etiam
3276 919 3597 972 supponere

1995 987 2309 1053 cupiebant,
2340 997 2395 1042 et
2430 988 2498 1041 ab
2531 990 2610 1043 eis
2649 998 2895 1059 tanquam
2925 991 3100 1045 vivum
3134 991 3299 1047 lilium
3322 1034 3338 1057 ,
3379 1010 3573 1048 nomen

1994 1074 2200 1131 auferre
2225 1075 2606 1133 Christianum.
2653 1080 2797 1146 Quos
2827 1081 2893 1134 ita
2939 1083 3130 1137 refellit
3166 1085 3450 1153 Apostolus
3471 1129 3485 1148 ,
3515 1098 3576 1140 ιιι

1995 1173 2141 1220 tanto
2158 1167 2329 1221 minus
2343 1168 2407 1221 ad
2425 1183 2519 1223 eos
2533 1170 2794 1237 pertinere
2809 1170 2949 1226 dicat
2962 1172 3184 1241 gratiam
3201 1174 3569 1239 Christianam,

1991 1269 2187 1327 quanto
2211 1260 2375 1329 magis
2399 1275 2516 1314 eam
2545 1262 2643 1315 sibi
2673 1270 2920 1332 tanquam
2951 1264 3181 1318 debitam
3206 1265 3497 1331 vindicant,
3516 1276 3571 1320 et

1989 1350 2139 1419 quasi
2160 1350 2280 1417 jure
2305 1367 2523 1421 operum
2560 1368 2708 1407 suam
2731 1369 2848 1408 esse
2867 1355 3179 1424 gloriantur.
3221 1355 3286 1408 Ei
3315 1357 3445 1410 enint
3483 1358 3571 1424 qui

1989 1449 2243 1507 aperatur,
2281 1441 2478 1511 inquit,
2515 1459 2699 1497 merces
2727 1460 2828 1497 non
2852 1446 3126 1513 imputatur
3152 1446 3423 1499 secundum
3450 1462 3568 1515 gra-

1989 1533 2130 1596 tiam,
2160 1534 2249 1585 sed
2274 1535 2547 1589 secundum
2572 1536 2808 1590 debitum.
2846 1536 2909 1590 Ei
2934 1554 3047 1592 vero
3065 1540 3151 1607 qui
3180 1556 3278 1593 non
3306 1550 3565 1609 operatur,

1986 1621 2205 1675 credenti
2227 1632 2393 1677 autent
2415 1625 2467 1677 in
2493 1641 2605 1678 eum
2634 1626 2720 1695 qui
2738 1628 2868 1697 justi
2874 1628 2991 1695 licet
3016 1629 3223 1698 impium
3249 1669 3263 1696 ,
3291 1630 3569 1698 deputatur

1984 1710 2112 1778 [idea
2126 1713 2193 1764 ad
2202 1714 2451 1782 iustitiam
2471 1714 2641 1782 (Rom.
2665 1732 2733 1778 tv,
2759 1718 2813 1781 4,
2840 1719 2918 1783 5).
2943 1718 3007 1772 Et
3034 1719 3152 1775 ideo
3172 1720 3292 1774 illus
3308 1721 3466 1775 etiam
3492 1720 3563 1775 ab

1985 1813 2169 1854 eorum
2191 1817 2411 1855 numero
2433 1804 2687 1870 excludit,
2716 1806 2803 1874 qui
2830 1822 2897 1860 ex
2920 1806 3116 1861 .Iudteis
3148 1816 3293 1862 recte
3319 1809 3551 1863 credide-

1983 1899 2137 1953 rant,
2189 1900 2241 1944 et
2280 1892 2451 1945 vivam
2499 1894 2930 1964 spiritualemque
2972 1897 3196 1967 gratiant
3241 1898 3558 1954 retinebant.

1984 1977 2125 2046 Quas
2164 1980 2412 2049 reliquias
2457 1982 2584 2036 dicit
2616 1985 2790 2052 populi
2820 1984 3124 2040 Jndworum
3159 1987 3333 2042 salvas
3361 1988 3556 2054 factas,

1983 2085 2104 2125 cum
2142 2073 2422 2128 multitudo
2464 2074 2592 2129 isset
2636 2077 2686 2128 in
2729 2077 3126 2146 perditionem?
3156 2079 3246 2134 Sic
3282 2097 3398 2150 ergo
3433 2083 3561 2135 etin

1983 2161 2079 2215 hoc
2120 2172 2337 2228 tempore
2360 2204 2376 2229 ,
2435 2165 2629 2233 inquit,
2673 2168 2897 2236 reliquia:
2935 2185 3023 2236 per
3063 2170 3347 2223 electionem
3381 2172 3560 2240 gratia:

1982 2252 2136 2306 salva:
2160 2255 2308 2323 facta:
2321 2263 2454 2307 sunt.
2483 2254 2543 2308 Si
2563 2265 2727 2308 autent
2749 2257 2932 2324 gratia,
2951 2259 3061 2326 jam
3083 2275 3182 2311 non
3203 2275 3265 2312 ex
3289 2260 3518 2325 operibus
3540 2276 3561 2312 :

1982 2342 2206 2413 alioquin
2231 2343 2397 2412 gratia
2412 2344 2527 2412 jam
2552 2362 2652 2398 non
2681 2355 2751 2399 est
2779 2348 2940 2416 gratia
2967 2345 3077 2416 (Id.
3100 2364 3177 2412 tu,
3208 2349 3262 2414 5,
3290 2348 3365 2418 ti).
3399 2349 3463 2405 Ut
3487 2351 3558 2404 illi

1982 2432 2332 2487 excludantur
2353 2450 2383 2487 a
2407 2435 2594 2503 gratia,
2624 2436 2711 2503 qui
2740 2446 2983 2504 tanquam
3006 2452 3159 2490 suum
3192 2439 3481 2506 proprium,
3508 2440 3558 2494 id

1983 2530 2094 2585 est,
2122 2523 2373 2589 operibus
2401 2523 2511 2577 suis
2551 2524 2788 2578 debitum
2815 2534 2869 2578 et
2902 2526 3082 2579 datum
3125 2526 3390 2595 Evangelii
3422 2544 3559 2595 prte-

1982 2613 2147 2666 mium
2173 2612 2439 2668 vindicant
2466 2631 2480 2667 :
2512 2615 2661 2683 quasi
2699 2616 2961 2669 clamante
2991 2617 3285 2687 Synagoga,
3313 2617 3461 2672 Meus
3490 2630 3561 2674 est

1981 2702 2173 2758 Filius.
2225 2705 2329 2761 Sed
2381 2705 2772 2771 mentiebatur;
2819 2717 3099 2776 acceperat
3142 2710 3283 2764 enim
3336 2727 3456 2765 eum
3504 2722 3560 2767 et

1984 2796 2098 2865 ipsa
2132 2814 2147 2850 :
2178 2796 2272 2851 sed
2297 2811 2458 2866 super
2481 2812 2601 2851 eum
2632 2797 2902 2852 dormiens
2925 2838 2941 2863 ,
2974 2798 3025 2852 id
3054 2808 3137 2853 est
3155 2840 3170 2863 ,
3215 2801 3442 2869 superbe
3469 2818 3558 2857 sa-

1984 2885 2137 2954 piens
2164 2895 2464 2941 necaverat.
2499 2886 2758 2956 \’igilabat
2780 2897 2955 2941 autem
2980 2888 3091 2956 jam
3137 2890 3233 2943 ista
3274 2901 3475 2954 mater,
3506 2900 3562 2947 ct

1985 2977 2351 3047 iutelligebat,
2385 2995 2488 3033 non
2532 2981 2734 3034 meritis
2770 2981 2915 3043 suis,
2958 2981 3079 3049 quia
3119 2983 3366 3038 meretrix
3408 2996 3555 3047 erat,

1984 3069 2076 3124 sed
2124 3069 2291 3139 gtatia
2345 3069 2440 3123 Dei
2492 3070 2590 3124 sibi
2652 3071 2814 3124 liliuut
2865 3086 2982 3126 esse
3029 3087 3371 3139 concessum,
3425 3090 3561 3145 Opus

1984 3159 2229 3214 videlicet
2266 3160 2583 3229 evangelica:
2622 3160 2774 3223 lidei,
2816 3162 2955 3230 quod
2998 3164 3049 3215 iu
3083 3163 3201 3218 sinu
3234 3164 3409 3219 cordis
3455 3182 3558 3220 ttu-

1986 3251 2113 3306 trire
2137 3252 2399 3320 cupiebat.
2430 3252 2608 3320 Itaque
2631 3252 2716 3307 illa
2739 3252 2958 3323 gloriam
2988 3254 3259 3308 hominum
3292 3257 3562 3326 quiercbat

1985 3342 2038 3396 in
2068 3342 2244 3398 alieno
2288 3343 2398 3399 lilio
2426 3360 2439 3396 :
2469 3339 2582 3398 haec
2620 3343 2866 3399 allectum
2909 3345 3207 3402 dilectionis
3232 3349 3475 3403 servabat
3504 3350 3559 3404 iu

1984 3446 2101 3487 SUO.

2054 3525 2108 3577 4.
2152 3524 2402 3579 Adversus
2442 3525 2752 3595 ltypocrisim
2792 3527 2865 3581 sic
2901 3527 3214 3593 certandum,
3248 3537 3302 3581 ut
3330 3537 3561 3583 caveatur

1986 3614 2262 3683 periculum
2291 3616 2593 3667 schismatis.
2639 3615 2771 3669 Illud
2805 3624 2978 3670 autem
3010 3618 3146 3671 inter
3173 3619 3354 3671 ambas
3383 3620 3561 3687 regale

1978 3701 2231 3771 judicium
2259 3703 2388 3756 nihil
2417 3703 2556 3756 aliud
2586 3719 2684 3757 nos
2705 3704 2969 3768 admonet,
3005 3707 3104 3759 nisi
3135 3716 3188 3760 ut
3220 3723 3312 3776 pro
3340 3710 3560 3764 veritate

1983 3801 2247 3847 certemus
2272 3833 2286 3857 ,
2315 3801 2369 3847 et
2396 3793 2723 3862 expellamus
2748 3794 3063 3864 hypocrisint
3104 3805 3348 3866 tanquam
3375 3798 3560 3853 falsam

1983 3890 2227 3949 matrem,
2251 3897 2280 3936 a
2311 3882 2571 3953 spirituali
2596 3884 2841 3939 Ecclesia:
2860 3885 3001 3938 dono
3028 3896 3272 3956 tauquam
3298 3888 3364 3942 ab
3388 3888 3561 3943 alieno

1985 3972 2105 4028 vivo
2121 3973 2352 4037 filio;nee
2369 3974 2625 4042 patiamur
2636 3989 2751 4029 eam
2769 3975 3028 4029 dominari
3040 3992 3304 4031 concessae
3320 3978 3434 4031 aliis
3448 3994 3562 4049 gra-

1984 4063 2092 4129 tiat,
2110 4079 2228 4133 qua:
2248 4079 2397 4117 suam
2433 4064 2698 4119 custodire
2715 4079 2820 4118 non
2848 4066 3032 4133 potuit.
3056 4065 3161 4120 Sed
3189 4068 3287 4121 hoc
3308 4067 3557 4124 faciamus

1982 4150 2331 4206 defendentes
2359 4163 2517 4221 atque
2550 4160 2816 4207 certantes
2843 4170 2946 4207 nou
2974 4169 3140 4224 usque
3167 4156 3231 4210 ad
3270 4159 3559 4226 periculum

1983 4242 2274 4297 divisionis.
2310 4242 2401 4296 Illa
2431 4243 2572 4297 enint
2600 4244 2862 4298 sententia
2883 4243 3096 4314 judicis,
3121 4262 3239 4301 cum
3265 4248 3422 4316 jussit
3441 4264 3561 4317 par-

1984 4334 2169 4388 vulum
2199 4332 2383 4398 dividi,
2417 4349 2520 4386 non
2551 4342 2635 4387 est
2663 4334 2879 4388 unitatis
2910 4336 3170 4404 praecisio,
3196 4337 3288 4391 sed
3319 4338 3560 4406 probatio

1982 4423 2275 4479 charitatis.
2306 4424 2609 4479 Salomonis
2634 4425 2774 4479 enim
2799 4441 3010 4491 nomen,
3034 4427 3170 4481 sicut
3199 4427 3369 4482 Latini
3397 4431 3560 4485 inter-

1985 4523 2276 4586 pretantur,
2302 4514 2581 4569 Pacilicum
2605 4526 2705 4570 est.
2736 4515 2845 4570 Rex
2871 4531 2996 4571 vero
3022 4519 3271 4586 pacificus
3300 4536 3404 4574 non
3431 4522 3562 4575 (lita..-

1982 4619 2127 4663 ccrat
2166 4610 2399 4664 membra
2420 4651 2434 4673 ,
2476 4626 2594 4680 quae
2625 4610 2827 4665 unitate
2851 4620 3008 4680 atque
3034 4614 3315 4667 concordia
3349 4616 3558 4670 vitalem

1985 4701 2228 4768 spiritum
2274 4701 2549 4754 continent
2591 4701 2746 4773 :_sed
2798 4700 3046 4755 minando
3093 4701 3291 4755 invenit
3335 4711 3555 4759 matrem
3634 4732 3637 4733 ν

1981 4801 2248 4853 veram,ct
2266 4789 2551 4859 judieando
2579 4799 2787 4858 separat
2808 4790 3014 4844 falsam.
3046 4792 3101 4844 Si
3129 4808 3255 4861 ergo
3279 4793 3343 4847 ad
3372 4795 3558 4863 hujus-

1983 4880 2124 4933 modi
2175 4881 2517 4934 teutationcm
2556 4890 2771 4935 ventum
2799 4880 2988 4943 fuerit,
3019 4898 3086 4936 ne
3115 4884 3287 4936 unitas
3315 4883 3558 4938 christia-

1983 4988 2065 5025 ute
2092 4972 2275 5041 gratia:
2300 4972 2571 5026 dividatur
2592 5013 2608 5038 ,
2650 4972 2909 5029 docemur
2940 4975 3148 5041 dicere,
3180 4975 3307 5027 Date
3332 4977 3408 5029 illi
3433 4994 3557 5046 pue-

1982 5078 2113 5125 rum,
2145 5069 2336 5113 tantum
2361 5062 2504 5115 vivat.
2533 5061 2647 5135 Non
2676 5065 2816 5116 enim
2844 5063 3100 5117 honorem
3133 5066 3334 5127 matris,
3360 5068 3449 5124 sed
3475 5085 3554 5120 sa-

1983 5151 2265 5206 Iutcm.tilii
2292 5192 2308 5216 ,
2340 5166 2458 5220 qua:
2498 5161 2668 5206 mater
2710 5168 2833 5206 vera
2862 5162 2944 5207 est
2985 5154 3193 5222 quierit.
3236 5153 3559 5226 Ubicumque

1982 5241 2072 5295 illc
2097 5240 2271 5305 fuerit,
2301 5242 2419 5311 plus
2438 5258 2557 5296 cum
2581 5242 2871 5311 possidebit
2889 5243 3095 5298 sincera
3117 5232 3331 5300 dilectio
3350 5248 3555 5316 matris,

1982 5349 2140 5405 quam
2166 5332 2314 5387 falsa:
2340 5333 2632 5404 usurpatio.

2052 5425 2108 5480 5.
2153 5426 2324 5479 Altera
2363 5426 2579 5479 duarum
2618 5427 2881 5482 mulierum
2910 5428 3229 5499 signiﬁcatio.
3256 5429 3559 5487 ltemvidco

1982 5516 2278 5585 significare
2306 5517 2433 5570 istas
2457 5516 2588 5570 duas
2618 5518 2867 5572 mulieres
2898 5521 2946 5571 iu
2985 5535 3085 5572 una
3111 5518 3270 5573 domo
3290 5560 3305 5586 ,
3333 5521 3438 5575 duo
3466 5537 3561 5591 gc~

1986 5621 2111 5660 uera
2143 5605 2415 5661 hominum
2444 5608 2495 5660 in
2523 5623 2623 5661 una
2655 5607 2885 5662 Ecclesia
2915 5626 2930 5661 ε
2961 5627 3118 5664 uttunt
3147 5627 3330 5666 eorum
3359 5614 3409 5666 iu
3437 5615 3544 5683 qui.

2053 5719 2065 5748 ¹
2094 5716 2395 5767 Colbertinus
2409 5725 2510 5775 333.,
2535 5714 2758 5768 audebat.

3716 1992 3751 2007 ἢ
