4024 6202
338 310 343 317 ι
397 309 467 363 93
1627 300 1685 353 s.
1730 298 2097 356 AUCUSTle
2139 301 2438 360 lil'lSCOl‘l
3613 315 3681 371 96

390 423 489 477 bus
517 438 636 476 vera
668 423 899 478 Charitas
926 427 1133 490 regnat,
1157 416 1381 472 alterum
1407 430 1591 468 eorum
1616 415 1669 468 in
1697 414 1892 485 quibus
1915 414 1985 469 si-

396 517 617 570 mutatio
638 516 959 571 dominatur.
990 512 1057 568 Ut
1083 511 1182 565 ista
1205 510 1310 564 duo
1329 508 1546 563 omnino
1573 517 1822 579 tanquam
1854 506 1988 562 duas

393 609 645 663 mulieres
667 609 986 668 intueamur,
1017 603 1355 657 dilectionem
1376 609 1430 656 et
1454 600 1871 655 simulationem.
1900 599 1988 654 Di-

392 701 672 755 lectionem
699 699 895 767 quippe
921 695 1192 751 simulatio
1213 694 1472 750 fallaciter
1497 694 1751 748 imitatur.
1778 692 1846 747 Et
1866 690 1986 747 idco

392 794 546 847 istam
573 801 726 847 cavet
751 790 1074 861 Apostolus,
1106 804 1225 845 cum
1257 787 1385 843 dicit
1414 804 1427 840 :
1460 786 1674 841 Dilectio
1693 786 1803 840 sine
1824 786 1986 839 simu-

392 887 579 939 latione
604 883 779 957 (ltom.
818 899 916 948 xu,
948 883 1029 954 9).
1062 882 1315 949 Quamvis
1341 880 1482 936 enim
1514 879 1753 934 habitent
1793 878 1846 932 in
1883 892 1986 931 una

392 975 553 1028 domo
578 974 827 1043 quamdiu
866 972 1148 1028 reticulum
1181 970 1310 1026 illud
1356 969 1723 1051 evangelicum
1771 969 1823 1022 in
1853 968 1986 1023 mari

395 1075 475 1119 est
496 1109 509 1126 ,
540 1067 802 1136 simulque
825 1066 993 1119 honos
1035 1074 1087 1119 et
1117 1064 1284 1119 malos
1311 1065 1513 1135 pisces,
1545 1062 1716 1117 donec
1744 1061 1809 1115 ad
1841 1061 1988 1116 littus

395 1157 745 1224 perducatur,
780 1157 1002 1211 includit
1033 1155 1242 1227 (Matth.
1278 1171 1393 1218 XIII,
1420 1156 1508 1221 47,
1534 1153 1661 1223 48);
1694 1161 1866 1207 tamen
1892 1168 1986 1207 sua

391 1264 553 1311 opera
614 1250 835 1317 singulm
898 1249 1117 1302 faciunt.
1168 1247 1474 1301 Merctrices
1525 1253 1704 1300 autem
1772 1246 1989 1299 fuerunt

394 1340 598 1401 auitae;
630 1341 748 1408 quia
781 1355 968 1393 omnes
993 1355 1056 1393 ex
1083 1338 1370 1407 cupiditate
1397 1337 1576 1392 smeuli
1603 1346 1988 1392 convertuntur

395 1429 459 1482 ad
487 1431 707 1500 gratiam
739 1430 850 1491 Dei,
879 1446 979 1485 nec
1004 1430 1070 1483 de
1100 1429 1362 1498 prioribus
1386 1428 1604 1498 justitize
1631 1427 1835 1481 meritis
1865 1442 1987 1481 vere

394 1538 428 1591 p
451 1532 569 1576 ite~t
598 1523 873 1591 quisquam
905 1523 1137 1592 gloriari.
1166 1522 1414 1576 Meretrix
1445 1529 1619 1574 autem
1651 1518 1792 1587 quod
1822 1518 1987 1571 forni-

392 1622 559 1673 catur,
594 1613 758 1681 ipsius
784 1623 865 1667 est
900 1633 913 1667 :
945 1613 1083 1682 quod
1116 1612 1275 1666 habet
1309 1613 1495 1679 filium,
1538 1611 1629 1665 Dei
1657 1620 1757 1666 est.
1790 1610 1988 1665 Omnes

392 1704 535 1755 enim
582 1704 824 1758 homines
863 1706 932 1760 ab
969 1720 1078 1759 uno
1120 1705 1229 1758 Deo
1255 1713 1496 1758 creatore
1527 1704 1839 1756 formantur.
1881 1703 1988 1757 Nec

394 1792 690 1846 mirandum
729 1804 829 1855 est,
857 1794 996 1863 quod
1022 1795 1185 1848 etiam
1216 1796 1266 1848 in
1297 1796 1526 1862 peccatis
1552 1792 1823 1846 hominum
1851 1793 1987 1847 Deus

398 1888 532 1940 bene
563 1896 833 1954 operatur.
862 1886 993 1940 Nam
1025 1888 1183 1941 etiam
1212 1887 1278 1940 de
1308 1887 1509 1940 scelere
1539 1885 1690 1939 Jndte
1717 1885 1988 1938 traditoris

396 1977 646 2030 lTominus
678 1988 860 2031 noster
879 1978 1102 2030 salutem
1131 1975 1350 2029 humani
1378 1976 1588 2045 generis
1610 1982 1861 2043 operatus
1884 1982 1984 2027 est.

392 2068 497 2122 Sed
531 2068 629 2121 hoc
658 2068 896 2133 interest,
932 2067 1073 2138 quod
1104 2066 1172 2122 de
1201 2067 1454 2135 cujusque
1486 2075 1706 2135 peccato
1742 2081 1859 2119 cum
1887 2065 1987 2118 ali-

391 2159 518 2227 quid
555 2160 677 2213 boni
711 2160 849 2213 Dens
875 2159 1097 2224 fecerit,
1128 2160 1439 2228 plerumque
1469 2157 1518 2210 id
1550 2158 1713 2210 nollet
1742 2157 1831 2210 ille
1865 2172 2012 2228 περιν-Δ

392 2261 541 2305 catur
570 2268 582 2303 :
615 2266 719 2304 non
760 2252 936 2306 solum
977 2252 1099 2323 quia
1138 2267 1256 2304 cum
1299 2256 1523 2320 peccat,
1571 2263 1676 2301 non
1712 2264 1776 2302 eo
1810 2258 1990 2318 peccat

394 2342 595 2407 animo,
626 2358 725 2411 qua
759 2344 1088 2412 providentia
1120 2344 1256 2397 Dens
1277 2342 1343 2395 de
1374 2348 1590 2410 peccato
1611 2340 1725 2410 ejus
1742 2351 1990 2409 operatur

399 2432 658 2499 justitiam
689 2431 832 2502 (non
879 2433 1019 2485 enim
1049 2432 1150 2485 hoc
1188 2432 1364 2484 animo
1389 2431 1552 2484 Judas
1583 2431 1796 2484 tradidit
1833 2430 1989 2484 Chri-

394 2535 529 2578 stum
554 2567 567 2589 ,
602 2540 708 2594 quo
751 2525 1186 2579 animoCbristus
1214 2538 1272 2577 se
1315 2523 1448 2576 tradi
1494 2537 1678 2591 passus
1708 2523 1852 2593 est);
1894 2522 1988 2575 sed

394 2617 554 2669 etiam
582 2616 702 2686 quia
737 2616 934 2685 peccati
979 2615 1059 2669 sui
1088 2624 1334 2669 eventum
1359 2655 1373 2679 ,
1404 2629 1523 2667 cum
1559 2614 1608 2666 in
1637 2613 1832 2682 aliquid
1878 2629 1988 2666 mc-

395 2706 519 2769 litis,
549 2707 687 2775 (μιμά
719 2706 829 2777 ipse
853 2707 1036 2771 nollet,
1069 2706 1345 2775 pervenire
1369 2705 1698 2774 cognoverit,
1726 2704 1868 2758 dolet
1897 2720 1991 2773 po-

397 2798 500 2852 tius
518 2815 673 2867 quam
697 2799 1203 2868 l:ctatur.Tanquam
1223 2797 1267 2851 si
1288 2812 1545 2852 venenum
1563 2797 1752 2867 aliquis
1773 2797 1988 2852 inimico

398 2892 674 2960 mgrotanti
696 2891 825 2945 dare
846 2892 1064 2959 cupiens
1090 2891 1298 2945 fallatur
1320 2892 1371 2943 in
1389 2891 1566 2958 specie
1588 2890 1983 2955 medicamenti,

394 2998 445 3041 et
468 2987 608 3041 aliud
639 3003 733 3057 pro
762 2988 867 3041 alio
896 2988 1127 3043 salutare
1168 2987 1365 3056 aliquid
1404 2987 1621 3051 offerat;
1654 2986 1744 3040 liat
1773 2994 1826 3039 et
1848 3001 1989 3056 :rgcr

391 3094 553 3134 Sanus
584 3080 676 3134 Dei
706 3080 963 3135 beneficio
987 3122 1002 3147 ,
1031 3080 1120 3149 qui
1150 3079 1352 3133 facinus
1380 3078 1577 3132 inimici
1616 3080 1732 3147 ejus
1759 3093 1987 3135 comer-

394 3181 506 3225 tcrc
550 3171 715 3225 voluit
753 3173 803 3225 in
842 3172 1066 3226 salutem
1101 3189 1114 3223 :
1149 3170 1287 3240 quod
1329 3177 1504 3224 tamen
1542 3185 1661 3223 cum
1705 3169 1874 3222 malus
1902 3169 1987 3224 ille

391 3262 722 3332 cognoverit,
754 3261 821 3316 de
851 3263 1076 3317 sztnitate
1105 3261 1356 3323 hominis,
1383 3277 1501 3330 qua:
1532 3276 1627 3329 per
1656 3273 1842 3313 manus
1872 3259 1990 3328 ejus

391 3362 538 3420 gesta
570 3362 670 3413 est,
693 3354 977 3407 cruciatur.
1004 3354 1059 3407 Si
1082 3361 1259 3406 autem
1293 3353 1543 3405 meretrix
1569 3360 1884 3417 cmiceptum
1926 3351 1989 3402 li-

395 3445 521 3498 lium
554 3445 775 3499 libenter
804 3445 1014 3505 llﬂbCal,
1050 3461 1146 3499 u.-c
1173 3444 1411 3508 libidine,
1446 3459 1541 3497 nec
1569 3444 1788 3496 avaritia
1820 3442 1986 3513 turpis

393 3538 655 3592 mercedis
683 3538 905 3607 impal~a
936 3537 1233 3590 abortionis
1264 3536 1454 3605 poculo
1481 3536 1547 3589 de
1575 3535 1869 3589 visceribus
1891 3536 1986 3600 eji-

391 3630 495 3682 ciat
515 3628 653 3699 qttod
681 3639 1024 3699 conceperat,
1054 3645 1118 3682 ne
1144 3628 1379 3698 peccanti
1407 3626 1701 3681 fecunditas
1723 3625 1988 3679 contradi-

393 3731 507 3783 cat;
555 3722 816 3789 cupiditas
860 3722 990 3786 illa,
1037 3738 1154 3791 quae
1181 3720 1448 3774 defluebat
1490 3721 1539 3772 in
1580 3719 1874 3788 plurimos,
1921 3718 1987 3771 ad

394 3827 556 3865 Unum
578 3811 667 3863 Dei
699 3811 931 3864 donnm‘
962 3826 1215 3865 conversa
1243 3851 1256 3871 ,
1291 3827 1393 3862 non
1417 3810 1524 3878 jam
1553 3808 1818 3878 cupiditas
1841 3851 1852 3867 ,
1893 3808 1989 3862 sed

391 3902 606 3955 dilectio
638 3902 1012 3955 nominabitur.
1046 3901 1340 3954 Meretricis
1378 3916 1504 3967 ergo
1552 3901 1689 3953 filius
1728 3908 1871 3953 recte
1905 3902 1986 3953 in-

394 3994 647 4064 telligitur
686 3994 852 4064 gratia
895 3992 1222 4063 pet-eatrieis.
1262 3991 1337 4044 Ex
1381 3999 1560 4044 vetere
1599 4002 1775 4044 autem
1819 3990 1987 4058 turpi-

396 4086 575 4139 tudine
621 4101 788 4140 novns
844 4084 1010 4140 homo
1066 4092 1218 4138 natus
1269 4081 1590 4153 indulgentia
1650 4089 1986 4151 peccatorum

394 4185 475 4231 est
502 4179 546 4227 ’.

471 4268 525 4323 6.
582 4267 913 4323 Siumlatorcs
950 4267 1002 4319 in
1052 4266 1279 4319 Ecclesia
1328 4266 1468 4319 bonis
1488 4265 1731 4333 apcrariis
1753 4263 1993 4333 posterio-

394 4377 495 4413 res.
534 4360 791 4413 Dominus
834 4374 960 4428 ergo
990 4367 1042 4410 ct
1086 4358 1138 4410 in
1179 4358 1294 4425 ipso
1343 4370 1561 4409 numero
1588 4355 1986 4424 discipulorum,

396 4451 638 4519 quamvis
663 4466 725 4504 ex
756 4447 1125 4518 peccatoribus
1156 4462 1342 4500 omnes
1380 4446 1638 4514 elegerit,
1675 4446 1877 4514 priores
1910 4455 1990 4498 ta-

402 4558 523 4596 men
552 4541 707 4609 elegit
736 4548 1169 4609 pcrscveraturos
1203 4538 1251 4590 iu
1283 4536 1583 4594 dilectione.
1616 4551 1771 4605 quam
1802 4535 1991 4589 Judam

398 4632 783 4686 simulatorem.
832 4629 947 4683 Non
989 4636 1069 4683 est
1109 4628 1321 4696 quidem
1365 4626 1616 4695 scriptum
1661 4640 1765 4694 quo
1805 4626 1992 4681 ordine

399 4726 600 4780 electus
628 4724 726 4789 sit;
775 4721 865 4776 sed
910 4732 1084 4775 tamen
1115 4729 1296 4774 notum
1343 4727 1423 4772 est
1461 4727 1583 4771 ante
1622 4716 1766 4771 illum
1796 4717 1993 4773 electos

404 4816 571 4869 bonos
596 4833 610 4880 ;
640 4825 692 4867 ct
719 4830 823 4868 non
856 4811 1050 4866 frustra
1075 4811 1287 4864 ultimus
1316 4796 1753 4877 numeratnrtfd.
1780 4823 1832 4866 κ.
1858 4809 1998 4880 1-4).’

402 4907 464 4962 Et
493 4916 613 4980 post
642 4906 846 4960 Domini
876 4903 1242 4957 ascensionem
1281 4900 1527 4954 omnibus
1567 4898 1655 4969 qtti
1697 4907 1851 4953 erant
1889 4916 1994 4951 uno

404 5002 453 5053 iu
502 5002 618 5055 loco
664 4999 894 5069 Spiritus
938 5006 1172 5059 sanctus,
1220 4994 1509 5049 secundum
1562 4994 1992 5062 pollicitationem

405 5090 607 5145 Domini
638 5093 866 5161 desuper
894 5090 1087 5145 missus
1115 5132 1129 5155 ,
1174 5089 1377 5142 infusus
1409 5095 1489 5141 est
1521 5100 1533 5140 :
1561 5102 1591 5139 a
1619 5086 1810 5155 quibus
1835 5086 1997 5153 canit

406 5184 676 5248 Ecclesia,
708 5183 830 5243 boni
864 5191 1014 5235 erant
1041 5225 1053 5243 ,
1085 5191 1135 5233 et
1173 5180 1287 5233 sine.
1313 5177 1652 5233 simulatione
1682 5176 1993 5245 diligebant.

406 5275 593 5328 liostea
624 5287 752 5341 ergo
782 5271 1049 5325 simulatio
1081 5271 1243 5338 eoi-pit
1276 5267 1484 5335 operari
1533 5267 1584 5318 iit
1631 5266 1863 5320 Ecclesia
1900 5282 1912 5317 :
1943 5274 1998 5318 et

405 5363 525 5419 ideo
554 5363 768 5418 dilectio
814 5361 959 5432 prior
989 5359 1212 5427 peperit.
1247 5356 1444 5409 Triduo
1492 5365 1668 5408 autem
1711 5354 1880 5423 major
1918 5364 1999 5409 est

405 5456 606 5511 fruetus
632 5455 952 5516 dilectionis,
988 5463 1045 5505 ut
1072 5451 1182 5522 jnn
1214 5450 1378 5520 possit
1403 5449 1616 5519 agnosci
1647 5448 1992 5508 continentia,

405 5555 460 5600 et
486 5549 687 5613 justitia
714 5589 729 5613 ,
774 5555 824 5601 et
854 5543 1180 5616 exapertatio
1226 5540 1539 5594 futurorum.
1568 5537 1844 5593 Siinulatio
1872 5552 1998 5591 vero

475 5702 487 5731 ³
527 5706 665 5747 Ηηίν
687 5734 702 5753 ,
739 5701 878 5747 (Inito.

471 5762 490 5792 ⁸
519 5763 777 5810 \ietoii..-us
802 5770 899 5821 ἤδη
931 5756 1236 5822 iiitcliigcntia
1261 5761 1558 5819 )‘CCt‘tthZ’tilll
1581 5758 1664 5803 et.

2095 418 2197 472 ctsl
2245 421 2546 489 pepererit,
2590 424 2640 477 id
2687 433 2805 490 est,
2848 426 3055 481 etiamsi
3093 428 3159 484 ad
3198 430 3444 498 exiguum
3477 441 3683 501 tempus

2095 520 2431 579 peccatorum
2459 514 2770 568 retttissione
2792 516 2966 570 brtata
2999 517 3178 584 fuerit,
3208 531 3453 590 tanquam
3493 505 3687 576 εοιιιιιιῖ

2094 602 2365 686 szeetilaris
2388 605 2690 673 cupiditatis
2713 623 2968 678 oppressa
2984 651 3000 675 ,
3029 625 3147 663 cum
3174 610 3240 665 de
3265 627 3359 682 spe
3386 614 3682 671 coelesuutn

2094 689 2300 759 dejeeta
2354 695 2693 763 praauiorutn
2750 698 2802 751 iu
2854 706 3120 754 terrenam
3174 704 3411 770 requiem
3466 717 3682 774 gravato

2094 782 2259 836 Corde
2288 782 2549 849 reliditur,
2580 788 2727 855 quasi
2758 787 3029 843 dormiens
3055 789 3241 845 ell'ocat
3275 792 3678 864 indulgentiam,

2094 889 2250 942 qttam
2296 874 2563 930 credendo
2610 870 2878 933 meruerat
2909 881 2950 933 ί.
3000 880 3157 936 Tales
3202 893 3377 937 autem
3434 885 3683 944 homine‘:

2096 965 2300 1019 malunt
2322 965 2540 1034 justitia:
2577 969 2792 1024 nomine
2815 1012 2829 1036 ,
2858 987 3014 1042 quam
3043 975 3262 1028 veritate
3291 978 3554 1043 gaudere;
3586 980 3689 1035 bo-

2094 1072 2324 1127 numque
2350 1074 2485 1129 opus
2525 1061 2759 1116 alienum
2808 1080 2901 1132 per
2945 1064 3197 1120 obscuras
3234 1067 3498 1137 fallacias,
3529 1072 3684 1141 quasi

2095 1163 2191 1216 per
2220 1162 2429 1204 noctem
2458 1153 2631 1207 vivum
2664 1154 2825 1208 filium
2848 1198 2861 1219 ,
2892 1158 3197 1212 mentiendo
3222 1160 3285 1213 ad
3309 1177 3367 1216 se
3394 1164 3686 1219 transferre

2093 1252 2369 1295 conantur.
2398 1243 2505 1298 Nec
2545 1246 2714 1300 solum
2758 1248 2981 1304 aliorum
3022 1252 3155 1303 bona
3202 1269 3361 1320 opera
3392 1255 3492 1309 sibi
3525 1273 3683 1310 usur-

2094 1342 2244 1401 pant,
2272 1335 2363 1389 sed
2403 1338 2517 1389 aliis
2557 1339 2715 1391 etiam
2750 1341 3002 1407 objiciunt
3036 1345 3237 1397 scelera
3269 1362 3361 1399 sua
3387 1345 3460 1416 (α)
3486 1391 3500 1412 ,
3528 1352 3676 1417 quasi

2093 1434 2363 1478 mortuum
2391 1425 2552 1480 filium
2586 1441 2966 1497 supponrntcs.

2166 1515 2219 1567 7.
2275 1516 2641 1570 Simulator-nm
2685 1521 2826 1589 [turns
2870 1522 2920 1574 in
2964 1523 3116 1577 bonos
3143 1528 3414 1591 operarios.
3462 1530 3683 1597 Quando

2095 1615 2271 1661 autem
2302 1608 2624 1663 simulationi
2650 1619 2849 1664 tantum
2878 1613 3072 1680 licebit,
3098 1624 3155 1668 ut
3181 1615 3313 1669 fui-.0
3338 1618 3555 1685 juSIitia:
3584 1638 3682 1675 uo-

2095 1698 2256 1763 miue,
2288 1699 2432 1752 nullo
2464 1702 2795 1768 prohibente,
2824 1704 3100 1774 glovietur,
3129 1716 3181 1761 et
3210 1710 3482 1775 Spirituale
3510 1713 3683 1767 vivum

2093 1805 2247 1859 Opus,
2274 1797 2414 1861 quod
2444 1794 2553 1861 ipsa
2591 1811 2695 1848 non
2733 1799 2930 1865 genuit,
2962 1809 3013 1852 et
3040 1801 3179 1869 quod
3223 1803 3275 1856 in
3302 1819 3361 1857 se
3400 1806 3687 1873 aliquando

2092 1895 2370 1953 genuerat,
2402 1888 2636 1955 pondere
2664 1891 3017 1946 crudelissimi
3045 1897 3255 1964 soporis
3285 1900 3537 1955 exstinxit
3562 1942 3577 1967 ,
3616 1904 3682 1955 ad

2093 1973 2340 2031 fallacem
2366 1977 2673 2045 jactantiam
2699 1983 2920 2036 materni
2953 1987 3180 2061 uomipis
3204 1989 3434 2057 applicet
3456 1980 3586 2059 Sibi,
3631 2004 3687 2048 et

2096 2068 2300 2122 scelera
2331 2083 2424 2122 sua
2455 2069 2606 2125 bonis
2636 2081 2795 2142 atque
2827 2074 3194 2132 initotxentibus
3236 2080 3535 2149 objicicndo
3559 2098 3688 2153 snp-

2095 2160 2300 2227 ponat?
2328 2160 2552 2228 Quando
2590 2179 2715 2233 ergo
2746 2166 3013 2219 simulatio
3041 2169 3111 2221 ita
3142 2172 3396 2240 regnabit,
3434 2174 3531 2227 nisi
3559 2191 3685 2229 cum

2092 2252 2384 2329 abundabit
2410 2255 2678 2325 iniquitas,
2713 2257 2762 2312 id
2788 2269 2888 2323 est,
2916 2263 3148 2315 tenebrae
3172 2276 3510 2333 peccatorum
3534 2269 3685 2336 quasi

2093 2357 2234 2397 cccca
2266 2354 2423 2398 nocte
2452 2347 2813 2413 pratvalebtmt
2839 2367 2852 2411 ;
2899 2358 2955 2404 et
2992 2354 3274 2423 refrigescet
3303 2356 3522 2408 Charitas
3547 2359 3685 2411 nucl-

2096 2444 2258 2488 tarunt
2283 2436 2495 2505 (Matth.
2520 2455 2665 2505 XXIV,
2701 2442 2806 2511 f2),
2834 2443 2882 2494 id
2912 2451 3013 2508 est,
3045 2446 3220 2512 operis
3248 2447 3534 2514 spiritualis
3563 2460 3682 2503 tan-

2094 2542 2250 2594 quam
2292 2528 2393 2580 vivi
2425 2530 2574 2597 pueri
2619 2538 2791 2585 mater
2836 2532 3176 2588 obdormiet?
3206 2536 3406 2591 Tamen
3449 2539 3566 2607 quia
3607 2539 3682 2594 ita

2092 2620 2381 2690 refrigescet
2409 2622 2651 2685 cliaritos,
2684 2632 2739 2676 ut
2768 2625 3118 2694 negligentius
3150 2626 3374 2693 ferveat;
3407 2645 3510 2683 non
3538 2631 3680 2686 enim

2094 2710 2292 2764 dictum
2319 2721 2422 2777 est,
2450 2713 2666 2767 Penitus
2695 2716 3081 2785 exstinguetur,
3110 2726 3167 2771 ut
3191 2721 3409 2773 omnino
3437 2720 3545 2775 non
3567 2724 3635 2775 sit
3663 2740 3677 2774 :

2094 2802 2173 2856 sic
2197 2801 2447 2856 dormivit
2480 2803 2592 2858 lucc
2620 2813 2809 2869 ntater,
2843 2815 2899 2858 ut
2926 2824 3029 2860 non
3054 2808 3323 2864 occideret
3354 2809 3548 2875 filium;
3587 2813 3682 2866 sed

2098 2904 2270 2949 tamen
2313 2894 2583 2949 fraudibus
2610 2897 2963 2951 simulationis
2990 2897 3193 2953 dederit
3225 2900 3421 2954 locum.
3448 2900 3550 2955 Sed
3589 2918 3684 2955 cx-

2095 2985 2417 3055 pergcfacta,
2439 3003 2561 3041 eum
2593 2987 2938 3055 impietatem,
2968 3005 3123 3059 quam
3154 2991 3264 3058 ipsa
3296 3007 3400 3044 non
3430 2992 3570 3056 fecit,
3613 2993 3681 3045 ab

2095 3078 2177 3131 eis
2215 3079 2303 3148 qtti
2337 3078 2649 3131 faciuntsibi
2681 3079 2838 3147 olijici
2880 3080 3092 3145 viderit,
3139 3090 3192 3133 et
3230 3082 3490 3150 Spirituali
3518 3098 3680 3150 opere

2094 3170 2295 3237 gratim,
2339 3184 2496 3238 quam
2524 3170 2803 3223 custodivit
2825 3211 2838 3233 ,
2862 3170 3034 3224 cernit
3064 3171 3455 3225 simulationem
3482 3174 3681 3227 audere

2093 3262 2327 3331 gloriari,
2357 3277 2414 3315 se
2438 3262 2726 3331 iniquitatis
2747 3250 3116 3330 o'pcratricem,
3142 3264 3531 3318 simulationem
3555 3282 3681 3321 vero

2095 3365 2316 3406 matrem
2342 3353 2465 3405 boui
2487 3354 2663 3419 aperis
2686 3354 2965 3415 nominari,
2992 3354 3190 3422 pacifici
3213 3353 3410 3408 Judicis
3434 3356 3682 3425 implorat

2093 3444 2367 3496 auxilium.
2392 3443 2519 3496 Nam
2540 3443 2788 3497 Salomon
2815 3444 3070 3497 Paeilicus
3097 3445 3490 3513 interpretatur.
3511 3446 3679 3513 Quem

2095 3534 2336 3587 videmus
2361 3533 2490 3586 duas
2517 3534 2797 3602 protulisse
2818 3535 3106 3588 sententias
3139 3553 3152 3588 :
3186 3537 3407 3603 primam
3433 3546 3679 3606 tauquam

2097 3624 2419 3693 ignorantis;
2462 3624 2702 3677 ultimam
2749 3639 2874 3677 vero
2911 3638 3029 3678 cum
3074 3625 3348 3679 manifesta
3378 3628 3681 3696 cognitione

2092 3716 2394 3784 jutlicantis.
2447 3713 2727 3768 Certamen
2778 3716 2992 3785 pietatis
3048 3716 3215 3783 prima
3263 3718 3544 3784 proponit;
3589 3716 3683 3771 dat

2095 3809 2371 3879 praemium
2399 3808 2630 3862 secunda
2657 3807 2841 3860 victori
2878 3824 2891 3860 :
2927 3807 2975 3859 in
3007 3807 3173 3875 prima
3207 3808 3460 3876 probatur
3489 3817 3678 3873 mater,

2098 3901 2149 3953 iu
2178 3900 2358 3953 ttltitua
2383 3900 2591 3954 lattatur
2622 3916 2636 3952 :
2669 3897 2719 3951 iit
2750 3898 2916 3966 prima
2949 3897 3085 3952 ﬂens
3114 3899 3273 3951 titiltit
3298 3912 3479 3951 semen
3502 3914 3677 3960 suum,

2098 3991 2148 4044 in
2172 3990 2403 4044 secunda
2430 4006 2548 4044 cum
2580 3990 2932 4044 exsultatione
2958 3999 3193 4057 reportat
3220 3991 3516 4059 manipulos
3554 4008 3681 4045 suos

2098 4079 2265 4149 (Prol.
2292 4096 2450 4145 cxxv,
2481 4080 2559 4150 6).
2585 4080 2733 4147 Quod
2764 4080 2987 4148 pertinet
3010 4080 3073 4133 ad
3102 4080 3207 4134 duo
3235 4089 3470 4148 tempora
3501 4081 3682 4137 Eccle-

2097 4173 2190 4225 size
2216 4214 2230 4236 ,
2258 4187 2375 4241 quin
2421 4172 2670 4224 Dominus
2697 4170 3118 4238 Cltristnsjudex
3152 4172 3398 4240 pacificus
3440 4172 3684 4226 modera-

2099 4274 2182 4319 tur
2205 4280 2219 4327 ;
2245 4279 2403 4316 unum
2432 4263 2571 4332 qttod
2600 4278 2740 4317 nunc
2759 4271 2860 4326 est,
2884 4264 3104 4316 alterum
3135 4261 3272 4331 quod
3304 4262 3534 4317 futurum
3560 4274 3677 4318 est:

2102 4356 2151 4408 in
2182 4355 2282 4408 isto
2312 4354 2619 4423 probamur,
2644 4354 2694 4405 iti
2719 4354 2807 4405 illo
2828 4368 3165 4406 coronamur.

2168 4448 2222 4502 8.
2278 4445 2458 4499 Honor
2500 4445 2733 4515 proin-itis
2769 4452 3114 4497 contemnatur
3160 4451 3211 4495 ut
3258 4441 3492 4495 Ecclesia:
3559 4444 3683 4497 uni-

2101 4550 2176 4591 tas
2211 4549 2447 4591 servetur.
2476 4537 2578 4591 Sed
2606 4537 2744 4590 nulla
2785 4537 2955 4604 major
2980 4545 3059 4589 est
3084 4536 3132 4589 iit
3172 4535 3366 4589 Christi
3394 4534 3634 4590 Ecclesia
3658 4536 3682 4568 ⁸

2101 4630 2341 4700 probatio
2363 4628 2654 4691 cbaritatis,
2680 4644 2835 4696 quam
2859 4643 2977 4681 eum
3004 4627 3162 4681 etiam
3196 4627 3363 4679 honor
3398 4627 3509 4694 ipse
3534 4668 3548 4690 ,
3592 4624 3685 4695 qui

2101 4721 2237 4789 apud
2263 4720 2505 4774 homines
2532 4720 2742 4774 videtur
2767 4734 2907 4782 esse,
2931 4717 3308 4778 contemnitur,
3349 4732 3414 4770 ne
3443 4718 3687 4771 membra

2102 4813 2302 4881 parvuli
2331 4812 2654 4889 dividantur,
2680 4820 2731 4863 et
2762 4811 2975 4864 unitatis
2997 4809 3218 4864 discidio
3244 4808 3531 4862 christiana
3553 4808 3689 4862 dila-

2104 4905 2277 4981 nietur
2305 4902 2581 4957 inﬁrmitas
2608 4902 2704 4973 (b).
2755 4901 2888 4955 Dicit
2922 4904 3063 4955 enim
3111 4901 3394 4971 Apostolus
3434 4910 3686 4971 tanquam

2101 5006 2324 5048 matrem
2354 5008 2412 5047 se
2433 4993 2735 5046 exhibuisse
2757 4992 3007 5060 parvulis,
3041 4994 3090 5046 in
3114 4994 3307 5062 quibus
3333 4992 3526 5046 bonum
3552 5008 3690 5061 opus

2167 5106 2181 5136 ³
2210 5113 2309 5153 nuo
2327 5112 2453 5161 \lss.,
2475 5101 2732 5151 inretierat.

2165 5169 2185 5198 ³
2221 5173 2378 5224 Forte,
2407 5162 2584 5214 κιτιρή
2598 5177 2679 5212 un.

2166 5228 2236 5299 (ι.)
2254 5227 2615 5299 ριιιιᾴιτιιιειιίρο
2643 5226 2922 5299 maximeia
2942 5226 3223 5299 Donatistas.
3248 5225 3306 5274 ad
3322 5238 3444 5296 quos
3465 5232 3693 5299 Augusti-

2105 5304 2196 5339 nus
2220 5288 2267 5337 in
2299 5296 2345 5350 Ει
2363 5289 2441 5337 ist.
2480 5288 2558 5345 76,
2597 5302 2644 5335 ιι.
2670 5288 2726 5345 2,
2763 5289 2966 5336 scribit:
3001 5306 3021 5331 α
3049 5289 3246 5349 Majcres
3278 5290 3406 5334 Ulli."
3443 5290 3612 5346 vestri,
3642 5288 3693 5337 ἰιι

2112 5372 2135 5396 οι
2156 5349 2359 5413 quorum
2383 5349 2616 5413 sacrilega
2642 5351 2923 5411 trteeisioue
2948 5350 3293 5413 perseverans,
3317 5349 3511 5411 quidam
3532 5350 3693 5413 (gestis

2113 5433 2133 5461 ε
2158 5408 2525 5473 timuicitalibus
2556 5408 2747 5461 codices
2786 5408 2976 5459 sanctos
3016 5422 3065 5457 et
3107 5408 3423 5458 instrttittenta
3466 5408 3693 5473 tecte-sia:

2114 5497 2135 5522 ιι
2159 5471 2550 5536 ιιυιεπεείιιοιὶὶιιιδ
2588 5475 2904 5529 tradiderunt,
2950 5479 3044 5519 αἱς.
3080 5479 3146 5519 ne
3169 5471 3693 5536 criminetraditionis,

2113 5559 2134 5583 α
2156 5533 2222 5585 de
2253 5549 2351 5598 quo
2373 5536 2461 5597 ipsi
2487 5538 2613 5586 inter
2635 5550 2693 5584 se
2720 5536 2818 5597 jam
2841 5536 3205 5598 ειιιιδιιπέαιιιειι,
3240 5533 3477 5598 inaudiws
3496 5534 3693 5598 «latina-

2115 5621 2134 5645 α
2159 5593 2350 5705 vqru'nt,
2380 5593 2403 5641 ὁ
2442 5600 2555 5647 ὶίιΙΒ
2589 5593 2737 5660 Ειίδιῖ
2772 5598 2872 5653 IDES,
2907 5610 2953 5642 ιι.
2996 5593 3040 5652 '3,
3078 5602 3128 5643 et
3159 5601 3318 5642 l-.uarr.
3358 5594 3404 5641 in
3440 5593 3559 5643 Psal.
3602 5595 3693 5655 l0,

2115 5676 2155 5705 ll.
2227 5695 2240 5705 .

2108 5676 2155 5709 ll.
2192 5676 2240 5708 αὖ.

2170 5721 2243 5785 (li)
2266 5721 2338 5771 sic
2362 5722 2450 5785 ipsi
2473 5720 2668 5784 quidem
2691 5718 2908 5769 r‘atlieliri
2936 5717 3163 5781 ρῖιεςιᾜιιὶ,
3194 5716 3426 5765 honorem
3448 5730 3588 5766 suum
3608 5732 3619 5776 ς
3638 5730 3679 5768 r,
