  <div class='ocr_page' id='page_1' title='image "/cluster/home/n/w/nwhite01/storage/ocr_20150623/38/hvd.32044096580600/054.png"; bbox 0 0 4024 6202; ppageno 0'>
   <div class='ocr_carea' id='block_1_1' title="bbox 261 361 1827 437">
    <p class='ocr_par' dir='ltr' id='par_1_1' title="bbox 261 361 1827 437">
     <span class='ocr_line' id='line_1_1' title="bbox 261 361 1827 437; baseline 0.001 -22"><span class='ocrx_word' id='word_1_1' title='bbox 261 383 321 437; x_wconf 77' lang='lat'><strong>97</strong></span> <span class='ocrx_word' id='word_1_2' title='bbox 1556 361 1569 371; x_wconf 80' lang='grc'><em>’</em></span> <span class='ocrx_word' id='word_1_3' title='bbox 1711 362 1827 417; x_wconf 64' lang='grc' dir='ltr'><strong>ΒΕΓ</strong></span> 
     </span>
    </p>
   </div>
   <div class='ocr_carea' id='block_1_2' title="bbox 1935 361 3525 437">
    <p class='ocr_par' dir='ltr' id='par_1_2' title="bbox 1935 361 3525 433">
     <span class='ocr_line' id='line_1_2' title="bbox 1935 361 3525 433; baseline 0.006 -25"><span class='ocrx_word' id='word_1_4' title='bbox 1935 366 1941 408; x_wconf 78' lang='lat' dir='ltr'><strong>l</strong></span> <span class='ocrx_word' id='word_1_5' title='bbox 1979 361 2070 417; x_wconf 77' lang='lat' dir='ltr'><strong>XI.</strong></span> <span class='ocrx_word' id='word_1_6' title='bbox 2833 373 2854 392; x_wconf 78' lang='lat'><strong>‘</strong></span> <span class='ocrx_word' id='word_1_7' title='bbox 3457 379 3525 433; x_wconf 65' lang='lat'><strong>93</strong></span> 
     </span>
    </p>
   </div>
   <div class='ocr_carea' id='block_1_3' title="bbox 263 475 1833 561">
    <p class='ocr_par' dir='ltr' id='par_1_3' title="bbox 263 475 1833 561">
     <span class='ocr_line' id='line_1_3' title="bbox 263 475 1833 561; baseline -0.014 -13"><span class='ocrx_word' id='word_1_8' title='bbox 263 491 610 561; x_wconf 74' lang='lat' dir='ltr'><strong>evangelicum</strong></span> <span class='ocrx_word' id='word_1_9' title='bbox 639 488 869 549; x_wconf 87' lang='lat' dir='ltr'><strong>fecerat;</strong></span> <span class='ocrx_word' id='word_1_10' title='bbox 895 501 996 538; x_wconf 85' lang='lat' dir='ltr'><strong>non</strong></span> <span class='ocrx_word' id='word_1_11' title='bbox 1021 485 1150 553; x_wconf 83' lang='lat' dir='ltr'><strong>ipse,</strong></span> <span class='ocrx_word' id='word_1_12' title='bbox 1174 479 1266 537; x_wconf 85' lang='lat' dir='ltr'><strong>sed</strong></span> <span class='ocrx_word' id='word_1_13' title='bbox 1285 479 1451 551; x_wconf 78' lang='lat' dir='ltr'><strong>gratia</strong></span> <span class='ocrx_word' id='word_1_14' title='bbox 1476 477 1564 532; x_wconf 87' lang='lat' dir='ltr'><strong>Dei</strong></span> <span class='ocrx_word' id='word_1_15' title='bbox 1581 491 1702 532; x_wconf 87' lang='lat' dir='ltr'><strong>cum</strong></span> <span class='ocrx_word' id='word_1_16' title='bbox 1727 475 1833 529; x_wconf 86' lang='lat' dir='ltr'><strong>illo.</strong></span> 
     </span>
    </p>
   </div>
   <div class='ocr_carea' id='block_1_4' title="bbox 263 569 1836 645">
    <p class='ocr_par' dir='ltr' id='par_1_4' title="bbox 263 569 1836 645">
     <span class='ocr_line' id='line_1_4' title="bbox 263 569 1836 645; baseline -0.015 -4"><span class='ocrx_word' id='word_1_17' title='bbox 263 585 374 640; x_wconf 70' lang='lat' dir='ltr'><strong>Nam</strong></span> <span class='ocrx_word' id='word_1_18' title='bbox 397 583 484 637; x_wconf 85' lang='lat' dir='ltr'><strong>illa</strong></span> <span class='ocrx_word' id='word_1_19' title='bbox 505 580 764 634; x_wconf 80' lang='lat' dir='ltr'><strong>meretrix</strong></span> <span class='ocrx_word' id='word_1_20' title='bbox 788 595 880 631; x_wconf 84' lang='lat' dir='ltr'><strong>sua</strong></span> <span class='ocrx_word' id='word_1_21' title='bbox 906 591 1009 628; x_wconf 88' lang='lat' dir='ltr'><strong>non</strong></span> <span class='ocrx_word' id='word_1_22' title='bbox 1031 583 1237 645; x_wconf 84' lang='lat' dir='ltr'><strong>poterat</strong></span> <span class='ocrx_word' id='word_1_23' title='bbox 1257 573 1435 627; x_wconf 81' lang='lat' dir='ltr'><strong>dicere</strong></span> <span class='ocrx_word' id='word_1_24' title='bbox 1457 569 1554 623; x_wconf 87' lang='lat' dir='ltr'><strong>nisi</strong></span> <span class='ocrx_word' id='word_1_25' title='bbox 1582 575 1796 638; x_wconf 86' lang='lat' dir='ltr'><strong>peccata</strong></span> <span class='ocrx_word' id='word_1_26' title='bbox 1823 582 1836 618; x_wconf 91' lang='lat'>:</span> 
     </span>
    </p>
   </div>
   <div class='ocr_carea' id='block_1_5' title="bbox 261 665 1838 731">
    <p class='ocr_par' dir='ltr' id='par_1_5' title="bbox 261 665 1838 731">
     <span class='ocr_line' id='line_1_5' title="bbox 261 665 1838 731; baseline -0.014 0"><span class='ocrx_word' id='word_1_27' title='bbox 261 678 437 731; x_wconf 83' lang='lat' dir='ltr'><strong>donum</strong></span> <span class='ocrx_word' id='word_1_28' title='bbox 465 682 646 726; x_wconf 85' lang='lat' dir='ltr'><strong>autem</strong></span> <span class='ocrx_word' id='word_1_29' title='bbox 683 669 1021 725; x_wconf 83' lang='lat' dir='ltr'><strong>fecunditatis</strong></span> <span class='ocrx_word' id='word_1_30' title='bbox 1057 683 1119 720; x_wconf 75' lang='lat' dir='ltr'><strong>ex</strong></span> <span class='ocrx_word' id='word_1_31' title='bbox 1149 666 1275 719; x_wconf 80' lang='lat' dir='ltr'><strong>Deo.</strong></span> <span class='ocrx_word' id='word_1_32' title='bbox 1307 665 1476 718; x_wconf 89' lang='lat' dir='ltr'><strong>Tanto</strong></span> <span class='ocrx_word' id='word_1_33' title='bbox 1503 671 1680 714; x_wconf 86' lang='lat' dir='ltr'><strong>autem</strong></span> <span class='ocrx_word' id='word_1_34' title='bbox 1722 673 1838 710; x_wconf 83' lang='lat' dir='ltr'><strong>am-</strong></span> 
     </span>
    </p>
   </div>
   <div class='ocr_carea' id='block_1_6' title="bbox 268 748 1839 837">
    <p class='ocr_par' dir='ltr' id='par_1_6' title="bbox 268 748 1839 837">
     <span class='ocr_line' id='line_1_6' title="bbox 268 748 1839 837; baseline -0.014 -16"><span class='ocrx_word' id='word_1_35' title='bbox 268 773 388 837; x_wconf 64' lang='lat' dir='ltr'><strong>tlius</strong></span> <span class='ocrx_word' id='word_1_36' title='bbox 409 763 646 833; x_wconf 66' lang='lat' dir='ltr'><strong>diligitur</strong></span> <span class='ocrx_word' id='word_1_37' title='bbox 667 761 843 830; x_wconf 79' lang='lat' dir='ltr'><strong>gratia</strong></span> <span class='ocrx_word' id='word_1_38' title='bbox 870 757 1139 821; x_wconf 75' lang='lat' dir='ltr'><strong>donantis,</strong></span> <span class='ocrx_word' id='word_1_39' title='bbox 1171 763 1368 825; x_wconf 87' lang='lat' dir='ltr'><strong>quanto</strong></span> <span class='ocrx_word' id='word_1_40' title='bbox 1393 751 1708 822; x_wconf 87' lang='lat' dir='ltr'><strong>supplicium</strong></span> <span class='ocrx_word' id='word_1_41' title='bbox 1746 748 1839 802; x_wconf 86' lang='lat' dir='ltr'><strong>de-</strong></span> 
     </span>
    </p>
   </div>
   <div class='ocr_carea' id='block_1_7' title="bbox 269 841 1835 911">
    <p class='ocr_par' dir='ltr' id='par_1_7' title="bbox 269 841 1835 911">
     <span class='ocr_line' id='line_1_7' title="bbox 269 841 1835 911; baseline -0.012 0"><span class='ocrx_word' id='word_1_42' title='bbox 269 859 488 911; x_wconf 67' lang='lat' dir='ltr'><strong>bebatur.</strong></span> <span class='ocrx_word' id='word_1_43' title='bbox 514 856 580 908; x_wconf 81' lang='lat' dir='ltr'><strong>Et</strong></span> <span class='ocrx_word' id='word_1_44' title='bbox 609 856 748 906; x_wconf 77' lang='lat' dir='ltr'><strong>bene</strong></span> <span class='ocrx_word' id='word_1_45' title='bbox 779 851 846 905; x_wconf 87' lang='lat' dir='ltr'><strong>de</strong></span> <span class='ocrx_word' id='word_1_46' title='bbox 872 851 1151 904; x_wconf 88' lang='lat' dir='ltr'><strong>meretrice</strong></span> <span class='ocrx_word' id='word_1_47' title='bbox 1179 847 1432 901; x_wconf 67' lang='lat' dir='ltr'><strong>[huuinus</strong></span> <span class='ocrx_word' id='word_1_48' title='bbox 1457 846 1530 897; x_wconf 87' lang='lat' dir='ltr'><strong>ait</strong></span> <span class='ocrx_word' id='word_1_49' title='bbox 1558 863 1570 896; x_wconf 88' lang='lat'>:</span> <span class='ocrx_word' id='word_1_50' title='bbox 1601 841 1692 896; x_wconf 73' lang='lat' dir='ltr'><strong>Chi</strong></span> <span class='ocrx_word' id='word_1_51' title='bbox 1719 842 1835 910; x_wconf 72' lang='lat' dir='ltr'><strong>plu-</strong></span> 
     </span>
    </p>
   </div>
   <div class='ocr_carea' id='block_1_8' title="bbox 267 933 1838 1012">
    <p class='ocr_par' dir='ltr' id='par_1_8' title="bbox 267 933 1838 1012">
     <span class='ocr_line' id='line_1_8' title="bbox 267 933 1838 1012; baseline -0.009 -12"><span class='ocrx_word' id='word_1_52' title='bbox 267 951 428 1000; x_wconf 77' lang='lat' dir='ltr'><strong>riaittm</strong></span> <span class='ocrx_word' id='word_1_53' title='bbox 453 947 749 1003; x_wconf 71' lang='lat' dir='ltr'><strong>dimittitur,</strong></span> <span class='ocrx_word' id='word_1_54' title='bbox 783 943 1059 1012; x_wconf 76' lang='lat' dir='ltr'><strong>plurimum</strong></span> <span class='ocrx_word' id='word_1_55' title='bbox 1085 939 1248 1008; x_wconf 81' lang='lat' dir='ltr'><strong>diligit</strong></span> <span class='ocrx_word' id='word_1_56' title='bbox 1269 937 1413 1007; x_wconf 84' lang='lat' dir='ltr'><strong>(an.</strong></span> <span class='ocrx_word' id='word_1_57' title='bbox 1449 951 1540 991; x_wconf 86' lang='lat' dir='ltr'><strong>vu.</strong></span> <span class='ocrx_word' id='word_1_58' title='bbox 1563 935 1673 1000; x_wconf 70' lang='lat'><strong>47).</strong></span> <span class='ocrx_word' id='word_1_59' title='bbox 1706 933 1838 986; x_wconf 74' lang='lat' dir='ltr'><strong>Dicit.</strong></span> 
     </span>
    </p>
   </div>
   <div class='ocr_carea' id='block_1_9' title="bbox 261 1023 1836 1106">
    <p class='ocr_par' dir='ltr' id='par_1_9' title="bbox 261 1023 1836 1106">
     <span class='ocr_line' id='line_1_9' title="bbox 261 1023 1836 1106; baseline -0.011 -13"><span class='ocrx_word' id='word_1_60' title='bbox 261 1053 372 1106; x_wconf 69' lang='lat' dir='ltr'><strong>ergo</strong></span> <span class='ocrx_word' id='word_1_61' title='bbox 404 1038 681 1106; x_wconf 70' lang='lat' dir='ltr'><strong>apostolus</strong></span> <span class='ocrx_word' id='word_1_62' title='bbox 708 1035 903 1088; x_wconf 59' lang='lat' dir='ltr'><strong>l’aulus</strong></span> <span class='ocrx_word' id='word_1_63' title='bbox 935 1050 948 1085; x_wconf 92' lang='lat'><strong>:</strong></span> <span class='ocrx_word' id='word_1_64' title='bbox 981 1030 1169 1086; x_wconf 83' lang='lat' dir='ltr'><strong>Factus</strong></span> <span class='ocrx_word' id='word_1_65' title='bbox 1190 1047 1296 1082; x_wconf 81' lang='lat' dir='ltr'><strong>sum</strong></span> <span class='ocrx_word' id='word_1_66' title='bbox 1329 1027 1566 1098; x_wconf 77' lang='lat' dir='ltr'><strong>parvulus</strong></span> <span class='ocrx_word' id='word_1_67' title='bbox 1598 1025 1649 1076; x_wconf 88' lang='lat' dir='ltr'><strong>in</strong></span> <span class='ocrx_word' id='word_1_68' title='bbox 1677 1023 1836 1076; x_wconf 78' lang='lat' dir='ltr'><strong>medio</strong></span> 
     </span>
    </p>
   </div>
   <div class='ocr_carea' id='block_1_10' title="bbox 262 1115 1830 1195">
    <p class='ocr_par' dir='ltr' id='par_1_10' title="bbox 262 1115 1830 1195">
     <span class='ocr_line' id='line_1_10' title="bbox 262 1115 1830 1195; baseline -0.009 -13"><span class='ocrx_word' id='word_1_69' title='bbox 262 1141 481 1192; x_wconf 64' lang='lat' dir='ltr'><strong>patrum,</strong></span> <span class='ocrx_word' id='word_1_70' title='bbox 504 1139 749 1195; x_wconf 82' lang='lat' dir='ltr'><strong>tanquam</strong></span> <span class='ocrx_word' id='word_1_71' title='bbox 773 1127 817 1179; x_wconf 88' lang='lat' dir='ltr'><strong>si</strong></span> <span class='ocrx_word' id='word_1_72' title='bbox 841 1125 1014 1178; x_wconf 78' lang='lat' dir='ltr'><strong>nutrix</strong></span> <span class='ocrx_word' id='word_1_73' title='bbox 1033 1124 1193 1190; x_wconf 78' lang='lat' dir='ltr'><strong>[avent</strong></span> <span class='ocrx_word' id='word_1_74' title='bbox 1216 1122 1348 1188; x_wconf 70' lang='lat' dir='ltr'><strong>lilio:</strong></span> <span class='ocrx_word' id='word_1_75' title='bbox 1370 1135 1485 1171; x_wconf 82' lang='lat' dir='ltr'><strong>suos</strong></span> <span class='ocrx_word' id='word_1_76' title='bbox 1507 1118 1547 1187; x_wconf 83' lang='grc' dir='ltr'>(Ι</span> <span class='ocrx_word' id='word_1_77' title='bbox 1574 1115 1748 1169; x_wconf 77' lang='lat' dir='ltr'><strong>Thess.</strong></span> <span class='ocrx_word' id='word_1_78' title='bbox 1774 1131 1830 1180; x_wconf 90' lang='grc' dir='ltr'>ιι,</span> 
     </span>
    </p>
   </div>
   <div class='ocr_carea' id='block_1_11' title="bbox 261 1209 1836 1291">
    <p class='ocr_par' dir='ltr' id='par_1_11' title="bbox 261 1209 1836 1291">
     <span class='ocr_line' id='line_1_11' title="bbox 261 1209 1836 1291; baseline -0.008 -19"><span class='ocrx_word' id='word_1_79' title='bbox 261 1219 323 1291; x_wconf 82' lang='lat'><strong>7).</strong></span> <span class='ocrx_word' id='word_1_80' title='bbox 371 1218 476 1273; x_wconf 81' lang='lat' dir='ltr'><strong>Sed</strong></span> <span class='ocrx_word' id='word_1_81' title='bbox 505 1233 631 1272; x_wconf 85' lang='lat' dir='ltr'><strong>cum</strong></span> <span class='ocrx_word' id='word_1_82' title='bbox 660 1217 728 1269; x_wconf 89' lang='lat' dir='ltr'><strong>ad</strong></span> <span class='ocrx_word' id='word_1_83' title='bbox 753 1215 1044 1283; x_wconf 78' lang='lat' dir='ltr'><strong>periculum</strong></span> <span class='ocrx_word' id='word_1_84' title='bbox 1074 1221 1282 1265; x_wconf 86' lang='lat' dir='ltr'><strong>ventum</strong></span> <span class='ocrx_word' id='word_1_85' title='bbox 1317 1209 1490 1271; x_wconf 89' lang='lat' dir='ltr'><strong>fuerit,</strong></span> <span class='ocrx_word' id='word_1_86' title='bbox 1519 1225 1622 1277; x_wconf 84' lang='lat' dir='ltr'><strong>quo</strong></span> <span class='ocrx_word' id='word_1_87' title='bbox 1643 1222 1836 1276; x_wconf 74' lang='lat' dir='ltr'><strong>panu-</strong></span> 
     </span>
    </p>
   </div>
   <div class='ocr_carea' id='block_1_12' title="bbox 259 1299 1834 1384">
    <p class='ocr_par' dir='ltr' id='par_1_12' title="bbox 259 1299 1834 1384">
     <span class='ocr_line' id='line_1_12' title="bbox 259 1299 1834 1384; baseline -0.009 -18"><span class='ocrx_word' id='word_1_88' title='bbox 259 1313 328 1366; x_wconf 88' lang='lat' dir='ltr'><strong>los</strong></span> <span class='ocrx_word' id='word_1_89' title='bbox 345 1314 634 1384; x_wconf 71' lang='lat' dir='ltr'><strong>dividatur,</strong></span> <span class='ocrx_word' id='word_1_90' title='bbox 657 1325 779 1363; x_wconf 89' lang='lat' dir='ltr'><strong>cum</strong></span> <span class='ocrx_word' id='word_1_91' title='bbox 807 1308 906 1362; x_wconf 83' lang='lat' dir='ltr'><strong>sibi</strong></span> <span class='ocrx_word' id='word_1_92' title='bbox 935 1307 1190 1360; x_wconf 87' lang='lat' dir='ltr'><strong>honorem</strong></span> <span class='ocrx_word' id='word_1_93' title='bbox 1219 1303 1405 1357; x_wconf 87' lang='lat' dir='ltr'><strong>falsum</strong></span> <span class='ocrx_word' id='word_1_94' title='bbox 1431 1301 1696 1354; x_wconf 70' lang='lat' dir='ltr'><strong>simulatio</strong></span> <span class='ocrx_word' id='word_1_95' title='bbox 1717 1299 1834 1352; x_wconf 83' lang='lat' dir='ltr'><strong>vitt-</strong></span> 
     </span>
    </p>
   </div>
   <div class='ocr_carea' id='block_1_13' title="bbox 257 1395 1834 1467">
    <p class='ocr_par' dir='ltr' id='par_1_13' title="bbox 257 1395 1834 1467">
     <span class='ocr_line' id='line_1_13' title="bbox 257 1395 1834 1467; baseline -0.008 -11"><span class='ocrx_word' id='word_1_96' title='bbox 257 1404 418 1466; x_wconf 85' lang='lat' dir='ltr'><strong>dicat,</strong></span> <span class='ocrx_word' id='word_1_97' title='bbox 464 1413 519 1457; x_wconf 88' lang='lat' dir='ltr'><strong>et</strong></span> <span class='ocrx_word' id='word_1_98' title='bbox 559 1401 801 1456; x_wconf 87' lang='lat' dir='ltr'><strong>scindere</strong></span> <span class='ocrx_word' id='word_1_99' title='bbox 847 1408 1028 1467; x_wconf 84' lang='lat' dir='ltr'><strong>parata</strong></span> <span class='ocrx_word' id='word_1_100' title='bbox 1067 1405 1150 1449; x_wconf 90' lang='lat' dir='ltr'><strong>est</strong></span> <span class='ocrx_word' id='word_1_101' title='bbox 1192 1395 1483 1457; x_wconf 88' lang='lat' dir='ltr'><strong>unitatem;</strong></span> <span class='ocrx_word' id='word_1_102' title='bbox 1528 1398 1834 1446; x_wconf 87' lang='lat' dir='ltr'><strong>contemnat</strong></span> 
     </span>
    </p>
   </div>
   <div class='ocr_carea' id='block_1_14' title="bbox 256 1483 1828 1551">
    <p class='ocr_par' dir='ltr' id='par_1_14' title="bbox 256 1483 1828 1551">
     <span class='ocr_line' id='line_1_14' title="bbox 256 1483 1828 1551; baseline -0.01 -4"><span class='ocrx_word' id='word_1_103' title='bbox 256 1506 422 1548; x_wconf 84' lang='lat' dir='ltr'><strong>mater</strong></span> <span class='ocrx_word' id='word_1_104' title='bbox 451 1492 702 1546; x_wconf 80' lang='lat' dir='ltr'><strong>honorem</strong></span> <span class='ocrx_word' id='word_1_105' title='bbox 748 1504 902 1542; x_wconf 84' lang='lat' dir='ltr'><strong>suum</strong></span> <span class='ocrx_word' id='word_1_106' title='bbox 924 1527 939 1550; x_wconf 89' lang='lat'><strong>,</strong></span> <span class='ocrx_word' id='word_1_107' title='bbox 971 1487 1095 1540; x_wconf 91' lang='lat' dir='ltr'><strong>dum</strong></span> <span class='ocrx_word' id='word_1_108' title='bbox 1124 1485 1287 1539; x_wconf 88' lang='lat' dir='ltr'><strong>ﬁlium</strong></span> <span class='ocrx_word' id='word_1_109' title='bbox 1325 1483 1499 1536; x_wconf 85' lang='lat' dir='ltr'><strong>videat</strong></span> <span class='ocrx_word' id='word_1_110' title='bbox 1539 1483 1828 1551; x_wconf 71' lang='lat' dir='ltr'><strong>integrann,</strong></span> 
     </span>
    </p>
   </div>
   <div class='ocr_carea' id='block_1_15' title="bbox 255 1571 1832 1653">
    <p class='ocr_par' dir='ltr' id='par_1_15' title="bbox 255 1571 1832 1653">
     <span class='ocr_line' id='line_1_15' title="bbox 255 1571 1832 1653; baseline -0.009 -15"><span class='ocrx_word' id='word_1_111' title='bbox 255 1589 532 1653; x_wconf 82' lang='lat' dir='ltr'><strong>virumque</strong></span> <span class='ocrx_word' id='word_1_112' title='bbox 578 1591 782 1645; x_wconf 85' lang='lat' dir='ltr'><strong>servet;</strong></span> <span class='ocrx_word' id='word_1_113' title='bbox 816 1593 884 1633; x_wconf 88' lang='lat' dir='ltr'><strong>ne</strong></span> <span class='ocrx_word' id='word_1_114' title='bbox 927 1578 1060 1630; x_wconf 87' lang='lat' dir='ltr'><strong>forte</strong></span> <span class='ocrx_word' id='word_1_115' title='bbox 1101 1591 1222 1630; x_wconf 90' lang='lat' dir='ltr'><strong>cum</strong></span> <span class='ocrx_word' id='word_1_116' title='bbox 1259 1575 1494 1628; x_wconf 87' lang='lat' dir='ltr'><strong>debitum</strong></span> <span class='ocrx_word' id='word_1_117' title='bbox 1537 1571 1832 1626; x_wconf 70' lang='lat' dir='ltr'><strong>visceribus</strong></span> 
     </span>
    </p>
   </div>
   <div class='ocr_carea' id='block_1_16' title="bbox 252 1663 1830 1740">
    <p class='ocr_par' dir='ltr' id='par_1_16' title="bbox 252 1663 1830 1740">
     <span class='ocr_line' id='line_1_16' title="bbox 252 1663 1830 1740; baseline -0.01 -11"><span class='ocrx_word' id='word_1_118' title='bbox 252 1678 358 1731; x_wconf 71' lang='lat' dir='ltr'><strong>suis</strong></span> <span class='ocrx_word' id='word_1_119' title='bbox 384 1675 640 1728; x_wconf 87' lang='lat' dir='ltr'><strong>honorem</strong></span> <span class='ocrx_word' id='word_1_120' title='bbox 669 1669 984 1740; x_wconf 75' lang='lat' dir='ltr'><strong>pertinacius</strong></span> <span class='ocrx_word' id='word_1_121' title='bbox 1013 1666 1239 1721; x_wconf 81' lang='lat' dir='ltr'><strong>vindicat</strong></span> <span class='ocrx_word' id='word_1_122' title='bbox 1257 1707 1270 1729; x_wconf 95' lang='lat'><strong>,</strong></span> <span class='ocrx_word' id='word_1_123' title='bbox 1299 1665 1390 1720; x_wconf 88' lang='lat' dir='ltr'><strong>det</strong></span> <span class='ocrx_word' id='word_1_124' title='bbox 1418 1667 1585 1717; x_wconf 88' lang='lat' dir='ltr'><strong>locum</strong></span> <span class='ocrx_word' id='word_1_125' title='bbox 1611 1663 1830 1716; x_wconf 83' lang='lat' dir='ltr'><strong>simula-</strong></span> 
     </span>
    </p>
   </div>
   <div class='ocr_carea' id='block_1_17' title="bbox 257 1753 1830 1834">
    <p class='ocr_par' dir='ltr' id='par_1_17' title="bbox 257 1753 1830 1834">
     <span class='ocr_line' id='line_1_17' title="bbox 257 1753 1830 1834; baseline -0.008 -15"><span class='ocrx_word' id='word_1_126' title='bbox 257 1768 380 1820; x_wconf 82' lang='lat' dir='ltr'><strong>tioni</strong></span> <span class='ocrx_word' id='word_1_127' title='bbox 415 1782 510 1834; x_wconf 86' lang='lat' dir='ltr'><strong>per</strong></span> <span class='ocrx_word' id='word_1_128' title='bbox 531 1763 840 1828; x_wconf 65' lang='lat' dir='ltr'><strong>machajram</strong></span> <span class='ocrx_word' id='word_1_129' title='bbox 867 1759 1170 1814; x_wconf 87' lang='lat' dir='ltr'><strong>schismatis</strong></span> <span class='ocrx_word' id='word_1_130' title='bbox 1193 1757 1398 1810; x_wconf 86' lang='lat' dir='ltr'><strong>infirma</strong></span> <span class='ocrx_word' id='word_1_131' title='bbox 1429 1755 1665 1808; x_wconf 87' lang='lat' dir='ltr'><strong>membra</strong></span> <span class='ocrx_word' id='word_1_132' title='bbox 1692 1753 1830 1807; x_wconf 81' lang='lat' dir='ltr'><strong>divi-</strong></span> 
     </span>
    </p>
   </div>
   <div class='ocr_carea' id='block_1_18' title="bbox 251 1847 1824 1924">
    <p class='ocr_par' dir='ltr' id='par_1_18' title="bbox 251 1847 1824 1924">
     <span class='ocr_line' id='line_1_18' title="bbox 251 1847 1824 1924; baseline -0.008 -11"><span class='ocrx_word' id='word_1_133' title='bbox 251 1862 394 1913; x_wconf 88' lang='lat' dir='ltr'><strong>dere.</strong></span> <span class='ocrx_word' id='word_1_134' title='bbox 446 1859 591 1911; x_wconf 83' lang='lat' dir='ltr'><strong>Dicat</strong></span> <span class='ocrx_word' id='word_1_135' title='bbox 638 1869 767 1924; x_wconf 58' lang='lat' dir='ltr'><strong>ergo</strong></span> <span class='ocrx_word' id='word_1_136' title='bbox 810 1854 1044 1907; x_wconf 88' lang='lat' dir='ltr'><strong>charitas</strong></span> <span class='ocrx_word' id='word_1_137' title='bbox 1081 1858 1286 1916; x_wconf 88' lang='lat' dir='ltr'><strong>mater,</strong></span> <span class='ocrx_word' id='word_1_138' title='bbox 1331 1849 1462 1902; x_wconf 84' lang='lat' dir='ltr'><strong>Date</strong></span> <span class='ocrx_word' id='word_1_139' title='bbox 1489 1847 1566 1902; x_wconf 83' lang='lat' dir='ltr'><strong>illi</strong></span> <span class='ocrx_word' id='word_1_140' title='bbox 1595 1864 1824 1919; x_wconf 82' lang='lat' dir='ltr'><strong>puerum.</strong></span> 
     </span>
    </p>
   </div>
   <div class='ocr_carea' id='block_1_19' title="bbox 255 1935 1829 2011">
    <p class='ocr_par' dir='ltr' id='par_1_19' title="bbox 255 1935 1829 2011">
     <span class='ocr_line' id='line_1_19' title="bbox 255 1935 1829 2011; baseline -0.007 -10"><span class='ocrx_word' id='word_1_141' title='bbox 255 1951 367 2004; x_wconf 69' lang='lat' dir='ltr'><strong>Sive</strong></span> <span class='ocrx_word' id='word_1_142' title='bbox 393 1948 680 2008; x_wconf 71' lang='lat' dir='ltr'><strong>occasione,</strong></span> <span class='ocrx_word' id='word_1_143' title='bbox 707 1946 808 2000; x_wconf 82' lang='lat' dir='ltr'><strong>sive</strong></span> <span class='ocrx_word' id='word_1_144' title='bbox 836 1945 1036 1998; x_wconf 66' lang='lat' dir='ltr'><strong>veritate</strong></span> <span class='ocrx_word' id='word_1_145' title='bbox 1071 1940 1300 1996; x_wconf 73' lang='lat' dir='ltr'><strong>Christus</strong></span> <span class='ocrx_word' id='word_1_146' title='bbox 1327 1939 1651 1992; x_wconf 80' lang='lat' dir='ltr'><strong>annuntietar</strong></span> <span class='ocrx_word' id='word_1_147' title='bbox 1677 1935 1829 2011; x_wconf 78' lang='lat' dir='ltr'><strong>(Plii-</strong></span> 
     </span>
    </p>
   </div>
   <div class='ocr_carea' id='block_1_20' title="bbox 251 2030 1826 2112">
    <p class='ocr_par' dir='ltr' id='par_1_20' title="bbox 251 2030 1826 2112">
     <span class='ocr_line' id='line_1_20' title="bbox 251 2030 1826 2112; baseline -0.008 -18"><span class='ocrx_word' id='word_1_148' title='bbox 251 2042 366 2112; x_wconf 78' lang='lat' dir='ltr'><strong>lipp.</strong></span> <span class='ocrx_word' id='word_1_149' title='bbox 397 2057 434 2105; x_wconf 90' lang='grc' dir='ltr'>ι,</span> <span class='ocrx_word' id='word_1_150' title='bbox 467 2039 577 2106; x_wconf 81' lang='lat' dir='ltr'><strong>l8).</strong></span> <span class='ocrx_word' id='word_1_151' title='bbox 614 2037 669 2091; x_wconf 91' lang='lat' dir='ltr'><strong>lu</strong></span> <span class='ocrx_word' id='word_1_152' title='bbox 713 2036 895 2107; x_wconf 77' lang='lat' dir='ltr'><strong>Moyse</strong></span> <span class='ocrx_word' id='word_1_153' title='bbox 930 2035 1161 2089; x_wconf 70' lang='lat' dir='ltr'><strong>citat-itas</strong></span> <span class='ocrx_word' id='word_1_154' title='bbox 1187 2033 1410 2095; x_wconf 86' lang='lat' dir='ltr'><strong>clamat,</strong></span> <span class='ocrx_word' id='word_1_155' title='bbox 1459 2030 1700 2094; x_wconf 81' lang='lat' dir='ltr'><strong>Domine,</strong></span> <span class='ocrx_word' id='word_1_156' title='bbox 1737 2039 1826 2083; x_wconf 84' lang='lat' dir='ltr'><strong>aut</strong></span> 
     </span>
    </p>
   </div>
   <div class='ocr_carea' id='block_1_21' title="bbox 251 2121 1822 2203">
    <p class='ocr_par' dir='ltr' id='par_1_21' title="bbox 251 2121 1822 2203">
     <span class='ocr_line' id='line_1_21' title="bbox 251 2121 1822 2203; baseline -0.006 -20"><span class='ocrx_word' id='word_1_157' title='bbox 251 2138 440 2203; x_wconf 65' lang='lat' dir='ltr'><strong>ignosce</strong></span> <span class='ocrx_word' id='word_1_158' title='bbox 469 2129 592 2190; x_wconf 81' lang='lat' dir='ltr'><strong>illis,</strong></span> <span class='ocrx_word' id='word_1_159' title='bbox 619 2139 706 2182; x_wconf 73' lang='lat' dir='ltr'><strong>aut</strong></span> <span class='ocrx_word' id='word_1_160' title='bbox 728 2127 841 2180; x_wconf 81' lang='lat' dir='ltr'><strong>dele</strong></span> <span class='ocrx_word' id='word_1_161' title='bbox 865 2143 942 2178; x_wconf 78' lang='lat' dir='ltr'><strong>inc</strong></span> <span class='ocrx_word' id='word_1_162' title='bbox 969 2124 1031 2178; x_wconf 82' lang='lat' dir='ltr'><strong>de</strong></span> <span class='ocrx_word' id='word_1_163' title='bbox 1053 2125 1178 2176; x_wconf 82' lang='lat' dir='ltr'><strong>libro</strong></span> <span class='ocrx_word' id='word_1_164' title='bbox 1206 2133 1290 2176; x_wconf 87' lang='lat' dir='ltr'><strong>tuo</strong></span> <span class='ocrx_word' id='word_1_165' title='bbox 1321 2121 1509 2192; x_wconf 72' lang='lat' dir='ltr'><strong>(Exod.</strong></span> <span class='ocrx_word' id='word_1_166' title='bbox 1535 2137 1706 2184; x_wconf 74' lang='lat' dir='ltr'><strong>xxxn,</strong></span> <span class='ocrx_word' id='word_1_167' title='bbox 1733 2121 1822 2184; x_wconf 77' lang='lat' dir='ltr'><strong>5i,</strong></span> 
     </span>
    </p>
   </div>
   <div class='ocr_carea' id='block_1_22' title="bbox 255 2210 1824 2290">
    <p class='ocr_par' dir='ltr' id='par_1_22' title="bbox 255 2210 1824 2290">
     <span class='ocr_line' id='line_1_22' title="bbox 255 2210 1824 2290; baseline -0.011 -11"><span class='ocrx_word' id='word_1_168' title='bbox 255 2224 355 2290; x_wconf 74' lang='lat'><strong>52).</strong></span> <span class='ocrx_word' id='word_1_169' title='bbox 384 2223 438 2277; x_wconf 84' lang='lat' dir='ltr'><strong>In</strong></span> <span class='ocrx_word' id='word_1_170' title='bbox 470 2219 754 2275; x_wconf 70' lang='lat' dir='ltr'><strong>Pharisa&#39;is</strong></span> <span class='ocrx_word' id='word_1_171' title='bbox 782 2227 959 2272; x_wconf 85' lang='lat' dir='ltr'><strong>autem</strong></span> <span class='ocrx_word' id='word_1_172' title='bbox 987 2213 1255 2268; x_wconf 77' lang='lat' dir='ltr'><strong>simulatio</strong></span> <span class='ocrx_word' id='word_1_173' title='bbox 1291 2213 1522 2281; x_wconf 85' lang='lat' dir='ltr'><strong>loquitur</strong></span> <span class='ocrx_word' id='word_1_174' title='bbox 1541 2252 1556 2276; x_wconf 91' lang='lat'><strong>,</strong></span> <span class='ocrx_word' id='word_1_175' title='bbox 1585 2211 1646 2264; x_wconf 84' lang='lat' dir='ltr'><strong>Si</strong></span> <span class='ocrx_word' id='word_1_176' title='bbox 1674 2210 1824 2263; x_wconf 84' lang='lat' dir='ltr'><strong>dimi-</strong></span> 
     </span>
    </p>
   </div>
   <div class='ocr_carea' id='block_1_23' title="bbox 255 2301 1824 2373">
    <p class='ocr_par' dir='ltr' id='par_1_23' title="bbox 255 2301 1824 2373">
     <span class='ocr_line' id='line_1_23' title="bbox 255 2301 1824 2373; baseline -0.009 -7"><span class='ocrx_word' id='word_1_177' title='bbox 255 2316 450 2366; x_wconf 73' lang='lat' dir='ltr'><strong>serimus</strong></span> <span class='ocrx_word' id='word_1_178' title='bbox 479 2329 594 2366; x_wconf 75' lang='lat' dir='ltr'><strong>eum</strong></span> <span class='ocrx_word' id='word_1_179' title='bbox 619 2353 635 2373; x_wconf 92' lang='lat'><strong>,</strong></span> <span class='ocrx_word' id='word_1_180' title='bbox 667 2310 870 2361; x_wconf 73' lang='lat' dir='ltr'><strong>omittat</strong></span> <span class='ocrx_word' id='word_1_181' title='bbox 899 2305 1118 2360; x_wconf 80' lang='lat' dir='ltr'><strong>Romani</strong></span> <span class='ocrx_word' id='word_1_182' title='bbox 1141 2345 1156 2368; x_wconf 94' lang='lat'><strong>,</strong></span> <span class='ocrx_word' id='word_1_183' title='bbox 1189 2314 1234 2357; x_wconf 80' lang='lat' dir='ltr'><strong>et</strong></span> <span class='ocrx_word' id='word_1_184' title='bbox 1261 2302 1442 2356; x_wconf 84' lang='lat' dir='ltr'><strong>tollunt</strong></span> <span class='ocrx_word' id='word_1_185' title='bbox 1469 2301 1609 2355; x_wconf 79' lang='lat' dir='ltr'><strong>nobis</strong></span> <span class='ocrx_word' id='word_1_186' title='bbox 1633 2310 1824 2370; x_wconf 71' lang='lat' dir='ltr'><strong>genum</strong></span> 
     </span>
    </p>
   </div>
   <div class='ocr_carea' id='block_1_24' title="bbox 255 2392 1825 2471">
    <p class='ocr_par' dir='ltr' id='par_1_24' title="bbox 255 2392 1825 2471">
     <span class='ocr_line' id='line_1_24' title="bbox 255 2392 1825 2471; baseline -0.009 -15"><span class='ocrx_word' id='word_1_187' title='bbox 255 2415 293 2456; x_wconf 75' lang='lat' dir='ltr'><strong>rt</strong></span> <span class='ocrx_word' id='word_1_188' title='bbox 317 2406 478 2456; x_wconf 75' lang='lat' dir='ltr'><strong>locum</strong></span> <span class='ocrx_word' id='word_1_189' title='bbox 507 2401 686 2471; x_wconf 86' lang='lat' dir='ltr'><strong>(Joan.</strong></span> <span class='ocrx_word' id='word_1_190' title='bbox 709 2415 784 2461; x_wconf 73' lang='grc' dir='ltr'>ιιι.</span> <span class='ocrx_word' id='word_1_191' title='bbox 817 2399 929 2468; x_wconf 73' lang='grc'><strong>48).</strong></span> <span class='ocrx_word' id='word_1_192' title='bbox 961 2396 1074 2450; x_wconf 85' lang='lat' dir='ltr'><strong>Non</strong></span> <span class='ocrx_word' id='word_1_193' title='bbox 1105 2396 1244 2450; x_wconf 89' lang='lat' dir='ltr'><strong>enim</strong></span> <span class='ocrx_word' id='word_1_194' title='bbox 1280 2395 1574 2453; x_wconf 88' lang='lat' dir='ltr'><strong>veritatem,</strong></span> <span class='ocrx_word' id='word_1_195' title='bbox 1607 2392 1698 2444; x_wconf 83' lang='lat' dir='ltr'><strong>sed</strong></span> <span class='ocrx_word' id='word_1_196' title='bbox 1727 2406 1825 2443; x_wconf 87' lang='lat' dir='ltr'><strong>uo-</strong></span> 
     </span>
    </p>
   </div>
   <div class='ocr_carea' id='block_1_25' title="bbox 259 2481 1822 2557">
    <p class='ocr_par' dir='ltr' id='par_1_25' title="bbox 259 2481 1822 2557">
     <span class='ocr_line' id='line_1_25' title="bbox 259 2481 1822 2557; baseline -0.007 -12"><span class='ocrx_word' id='word_1_197' title='bbox 259 2510 364 2546; x_wconf 77' lang='lat' dir='ltr'><strong>ureu</strong></span> <span class='ocrx_word' id='word_1_198' title='bbox 391 2493 637 2544; x_wconf 73' lang='lat' dir='ltr'><strong>volebant</strong></span> <span class='ocrx_word' id='word_1_199' title='bbox 667 2487 1098 2557; x_wconf 64' lang='lat' dir='ltr'><strong>liaberejnstitite</strong></span> <span class='ocrx_word' id='word_1_200' title='bbox 1122 2525 1137 2550; x_wconf 93' lang='lat'><strong>,</strong></span> <span class='ocrx_word' id='word_1_201' title='bbox 1185 2494 1238 2538; x_wconf 90' lang='lat' dir='ltr'><strong>et</strong></span> <span class='ocrx_word' id='word_1_202' title='bbox 1285 2483 1544 2536; x_wconf 88' lang='lat' dir='ltr'><strong>honoretn</strong></span> <span class='ocrx_word' id='word_1_203' title='bbox 1589 2481 1822 2535; x_wconf 85' lang='lat' dir='ltr'><strong>debitum</strong></span> 
     </span>
    </p>
   </div>
   <div class='ocr_carea' id='block_1_26' title="bbox 257 2573 1824 2652">
    <p class='ocr_par' dir='ltr' id='par_1_26' title="bbox 257 2573 1824 2652">
     <span class='ocr_line' id='line_1_26' title="bbox 257 2573 1824 2652; baseline -0.003 -20"><span class='ocrx_word' id='word_1_204' title='bbox 257 2584 395 2652; x_wconf 68' lang='lat' dir='ltr'><strong>jastis</strong></span> <span class='ocrx_word' id='word_1_205' title='bbox 423 2599 514 2651; x_wconf 76' lang='lat' dir='ltr'><strong>per</strong></span> <span class='ocrx_word' id='word_1_206' title='bbox 542 2581 799 2634; x_wconf 87' lang='lat' dir='ltr'><strong>fallaciam</strong></span> <span class='ocrx_word' id='word_1_207' title='bbox 833 2589 1010 2633; x_wconf 83' lang='lat' dir='ltr'><strong>tenere</strong></span> <span class='ocrx_word' id='word_1_208' title='bbox 1039 2577 1340 2646; x_wconf 87' lang='lat' dir='ltr'><strong>cupiebant.</strong></span> <span class='ocrx_word' id='word_1_209' title='bbox 1373 2573 1570 2629; x_wconf 89' lang='lat' dir='ltr'><strong>Tamen</strong></span> <span class='ocrx_word' id='word_1_210' title='bbox 1599 2587 1824 2644; x_wconf 80' lang='lat' dir='ltr'><strong>regnans</strong></span> 
     </span>
    </p>
   </div>
   <div class='ocr_carea' id='block_1_27' title="bbox 260 2665 1824 2750">
    <p class='ocr_par' dir='ltr' id='par_1_27' title="bbox 260 2665 1824 2750">
     <span class='ocr_line' id='line_1_27' title="bbox 260 2665 1824 2750; baseline -0.005 -24"><span class='ocrx_word' id='word_1_211' title='bbox 260 2678 303 2727; x_wconf 90' lang='lat' dir='ltr'><strong>in</strong></span> <span class='ocrx_word' id='word_1_212' title='bbox 350 2678 428 2729; x_wconf 76' lang='lat' dir='ltr'><strong>eis</strong></span> <span class='ocrx_word' id='word_1_213' title='bbox 469 2674 742 2728; x_wconf 78' lang='lat' dir='ltr'><strong>simulatio</strong></span> <span class='ocrx_word' id='word_1_214' title='bbox 789 2670 1095 2726; x_wconf 82' lang='lat' dir='ltr'><strong>cathedram</strong></span> <span class='ocrx_word' id='word_1_215' title='bbox 1132 2667 1302 2738; x_wconf 63' lang='grc' dir='ltr'><strong>Νη)νεί</strong></span> <span class='ocrx_word' id='word_1_216' title='bbox 1341 2667 1528 2720; x_wconf 74' lang='lat' dir='ltr'><strong>Sedere</strong></span> <span class='ocrx_word' id='word_1_217' title='bbox 1569 2665 1824 2750; x_wconf 84' lang='lat' dir='ltr'><strong>permissa</strong></span> 
     </span>
    </p>
   </div>
   <div class='ocr_carea' id='block_1_28' title="bbox 257 2755 1826 2832">
    <p class='ocr_par' dir='ltr' id='par_1_28' title="bbox 257 2755 1826 2832">
     <span class='ocr_line' id='line_1_28' title="bbox 257 2755 1826 2832; baseline -0.005 -14"><span class='ocrx_word' id='word_1_218' title='bbox 257 2776 346 2829; x_wconf 86' lang='lat' dir='ltr'><strong>est,</strong></span> <span class='ocrx_word' id='word_1_219' title='bbox 378 2776 433 2818; x_wconf 90' lang='lat' dir='ltr'><strong>ut</strong></span> <span class='ocrx_word' id='word_1_220' title='bbox 459 2767 562 2818; x_wconf 79' lang='lat' dir='ltr'><strong>dici</strong></span> <span class='ocrx_word' id='word_1_221' title='bbox 593 2772 772 2832; x_wconf 67' lang='lat' dir='ltr'><strong>passet</strong></span> <span class='ocrx_word' id='word_1_222' title='bbox 800 2779 828 2815; x_wconf 89' lang='lat' dir='ltr'><strong>a</strong></span> <span class='ocrx_word' id='word_1_223' title='bbox 865 2761 1086 2814; x_wconf 85' lang='lat' dir='ltr'><strong>Domino</strong></span> <span class='ocrx_word' id='word_1_224' title='bbox 1107 2801 1121 2824; x_wconf 93' lang='lat'><strong>,</strong></span> <span class='ocrx_word' id='word_1_225' title='bbox 1157 2759 1283 2823; x_wconf 67' lang='lat' dir='ltr'><strong>Quae</strong></span> <span class='ocrx_word' id='word_1_226' title='bbox 1306 2759 1498 2822; x_wconf 83' lang='lat' dir='ltr'><strong>dicunt,</strong></span> <span class='ocrx_word' id='word_1_227' title='bbox 1527 2758 1676 2828; x_wconf 76' lang='lat' dir='ltr'><strong>facile</strong></span> <span class='ocrx_word' id='word_1_228' title='bbox 1693 2771 1714 2820; x_wconf 83' lang='lat'><strong>,&#39;</strong></span> <span class='ocrx_word' id='word_1_229' title='bbox 1737 2755 1826 2810; x_wconf 83' lang='lat' dir='ltr'><strong>sed</strong></span> 
     </span>
    </p>
   </div>
   <div class='ocr_carea' id='block_1_29' title="bbox 256 2847 1826 2924">
    <p class='ocr_par' dir='ltr' id='par_1_29' title="bbox 256 2847 1826 2924">
     <span class='ocr_line' id='line_1_29' title="bbox 256 2847 1826 2924; baseline -0.007 -14"><span class='ocrx_word' id='word_1_230' title='bbox 256 2873 356 2924; x_wconf 66' lang='lat' dir='ltr'><strong>qua</strong></span> <span class='ocrx_word' id='word_1_231' title='bbox 377 2857 570 2924; x_wconf 70' lang='lat' dir='ltr'><strong>{etiam</strong></span> <span class='ocrx_word' id='word_1_232' title='bbox 593 2897 610 2918; x_wconf 92' lang='lat'><strong>,</strong></span> <span class='ocrx_word' id='word_1_233' title='bbox 641 2859 807 2924; x_wconf 78' lang='lat' dir='ltr'><strong>facere</strong></span> <span class='ocrx_word' id='word_1_234' title='bbox 831 2853 984 2905; x_wconf 83' lang='lat' dir='ltr'><strong>nolite</strong></span> <span class='ocrx_word' id='word_1_235' title='bbox 1009 2849 1219 2923; x_wconf 80' lang='lat' dir='ltr'><strong>(Matth.</strong></span> <span class='ocrx_word' id='word_1_236' title='bbox 1245 2864 1382 2902; x_wconf 61' lang='grc' dir='ltr'>χχιιι</span> <span class='ocrx_word' id='word_1_237' title='bbox 1403 2890 1416 2911; x_wconf 83' lang='grc'><em>,</em></span> <span class='ocrx_word' id='word_1_238' title='bbox 1446 2849 1522 2917; x_wconf 82' lang='grc'><strong>5).</strong></span> <span class='ocrx_word' id='word_1_239' title='bbox 1559 2847 1625 2904; x_wconf 90' lang='lat' dir='ltr'><strong>Ut</strong></span> <span class='ocrx_word' id='word_1_240' title='bbox 1655 2849 1826 2900; x_wconf 84' lang='lat' dir='ltr'><strong>hono-</strong></span> 
     </span>
    </p>
   </div>
   <div class='ocr_carea' id='block_1_30' title="bbox 257 2940 1824 3010">
    <p class='ocr_par' dir='ltr' id='par_1_30' title="bbox 257 2940 1824 3010">
     <span class='ocr_line' id='line_1_30' title="bbox 257 2940 1824 3010; baseline -0.006 -6"><span class='ocrx_word' id='word_1_241' title='bbox 257 2967 356 3004; x_wconf 79' lang='lat' dir='ltr'><strong>rem</strong></span> <span class='ocrx_word' id='word_1_242' title='bbox 402 2949 590 3003; x_wconf 80' lang='lat' dir='ltr'><strong>falsum</strong></span> <span class='ocrx_word' id='word_1_243' title='bbox 633 2947 910 3010; x_wconf 79' lang='lat' dir='ltr'><strong>habentes,</strong></span> <span class='ocrx_word' id='word_1_244' title='bbox 953 2945 1174 2996; x_wconf 76' lang='lat' dir='ltr'><strong>veritate</strong></span> <span class='ocrx_word' id='word_1_245' title='bbox 1219 2951 1394 2995; x_wconf 84' lang='lat' dir='ltr'><strong>tamen</strong></span> <span class='ocrx_word' id='word_1_246' title='bbox 1433 2940 1824 3010; x_wconf 80' lang='lat' dir='ltr'><strong>Seriptnrarum</strong></span> 
     </span>
    </p>
   </div>
   <div class='ocr_carea' id='block_1_31' title="bbox 258 3031 1824 3106">
    <p class='ocr_par' dir='ltr' id='par_1_31' title="bbox 258 3031 1824 3106">
     <span class='ocr_line' id='line_1_31' title="bbox 258 3031 1824 3106; baseline -0.004 -16"><span class='ocrx_word' id='word_1_247' title='bbox 258 3040 494 3106; x_wconf 67' lang='lat' dir='ltr'><strong>[nrvulos</strong></span> <span class='ocrx_word' id='word_1_248' title='bbox 521 3038 868 3105; x_wconf 84' lang='lat' dir='ltr'><strong>infirmusque</strong></span> <span class='ocrx_word' id='word_1_249' title='bbox 897 3035 1174 3089; x_wconf 88' lang='lat' dir='ltr'><strong>nutrirent.</strong></span> <span class='ocrx_word' id='word_1_250' title='bbox 1203 3031 1478 3087; x_wconf 53' lang='lat' dir='ltr'><strong>Sintulatio</strong></span> <span class='ocrx_word' id='word_1_251' title='bbox 1504 3033 1644 3086; x_wconf 87' lang='lat' dir='ltr'><strong>enim</strong></span> <span class='ocrx_word' id='word_1_252' title='bbox 1671 3045 1824 3084; x_wconf 89' lang='lat' dir='ltr'><strong>suum</strong></span> 
     </span>
    </p>
   </div>
   <div class='ocr_carea' id='block_1_32' title="bbox 257 3123 1824 3198">
    <p class='ocr_par' dir='ltr' id='par_1_32' title="bbox 257 3123 1824 3198">
     <span class='ocr_line' id='line_1_32' title="bbox 257 3123 1824 3198; baseline -0.006 -16"><span class='ocrx_word' id='word_1_253' title='bbox 257 3130 403 3184; x_wconf 76' lang='lat' dir='ltr'><strong>habet</strong></span> <span class='ocrx_word' id='word_1_254' title='bbox 425 3131 621 3184; x_wconf 87' lang='lat' dir='ltr'><strong>scelus.</strong></span> <span class='ocrx_word' id='word_1_255' title='bbox 647 3144 754 3198; x_wconf 89' lang='lat' dir='ltr'><strong>quo</strong></span> <span class='ocrx_word' id='word_1_256' title='bbox 777 3142 969 3180; x_wconf 89' lang='lat' dir='ltr'><strong>novum</strong></span> <span class='ocrx_word' id='word_1_257' title='bbox 996 3125 1285 3187; x_wconf 84' lang='lat' dir='ltr'><strong>hominem,</strong></span> <span class='ocrx_word' id='word_1_258' title='bbox 1309 3139 1466 3192; x_wconf 90' lang='lat' dir='ltr'><strong>quem</strong></span> <span class='ocrx_word' id='word_1_259' title='bbox 1492 3137 1585 3192; x_wconf 89' lang='lat' dir='ltr'><strong>per</strong></span> <span class='ocrx_word' id='word_1_260' title='bbox 1605 3123 1824 3191; x_wconf 77' lang='lat' dir='ltr'><strong>gratiam</strong></span> 
     </span>
    </p>
   </div>
   <div class='ocr_carea' id='block_1_33' title="bbox 256 3214 1826 3287">
    <p class='ocr_par' dir='ltr' id='par_1_33' title="bbox 256 3214 1826 3287">
     <span class='ocr_line' id='line_1_33' title="bbox 256 3214 1826 3287; baseline -0.006 -12"><span class='ocrx_word' id='word_1_261' title='bbox 256 3221 490 3275; x_wconf 76' lang='lat' dir='ltr'><strong>donantis</strong></span> <span class='ocrx_word' id='word_1_262' title='bbox 517 3227 832 3287; x_wconf 73' lang='lat' dir='ltr'><strong>acceperat,</strong></span> <span class='ocrx_word' id='word_1_263' title='bbox 867 3216 1100 3285; x_wconf 88' lang='lat' dir='ltr'><strong>pondere</strong></span> <span class='ocrx_word' id='word_1_264' title='bbox 1127 3229 1237 3269; x_wconf 79' lang='lat' dir='ltr'><strong>sua:</strong></span> <span class='ocrx_word' id='word_1_265' title='bbox 1261 3214 1595 3268; x_wconf 74' lang='lat' dir='ltr'><strong>domuitionis</strong></span> <span class='ocrx_word' id='word_1_266' title='bbox 1620 3214 1826 3268; x_wconf 82' lang='lat' dir='ltr'><strong>exstin-</strong></span> 
     </span>
    </p>
   </div>
   <div class='ocr_carea' id='block_1_34' title="bbox 255 3305 1824 3378">
    <p class='ocr_par' dir='ltr' id='par_1_34' title="bbox 255 3305 1824 3378">
     <span class='ocr_line' id='line_1_34' title="bbox 255 3305 1824 3378; baseline -0.006 -12"><span class='ocrx_word' id='word_1_267' title='bbox 255 3316 325 3366; x_wconf 79' lang='lat' dir='ltr'><strong>xit</strong></span> <span class='ocrx_word' id='word_1_268' title='bbox 352 3331 366 3342; x_wconf 84' lang='lat'><strong>-</strong></span> <span class='ocrx_word' id='word_1_269' title='bbox 397 3311 486 3366; x_wconf 83' lang='lat' dir='ltr'><strong>sed</strong></span> <span class='ocrx_word' id='word_1_270' title='bbox 507 3313 589 3365; x_wconf 87' lang='lat' dir='ltr'><strong>lac</strong></span> <span class='ocrx_word' id='word_1_271' title='bbox 617 3310 736 3364; x_wconf 80' lang='lat' dir='ltr'><strong>fidei</strong></span> <span class='ocrx_word' id='word_1_272' title='bbox 759 3308 900 3378; x_wconf 90' lang='lat' dir='ltr'><strong>quod</strong></span> <span class='ocrx_word' id='word_1_273' title='bbox 930 3307 1105 3374; x_wconf 71' lang='lat' dir='ltr'><strong>habet,</strong></span> <span class='ocrx_word' id='word_1_274' title='bbox 1135 3322 1240 3360; x_wconf 88' lang='lat' dir='ltr'><strong>non</strong></span> <span class='ocrx_word' id='word_1_275' title='bbox 1261 3315 1339 3360; x_wconf 90' lang='lat' dir='ltr'><strong>est</strong></span> <span class='ocrx_word' id='word_1_276' title='bbox 1356 3307 1488 3374; x_wconf 83' lang='lat' dir='ltr'><strong>ejus.</strong></span> <span class='ocrx_word' id='word_1_277' title='bbox 1513 3305 1643 3374; x_wconf 85' lang='lat' dir='ltr'><strong>Quia</strong></span> <span class='ocrx_word' id='word_1_278' title='bbox 1666 3307 1824 3360; x_wconf 87' lang='lat' dir='ltr'><strong>etiam</strong></span> 
     </span>
    </p>
   </div>
   <div class='ocr_carea' id='block_1_35' title="bbox 257 3395 1822 3470">
    <p class='ocr_par' dir='ltr' id='par_1_35' title="bbox 257 3395 1822 3470">
     <span class='ocr_line' id='line_1_35' title="bbox 257 3395 1822 3470; baseline -0.005 -13"><span class='ocrx_word' id='word_1_279' title='bbox 257 3412 434 3456; x_wconf 63' lang='lat' dir='ltr'><strong>necato</strong></span> <span class='ocrx_word' id='word_1_280' title='bbox 454 3402 698 3470; x_wconf 62' lang='lat' dir='ltr'><strong>parvulo.</strong></span> <span class='ocrx_word' id='word_1_281' title='bbox 726 3401 814 3468; x_wconf 89' lang='lat' dir='ltr'><strong>qui</strong></span> <span class='ocrx_word' id='word_1_282' title='bbox 839 3407 1204 3452; x_wconf 88' lang='lat' dir='ltr'><strong>renascentem</strong></span> <span class='ocrx_word' id='word_1_283' title='bbox 1227 3396 1386 3450; x_wconf 86' lang='lat' dir='ltr'><strong>vitam</strong></span> <span class='ocrx_word' id='word_1_284' title='bbox 1412 3395 1690 3466; x_wconf 80' lang='lat' dir='ltr'><strong>signiﬁcat,</strong></span> <span class='ocrx_word' id='word_1_285' title='bbox 1714 3396 1822 3465; x_wconf 86' lang='lat' dir='ltr'><strong>j:un</strong></span> 
     </span>
    </p>
   </div>
   <div class='ocr_carea' id='block_1_36' title="bbox 257 3487 1822 3551">
    <p class='ocr_par' dir='ltr' id='par_1_36' title="bbox 257 3487 1822 3551">
     <span class='ocr_line' id='line_1_36' title="bbox 257 3487 1822 3551; baseline -0.004 -5"><span class='ocrx_word' id='word_1_286' title='bbox 257 3495 306 3547; x_wconf 89' lang='lat' dir='ltr'><strong>in</strong></span> <span class='ocrx_word' id='word_1_287' title='bbox 332 3494 480 3546; x_wconf 79' lang='lat' dir='ltr'><strong>malis</strong></span> <span class='ocrx_word' id='word_1_288' title='bbox 511 3491 748 3545; x_wconf 73' lang='lat' dir='ltr'><strong>luctibus</strong></span> <span class='ocrx_word' id='word_1_289' title='bbox 775 3488 1040 3544; x_wconf 86' lang='lat' dir='ltr'><strong>simulatio</strong></span> <span class='ocrx_word' id='word_1_290' title='bbox 1067 3487 1352 3540; x_wconf 86' lang='lat' dir='ltr'><strong>constituta</strong></span> <span class='ocrx_word' id='word_1_291' title='bbox 1377 3527 1392 3551; x_wconf 93' lang='lat'><strong>,</strong></span> <span class='ocrx_word' id='word_1_292' title='bbox 1426 3487 1620 3540; x_wconf 85' lang='lat' dir='ltr'><strong>retinet</strong></span> <span class='ocrx_word' id='word_1_293' title='bbox 1646 3495 1822 3540; x_wconf 87' lang='lat' dir='ltr'><strong>tamen</strong></span> 
     </span>
    </p>
   </div>
   <div class='ocr_carea' id='block_1_37' title="bbox 255 3579 1824 3652">
    <p class='ocr_par' dir='ltr' id='par_1_37' title="bbox 255 3579 1824 3652">
     <span class='ocr_line' id='line_1_37' title="bbox 255 3579 1824 3652; baseline -0.004 -14"><span class='ocrx_word' id='word_1_294' title='bbox 255 3586 304 3638; x_wconf 84' lang='lat' dir='ltr'><strong>in</strong></span> <span class='ocrx_word' id='word_1_295' title='bbox 329 3585 602 3648; x_wconf 72' lang='lat' dir='ltr'><strong>memoria,</strong></span> <span class='ocrx_word' id='word_1_296' title='bbox 628 3593 876 3652; x_wconf 85' lang='lat' dir='ltr'><strong>tanquam</strong></span> <span class='ocrx_word' id='word_1_297' title='bbox 905 3581 958 3636; x_wconf 94' lang='lat' dir='ltr'><strong>in</strong></span> <span class='ocrx_word' id='word_1_298' title='bbox 987 3580 1258 3643; x_wconf 68' lang='lat' dir='ltr'><strong>uberibus,</strong></span> <span class='ocrx_word' id='word_1_299' title='bbox 1283 3580 1443 3634; x_wconf 87' lang='lat' dir='ltr'><strong>verba</strong></span> <span class='ocrx_word' id='word_1_300' title='bbox 1473 3579 1590 3633; x_wconf 87' lang='lat' dir='ltr'><strong>ﬁdei</strong></span> <span class='ocrx_word' id='word_1_301' title='bbox 1620 3579 1824 3633; x_wconf 80' lang='lat' dir='ltr'><strong>doctri-</strong></span> 
     </span>
    </p>
   </div>
   <div class='ocr_carea' id='block_1_38' title="bbox 255 3670 1825 3744">
    <p class='ocr_par' dir='ltr' id='par_1_38' title="bbox 255 3670 1825 3744">
     <span class='ocr_line' id='line_1_38' title="bbox 255 3670 1825 3744; baseline -0.003 -16"><span class='ocrx_word' id='word_1_302' title='bbox 255 3692 472 3744; x_wconf 80' lang='lat' dir='ltr'><strong>namque</strong></span> <span class='ocrx_word' id='word_1_303' title='bbox 501 3675 842 3730; x_wconf 56' lang='lat' dir='ltr'><strong>Christianam</strong></span> <span class='ocrx_word' id='word_1_304' title='bbox 867 3715 880 3740; x_wconf 89' lang='lat'><strong>,</strong></span> <span class='ocrx_word' id='word_1_305' title='bbox 910 3688 1026 3742; x_wconf 81' lang='lat' dir='ltr'><strong>qua:</strong></span> <span class='ocrx_word' id='word_1_306' title='bbox 1053 3672 1302 3725; x_wconf 88' lang='lat' dir='ltr'><strong>omnibus</strong></span> <span class='ocrx_word' id='word_1_307' title='bbox 1325 3671 1392 3724; x_wconf 89' lang='lat' dir='ltr'><strong>ad</strong></span> <span class='ocrx_word' id='word_1_308' title='bbox 1424 3670 1708 3724; x_wconf 78' lang='lat' dir='ltr'><strong>Ecdesiam</strong></span> <span class='ocrx_word' id='word_1_309' title='bbox 1735 3684 1825 3724; x_wconf 81' lang='lat' dir='ltr'><strong>ve-</strong></span> 
     </span>
    </p>
   </div>
   <div class='ocr_carea' id='block_1_39' title="bbox 259 3760 1824 3832">
    <p class='ocr_par' dir='ltr' id='par_1_39' title="bbox 259 3760 1824 3832">
     <span class='ocr_line' id='line_1_39' title="bbox 259 3760 1824 3832; baseline -0.003 -13"><span class='ocrx_word' id='word_1_310' title='bbox 259 3766 512 3820; x_wconf 70' lang='lat' dir='ltr'><strong>nientibus</strong></span> <span class='ocrx_word' id='word_1_311' title='bbox 543 3765 787 3820; x_wconf 87' lang='lat' dir='ltr'><strong>traditur.</strong></span> <span class='ocrx_word' id='word_1_312' title='bbox 819 3764 897 3818; x_wconf 79' lang='lat' dir='ltr'><strong>Ex</strong></span> <span class='ocrx_word' id='word_1_313' title='bbox 944 3763 1045 3817; x_wconf 88' lang='lat' dir='ltr'><strong>isto</strong></span> <span class='ocrx_word' id='word_1_314' title='bbox 1087 3762 1223 3818; x_wconf 85' lang='lat' dir='ltr'><strong>lacte</strong></span> <span class='ocrx_word' id='word_1_315' title='bbox 1252 3771 1460 3832; x_wconf 87' lang='lat' dir='ltr'><strong>poterat</strong></span> <span class='ocrx_word' id='word_1_316' title='bbox 1498 3762 1655 3815; x_wconf 89' lang='lat' dir='ltr'><strong>etiam</strong></span> <span class='ocrx_word' id='word_1_317' title='bbox 1694 3760 1824 3816; x_wconf 56' lang='lat' dir='ltr'><strong>falsa</strong></span> 
     </span>
    </p>
   </div>
   <div class='ocr_carea' id='block_1_40' title="bbox 261 3852 1822 3921">
    <p class='ocr_par' dir='ltr' id='par_1_40' title="bbox 261 3852 1822 3921">
     <span class='ocr_line' id='line_1_40' title="bbox 261 3852 1822 3921; baseline -0.001 -13"><span class='ocrx_word' id='word_1_318' title='bbox 261 3867 416 3911; x_wconf 82' lang='lat' dir='ltr'><strong>mater</strong></span> <span class='ocrx_word' id='word_1_319' title='bbox 439 3874 578 3911; x_wconf 78' lang='lat' dir='ltr'><strong>vera:</strong></span> <span class='ocrx_word' id='word_1_320' title='bbox 621 3865 796 3909; x_wconf 85' lang='lat' dir='ltr'><strong>tamen</strong></span> <span class='ocrx_word' id='word_1_321' title='bbox 829 3853 950 3908; x_wconf 89' lang='lat' dir='ltr'><strong>ﬁdei</strong></span> <span class='ocrx_word' id='word_1_322' title='bbox 989 3869 1205 3907; x_wconf 82' lang='lat' dir='ltr'><strong>succum</strong></span> <span class='ocrx_word' id='word_1_323' title='bbox 1243 3853 1448 3921; x_wconf 84' lang='lat' dir='ltr'><strong>sugeuti</strong></span> <span class='ocrx_word' id='word_1_324' title='bbox 1491 3852 1711 3921; x_wconf 85' lang='lat' dir='ltr'><strong>parvulo</strong></span> <span class='ocrx_word' id='word_1_325' title='bbox 1738 3853 1822 3906; x_wconf 91' lang='lat' dir='ltr'><strong>in-</strong></span> 
     </span>
    </p>
   </div>
   <div class='ocr_carea' id='block_1_41' title="bbox 262 3945 1823 4008">
    <p class='ocr_par' dir='ltr' id='par_1_41' title="bbox 262 3945 1823 4008">
     <span class='ocr_line' id='line_1_41' title="bbox 262 3945 1823 4008; baseline 0.001 -10"><span class='ocrx_word' id='word_1_326' title='bbox 262 3947 484 4000; x_wconf 76' lang='lat' dir='ltr'><strong>tendere.</strong></span> <span class='ocrx_word' id='word_1_327' title='bbox 530 3945 656 4000; x_wconf 88' lang='lat' dir='ltr'><strong>lude</strong></span> <span class='ocrx_word' id='word_1_328' title='bbox 693 3961 882 3999; x_wconf 82' lang='lat' dir='ltr'><strong>secura</strong></span> <span class='ocrx_word' id='word_1_329' title='bbox 913 3954 995 4000; x_wconf 86' lang='lat' dir='ltr'><strong>est</strong></span> <span class='ocrx_word' id='word_1_330' title='bbox 1023 3960 1142 3998; x_wconf 83' lang='lat' dir='ltr'><strong>vera</strong></span> <span class='ocrx_word' id='word_1_331' title='bbox 1175 3951 1384 4008; x_wconf 82' lang='lat' dir='ltr'><strong>mater,</strong></span> <span class='ocrx_word' id='word_1_332' title='bbox 1431 3959 1551 3997; x_wconf 90' lang='lat' dir='ltr'><strong>cum</strong></span> <span class='ocrx_word' id='word_1_333' title='bbox 1593 3945 1748 3998; x_wconf 87' lang='lat' dir='ltr'><strong>etiam</strong></span> <span class='ocrx_word' id='word_1_334' title='bbox 1794 3959 1823 4000; x_wconf 88' lang='lat' dir='ltr'><strong>a</strong></span> 
     </span>
    </p>
   </div>
   <div class='ocr_carea' id='block_1_42' title="bbox 261 4037 1822 4107">
    <p class='ocr_par' dir='ltr' id='par_1_42' title="bbox 261 4037 1822 4107">
     <span class='ocr_line' id='line_1_42' title="bbox 261 4037 1822 4107; baseline 0.001 -16"><span class='ocrx_word' id='word_1_335' title='bbox 261 4039 645 4093; x_wconf 78' lang='lat' dir='ltr'><strong>situulatoribns</strong></span> <span class='ocrx_word' id='word_1_336' title='bbox 687 4040 738 4092; x_wconf 90' lang='lat' dir='ltr'><strong>in</strong></span> <span class='ocrx_word' id='word_1_337' title='bbox 790 4038 1027 4092; x_wconf 73' lang='lat' dir='ltr'><strong>Ecclesia</strong></span> <span class='ocrx_word' id='word_1_338' title='bbox 1073 4039 1322 4107; x_wconf 84' lang='lat' dir='ltr'><strong>parvulus</strong></span> <span class='ocrx_word' id='word_1_339' title='bbox 1365 4037 1480 4105; x_wconf 85' lang='lat' dir='ltr'><strong>ejus</strong></span> <span class='ocrx_word' id='word_1_340' title='bbox 1525 4039 1822 4092; x_wconf 86' lang='lat' dir='ltr'><strong>divinarum</strong></span> 
     </span>
    </p>
   </div>
   <div class='ocr_carea' id='block_1_43' title="bbox 261 4128 1826 4199">
    <p class='ocr_par' dir='ltr' id='par_1_43' title="bbox 261 4128 1826 4199">
     <span class='ocr_line' id='line_1_43' title="bbox 261 4128 1826 4199; baseline 0.002 -17"><span class='ocrx_word' id='word_1_341' title='bbox 261 4128 636 4198; x_wconf 69' lang='lat' dir='ltr'><strong>Scrzpturannn</strong></span> <span class='ocrx_word' id='word_1_342' title='bbox 659 4129 937 4183; x_wconf 72' lang='lat' dir='ltr'><strong>catholicze</strong></span> <span class='ocrx_word' id='word_1_343' title='bbox 965 4128 1081 4182; x_wconf 87' lang='lat' dir='ltr'><strong>ﬁdei</strong></span> <span class='ocrx_word' id='word_1_344' title='bbox 1112 4129 1248 4184; x_wconf 84' lang='lat' dir='ltr'><strong>lacte</strong></span> <span class='ocrx_word' id='word_1_345' title='bbox 1277 4131 1526 4194; x_wconf 84' lang='lat' dir='ltr'><strong>nutritur,</strong></span> <span class='ocrx_word' id='word_1_346' title='bbox 1555 4145 1674 4184; x_wconf 88' lang='lat' dir='ltr'><strong>cum</strong></span> <span class='ocrx_word' id='word_1_347' title='bbox 1704 4147 1826 4199; x_wconf 88' lang='lat' dir='ltr'><strong>pro-</strong></span> 
     </span>
    </p>
   </div>
   <div class='ocr_carea' id='block_1_44' title="bbox 262 4220 1826 4291">
    <p class='ocr_par' dir='ltr' id='par_1_44' title="bbox 262 4220 1826 4291">
     <span class='ocr_line' id='line_1_44' title="bbox 262 4220 1826 4291; baseline 0.004 -19"><span class='ocrx_word' id='word_1_348' title='bbox 262 4220 408 4275; x_wconf 80' lang='lat' dir='ltr'><strong>hibita</strong></span> <span class='ocrx_word' id='word_1_349' title='bbox 435 4222 698 4275; x_wconf 86' lang='lat' dir='ltr'><strong>divisione</strong></span> <span class='ocrx_word' id='word_1_350' title='bbox 725 4221 903 4274; x_wconf 87' lang='lat' dir='ltr'><strong>unitas</strong></span> <span class='ocrx_word' id='word_1_351' title='bbox 940 4221 1084 4274; x_wconf 77' lang='lat' dir='ltr'><strong>salva</strong></span> <span class='ocrx_word' id='word_1_352' title='bbox 1112 4227 1194 4274; x_wconf 88' lang='lat' dir='ltr'><strong>est</strong></span> <span class='ocrx_word' id='word_1_353' title='bbox 1216 4262 1230 4286; x_wconf 95' lang='lat'><strong>,</strong></span> <span class='ocrx_word' id='word_1_354' title='bbox 1261 4231 1314 4274; x_wconf 88' lang='lat' dir='ltr'><strong>et</strong></span> <span class='ocrx_word' id='word_1_355' title='bbox 1343 4221 1604 4275; x_wconf 82' lang='lat' dir='ltr'><strong>sententia</strong></span> <span class='ocrx_word' id='word_1_356' title='bbox 1631 4223 1826 4291; x_wconf 86' lang='lat' dir='ltr'><strong>judicis</strong></span> 
     </span>
    </p>
   </div>
   <div class='ocr_carea' id='block_1_45' title="bbox 261 4308 1822 4382">
    <p class='ocr_par' dir='ltr' id='par_1_45' title="bbox 261 4308 1822 4382">
     <span class='ocr_line' id='line_1_45' title="bbox 261 4308 1822 4382; baseline 0.002 -18"><span class='ocrx_word' id='word_1_357' title='bbox 261 4311 447 4374; x_wconf 80' lang='lat' dir='ltr'><strong>ultima,</strong></span> <span class='ocrx_word' id='word_1_358' title='bbox 478 4327 581 4381; x_wconf 84' lang='lat' dir='ltr'><strong>qua</strong></span> <span class='ocrx_word' id='word_1_359' title='bbox 611 4313 855 4365; x_wconf 87' lang='lat' dir='ltr'><strong>ultimqu</strong></span> <span class='ocrx_word' id='word_1_360' title='bbox 882 4308 1076 4364; x_wconf 87' lang='lat' dir='ltr'><strong>Christi</strong></span> <span class='ocrx_word' id='word_1_361' title='bbox 1103 4310 1359 4380; x_wconf 82' lang='lat' dir='ltr'><strong>judicium</strong></span> <span class='ocrx_word' id='word_1_362' title='bbox 1393 4311 1663 4380; x_wconf 79' lang='lat' dir='ltr'><strong>ﬁguratur,</strong></span> <span class='ocrx_word' id='word_1_363' title='bbox 1697 4329 1822 4382; x_wconf 87' lang='lat' dir='ltr'><strong>pro-</strong></span> 
     </span>
    </p>
   </div>
   <div class='ocr_carea' id='block_1_46' title="bbox 259 4401 1822 4478">
    <p class='ocr_par' dir='ltr' id='par_1_46' title="bbox 259 4401 1822 4478">
     <span class='ocr_line' id='line_1_46' title="bbox 259 4401 1822 4478; baseline 0.004 -26"><span class='ocrx_word' id='word_1_364' title='bbox 259 4401 367 4456; x_wconf 70' lang='lat' dir='ltr'><strong>bata</strong></span> <span class='ocrx_word' id='word_1_365' title='bbox 395 4403 625 4478; x_wconf 64' lang='lat' dir='ltr'><strong>Charitas</strong></span> <span class='ocrx_word' id='word_1_366' title='bbox 645 4445 660 4467; x_wconf 92' lang='lat'><strong>,</strong></span> <span class='ocrx_word' id='word_1_367' title='bbox 687 4417 806 4472; x_wconf 75' lang='lat' dir='ltr'><strong>quze</strong></span> <span class='ocrx_word' id='word_1_368' title='bbox 841 4409 1054 4472; x_wconf 85' lang='lat' dir='ltr'><strong>pmpter</strong></span> <span class='ocrx_word' id='word_1_369' title='bbox 1081 4403 1305 4456; x_wconf 76' lang='lat' dir='ltr'><strong>salutent</strong></span> <span class='ocrx_word' id='word_1_370' title='bbox 1339 4404 1538 4472; x_wconf 80' lang='lat' dir='ltr'><strong>parvuli</strong></span> <span class='ocrx_word' id='word_1_371' title='bbox 1567 4413 1618 4458; x_wconf 89' lang='lat' dir='ltr'><strong>et</strong></span> <span class='ocrx_word' id='word_1_372' title='bbox 1649 4406 1822 4458; x_wconf 87' lang='lat' dir='ltr'><strong>unita-</strong></span> 
     </span>
    </p>
   </div>
   <div class='ocr_carea' id='block_1_47' title="bbox 261 4493 1827 4558">
    <p class='ocr_par' dir='ltr' id='par_1_47' title="bbox 261 4493 1827 4558">
     <span class='ocr_line' id='line_1_47' title="bbox 261 4493 1827 4558; baseline 0.003 -13"><span class='ocrx_word' id='word_1_373' title='bbox 261 4495 320 4547; x_wconf 80' lang='lat' dir='ltr'><strong>tis</strong></span> <span class='ocrx_word' id='word_1_374' title='bbox 337 4495 722 4548; x_wconf 78' lang='lat' dir='ltr'><strong>ﬁrmamentum</strong></span> <span class='ocrx_word' id='word_1_375' title='bbox 749 4495 908 4547; x_wconf 89' lang='lat' dir='ltr'><strong>etiam</strong></span> <span class='ocrx_word' id='word_1_376' title='bbox 935 4494 1257 4548; x_wconf 86' lang='lat' dir='ltr'><strong>simulationi</strong></span> <span class='ocrx_word' id='word_1_377' title='bbox 1283 4493 1538 4550; x_wconf 88' lang='lat' dir='ltr'><strong>honorem</strong></span> <span class='ocrx_word' id='word_1_378' title='bbox 1565 4495 1743 4558; x_wconf 86' lang='lat' dir='ltr'><strong>cessit,</strong></span> <span class='ocrx_word' id='word_1_379' title='bbox 1769 4504 1827 4550; x_wconf 87' lang='lat' dir='ltr'><strong>ut</strong></span> 
     </span>
    </p>
   </div>
   <div class='ocr_carea' id='block_1_48' title="bbox 256 4586 1825 4658">
    <p class='ocr_par' dir='ltr' id='par_1_48' title="bbox 256 4586 1825 4658">
     <span class='ocr_line' id='line_1_48' title="bbox 256 4586 1825 4658; baseline 0.004 -22"><span class='ocrx_word' id='word_1_380' title='bbox 256 4598 479 4640; x_wconf 77' lang='lat' dir='ltr'><strong>amorem</strong></span> <span class='ocrx_word' id='word_1_381' title='bbox 508 4597 698 4640; x_wconf 81' lang='lat' dir='ltr'><strong>tenens</strong></span> <span class='ocrx_word' id='word_1_382' title='bbox 731 4586 1178 4656; x_wconf 74' lang='lat' dir='ltr'><strong>complexumque</strong></span> <span class='ocrx_word' id='word_1_383' title='bbox 1224 4587 1398 4641; x_wconf 88' lang='lat' dir='ltr'><strong>vitalis</strong></span> <span class='ocrx_word' id='word_1_384' title='bbox 1433 4588 1617 4658; x_wconf 80' lang='lat' dir='ltr'><strong>gratia:</strong></span> <span class='ocrx_word' id='word_1_385' title='bbox 1639 4629 1655 4654; x_wconf 90' lang='lat'><strong>,</strong></span> <span class='ocrx_word' id='word_1_386' title='bbox 1684 4603 1825 4642; x_wconf 83' lang='lat' dir='ltr'><strong>sent-</strong></span> 
     </span>
    </p>
   </div>
   <div class='ocr_carea' id='block_1_49' title="bbox 257 4675 1381 4747">
    <p class='ocr_par' dir='ltr' id='par_1_49' title="bbox 257 4675 1381 4747">
     <span class='ocr_line' id='line_1_49' title="bbox 257 4675 1381 4747; baseline 0.004 -21"><span class='ocrx_word' id='word_1_387' title='bbox 257 4675 453 4742; x_wconf 78' lang='lat' dir='ltr'><strong>pitcrue</strong></span> <span class='ocrx_word' id='word_1_388' title='bbox 477 4675 582 4747; x_wconf 70' lang='lat' dir='ltr'><strong>pia:</strong></span> <span class='ocrx_word' id='word_1_389' title='bbox 608 4677 794 4730; x_wconf 87' lang='lat' dir='ltr'><strong>matris</strong></span> <span class='ocrx_word' id='word_1_390' title='bbox 816 4677 1034 4746; x_wconf 72' lang='lat' dir='ltr'><strong>pra-uno</strong></span> <span class='ocrx_word' id='word_1_391' title='bbox 1062 4677 1381 4746; x_wconf 77' lang='lat' dir='ltr'><strong>perfruatur.</strong></span> 
     </span>
    </p>
   </div>
   <div class='ocr_carea' id='block_1_50' title="bbox 764 4787 1283 4862">
    <p class='ocr_par' dir='ltr' id='par_1_50' title="bbox 764 4787 1283 4862">
     <span class='ocr_line' id='line_1_50' title="bbox 764 4787 1283 4862; baseline 0 -18"><span class='ocrx_word' id='word_1_392' title='bbox 764 4787 996 4845; x_wconf 71' lang='lat' dir='ltr'><strong>SER-tto</strong></span> <span class='ocrx_word' id='word_1_393' title='bbox 1032 4789 1104 4844; x_wconf 79' lang='lat' dir='ltr'><strong>x1</strong></span> <span class='ocrx_word' id='word_1_394' title='bbox 1135 4793 1148 4812; x_wconf 87' lang='grc'><strong>·</strong></span> <span class='ocrx_word' id='word_1_395' title='bbox 1181 4787 1283 4862; x_wconf 87' lang='grc' dir='ltr'><strong>(α).</strong></span> 
     </span>
    </p>
   </div>
   <div class='ocr_carea' id='block_1_51' title="bbox 626 4880 1448 4954">
    <p class='ocr_par' dir='ltr' id='par_1_51' title="bbox 626 4880 1448 4954">
     <span class='ocr_line' id='line_1_51' title="bbox 626 4880 1448 4954; baseline 0.002 -20"><span class='ocrx_word' id='word_1_396' title='bbox 626 4880 702 4934; x_wconf 80' lang='lat' dir='ltr'><strong>De</strong></span> <span class='ocrx_word' id='word_1_397' title='bbox 734 4880 850 4935; x_wconf 85' lang='lat' dir='ltr'><strong>Elia</strong></span> <span class='ocrx_word' id='word_1_398' title='bbox 884 4891 930 4936; x_wconf 83' lang='lat' dir='ltr'><strong>et</strong></span> <span class='ocrx_word' id='word_1_399' title='bbox 965 4882 1116 4936; x_wconf 80' lang='lat' dir='ltr'><strong>vidua</strong></span> <span class='ocrx_word' id='word_1_400' title='bbox 1143 4881 1448 4954; x_wconf 75' lang='lat' dir='ltr'><strong>Sareptena.</strong></span> 
     </span>
    </p>
   </div>
   <div class='ocr_carea' id='block_1_52' title="bbox 320 4969 1827 5043">
    <p class='ocr_par' dir='ltr' id='par_1_52' title="bbox 320 4969 1827 5043">
     <span class='ocr_line' id='line_1_52' title="bbox 320 4969 1827 5043; baseline 0 -19"><span class='ocrx_word' id='word_1_401' title='bbox 320 4972 368 5024; x_wconf 78' lang='grc'><strong>1.</strong></span> <span class='ocrx_word' id='word_1_402' title='bbox 404 4972 568 5042; x_wconf 65' lang='lat' dir='ltr'><strong>Opera</strong></span> <span class='ocrx_word' id='word_1_403' title='bbox 602 4974 804 5043; x_wconf 80' lang='lat' dir='ltr'><strong>pietatis</strong></span> <span class='ocrx_word' id='word_1_404' title='bbox 833 4989 964 5026; x_wconf 86' lang='lat' dir='ltr'><strong>nunc</strong></span> <span class='ocrx_word' id='word_1_405' title='bbox 995 4973 1230 5043; x_wconf 83' lang='lat' dir='ltr'><strong>temporis</strong></span> <span class='ocrx_word' id='word_1_406' title='bbox 1258 4971 1552 5026; x_wconf 75' lang='lat' dir='ltr'><strong>exercenda.</strong></span> <span class='ocrx_word' id='word_1_407' title='bbox 1571 4969 1827 5024; x_wconf 86' lang='lat' dir='ltr'><strong>Dominus</strong></span> 
     </span>
    </p>
   </div>
   <div class='ocr_carea' id='block_1_53' title="bbox 255 5061 1829 5133">
    <p class='ocr_par' dir='ltr' id='par_1_53' title="bbox 255 5061 1829 5133">
     <span class='ocr_line' id='line_1_53' title="bbox 255 5061 1829 5133; baseline 0.001 -17"><span class='ocrx_word' id='word_1_408' title='bbox 255 5061 388 5116; x_wconf 86' lang='lat' dir='ltr'><strong>Deus</strong></span> <span class='ocrx_word' id='word_1_409' title='bbox 414 5076 594 5118; x_wconf 82' lang='lat' dir='ltr'><strong>noster</strong></span> <span class='ocrx_word' id='word_1_410' title='bbox 621 5064 808 5117; x_wconf 85' lang='lat' dir='ltr'><strong>nolens</strong></span> <span class='ocrx_word' id='word_1_411' title='bbox 831 5063 1061 5133; x_wconf 82' lang='lat' dir='ltr'><strong>aliquem</strong></span> <span class='ocrx_word' id='word_1_412' title='bbox 1087 5072 1326 5117; x_wconf 88' lang='lat' dir='ltr'><strong>nostrum</strong></span> <span class='ocrx_word' id='word_1_413' title='bbox 1350 5063 1542 5133; x_wconf 88' lang='lat' dir='ltr'><strong>perire,</strong></span> <span class='ocrx_word' id='word_1_414' title='bbox 1576 5061 1829 5117; x_wconf 80' lang='lat' dir='ltr'><strong>excoleus</strong></span> 
     </span>
    </p>
   </div>
   <div class='ocr_carea' id='block_1_54' title="bbox 253 5153 1826 5225">
    <p class='ocr_par' dir='ltr' id='par_1_54' title="bbox 253 5153 1826 5225">
     <span class='ocr_line' id='line_1_54' title="bbox 253 5153 1826 5225; baseline -0.001 -17"><span class='ocrx_word' id='word_1_415' title='bbox 253 5153 536 5210; x_wconf 69' lang='lat' dir='ltr'><strong>Ecclesium</strong></span> <span class='ocrx_word' id='word_1_416' title='bbox 581 5169 734 5210; x_wconf 79' lang='lat' dir='ltr'><strong>suam</strong></span> <span class='ocrx_word' id='word_1_417' title='bbox 770 5157 1109 5225; x_wconf 78' lang='lat' dir='ltr'><strong>velntagrum</strong></span> <span class='ocrx_word' id='word_1_418' title='bbox 1143 5169 1318 5220; x_wconf 89' lang='lat' dir='ltr'><strong>suum,</strong></span> <span class='ocrx_word' id='word_1_419' title='bbox 1339 5169 1582 5224; x_wconf 65' lang='lat' dir='ltr'><strong>quaerens</strong></span> <span class='ocrx_word' id='word_1_420' title='bbox 1600 5153 1826 5208; x_wconf 87' lang='lat' dir='ltr'><strong>fructum</strong></span> 
     </span>
    </p>
   </div>
   <div class='ocr_carea' id='block_1_55' title="bbox 251 5243 1824 5316">
    <p class='ocr_par' dir='ltr' id='par_1_55' title="bbox 251 5243 1824 5316">
     <span class='ocr_line' id='line_1_55' title="bbox 251 5243 1824 5316; baseline 0.001 -20"><span class='ocrx_word' id='word_1_421' title='bbox 251 5243 312 5298; x_wconf 81' lang='lat' dir='ltr'><strong>de</strong></span> <span class='ocrx_word' id='word_1_422' title='bbox 336 5245 618 5300; x_wconf 76' lang='lat' dir='ltr'><strong>arboribus</strong></span> <span class='ocrx_word' id='word_1_423' title='bbox 647 5247 779 5310; x_wconf 89' lang='lat' dir='ltr'><strong>suis,</strong></span> <span class='ocrx_word' id='word_1_424' title='bbox 805 5255 1084 5316; x_wconf 84' lang='lat' dir='ltr'><strong>antequam</strong></span> <span class='ocrx_word' id='word_1_425' title='bbox 1114 5255 1324 5315; x_wconf 81' lang='lat' dir='ltr'><strong>tempus</strong></span> <span class='ocrx_word' id='word_1_426' title='bbox 1339 5246 1542 5300; x_wconf 82' lang='lat' dir='ltr'><strong>securis</strong></span> <span class='ocrx_word' id='word_1_427' title='bbox 1560 5244 1824 5313; x_wconf 79' lang='lat' dir='ltr'><strong>adveniat,</strong></span> 
     </span>
    </p>
   </div>
   <div class='ocr_carea' id='block_1_56' title="bbox 247 5355 1832 5420">
    <p class='ocr_par' dir='ltr' id='par_1_56' title="bbox 247 5355 1832 5420">
     <span class='ocr_line' id='line_1_56' title="bbox 247 5355 1832 5420; baseline 0.001 -15"><span class='ocrx_word' id='word_1_428' title='bbox 247 5357 536 5420; x_wconf 61' lang='lat' dir='ltr'><strong>:qicitianda</strong></span> <span class='ocrx_word' id='word_1_429' title='bbox 557 5355 782 5420; x_wconf 66' lang='lat' dir='ltr'><strong>reclesia:</strong></span> <span class='ocrx_word' id='word_1_430' title='bbox 800 5370 918 5420; x_wconf 88' lang='lat' dir='ltr'><strong>pace</strong></span> <span class='ocrx_word' id='word_1_431' title='bbox 939 5357 1194 5419; x_wconf 84' lang='lat' dir='ltr'><strong>deponere</strong></span> <span class='ocrx_word' id='word_1_432' title='bbox 1216 5372 1228 5419; x_wconf 82' lang='grc' dir='ltr'><strong>ι</strong></span> <span class='ocrx_word' id='word_1_433' title='bbox 1246 5357 1382 5416; x_wconf 77' lang='lat' dir='ltr'><strong>arati,</strong></span> <span class='ocrx_word' id='word_1_434' title='bbox 1406 5357 1624 5420; x_wconf 76' lang='lat' dir='ltr'><strong>scribunt</strong></span> <span class='ocrx_word' id='word_1_435' title='bbox 1637 5355 1696 5420; x_wconf 75' lang='lat' dir='ltr'><strong>ad</strong></span> <span class='ocrx_word' id='word_1_436' title='bbox 1715 5363 1832 5420; x_wconf 71' lang='lat' dir='ltr'><strong>Mar-</strong></span> 
     </span>
    </p>
   </div>
   <div class='ocr_carea' id='block_1_57' title="bbox 245 5417 1832 5482">
    <p class='ocr_par' dir='ltr' id='par_1_57' title="bbox 245 5417 1832 5482">
     <span class='ocr_line' id='line_1_57' title="bbox 245 5417 1832 5482; baseline 0.002 -17"><span class='ocrx_word' id='word_1_437' title='bbox 245 5417 471 5482; x_wconf 65' lang='lat' dir='ltr'><strong>collinum</strong></span> <span class='ocrx_word' id='word_1_438' title='bbox 493 5419 769 5469; x_wconf 84' lang='lat' dir='ltr'><strong>Collationis</strong></span> <span class='ocrx_word' id='word_1_439' title='bbox 799 5417 1189 5482; x_wconf 57' lang='lat' dir='ltr'><strong>thrthagiaeusis</strong></span> <span class='ocrx_word' id='word_1_440' title='bbox 1216 5417 1336 5482; x_wconf 78' lang='lat' dir='ltr'><strong>cum</strong></span> <span class='ocrx_word' id='word_1_441' title='bbox 1357 5419 1623 5482; x_wconf 72' lang='lat' dir='ltr'><strong>Donatistis</strong></span> <span class='ocrx_word' id='word_1_442' title='bbox 1653 5419 1832 5482; x_wconf 66' lang='lat' dir='ltr'><strong>habitat</strong></span> 
     </span>
    </p>
   </div>
   <div class='ocr_carea' id='block_1_58' title="bbox 242 5473 1828 5544">
    <p class='ocr_par' dir='ltr' id='par_1_58' title="bbox 242 5473 1828 5544">
     <span class='ocr_line' id='line_1_58' title="bbox 242 5473 1828 5544; baseline 0.001 -17"><span class='ocrx_word' id='word_1_443' title='bbox 242 5481 587 5544; x_wconf 47' lang='lat' dir='ltr'><strong>utmorem,</strong></span> <span class='ocrx_word' id='word_1_444' title='bbox 615 5481 675 5544; x_wconf 12' lang='lat' dir='ltr'><strong>in,</strong></span> <span class='ocrx_word' id='word_1_445' title='bbox 705 5480 913 5544; x_wconf 71' lang='lat' dir='ltr'><strong>Epistula</strong></span> <span class='ocrx_word' id='word_1_446' title='bbox 955 5473 1082 5530; x_wconf 68' lang='lat' dir='ltr'><strong>inter</strong></span> <span class='ocrx_word' id='word_1_447' title='bbox 1119 5481 1505 5544; x_wconf 69' lang='lat' dir='ltr'><strong>Attgustinianas</strong></span> <span class='ocrx_word' id='word_1_448' title='bbox 1524 5480 1636 5538; x_wconf 63' lang='grc' dir='ltr'><strong>ηε,</strong></span> <span class='ocrx_word' id='word_1_449' title='bbox 1663 5493 1714 5544; x_wconf 23' lang='grc' dir='ltr'>ιι..</span> <span class='ocrx_word' id='word_1_450' title='bbox 1743 5473 1776 5529; x_wconf 82' lang='lat'><strong>5</strong></span> <span class='ocrx_word' id='word_1_451' title='bbox 1815 5492 1828 5529; x_wconf 94' lang='lat'>:</span> 
     </span>
    </p>
   </div>
   <div class='ocr_carea' id='block_1_59' title="bbox 249 5541 1836 5603">
    <p class='ocr_par' dir='ltr' id='par_1_59' title="bbox 249 5541 1836 5603">
     <span class='ocr_line' id='line_1_59' title="bbox 249 5541 1836 5603; baseline 0 -11"><span class='ocrx_word' id='word_1_452' title='bbox 249 5560 268 5592; x_wconf 77' lang='grc' dir='ltr'><strong>ι</strong></span> <span class='ocrx_word' id='word_1_453' title='bbox 295 5541 364 5590; x_wconf 76' lang='lat' dir='ltr'><strong>.tn</strong></span> <span class='ocrx_word' id='word_1_454' title='bbox 385 5555 504 5593; x_wconf 86' lang='lat' dir='ltr'><strong>vero</strong></span> <span class='ocrx_word' id='word_1_455' title='bbox 537 5541 625 5593; x_wconf 77' lang='lat' dir='ltr'><strong>ille</strong></span> <span class='ocrx_word' id='word_1_456' title='bbox 645 5542 713 5592; x_wconf 89' lang='lat' dir='ltr'><strong>de</strong></span> <span class='ocrx_word' id='word_1_457' title='bbox 734 5541 875 5592; x_wconf 63' lang='lat' dir='ltr'><strong>oculis</strong></span> <span class='ocrx_word' id='word_1_458' title='bbox 904 5543 953 5591; x_wconf 88' lang='lat' dir='ltr'><strong>in</strong></span> <span class='ocrx_word' id='word_1_459' title='bbox 985 5541 1210 5592; x_wconf 77' lang='lat' dir='ltr'><strong>membra</strong></span> <span class='ocrx_word' id='word_1_460' title='bbox 1233 5543 1440 5591; x_wconf 61' lang='lat' dir='ltr'><strong>humana</strong></span> <span class='ocrx_word' id='word_1_461' title='bbox 1477 5541 1750 5603; x_wconf 58' lang='lat' dir='ltr'><strong>descendit,</strong></span> <span class='ocrx_word' id='word_1_462' title='bbox 1779 5547 1836 5592; x_wconf 84' lang='grc' dir='ltr'><strong>ιιι</strong></span> 
     </span>
    </p>
   </div>
   <div class='ocr_carea' id='block_1_60' title="bbox 301 5625 1121 5688">
    <p class='ocr_par' dir='ltr' id='par_1_60' title="bbox 301 5625 1121 5688">
     <span class='ocr_line' id='line_1_60' title="bbox 301 5625 1121 5688; baseline 0.004 -14"><span class='ocrx_word' id='word_1_463' title='bbox 301 5625 378 5688; x_wconf 75' lang='grc' dir='ltr'><strong>(α)</strong></span> <span class='ocrx_word' id='word_1_464' title='bbox 401 5627 540 5687; x_wconf 55' lang='lat' dir='ltr'><strong>alia,</strong></span> <span class='ocrx_word' id='word_1_465' title='bbox 568 5627 627 5678; x_wconf 79' lang='grc' dir='ltr'>ιε</span> <span class='ocrx_word' id='word_1_466' title='bbox 651 5629 780 5678; x_wconf 81' lang='lat' dir='ltr'><strong>inter</strong></span> <span class='ocrx_word' id='word_1_467' title='bbox 803 5627 1026 5678; x_wconf 70' lang='lat' dir='ltr'><strong>ttmnilias</strong></span> <span class='ocrx_word' id='word_1_468' title='bbox 1043 5631 1121 5679; x_wconf 73' lang='grc' dir='ltr'><strong>δυ.</strong></span> 
     </span>
    </p>
   </div>
   <div class='ocr_carea' id='block_1_61' title="bbox 305 5708 1832 5775">
    <p class='ocr_par' dir='ltr' id='par_1_61' title="bbox 305 5708 1832 5775">
     <span class='ocr_line' id='line_1_61' title="bbox 305 5708 1832 5775; baseline -0.001 -16"><span class='ocrx_word' id='word_1_469' title='bbox 305 5709 324 5727; x_wconf 86' lang='grc'><strong>⁹</strong></span> <span class='ocrx_word' id='word_1_470' title='bbox 347 5713 636 5761; x_wconf 61' lang='lat' dir='ltr'><strong>accersitus</strong></span> <span class='ocrx_word' id='word_1_471' title='bbox 667 5710 757 5760; x_wconf 81' lang='lat' dir='ltr'><strong>fuit</strong></span> <span class='ocrx_word' id='word_1_472' title='bbox 778 5708 838 5758; x_wconf 79' lang='lat' dir='ltr'><strong>ad</strong></span> <span class='ocrx_word' id='word_1_473' title='bbox 869 5710 991 5762; x_wconf 90' lang='lat' dir='ltr'><strong>ducs</strong></span> <span class='ocrx_word' id='word_1_474' title='bbox 1021 5712 1082 5761; x_wconf 88' lang='lat' dir='ltr'><strong>cl.</strong></span> <span class='ocrx_word' id='word_1_475' title='bbox 1107 5713 1228 5764; x_wconf 79' lang='lat' dir='ltr'><strong>duos</strong></span> <span class='ocrx_word' id='word_1_476' title='bbox 1265 5726 1354 5764; x_wconf 89' lang='lat' dir='ltr'><strong>rm.</strong></span> <span class='ocrx_word' id='word_1_477' title='bbox 1405 5719 1457 5765; x_wconf 87' lang='lat' dir='ltr'><strong>et</strong></span> <span class='ocrx_word' id='word_1_478' title='bbox 1497 5710 1558 5762; x_wconf 80' lang='lat' dir='ltr'><strong>ad</strong></span> <span class='ocrx_word' id='word_1_479' title='bbox 1589 5723 1666 5775; x_wconf 69' lang='grc' dir='ltr'><strong>εν.</strong></span> <span class='ocrx_word' id='word_1_480' title='bbox 1707 5722 1750 5760; x_wconf 89' lang='lat' dir='ltr'><strong>r.</strong></span> <span class='ocrx_word' id='word_1_481' title='bbox 1785 5724 1832 5763; x_wconf 87' lang='lat' dir='ltr'><strong>v.</strong></span> 
     </span>
    </p>
   </div>
   <div class='ocr_carea' id='block_1_62' title="bbox 245 5769 1137 5824">
    <p class='ocr_par' dir='ltr' id='par_1_62' title="bbox 245 5769 1137 5824">
     <span class='ocr_line' id='line_1_62' title="bbox 245 5769 1137 5824; baseline 0.007 -6"><span class='ocrx_word' id='word_1_482' title='bbox 369 5779 438 5821; x_wconf 77' lang='lat' dir='ltr'><strong>t&#39;r.</strong></span> <span class='ocrx_word' id='word_1_483' title='bbox 467 5785 567 5823; x_wconf 80' lang='lat' dir='ltr'><strong>tar.</strong></span> <span class='ocrx_word' id='word_1_484' title='bbox 606 5779 716 5822; x_wconf 71' lang='grc' dir='ltr'><strong>ων.</strong></span> <span class='ocrx_word' id='word_1_485' title='bbox 1133 5821 1137 5824; x_wconf 86' lang='grc'>.</span> 
     </span>
    </p>
   </div>
   <div class='ocr_carea' id='block_1_63' title="bbox 1946 477 3512 558">
    <p class='ocr_par' dir='ltr' id='par_1_63' title="bbox 1946 477 3512 558">
     <span class='ocr_line' id='line_1_63' title="bbox 1946 477 3512 558; baseline 0.012 -30"><span class='ocrx_word' id='word_1_486' title='bbox 1946 489 2066 528; x_wconf 90' lang='lat' dir='ltr'><strong>cum</strong></span> <span class='ocrx_word' id='word_1_487' title='bbox 2118 491 2335 532; x_wconf 84' lang='lat' dir='ltr'><strong>necesse</strong></span> <span class='ocrx_word' id='word_1_488' title='bbox 2389 477 2486 532; x_wconf 87' lang='lat' dir='ltr'><strong>erit</strong></span> <span class='ocrx_word' id='word_1_489' title='bbox 2515 479 2528 510; x_wconf 76' lang='grc'>³</span> <span class='ocrx_word' id='word_1_490' title='bbox 2560 477 2914 537; x_wconf 73' lang='lat' dir='ltr'><strong>infructuosus</strong></span> <span class='ocrx_word' id='word_1_491' title='bbox 2957 485 3175 542; x_wconf 87' lang='lat' dir='ltr'><strong>arbores</strong></span> <span class='ocrx_word' id='word_1_492' title='bbox 3217 499 3512 558; x_wconf 81' lang='lat' dir='ltr'><strong>amputare.</strong></span> 
     </span>
    </p>
   </div>
   <div class='ocr_carea' id='block_1_64' title="bbox 1944 567 3517 644">
    <p class='ocr_par' dir='ltr' id='par_1_64' title="bbox 1944 567 3517 644">
     <span class='ocr_line' id='line_1_64' title="bbox 1944 567 3517 644; baseline 0.013 -24"><span class='ocrx_word' id='word_1_493' title='bbox 1944 581 2047 620; x_wconf 87' lang='lat' dir='ltr'><strong>non</strong></span> <span class='ocrx_word' id='word_1_494' title='bbox 2077 577 2245 622; x_wconf 56' lang='lat' dir='ltr'><strong>cessat</strong></span> <span class='ocrx_word' id='word_1_495' title='bbox 2271 567 2578 634; x_wconf 82' lang='lat' dir='ltr'><strong>admonere,</strong></span> <span class='ocrx_word' id='word_1_496' title='bbox 2608 585 2662 628; x_wconf 92' lang='lat' dir='ltr'><strong>ut</strong></span> <span class='ocrx_word' id='word_1_497' title='bbox 2685 589 2802 628; x_wconf 90' lang='lat' dir='ltr'><strong>cum</strong></span> <span class='ocrx_word' id='word_1_498' title='bbox 2837 583 3040 644; x_wconf 76' lang='lat' dir='ltr'><strong>tempus</strong></span> <span class='ocrx_word' id='word_1_499' title='bbox 3067 587 3168 642; x_wconf 75' lang='lat' dir='ltr'><strong>est,</strong></span> <span class='ocrx_word' id='word_1_500' title='bbox 3193 587 3244 633; x_wconf 91' lang='lat' dir='ltr'><strong>et</strong></span> <span class='ocrx_word' id='word_1_501' title='bbox 3274 595 3394 634; x_wconf 88' lang='lat' dir='ltr'><strong>cum</strong></span> <span class='ocrx_word' id='word_1_502' title='bbox 3427 583 3517 640; x_wconf 78' lang='lat' dir='ltr'><strong>hei</strong></span> 
     </span>
    </p>
   </div>
   <div class='ocr_carea' id='block_1_65' title="bbox 1942 657 3514 741">
    <p class='ocr_par' dir='ltr' id='par_1_65' title="bbox 1942 657 3514 741">
     <span class='ocr_line' id='line_1_65' title="bbox 1942 657 3514 741; baseline 0.012 -32"><span class='ocrx_word' id='word_1_503' title='bbox 1942 657 2208 722; x_wconf 70' lang='lat' dir='ltr'><strong>adiutorio</strong></span> <span class='ocrx_word' id='word_1_504' title='bbox 2249 659 2300 713; x_wconf 91' lang='lat' dir='ltr'><strong>in</strong></span> <span class='ocrx_word' id='word_1_505' title='bbox 2333 671 2510 716; x_wconf 84' lang='lat' dir='ltr'><strong>nostra</strong></span> <span class='ocrx_word' id='word_1_506' title='bbox 2558 673 2814 732; x_wconf 73' lang='lat' dir='ltr'><strong>potestate</strong></span> <span class='ocrx_word' id='word_1_507' title='bbox 2859 667 3135 733; x_wconf 67' lang='lat' dir='ltr'><strong>consistit,</strong></span> <span class='ocrx_word' id='word_1_508' title='bbox 3179 669 3313 722; x_wconf 84' lang='lat' dir='ltr'><strong>bona</strong></span> <span class='ocrx_word' id='word_1_509' title='bbox 3355 687 3514 741; x_wconf 83' lang='lat' dir='ltr'><strong>opera</strong></span> 
     </span>
    </p>
   </div>
   <div class='ocr_carea' id='block_1_66' title="bbox 1941 745 3519 836">
    <p class='ocr_par' dir='ltr' id='par_1_66' title="bbox 1941 745 3519 836">
     <span class='ocr_line' id='line_1_66' title="bbox 1941 745 3519 836; baseline 0.011 -37"><span class='ocrx_word' id='word_1_510' title='bbox 1941 745 2214 836; x_wconf 67' lang='lat' dir='ltr'><strong>faciamus.</strong></span> <span class='ocrx_word' id='word_1_511' title='bbox 2242 752 2370 806; x_wconf 89' lang='lat' dir='ltr'><strong>Cum</strong></span> <span class='ocrx_word' id='word_1_512' title='bbox 2401 755 2540 807; x_wconf 89' lang='lat' dir='ltr'><strong>enim</strong></span> <span class='ocrx_word' id='word_1_513' title='bbox 2571 757 2836 810; x_wconf 82' lang='lat' dir='ltr'><strong>transierit</strong></span> <span class='ocrx_word' id='word_1_514' title='bbox 2859 768 3062 828; x_wconf 85' lang='lat' dir='ltr'><strong>tempus</strong></span> <span class='ocrx_word' id='word_1_515' title='bbox 3083 759 3214 814; x_wconf 85' lang='lat' dir='ltr'><strong>bene</strong></span> <span class='ocrx_word' id='word_1_516' title='bbox 3241 762 3519 830; x_wconf 62' lang='lat' dir='ltr'><strong>orerandi,</strong></span> 
     </span>
    </p>
   </div>
   <div class='ocr_carea' id='block_1_67' title="bbox 1941 847 3519 916">
    <p class='ocr_par' dir='ltr' id='par_1_67' title="bbox 1941 847 3519 916">
     <span class='ocr_line' id='line_1_67' title="bbox 1941 847 3519 916; baseline 0.01 -22"><span class='ocrx_word' id='word_1_517' title='bbox 1941 857 2046 896; x_wconf 90' lang='lat' dir='ltr'><strong>non</strong></span> <span class='ocrx_word' id='word_1_518' title='bbox 2093 853 2256 898; x_wconf 86' lang='lat' dir='ltr'><strong>restat</strong></span> <span class='ocrx_word' id='word_1_519' title='bbox 2303 847 2402 900; x_wconf 84' lang='lat' dir='ltr'><strong>nisi</strong></span> <span class='ocrx_word' id='word_1_520' title='bbox 2451 847 2758 916; x_wconf 84' lang='lat' dir='ltr'><strong>recipiendi.</strong></span> <span class='ocrx_word' id='word_1_521' title='bbox 2813 851 2978 904; x_wconf 87' lang='lat' dir='ltr'><strong>Nemo</strong></span> <span class='ocrx_word' id='word_1_522' title='bbox 3024 853 3112 905; x_wconf 90' lang='lat' dir='ltr'><strong>tibi</strong></span> <span class='ocrx_word' id='word_1_523' title='bbox 3159 853 3394 908; x_wconf 81' lang='lat' dir='ltr'><strong>dicturus</strong></span> <span class='ocrx_word' id='word_1_524' title='bbox 3436 863 3519 910; x_wconf 84' lang='lat' dir='ltr'><strong>est</strong></span> 
     </span>
    </p>
   </div>
   <div class='ocr_carea' id='block_1_68' title="bbox 1941 939 3508 1014">
    <p class='ocr_par' dir='ltr' id='par_1_68' title="bbox 1941 939 3508 1014">
     <span class='ocr_line' id='line_1_68' title="bbox 1941 939 3508 1014; baseline 0.009 -28"><span class='ocrx_word' id='word_1_525' title='bbox 1941 943 2058 1003; x_wconf 88' lang='lat' dir='ltr'><strong>post</strong></span> <span class='ocrx_word' id='word_1_526' title='bbox 2103 939 2539 992; x_wconf 79' lang='lat' dir='ltr'><strong>resurrectionem</strong></span> <span class='ocrx_word' id='word_1_527' title='bbox 2587 950 2914 996; x_wconf 88' lang='lat' dir='ltr'><strong>mortuorum</strong></span> <span class='ocrx_word' id='word_1_528' title='bbox 2945 944 2994 997; x_wconf 93' lang='lat' dir='ltr'><strong>in</strong></span> <span class='ocrx_word' id='word_1_529' title='bbox 3024 961 3184 1014; x_wconf 82' lang='lat' dir='ltr'><strong>regno</strong></span> <span class='ocrx_word' id='word_1_530' title='bbox 3203 946 3314 1011; x_wconf 67' lang='lat' dir='ltr'><strong>Da-i,</strong></span> <span class='ocrx_word' id='word_1_531' title='bbox 3344 945 3508 1000; x_wconf 83' lang='lat' dir='ltr'><strong>Fran-</strong></span> 
     </span>
    </p>
   </div>
   <div class='ocr_carea' id='block_1_69' title="bbox 1938 1027 3508 1101">
    <p class='ocr_par' dir='ltr' id='par_1_69' title="bbox 1938 1027 3508 1101">
     <span class='ocr_line' id='line_1_69' title="bbox 1938 1027 3508 1101; baseline 0.005 -21"><span class='ocrx_word' id='word_1_532' title='bbox 1938 1037 2004 1093; x_wconf 75' lang='lat' dir='ltr'><strong>ge</strong></span> <span class='ocrx_word' id='word_1_533' title='bbox 2032 1027 2282 1082; x_wconf 82' lang='lat' dir='ltr'><strong>esurienti</strong></span> <span class='ocrx_word' id='word_1_534' title='bbox 2316 1045 2500 1097; x_wconf 87' lang='lat' dir='ltr'><strong>panem</strong></span> <span class='ocrx_word' id='word_1_535' title='bbox 2556 1039 2734 1094; x_wconf 81' lang='lat' dir='ltr'><strong>tuum;</strong></span> <span class='ocrx_word' id='word_1_536' title='bbox 2785 1034 2904 1101; x_wconf 86' lang='lat' dir='ltr'><strong>quia</strong></span> <span class='ocrx_word' id='word_1_537' title='bbox 2957 1051 3058 1088; x_wconf 84' lang='lat' dir='ltr'><strong>non</strong></span> <span class='ocrx_word' id='word_1_538' title='bbox 3101 1037 3336 1090; x_wconf 75' lang='lat' dir='ltr'><strong>invenies</strong></span> <span class='ocrx_word' id='word_1_539' title='bbox 3386 1053 3508 1091; x_wconf 78' lang='lat' dir='ltr'><strong>csu-</strong></span> 
     </span>
    </p>
   </div>
   <div class='ocr_carea' id='block_1_70' title="bbox 1939 1117 3516 1190">
    <p class='ocr_par' dir='ltr' id='par_1_70' title="bbox 1939 1117 3516 1190">
     <span class='ocr_line' id='line_1_70' title="bbox 1939 1117 3516 1190; baseline 0.006 -20"><span class='ocrx_word' id='word_1_540' title='bbox 1939 1117 2182 1172; x_wconf 85' lang='lat' dir='ltr'><strong>rientem.</strong></span> <span class='ocrx_word' id='word_1_541' title='bbox 2231 1118 2396 1174; x_wconf 73' lang='lat' dir='ltr'><strong>Ncnzo</strong></span> <span class='ocrx_word' id='word_1_542' title='bbox 2423 1119 2658 1175; x_wconf 80' lang='lat' dir='ltr'><strong>dicturus</strong></span> <span class='ocrx_word' id='word_1_543' title='bbox 2689 1135 2766 1176; x_wconf 91' lang='lat' dir='ltr'><strong>cst</strong></span> <span class='ocrx_word' id='word_1_544' title='bbox 2789 1165 2804 1190; x_wconf 89' lang='lat'><strong>,</strong></span> <span class='ocrx_word' id='word_1_545' title='bbox 2841 1123 2979 1177; x_wconf 80' lang='lat' dir='ltr'><strong>Vesti</strong></span> <span class='ocrx_word' id='word_1_546' title='bbox 3035 1126 3249 1184; x_wconf 87' lang='lat' dir='ltr'><strong>nudum.</strong></span> <span class='ocrx_word' id='word_1_547' title='bbox 3285 1127 3368 1179; x_wconf 90' lang='lat' dir='ltr'><strong>ubi</strong></span> <span class='ocrx_word' id='word_1_548' title='bbox 3395 1143 3516 1180; x_wconf 80' lang='lat' dir='ltr'><strong>om-</strong></span> 
     </span>
    </p>
   </div>
   <div class='ocr_carea' id='block_1_71' title="bbox 1936 1211 3510 1284">
    <p class='ocr_par' dir='ltr' id='par_1_71' title="bbox 1936 1211 3510 1284">
     <span class='ocr_line' id='line_1_71' title="bbox 1936 1211 3510 1284; baseline 0.006 -23"><span class='ocrx_word' id='word_1_549' title='bbox 1936 1212 2082 1262; x_wconf 91' lang='lat' dir='ltr'><strong>nium</strong></span> <span class='ocrx_word' id='word_1_550' title='bbox 2134 1211 2305 1262; x_wconf 64' lang='lat' dir='ltr'><strong>tunica</strong></span> <span class='ocrx_word' id='word_1_551' title='bbox 2352 1211 2718 1266; x_wconf 83' lang='lat' dir='ltr'><strong>immortalitas</strong></span> <span class='ocrx_word' id='word_1_552' title='bbox 2760 1215 2876 1267; x_wconf 90' lang='lat' dir='ltr'><strong>erit.</strong></span> <span class='ocrx_word' id='word_1_553' title='bbox 2923 1214 3090 1268; x_wconf 90' lang='lat' dir='ltr'><strong>Nemo</strong></span> <span class='ocrx_word' id='word_1_554' title='bbox 3141 1215 3376 1270; x_wconf 88' lang='lat' dir='ltr'><strong>dicturus</strong></span> <span class='ocrx_word' id='word_1_555' title='bbox 3404 1228 3510 1284; x_wconf 89' lang='lat' dir='ltr'><strong>est,</strong></span> 
     </span>
    </p>
   </div>
   <div class='ocr_carea' id='block_1_72' title="bbox 1937 1299 3514 1377">
    <p class='ocr_par' dir='ltr' id='par_1_72' title="bbox 1937 1299 3514 1377">
     <span class='ocr_line' id='line_1_72' title="bbox 1937 1299 3514 1377; baseline 0.005 -23"><span class='ocrx_word' id='word_1_556' title='bbox 1937 1299 2158 1370; x_wconf 75' lang='lat' dir='ltr'><strong>Suscipe</strong></span> <span class='ocrx_word' id='word_1_557' title='bbox 2209 1303 2536 1372; x_wconf 78' lang='lat' dir='ltr'><strong>peregrinum</strong></span> <span class='ocrx_word' id='word_1_558' title='bbox 2577 1303 2726 1371; x_wconf 87' lang='lat' dir='ltr'><strong>(Isai.</strong></span> <span class='ocrx_word' id='word_1_559' title='bbox 2773 1322 2927 1372; x_wconf 82' lang='lat' dir='ltr'><strong>Lvut,</strong></span> <span class='ocrx_word' id='word_1_560' title='bbox 2965 1306 3054 1377; x_wconf 85' lang='lat'><strong>7),</strong></span> <span class='ocrx_word' id='word_1_561' title='bbox 3107 1307 3194 1362; x_wconf 88' lang='lat' dir='ltr'><strong>ubi</strong></span> <span class='ocrx_word' id='word_1_562' title='bbox 3235 1324 3420 1363; x_wconf 85' lang='lat' dir='ltr'><strong>omnes</strong></span> <span class='ocrx_word' id='word_1_563' title='bbox 3461 1309 3514 1362; x_wconf 90' lang='lat' dir='ltr'><strong>in</strong></span> 
     </span>
    </p>
   </div>
   <div class='ocr_carea' id='block_1_73' title="bbox 1937 1391 3511 1467">
    <p class='ocr_par' dir='ltr' id='par_1_73' title="bbox 1937 1391 3511 1467">
     <span class='ocr_line' id='line_1_73' title="bbox 1937 1391 3511 1467; baseline 0.005 -23"><span class='ocrx_word' id='word_1_564' title='bbox 1937 1391 2106 1461; x_wconf 87' lang='lat' dir='ltr'><strong>patria</strong></span> <span class='ocrx_word' id='word_1_565' title='bbox 2133 1409 2224 1446; x_wconf 81' lang='lat' dir='ltr'><strong>sua</strong></span> <span class='ocrx_word' id='word_1_566' title='bbox 2253 1394 2449 1448; x_wconf 77' lang='lat' dir='ltr'><strong>vivent.</strong></span> <span class='ocrx_word' id='word_1_567' title='bbox 2498 1395 2626 1448; x_wconf 86' lang='lat' dir='ltr'><strong>Nam</strong></span> <span class='ocrx_word' id='word_1_568' title='bbox 2657 1396 2814 1449; x_wconf 89' lang='lat' dir='ltr'><strong>modo</strong></span> <span class='ocrx_word' id='word_1_569' title='bbox 2840 1413 3022 1450; x_wconf 87' lang='lat' dir='ltr'><strong>sumus</strong></span> <span class='ocrx_word' id='word_1_570' title='bbox 3068 1397 3190 1452; x_wconf 88' lang='lat' dir='ltr'><strong>inde</strong></span> <span class='ocrx_word' id='word_1_571' title='bbox 3230 1399 3511 1467; x_wconf 81' lang='lat' dir='ltr'><strong>peregrini.</strong></span> 
     </span>
    </p>
   </div>
   <div class='ocr_carea' id='block_1_74' title="bbox 1935 1481 3512 1558">
    <p class='ocr_par' dir='ltr' id='par_1_74' title="bbox 1935 1481 3512 1558">
     <span class='ocr_line' id='line_1_74' title="bbox 1935 1481 3512 1558; baseline 0.004 -22"><span class='ocrx_word' id='word_1_572' title='bbox 1935 1481 2104 1536; x_wconf 86' lang='lat' dir='ltr'><strong>Nemo</strong></span> <span class='ocrx_word' id='word_1_573' title='bbox 2129 1483 2289 1550; x_wconf 73' lang='lat' dir='ltr'><strong>(licet,</strong></span> <span class='ocrx_word' id='word_1_574' title='bbox 2315 1484 2475 1538; x_wconf 76' lang='lat' dir='ltr'><strong>Visila</strong></span> <span class='ocrx_word' id='word_1_575' title='bbox 2503 1501 2720 1554; x_wconf 67' lang='lat' dir='ltr'><strong>aegrum,</strong></span> <span class='ocrx_word' id='word_1_576' title='bbox 2743 1485 2829 1540; x_wconf 87' lang='lat' dir='ltr'><strong>ubi</strong></span> <span class='ocrx_word' id='word_1_577' title='bbox 2849 1498 2928 1540; x_wconf 90' lang='lat' dir='ltr'><strong>est</strong></span> <span class='ocrx_word' id='word_1_578' title='bbox 2953 1488 3151 1542; x_wconf 87' lang='lat' dir='ltr'><strong>sanitas</strong></span> <span class='ocrx_word' id='word_1_579' title='bbox 3171 1490 3512 1558; x_wconf 81' lang='lat' dir='ltr'><strong>Sempiterua.</strong></span> 
     </span>
    </p>
   </div>
   <div class='ocr_carea' id='block_1_75' title="bbox 1933 1573 3522 1652">
    <p class='ocr_par' dir='ltr' id='par_1_75' title="bbox 1933 1573 3522 1652">
     <span class='ocr_line' id='line_1_75' title="bbox 1933 1573 3522 1652; baseline 0.007 -25"><span class='ocrx_word' id='word_1_580' title='bbox 1933 1573 2104 1629; x_wconf 85' lang='lat' dir='ltr'><strong>Nemo</strong></span> <span class='ocrx_word' id='word_1_581' title='bbox 2132 1574 2290 1639; x_wconf 87' lang='lat' dir='ltr'><strong>dicet,</strong></span> <span class='ocrx_word' id='word_1_582' title='bbox 2315 1575 2490 1645; x_wconf 86' lang='lat' dir='ltr'><strong>Sepcli</strong></span> <span class='ocrx_word' id='word_1_583' title='bbox 2520 1587 2806 1644; x_wconf 89' lang='lat' dir='ltr'><strong>mortuum,</strong></span> <span class='ocrx_word' id='word_1_584' title='bbox 2835 1579 2925 1633; x_wconf 88' lang='lat' dir='ltr'><strong>ubi</strong></span> <span class='ocrx_word' id='word_1_585' title='bbox 2962 1597 3103 1634; x_wconf 92' lang='lat' dir='ltr'><strong>mors</strong></span> <span class='ocrx_word' id='word_1_586' title='bbox 3133 1582 3373 1636; x_wconf 91' lang='lat' dir='ltr'><strong>moritur.</strong></span> <span class='ocrx_word' id='word_1_587' title='bbox 3409 1581 3522 1652; x_wconf 25' lang='lat' dir='ltr'><strong>Ista,</strong></span> 
     </span>
    </p>
   </div>
   <div class='ocr_carea' id='block_1_76' title="bbox 1933 1665 3510 1734">
    <p class='ocr_par' dir='ltr' id='par_1_76' title="bbox 1933 1665 3510 1734">
     <span class='ocr_line' id='line_1_76' title="bbox 1933 1665 3510 1734; baseline 0.008 -19"><span class='ocrx_word' id='word_1_588' title='bbox 1933 1666 2109 1718; x_wconf 90' lang='lat' dir='ltr'><strong>omnia</strong></span> <span class='ocrx_word' id='word_1_589' title='bbox 2154 1665 2362 1734; x_wconf 89' lang='lat' dir='ltr'><strong>pictatis</strong></span> <span class='ocrx_word' id='word_1_590' title='bbox 2408 1667 2583 1722; x_wconf 90' lang='lat' dir='ltr'><strong>ofﬁcia</strong></span> <span class='ocrx_word' id='word_1_591' title='bbox 2628 1670 2680 1722; x_wconf 90' lang='lat' dir='ltr'><strong>in</strong></span> <span class='ocrx_word' id='word_1_592' title='bbox 2721 1669 2826 1724; x_wconf 85' lang='lat' dir='ltr'><strong>vita</strong></span> <span class='ocrx_word' id='word_1_593' title='bbox 2854 1679 3050 1724; x_wconf 77' lang='lat' dir='ltr'><strong>:eterna</strong></span> <span class='ocrx_word' id='word_1_594' title='bbox 3083 1673 3378 1727; x_wconf 89' lang='lat' dir='ltr'><strong>necessaria</strong></span> <span class='ocrx_word' id='word_1_595' title='bbox 3409 1689 3510 1728; x_wconf 85' lang='lat' dir='ltr'><strong>non</strong></span> 
     </span>
    </p>
   </div>
   <div class='ocr_carea' id='block_1_77' title="bbox 1933 1756 3508 1831">
    <p class='ocr_par' dir='ltr' id='par_1_77' title="bbox 1933 1756 3508 1831">
     <span class='ocr_line' id='line_1_77' title="bbox 1933 1756 3508 1831; baseline 0.006 -23"><span class='ocrx_word' id='word_1_596' title='bbox 1933 1765 2108 1819; x_wconf 87' lang='lat' dir='ltr'><strong>ertmt,</strong></span> <span class='ocrx_word' id='word_1_597' title='bbox 2139 1756 2229 1809; x_wconf 88' lang='lat' dir='ltr'><strong>ubi</strong></span> <span class='ocrx_word' id='word_1_598' title='bbox 2260 1758 2370 1810; x_wconf 84' lang='lat' dir='ltr'><strong>sola</strong></span> <span class='ocrx_word' id='word_1_599' title='bbox 2393 1772 2494 1828; x_wconf 73' lang='lat' dir='ltr'><strong>pax</strong></span> <span class='ocrx_word' id='word_1_600' title='bbox 2521 1759 2623 1812; x_wconf 89' lang='lat' dir='ltr'><strong>erit</strong></span> <span class='ocrx_word' id='word_1_601' title='bbox 2651 1769 2703 1814; x_wconf 87' lang='lat' dir='ltr'><strong>et</strong></span> <span class='ocrx_word' id='word_1_602' title='bbox 2726 1761 2906 1814; x_wconf 69' lang='lat' dir='ltr'><strong>laetitia</strong></span> <span class='ocrx_word' id='word_1_603' title='bbox 2943 1761 3286 1831; x_wconf 89' lang='lat' dir='ltr'><strong>sempiterna.</strong></span> <span class='ocrx_word' id='word_1_604' title='bbox 3319 1763 3373 1817; x_wconf 92' lang='lat' dir='ltr'><strong>In</strong></span> <span class='ocrx_word' id='word_1_605' title='bbox 3403 1762 3508 1818; x_wconf 82' lang='lat' dir='ltr'><strong>isto</strong></span> 
     </span>
    </p>
   </div>
   <div class='ocr_carea' id='block_1_78' title="bbox 1931 1851 3512 1922">
    <p class='ocr_par' dir='ltr' id='par_1_78' title="bbox 1931 1851 3512 1922">
     <span class='ocr_line' id='line_1_78' title="bbox 1931 1851 3512 1922; baseline 0.009 -25"><span class='ocrx_word' id='word_1_606' title='bbox 1931 1855 2108 1898; x_wconf 85' lang='lat' dir='ltr'><strong>autem</strong></span> <span class='ocrx_word' id='word_1_607' title='bbox 2139 1855 2376 1915; x_wconf 89' lang='lat' dir='ltr'><strong>tempore</strong></span> <span class='ocrx_word' id='word_1_608' title='bbox 2401 1891 2415 1914; x_wconf 93' lang='lat'><strong>,</strong></span> <span class='ocrx_word' id='word_1_609' title='bbox 2463 1857 2519 1903; x_wconf 90' lang='lat' dir='ltr'><strong>ut</strong></span> <span class='ocrx_word' id='word_1_610' title='bbox 2562 1851 2865 1906; x_wconf 79' lang='lat' dir='ltr'><strong>noverimus</strong></span> <span class='ocrx_word' id='word_1_611' title='bbox 2901 1863 3154 1922; x_wconf 73' lang='lat' dir='ltr'><strong>quantum</strong></span> <span class='ocrx_word' id='word_1_612' title='bbox 3186 1855 3334 1908; x_wconf 75' lang='lat' dir='ltr'><strong>nobis</strong></span> <span class='ocrx_word' id='word_1_613' title='bbox 3360 1871 3512 1910; x_wconf 79' lang='lat' dir='ltr'><strong>com-</strong></span> 
     </span>
    </p>
   </div>
   <div class='ocr_carea' id='block_1_79' title="bbox 1934 1937 3511 2012">
    <p class='ocr_par' dir='ltr' id='par_1_79' title="bbox 1934 1937 3511 2012">
     <span class='ocr_line' id='line_1_79' title="bbox 1934 1937 3511 2012; baseline 0.008 -23"><span class='ocrx_word' id='word_1_614' title='bbox 1934 1937 2152 1990; x_wconf 86' lang='lat' dir='ltr'><strong>mendat</strong></span> <span class='ocrx_word' id='word_1_615' title='bbox 2182 1938 2324 1993; x_wconf 86' lang='lat' dir='ltr'><strong>Deus</strong></span> <span class='ocrx_word' id='word_1_616' title='bbox 2345 1954 2505 2010; x_wconf 89' lang='lat' dir='ltr'><strong>opera</strong></span> <span class='ocrx_word' id='word_1_617' title='bbox 2530 1942 2928 2006; x_wconf 59' lang='lat' dir='ltr'><strong>misericordia,</strong></span> <span class='ocrx_word' id='word_1_618' title='bbox 2952 1945 3109 1997; x_wconf 80' lang='lat' dir='ltr'><strong>etiam</strong></span> <span class='ocrx_word' id='word_1_619' title='bbox 3135 1944 3276 2012; x_wconf 87' lang='lat' dir='ltr'><strong>ipsos</strong></span> <span class='ocrx_word' id='word_1_620' title='bbox 3299 1955 3511 2002; x_wconf 90' lang='lat' dir='ltr'><strong>sanctos</strong></span> 
     </span>
    </p>
   </div>
   <div class='ocr_carea' id='block_1_80' title="bbox 1930 2028 3510 2096">
    <p class='ocr_par' dir='ltr' id='par_1_80' title="bbox 1930 2028 3510 2096">
     <span class='ocr_line' id='line_1_80' title="bbox 1930 2028 3510 2096; baseline 0.008 -18"><span class='ocrx_word' id='word_1_621' title='bbox 1930 2040 2055 2079; x_wconf 90' lang='lat' dir='ltr'><strong>suos</strong></span> <span class='ocrx_word' id='word_1_622' title='bbox 2079 2041 2236 2096; x_wconf 79' lang='lat' dir='ltr'><strong>egere</strong></span> <span class='ocrx_word' id='word_1_623' title='bbox 2263 2028 2385 2082; x_wconf 88' lang='lat' dir='ltr'><strong>fecit</strong></span> <span class='ocrx_word' id='word_1_624' title='bbox 2408 2046 2422 2094; x_wconf 92' lang='lat'><strong>;</strong></span> <span class='ocrx_word' id='word_1_625' title='bbox 2455 2039 2508 2082; x_wconf 90' lang='lat' dir='ltr'><strong>ut</strong></span> <span class='ocrx_word' id='word_1_626' title='bbox 2531 2047 2649 2084; x_wconf 86' lang='lat' dir='ltr'><strong>cum</strong></span> <span class='ocrx_word' id='word_1_627' title='bbox 2674 2030 2804 2084; x_wconf 88' lang='lat' dir='ltr'><strong>ﬁunt</strong></span> <span class='ocrx_word' id='word_1_628' title='bbox 2831 2032 2912 2085; x_wconf 91' lang='lat' dir='ltr'><strong>hic</strong></span> <span class='ocrx_word' id='word_1_629' title='bbox 2941 2034 3093 2088; x_wconf 89' lang='lat' dir='ltr'><strong>amici</strong></span> <span class='ocrx_word' id='word_1_630' title='bbox 3115 2033 3182 2088; x_wconf 93' lang='lat' dir='ltr'><strong>dc</strong></span> <span class='ocrx_word' id='word_1_631' title='bbox 3209 2051 3510 2090; x_wconf 82' lang='lat' dir='ltr'><strong>mammona</strong></span> 
     </span>
    </p>
   </div>
   <div class='ocr_carea' id='block_1_81' title="bbox 1929 2117 3505 2190">
    <p class='ocr_par' dir='ltr' id='par_1_81' title="bbox 1929 2117 3505 2190">
     <span class='ocr_line' id='line_1_81' title="bbox 1929 2117 3505 2190; baseline 0.006 -20"><span class='ocrx_word' id='word_1_632' title='bbox 1929 2117 2220 2186; x_wconf 83' lang='lat' dir='ltr'><strong>iniquitatis</strong></span> <span class='ocrx_word' id='word_1_633' title='bbox 2245 2161 2258 2183; x_wconf 92' lang='lat'><strong>,</strong></span> <span class='ocrx_word' id='word_1_634' title='bbox 2295 2120 2550 2187; x_wconf 84' lang='lat' dir='ltr'><strong>recipiant</strong></span> <span class='ocrx_word' id='word_1_635' title='bbox 2589 2131 2644 2174; x_wconf 93' lang='lat' dir='ltr'><strong>ct</strong></span> <span class='ocrx_word' id='word_1_636' title='bbox 2681 2122 2780 2190; x_wconf 91' lang='lat' dir='ltr'><strong>ipsi</strong></span> <span class='ocrx_word' id='word_1_637' title='bbox 2819 2123 3018 2176; x_wconf 86' lang='lat' dir='ltr'><strong>amicos</strong></span> <span class='ocrx_word' id='word_1_638' title='bbox 3059 2139 3186 2178; x_wconf 90' lang='lat' dir='ltr'><strong>suos</strong></span> <span class='ocrx_word' id='word_1_639' title='bbox 3229 2125 3278 2176; x_wconf 90' lang='lat' dir='ltr'><strong>in</strong></span> <span class='ocrx_word' id='word_1_640' title='bbox 3307 2136 3505 2180; x_wconf 85' lang='lat' dir='ltr'><strong>a-terna</strong></span> 
     </span>
    </p>
   </div>
   <div class='ocr_carea' id='block_1_82' title="bbox 1928 2208 3506 2282">
    <p class='ocr_par' dir='ltr' id='par_1_82' title="bbox 1928 2208 3506 2282">
     <span class='ocr_line' id='line_1_82' title="bbox 1928 2208 3506 2282; baseline 0.008 -23"><span class='ocrx_word' id='word_1_641' title='bbox 1928 2208 2264 2262; x_wconf 63' lang='lat' dir='ltr'><strong>hibernacula</strong></span> <span class='ocrx_word' id='word_1_642' title='bbox 2292 2209 2442 2278; x_wconf 87' lang='lat' dir='ltr'><strong>(Luc.</strong></span> <span class='ocrx_word' id='word_1_643' title='bbox 2477 2226 2591 2276; x_wconf 73' lang='lat' dir='ltr'><strong>xvi,</strong></span> <span class='ocrx_word' id='word_1_644' title='bbox 2620 2211 2674 2282; x_wconf 87' lang='lat'><strong>9)</strong></span> <span class='ocrx_word' id='word_1_645' title='bbox 2708 2229 2722 2264; x_wconf 90' lang='lat'>:</span> <span class='ocrx_word' id='word_1_646' title='bbox 2755 2211 2804 2266; x_wconf 91' lang='lat' dir='ltr'><strong>id</strong></span> <span class='ocrx_word' id='word_1_647' title='bbox 2832 2222 2932 2278; x_wconf 91' lang='lat' dir='ltr'><strong>est,</strong></span> <span class='ocrx_word' id='word_1_648' title='bbox 2966 2224 3020 2266; x_wconf 92' lang='lat' dir='ltr'><strong>ut</strong></span> <span class='ocrx_word' id='word_1_649' title='bbox 3049 2228 3166 2268; x_wconf 91' lang='lat' dir='ltr'><strong>cum</strong></span> <span class='ocrx_word' id='word_1_650' title='bbox 3198 2217 3364 2269; x_wconf 71' lang='lat' dir='ltr'><strong>Servis</strong></span> <span class='ocrx_word' id='word_1_651' title='bbox 3394 2217 3506 2282; x_wconf 78' lang='lat' dir='ltr'><strong>llci,</strong></span> 
     </span>
    </p>
   </div>
   <div class='ocr_carea' id='block_1_83' title="bbox 1931 2298 3506 2374">
    <p class='ocr_par' dir='ltr' id='par_1_83' title="bbox 1931 2298 3506 2374">
     <span class='ocr_line' id='line_1_83' title="bbox 1931 2298 3506 2374; baseline 0.008 -26"><span class='ocrx_word' id='word_1_652' title='bbox 1931 2298 2018 2366; x_wconf 88' lang='lat' dir='ltr'><strong>qui</strong></span> <span class='ocrx_word' id='word_1_653' title='bbox 2046 2298 2168 2350; x_wconf 92' lang='lat' dir='ltr'><strong>dum</strong></span> <span class='ocrx_word' id='word_1_654' title='bbox 2205 2299 2402 2368; x_wconf 81' lang='lat' dir='ltr'><strong>jugiter</strong></span> <span class='ocrx_word' id='word_1_655' title='bbox 2428 2301 2533 2353; x_wconf 82' lang='lat' dir='ltr'><strong>Deo</strong></span> <span class='ocrx_word' id='word_1_656' title='bbox 2575 2312 2790 2364; x_wconf 88' lang='lat' dir='ltr'><strong>vacant,</strong></span> <span class='ocrx_word' id='word_1_657' title='bbox 2820 2302 3100 2367; x_wconf 78' lang='lat' dir='ltr'><strong>aliquoties</strong></span> <span class='ocrx_word' id='word_1_658' title='bbox 3134 2305 3400 2374; x_wconf 79' lang='lat' dir='ltr'><strong>indigent,</strong></span> <span class='ocrx_word' id='word_1_659' title='bbox 3433 2307 3506 2361; x_wconf 75' lang='lat' dir='ltr'><strong>illi</strong></span> 
     </span>
    </p>
   </div>
   <div class='ocr_carea' id='block_1_84' title="bbox 1929 2389 3504 2469">
    <p class='ocr_par' dir='ltr' id='par_1_84' title="bbox 1929 2389 3504 2469">
     <span class='ocr_line' id='line_1_84' title="bbox 1929 2389 3504 2469; baseline 0.008 -28"><span class='ocrx_word' id='word_1_660' title='bbox 1929 2389 2018 2459; x_wconf 90' lang='lat' dir='ltr'><strong>qui</strong></span> <span class='ocrx_word' id='word_1_661' title='bbox 2047 2390 2240 2444; x_wconf 88' lang='lat' dir='ltr'><strong>habent</strong></span> <span class='ocrx_word' id='word_1_662' title='bbox 2267 2392 2448 2446; x_wconf 81' lang='lat' dir='ltr'><strong>mundi</strong></span> <span class='ocrx_word' id='word_1_663' title='bbox 2477 2393 2684 2447; x_wconf 83' lang='lat' dir='ltr'><strong>divitias</strong></span> <span class='ocrx_word' id='word_1_664' title='bbox 2703 2435 2718 2457; x_wconf 93' lang='lat'><strong>,</strong></span> <span class='ocrx_word' id='word_1_665' title='bbox 2766 2395 3154 2466; x_wconf 69' lang='lat' dir='ltr'><strong>elcentosynam</strong></span> <span class='ocrx_word' id='word_1_666' title='bbox 3197 2397 3504 2469; x_wconf 79' lang='lat' dir='ltr'><strong>largiuntur,</strong></span> 
     </span>
    </p>
   </div>
   <div class='ocr_carea' id='block_1_85' title="bbox 1930 2483 3510 2554">
    <p class='ocr_par' dir='ltr' id='par_1_85' title="bbox 1930 2483 3510 2554">
     <span class='ocr_line' id='line_1_85' title="bbox 1930 2483 3510 2554; baseline 0.008 -20"><span class='ocrx_word' id='word_1_667' title='bbox 1930 2483 2196 2551; x_wconf 89' lang='lat' dir='ltr'><strong>quomodo</strong></span> <span class='ocrx_word' id='word_1_668' title='bbox 2235 2499 2327 2538; x_wconf 81' lang='lat' dir='ltr'><strong>eos</strong></span> <span class='ocrx_word' id='word_1_669' title='bbox 2371 2485 2656 2554; x_wconf 84' lang='lat' dir='ltr'><strong>participes</strong></span> <span class='ocrx_word' id='word_1_670' title='bbox 2703 2485 2898 2540; x_wconf 62' lang='lat' dir='ltr'><strong>faciunt</strong></span> <span class='ocrx_word' id='word_1_671' title='bbox 2929 2487 2978 2540; x_wconf 91' lang='lat' dir='ltr'><strong>iu</strong></span> <span class='ocrx_word' id='word_1_672' title='bbox 3027 2499 3232 2544; x_wconf 84' lang='lat' dir='ltr'><strong>terrena</strong></span> <span class='ocrx_word' id='word_1_673' title='bbox 3263 2491 3510 2546; x_wconf 86' lang='lat' dir='ltr'><strong>substan-</strong></span> 
     </span>
    </p>
   </div>
   <div class='ocr_carea' id='block_1_86' title="bbox 1929 2567 3508 2646">
    <p class='ocr_par' dir='ltr' id='par_1_86' title="bbox 1929 2567 3508 2646">
     <span class='ocr_line' id='line_1_86' title="bbox 1929 2567 3508 2646; baseline 0.008 -20"><span class='ocrx_word' id='word_1_674' title='bbox 1929 2573 1998 2626; x_wconf 86' lang='lat' dir='ltr'><strong>tia</strong></span> <span class='ocrx_word' id='word_1_675' title='bbox 2022 2613 2036 2636; x_wconf 93' lang='lat'><strong>,</strong></span> <span class='ocrx_word' id='word_1_676' title='bbox 2083 2575 2160 2627; x_wconf 91' lang='lat' dir='ltr'><strong>sic</strong></span> <span class='ocrx_word' id='word_1_677' title='bbox 2201 2590 2321 2629; x_wconf 91' lang='lat' dir='ltr'><strong>cum</strong></span> <span class='ocrx_word' id='word_1_678' title='bbox 2363 2577 2465 2630; x_wconf 89' lang='lat' dir='ltr'><strong>illis</strong></span> <span class='ocrx_word' id='word_1_679' title='bbox 2504 2567 2704 2646; x_wconf 80' lang='lat' dir='ltr'><strong>partem</strong></span> <span class='ocrx_word' id='word_1_680' title='bbox 2749 2577 2946 2633; x_wconf 83' lang='lat' dir='ltr'><strong>habere</strong></span> <span class='ocrx_word' id='word_1_681' title='bbox 2984 2585 3372 2642; x_wconf 72' lang='lat' dir='ltr'><strong>mereanturin</strong></span> <span class='ocrx_word' id='word_1_682' title='bbox 3403 2587 3508 2640; x_wconf 88' lang='lat' dir='ltr'><strong>vita</strong></span> 
     </span>
    </p>
   </div>
   <div class='ocr_carea' id='block_1_87' title="bbox 1901 2668 2198 2718">
    <p class='ocr_par' dir='ltr' id='par_1_87' title="bbox 1901 2668 2198 2718">
     <span class='ocr_line' id='line_1_87' title="bbox 1901 2668 2198 2718; baseline 0 0"><span class='ocrx_word' id='word_1_683' title='bbox 1901 2683 1905 2687; x_wconf 78' lang='lat'><strong><em>&#39;</em></strong></span> <span class='ocrx_word' id='word_1_684' title='bbox 1927 2674 2125 2718; x_wconf 66' lang='lat' dir='ltr'><strong>aeterna</strong></span> <span class='ocrx_word' id='word_1_685' title='bbox 2158 2668 2198 2718; x_wconf 73' lang='grc'><strong>³.</strong></span> 
     </span>
    </p>
   </div>
   <div class='ocr_carea' id='block_1_88' title="bbox 1998 2754 3524 2830">
    <p class='ocr_par' dir='ltr' id='par_1_88' title="bbox 1998 2754 3524 2830">
     <span class='ocr_line' id='line_1_88' title="bbox 1998 2754 3524 2830; baseline 0.008 -23"><span class='ocrx_word' id='word_1_686' title='bbox 1998 2754 2052 2807; x_wconf 72' lang='grc'><strong>9.</strong></span> <span class='ocrx_word' id='word_1_687' title='bbox 2086 2754 2229 2809; x_wconf 74' lang='lat' dir='ltr'><strong>Elius</strong></span> <span class='ocrx_word' id='word_1_688' title='bbox 2244 2762 2311 2810; x_wconf 84' lang='lat' dir='ltr'><strong>ad</strong></span> <span class='ocrx_word' id='word_1_689' title='bbox 2337 2774 2604 2828; x_wconf 86' lang='lat' dir='ltr'><strong>pauperem</strong></span> <span class='ocrx_word' id='word_1_690' title='bbox 2629 2759 2831 2812; x_wconf 69' lang='lat' dir='ltr'><strong>viduam</strong></span> <span class='ocrx_word' id='word_1_691' title='bbox 2859 2762 3138 2830; x_wconf 69' lang='lat' dir='ltr'><strong>pascendos</strong></span> <span class='ocrx_word' id='word_1_692' title='bbox 3163 2779 3252 2816; x_wconf 80' lang='lat' dir='ltr'><strong>cur</strong></span> <span class='ocrx_word' id='word_1_693' title='bbox 3271 2765 3524 2819; x_wconf 83' lang='lat' dir='ltr'><strong>mittitur.’</strong></span> 
     </span>
    </p>
   </div>
   <div class='ocr_carea' id='block_1_89' title="bbox 1931 2843 3510 2926">
    <p class='ocr_par' dir='ltr' id='par_1_89' title="bbox 1931 2843 3510 2926">
     <span class='ocr_line' id='line_1_89' title="bbox 1931 2843 3510 2926; baseline 0.009 -28"><span class='ocrx_word' id='word_1_694' title='bbox 1931 2843 2181 2900; x_wconf 82' lang='lat' dir='ltr'><strong>Maudare</strong></span> <span class='ocrx_word' id='word_1_695' title='bbox 2207 2846 2344 2901; x_wconf 80' lang='lat' dir='ltr'><strong>Deus</strong></span> <span class='ocrx_word' id='word_1_696' title='bbox 2369 2850 2616 2918; x_wconf 80' lang='lat' dir='ltr'><strong>quomodo</strong></span> <span class='ocrx_word' id='word_1_697' title='bbox 2652 2851 2962 2922; x_wconf 78' lang='lat' dir='ltr'><strong>intelligitur.</strong></span> <span class='ocrx_word' id='word_1_698' title='bbox 3007 2853 3115 2907; x_wconf 87' lang='lat' dir='ltr'><strong>lloc</strong></span> <span class='ocrx_word' id='word_1_699' title='bbox 3145 2855 3251 2908; x_wconf 79' lang='lat' dir='ltr'><strong>dixi</strong></span> <span class='ocrx_word' id='word_1_700' title='bbox 3295 2865 3510 2926; x_wconf 80' lang='lat' dir='ltr'><strong>propter</strong></span> 
     </span>
    </p>
   </div>
   <div class='ocr_carea' id='block_1_90' title="bbox 1929 2935 3510 3012">
    <p class='ocr_par' dir='ltr' id='par_1_90' title="bbox 1929 2935 3510 3012">
     <span class='ocr_line' id='line_1_90' title="bbox 1929 2935 3510 3012; baseline 0.007 -22"><span class='ocrx_word' id='word_1_701' title='bbox 1929 2935 2208 2991; x_wconf 87' lang='lat' dir='ltr'><strong>lectionem</strong></span> <span class='ocrx_word' id='word_1_702' title='bbox 2242 2938 2580 3008; x_wconf 80' lang='lat' dir='ltr'><strong>Regnorum,</strong></span> <span class='ocrx_word' id='word_1_703' title='bbox 2613 2958 2767 3010; x_wconf 88' lang='lat' dir='ltr'><strong>quam</strong></span> <span class='ocrx_word' id='word_1_704' title='bbox 2795 2943 2962 3012; x_wconf 84' lang='lat' dir='ltr'><strong>primo</strong></span> <span class='ocrx_word' id='word_1_705' title='bbox 2987 2943 3304 3000; x_wconf 88' lang='lat' dir='ltr'><strong>audivimus.</strong></span> <span class='ocrx_word' id='word_1_706' title='bbox 3347 2946 3510 3001; x_wconf 85' lang='lat' dir='ltr'><strong>Nunt-</strong></span> 
     </span>
    </p>
   </div>
   <div class='ocr_carea' id='block_1_91' title="bbox 1929 3029 3509 3102">
    <p class='ocr_par' dir='ltr' id='par_1_91' title="bbox 1929 3029 3509 3102">
     <span class='ocr_line' id='line_1_91' title="bbox 1929 3029 3509 3102; baseline 0.008 -21"><span class='ocrx_word' id='word_1_707' title='bbox 1929 3029 2054 3098; x_wconf 88' lang='lat' dir='ltr'><strong>quid</strong></span> <span class='ocrx_word' id='word_1_708' title='bbox 2087 3031 2222 3085; x_wconf 87' lang='lat' dir='ltr'><strong>Deus</strong></span> <span class='ocrx_word' id='word_1_709' title='bbox 2269 3031 2531 3086; x_wconf 77' lang='lat' dir='ltr'><strong>defecerat</strong></span> <span class='ocrx_word' id='word_1_710' title='bbox 2587 3047 2805 3102; x_wconf 82' lang='lat' dir='ltr'><strong>pascere</strong></span> <span class='ocrx_word' id='word_1_711' title='bbox 2850 3049 3057 3088; x_wconf 79' lang='lat' dir='ltr'><strong>servum</strong></span> <span class='ocrx_word' id='word_1_712' title='bbox 3105 3049 3256 3089; x_wconf 87' lang='lat' dir='ltr'><strong>suum</strong></span> <span class='ocrx_word' id='word_1_713' title='bbox 3302 3037 3509 3093; x_wconf 85' lang='lat' dir='ltr'><strong>Eliant?</strong></span> 
     </span>
    </p>
   </div>
   <div class='ocr_carea' id='block_1_92' title="bbox 1930 3120 3509 3194">
    <p class='ocr_par' dir='ltr' id='par_1_92' title="bbox 1930 3120 3509 3194">
     <span class='ocr_line' id='line_1_92' title="bbox 1930 3120 3509 3194; baseline 0.008 -20"><span class='ocrx_word' id='word_1_714' title='bbox 1930 3120 2115 3177; x_wconf 81' lang='lat' dir='ltr'><strong>Nonne</strong></span> <span class='ocrx_word' id='word_1_715' title='bbox 2138 3123 2232 3187; x_wconf 89' lang='lat' dir='ltr'><strong>illi,</strong></span> <span class='ocrx_word' id='word_1_716' title='bbox 2261 3125 2378 3194; x_wconf 87' lang='lat' dir='ltr'><strong>quia</strong></span> <span class='ocrx_word' id='word_1_717' title='bbox 2401 3124 2619 3178; x_wconf 88' lang='lat' dir='ltr'><strong>deerant</strong></span> <span class='ocrx_word' id='word_1_718' title='bbox 2637 3124 2901 3192; x_wconf 82' lang='lat' dir='ltr'><strong>homines,</strong></span> <span class='ocrx_word' id='word_1_719' title='bbox 2930 3128 3081 3182; x_wconf 90' lang='lat' dir='ltr'><strong>alites</strong></span> <span class='ocrx_word' id='word_1_720' title='bbox 3107 3129 3509 3187; x_wconf 75' lang='lat' dir='ltr'><strong>ministrabant?</strong></span> 
     </span>
    </p>
   </div>
   <div class='ocr_carea' id='block_1_93' title="bbox 1931 3213 3511 3292">
    <p class='ocr_par' dir='ltr' id='par_1_93' title="bbox 1931 3213 3511 3292">
     <span class='ocr_line' id='line_1_93' title="bbox 1931 3213 3511 3292; baseline 0.007 -24"><span class='ocrx_word' id='word_1_721' title='bbox 1931 3213 2120 3271; x_wconf 81' lang='lat' dir='ltr'><strong>Nonne</strong></span> <span class='ocrx_word' id='word_1_722' title='bbox 2147 3217 2216 3270; x_wconf 92' lang='lat' dir='ltr'><strong>illi</strong></span> <span class='ocrx_word' id='word_1_723' title='bbox 2244 3234 2430 3284; x_wconf 88' lang='lat' dir='ltr'><strong>panetn</strong></span> <span class='ocrx_word' id='word_1_724' title='bbox 2458 3217 2710 3272; x_wconf 75' lang='lat' dir='ltr'><strong>aﬂ&#39;crcbat</strong></span> <span class='ocrx_word' id='word_1_725' title='bbox 2736 3233 2928 3273; x_wconf 87' lang='lat' dir='ltr'><strong>corvus</strong></span> <span class='ocrx_word' id='word_1_726' title='bbox 2956 3237 3132 3288; x_wconf 84' lang='lat' dir='ltr'><strong>mane,</strong></span> <span class='ocrx_word' id='word_1_727' title='bbox 3157 3233 3208 3276; x_wconf 91' lang='lat' dir='ltr'><strong>ct</strong></span> <span class='ocrx_word' id='word_1_728' title='bbox 3229 3223 3293 3276; x_wconf 85' lang='lat' dir='ltr'><strong>ad</strong></span> <span class='ocrx_word' id='word_1_729' title='bbox 3326 3239 3511 3292; x_wconf 88' lang='lat' dir='ltr'><strong>vespe-</strong></span> 
     </span>
    </p>
   </div>
   <div class='ocr_carea' id='block_1_94' title="bbox 1931 3296 3505 3384">
    <p class='ocr_par' dir='ltr' id='par_1_94' title="bbox 1931 3296 3505 3384">
     <span class='ocr_line' id='line_1_94' title="bbox 1931 3296 3505 3384; baseline 0.004 -24"><span class='ocrx_word' id='word_1_730' title='bbox 1931 3323 2044 3360; x_wconf 89' lang='lat' dir='ltr'><strong>ram</strong></span> <span class='ocrx_word' id='word_1_731' title='bbox 2077 3311 2304 3362; x_wconf 77' lang='lat' dir='ltr'><strong>carnes?</strong></span> <span class='ocrx_word' id='word_1_732' title='bbox 2343 3305 2584 3362; x_wconf 59' lang='lat' dir='ltr'><strong>Ostendit</strong></span> <span class='ocrx_word' id='word_1_733' title='bbox 2613 3296 2740 3378; x_wconf 79' lang='lat' dir='ltr'><strong>ergo</strong></span> <span class='ocrx_word' id='word_1_734' title='bbox 2771 3310 2910 3364; x_wconf 85' lang='lat' dir='ltr'><strong>Dens</strong></span> <span class='ocrx_word' id='word_1_735' title='bbox 2939 3311 3057 3380; x_wconf 84' lang='lat' dir='ltr'><strong>quia</strong></span> <span class='ocrx_word' id='word_1_736' title='bbox 3089 3311 3228 3368; x_wconf 89' lang='lat' dir='ltr'><strong>unde</strong></span> <span class='ocrx_word' id='word_1_737' title='bbox 3258 3315 3505 3384; x_wconf 64' lang='lat' dir='ltr'><strong>voluerit,</strong></span> 
     </span>
    </p>
   </div>
   <div class='ocr_carea' id='block_1_95' title="bbox 1930 3401 3511 3472">
    <p class='ocr_par' dir='ltr' id='par_1_95' title="bbox 1930 3401 3511 3472">
     <span class='ocr_line' id='line_1_95' title="bbox 1930 3401 3511 3472; baseline 0.005 -19"><span class='ocrx_word' id='word_1_738' title='bbox 1930 3409 1982 3453; x_wconf 91' lang='lat' dir='ltr'><strong>ct</strong></span> <span class='ocrx_word' id='word_1_739' title='bbox 2009 3401 2274 3469; x_wconf 88' lang='lat' dir='ltr'><strong>quomodo</strong></span> <span class='ocrx_word' id='word_1_740' title='bbox 2303 3401 2552 3468; x_wconf 85' lang='lat' dir='ltr'><strong>voluerit,</strong></span> <span class='ocrx_word' id='word_1_741' title='bbox 2587 3411 2758 3470; x_wconf 87' lang='lat' dir='ltr'><strong>potest</strong></span> <span class='ocrx_word' id='word_1_742' title='bbox 2797 3418 3012 3472; x_wconf 80' lang='lat' dir='ltr'><strong>pascere</strong></span> <span class='ocrx_word' id='word_1_743' title='bbox 3046 3420 3228 3459; x_wconf 87' lang='lat' dir='ltr'><strong>servos</strong></span> <span class='ocrx_word' id='word_1_744' title='bbox 3259 3421 3382 3459; x_wconf 89' lang='lat' dir='ltr'><strong>suos</strong></span> <span class='ocrx_word' id='word_1_745' title='bbox 3411 3423 3424 3458; x_wconf 87' lang='lat'><strong>:</strong></span> <span class='ocrx_word' id='word_1_746' title='bbox 3457 3417 3511 3461; x_wconf 91' lang='lat' dir='ltr'><strong>et</strong></span> 
     </span>
    </p>
   </div>
   <div class='ocr_carea' id='block_1_96' title="bbox 1929 3492 3508 3564">
    <p class='ocr_par' dir='ltr' id='par_1_96' title="bbox 1929 3492 3508 3564">
     <span class='ocr_line' id='line_1_96' title="bbox 1929 3492 3508 3564; baseline 0.008 -20"><span class='ocrx_word' id='word_1_747' title='bbox 1929 3499 2104 3544; x_wconf 85' lang='lat' dir='ltr'><strong>tamen</strong></span> <span class='ocrx_word' id='word_1_748' title='bbox 2135 3501 2194 3545; x_wconf 91' lang='lat' dir='ltr'><strong>ut</strong></span> <span class='ocrx_word' id='word_1_749' title='bbox 2239 3502 2418 3561; x_wconf 84' lang='lat' dir='ltr'><strong>posset</strong></span> <span class='ocrx_word' id='word_1_750' title='bbox 2453 3508 2572 3546; x_wconf 87' lang='lat' dir='ltr'><strong>eum</strong></span> <span class='ocrx_word' id='word_1_751' title='bbox 2617 3492 2860 3562; x_wconf 78' lang='lat' dir='ltr'><strong>religiosa</strong></span> <span class='ocrx_word' id='word_1_752' title='bbox 2896 3494 3046 3547; x_wconf 83' lang='lat' dir='ltr'><strong>vidua</strong></span> <span class='ocrx_word' id='word_1_753' title='bbox 3089 3511 3337 3564; x_wconf 88' lang='lat' dir='ltr'><strong>pascere,</strong></span> <span class='ocrx_word' id='word_1_754' title='bbox 3387 3495 3508 3556; x_wconf 73' lang='lat' dir='ltr'><strong>fect.</strong></span> 
     </span>
    </p>
   </div>
   <div class='ocr_carea' id='block_1_97' title="bbox 1929 3583 3507 3652">
    <p class='ocr_par' dir='ltr' id='par_1_97' title="bbox 1929 3583 3507 3652">
     <span class='ocr_line' id='line_1_97' title="bbox 1929 3583 3507 3652; baseline 0.001 -14"><span class='ocrx_word' id='word_1_755' title='bbox 1929 3598 2050 3638; x_wconf 86' lang='lat' dir='ltr'><strong>eum</strong></span> <span class='ocrx_word' id='word_1_756' title='bbox 2089 3599 2267 3652; x_wconf 81' lang='lat' dir='ltr'><strong>egere.</strong></span> <span class='ocrx_word' id='word_1_757' title='bbox 2325 3583 2544 3652; x_wconf 75' lang='lat' dir='ltr'><strong>Egestas</strong></span> <span class='ocrx_word' id='word_1_758' title='bbox 2571 3585 2762 3638; x_wconf 74' lang='lat' dir='ltr'><strong>anima:</strong></span> <span class='ocrx_word' id='word_1_759' title='bbox 2797 3593 2992 3638; x_wconf 67' lang='grc' dir='ltr'>εειιιςιιυ</span> <span class='ocrx_word' id='word_1_760' title='bbox 3039 3586 3090 3638; x_wconf 90' lang='lat' dir='ltr'><strong>in</strong></span> <span class='ocrx_word' id='word_1_761' title='bbox 3131 3585 3507 3640; x_wconf 67' lang='lat' dir='ltr'><strong>abundantiam</strong></span> 
     </span>
    </p>
   </div>
   <div class='ocr_carea' id='block_1_98' title="bbox 1929 3672 3508 3742">
    <p class='ocr_par' dir='ltr' id='par_1_98' title="bbox 1929 3672 3508 3742">
     <span class='ocr_line' id='line_1_98' title="bbox 1929 3672 3508 3742; baseline 0.004 -17"><span class='ocrx_word' id='word_1_762' title='bbox 1929 3688 2078 3727; x_wconf 76' lang='lat' dir='ltr'><strong>versa</strong></span> <span class='ocrx_word' id='word_1_763' title='bbox 2107 3683 2186 3726; x_wconf 89' lang='lat' dir='ltr'><strong>est</strong></span> <span class='ocrx_word' id='word_1_764' title='bbox 2207 3673 2395 3724; x_wconf 62' lang='lat' dir='ltr'><strong>animae</strong></span> <span class='ocrx_word' id='word_1_765' title='bbox 2419 3672 2697 3741; x_wconf 76' lang='lat' dir='ltr'><strong>religiosm.</strong></span> <span class='ocrx_word' id='word_1_766' title='bbox 2723 3673 2835 3726; x_wconf 88' lang='lat' dir='ltr'><strong>Non</strong></span> <span class='ocrx_word' id='word_1_767' title='bbox 2861 3683 3065 3742; x_wconf 89' lang='lat' dir='ltr'><strong>poterat</strong></span> <span class='ocrx_word' id='word_1_768' title='bbox 3090 3673 3230 3728; x_wconf 80' lang='lat' dir='ltr'><strong>Elius</strong></span> <span class='ocrx_word' id='word_1_769' title='bbox 3256 3675 3323 3728; x_wconf 78' lang='lat' dir='ltr'><strong>de</strong></span> <span class='ocrx_word' id='word_1_770' title='bbox 3346 3675 3508 3731; x_wconf 67' lang='lat' dir='ltr'><strong>tuiseo</strong></span> 
     </span>
    </p>
   </div>
   <div class='ocr_carea' id='block_1_99' title="bbox 1929 3762 3510 3833">
    <p class='ocr_par' dir='ltr' id='par_1_99' title="bbox 1929 3762 3510 3833">
     <span class='ocr_line' id='line_1_99' title="bbox 1929 3762 3510 3833; baseline 0.001 -14"><span class='ocrx_word' id='word_1_771' title='bbox 1929 3763 2154 3819; x_wconf 85' lang='lat' dir='ltr'><strong>ricordia</strong></span> <span class='ocrx_word' id='word_1_772' title='bbox 2185 3763 2277 3818; x_wconf 92' lang='lat' dir='ltr'><strong>Dei</strong></span> <span class='ocrx_word' id='word_1_773' title='bbox 2303 3762 2428 3816; x_wconf 87' lang='lat' dir='ltr'><strong>dare</strong></span> <span class='ocrx_word' id='word_1_774' title='bbox 2455 3763 2553 3815; x_wconf 91' lang='lat' dir='ltr'><strong>sibi</strong></span> <span class='ocrx_word' id='word_1_775' title='bbox 2580 3803 2593 3824; x_wconf 90' lang='lat'><strong>,</strong></span> <span class='ocrx_word' id='word_1_776' title='bbox 2623 3762 2761 3832; x_wconf 86' lang='lat' dir='ltr'><strong>quod</strong></span> <span class='ocrx_word' id='word_1_777' title='bbox 2791 3763 3082 3833; x_wconf 74' lang='lat' dir='ltr'><strong>laguncolc</strong></span> <span class='ocrx_word' id='word_1_778' title='bbox 3107 3764 3286 3820; x_wconf 85' lang='lat' dir='ltr'><strong>dedit?</strong></span> <span class='ocrx_word' id='word_1_779' title='bbox 3309 3765 3510 3821; x_wconf 85' lang='lat' dir='ltr'><strong>Videtis</strong></span> 
     </span>
    </p>
   </div>
   <div class='ocr_carea' id='block_1_100' title="bbox 1930 3853 3510 3926">
    <p class='ocr_par' dir='ltr' id='par_1_100' title="bbox 1930 3853 3510 3926">
     <span class='ocr_line' id='line_1_100' title="bbox 1930 3853 3510 3926; baseline 0.004 -18"><span class='ocrx_word' id='word_1_780' title='bbox 1930 3869 2141 3924; x_wconf 76' lang='lat' dir='ltr'><strong>netupe,</strong></span> <span class='ocrx_word' id='word_1_781' title='bbox 2170 3863 2223 3908; x_wconf 90' lang='lat' dir='ltr'><strong>et</strong></span> <span class='ocrx_word' id='word_1_782' title='bbox 2251 3853 2588 3908; x_wconf 87' lang='lat' dir='ltr'><strong>manifestum</strong></span> <span class='ocrx_word' id='word_1_783' title='bbox 2625 3862 2736 3919; x_wconf 89' lang='lat' dir='ltr'><strong>est,</strong></span> <span class='ocrx_word' id='word_1_784' title='bbox 2764 3855 2903 3924; x_wconf 83' lang='lat' dir='ltr'><strong>quod</strong></span> <span class='ocrx_word' id='word_1_785' title='bbox 2935 3856 3216 3926; x_wconf 82' lang='lat' dir='ltr'><strong>aliquando</strong></span> <span class='ocrx_word' id='word_1_786' title='bbox 3247 3859 3382 3912; x_wconf 87' lang='lat' dir='ltr'><strong>servi</strong></span> <span class='ocrx_word' id='word_1_787' title='bbox 3418 3859 3510 3915; x_wconf 85' lang='lat' dir='ltr'><strong>Dei</strong></span> 
     </span>
    </p>
   </div>
   <div class='ocr_carea' id='block_1_101' title="bbox 1931 3945 3508 4017">
    <p class='ocr_par' dir='ltr' id='par_1_101' title="bbox 1931 3945 3508 4017">
     <span class='ocr_line' id='line_1_101' title="bbox 1931 3945 3508 4017; baseline 0.003 -18"><span class='ocrx_word' id='word_1_788' title='bbox 1931 3945 2050 3999; x_wconf 88' lang='lat' dir='ltr'><strong>ideo</strong></span> <span class='ocrx_word' id='word_1_789' title='bbox 2075 3961 2178 3998; x_wconf 89' lang='lat' dir='ltr'><strong>non</strong></span> <span class='ocrx_word' id='word_1_790' title='bbox 2220 3945 2454 4011; x_wconf 88' lang='lat' dir='ltr'><strong>habent,</strong></span> <span class='ocrx_word' id='word_1_791' title='bbox 2481 3955 2537 3998; x_wconf 92' lang='lat' dir='ltr'><strong>ut</strong></span> <span class='ocrx_word' id='word_1_792' title='bbox 2563 3946 2852 4015; x_wconf 87' lang='lat' dir='ltr'><strong>probentur</strong></span> <span class='ocrx_word' id='word_1_793' title='bbox 2875 3949 2960 4017; x_wconf 89' lang='lat' dir='ltr'><strong>qui</strong></span> <span class='ocrx_word' id='word_1_794' title='bbox 2991 3947 3203 4001; x_wconf 86' lang='lat' dir='ltr'><strong>habent.</strong></span> <span class='ocrx_word' id='word_1_795' title='bbox 3239 3949 3300 4002; x_wconf 79' lang='lat' dir='ltr'><strong>Et</strong></span> <span class='ocrx_word' id='word_1_796' title='bbox 3333 3960 3508 4004; x_wconf 90' lang='lat' dir='ltr'><strong>tamen</strong></span> 
     </span>
    </p>
   </div>
   <div class='ocr_carea' id='block_1_102' title="bbox 1930 4037 3506 4108">
    <p class='ocr_par' dir='ltr' id='par_1_102' title="bbox 1930 4037 3506 4108">
     <span class='ocr_line' id='line_1_102' title="bbox 1930 4037 3506 4108; baseline 0.002 -16"><span class='ocrx_word' id='word_1_797' title='bbox 1930 4038 2017 4093; x_wconf 87' lang='lat' dir='ltr'><strong>illa</strong></span> <span class='ocrx_word' id='word_1_798' title='bbox 2069 4038 2224 4091; x_wconf 90' lang='lat' dir='ltr'><strong>vidua</strong></span> <span class='ocrx_word' id='word_1_799' title='bbox 2276 4037 2403 4090; x_wconf 88' lang='lat' dir='ltr'><strong>nihil</strong></span> <span class='ocrx_word' id='word_1_800' title='bbox 2454 4037 2720 4099; x_wconf 82' lang='lat' dir='ltr'><strong>habebat:</strong></span> <span class='ocrx_word' id='word_1_801' title='bbox 2759 4039 2902 4106; x_wconf 87' lang='lat' dir='ltr'><strong>quod</strong></span> <span class='ocrx_word' id='word_1_802' title='bbox 2949 4039 3018 4092; x_wconf 89' lang='lat' dir='ltr'><strong>illi</strong></span> <span class='ocrx_word' id='word_1_803' title='bbox 3066 4041 3325 4108; x_wconf 86' lang='lat' dir='ltr'><strong>reliquum</strong></span> <span class='ocrx_word' id='word_1_804' title='bbox 3370 4053 3506 4108; x_wconf 88' lang='lat' dir='ltr'><strong>erat,</strong></span> 
     </span>
    </p>
   </div>
   <div class='ocr_carea' id='block_1_103' title="bbox 1930 4126 3508 4190">
    <p class='ocr_par' dir='ltr' id='par_1_103' title="bbox 1930 4126 3508 4190">
     <span class='ocr_line' id='line_1_103' title="bbox 1930 4126 3508 4190; baseline 0.003 -9"><span class='ocrx_word' id='word_1_805' title='bbox 1930 4126 2138 4182; x_wconf 88' lang='lat' dir='ltr'><strong>ﬁnitum</strong></span> <span class='ocrx_word' id='word_1_806' title='bbox 2172 4127 2338 4181; x_wconf 90' lang='lat' dir='ltr'><strong>fuerat</strong></span> <span class='ocrx_word' id='word_1_807' title='bbox 2363 4167 2378 4190; x_wconf 94' lang='lat'><strong>,</strong></span> <span class='ocrx_word' id='word_1_808' title='bbox 2408 4137 2461 4179; x_wconf 92' lang='lat' dir='ltr'><strong>ct</strong></span> <span class='ocrx_word' id='word_1_809' title='bbox 2486 4141 2606 4180; x_wconf 89' lang='lat' dir='ltr'><strong>cum</strong></span> <span class='ocrx_word' id='word_1_810' title='bbox 2636 4127 2744 4179; x_wconf 84' lang='lat' dir='ltr'><strong>suis</strong></span> <span class='ocrx_word' id='word_1_811' title='bbox 2780 4127 2902 4180; x_wconf 86' lang='lat' dir='ltr'><strong>ﬁliis</strong></span> <span class='ocrx_word' id='word_1_812' title='bbox 2932 4127 3187 4182; x_wconf 85' lang='lat' dir='ltr'><strong>moritura</strong></span> <span class='ocrx_word' id='word_1_813' title='bbox 3213 4139 3344 4183; x_wconf 90' lang='lat' dir='ltr'><strong>erat.</strong></span> <span class='ocrx_word' id='word_1_814' title='bbox 3377 4131 3508 4186; x_wconf 84' lang='lat' dir='ltr'><strong>Pro-</strong></span> 
     </span>
    </p>
   </div>
   <div class='ocr_carea' id='block_1_104' title="bbox 1929 4218 3506 4293">
    <p class='ocr_par' dir='ltr' id='par_1_104' title="bbox 1929 4218 3506 4293">
     <span class='ocr_line' id='line_1_104' title="bbox 1929 4218 3506 4293; baseline 0.004 -19"><span class='ocrx_word' id='word_1_815' title='bbox 1929 4221 2088 4274; x_wconf 86' lang='lat' dir='ltr'><strong>cessit</strong></span> <span class='ocrx_word' id='word_1_816' title='bbox 2105 4235 2250 4290; x_wconf 81' lang='lat' dir='ltr'><strong>ergo,</strong></span> <span class='ocrx_word' id='word_1_817' title='bbox 2275 4230 2331 4272; x_wconf 91' lang='lat' dir='ltr'><strong>ut</strong></span> <span class='ocrx_word' id='word_1_818' title='bbox 2353 4218 2552 4272; x_wconf 84' lang='lat' dir='ltr'><strong>faceret</strong></span> <span class='ocrx_word' id='word_1_819' title='bbox 2578 4218 2675 4271; x_wconf 89' lang='lat' dir='ltr'><strong>sibi</strong></span> <span class='ocrx_word' id='word_1_820' title='bbox 2703 4235 2911 4288; x_wconf 84' lang='lat' dir='ltr'><strong>panem,</strong></span> <span class='ocrx_word' id='word_1_821' title='bbox 2937 4220 3188 4290; x_wconf 63' lang='lat' dir='ltr'><strong>celliga-re</strong></span> <span class='ocrx_word' id='word_1_822' title='bbox 3207 4221 3312 4275; x_wconf 89' lang='lat' dir='ltr'><strong>duo</strong></span> <span class='ocrx_word' id='word_1_823' title='bbox 3335 4223 3506 4293; x_wconf 83' lang='lat' dir='ltr'><strong>ligna:</strong></span> 
     </span>
    </p>
   </div>
   <div class='ocr_carea' id='block_1_105' title="bbox 1929 4307 3507 4382">
    <p class='ocr_par' dir='ltr' id='par_1_105' title="bbox 1929 4307 3507 4382">
     <span class='ocr_line' id='line_1_105' title="bbox 1929 4307 3507 4382; baseline 0 -16"><span class='ocrx_word' id='word_1_824' title='bbox 1929 4320 1984 4366; x_wconf 86' lang='lat' dir='ltr'><strong>ct</strong></span> <span class='ocrx_word' id='word_1_825' title='bbox 2011 4321 2134 4366; x_wconf 89' lang='lat' dir='ltr'><strong>tunc</strong></span> <span class='ocrx_word' id='word_1_826' title='bbox 2158 4326 2274 4366; x_wconf 86' lang='lat' dir='ltr'><strong>eam</strong></span> <span class='ocrx_word' id='word_1_827' title='bbox 2304 4310 2432 4364; x_wconf 83' lang='lat' dir='ltr'><strong>vidit</strong></span> <span class='ocrx_word' id='word_1_828' title='bbox 2460 4307 2621 4362; x_wconf 83' lang='lat' dir='ltr'><strong>Elias.</strong></span> <span class='ocrx_word' id='word_1_829' title='bbox 2652 4309 2800 4364; x_wconf 85' lang='lat' dir='ltr'><strong>Tunc</strong></span> <span class='ocrx_word' id='word_1_830' title='bbox 2826 4326 2941 4364; x_wconf 79' lang='lat' dir='ltr'><strong>eam</strong></span> <span class='ocrx_word' id='word_1_831' title='bbox 2973 4312 3128 4362; x_wconf 83' lang='lat' dir='ltr'><strong>homo</strong></span> <span class='ocrx_word' id='word_1_832' title='bbox 3160 4311 3247 4366; x_wconf 83' lang='lat' dir='ltr'><strong>Dei</strong></span> <span class='ocrx_word' id='word_1_833' title='bbox 3276 4314 3507 4382; x_wconf 86' lang='lat' dir='ltr'><strong>videbat,</strong></span> 
     </span>
    </p>
   </div>
   <div class='ocr_carea' id='block_1_106' title="bbox 1931 4399 3508 4475">
    <p class='ocr_par' dir='ltr' id='par_1_106' title="bbox 1931 4399 3508 4475">
     <span class='ocr_line' id='line_1_106' title="bbox 1931 4399 3508 4475; baseline 0.004 -21"><span class='ocrx_word' id='word_1_834' title='bbox 1931 4401 2140 4474; x_wconf 85' lang='lat' dir='ltr'><strong>quando</strong></span> <span class='ocrx_word' id='word_1_835' title='bbox 2185 4401 2271 4454; x_wconf 86' lang='lat' dir='ltr'><strong>illa</strong></span> <span class='ocrx_word' id='word_1_836' title='bbox 2315 4399 2422 4453; x_wconf 85' lang='lat' dir='ltr'><strong>duo</strong></span> <span class='ocrx_word' id='word_1_837' title='bbox 2473 4401 2608 4469; x_wconf 82' lang='lat' dir='ltr'><strong>ligna</strong></span> <span class='ocrx_word' id='word_1_838' title='bbox 2657 4401 2947 4471; x_wconf 81' lang='lat' dir='ltr'><strong>qu;rrehat.</strong></span> <span class='ocrx_word' id='word_1_839' title='bbox 2999 4401 3190 4456; x_wconf 82' lang='lat' dir='ltr'><strong>Mulier</strong></span> <span class='ocrx_word' id='word_1_840' title='bbox 3217 4403 3301 4456; x_wconf 90' lang='lat' dir='ltr'><strong>illa</strong></span> <span class='ocrx_word' id='word_1_841' title='bbox 3329 4415 3508 4475; x_wconf 74' lang='lat' dir='ltr'><strong>typum</strong></span> 
     </span>
    </p>
   </div>
   <div class='ocr_carea' id='block_1_107' title="bbox 1928 4490 3508 4563">
    <p class='ocr_par' dir='ltr' id='par_1_107' title="bbox 1928 4490 3508 4563">
     <span class='ocr_line' id='line_1_107' title="bbox 1928 4490 3508 4563; baseline 0.002 -17"><span class='ocrx_word' id='word_1_842' title='bbox 1928 4490 2425 4563; x_wconf 73' lang='lat' dir='ltr'><strong>gerebatEcclesize</strong></span> <span class='ocrx_word' id='word_1_843' title='bbox 2455 4508 2468 4543; x_wconf 92' lang='lat'><strong>:</strong></span> <span class='ocrx_word' id='word_1_844' title='bbox 2501 4501 2554 4546; x_wconf 90' lang='lat' dir='ltr'><strong>et</strong></span> <span class='ocrx_word' id='word_1_845' title='bbox 2577 4492 2696 4561; x_wconf 87' lang='lat' dir='ltr'><strong>quia</strong></span> <span class='ocrx_word' id='word_1_846' title='bbox 2725 4491 2830 4544; x_wconf 89' lang='lat' dir='ltr'><strong>duo</strong></span> <span class='ocrx_word' id='word_1_847' title='bbox 2861 4491 2998 4561; x_wconf 80' lang='lat' dir='ltr'><strong>ligna</strong></span> <span class='ocrx_word' id='word_1_848' title='bbox 3038 4508 3249 4546; x_wconf 63' lang='lat' dir='ltr'><strong>crucem</strong></span> <span class='ocrx_word' id='word_1_849' title='bbox 3292 4494 3508 4561; x_wconf 81' lang='lat' dir='ltr'><strong>faciunt,</strong></span> 
     </span>
    </p>
   </div>
   <div class='ocr_carea' id='block_1_108' title="bbox 1929 4585 3515 4654">
    <p class='ocr_par' dir='ltr' id='par_1_108' title="bbox 1929 4585 3515 4654">
     <span class='ocr_line' id='line_1_108' title="bbox 1929 4585 3515 4654; baseline 0.002 -15"><span class='ocrx_word' id='word_1_850' title='bbox 1929 4585 2199 4654; x_wconf 63' lang='lat' dir='ltr'><strong>quaerebat</strong></span> <span class='ocrx_word' id='word_1_851' title='bbox 2223 4585 2500 4649; x_wconf 87' lang='lat' dir='ltr'><strong>moritura,</strong></span> <span class='ocrx_word' id='word_1_852' title='bbox 2521 4585 2659 4637; x_wconf 90' lang='lat' dir='ltr'><strong>unde</strong></span> <span class='ocrx_word' id='word_1_853' title='bbox 2677 4599 2886 4652; x_wconf 89' lang='lat' dir='ltr'><strong>semper</strong></span> <span class='ocrx_word' id='word_1_854' title='bbox 2907 4593 3046 4638; x_wconf 82' lang='lat' dir='ltr'><strong>esset</strong></span> <span class='ocrx_word' id='word_1_855' title='bbox 3071 4585 3289 4640; x_wconf 86' lang='lat' dir='ltr'><strong>victura.</strong></span> <span class='ocrx_word' id='word_1_856' title='bbox 3314 4587 3515 4642; x_wconf 81' lang='lat' dir='ltr'><strong>Adnui-</strong></span> 
     </span>
    </p>
   </div>
   <div class='ocr_carea' id='block_1_109' title="bbox 1928 4676 3511 4749">
    <p class='ocr_par' dir='ltr' id='par_1_109' title="bbox 1928 4676 3511 4749">
     <span class='ocr_line' id='line_1_109' title="bbox 1928 4676 3511 4749; baseline 0.001 -17"><span class='ocrx_word' id='word_1_857' title='bbox 1928 4677 2084 4732; x_wconf 89' lang='lat' dir='ltr'><strong>brato</strong></span> <span class='ocrx_word' id='word_1_858' title='bbox 2113 4692 2240 4746; x_wconf 83' lang='lat' dir='ltr'><strong>ergo</strong></span> <span class='ocrx_word' id='word_1_859' title='bbox 2270 4676 2555 4747; x_wconf 80' lang='lat' dir='ltr'><strong>mysterio,</strong></span> <span class='ocrx_word' id='word_1_860' title='bbox 2591 4677 2733 4732; x_wconf 87' lang='lat' dir='ltr'><strong>Elias</strong></span> <span class='ocrx_word' id='word_1_861' title='bbox 2758 4678 2986 4747; x_wconf 86' lang='lat' dir='ltr'><strong>loquitur</strong></span> <span class='ocrx_word' id='word_1_862' title='bbox 3009 4677 3074 4731; x_wconf 89' lang='lat' dir='ltr'><strong>ad</strong></span> <span class='ocrx_word' id='word_1_863' title='bbox 3110 4694 3226 4732; x_wconf 88' lang='lat' dir='ltr'><strong>eam</strong></span> <span class='ocrx_word' id='word_1_864' title='bbox 3250 4681 3386 4749; x_wconf 87' lang='lat' dir='ltr'><strong>quod</strong></span> <span class='ocrx_word' id='word_1_865' title='bbox 3415 4696 3511 4734; x_wconf 91' lang='lat' dir='ltr'><strong>an-</strong></span> 
     </span>
    </p>
   </div>
   <div class='ocr_carea' id='block_1_110' title="bbox 1931 4767 3510 4838">
    <p class='ocr_par' dir='ltr' id='par_1_110' title="bbox 1931 4767 3510 4838">
     <span class='ocr_line' id='line_1_110' title="bbox 1931 4767 3510 4838; baseline 0.004 -16"><span class='ocrx_word' id='word_1_866' title='bbox 1931 4767 2061 4823; x_wconf 80' lang='lat' dir='ltr'><strong>(livit</strong></span> <span class='ocrx_word' id='word_1_867' title='bbox 2093 4788 2106 4824; x_wconf 91' lang='lat'><strong>:</strong></span> <span class='ocrx_word' id='word_1_868' title='bbox 2136 4778 2315 4823; x_wconf 88' lang='lat' dir='ltr'><strong>narrat</strong></span> <span class='ocrx_word' id='word_1_869' title='bbox 2353 4768 2438 4822; x_wconf 90' lang='lat' dir='ltr'><strong>illa</strong></span> <span class='ocrx_word' id='word_1_870' title='bbox 2467 4767 2864 4838; x_wconf 84' lang='lat' dir='ltr'><strong>dispositionem</strong></span> <span class='ocrx_word' id='word_1_871' title='bbox 2891 4785 3072 4836; x_wconf 85' lang='lat' dir='ltr'><strong>suam,</strong></span> <span class='ocrx_word' id='word_1_872' title='bbox 3115 4773 3422 4828; x_wconf 84' lang='lat' dir='ltr'><strong>morituram</strong></span> <span class='ocrx_word' id='word_1_873' title='bbox 3449 4789 3510 4829; x_wconf 88' lang='lat' dir='ltr'><strong>se</strong></span> 
     </span>
    </p>
   </div>
   <div class='ocr_carea' id='block_1_111' title="bbox 1931 4859 3512 4934">
    <p class='ocr_par' dir='ltr' id='par_1_111' title="bbox 1931 4859 3512 4934">
     <span class='ocr_line' id='line_1_111' title="bbox 1931 4859 3512 4934; baseline 0.001 -18"><span class='ocrx_word' id='word_1_874' title='bbox 1931 4859 2078 4925; x_wconf 89' lang='lat' dir='ltr'><strong>dicit,</strong></span> <span class='ocrx_word' id='word_1_875' title='bbox 2097 4876 2217 4915; x_wconf 89' lang='lat' dir='ltr'><strong>cum</strong></span> <span class='ocrx_word' id='word_1_876' title='bbox 2234 4859 2678 4915; x_wconf 83' lang='lat' dir='ltr'><strong>consummaverit</strong></span> <span class='ocrx_word' id='word_1_877' title='bbox 2697 4860 2834 4930; x_wconf 86' lang='lat' dir='ltr'><strong>quod</strong></span> <span class='ocrx_word' id='word_1_878' title='bbox 2864 4865 3133 4916; x_wconf 86' lang='lat' dir='ltr'><strong>remansit.</strong></span> <span class='ocrx_word' id='word_1_879' title='bbox 3159 4861 3256 4918; x_wconf 90' lang='lat' dir='ltr'><strong>Ubi</strong></span> <span class='ocrx_word' id='word_1_880' title='bbox 3277 4873 3360 4920; x_wconf 69' lang='lat' dir='ltr'><strong>est</strong></span> <span class='ocrx_word' id='word_1_881' title='bbox 3381 4878 3512 4934; x_wconf 78' lang='lat' dir='ltr'><strong>ergo</strong></span> 
     </span>
    </p>
   </div>
   <div class='ocr_carea' id='block_1_112' title="bbox 1931 4949 3558 5026">
    <p class='ocr_par' dir='ltr' id='par_1_112' title="bbox 1931 4949 3558 5026">
     <span class='ocr_line' id='line_1_112' title="bbox 1931 4949 3558 5026; baseline 0.002 -20"><span class='ocrx_word' id='word_1_882' title='bbox 1931 4952 2073 5023; x_wconf 85' lang='lat' dir='ltr'><strong>quod</strong></span> <span class='ocrx_word' id='word_1_883' title='bbox 2098 4952 2348 5006; x_wconf 87' lang='lat' dir='ltr'><strong>Dominus</strong></span> <span class='ocrx_word' id='word_1_884' title='bbox 2364 4951 2568 5006; x_wconf 83' lang='lat' dir='ltr'><strong>dixerat</strong></span> <span class='ocrx_word' id='word_1_885' title='bbox 2597 4952 2746 5018; x_wconf 67' lang='lat' dir='ltr'><strong>Elite,</strong></span> <span class='ocrx_word' id='word_1_886' title='bbox 2778 4951 2914 5006; x_wconf 74' lang='lat' dir='ltr'><strong>Vade</strong></span> <span class='ocrx_word' id='word_1_887' title='bbox 2941 4954 2992 5007; x_wconf 84' lang='lat' dir='ltr'><strong>in</strong></span> <span class='ocrx_word' id='word_1_888' title='bbox 3011 4954 3227 5025; x_wconf 69' lang='lat' dir='ltr'><strong>Sarepta</strong></span> <span class='ocrx_word' id='word_1_889' title='bbox 3245 4955 3475 5026; x_wconf 78' lang='lat' dir='ltr'><strong>Sidonia:</strong></span> <span class='ocrx_word' id='word_1_890' title='bbox 3487 4971 3510 5022; x_wconf 79' lang='lat'><strong>,°</strong></span> <span class='ocrx_word' id='word_1_891' title='bbox 3551 4949 3558 4959; x_wconf 88' lang='grc'><em>’</em></span> 
     </span>
    </p>
   </div>
   <div class='ocr_carea' id='block_1_113' title="bbox 1933 5041 3508 5114">
    <p class='ocr_par' dir='ltr' id='par_1_113' title="bbox 1933 5041 3508 5114">
     <span class='ocr_line' id='line_1_113' title="bbox 1933 5041 3508 5114; baseline 0.002 -18"><span class='ocrx_word' id='word_1_892' title='bbox 1933 5043 2000 5097; x_wconf 85' lang='lat' dir='ltr'><strong>ibi</strong></span> <span class='ocrx_word' id='word_1_893' title='bbox 2027 5043 2160 5096; x_wconf 86' lang='lat' dir='ltr'><strong>enim</strong></span> <span class='ocrx_word' id='word_1_894' title='bbox 2187 5042 2420 5095; x_wconf 84' lang='lat' dir='ltr'><strong>mandavi</strong></span> <span class='ocrx_word' id='word_1_895' title='bbox 2448 5041 2612 5096; x_wconf 72' lang='lat' dir='ltr'><strong>vidtur</strong></span> <span class='ocrx_word' id='word_1_896' title='bbox 2632 5083 2648 5108; x_wconf 92' lang='lat'><strong>,</strong></span> <span class='ocrx_word' id='word_1_897' title='bbox 2679 5051 2734 5095; x_wconf 86' lang='lat' dir='ltr'><strong>ut</strong></span> <span class='ocrx_word' id='word_1_898' title='bbox 2761 5052 2934 5112; x_wconf 83' lang='lat' dir='ltr'><strong>pascat</strong></span> <span class='ocrx_word' id='word_1_899' title='bbox 2963 5045 3050 5096; x_wconf 81' lang='lat' dir='ltr'><strong>te?</strong></span> <span class='ocrx_word' id='word_1_900' title='bbox 3096 5043 3298 5098; x_wconf 83' lang='lat' dir='ltr'><strong>Videtis</strong></span> <span class='ocrx_word' id='word_1_901' title='bbox 3323 5061 3508 5114; x_wconf 86' lang='lat' dir='ltr'><strong>quem-</strong></span> 
     </span>
    </p>
   </div>
   <div class='ocr_carea' id='block_1_114' title="bbox 1936 5131 3508 5199">
    <p class='ocr_par' dir='ltr' id='par_1_114' title="bbox 1936 5131 3508 5199">
     <span class='ocr_line' id='line_1_114' title="bbox 1936 5131 3508 5199; baseline 0.003 -11"><span class='ocrx_word' id='word_1_902' title='bbox 1936 5133 2216 5188; x_wconf 90' lang='lat' dir='ltr'><strong>admodum</strong></span> <span class='ocrx_word' id='word_1_903' title='bbox 2253 5132 2470 5188; x_wconf 88' lang='lat' dir='ltr'><strong>mandat</strong></span> <span class='ocrx_word' id='word_1_904' title='bbox 2507 5131 2646 5188; x_wconf 87' lang='lat' dir='ltr'><strong>Deus</strong></span> <span class='ocrx_word' id='word_1_905' title='bbox 2666 5173 2680 5199; x_wconf 93' lang='lat'><strong>,</strong></span> <span class='ocrx_word' id='word_1_906' title='bbox 2713 5149 2819 5188; x_wconf 85' lang='lat' dir='ltr'><strong>non</strong></span> <span class='ocrx_word' id='word_1_907' title='bbox 2847 5133 2898 5186; x_wconf 89' lang='lat' dir='ltr'><strong>iu</strong></span> <span class='ocrx_word' id='word_1_908' title='bbox 2931 5149 3093 5199; x_wconf 87' lang='lat' dir='ltr'><strong>aure,</strong></span> <span class='ocrx_word' id='word_1_909' title='bbox 3125 5133 3218 5190; x_wconf 87' lang='lat' dir='ltr'><strong>sed</strong></span> <span class='ocrx_word' id='word_1_910' title='bbox 3248 5135 3302 5189; x_wconf 87' lang='lat' dir='ltr'><strong>in</strong></span> <span class='ocrx_word' id='word_1_911' title='bbox 3327 5135 3508 5192; x_wconf 89' lang='lat' dir='ltr'><strong>corde.</strong></span> 
     </span>
    </p>
   </div>
   <div class='ocr_carea' id='block_1_115' title="bbox 1943 5259 3514 5322">
    <p class='ocr_par' dir='ltr' id='par_1_115' title="bbox 1943 5259 3514 5322">
     <span class='ocr_line' id='line_1_115' title="bbox 1943 5259 3514 5322; baseline 0.005 -16"><span class='ocrx_word' id='word_1_912' title='bbox 1943 5277 1966 5306; x_wconf 72' lang='grc' dir='ltr'><strong><em>α</em></strong></span> <span class='ocrx_word' id='word_1_913' title='bbox 1988 5259 2206 5322; x_wconf 64' lang='lat' dir='ltr'><strong>melitera</strong></span> <span class='ocrx_word' id='word_1_914' title='bbox 2223 5259 2330 5320; x_wconf 70' lang='lat' dir='ltr'><strong>ejus</strong></span> <span class='ocrx_word' id='word_1_915' title='bbox 2351 5271 2591 5322; x_wconf 79' lang='lat' dir='ltr'><strong>essemus.</strong></span> <span class='ocrx_word' id='word_1_916' title='bbox 2612 5267 2664 5310; x_wconf 86' lang='lat' dir='ltr'><strong>et</strong></span> <span class='ocrx_word' id='word_1_917' title='bbox 2685 5271 2793 5316; x_wconf 90' lang='lat' dir='ltr'><strong>nos,</strong></span> <span class='ocrx_word' id='word_1_918' title='bbox 2816 5274 2882 5310; x_wconf 87' lang='lat' dir='ltr'><strong>ne</strong></span> <span class='ocrx_word' id='word_1_919' title='bbox 2901 5261 3005 5322; x_wconf 64' lang='lat' dir='ltr'><strong>ipsa</strong></span> <span class='ocrx_word' id='word_1_920' title='bbox 3038 5261 3147 5322; x_wconf 69' lang='lat' dir='ltr'><strong>eius</strong></span> <span class='ocrx_word' id='word_1_921' title='bbox 3166 5263 3384 5312; x_wconf 85' lang='lat' dir='ltr'><strong>membra</strong></span> <span class='ocrx_word' id='word_1_922' title='bbox 3405 5277 3514 5314; x_wconf 76' lang='grc' dir='ltr'>(ιι-ιι-</span> 
     </span>
    </p>
   </div>
   <div class='ocr_carea' id='block_1_116' title="bbox 1943 5319 3514 5382">
    <p class='ocr_par' dir='ltr' id='par_1_116' title="bbox 1943 5319 3514 5382">
     <span class='ocr_line' id='line_1_116' title="bbox 1943 5319 3514 5382; baseline 0.005 -15"><span class='ocrx_word' id='word_1_923' title='bbox 1943 5339 1966 5367; x_wconf 74' lang='grc' dir='ltr'><strong>ι</strong></span> <span class='ocrx_word' id='word_1_924' title='bbox 1987 5319 2084 5370; x_wconf 88' lang='lat' dir='ltr'><strong>deli</strong></span> <span class='ocrx_word' id='word_1_925' title='bbox 2122 5321 2356 5371; x_wconf 82' lang='lat' dir='ltr'><strong>divisione</strong></span> <span class='ocrx_word' id='word_1_926' title='bbox 2394 5321 2648 5382; x_wconf 82' lang='lat' dir='ltr'><strong>lanientur,</strong></span> <span class='ocrx_word' id='word_1_927' title='bbox 2675 5323 2738 5372; x_wconf 89' lang='lat' dir='ltr'><strong>de</strong></span> <span class='ocrx_word' id='word_1_928' title='bbox 2761 5319 3004 5373; x_wconf 83' lang='lat' dir='ltr'><strong>cathedris</strong></span> <span class='ocrx_word' id='word_1_929' title='bbox 3022 5319 3326 5375; x_wconf 73' lang='lat' dir='ltr'><strong>descendere</strong></span> <span class='ocrx_word' id='word_1_930' title='bbox 3355 5326 3514 5375; x_wconf 83' lang='lat' dir='ltr'><strong>formi-</strong></span> 
     </span>
    </p>
   </div>
   <div class='ocr_carea' id='block_1_117' title="bbox 1943 5383 3514 5447">
    <p class='ocr_par' dir='ltr' id='par_1_117' title="bbox 1943 5383 3514 5447">
     <span class='ocr_line' id='line_1_117' title="bbox 1943 5383 3514 5447; baseline 0.006 -19"><span class='ocrx_word' id='word_1_931' title='bbox 1943 5400 1967 5428; x_wconf 73' lang='grc' dir='ltr'><strong>ι</strong></span> <span class='ocrx_word' id='word_1_932' title='bbox 1987 5383 2192 5447; x_wconf 79' lang='lat' dir='ltr'><strong>damus?</strong></span> <span class='ocrx_word' id='word_1_933' title='bbox 2216 5390 2310 5432; x_wconf 86' lang='lat' dir='ltr'><strong>etc.</strong></span> <span class='ocrx_word' id='word_1_934' title='bbox 2329 5392 2441 5447; x_wconf 78' lang='lat' dir='ltr'><strong>Nam</strong></span> <span class='ocrx_word' id='word_1_935' title='bbox 2464 5397 2558 5447; x_wconf 84' lang='lat' dir='ltr'><strong>qua</strong></span> <span class='ocrx_word' id='word_1_936' title='bbox 2579 5383 2736 5434; x_wconf 82' lang='lat' dir='ltr'><strong>fronte</strong></span> <span class='ocrx_word' id='word_1_937' title='bbox 2759 5386 2808 5434; x_wconf 87' lang='lat' dir='ltr'><strong>itt</strong></span> <span class='ocrx_word' id='word_1_938' title='bbox 2829 5384 2990 5434; x_wconf 82' lang='lat' dir='ltr'><strong>futuro</strong></span> <span class='ocrx_word' id='word_1_939' title='bbox 3027 5384 3205 5436; x_wconf 74' lang='lat' dir='ltr'><strong>steculo</strong></span> <span class='ocrx_word' id='word_1_940' title='bbox 3228 5387 3514 5447; x_wconf 86' lang='lat' dir='ltr'><strong>promissum</strong></span> 
     </span>
    </p>
   </div>
   <div class='ocr_carea' id='block_1_118' title="bbox 1945 5445 3511 5508">
    <p class='ocr_par' dir='ltr' id='par_1_118' title="bbox 1945 5445 3511 5508">
     <span class='ocr_line' id='line_1_118' title="bbox 1945 5445 3511 5508; baseline 0.004 -17"><span class='ocrx_word' id='word_1_941' title='bbox 1945 5462 1968 5490; x_wconf 77' lang='grc' dir='ltr'><strong>ι</strong></span> <span class='ocrx_word' id='word_1_942' title='bbox 1987 5457 2016 5494; x_wconf 87' lang='lat' dir='ltr'><strong>a</strong></span> <span class='ocrx_word' id='word_1_943' title='bbox 2032 5445 2214 5508; x_wconf 66' lang='lat' dir='ltr'><strong>Christo</strong></span> <span class='ocrx_word' id='word_1_944' title='bbox 2248 5445 2554 5508; x_wconf 72' lang='lat' dir='ltr'><strong>Sperabinius</strong></span> <span class='ocrx_word' id='word_1_945' title='bbox 2574 5447 2824 5507; x_wconf 89' lang='lat' dir='ltr'><strong>honorem,</strong></span> <span class='ocrx_word' id='word_1_946' title='bbox 2847 5449 2888 5496; x_wconf 86' lang='lat' dir='ltr'><strong>si</strong></span> <span class='ocrx_word' id='word_1_947' title='bbox 2910 5447 3216 5508; x_wconf 81' lang='lat' dir='ltr'><strong>christh</strong></span> <span class='ocrx_word' id='word_1_948' title='bbox 3229 5445 3286 5496; x_wconf 53' lang='lat' dir='ltr'><strong>&quot;in</strong></span> <span class='ocrx_word' id='word_1_949' title='bbox 3307 5447 3398 5497; x_wconf 87' lang='lat' dir='ltr'><strong>hoc</strong></span> <span class='ocrx_word' id='word_1_950' title='bbox 3417 5462 3511 5498; x_wconf 75' lang='lat' dir='ltr'><strong>sae-</strong></span> 
     </span>
    </p>
   </div>
   <div class='ocr_carea' id='block_1_119' title="bbox 1945 5505 3018 5572">
    <p class='ocr_par' dir='ltr' id='par_1_119' title="bbox 1945 5505 3018 5572">
     <span class='ocr_line' id='line_1_119' title="bbox 1945 5505 3018 5572; baseline 0 -20"><span class='ocrx_word' id='word_1_951' title='bbox 1945 5524 1968 5552; x_wconf 75' lang='grc' dir='ltr'><strong>ι</strong></span> <span class='ocrx_word' id='word_1_952' title='bbox 1989 5506 2098 5556; x_wconf 89' lang='lat' dir='ltr'><strong>culo</strong></span> <span class='ocrx_word' id='word_1_953' title='bbox 2122 5505 2289 5559; x_wconf 76' lang='lat' dir='ltr'><strong>uoster</strong></span> <span class='ocrx_word' id='word_1_954' title='bbox 2311 5508 2462 5557; x_wconf 86' lang='lat' dir='ltr'><strong>honor</strong></span> <span class='ocrx_word' id='word_1_955' title='bbox 2481 5509 2680 5572; x_wconf 84' lang='lat' dir='ltr'><strong>impedit</strong></span> <span class='ocrx_word' id='word_1_956' title='bbox 2703 5505 2936 5558; x_wconf 82' lang='lat' dir='ltr'><strong>unitatem</strong></span> <span class='ocrx_word' id='word_1_957' title='bbox 2949 5505 2974 5557; x_wconf 81' lang='lat'><strong>?</strong></span> <span class='ocrx_word' id='word_1_958' title='bbox 2993 5523 3018 5552; x_wconf 71' lang='grc' dir='ltr'><strong>ι</strong></span> 
     </span>
    </p>
   </div>
   <div class='ocr_carea' id='block_1_120' title="bbox 2003 5589 2612 5646">
    <p class='ocr_par' dir='ltr' id='par_1_120' title="bbox 2003 5589 2612 5646">
     <span class='ocr_line' id='line_1_120' title="bbox 2003 5589 2612 5646; baseline 0 -8"><span class='ocrx_word' id='word_1_959' title='bbox 2003 5593 2018 5622; x_wconf 79' lang='grc'>³</span> <span class='ocrx_word' id='word_1_960' title='bbox 2047 5598 2172 5646; x_wconf 70' lang='grc' dir='ltr'><strong>νεε...</strong></span> <span class='ocrx_word' id='word_1_961' title='bbox 2196 5603 2272 5639; x_wconf 83' lang='lat' dir='ltr'><strong>cm</strong></span> <span class='ocrx_word' id='word_1_962' title='bbox 2295 5603 2483 5641; x_wconf 69' lang='lat' dir='ltr'><strong>necesse</strong></span> <span class='ocrx_word' id='word_1_963' title='bbox 2505 5589 2612 5640; x_wconf 88' lang='lat' dir='ltr'><strong>erit.</strong></span> 
     </span>
    </p>
   </div>
   <div class='ocr_carea' id='block_1_121' title="bbox 2001 5648 3520 5714">
    <p class='ocr_par' dir='ltr' id='par_1_121' title="bbox 2001 5648 3520 5714">
     <span class='ocr_line' id='line_1_121' title="bbox 2001 5648 3520 5714; baseline 0.003 -14"><span class='ocrx_word' id='word_1_964' title='bbox 2001 5653 2022 5683; x_wconf 69' lang='grc' dir='ltr'>ί</span> <span class='ocrx_word' id='word_1_965' title='bbox 2044 5655 2115 5700; x_wconf 64' lang='lat' dir='ltr'><strong>sic</strong></span> <span class='ocrx_word' id='word_1_966' title='bbox 2135 5653 2316 5714; x_wconf 82' lang='lat' dir='ltr'><strong>aliquot</strong></span> <span class='ocrx_word' id='word_1_967' title='bbox 2339 5662 2440 5701; x_wconf 83' lang='lat' dir='ltr'><strong>.\:ss.</strong></span> <span class='ocrx_word' id='word_1_968' title='bbox 2467 5653 2550 5701; x_wconf 75' lang='lat' dir='ltr'><strong>Atii</strong></span> <span class='ocrx_word' id='word_1_969' title='bbox 2585 5666 2702 5702; x_wconf 88' lang='lat' dir='ltr'><strong>vero</strong></span> <span class='ocrx_word' id='word_1_970' title='bbox 2721 5666 2830 5714; x_wconf 87' lang='lat' dir='ltr'><strong>cum</strong></span> <span class='ocrx_word' id='word_1_971' title='bbox 2855 5651 3024 5714; x_wconf 70' lang='lat' dir='ltr'><strong>editis,</strong></span> <span class='ocrx_word' id='word_1_972' title='bbox 3049 5658 3097 5702; x_wconf 79' lang='lat' dir='ltr'><strong>nt</strong></span> <span class='ocrx_word' id='word_1_973' title='bbox 3121 5649 3383 5714; x_wconf 0' lang='lat' dir='ltr'><strong>curassem</strong></span> <span class='ocrx_word' id='word_1_974' title='bbox 3437 5648 3520 5708; x_wconf 75' lang='lat' dir='ltr'><strong>Dei</strong></span> 
     </span>
    </p>
   </div>
   <div class='ocr_carea' id='block_1_122' title="bbox 1938 5713 3518 5784">
    <p class='ocr_par' dir='ltr' id='par_1_122' title="bbox 1938 5713 3518 5784">
     <span class='ocr_line' id='line_1_122' title="bbox 1938 5713 3518 5784; baseline 0.004 -22"><span class='ocrx_word' id='word_1_975' title='bbox 1938 5714 2024 5784; x_wconf 73' lang='lat' dir='ltr'><strong>pit,</strong></span> <span class='ocrx_word' id='word_1_976' title='bbox 2057 5713 2362 5784; x_wconf 61' lang='grc' dir='ltr'><strong>(Ιιηηλᾱιρὲιςν</strong></span> <span class='ocrx_word' id='word_1_977' title='bbox 2382 5722 2480 5784; x_wconf 74' lang='lat' dir='ltr'><strong>nco</strong></span> <span class='ocrx_word' id='word_1_978' title='bbox 2501 5720 2682 5776; x_wconf 64' lang='lat' dir='ltr'><strong>Wlfﬂin,</strong></span> <span class='ocrx_word' id='word_1_979' title='bbox 2710 5713 2856 5777; x_wconf 60' lang='lat' dir='ltr'><strong>«tam</strong></span> <span class='ocrx_word' id='word_1_980' title='bbox 2869 5713 2955 5766; x_wconf 55' lang='lat' dir='ltr'><strong>tias</strong></span> <span class='ocrx_word' id='word_1_981' title='bbox 2977 5713 3206 5778; x_wconf 74' lang='lat' dir='ltr'><strong>indigent,</strong></span> <span class='ocrx_word' id='word_1_982' title='bbox 3226 5713 3395 5766; x_wconf 64' lang='grc' dir='ltr'><strong>εαξη...</strong></span> <span class='ocrx_word' id='word_1_983' title='bbox 3420 5728 3518 5768; x_wconf 72' lang='grc' dir='ltr'><strong>ηιθ-</strong></span> 
     </span>
    </p>
   </div>
   <div class='ocr_carea' id='block_1_123' title="bbox 1942 5776 2563 5828">
    <p class='ocr_par' dir='ltr' id='par_1_123' title="bbox 1942 5776 2563 5828">
     <span class='ocr_line' id='line_1_123' title="bbox 1942 5776 2563 5828; baseline -0.003 -3"><span class='ocrx_word' id='word_1_984' title='bbox 1942 5776 2167 5828; x_wconf 79' lang='lat' dir='ltr'><strong>relmntur</strong></span> <span class='ocrx_word' id='word_1_985' title='bbox 2187 5776 2235 5825; x_wconf 84' lang='lat' dir='ltr'><strong>in</strong></span> <span class='ocrx_word' id='word_1_986' title='bbox 2261 5781 2352 5824; x_wconf 80' lang='lat' dir='ltr'><strong>tua</strong></span> <span class='ocrx_word' id='word_1_987' title='bbox 2369 5782 2563 5825; x_wconf 67' lang='lat' dir='ltr'><strong>«terna.</strong></span> 
     </span>
    </p>
   </div>
  </div>
