4024 6202
413 333 480 390 99
1642 312 1698 367 s.
1740 306 2101 365 AUGUSTINI
2144 306 2442 364 EPISCOPI
3587 317 3682 371 too

413 445 678 518 Numquid
726 442 948 513 legimus
991 435 1112 506 quia
1152 430 1344 487 missus
1383 436 1466 483 est
1505 424 1708 518 aliquis-
1736 421 1993 518 prqphcta

416 540 482 596 ad
515 511 655 593 illam
682 511 980 595 mulierem,
1003 535 1057 580 ct
1081 523 1279 579 dictum
1305 529 1388 575 est
1412 519 1482 586 ei,
1502 518 1633 572 Haec
1659 514 1787 570 dicit
1816 511 1998 568 Domi-

417 646 516 685 nus
534 671 548 693 ,
577 626 843 680 Venturos
868 626 950 673 est
980 615 1046 670 ad
1074 624 1126 669 te
1147 611 1391 668 esuriens
1420 622 1604 664 servus
1631 618 1779 659 meus
1798 645 1813 670 ,
1837 617 1905 658 ex
1933 616 1999 657 eo

414 718 557 790 quod
600 715 765 769 habes
808 709 1047 765 ministra
1087 706 1160 761 illi
1194 702 1464 771 :in0piam
1508 698 1614 754 noli
1645 698 1867 790 timere;
1901 707 2000 763 ego

416 785 673 880 supplebo
701 801 840 873 quod
881 795 1132 854 dederis?
1181 794 1294 848 lloc
1316 793 1366 847 ei
1393 790 1592 880 dictum
1620 803 1724 842 non
1753 785 1997 880 legimus.

419 878 528 954 Nec
556 897 657 950 hoc
702 893 954 963 legimus,
1005 885 1145 959 quod
1190 884 1241 940 in
1285 881 1487 936 somnis
1530 878 1596 933 ad
1645 892 1763 933 eam
1805 878 1998 929 missus

422 990 579 1045 fuerit
619 986 873 1056 angelus,
923 990 979 1035 et
1018 973 1449 1049 prmnuntiaverit
1490 972 1655 1026 Eliam
1682 968 2001 1023 esurientem

423 1098 543 1137 esse
572 1089 848 1134 venturum
867 1116 882 1141 ,
914 1082 968 1126 et
1007 1070 1073 1125 de
1112 1069 1202 1122 illo
1230 1063 1493 1137 pascendo
1513 1061 1700 1131 aliquis
1729 1059 2002 1114 mulierem

426 1175 568 1229 illam
596 1166 948 1225 admonuerit.
976 1162 1079 1218 Sed
1107 1158 1319 1214 mandat
1345 1158 1486 1211 Deus
1515 1154 1664 1208 miris
1688 1152 1858 1207 modis
1879 1194 1893 1216 ,
1916 1151 2007 1220 qui

430 1266 482 1320 in
514 1258 917 1332 cogitationibus
957 1253 1203 1323 loquitur.
1256 1249 1487 1303 Dicimus
1532 1245 1811 1299 mandasse
1842 1243 2007 1297 Deum

431 1351 695 1425 IOqttentln
730 1350 779 1402 in
806 1345 967 1401 corde
986 1385 1000 1410 ,
1033 1338 1363 1413 suggerendo
1390 1336 1529 1408 quod
1568 1351 1701 1406 opus
1728 1344 1860 1399 erat,
1890 1348 2008 1403 per—

428 1441 698 1501 suadendo
740 1437 881 1509 quod
908 1435 1031 1490 utile
1052 1442 1163 1488 erat
1192 1428 1435 1486 rationali
1473 1425 1859 1481 anirnmvidua:
1889 1439 2007 1478 mu-

429 1536 594 1591 lieris.
625 1533 716 1587 Sic
754 1530 911 1584 etiam
940 1528 991 1580 iu
1018 1522 1294 1593 Pmphetis
1321 1520 1564 1588 legimus,
1586 1516 1735 1587 quod
1760 1515 2011 1569 Dominus

431 1623 759 1682 mandaverit
775 1620 959 1684 vermi,
984 1626 1043 1672 ut
1066 1615 1280 1670 roderet
1293 1611 1522 1665 radicem
1540 1607 1826 1663 cucurbita:
1846 1604 2014 1675 (Iona:

433 1736 511 1785 tv,
539 1718 616 1788 7).
648 1715 784 1784 Quid
810 1720 911 1778 est,
939 1707 1223 1773 Mandavit,
1257 1704 1356 1760 nisi
1373 1745 1388 1770 ,
1414 1703 1520 1757 Cor
1546 1699 1898 1771 prmparavit‘t
1924 1697 2011 1752 ln-

435 1807 724 1880 spiratione
753 1806 926 1872 itaque
956 1798 1199 1860 Domini,
1243 1794 1399 1848 vidua
1430 1792 1513 1846 illa
1543 1791 1731 1846 mulier
1757 1804 1848 1844 eor
1878 1803 2013 1880 prae-

432 1910 672 1970 paratum
694 1893 921 1949 habebat
946 1890 1013 1945 ad
1032 1884 1409 1945 obediendum.
1450 1882 1592 1936 Talis
1614 1888 1866 1945 venerat,
1896 1879 2015 1933 talis

432 2005 554 2046 cum
581 1987 696 2043 Elia
737 1982 1067 2053 loquebatur.
1116 1976 1215 2044 Qui
1245 1983 1358 2029 erat
1384 1974 1434 2027 in
1461 1972 1577 2027 Elia
1607 1980 1662 2025 ut
1685 1970 2012 2040 praeciperet,

430 2083 548 2153 ipse
594 2088 707 2134 erat
746 2077 799 2130 iu
837 2074 991 2128 vidua
1040 2079 1097 2125 ut
1135 2067 1395 2123 obediret.
1456 2063 1592 2118 Vade
1615 2103 1629 2127 ,
1661 2062 1859 2131 inquit,
1892 2058 2012 2112 mihi

436 2175 577 2241 prius
608 2175 689 2242 {ac
718 2169 779 2222 de
802 2175 1022 2239 egestate
1047 2174 1174 2228 tua;
1217 2176 1321 2214 non
1359 2158 1610 2214 deﬁcient
1652 2156 1847 2211 divitia:
1889 2162 2014 2207 tuae.

433 2262 815 2320 Patrimonium
846 2258 989 2314 enim
1032 2255 1238 2320 viduae,
1288 2250 1556 2305 modicum
1598 2258 1711 2302 erat
1755 2246 1937 2300 farinae
1965 2252 2019 2300 et

434 2355 697 2411 modicum
728 2351 831 2406 olei
865 2367 878 2401 :
910 2349 1008 2402 hoc
1033 2346 1297 2399 modicqu
1329 2356 1432 2395 non
1463 2339 1677 2394 defecit.
1703 2338 1833 2406 Quis
1853 2336 2011 2392 habet

439 2446 599 2500 talem
626 2442 802 2495 villam
833 2438 895 2490 ‘?
945 2436 1195 2490 Libenter
1218 2430 1375 2485 vidua
1404 2444 1614 2483 servum
1650 2428 1742 2482 Dei
1774 2427 2016 2481 esurien-

438 2546 544 2589 tem
578 2531 844 2602 pascebat,
878 2527 998 2597 quia
1029 2522 1402 2594 patrimonium
1427 2520 1542 2589 ejus
1563 2519 1613 2572 in
1641 2518 1791 2573 clavo
1820 2517 2018 2589 pende-

439 2626 545 2679 bat.
573 2620 707 2690 Quid
738 2619 941 2675 felicius
966 2616 1064 2669 hac
1091 2611 1439 2683 paupertate?
1467 2608 1522 2666 Si
1549 2609 1634 2664 hic
1661 2608 1783 2664 talia
1808 2609 2016 2679 recipit,

436 2715 610 2786 qualia
638 2713 687 2765 in
722 2710 825 2764 ﬁne
845 2705 1114 2780 sperabit?

508 2804 561 2860 5.
589 2801 841 2855 Bonorum
867 2812 1073 2868 operum
1094 2809 1277 2848 merces
1292 2808 1393 2846 non
1407 2792 1500 2846 isto
1516 2799 1733 2862 tempore
1746 2788 2018 2861 speranda.

441 2893 567 2949 Ideo
590 2893 690 2946 hoc
710 2890 838 2955 disi,
861 2896 919 2943 ut
941 2884 1305 2942 seminationis
1324 2891 1519 2938 nostra:
1550 2881 1874 2946 mercedem,
1909 2894 2017 2934 non

444 2987 547 3042 isto
596 2993 833 3052 tempore
881 2993 987 3049 quo
1032 2976 1354 3031 seminamus
1395 2987 1691 3043 speremus.
1739 2971 1838 3026 Hic
1878 2971 2020 3026 cnim

443 3077 701 3130 bonorum
734 3085 951 3140 operum
993 3080 1219 3121 messem
1249 3080 1366 3119 cum
1411 3063 1591 3117 labore
1618 3061 1845 3116 serimus
1866 3101 1881 3127 ,
1928 3059 2022 3115 sed

448 3168 500 3221 in
526 3164 704 3219 futuro
728 3161 928 3216 fructus
949 3159 1089 3212 illius
1107 3171 1226 3210 cum
1253 3154 1443 3224 gaudio
1463 3152 1806 3222 colligemus;
1829 3165 2021 3205 secun-

443 3256 568 3311 dum
601 3252 729 3307 illud
756 3249 896 3321 quod
927 3248 1184 3317 scriptum
1209 3255 1323 3311 est,
1357 3243 1547 3298 Euntes
1575 3242 1711 3296 ibant
1741 3251 1787 3296 et
1811 3242 2019 3313 ﬂebant,

444 3349 690 3402 mittentes
717 3342 907 3398 semina
935 3355 1063 3403 sua;
1112 3337 1359 3391 venientes
1385 3345 1550 3387 autem
1585 3334 1777 3388 venient
1800 3349 1912 3386 cum
1936 3347 2025 3386 ea:-

444 3436 714 3491 sultatione
734 3475 748 3497 ,
797 3438 1051 3501 portantes
1081 3425 1365 3496 manipulos
1393 3439 1510 3476 suos
1540 3421 1708 3494 (Psal.
1740 3437 1883 3476 cxxv
1902 3462 1916 3487 ,
1944 3421 2020 3491 6).

449 3526 581 3585 Illud
610 3524 750 3581 enim
782 3536 877 3592 pro
903 3523 1055 3590 signo
1081 3519 1271 3571 factum
1300 3524 1400 3579 est,
1435 3530 1538 3568 non
1568 3528 1661 3583 pro
1704 3513 1863 3567 dono.
1891 3512 2022 3567 Nam

447 3619 492 3671 si
520 3617 678 3672 vidua
720 3614 807 3668 illa
836 3611 975 3681 quod
1021 3608 1162 3679 pavit
1206 3605 1471 3661 hominem
1505 3604 1638 3671 Dei,
1679 3604 1763 3658 hic
1802 3603 2022 3673 recepit,

449 3724 554 3762 non
581 3716 663 3761 est
690 3719 933 3775 magnum
964 3700 1103 3772 quod
1130 3700 1444 3763 seminavit;
1491 3697 1612 3767 quia
1651 3712 1755 3751 non
1779 3710 2024 3766 magnam

450 3807 683 3870 segetem
712 3795 949 3849 messuit.
1000 3790 1313 3859 Tcmporalc
1340 3797 1423 3843 est
1458 3786 1597 3857 quod
1634 3787 1867 3856 accepit,
1920 3800 2024 3839 non

451 3890 783 3945 deﬁcientem
797 3885 1017 3940 farinam
1042 3922 1059 3949 ,
1078 3880 1500 3935 uecdiminutum
1524 3878 1720 3942 oleum,
1749 3892 2027 3947 quousque

453 3982 602 4037 daret
632 3980 769 4034 Deus
801 3977 1028 4047 pluviam
1072 3987 1231 4042 super
1260 3981 1452 4024 terram
1488 3968 1573 4042 (lll
1600 3968 1727 4040 Reg.
1756 3966 1909 4038 xvtt).
1949 3969 2029 4024 Ac

453 4077 530 4130 sic
556 4083 678 4128 tunc
702 4071 868 4141 magis
893 4067 1053 4137 etrapit
1073 4079 1248 4136 egere,
1280 4061 1491 4134 quando
1511 4061 1751 4131 dignatus
1778 4068 1860 4115 est
1891 4061 2031 4116 Deus

454 4165 637 4235 pluere
669 4180 684 4217 :
718 4171 842 4214 tunc
866 4159 1005 4213 enim
1029 4157 1331 4211 laboratura
1368 4162 1502 4217 erat,
1532 4161 1897 4222 exspectatura
1919 4151 2030 4222 agri

456 4257 658 4310 fructus
698 4262 753 4307 et
795 4250 1099 4306 collectura.
1156 4245 1379 4313 Quando
1423 4252 1597 4298 autem
1645 4259 1750 4297 non
1794 4243 2028 4315 pluebat,

453 4347 624 4399 victus
665 4343 780 4412 ejus
826 4340 894 4394 de
941 4337 1079 4392 facili
1134 4335 1399 4389 veniebat.
1449 4333 1665 4401 Signum
1712 4332 1812 4389 hoc
1858 4336 2030 4404 ipsum

456 4432 595 4504 quod
627 4433 766 4486 Deus
785 4430 857 4483 illi
886 4428 953 4482 ad
978 4441 1173 4496 paucos
1194 4424 1307 4477 dies
1331 4424 1666 4494 prmstiterat,
1693 4424 1896 4494 signum
1919 4434 2034 4480 erat

458 4524 646 4578 futura:
668 4520 807 4583 vitm,
843 4518 927 4572 ubi
950 4530 1154 4571 merces
1175 4523 1356 4568 nostra
1381 4511 1606 4566 deﬁcere
1627 4513 1812 4567 nescit.
1842 4512 2031 4568 Farina

458 4624 638 4670 nostra
686 4612 823 4665 Deus
867 4608 989 4664 erit.
1041 4604 1318 4671 Quomodo
1362 4604 1448 4657 illa
1496 4618 1590 4673 per
1638 4604 1759 4657 illos
1786 4604 1902 4659 dies
1927 4620 2032 4660 non

458 4709 786 4769 defecerunt,
814 4704 890 4757 sic
918 4702 1005 4756 ille
1035 4716 1137 4754 non
1167 4698 1379 4754 deﬁciet
1405 4698 1455 4750 iu
1481 4706 1739 4751 aeternum
1767 4698 1809 4750 '.
1851 4696 2034 4753 Talem

461 4795 762 4857 mercedem
784 4806 1078 4864 speremus,
1107 4788 1317 4861 quando
1348 4788 1485 4843 bona
1510 4785 1729 4841 facimus
1753 4803 1768 4841 :
1794 4803 1863 4841 ne
1903 4788 2035 4843 forte

460 4888 652 4959 aliquis
686 4896 919 4939 vestrum
970 4888 1198 4936 tentetur
1242 4877 1333 4932 tali
1379 4877 1732 4946 cogitatione,
1781 4885 1835 4930 ut
1870 4876 2030 4942 dicat,

462 4982 683 5036 l’ascam
725 4978 954 5048 aliquem
1001 4987 1210 5028 servum
1256 4970 1348 5025 Dei
1379 4970 1698 5025 esurientem
1719 5011 1732 5033 ,
1767 4978 1823 5021 ut
1852 4968 2034 5039 lagona

462 5088 579 5128 mea
625 5088 729 5126 non
777 5069 1023 5132 deﬁciat,
1079 5073 1131 5119 et
1179 5063 1229 5117 in
1277 5077 1410 5132 cupa
1450 5076 1565 5116 mea
1606 5074 1816 5129 semper
1858 5060 2037 5113 vinum

466 5165 750 5220 inveniam.
802 5161 918 5215 Noli
961 5160 1063 5214 hoc
1109 5157 1195 5211 hic
1236 5170 1493 5224 quarrere.
1538 5152 1749 5208 Semina
1796 5167 2036 5218 securus,

466 5253 656 5310 messis
687 5260 771 5305 tua
815 5250 989 5304 serius
1032 5248 1241 5307 veniet,
1288 5244 1491 5299 tardius
1535 5243 1713 5297 veniet
1741 5260 1753 5298 :
1785 5241 1881 5298 sed
1917 5258 2037 5298 cum

465 5346 701 5411 venerit,
730 5345 887 5396 linem
913 5353 1015 5392 non
1046 5336 1277 5390 habebit.

532 5479 549 5508 ι
575 5476 689 5526 Fditi
728 5471 961 5523 mendose
985 5468 1230 5519 habebant
1247 5503 1279 5528 ,_
1308 5463 1519 5514 viduam.
1550 5469 1618 5528 t-‘t
1638 5463 1778 5526 paulo
1801 5463 1948 5523 infra,
1984 5457 2039 5510 in

470 5536 677 5587 conclavi
719 5532 971 5599 pendebat.
1013 5538 1224 5593 Uterque
1269 5526 1402 5577 locus
1448 5526 1729 5575 emendatur
1774 5533 1832 5574 ad
1880 5540 2045 5576 manu-

470 5600 715 5706 δαέζῖἓδίη
743 5654 1094 5716 manuscriptis.
1123 5659 1190 5716 _At
1213 5654 1272 5716 in,
1299 5650 1459 5709 editis,
1483 5661 1568 5713 per
1604 5646 1710 5699 illos
1751 5660 1843 5699 non
1870 5640 2043 5711 defecit

474 5719 578 5771 dies
620 5717 687 5768 sic
708 5715 788 5767 ille
808 5716 910 5765 dies
931 5712 1025 5764 non
1047 5712 1235 5777 deﬁciet
1256 5712 1304 5764 in
1327 5721 1577 5765 teternum.

2654 424 2880 479 sentio
2911 422 2999 480 xu
3032 425 3169 497 ‘(a).

2104 509 2181 564 De
2201 527 2259 565 eo
2278 515 2409 580 quod
2437 514 2677 582 scriptum
2706 525 2776 569 est
2804 518 2855 569 in
2873 515 2992 581 Job,
3022 534 3135 588 cap.
3166 534 3213 583 ι,
3242 517 3275 573 ὃ
3298 561 3312 586 ,
3336 519 3403 574 Et
3433 534 3554 575 ecce
3585 536 3679 575 ve—

2178 613 2374 657 nerunt
2406 605 2597 674 Angcli
2627 605 2678 659 in
2722 618 3062 677 conspectum
3105 610 3237 675 Dei,
3280 621 3332 665 et
3361 612 3600 665 diabolus
3631 614 3684 666 in

2177 691 2352 746 medio
2386 707 2606 760 eorum,
2650 703 2769 762 etc.,
2802 706 2848 750 et
2897 696 2960 750 de
2997 714 3053 751 eo
3109 699 3243 765 quod
3291 701 3345 753 in
3408 700 3681 771 Evangelia

2177 782 2390 851 dicitur,
2431 784 2619 839 Matth.
2651 802 2711 852 v,
2738 788 2808 854 8,
2861 789 3005 843 Beati
3031 790 3118 859 qui
3167 805 3298 858 pttro
3330 802 3451 845 sunt
3496 792 3683 846 corde.

2178 876 2424 945 quoniam
2448 876 2546 945 ipsi
2564 877 2726 931 Deum
2747 877 3033 933 videbunt:
3059 890 3233 933 contra
3257 880 3564 936 Manio/laws
3589 882 3686 951 (b).

2179 988 2402 1044 CAPUT
2432 990 2710 1045 PRIMUM.
2741 993 2877 1048 —i.
2898 992 3290 1048 Manichaeorum
3304 996 3355 1049 in
3372 996 3552 1050 librum
3590 997 3692 1051 Job

2113 1078 2393 1133 calumnia.
2422 1080 2477 1134 In
2498 1081 2690 1138 divinis
2711 1092 2762 1137 et
2789 1084 2986 1142 sanctis
3000 1087 3266 1139 veteribus
3284 1086 3459 1143 Lihris
3477 1088 3683 1143 fraudu-

2114 1172 2405 1227 lentissima
2444 1173 2647 1230 fallacia
2692 1176 3009 1231 Maniehzeos
3048 1177 3320 1245 insidiari,
3347 1179 3455 1248 jam
3497 1189 3689 1234 vestrm

2114 1264 2411 1332 prudentiae
2431 1307 2445 1331 ,
2477 1265 2807 1321 dilectissimi
2845 1267 3034 1323 fratres
3053 1310 3068 1334 ,
3098 1269 3229 1323 satis
3271 1271 3544 1338 probatum
3575 1286 3695 1326 esse

2113 1356 2452 1410 conﬁdimus.
2500 1357 2783 1412 Oll'erimns
2815 1367 2990 1413 tamen
3018 1360 3190 1412 adhuc
3220 1364 3405 1415 eorum
3431 1361 3581 1417 dolos
3611 1363 3696 1417 in-

2114 1446 2415 1515 spiciendos
2438 1448 2708 1511 obtutibus
2729 1450 2904 1503 cordis
2934 1451 3093 1504 vestri
3125 1467 3139 1501 :
3169 1459 3225 1503 ut
3254 1467 3355 1504 non
3378 1453 3548 1507 solum
3579 1468 3693 1521 eos,

2115 1547 2367 1605 quantum
2397 1539 2460 1591 ad
2485 1554 2579 1592 vos
2607 1541 2833 1608 pertinet
2857 1580 2873 1605 ,
2904 1540 3113 1594 evitetis
3137 1583 3151 1605 ,
3183 1543 3275 1596 sed
3294 1545 3453 1597 etiam
3485 1545 3697 1600 ntalios

2117 1629 2354 1682 inﬁrmos
2380 1639 2434 1684 et
2462 1630 2758 1685 divinarum
2803 1631 3084 1689 lectionum
3130 1632 3321 1697 rudes,
3371 1643 3427 1687 ιιι
3469 1636 3694 1705 quisque

2115 1729 2350 1773 veSIrum
2378 1729 2590 1789 potest,
2621 1722 2820 1775 evitare
2858 1729 3016 1789 atque
3054 1731 3398 1777 contemnere
3438 1723 3695 1779 doceatis.

2118 1808 2268 1878 Apud
2293 1809 2393 1864 Job
2408 1811 2661 1879 scriptum
2687 1819 2791 1876 est,
2821 1811 3083 1879 inquiunt,
3113 1810 3244 1865 Ecce
3257 1824 3495 1866 venerunt
3524 1813 3703 1883 Angch'

2117 1900 2170 1953 in
2198 1911 2516 1970 conspectum
2540 1901 2654 1966 Dei,
2681 1912 2729 1955 et
2748 1901 2979 1957 diabolus
3003 1903 3054 1956 in
3078 1904 3241 1957 medio
3263 1921 3452 1959 eorum.
3478 1904 3547 1959 Et
3568 1905 3704 1961 Deus

2117 1990 2188 2043 ait
2227 1991 2425 2045 diabolo
2451 2008 2470 2045 :
2498 1990 2645 2046 Unde
2676 1994 2851 2047 venis?
2897 1993 2997 2058 Qui
3039 1997 3345 2063 respondens
3384 1997 3512 2050 dixit
3541 1985 3705 2051 :‘Cir-

2120 2082 2287 2135 cuiens
2317 2091 2473 2135 totum
2502 2083 2669 2137 orbem
2695 2083 2874 2137 adveni
2893 2085 3012 2138 huc.
3042 2085 3158 2149 llic,
3191 2086 3451 2156 inquiunt,
3475 2086 3705 2142 demon—

2120 2182 2315 2227 stratur
2339 2172 2606 2227 diabolum
2630 2190 2733 2227 non
2764 2175 2936 2228 solum
2981 2175 3177 2230 vidisse
3205 2176 3389 2239 Deum,
3415 2177 3506 2231 sed
3534 2179 3702 2232 etiam

2121 2262 2354 2317 locutum
2382 2277 2502 2317 esse
2531 2279 2649 2318 cum
2680 2278 2764 2317 eo.
2796 2263 2849 2317 lo
2872 2264 3156 2332 Evangelia
3180 2275 3354 2318 autem
3377 2266 3525 2331 dicit,
3560 2266 3710 2322 Beati

2120 2353 2205 2420 qui
2232 2368 2358 2420 puro
2393 2362 2509 2405 sunt
2543 2352 2727 2417 corde,
2762 2354 2998 2422 quoniam
3035 2354 3132 2422 ipsi
3166 2353 3324 2407 Deum
3366 2354 3628 2422 videbunt;
3651 2367 3711 2412 et

2123 2441 2314 2496 iterum
2358 2442 2525 2506 dicit,
2579 2441 2690 2512 Ego
2740 2459 2852 2494 sum
2895 2444 3101 2513 janua;
3150 2461 3293 2497 nemo
3341 2455 3502 2515 potest
3542 2448 3712 2501 venire

2121 2534 2189 2588 ad
2223 2534 2447 2600 Patrem,
2477 2535 2575 2588 nisi
2599 2551 2687 2605 per
2712 2552 2790 2588 me
2818 2533 2994 2605 (Joau.
3023 2552 3077 2598 ιι,
3109 2537 3160 2600 7,
3187 2546 3237 2591 et
3264 2552 3375 2602 Juv,
3399 2538 3475 2608 6).
3504 2522 3709 2594 Deinde

2122 2625 2417 2695 adiungunt
2444 2626 2923 2691 ratiocinationem,
2954 2626 3192 2681 dicentes
3222 2646 3235 2681 :
3265 2627 3318 2682 Si
3348 2629 3506 2699 igitur
3527 2629 3576 2682 hi
3601 2630 3703 2684 soli

2122 2716 2210 2786 qui
2234 2723 2358 2769 sunt
2387 2731 2518 2786 puro
2548 2715 2710 2770 corde
2735 2716 2916 2770 vident
2938 2716 3124 2782 Deum,
3153 2732 3381 2786 quonam
3411 2719 3567 2773 modo
3592 2735 3713 2774 sor-

2125 2806 2402 2863 didissimo
2449 2816 2504 2861 et
2555 2807 2980 2862 immundissimo
3030 2809 3195 2863 corde
3249 2802 3486 2864 diabOlus
3539 2812 3712 2879 potuit

2126 2898 2305 2953 videre
2335 2896 2538 2953 Deum?
2567 2905 2660 2952 aut
2682 2898 2906 2968 qualiter
2930 2913 3029 2968 per
3048 2898 3266 2968 jannam
3289 2941 3303 2963 ,
3337 2898 3437 2954 hoc
3460 2909 3541 2954 est
3562 2941 3577 2963 .
3613 2917 3713 2970 per

2125 2989 2395 3044 Christum
2445 2988 2774 3059 ingreditur?
2828 2990 3021 3043 lterum
3078 2990 3395 3058 Apostolus,
3442 2991 3710 3060 inquiunt,

2129 3091 2351 3138 testatur
2392 3091 2446 3137 et
2488 3080 2805 3146 conﬁrmat,
2855 3081 3036 3135 dicens
3083 3080 3224 3148 quod
3271 3097 3441 3151 neque
3491 3082 3701 3137 Princi—

2128 3191 2223 3247 pes
2241 3216 2258 3240 ,
2298 3189 2471 3244 neque
2495 3174 2820 3238 Potestates,
2848 3187 3019 3241 neque
3052 3171 3286 3227 Virtutes
3319 3171 3481 3226 Deum
3508 3188 3712 3242 cogno-

2126 3274 2336 3323 verunt.

2198 3356 2420 3414 CAPUT
2446 3355 2603 3412 ll.—
2626 3356 2680 3410 2.
2724 3355 3049 3410 Calumniosa
3091 3355 3303 3425 objectio
3353 3355 3610 3411 Adimanti
3646 3371 3715 3409 ea:

2127 3448 2390 3521 Apostolo.
2434 3447 2697 3517 Principes
2721 3448 2870 3513 hujus
2894 3448 3085 3501 sa'culi.
3116 3446 3369 3501 Steculum
3398 3458 3707 3516 peccatores.

2128 3539 2374 3594 Diabolus
2431 3539 2661 3607 princeps
2726 3536 2935 3606 peccati.
2989 3535 3262 3590 Calumnia
3324 3535 3535 3605 quidem
3593 3534 3715 3589 illo-

2129 3646 2247 3685 rum
2272 3630 2355 3684 his
2378 3629 2596 3683 omnino
2630 3627 2804 3682 verbis
2846 3627 3115 3696 hucusque
3156 3627 3492 3696 prepouitur,
3533 3634 3587 3681 et
3625 3640 3713 3682 re-

2132 3735 2258 3775 vera
2282 3718 2504 3789 quaestio
2530 3726 2613 3773 est
2642 3717 2883 3787 prudenti
2915 3717 3243 3771 discutienda
3270 3717 3576 3771 christiano.
3599 3717 3708 3773 Sed

2132 3827 2249 3868 eam
2275 3811 2590 3867 calumniam
2615 3808 3017 3878 proponentium
3046 3807 3255 3861 animus
3277 3807 3417 3873 facit,
3444 3816 3501 3862 ut
3519 3808 3714 3863 simili—

2133 3910 2213 3957 ter
2242 3892 2513 3970 imperitos
2538 3898 2605 3952 ad
2644 3897 2745 3953 sibi
2783 3896 3103 3951 credendum
3129 3906 3157 3950 a
3187 3897 3532 3951 saluberrima
3561 3898 3715 3952 Scri-

2134 4000 2402 4062 pturarum
2435 3989 2748 4044 auctoritate
2773 3990 3140 4057 detorqueant.
3180 3987 3284 4042 Sed
3309 3988 3481 4058 primo
3508 3988 3574 4043 ab
3598 3988 3718 4043 istis

2133 4082 2324 4137 vellem
2350 4093 2589 4150 quaerere
2616 4120 2630 4143 ,
2665 4077 2754 4132 ubi
2787 4076 3094 4131 Adimantus
3126 4076 3263 4146 apud
3289 4076 3600 4145 Apostolum
3637 4077 3718 4131 le-

2137 4174 2309 4245 gerit;
2338 4188 2461 4227 nam
2505 4171 2685 4229 talium
2721 4169 3103 4225 calumniarum
3139 4168 3238 4222 iste
3278 4170 3608 4238 conscriptor
3632 4180 3718 4224 est

2139 4262 2209 4336 (c)
2246 4261 2478 4317 :vellcm
2508 4276 2635 4330 ergo
2664 4259 2869 4315 diceret
2906 4258 2993 4312 ubi
3045 4257 3229 4329 legerit
3266 4266 3543 4313 testantem
3571 4260 3718 4327 Apo-

2136 4356 2328 4409 stolum
2356 4362 2410 4407 et
2428 4351 2828 4406 conﬁrmantem
2855 4390 2868 4414 ,
2898 4358 2956 4403 ut
2977 4349 3139 4414 dicit,
3185 4349 3325 4418 quod
3357 4364 3529 4418 neque
3555 4350 3717 4404 Prin-

2136 4445 2307 4515 cipes,
2338 4457 2509 4511 neque
2536 4442 2851 4505 Potestates,
2878 4455 3047 4509 neque
3066 4438 3298 4493 Virtutes
3327 4439 3488 4493 Deum
3517 4454 3719 4509 cogno-

2139 4544 2362 4596 verunt;
2389 4547 2509 4586 cum
2550 4531 2802 4586 Dominus
2841 4532 2999 4584 etiam
3027 4529 3296 4583 hominum
3323 4529 3373 4582 in
3401 4544 3459 4583 se
3486 4531 3717 4584 creden-

2141 4624 2270 4678 tium
2321 4622 2465 4677 dicat
2517 4621 2751 4691 Angelos
2797 4620 3033 4689 quotidie
3077 4619 3258 4674 videre
3308 4618 3492 4674 faciem
3544 4619 3721 4676 Patris

2142 4714 2349 4787 (Matth.
2382 4700 2513 4767 xvtn
2534 4753 2547 4775 ,
2583 4709 2694 4780 10).
2739 4710 2849 4764 Nisi
2885 4711 3020 4763 forte
3050 4709 3172 4763 illud
3199 4708 3338 4778 quod
3367 4709 3560 4764 Paulus
3582 4725 3718 4780 apo-

2141 4806 2306 4859 stolus
2326 4805 2398 4858 ait
2423 4821 2435 4856 :
2467 4802 2782 4874 Sapientiam
2804 4800 3053 4869 loquimur
3078 4801 3207 4853 inter
3235 4799 3495 4869 perfectos,
3516 4802 3721 4867 sapien-

2143 4895 2262 4947 tiam
2289 4903 2453 4946 autem
2487 4909 2586 4945 non
2616 4890 2765 4960 hujus
2805 4888 2976 4943 δαναιιὶ
2995 4929 3009 4950 ,
3058 4905 3214 4954 neque
3257 4888 3539 4958 principum
3565 4890 3722 4960 hujus

2143 4984 2344 5050 saeculi,
2379 4984 2463 5053 qui
2503 4991 2806 5035 evacuantnr
2831 4996 2849 5034 :
2875 4979 2963 5034 sed
3009 4980 3259 5048 loquimur
3298 4978 3392 5032 Dei
3422 4981 3723 5049 sapientiam

2142 5076 2195 5129 in
2209 5074 2460 5144 mysterio,
2477 5089 2587 5143 qua:
2600 5072 2887 5125 abscondita
2899 5082 2992 5132 est.
3006 5088 3153 5140 quam
3169 5071 3436 5140 pmﬁnivit
3446 5070 3584 5125 Deus
3602 5083 3724 5126 ante

2144 5163 2331 5219 stecula
2354 5164 2405 5216 in
2435 5163 2646 5233 gloriam
2681 5171 2898 5215 nostram
2922 5204 2938 5228 ,
2966 5178 3116 5233 quam
3142 5178 3285 5214 nemo
3312 5162 3596 5232 principum
3623 5163 3725 5217 ltu-

2208 5261 2227 5280 '
2250 5265 2502 5309 Correctus
2523 5271 2615 5320 ope
2645 5257 2860 5307 codicum
2892 5271 2969 5321 gr.
3009 5256 3144 5306 Llim.
3169 5264 3271 5307 Par.
3301 5264 3409 5309 Lor.

2207 5341 2280 5399 (α)
2297 5340 2433 5399 Alias,
2455 5340 2519 5389 de
2544 5339 2748 5388 Diversis
2771 5339 2843 5388 l6.

2208 5343 2258 5396 la
2297 5341 2433 5399 Alias,
2455 5341 2519 5389 de
2544 5341 2748 5388 Diversis
2771 5341 2843 5388 l6.

2230 5404 2258 5453 ὁ
2300 5409 2579 5451 Sermonem
2603 5400 2729 5450 hunc
2746 5406 2878 5449 notat
2898 5398 3134 5448 Possidius
3148 5399 3198 5447 in
3215 5396 3443 5460 tndiculo,
3468 5411 3573 5463 cap.
3596 5399 3645 5450 2.

2208 5341 2280 5528 lc;
2302 5464 2598 5528 Adimantum
2619 5462 2858 5528 Manicluei
2895 5461 3179 5528 discipulum
3207 5460 3691 5528 confutavitsugusti

2230 5460 2278 5528 ε)
2302 5464 2598 5532 Adimantum
2619 5462 2858 5532 Manicluei
2895 5461 3179 5532 discipulum
3206 5460 3474 5532 confutavit
3492 5460 3721 5532 Augusti:

2146 5520 2239 5575 nus
2256 5520 2481 5587 peculiari
2499 5535 2671 5594 Opere,
2709 5523 2835 5585 quod
2862 5535 2988 5593 .opus
3010 5520 3057 5569 in
3089 5520 3172 5569 lib.
3201 5521 3220 5569 1
3252 5528 3477 5581 netract.,
3510 5520 3617 5584 cap.
3641 5522 3722 5583 23,

2147 5600 2196 5635 ιι.
2238 5586 2283 5645 1,
2319 5598 2587 5645 recensens
2616 5591 2683 5633 ait
2716 5597 2728 5631 :
2763 5603 2784 5629 ι
2806 5582 2994 5644 aliquas
3026 5594 3147 5631 sat-0.
3178 5582 3459 5645 earumdem
3496 5585 3729 5645 quastio-

2187 5622 2196 5633 ι
2241 5617 2283 5646 Ι,
2320 5617 2587 5646 ιυυυιιδνιξς
2616 5617 2689 5646 uls?
2716 5620 2727 5631 ι
2763 5617 2784 5629 “
2806 5617 2994 5644 nulum
3026 5617 3096 5631 ou-
3138 5617 3147 5627 ο

2157 5665 2177 5693 ι
2201 5643 2370 5708 num,»
2393 5658 2515 5708 quas
2532 5643 2626 5708 ille,
2637 5645 2871 5708 adversus
2886 5643 3063 5706 Legem
3084 5651 3138 5708 et
3152 5643 3410 5708 Prophetas
3421 5643 3729 5708 conicitis“,

2159 5726 2181 5754 ι
2199 5701 2507 5771 popularibus
2531 5705 2866 5756 ee-losiasticis
2886 5701 3190 5754 sermonibus
3209 5701 3331 5755 solvi
3375 5719 3396 5752 ι
