4024 6202
268 330 367 382 ωι

274 720 573 773 I‘otcstates
594 724 649 770 et
676 716 953 781 Virtutes,
985 715 1124 785 quod
1172 730 1275 769 non
1301 716 1369 771 ibi
1422 717 1620 772 dictum
1650 728 1766 786 est;
1807 728 1862 775 et

268 809 501 864 detraxit
524 807 678 877 hujus
702 805 884 860 saeculi
907 847 922 870 ,
954 805 1094 875 quod
1123 806 1320 860 dictum
1351 808 1469 861 est?
1514 808 1616 863 Sed
1658 809 1856 865 utinam

272 900 410 964 hoc,
436 913 621 954 ermre
652 899 834 967 potius
855 938 871 964 ,
897 913 1055 968 quam
1085 898 1281 952 malitia
1324 898 1528 955 fecerit.
1578 900 1855 957 Verumta«

272 1006 387 1045 tuen
411 989 621 1045 etiamsi
661 989 765 1043 hoc
804 988 963 1042 modo
988 988 1209 1043 dixisset
1237 990 1521 1059 Apostolus
1544 1033 1559 1057 ,
1601 993 1856 1063 numquid

270 1093 546 1151 prepterea
597 1081 843 1135 diabolus
894 1095 1078 1135 vocem
1124 1080 1217 1135 Dei
1256 1082 1442 1138 audire
1493 1100 1597 1139 non
1647 1086 1854 1155 potuit?
1927 1150 1930 1153 ,

266 1174 531 1244 Scriptum
560 1182 645 1226 est
668 1172 813 1227 enim
849 1170 988 1241 quod
1018 1172 1068 1223 in
1096 1181 1437 1245 conspectum
1469 1175 1558 1229 Dei
1600 1179 1806 1232 venerit
1836 1197 1849 1232 :

265 1280 365 1317 nou
397 1265 658 1333 scriptum
685 1271 768 1315 est
803 1262 941 1332 quod
973 1262 1135 1315 Deum
1165 1262 1275 1332 ipse
1308 1267 1663 1333 conspexerit.
1696 1267 1851 1321 Prin-

261 1357 406 1424 cipes
446 1356 591 1409 enim
618 1354 778 1422 hujus
804 1352 981 1407 srcculi
1020 1363 1111 1407 aut
1139 1355 1352 1424 superbi
1385 1357 1628 1412 homines
1659 1359 1852 1414 intelli-

259 1460 481 1517 guntur,
506 1458 561 1502 et
581 1463 710 1500 vana
739 1460 930 1515 poinpa
951 1444 1258 1515 jactationis
1288 1448 1411 1502 elati
1436 1464 1451 1513 ;
1479 1462 1572 1503 aut
1599 1451 1710 1520 ipse
1736 1451 1849 1505 dia-

260 1540 412 1594 bolus
439 1548 491 1594 et
523 1538 690 1607 angeli
717 1538 853 1605 ejus.
886 1536 1016 1590 Nam
1045 1538 1341 1607 principem
1371 1540 1449 1593 vel
1481 1542 1844 1610 magistratum

258 1633 417 1701 hujus
436 1630 616 1683 seculi
637 1644 757 1683 emn
780 1627 1035 1682 Dominus
1054 1628 1388 1696 apertissime
1408 1631 1638 1699 appellat
1664 1631 1842 1702 (Joau.

258 1741 330 1778 xu
352 1768 367 1791 ,
396 1721 491 1794 '5!)
524 1741 537 1776 :
568 1723 685 1791 quia
706 1721 884 1774 seculi
914 1719 1069 1789 hujus
1097 1721 1314 1801 nomine
1347 1734 1655 1790 peccatores
1686 1725 1842 1779 intel-

258 1817 532 1885 liguntur,
565 1826 788 1882 quorum
812 1824 935 1880 spes
975 1810 1117 1863 nulla
1141 1818 1219 1863 est
1240 1851 1255 1876 ,
1286 1811 1383 1864 nisi
1413 1810 1465 1865 in
1495 1811 1597 1866 hoc
1623 1815 1839 1868 sarculo.

253 1907 403 1960 Sicut
442 1906 587 1959 enim
627 1901 826 1956 dicitur
851 1900 1009 1972 Amala
1051 1899 1274 1967 domus,
1323 1916 1443 1955 cum
1481 1902 1843 1972 significantur

256 1997 583 2050 habitatores
626 1992 743 2063 ejus
775 2008 790 2044 :
821 1968 899 2045 sic
928 1990 1124 2044 malum
1167 1990 1269 2045 hoc
1304 1992 1556 2046 saeculum
1592 1993 1835 2060 dicimus,

253 2105 367 2143 cum
395 2102 492 2142 eos
516 2086 882 2156 significamus
907 2083 995 2154 qui
1023 2083 1185 2137 corde
1210 2083 1311 2138 hoc
1337 2086 1589 2140 smculum
1622 2087 1837 2143 inhabi-

254 2192 357 2236 tant
378 2223 392 2241 ,
422 2180 527 2234 hoc
562 2188 647 2234 est
670 2221 686 2244 ,
728 2192 957 2248 quorum
996 2176 1327 2230 conversatio
1352 2187 1559 2232 nonest
1587 2179 1637 2233 in
1664 2180 1835 2235 etelis.

258 2272 440 2327 Nostra
462 2272 609 2325 enim
627 2311 643 2335 ,
683 2268 813 2323 dicit
836 2267 1123 2336 Apostolus
1143 2308 1157 2331 ,
1189 2269 1497 2322 conversatio
1522 2269 1575 2322 in
1603 2270 1738 2325 cmlis
1766 2280 1838 2325 est

255 2363 511 2433 (Philipp.
545 2378 624 2427 ιιι,
648 2360 764 2433 20).
790 2359 1011 2414 Diabolo
1034 2368 1207 2414 autem
1235 2361 1474 2415 serviunt
1500 2371 1685 2417 cuncta
1709 2378 1836 2433 pec-

255 2466 382 2521 cata,
416 2456 506 2524 qui
538 2455 708 2508 libero
738 2452 962 2507 arbitrio
988 2451 1232 2522 princeps
1260 2453 1427 2508 voluit
1446 2468 1566 2509 esse
1596 2459 1831 2525 peccati;

259 2558 533 2618 propterea
575 2545 831 2617 princeps
874 2543 1031 2614 hujus
1070 2546 1246 2600 surculi
1282 2545 1495 2600 dicitur.
1543 2549 1710 2616 Quam
1749 2566 1836 2606 re-

253 2639 417 2708 gulam
448 2636 817 2709 intelligentia:
852 2648 1046 2689 moneo
1070 2633 1320 2689 cordibus
1343 2637 1534 2691 vestris
1562 2637 1790 2708 inligatis
1815 2660 1829 2697 :

250 2728 511 2797 adjuvabit
551 2741 648 2796 per
687 2726 824 2779 hanc
850 2722 1106 2779 Dominus
1133 2724 1200 2779 ad
1240 2726 1405 2780 nmlta
1440 2727 1832 2799 Scripturarum

248 2816 571 2873 discutienda
618 2824 778 2885 atque
825 2813 1078 2870 solvenda
1104 2855 1122 2883 ,
1166 2814 1234 2871 de
1268 2817 1462 2886 quibus
1498 2818 1575 2874 illi
1614 2820 1831 2891 laqueos

251 2917 459 2962 nectunt
482 2906 686 2961 erroris
709 2905 813 2960 sui.

306 2998 536 3054 CAPUT
573 2997 662 3052 III.
685 3026 759 3038 —
781 2997 835 3052 5.
867 2996 1129 3063 Quomodo
1142 2997 1372 3053 diabolus
1399 3001 1585 3054 venerit
1624 3002 1678 3056 in
1705 3018 1829 3057 con-

243 3099 461 3159 spectum
487 3089 602 3142 Dei.
643 3087 778 3144 Cum
809 3103 938 3158 ergo
960 3089 1217 3159 scriptum
1264 3104 1370 3145 non
1415 3091 1486 3146 sit
1528 3092 1671 3163 quod
1712 3094 1828 3149 dia-

242 3183 390 3236 bolus
416 3180 611 3236 viderit
633 3180 818 3245 Deum,
844 3179 936 3234 sed
961 3187 1164 3234 tantum
1186 3179 1327 3250 quod
1350 3182 1555 3237 venerit
1574 3198 1694 3238 cum
1717 3186 1828 3240 An-

241 3272 371 3341 gelis
393 3273 444 3325 in
473 3278 823 3340 censpectum
851 3270 1080 3336 Domini,
1107 3285 1400 3341 vocemque
1424 3272 1543 3340 ejus
1569 3274 1822 3342 audierit;
1844 3298 1847 3305 -

240 3378 332 3416 eur
352 3362 436 3415 isti
458 3361 643 3416 miseri
663 3360 732 3415 de
752 3360 955 3415 visione
985 3360 1074 3415 Dei
1101 3361 1413 3416 calumniari
1440 3361 1749 3434 Scripturis,
1771 3374 1827 3421 et

240 3453 510 3523 imperitos
537 3460 848 3522 pervertere
873 3450 1125 3506 student?
1150 3451 1484 3523 Quapropter
1505 3454 1619 3510 hcce
1636 3472 1823 3515 eorum

242 3545 530 3615 propositio
552 3543 866 3598 brevissima
897 3544 1241 3612 responsione
1264 3555 1564 3616 superatur.
1591 3547 1824 3616 Quanta-

241 3637 360 3690 libet
377 3636 521 3691 enim
538 3633 858 3704 loquacitate
875 3634 1200 3703 perquirunt,
1220 3636 1486 3704 quomodo
1501 3637 1694 3694 viderit
1711 3640 1825 3695 dia-

241 3729 384 3784 holus
406 3729 605 3793 Deum;
632 3726 1038 3796 respondemus,
1064 3726 1180 3782 Non
1209 3728 1343 3783 vidit
1365 3720 1607 3787 diabolus
1631 3731 1818 3787 Deum.

242 3820 413 3875 Dicent
442 3839 457 3875 :
484 3820 768 3888 Quomodo
795 3834 923 3889 ergo
946 3834 1067 3874 cum
1096 3835 1162 3875 eo
1193 3820 1399 3877 locutus
1423 3822 1545 3878 cst?
1571 3823 1670 3880 Hic
1692 3840 1820 3880 vero

244 3929 343 3968 non
369 3930 399 3966 a
427 3914 582 3968 nobis
603 3954 618 3976 ,
650 3912 744 3968 sed
770 3928 801 3975 a
831 3913 987 3968 catcis
1015 3912 1322 3968 hominibus
1349 3916 1709 3972 convincenda
1738 3927 1820 3973 est

244 4007 442 4060 cuius
463 4005 642 4059 cordis
670 4005 929 4075 ipsorum.
956 4003 1019 4058 Hi
1044 4005 1188 4059 enim
1214 4004 1305 4075 qui
1324 4006 1624 4062 carnalibus
1649 4008 1818 4063 oculis

244 4099 359 4153 caci
377 4105 520 4162 sum,
548 4097 786 4167 quotidie
814 4096 960 4166 loqui
984 4106 1203 4167 possunt
1225 4112 1345 4151 cum
1373 4098 1457 4152 bis
1480 4114 1612 4169 quos
1638 4100 1818 4156 videre

244 4202 339 4243 non
360 4197 602 4259 possunt.
632 4186 912 4256 Quomodo
938 4202 1067 4257 ergo
1094 4188 1266 4253 venit,
1299 4188 1574 4258 inquiunt,
1604 4191 1655 4244 in
1683 4206 1815 4246 con-

241 4289 466 4348 spectem
493 4277 650 4348 ejus?
677 4276 955 4344 Quomodo
978 4292 1152 4332 aecus
1178 4278 1230 4332 in
1258 4288 1599 4349 conspectum
1628 4281 1814 4335 viden-

243 4370 334 4435 tis,
372 4384 529 4440 quem
560 4369 677 4438 ipse
705 4383 811 4423 non
840 4368 1119 4438 conspicit.
1148 4368 1216 4423 Et
1243 4370 1358 4424 iste
1385 4370 1597 4440 quidem
1625 4372 1812 4427 simili-

243 4461 459 4527 tndines,
482 4458 814 4515 dilectissimi
843 4458 1052 4527 fratres,
1075 4460 1199 4516 ideo
1225 4461 1379 4517 dicta:
1406 4463 1533 4530 sint,
1561 4473 1617 4519 ut
1643 4464 1815 4519 homi-

241 4567 359 4607 num
379 4553 672 4607 carnalium
700 4549 972 4607 refellatur
989 4551 1329 4621 improbitas;
1354 4561 1410 4607 ut
1424 4554 1467 4607 si
1486 4553 1594 4608 fieri
1617 4563 1809 4625 potest,

238 4645 335 4700 hoc
355 4645 515 4700 modo
542 4643 779 4715 repulsi,
809 4643 875 4698 ad
903 4643 1143 4699 discendi
1166 4645 1623 4701 mansuetudinem
1653 4648 1810 4719 impia

235 4735 388 4790 corda
426 4737 442 4768 ⁸
466 4743 803 4791 convertant.
842 4733 1106 4804 Numquid
1142 4735 1288 4790 enim
1335 4734 1474 4792 Deus
1512 4737 1813 4795 continetur

234 4826 374 4892 loco,
413 4844 574 4900 quem
614 4836 932 4898 pmscntem
972 4828 1133 4882 habet
1159 4828 1334 4883 omnis
1358 4829 1597 4900 angelica
1625 4840 1681 4886 et
1709 4833 1806 4887 hn—

234 4935 381 4974 mana
414 4919 776 4984 coriscientia,
817 4935 922 4974 non
963 4920 1135 4975 solum
1171 4920 1471 4986 bonorum,
1515 4922 1609 4977 sed
1649 4925 1809 4981 etiam

234 5013 525 5067 malorum?
554 5012 751 5067 Verum
781 5012 881 5067 hoc
906 5013 1150 5079 interest,
1180 5014 1320 5085 quod
1347 5015 1503 5069 bouis
1529 5018 1809 5072 conscien-

234 5103 313 5155 tiis
333 5102 484 5157 adest
504 5111 560 5156 ut
585 5112 752 5168 pater,
781 5102 930 5157 malis
956 5112 1010 5157 ut
1031 5103 1195 5172 judcx
1222 5122 1236 5158 :
1262 5103 1530 5174 quomodo
1555 5107 1808 5176 scriptum

234 5205 327 5259 est,
352 5196 602 5249 Uotuinus
627 5195 899 5264 interrogat
916 5196 1112 5265 justum
1138 5205 1186 5249 et
1210 5196 1421 5264 impium
1446 5196 1619 5267 (Psal.
1650 5214 1703 5261 Χ.
1725 5198 1805 5267 6).

234 5284 354 5340 Itan
380 5286 638 5356 scriptum
667 5295 744 5340 est
765 5326 781 5352 ,
814 5284 881 5340 In
908 5285 1288 5357 cogitationibus
1312 5287 1458 5356 impii
1485 5288 1807 5359 interrogatio

233 5380 318 5433 erit
342 5378 498 5451 (Sep.
531 5394 583 5445 ι,
613 5378 692 5446 tt).
720 5377 829 5433 Nec
855 5378 1222 5434 vehementius
1248 5379 1301 5433 in
1325 5379 1545 5435 auribus
1568 5383 1809 5451 corporis

233 5469 361 5525 Dens
384 5471 431 5535 ’,
471 5485 631 5539 quam
667 5470 719 5524 in
758 5480 965 5525 secreto
996 5469 1333 5540 cogitationis
1361 5472 1684 5541 interrogat,
1718 5471 1807 5526 ubi

228 5563 362 5617 solus
381 5562 549 5629 audit,
575 5563 724 5617 solus
745 5561 975 5618 auditur.
1000 5561 1186 5617 Nonne
1204 5562 1366 5617 etiam
1386 5563 1511 5618 mali
1532 5562 1803 5630 homines,

279 5682 853 5755 ismenst
879 5681 994 5755 eam
1017 5694 1153 5755 νεῖον
1193 5680 1282 5755 ria.
1313 5681 1501 5755 ρονςίαο.

279 5744 299 5774 ι
320 5746 454 5804 mai,
478 5753 604 5797 Deus
624 5752 714 5796 (δι.
740 5743 1002 5807 aettulam,
1039 5751 1126 5808 est,
1157 5743 1252 5795 nec
1270 5744 1477 5796 habetur
1487 5745 1537 5793 in
1569 5752 1648 5796 Ms.
1691 5753 1804 5797 Ger-

225 5815 440 5859 meum.
478 5822 481 5823 ⁷

1742 328 1971 385 SERIIO
2008 332 2124 388 XII.

266 446 354 515 jus
400 442 580 498 seculi
619 443 877 513 cognovit.
933 440 995 497 Si
1037 443 1169 497 enim
1218 445 1583 515 cognovissent,
1609 462 1863 518 nunquam

271 548 544 597 Donatium
588 533 772 604 gloria:
827 533 1192 601 cruci/uiuant
1242 533 1292 607 (I
1320 534 1438 589 Cor.
1467 552 1533 601 tt,
1562 536 1761 608 6-8)?
1805 538 1863 615 Si

273 630 432 683 istum
476 628 654 681 locum
696 626 800 680 iste
824 625 1162 681 conscribere
1200 626 1497 696 cogitabat,
1538 643 1636 682 cur
1661 628 1864 683 addidit

3457 357 3556 413 1οΞ

1970 471 2014 524 si
2042 473 2254 541 quando
2286 490 2470 532 verum
2512 479 2799 550 loquuntur
2832 492 2886 540 et
2922 501 3023 542 non
3063 489 3141 544 eis
3180 492 3435 559 creditur,
3461 495 3547 565 ju-

1969 572 2090 617 rant
2118 574 2168 619 et
2198 565 2398 633 dicunt,
2428 569 2602 624 Testis
2632 582 2714 627 est
2746 574 2881 630 Deus
2901 618 2916 642 ,
2946 588 2999 632 et
3026 581 3303 637 verissimo
3332 583 3551 640 dicunt?

1968 651 2107 720 Ubi,
2153 671 2369 726 qumso,
2414 661 2562 714 testis
2601 663 2720 717 est?
2760 652 2821 718 in.
2846 667 3016 738 lingua
3044 713 3058 735 ,
3092 685 3156 724 an
3189 672 3240 726 in
3267 675 3465 731 corde?
3495 677 3546 731 in

1965 758 2099 799 sono
2123 748 2295 812 vocis,
2331 764 2397 803 an
2429 750 2481 804 in
2512 752 2724 808 silentio
2764 761 3138 815 conscientiae?
3180 762 3332 820 Unde
3367 776 3542 823 autem

1963 834 2275 907 plerumque
2301 840 2721 909 stomachantur,
2749 847 2867 915 quia
2891 850 2988 903 sibi
3012 867 3116 904 non
3144 854 3398 921 creditur,
3420 871 3539 911 cum
3576 851 3581 857 “

1962 941 2144 980 verum
2179 944 2239 983 se
2272 929 2449 986 dicere
2485 935 2757 999 noverint,
2802 937 2899 991 nisi
2934 941 3054 1008 quia
3084 957 3179 997 cor
3204 960 3356 999 suum
3388 948 3539 1003 nobis

1959 1019 2165 1086 aperire
2193 1036 2296 1074 non
2327 1032 2577 1092 possunt,
2607 1027 2692 1079 ubi
2723 1029 2871 1083 testis
2896 1040 2976 1084 est
3009 1031 3185 1086 Deus?

2047 1110 2271 1168 CAPUT
2310 1113 2396 1168 IV.
2428 1116 2559 1170 «4.
2591 1115 2752 1172 Variis
2774 1119 2935 1173 modis
2960 1121 3180 1189 loquitur
3204 1125 3347 1179 nobis
3374 1124 3528 1182 Deus.

1956 1202 2102 1257 Multi
2149 1215 2324 1259 autem
2369 1208 2510 1261 modi
2554 1218 2709 1273 sunt,
2752 1212 2942 1281 quibus
2982 1214 3256 1269 uobiscum
3308 1217 3543 1288 loquitur

1957 1294 2116 1351 Deus.
2154 1296 2409 1367 Loquitur
2435 1300 2719 1369 aliquando
2749 1318 2841 1372 per
2869 1306 3080 1375 aliquod
3107 1307 3539 1383 instrun‘tculnm,

1953 1385 2091 1439 sicut
2123 1402 2215 1455 per
2244 1387 2481 1442 codicem
2510 1389 2808 1445 divinarum
2838 1393 3230 1464 Scripturarum
3262 1418 3275 1453 :
3306 1399 3536 1469 loquitur

1955 1490 2048 1544 per
2073 1477 2284 1546 aliquod
2315 1479 2635 1534 elementum
2668 1483 2868 1547 mutuli,
2901 1485 3035 1539 sicut
3068 1503 3161 1554 pcr
3189 1490 3396 1543 stellam
3428 1491 3535 1544 Μειι

1950 1567 2030 1636 gis
2058 1567 2259 1621 loculus
2289 1578 2369 1622 est
2399 1570 2621 1641 (Matt/1.
2654 1588 2686 1625 ιι
2706 1614 2720 1636 ,
2748 1573 2838 1642 2).
2868 1576 3001 1642 Quid
3030 1585 3109 1632 est
3136 1580 3276 1632 enim
3305 1581 3530 1646 locutio,

1949 1658 2049 1712 nisi
2074 1659 2387 1728 significatio
2411 1662 2729 1718 voluntatis?
2753 1665 3007 1736 Loquitur
3033 1684 3127 1737 per
3148 1679 3372 1737 sortem,
3395 1674 3534 1727 sicut

1947 1747 2015 1802 dc
2038 1749 2248 1803 Matthia
2272 1751 2322 1804 in
2352 1751 2525 1806 locum
2556 1753 2706 1811 Judae
2731 1757 3026 1823 ordinando
3050 1759 3257 1815 loculus
3283 1772 3362 1816 est
3395 1762 3528 1834 (Art.

1948 1855 1985 1904 t,
2012 1838 2103 1911 26)
2133 1858 2145 1893 :
2170 1840 2402 1910 loquitur
2427 1857 2520 1912 per
2546 1846 2774 1899 animam
2807 1846 3110 1914 humanam,
3135 1850 3269 1905 sicut
3292 1868 3386 1923 per
3412 1869 3534 1923 pro-

1946 1929 2157 1999 phetam
2190 1948 2202 1983 :
2235 1932 2466 2002 loquitur
2494 1950 2589 2003 per
2616 1936 2861 2005 angelum
2885 1979 2900 2004 ,
2940 1940 3074 1993 sicut
3103 1940 3529 1999 Patriarcharum

1943 2029 1996 2074 et
2024 2020 2407 2091 Prophetarum
2438 2033 2491 2078 et
2519 2026 2895 2094 Apostolorum
2933 2030 3253 2098 quibusdam
3296 2032 3528 2089 locutum

1945 2125 2063 2165 esse
2083 2113 2373 2181 accipimus
2400 2132 2412 2166 :
2442 2115 2673 2185 loquitur
2693 2133 2790 2187 per
2813 2119 3040 2189 aliquam
3062 2124 3299 2178 vocalem
3330 2140 3528 2180 sonan-

1944 2210 2157 2271 temque
2185 2212 2481 2259 creaturam
2504 2247 2518 2271 ,
2549 2206 2686 2261 sicut
2713 2208 2780 2262 de
2807 2211 2945 2264 etelo
2973 2226 3131 2265 voces
3156 2213 3322 2289 factas
3346 2257 3359 2277 ,
3404 2233 3527 2272 cum

1941 2292 2111 2347 oculis
2142 2294 2317 2349 nullus
2348 2295 2635 2363 videretur,
2670 2298 2892 2368 legimus
2921 2309 2972 2356 et
3002 2311 3260 2358 tenemus.
3294 2305 3401 2376 Ipsi
3429 2308 3527 2363 de-

1941 2384 2101 2455 nique
2142 2385 2379 2454 homini,
2426 2405 2532 2444 non
2572 2391 2903 2448 extrinsecus
2951 2411 3044 2465 per
3084 2412 3240 2453 aures
3280 2400 3396 2469 ejus
3435 2412 3524 2458 aut

1939 2476 2146 2540 oculos,
2173 2476 2266 2532 sed
2294 2478 2435 2533 intus
2456 2468 2506 2533 in
2526 2481 2704 2536 animo
2729 2498 2834 2538 non
2862 2500 2968 2539 uno
2996 2486 3157 2542 modo
3188 2468 3324 2544 Deus
3352 2491 3524 2562 loqui-

1938 2576 2026 2624 tur
2052 2586 2066 2622 :
2097 2569 2190 2624 sed
2219 2578 2312 2625 aut
2339 2570 2392 2625 in
2422 2572 2656 2639 somnis,
2690 2575 2826 2629 sicut
2850 2576 3026 2631 Laban
3060 2578 3228 2650 Syro,
3268 2597 3334 2636 ne
3359 2581 3525 2638 Jacoh

1937 2673 2146 2714 servum
2174 2659 2291 2730 ejus
2318 2660 2370 2716 in
2397 2661 2573 2733 aliquo
2612 2663 2830 2721 Imderet
2876 2665 3039 2738 (Ceu.
3084 2686 3214 2724 xxxi
3237 2712 3252 2738 ,
3291 2671 3431 2744 9.5).
3472 2684 3527 2729 et

1935 2750 2200 2806 Pharaoni
2226 2752 2293 2808 de
2313 2763 2516 2824 septem
2539 2755 2692 2809 annis
2715 2758 2980 2827 opulentis
3009 2760 3333 2833 totidemque
3361 2765 3522 2819 steri-

1936 2841 2073 2897 libus
2101 2842 2519 2900 demonstratum
2549 2854 2635 2902 est
2667 2846 2774 2918 (Id.
2810 2864 2928 2913 xu,
2980 2851 3172 2922 1-32);
3210 2863 3300 2908 aut
3334 2856 3520 2925 spiritu

1933 2931 2166 2988 hominis
2189 2946 2484 3005 assumpto,
2506 2954 2663 3008 quam
2686 2937 2857 2994 Graeci
2881 2943 3128 2996 eestasim
3152 2954 3360 3011 vocant,
3385 2947 3522 3002 sicut

1933 3025 2105 3079 oranti
2134 3025 2291 3081 Petro
2316 3042 2409 3082 vas
2432 3028 2643 3098 plenum
2676 3031 3108 3088 similitudinibus
3132 3036 3517 3095 crediturarum

1933 3114 2180 3171 Gentium
2206 3118 2377 3171 visum
2408 3127 2491 3173 est
2519 3120 2838 3177 submissum
2876 3129 2994 3178 esse
3033 3124 3099 3179 de
3137 3126 3308 3193 cmlo;
3345 3138 3435 3183 aut
3465 3131 3518 3186 in

1927 3205 2044 3276 ipsa
2076 3216 2286 3274 mente,
2317 3224 2437 3264 eum
2466 3211 2689 3282 quisque
2719 3214 3048 3284 majestatcm
3080 3218 3164 3273 vel
3196 3221 3515 3280 voluntatem

1930 3294 2205 3367 intelligit,
2239 3298 2377 3353 sicut
2404 3299 2515 3370 ipse
2545 3302 2734 3358 Petrus
2763 3320 2830 3359 ex
2866 3305 2953 3360 illa
2984 3307 3093 3376 ipsa
3124 3308 3357 3378 visione,
3390 3314 3514 3383 quid

1930 3400 1990 3442 se
2029 3401 2189 3458 agere
2224 3390 2383 3445 vellet
2424 3392 2711 3460 Dominus,
2750 3395 2886 3465 apud
2929 3412 2987 3452 se
3028 3398 3198 3469 ipsum
3237 3402 3518 3472 cogitando

1928 3481 2195 3552 cognovit.
2229 3482 2341 3538 Non
2373 3486 2513 3539 enim
2542 3485 2643 3540 hoc
2670 3489 2949 3558 quisquam
2990 3500 3191 3560 potest,
3236 3495 3334 3547 nisi
3373 3497 3512 3564 apud

1927 3584 1989 3625 se
2039 3571 2182 3625 intus
2234 3581 2457 3629 sonante
2506 3576 2735 3645 quodam
2787 3578 2945 3632 tacito
2994 3580 3229 3636 clamore
3274 3584 3516 3670 seritatis

1927 3675 2237 3733 agnoscere.
2281 3664 2540 3735 Loquitur
2576 3668 2735 3720 etiam
2773 3668 2909 3724 Deus
2952 3670 3001 3722 in
3044 3664 3307 3728 bonorum
3342 3676 3511 3732 malo-

1924 3771 2149 3827 rumque
2188 3758 2532 3812 conscientia.
2577 3757 2708 3812 Nam
2750 3768 2804 3814 et
2842 3762 3140 3831 approbare
3188 3766 3328 3835 quod
3377 3769 3512 3826 bene

1926 3843 2083 3913 facit,
2113 3854 2167 3900 et
2193 3846 2497 3917 improbare
2526 3848 2666 3918 quod
2695 3859 2913 3919 peccat,
2945 3867 3102 3908 nemo
3133 3866 3275 3911 recte
3303 3867 3474 3928 potest
3493 3903 3508 3925 ,

1924 3936 2026 3991 nisi
2064 3936 2131 3992 ad
2164 3938 2351 3993 eadem
2381 3939 2466 3993 illa
2506 3940 2557 3994 in
2594 3940 2808 3997 silentio
2835 3943 3014 4000 cordis
3041 3947 3121 4001 vel
3153 3947 3399 4005 laudante
3427 3955 3507 4006 vel

1922 4028 2185 4084 clamante
2214 4045 2344 4085 voce
2372 4031 2607 4087 veritatis
2637 4032 2732 4103 (α).
2766 4033 2975 4090 Veritas
3003 4046 3182 4092 autem
3216 4039 3352 4094 Deus
3380 4051 3461 4095 est
3491 4060 3504 4098 :

1921 4135 2041 4190 qua:
2080 4136 2203 4176 eum
2245 4130 2349 4176 tam
2386 4123 2565 4176 multis
2608 4122 2783 4177 modis
2816 4124 3066 4195 loquatur
3110 4128 3412 4188 hominibus
3452 4145 3505 4190 et

1921 4209 2076 4265 bonis
2117 4219 2173 4266 et
2214 4212 2366 4265 malis
2413 4204 2745 4284 (quanquam
2787 4229 2893 4268 non
2934 4231 3152 4283 omnes,
3187 4221 3377 4290 quibus
3430 4233 3502 4280 tot

1920 4300 2093 4356 modis
2122 4302 2372 4371 loquitur,
2416 4305 2619 4373 possint
2645 4319 2855 4375 quoque
2883 4306 2998 4377 ejus
3025 4309 3374 4369 substantiam
3403 4331 3499 4369 na-

1923 4398 2197 4461 turamque
2234 4392 2613 4463 conspicere),
2658 4396 2777 4464 quis
2818 4395 3090 4453 hominum
3130 4409 3303 4470 potest
3331 4406 3498 4475 conji-

1919 4480 2109 4536 ciendo
2134 4491 2225 4537 aut
2249 4483 2532 4553 cogitando
2561 4484 2843 4555 colligere,
2874 4496 3006 4557 quot
3032 4498 3087 4543 et
3114 4491 3306 4561 quibus
3334 4496 3505 4552 modis

1918 4570 2103 4625 eadem
2132 4572 2327 4627 veritas
2355 4573 2602 4642 loquatur
2629 4575 2844 4646 Angelis
2863 4618 2879 4644 ,
2911 4578 3024 4634 sive
3053 4579 3207 4637 bonis
3226 4624 3240 4648 ,
3269 4586 3356 4655 qui
3387 4587 3504 4657 ejus

1918 4661 2167 4718 ineffabili
2203 4669 2382 4735 specie
2417 4678 2472 4724 et
2504 4672 2898 4740 pulchritudine
2924 4692 3019 4748 per
3047 4679 3342 4737 mirabilem
3371 4682 3500 4739 cha-

1918 4752 2128 4808 ritatem
2168 4760 2579 4828 contemplanda
2617 4753 2990 4837 perfruuntur;
3036 4771 3151 4827 sive
3188 4774 3371 4843 malis,
3411 4777 3502 4848 qui

1916 4841 2185 4912 depravati
2218 4862 2312 4917 per
2336 4852 2638 4919 superbiam
2668 4870 2818 4911 suam
2839 4899 2853 4923 ,
2882 4868 2938 4914 et
2960 4861 3028 4915 ab
3057 4862 3167 4932 ipsa
3198 4841 3417 4922 veritate
3430 4841 3500 4922 'in

1917 4933 2255 4992 inferioribus
2292 4940 2557 5009 ordinati,
2602 4956 2823 5014 possunt
2858 4950 3175 5019 quibusdam
3214 4954 3501 5046 Ingentibus

1916 5028 2088 5081 modis
2113 5043 2297 5083 vocem
2325 5031 2441 5101 ejus
2467 5035 2673 5103 audire,
2701 5043 2944 5110 quamvis
2969 5042 3158 5098 faciem
3184 5028 3365 5103 videre
3390 5064 3497 5106 non

1914 5120 2057 5191 digni
2088 5122 2192 5176 sint
2208 5122 2231 5176 ?

1984 5209 2207 5268 CAPUT
2248 5213 2311 5268 V.
2336 5246 2411 5257 -—
2438 5217 2491 5273 5.
2524 5217 2769 5277 Diabolus
2797 5224 2957 5295 potuit
2981 5228 3159 5284 audire
3185 5246 3350 5288 sacrm
3381 5232 3495 5290 Dei.

1915 5302 2277 5373 Quapropter,
2339 5305 2666 5366 dilectissimi
2721 5313 2912 5372 fratres
2944 5360 2958 5384 ,
3016 5318 3203 5378 fideles
3259 5324 3351 5379 Dei
3385 5367 3400 5390 ,
3444 5335 3500 5383 et

1914 5391 2200 5450 Catholica:
2221 5399 2405 5452 matris
2423 5405 2810 5470 germanissimi
2836 5406 2950 5475 lilii,
2972 5426 3132 5468 nemo
3155 5430 3251 5469 vos
3270 5415 3501 5487 decipiat

1914 5487 2192 5541 venenatis
2218 5488 2350 5543 cibis
2369 5531 2383 5556 ,
2423 5492 2631 5548 etiamsi
2661 5495 2838 5553 adhuc
2866 5501 2994 5554 estis
3020 5502 3157 5559 lacte
3182 5507 3445 5564 nutriendi
3479 5528 3492 5564 :

1914 5587 2319 5646 perseveranter
2353 5597 2492 5637 nunc
2524 5585 2789 5641 ambulate
2814 5604 2914 5659 per
2941 5589 3097 5648 fidem
3131 5598 3404 5667 veritatis;
3443 5611 3498 5657 ut

1963 5686 2212 5802 We!
2235 5689 2391 5802 legit:
2416 5693 2510 5745 nisi
2534 5695 2594 5747 ab
2614 5697 2901 5772 eademle
2935 5701 2985 5753 in
3024 5704 3212 5761 silentio
3243 5716 3404 5767 cordis
3428 5723 3501 5770 rel

2160 5752 2234 5801 vel
2310 5764 2530 5802 ωνωαηιε
2567 5772 2676 5802 mm
2707 5768 2920 5802 immune
2974 5768 3089 5802 vim.
3123 5772 3168 5802 ι·1
3189 5785 3336 5802 κη...
3403 5786 3470 5802 ,.-;

2160 5752 2263 5831 gert“
2276 5748 2530 5831 dormiente
2567 5772 2676 5811 race
2707 5748 3499 5831 υενξᾶαἷςῘῖἱδὲνῖιῖιῖἕιίίῖωὰξῖ

1913 5812 2145 5878 ιίυ.,μιε.
2175 5814 2277 5866 ιω.
2328 5822 2394 5871 Μ,
