4024 6202
454 347 556 403 tu;
1276 353 1287 360 -
1672 331 1728 386 S.
1774 321 2132 385 AUCUSTN
2183 322 2484 379 EHSCOI‘I
3615 325 3709 381 tot

453 471 596 520 certo
619 476 669 516 et
697 464 994 530 θυρίδι-ωηο
1022 464 1257 523 tempore
1278 451 1342 505 ad
1366 450 1595 521 speciem
1623 442 1858 501 veritatis
1884 443 2024 512 ejus-

450 555 572 609 dem
605 554 785 607 venire
817 550 1045 619 possitis.
1082 547 1225 601 Sicut
1254 545 1396 599 enim
1429 541 1714 613 Apostolus
1752 538 1908 601 dicit,
1946 536 2028 589 Iu'c

451 654 704 698 mmeatrs
740 657 981 711 corpore,
1019 638 1396 710 peregrinantur
1421 652 1451 687 (ι
1485 633 1733 698 Domino;
1763 648 1849 703 per
1874 629 2027 699 ﬁdem

448 735 583 786 enim
609 729 954 792 ambulamus,
985 745 1082 781 non
1115 743 1202 796 per
1228 726 1438 795 speciem
1477 722 1556 794 (ll
1588 721 1704 776 Cor.
1737 737 1769 774 γ
1791 762 1803 783 ,
1836 720 1867 775 6
1888 760 1903 784 ,
1936 716 2025 792 7).

453 822 529 876 Ad
566 822 797 888 spetiem
839 830 1015 874 autem
1057 818 1275 871 visionis
1316 815 1518 876 Patris,
1569 813 1697 866 fides
1741 811 2027 865 christiana

449 913 706 982 perducit.
735 912 879 967 Unde
902 911 1153 964 Dominus
1173 908 1299 961 dicit
1328 925 1340 959 :
1369 905 1531 959 Nemo
1556 905 1681 957 rcm't
1705 904 1771 956 ad
1800 901 2020 965 Putrem,

448 1004 545 1056 nisi
570 984 658 1071 per
684 1020 761 1055 me
791 1000 973 1075 (Joau.
1006 1016 1114 1063 xw,
1147 998 1236 1070 ϐ).
1267 999 1391 1052 Sine
1418 1011 1574 1050 causa
1606 1010 1732 1064 ergo
1762 992 1848 1048 isti
1877 1009 2026 1062 quar-

450 1104 571 1147 ruut
593 1136 605 1158 ,
648 1094 913 1164 quomodo
948 1092 1187 1144 diabolus
1215 1089 1278 1143 ad
1313 1091 1475 1142 Deum
1513 1089 1677 1157 potuit
1715 1088 1897 1140 venire
1932 1100 2026 1153 per

450 1184 736 1239 Christum.
788 1183 1033 1237 Diabolus
1081 1182 1219 1234 enim
1269 1180 1333 1232 ad
1382 1180 1523 1232 illam
1567 1176 2026 1249 eontetttplatiouis

451 1276 826 1331 beatitudinem
856 1292 960 1329 non
995 1284 1160 1344 potest
1190 1274 1463 1343 pervenire
1482 1313 1496 1336 ,
1529 1288 1631 1341 qua
1660 1287 1753 1325 eos
1781 1268 1869 1338 qui
1896 1283 2024 1339 puro

450 1378 573 1422 sunt
603 1368 762 1421 corde
794 1367 921 1421 fides
948 1367 1231 1421 christiana
1261 1364 1520 1435 perducit.
1556 1362 1664 1416 Nec
1699 1362 1815 1417 ideo
1851 1370 2024 1414 tamen

451 1459 691 1512 diabolus
723 1474 904 1511 t'ocent
937 1458 1025 1510 Dei
1054 1457 1315 1526 loquentis
1338 1455 1517 1509 audire
1540 1472 1641 1507 tton
1665 1453 1861 1522 putuit;
1891 1453 2025 1505 sicut

450 1550 597 1601 tttttlti
640 1549 881 1600 homines
919 1548 1076 1600 etiaut
1121 1548 1206 1615 qtti
1255 1563 1357 1598 non
1401 1544 1742 1599 crediderunt
1779 1542 2022 1607 Christo,

447 1647 733 1710 potuerunt
771 1655 955 1693 vocent
1001 1638 1183 1691 audire
1236 1637 1301 1691 de
1344 1636 1480 1689 (mlo
1524 1635 1747 1688 dicentis
1789 1635 1916 1699 Dei,
1962 1632 2025 1686 Et

448 1733 723 1799 rlariﬁcuri
748 1741 791 1783 et
813 1730 1099 1799 clariﬁcabo
1127 1747 1141 1786 :
1166 1745 1286 1784 cum
1314 1729 1562 1781 Dominus
1582 1728 1820 1792 dixisset,
1851 1724 2021 1789 Pater,

447 1822 671 1888 clarifica
702 1820 889 1873 Filium
919 1831 1056 1872 tuum
1088 1818 1196 1888 (Id.
1230 1835 1328 1880 xu.
1358 1818 1454 1882 ‘28,
1484 1818 1598 1885 27).

517 1911 742 1965 CAPUT
787 1909 867 1964 \'l.
894 1941 963 1951 —-
985 1910 1035 1965 6.
1072 1909 1137 1962 In
1166 1919 1480 1975 conspectum
1514 1907 1604 1960 Dei
1633 1908 1820 1960 venisse
1848 1907 2023 1960 diabo-

445 2000 581 2065 lum,
635 2001 859 2072 quidsit.
908 2000 1059 2067 Quud
1111 2009 1284 2054 autent
1317 2001 1569 2068 scriptum
1619 2008 1728 2062 est,
1758 1998 2023 2050 diabolum

445 2094 653 2146 venisse
682 2095 731 2145 itt
762 2104 1102 2161 Conspectum
1147 2092 1270 2155 Dei;
1313 2108 1415 2143 ttott
1458 2091 1576 2143 ideo
1612 2091 1864 2159 scriptum
1905 2098 2020 2153 est,

446 2185 563 2251 qttia
603 2184 719 2251 quis
743 2199 876 2249 ;u;tttt
917 2192 1089 2250 potest
1128 2181 1409 2250 aliquando
1447 2190 1785 2248 conspectum
1822 2180 1910 2233 Dei
1943 2178 2022 2231 fu.-

445 2288 592 2341 gcre,
623 2272 770 2341 cujus
801 2273 969 2325 Oculis
999 2281 1185 2324 cuncta
1214 2272 1448 2338 subjecta
1477 2281 1626 2335 sunt,
1660 2279 1712 2324 et
1739 2269 1823 2323 Cui
1851 2268 2023 2322 cordis

444 2364 723 2431 cujuslibet
752 2364 1079 2433 profunditas
1109 2374 1248 2430 patet
1273 2379 1284 2413 :
1311 2363 1400 2415 Sed
1428 2362 1545 2431 quia
1571 2362 1621 2414 in
1647 2370 1850 2416 secreto
1877 2376 2026 2414 erea-

446 2463 576 2507 tur.e
618 2467 730 2506 arta
772 2464 926 2512 sunt,
968 2469 1086 2521 qtae
1128 2453 1395 2520 Scriptura
1439 2452 1701 2517 narravit,
1746 2460 2023 2520 propterea

444 2545 696 2613 Scriptum
737 2554 852 2607 est,
900 2543 962 2595 Et
1003 2560 1114 2596 ecce
1154 2554 1384 2596 venerunt
1422 2544 1595 2612 .lngrli
1628 2544 1677 2595 in
1708 2554 2023 2612 conspectum

447 2636 571 2700 Dei;
615 2637 853 2705 quamvis
892 2653 919 2689 a
962 2648 1250 2704 conspectu
1300 2636 1388 2689 Dei
1438 2652 1701 2705 nunquam
1747 2637 2017 2691 recedant.

444 2729 787 2795 Quocumque
829 2728 967 2780 euint
1009 2729 1305 2790 ntittuntur,
1351 2727 1417 2780 ibi
1464 2743 1671 2796 quoque
1712 2738 1902 2796 prasto
1943 2736 2025 2781 est

443 2829 759 2886 conSpeetns
790 2819 897 2871 llei.
938 2819 1039 2872 Sed
1081 2819 1184 2872 illic
1212 2818 1422 2886 proprie
1450 2827 1766 2887 coitspectus
1808 2818 1898 2872 Dei
1939 2819 2021 2872 di-

442 2911 601 2975 citur,
629 2926 732 2979 quo
759 2909 1021 2963 humanus
1047 2922 1149 2962 tum
1181 2919 1348 2977 potest
1376 2919 1653 2977 penetrare
1678 2920 2020 2979 (‘02tSp"Cllts;

441 3003 577 3056 sicut
602 3014 725 3057 sunt
751 3012 954 3057 secreta
985 3002 1342 3055 conscientiu‘.
1376 3002 1659 3070 Propterea
1690 3018 1808 3055 cunt
1843 3002 2025 3057 redar-

442 3094 651 3164 guimus
693 3095 1033 3147 tttcntientrnt
1057 3135 1072 3158 ,
1117 3108 1220 3146 non
1261 3109 1381 3148 eum
1408 3093 1631 3147 dicimus
1660 3096 1709 3147 iu
1737 3104 2021 3164 conspectu

444 3184 536 3237 Dei
569 3185 797 3237 locutum
824 3200 837 3247 ;
872 3185 990 3253 quia
1020 3198 1124 3237 non
1155 3184 1252 3237 hoc
1284 3184 1487 3238 locutus
1515 3195 1592 3239 est
1619 3226 1632 3251 ,
1661 3187 1799 3254 quod
1831 3186 1881 3239 in
1909 3186 2022 3239 aui-

443 3292 528 3331 tue
557 3277 672 3345 ejus
697 3278 949 3344 conspicit
983 3278 1139 3341 Deus,
1167 3291 1269 3344 quo
1294 3288 1632 3345 conspectum
1660 3277 1889 3347 dirigere
1918 3295 2020 3332 non

442 3378 616 3439 potest
648 3369 824 3421 ltonto.
858 3369 988 3435 Quia
1020 3384 1144 3437 ergo
1176 3368 1289 3423 haec
1318 3376 1421 3421 tam
1452 3370 1677 3424 latenter
1703 3381 1849 3439 gesta
1877 3380 2017 3435 sunt,

444 3470 502 3514 ut
548 3460 765 3514 indicari
811 3460 1111 3512 hominibus
1161 3474 1253 3528 per
1297 3459 1597 3528 Scripturas
1635 3469 1876 3524 sanctas,
1922 3462 2021 3514 nisi

444 3554 640 3607 Sancto
665 3552 860 3621 Spiritu
889 3553 1177 3617 revelante,
1211 3568 1315 3605 non
1346 3562 1583 3620 possent,
1608 3554 1656 3605 in
1680 3562 2021 3622 Conspectum

446 3646 534 3699 Dei
566 3624 774 3697 remum
807 3660 947 3709 eSse.
978 3654 1136 3714 atque
1167 3645 1234 3698 ibi
1265 3654 1410 3715 gesta
1442 3660 1560 3700 esse
1591 3658 1890 3702 narrantur.

515 3736 736 3789 CAPUT
778 3736 887 3789 Vll.
915 3766 986 3776 ——
1011 3737 1060 3790 7.
1093 3737 1355 3800 Quomodo
1395 3738 1624 3792 diabolus
1655 3740 1748 3808 fuit
1779 3741 1829 3793 iu
1860 3740 2022 3795 medio

442 3825 766 3893 Augclorum.
833 3827 983 3892 Quod
1042 3838 1216 3880 autem
1270 3828 1514 3883 diabolus
1544 3830 1593 3882 in
1639 3831 1815 3885 medio
1846 3834 2023 3901 Auge-

443 3914 612 3968 lol‘uttt
650 3913 774 3976 fuit,
816 3916 859 3967 si
897 3918 1064 3970 bonos
1096 3917 1325 3985 Angelos
1355 3917 1630 3987 intelligis,
1662 3920 1737 3974 sic
1768 3921 1817 3973 in
1849 3924 2023 3977 medio

443 4022 624 4061 eorum
656 4006 885 4076 intelligo
911 4007 1198 4071 diabolum,
1229 4009 1357 4061 sicut
1388 4024 1511 4062 reus
1539 4010 1587 4062 in
1617 4010 1791 4064 medio
1814 4013 2024 4080 appari-

445 4107 614 4152 torum
654 4097 817 4165 judiei
854 4098 1148 4152 audiendus
1186 4101 1398 4153 assistit.
1436 4100 1549 4154 Non
1579 4104 1719 4156 enim
1751 4103 2021 4174 Scriptura

443 4191 673 4246 declarat
700 4193 881 4261 quales
910 4193 983 4245 illi
1014 4194 1197 4261 .‘tttgeli
1237 4193 1449 4247 fuerint.
1481 4193 1534 4249 Si
1564 4207 1738 4250 autem
1769 4197 1819 4250 in
1848 4198 2022 4253 medio

442 4284 750 4354 angelorum
778 4274 1068 4347 malorum,
1110 4284 1233 4352 qttid
1268 4287 1462 4338 utiruut
1490 4296 1599 4351 est,
1641 4290 1928 4359 principem
1962 4306 2024 4345 ac

443 4374 630 4426 ducem
659 4374 805 4426 turba
833 4374 1193 4425 ministrorum
1219 4389 1433 4427 suorum
1460 4391 1577 4429 eSse
1603 4379 2022 4435 citcuntdatnttt?

441 4464 497 4519 Si
524 4474 697 4516 autent
726 4465 778 4515 in
808 4473 1125 4531 conspectum
1158 4465 1248 4517 Dei
1278 4466 1418 4532 quod
1448 4466 1644 4519 dictum
1676 4478 1759 4523 est
1779 4512 1791 4532 ,
1827 4471 1902 4526 sic
1929 4486 2022 4526 ac-

442 4556 641 4623 cipias,
682 4562 737 4607 ttt
777 4554 848 4607 illi
888 4554 939 4606 in
978 4564 1319 4621 conspectum
1360 4556 1452 4609 Dei
1500 4559 1742 4623 veniant,
1784 4565 1871 4627 qui
1917 4577 2020 4617 non

443 4650 611 4703 Solum
658 4648 1054 4715 conspiciuntur
1099 4648 1164 4701 ab
1207 4663 1309 4711 eo,
1356 4649 1448 4702 sed
1491 4650 1649 4703 etiant
1694 4655 2025 4722 conspiciunt

445 4756 595 4803 eum;
640 4739 717 4794 sic
759 4738 1156 4808 intelligendum
1197 4747 1279 4793 est
1316 4740 1375 4793 in
1413 4741 1588 4795 medio
1630 4757 1815 4797 eorum
1863 4745 2023 4803 fuisse

443 4832 745 4897 diabolum,
778 4842 833 4885 ut
861 4840 1034 4885 tamen
1071 4832 1271 4904 Deum,
1304 4848 1461 4902 quem
1494 4833 1591 4903 ipsi
1620 4835 1899 4904 videbant,
1938 4840 2023 4895 illo

445 4942 549 4980 non
591 4924 811 4990 viderit;
853 4931 910 4977 ttt
942 4924 1099 4977 etiam
1128 4939 1222 4993 per
1256 4925 1481 4993 aliquem
1513 4936 1816 4982 sanctorum
1846 4929 2023 5000 Ange-

444 5017 616 5075 lorum
654 5016 791 5071 Deus
826 5014 1039 5070 diabolo
1069 5014 1139 5067 sit
1168 5016 1391 5069 locutus.
1434 5015 1542 5071 Nec
1582 5025 1757 5073 tamen
1797 5020 1848 5074 in
1888 5021 2024 5077 libro

445 5106 699 5176 scriptum
730 5115 832 5173 est,
866 5106 963 5160 nisi
997 5103 1137 5159 Dixit
1170 5104 1322 5159 Deus.
1355 5104 1502 5161 Sicut
1530 5108 1688 5163 etiam
1718 5110 1768 5164 in
1801 5113 2024 5182 negotiis

446 5199 700 5269 publicis,
744 5213 1044 5268 quanquam
1089 5197 1337 5268 pleraque
1381 5214 1476 5267 per
1519 5215 1818 5269 prteconcm
1859 5204 2024 5273 judex

446 5291 708 5361 loquatur.
730 5288 923 5360 iudicis
945 5296 1119 5343 tamen
1145 5304 1359 5353 nomen,
1377 5305 1496 5344 cum
1518 5290 1677 5346 Gesta
1699 5294 2020 5361 scribuntur,

446 5396 552 5437 non
597 5380 757 5437 etiam
802 5379 1062 5450 praeconis
1104 5378 1375 5432 inseritur.
1419 5378 1566 5435 Sicut
1612 5393 1789 5437 autem
1832 5385 2024 5456 aliquis

446 5473 606 5527 hante
632 5474 835 5528 visione
860 5469 1167 5542 prophetica
1184 5469 1449 5540 indignus,
1467 5480 1640 5539 potest
1654 5483 1827 5529 tamen
1842 5476 1892 5530 in
1908 5493 2025 5534 ute-

445 5563 536 5619 dio
554 5566 935 5634 Prophetarum
951 5572 1116 5629 stare,
1138 5571 1194 5615 ut
1219 5570 1419 5615 tantum
1433 5560 1613 5617 audiat
1638 5564 1781 5634 quod
1813 5582 1905 5636 per
1930 5584 2025 5627 eos

446 5656 574 5709 dicit
597 5655 870 5719 Dominus,
903 5669 1001 5710 nec
1028 5665 1201 5708 tamen
1229 5652 1406 5708 videat
1430 5653 1570 5724 quod
1599 5656 1670 5711 illi
1700 5656 1879 5712 vident
1905 5677 1918 5713 :
1946 5660 2024 5715 sic

452 5747 618 5817 potuit
642 5755 697 5802 et
720 5746 962 5803 diabolus
986 5763 1105 5803 esse
1142 5751 1194 5803 itt
1240 5748 1415 5805 medio
1450 5760 1755 5808 sanctorum
1792 5753 2024 5825 Angelo-

2137 454 2251 492 runt
2286 439 2449 493 Deum
2480 437 2797 506 videntium,
2843 455 2933 509 per
2970 453 3101 511 quos
3135 439 3344 494 audiret
3376 454 3559 495 vocent
3592 440 3710 503 Dei,

2137 546 2293 601 quem
2321 532 2500 586 videre
2531 533 2643 604 ipse
2671 550 2774 586 non
2805 543 3000 601 poszet.
3647 528 3653 539 ³

2204 621 2287 676 CA
2298 622 2429 677 [’U'l‘
2470 620 2600 676 Vill.
2622 653 2691 663 —-—
2711 623 2764 678 8.
2802 623 2856 676 Μ
2861 624 3075 676 (ιηὶι-Ιςωὶ
3094 640 3154 676 ex
3173 623 3282 677 inse
3297 638 3468 677 eorum
3491 623 3539 676 (Il
3557 624 3719 677 ctrina

2135 716 2359 785 refutati.
2413 716 2478 769 lit
2517 715 2938 768 tttaeltinamenta
2998 714 3210 784 quidem
3267 714 3714 783 Matticltt-orunt,

2134 815 2385 875 quantum
2417 806 2480 857 :td
2511 806 2644 860 hanc
2668 807 3013 876 quatstionent
3045 808 3303 874 pertinet,
3335 806 3513 860 multis
3544 808 3716 861 modis

2134 898 2305 951 soluta
2336 913 2455 953 esse
2502 898 2827 967 perspicitis,
2880 907 3063 951 utnon
3090 897 3199 966 jam
3232 899 3421 966 putetis
3444 939 3458 963 ,
3509 897 3716 951 charis-

2133 989 2252 1042 simi
2290 988 2512 1053 fratres,
2553 1003 2680 1043 vere
2728 989 2991 1042 diabolum
3043 989 3119 1043 sic
3170 989 3396 1043 loeutum
3437 1003 3556 1043 esse
3594 1003 3716 1041 cum

2136 1080 2283 1144 Deo,
2337 1089 2392 1133 ttt
2431 1080 2589 1133 etiant
2637 1079 2824 1133 facient
2872 1080 3142 1143 veritatis,
3171 1093 3326 1147 quant
3378 1093 3507 1146 pura
3554 1077 3717 1130 corda

2132 1171 2493 1239 conspiciunt,
2524 1169 2704 1223 videre
2729 1169 2991 1237 potuerit;
3019 1179 3106 1222 attt
3134 1170 3198 1222 ad
3229 1169 3368 1221 illaut
3400 1169 3721 1235 contempla-

2133 1261 2330 1315 tionem
2379 1260 2719 1315 lteatitudiuis
2761 1263 2996 1324 venerit,
3027 1275 3132 1328 quo
3170 1275 3326 1313 nemo
3356 1260 3455 1312 nisi
3489 1274 3581 1327 per
3615 1259 3719 1311 Do-

2133 1355 2331 1407 minum
2375 1355 2558 1409 .lesum
2601 1354 2869 1407 ChriStum
2900 1353 3084 1415 venire
3117 1352 3458 1421 permittitur.
3491 1351 3592 1405 Sed
3633 1361 3717 1403 ta-

2133 1460 2251 1498 men
2276 1445 2494 1498 tttultunt
2520 1445 2752 1499 admiror
2773 1444 3044 1497 hominum
3070 1444 3284 1496 istorum
3310 1442 3715 1511 iutptulentiaut,

2131 1538 2217 1605 qui
2242 1537 2309 1591 de
2338 1538 2539 1591 visione
2566 1537 2873 1591 subsmutiat
2900 1535 3091 1589 divinze
3114 1535 3417 1588 calumniari
3448 1534 3600 1587 nobis
3626 1548 3722 1586 vo-

2133 1628 2277 1691 lunt,
2320 1639 2372 1683 et
2404 1628 2453 1682 id
2485 1627 2623 1697 quod
2663 1628 2915 1696 scriptum
2947 1644 3048 1680 non
3077 1635 3160 1680 est
3199 1626 3264 1680 de
3300 1624 3583 1695 scripturis
3615 1638 3722 1676 tto-

2131 1729 2196 1772 stt
2214 1721 2257 1774 is
2289 1722 2650 1781 mentiuntur,
2702 1718 2841 1787 quod
2891 1718 3054 1772 Deum
3102 1716 3345 1770 diabolus
3386 1715 3610 1774 viderit;
3664 1722 3720 1765 et

2132 1820 2331 1864 tantam
2361 1810 2481 1864 ltitte
2511 1810 2759 1863 invidiam
2788 1807 3022 1863 conflare
3050 1816 3343 1869 conantur,
3394 1816 3448 1859 ut
3477 1805 3717 1874 quisquis

2130 1902 2468 1955 exborruerit
2491 1942 2504 1965 ,
2531 1911 2583 1955 et
2610 1901 2877 1969 indignum
2905 1915 3023 1953 csse
3043 1897 3357 1966 judicaverit
3389 1908 3443 1950 ttt
3469 1896 3716 1950 diabolus

2132 1995 2319 2048 viderit
2360 1995 2520 2048 Deum
2542 2035 2557 2058 ,
2589 1994 2796 2061 rettitus
2825 2009 2851 2044 a
2879 1991 3171 2045 divinarum
3204 1991 3594 2058 Scripturaruttt
3621 2003 3716 2040 atto

2128 2088 2406 2150 ctoritate,
2459 2085 2750 2152 SllSplClOSZl
2785 2084 3072 2153 ignorantia
3115 2098 3217 2135 Itott
3249 2081 3545 2148 intelligens
3572 2078 3716 2148 quod

2130 2179 2378 2246 scriptum
2408 2186 2487 2231 est
2509 2218 2522 2242 ,
2552 2185 2818 2231 :tvettatur
2843 2195 2854 2228 :
2883 2192 3001 2229 eum
3034 2175 3131 2244 ipsi
3164 2175 3441 2227 Dominum
3471 2183 3715 2226 nostrum

2129 2271 2309 2326 Jesnttt
2336 2270 2601 2325 Christum
2631 2271 2795 2322 Deuttt
2833 2284 2951 2322 esse
2979 2283 3083 2321 non
3131 2275 3323 2335 negent
3343 2307 3359 2332 ,
3406 2276 3458 2318 et
3482 2266 3597 2318 sine
3625 2278 3715 2317 :ts-

2131 2365 2433 2432 suntptione
2486 2362 2699 2415 humani
2749 2361 2987 2430 corporis
3020 2375 3140 2413 cum
3186 2357 3489 2411 hominibus
3543 2370 3715 2424 appa-

2130 2458 2300 2510 ruisse
2334 2454 2651 2523 Confingaztl.

2200 2547 2422 2601 CAPUT
2466 2546 2552 2599 ΚΧ.
2594 2575 2663 2585 --
2697 2544 2748 2600 9.
2784 2544 3054 2597 Manicha‘i
3093 2542 3348 2595 Christum
3386 2538 3582 2592 diabolo
3632 2538 3712 2591 vi-

2129 2658 2240 2695 sum
2280 2658 2381 2694 nou
2431 2648 2634 2707 negant.
2694 2638 2871 2709 Διποίνιὶ
2916 2654 3002 2706 per
3051 2651 3222 2689 rerum
3275 2649 3456 2702 corpus
3503 2646 3707 2684 assum-

2129 2745 2267 2807 ptum
2315 2740 2579 2804 apparent.
2609 2763 2678 2771 —
2697 2730 2919 2796 Quando
2956 2744 3083 2798 ergo
3112 2728 3351 2782 dialmlus
3395 2734 3597 2779 tentare
3615 2739 3737 2791 att-_

2129 2843 2222 2882 sus
2268 2836 2345 2881 est
2379 2825 2655 2879 DOIlLllttlm
2703 2822 2910 2894 (Matth.
2957 2838 3041 2884 tv,
3088 2822 3263 2891 l-ll),
3296 2835 3415 2873 eum
3462 2834 3580 2873 eum
3627 2817 3711 2870 vi-

2129 2919 2276 2973 deret
2302 2960 2315 2983 ,
2358 2916 2481 2987 quid
2529 2916 2777 2970 videbat?
2808 2917 2860 2970 Si
2901 2931 3092 2983 corpus
3121 2915 3235 2982 ejus
3266 2914 3508 2978 videbat,
3540 2912 3711 2967 habe.

2129 3010 2219 3063 bat
2245 3026 2369 3077 ergo
2398 3008 2655 3062 Dominus
2683 3022 2875 3075 corpus
2895 3047 2908 3071 ,
2941 3006 3077 3076 quod
3120 3006 3302 3058 uolunt
3334 3003 3519 3073 perditi
3546 3004 3715 3057 confi-

2132 3103 2249 3155 teri.
2281 3103 2336 3156 Si
2369 3111 2541 3155 autcm
2574 3115 2766 3169 corpus
2793 3116 2897 3152 mn
2927 3098 3186 3162 habebat,
3216 3098 3326 3166 ipsa
3356 3097 3531 3150 divina
3576 3096 3709 3150 sub-

2129 3193 2320 3246 stamia
2349 3192 2545 3246 diaboli
2586 3191 2753 3244 oculis
2779 3188 3121 3257 sobjacebat:
3155 3202 3311 3255 quant
3358 3202 3461 3240 non
3493 3186 3708 3249 vident.

2131 3286 2229 3339 nisi
2275 3286 2361 3355 qui
2407 3300 2537 3353 puro
2576 3294 2698 3337 sunt
2741 3283 2933 3347 corde,
2966 3283 3188 3335 sicutex
3221 3279 3506 3349 Evangelia
3555 3280 3715 3334 nobis

2129 3375 2228 3444 ipsi
2269 3384 2705 3429 commemorant.
2756 3373 2800 3428 Ο
2845 3375 3141 3441 ituptrtutta
3191 3371 3403 3425 accitas
3432 3371 3712 3425 bteretieo-

2128 3468 2280 3520 rum!
2334 3467 2439 3520 Cur
2482 3465 2780 3533 Scripturas
2820 3473 3061 3525 nostras,
3107 3462 3245 3532 quod
3280 3462 3441 3516 Deum
3469 3460 3715 3516 diabolus

2129 3557 2321 3611 viderit
2346 3599 2359 3621 ,
2404 3555 2730 3610 mendaciter
2750 3555 2954 3624 arguis;
2989 3563 3041 3607 et
3072 3553 3311 3621 negando
3336 3568 3527 3622 corpus
3556 3551 3716 3606 Chri-

2132 3650 2228 3713 sti,
2253 3650 2480 3703 divinam
2503 3648 2617 3715 ejus
2643 3645 2989 3700 substantiam
3021 3644 3214 3697 diaboli
3246 3643 3412 3697 oculis
3441 3642 3714 3710 publicare

2130 3744 2265 3798 velle
2293 3739 2661 3797 convinceris?
2708 3742 2788 3793 An
2820 3737 2954 3792 forte
2979 3780 2991 3797 ,
3038 3739 3175 3791 sicut
3200 3737 3379 3791 dicere
3404 3736 3605 3801 solent,
3640 3738 3715 3791 ita

2130 3848 2238 3887 non
2267 3834 2491 3887 habebat
2510 3847 2701 3899 corpus
2722 3830 3007 3882 humanum
3026 3869 3041 3893 ,
3070 3837 3127 3881 ttt
3156 3843 3213 3882 se
3241 3838 3413 3881 tamen
3443 3827 3595 3897 quasi
3617 3827 3718 3880 ha-

2130 3924 2256 3977 bere
2284 3922 2643 3976 monstraret?
2672 3921 2815 3985 Quis-
2844 3933 2972 3987 ergo
3001 3920 3175 3972 verius
3213 3927 3265 3970 et
3294 3918 3488 3971 rectius
3513 3918 3714 3982 sentit,

2132 4016 2300 4069 insani
2325 4058 2339 4079 ,
2368 4015 2453 4084 qui
2483 4013 2652 4067 credit
2691 4014 2854 4066 Deum
2886 4013 3116 4064 locutum
3139 4025 3259 4064 esse
3297 4026 3415 4064 cum
3460 4009 3676 4064 diabolo
3696 4052 3713 4077 ,

2130 4122 2194 4183 an
2223 4108 2310 4177 qui
2336 4105 2507 4160 credit
2536 4106 2698 4158 Deum
2731 4120 2835 4157 non
2861 4104 3032 4157 solum
3062 4118 3178 4155 eum
3201 4102 3411 4155 diabolo
3440 4102 3673 4157 locutum
3695 4144 3713 4169 ,

2129 4197 2224 4252 sed
2253 4198 2410 4251 etiam
2441 4197 2649 4249 diabolo
2666 4210 2784 4249 esse
2815 4197 3089 4247 mentitum
3112 4194 3134 4246 ?
3154 4194 3419 4258 Quosdam
3442 4194 3581 4246 enim
3612 4210 3717 4245 att-

2129 4291 2274 4361 gelos
2301 4289 2544 4342 humanis
2571 4288 2739 4340 oculis
2776 4289 3117 4356 apparuisse,
3171 4286 3439 4353 Scriptura
3469 4299 3717 4338 comme-

2130 4392 2300 4433 morat
2325 4397 2336 4432 :
2366 4381 2457 4432 sed
2483 4380 2660 4447 utique
2688 4378 2930 4446 potestati
2955 4392 3136 4430 eorum
3162 4391 3469 4444 corpoream
3500 4385 3717 4429 creatu-

2130 4486 2241 4524 ram
2274 4471 2342 4523 ita
2374 4470 2622 4523 Dominus
2644 4466 2907 4533 subdidit,
2934 4478 2991 4521 ut
3017 4468 3119 4521 illis
3146 4482 3262 4522 eam
3281 4468 3295 4497 ¹
3320 4482 3412 4535 pro
3438 4468 3718 4521 volunva

2129 4570 2418 4630 Coaptaret.
2448 4560 2599 4616 Unde
2624 4570 2675 4615 et
2701 4559 2773 4613 illi
2799 4599 2813 4623 ,
2843 4560 3083 4628 quamvis
3109 4573 3213 4612 non
3244 4559 3348 4611 nati
3378 4573 3440 4610 ex
3472 4556 3672 4611 femina
3695 4597 3713 4623 ,

2128 4668 2311 4707 verum
2359 4662 2533 4705 tamen
2575 4664 2769 4717 corpus
2812 4649 3149 4711 habuerunt,
3198 4647 3338 4717 quod
3381 4663 3443 4701 ex
3475 4646 3717 4715 qualibet

2129 4744 2307 4812 specie
2338 4743 2387 4795 in
2417 4740 2710 4811 quamlibet
2732 4740 2962 4809 speciem
2995 4754 3089 4808 pro
3118 4740 3197 4792 stti
3235 4738 3514 4792 ministerii
3551 4746 3718 4807 atque

2129 4834 2289 4887 oflicii
2330 4833 2536 4886 ratione
2588 4840 2986 4893 converterent;
3028 4845 3095 4883 ex
3148 4845 3269 4883 vera
3304 4829 3561 4883 tamenin
3609 4842 3713 4883 ve-

2131 4941 2264 4979 rant.
2292 4924 2407 4978 Non
2433 4924 2574 4977 enim
2598 4931 2651 4976 ct
2676 4922 2787 4990 ipse
2815 4921 3066 4975 Dominus
3089 4937 3209 4973 cttnt
3234 4935 3424 4989 aquatn
3450 4921 3720 4974 convertit

2131 5017 2183 5071 in
2210 5018 2408 5082 vinum,
2438 5026 2529 5069 aut
2550 5030 2739 5084 aquam
2765 5015 2949 5068 falsam
2975 5055 2989 5078 ,
3017 5024 3106 5068 aut
3132 5016 3308 5067 vinum
3332 5012 3519 5067 falsum
3546 5011 3717 5069 fuisse

2130 5123 2412 5178 possumus
2434 5107 2629 5162 dicere.

2200 5201 2424 5256 CAPUT
2464 5200 2616 5254 X.—
2640 5197 2967 5255 HLO/trium
2993 5197 3193 5251 diabolo
3215 5198 3463 5268 quomodo
3486 5214 3715 5268 appare-

2108 5294 2312 5346 ‘bat.-—-
2335 5291 2508 5346 Omne
2536 5297 2714 5361 itaque
2738 5305 2931 5359 corpus
2948 5330 2964 5356 ,
2994 5290 3146 5359 cujus
3171 5298 3254 5345 est
3282 5298 3466 5343 natura
3494 5302 3550 5343 et
3575 5289 3715 5344 ordo

2131 5382 2400 5438 mutabilis
2424 5423 2438 5450 ,
2478 5383 2546 5437 ad
2600 5393 2781 5437 nutum
2827 5380 3325 5451 omnipotentissiuti
3365 5380 3712 5449 Conditoris,

2131 5474 2183 5529 in
2209 5488 2570 5545 quascumque
2602 5473 2813 5548 species
2825 5471 2980 5528 fuerit
2999 5481 3401 5535 commutatum,
3431 5470 3717 5543 averitate

2132 5574 2305 5622 tamen
2328 5566 2382 5619 in
2421 5579 2520 5618 suo
2540 5576 2735 5634 genere
2760 5579 2865 5619 non
2891 5562 3096 5618 recedit
3124 5581 3139 5617 :
3170 5562 3420 5633 quoniam
3450 5576 3714 5633 quacum-

2130 5672 2233 5729 que.
2279 5657 2533 5711 varietate
2579 5663 2844 5721 mutetur,
2891 5664 2945 5710 et
2991 5670 3181 5728 corpus
3216 5663 3391 5711 tamen
3440 5662 3495 5709 et
3521 5667 3709 5710 verum
3792 5699 3801 5707 .

2197 5764 2214 5796 ί
2250 5770 2406 5825 Forte,
2435 5775 2548 5812 cu...
2576 5766 2896 5824 conmarcuit.
