4024 6202
226 287 328 344 I05

221 416 417 473 corpus
445 412 567 455 esse
598 409 707 448 non
753 391 969 448 desinit.
1018 389 1128 446 Sed
1158 403 1279 444 cunt
1309 385 1395 441 isti
1425 397 1639 438 omnem
1673 390 1823 434 natu-

225 511 339 553 ram
365 503 688 560 corpoream
708 529 723 554 ,
749 501 856 540 non
882 483 950 538 ab
988 482 1352 550 omnipotente
1376 474 1652 534 conditore
1681 473 1820 538 Deo,

223 586 320 644 sed
340 601 372 641 a
399 582 746 638 tenebrarum
774 585 932 647 gente
950 615 966 641 ,
989 574 1170 630 nescio
1189 587 1315 642 qua,
1346 585 1466 626 esse
1485 567 1822 638 conﬁngant;

227 676 514 750 qumrimus
539 671 608 727 ab
623 672 724 733 eis,
755 667 1011 723 Dominus
1037 674 1218 720 noster
1237 662 1394 718 Jesus
1418 659 1660 715 Christus
1683 655 1826 712 unde

229 779 426 836 corpus
453 760 826 831 assumpscrit.
860 756 918 813 Si
946 755 1087 811 enim
1118 753 1320 808 nullum
1347 765 1541 822 corpus
1567 764 1690 805 eum
1741 760 1827 801 as-

234 857 523 928 sumpsisse
570 852 792 915 dicunt,
823 847 948 920 quid
993 853 1109 903 erat
1149 843 1278 900 illud
1306 841 1447 912 quod
1479 838 1722 894 humanis
1753 845 1832 890 at-

236 967 339 1024 que
364 946 636 1020 corporeis
662 944 835 1000 oculis
854 935 1179 1013 apparebat?
1203 937 1308 992 Aut
1327 935 1469 991 enim
1495 931 1829 988 mendacium

238 1023 621 1114 phantasmatis
647 1044 765 1091 erat
785 1075 800 1099 ,
831 1031 974 1105 quod
1000 1029 1328 1087 exsecrabile
1352 1035 1436 1082 est
1460 1023 1715 1082 credere:
1738 1032 1830 1076 aut

237 1113 278 1188 si
323 1133 494 1200 ipsam
536 1129 772 1183 divinam
803 1123 1153 1179 substantiam
1204 1133 1353 1174 suam
1407 1116 1552 1172 nulla
1594 1113 1836 1184 corporis

237 1221 602 1292 assumptione
642 1215 891 1272 humanis
921 1213 1094 1268 oculis
1119 1227 1241 1265 cum
1270 1209 1666 1264 demonstrasse
1703 1215 1834 1260 cen-

240 1315 483 1378 tendunt,
511 1321 566 1367 et
593 1310 734 1366 hanc
755 1308 915 1363 etiam
939 1304 1185 1359 diabolus
1212 1301 1374 1367 vidit;
1400 1298 1489 1355 ubi
1513 1296 1751 1368 estquod
1785 1297 1835 1350 in

240 1410 336 1463 ista
358 1405 657 1478 quastione
678 1399 1006 1456 calumniosa
1030 1410 1158 1450 voce
1189 1394 1522 1465 proclamant
1542 1431 1556 1452 .
1583 1385 1729 1444 Beati
1754 1389 1838 1458 qui

241 1477 519 1568 puroisunt
554 1493 699 1548 corde
718 1491 960 1561 quoniam
990 1487 1088 1556 ipsi
1121 1483 1284 1539 Deum
1313 1481 1587 1537 videbunt?
1622 1477 1772 1548 Quod
1794 1478 1838 1532 si

242 1567 378 1640 forte
406 1584 632 1648 dicunt,
680 1579 911 1635 divinam
959 1585 1014 1630 et
1041 1573 1311 1644 propriam
1337 1569 1704 1626 substantiam
1737 1567 1841 1620 Do-

244 1676 372 1732 mini
397 1691 506 1728 non
540 1671 697 1728 talem
727 1685 846 1726 esse
874 1667 1014 1737 apud
1041 1666 1255 1720 Patrem
1274 1704 1288 1729 ,
1323 1661 1537 1732 qualem
1561 1673 1621 1715 se
1649 1657 1700 1716 in
1731 1666 1840 1710 ter-

246 1771 319 1824 ris
361 1767 534 1822 voluit
573 1765 714 1819 nullo
759 1769 1036 1828 assumpto
1087 1770 1313 1826 corpore
1355 1749 1679 1813 ostendere;
1717 1747 1840 1818 quid

245 1860 386 1915 aliud
409 1860 572 1914 etiam
589 1899 606 1923 ,
636 1855 736 1910 nisi
765 1855 894 1908 locis
915 1862 969 1907 ct
995 1848 1325 1920 temporibus
1351 1860 1471 1900 esse
1497 1842 1802 1898 mutabilem
1824 1881 1839 1905 ,

247 1949 428 2006 miseri
454 1943 844 2004 crediderunt?
868 1943 984 1998 Non
1010 1941 1152 1996 enim
1181 1939 1359 2009 legere
1403 1936 1617 1997 volunt,
1648 1941 1740 1986 aut
1765 1931 1845 1985 in-

250 2043 485 2111 telligere
517 2039 675 2094 facile
704 2045 926 2108 possunt
967 2031 1106 2105 quod
1142 2045 1236 2102 per
1259 2030 1574 2099 prophetam
1616 2027 1841 2090 dicitur,

252 2134 468 2189 Molottis
494 2149 555 2186 ea
573 2174 588 2194 ,
619 2141 667 2186 et
705 2131 1068 2190 mutabuntur;
1103 2134 1154 2178 tu
1189 2132 1359 2177 autem
1392 2123 1524 2176 idem
1553 2121 1662 2192 ipse
1685 2135 1736 2174 es
1757 2160 1770 2185 ,
1798 2129 1845 2172 et

253 2227 368 2280 anni
389 2227 464 2279 tui
494 2243 598 2278 non
627 2223 864 2292 deﬁcient
885 2219 1054 2293 (Psal.
1083 2233 1153 2281 CI,
1175 2216 1267 2284 27,
1293 2215 1385 2284 28)
1415 2233 1427 2268 :
1465 2224 1517 2269 et
1533 2212 1672 2285 quod
1695 2212 1745 2266 in
1767 2210 1848 2266 dio

255 2317 382 2370 vina:
402 2314 694 2385 Sapientia:
723 2311 912 2367 litteris
933 2311 998 2364 de
1025 2309 1134 2378 ipsa
1161 2305 1431 2375 Sapientia
1459 2304 1714 2372 scriptum
1738 2309 1840 2365 est,

256 2406 315 2461 In
341 2423 394 2463 sc
423 2408 540 2474 ipsa
567 2420 777 2458 manens
797 2441 812 2469 ,
839 2403 1044 2456 innovat
1073 2398 1242 2453 ontnia
1264 2395 1419 2470 (Sap.
1449 2411 1542 2461 vn,
1571 2395 1683 2466 Ἦ).

319 2496 551 2554 CAPUT
573 2495 770 2550 XL—I
789 2495 804 2549 I
821 2533 835 2546 .
860 2492 1115 2563 Urgentur
1137 2487 1427 2550 Manichwi,
1451 2485 1586 2556 quod
1605 2487 1680 2539 sol
1704 2501 1850 2555 quem

264 2589 412 2643 Deum
431 2599 632 2659 putant,
653 2587 844 2639 annuis
864 2585 1106 2638 videatur.
1125 2579 1429 2637 Secundum
1445 2579 1654 2634 illorum
1669 2586 1849 2632 autem

259 2697 467 2739 sensum
487 2723 503 2747 ,
534 2681 578 2736 si
608 2681 728 2751 quis
759 2680 839 2734 eis
867 2679 1039 2742 dicat,
1071 2674 1208 2744 Quid
1237 2689 1365 2745 ergo
1390 2669 1691 2738 miramini,
1719 2669 1766 2725 si
1792 2680 1845 2724 ct

262 2774 398 2830 Deus
426 2773 653 2828 mutavit
679 2770 911 2842 speciem
940 2767 1228 2824 divinitatis
1255 2781 1365 2821 sua:
1384 2803 1400 2832 ,
1434 2773 1492 2820 ut
1519 2772 1702 2834 posset
1727 2776 1850 2816 cum

261 2867 341 2936 qui
389 2865 557 2921 corde
601 2861 975 2919 sordidissimo
997 2869 1081 2916 est
1107 2857 1390 2923 diabolus,
1445 2855 1669 2920 intueri,
1717 2853 1854 2908 sicut

262 2958 325 3013 tle
345 2960 561 3013 Christo
605 2957 714 3011 Deo
744 2954 896 3010 vobis
938 2951 1185 3007 videtur?
1228 2949 1355 3020 quid
1392 2946 1699 3020 responsuri
1749 2945 1854 3000 sint

260 3048 459 3102 nescio.
495 3047 630 3114 Quia
662 3053 716 3102 et
745 3058 1013 3114 nunquam
1065 3041 1247 3098 dicere
1289 3039 1404 3095 ausi
1455 3047 1608 3105 sunt,
1642 3037 1854 3092 Patrem

262 3150 311 3194 ct
341 3140 536 3195 Filium
568 3138 672 3194 nisi
715 3135 874 3192 unius
900 3148 1021 3190 esse
1063 3131 1374 3188 substantiae
1398 3147 1414 3184 :
1441 3136 1496 3184 et
1541 3128 1586 3183 si
1640 3126 1858 3182 alterius

264 3246 380 3286 esse
429 3227 745 3285 substantiae
790 3226 984 3282 Filium
1014 3223 1284 3288 dicerent,
1316 3229 1497 3292 posset
1527 3221 1604 3275 eis
1629 3232 1856 3288 respon-

262 3320 372 3375 deri
400 3365 416 3386 ,
449 3320 602 3375 Unde
649 3319 806 3389 igitur
825 3315 1006 3380 scitis,
1036 3321 1214 3369 utrttm
1261 3329 1382 3368 cum
1425 3311 1581 3366 Patre
1630 3326 1695 3364 an
1736 3325 1858 3365 cum

267 3411 401 3466 Filio
446 3409 682 3465 locutum
729 3422 848 3461 esse
894 3405 1199 3470 diabolum,
1255 3411 1404 3458 vetus
1455 3401 1542 3454 illa
1587 3393 1860 3469 Scriptura

263 3497 688 3556 commemorat?
725 3496 923 3552 Deinde
964 3495 1252 3564 qumrimus
1276 3535 1290 3557 ,
1318 3491 1496 3548 Solem
1527 3491 1684 3546 istum
1717 3488 1864 3546 videt

263 3592 508 3646 diabolus
529 3632 545 3654 ,
573 3605 641 3644 an
672 3604 776 3642 non
804 3585 983 3642 videt?
1016 3585 1072 3641 Si
1123 3583 1296 3648 videt,
1331 3580 1596 3653 quomodo
1624 3595 1751 3652 ergo
1779 3580 1861 3636 sol

266 3683 404 3738 Deus
438 3691 558 3750 est,
604 3695 765 3751 quem
809 3677 1053 3734 diabolus
1081 3675 1266 3732 videt?
1295 3675 1350 3730 Si
1377 3689 1483 3729 non
1510 3673 1685 3751 videt,
1728 3672 1856 3727 mali

267 3783 442 3828 tamen
471 3747 597 3827 enim
625 3747 878 3826 homines
903 3769 1116 3831 vident;
1144 3766 1412 3838 quomodo
1433 3780 1560 3836 ergo
1587 3747 1728 3822 Deus
1747 3773 1829 3818 est
1850 3826 1864 3847 ν

266 3879 422 3933 quem
445 3864 627 3918 vident
645 3860 738 3930 qui
756 3877 865 3916 non
898 3875 1030 3932 puro
1051 3869 1174 3915 sunt
1193 3857 1394 3914 corde?
1417 3859 1522 3912 Aut
1548 3857 1592 3912 si
1616 3865 1673 3912 ut
1697 3854 1864 3910 videri

271 3963 449 4023 [uisset
472 3996 488 4019 ,
517 3955 676 4008 etiam
708 3947 824 4017 ipse
860 3960 1092 4008 mutatus
1117 3935 1239 4014 est,
1263 3959 1315 4004 et
1339 3965 1445 4002 non
1478 3947 1578 4002 hoc
1600 3956 1684 4003 est
1725 3947 1866 4016 quod

272 4045 518 4108 videtur;
567 4042 693 4112 quid
744 4043 787 4096 si
833 4054 963 4111 ergo
992 4055 1086 4095 vos
1115 4039 1254 4094 aliud
1301 4037 1613 4102 ostenditis,
1648 4045 1702 4091 et
1727 4033 1866 4089 aliud

271 4137 428 4198 estis,
482 4143 540 4187 ut
590 4134 784 4188 imitari
827 4133 986 4186 etiam
1015 4131 1216 4193 solem.
1265 4145 1370 4183 non
1399 4137 1601 4183 tantum
1647 4127 1870 4181 adorare

273 4225 526 4293 possitis?
557 4224 625 4279 Et
655 4234 831 4278 tamen
861 4225 905 4278 si
927 4235 1020 4278 eos
1047 4224 1342 4290 interroges
1361 4254 1378 4288 ,
1426 4229 1603 4274 utrum
1633 4233 1872 4274 Commu-

275 4317 444 4370 tabilis
478 4326 570 4368 aut
621 4313 1072 4369 incommutabilis
1099 4313 1169 4365 sit
1192 4312 1370 4365 divina
1406 4309 1730 4372 substantia,
1763 4322 1868 4362 non

273 4417 490 4474 possunt
547 4404 646 4458 nisi
688 4403 1176 4458 incommutabilem
1203 4401 1416 4467 dicere,
1450 4416 1554 4454 non
1601 4399 1746 4454 ducti
1786 4414 1871 4452 ra-

279 4499 414 4552 tione
444 4499 486 4560 ⁸,
540 4495 635 4551 sed
679 4495 883 4566 pudore
911 4494 1135 4550 confusi.
1162 4494 1346 4549 Ilestat
1373 4507 1502 4562 ergo
1524 4501 1581 4546 ut
1611 4500 1872 4561 cogantur

279 4587 442 4654 fateri,
470 4587 756 4641 Dominum
777 4597 1013 4641 nostrum
1042 4584 1222 4640 Jesum
1244 4577 1512 4638 Christum
1536 4580 1749 4635 aliunde
1779 4596 1865 4635 as-

273 4681 565 4748 sumpsisse
590 4693 806 4749 corpus,
837 4687 893 4731 ut
919 4676 1161 4730 humanis
1181 4674 1348 4729 oculis
1373 4677 1674 4742 appareret.
1719 4669 1869 4738 Quod

272 4773 313 4826 si
364 4772 641 4835 fatentur,
692 4784 876 4840 qurero
925 4767 1064 4822 unde
1114 4765 1482 4835 assumpserit.
1541 4762 1598 4818 Si
1650 4761 1717 4816 de
1773 4761 1874 4815 hoc

274 4863 475 4917 mndo
507 4861 734 4926 dicunt,
762 4874 944 4930 quer
985 4857 1150 4928 ipsius
1179 4855 1360 4910 mundi
1403 4853 1541 4908 unde
1563 4855 1632 4907 sit
1656 4866 1868 4922 corpus.

270 4953 544 5007 Continuo
582 4949 754 5017 mihi,
806 4949 880 5003 De
913 4948 1249 5002 tenebrarum
1289 4953 1476 5016 gente,
1525 4941 1868 5013 respondent.

269 5045 312 5099 Ο
368 5045 511 5099 mira
561 5040 855 5096 dementia!
917 5038 1024 5093 Cur
1077 5052 1238 5107 ergo,
1291 5026 1500 5100 miseri,
1550 5034 1602 5087 in
1650 5043 1873 5102 corpore

270 5133 571 5189 Saluatoris
599 5129 797 5184 timetis
818 5140 1026 5184 uterum
1067 5126 1315 5196 virginis,
1351 5134 1404 5179 et
1429 5133 1642 5194 gentem
1667 5122 1870 5178 daemo-

271 5243 394 5279 num
426 5240 540 5278 non
572 5219 809 5275 timetis?

337 5312 579 5370 CAPUT
619 5309 823 5365 XIL—
849 5307 935 5363 I2.
963 5306 1190 5363 Christus
1227 5323 1316 5359 cur
1361 5320 1423 5358 e1
1471 5303 1659 5376 femina
1703 5311 1871 5357 natus.

276 5405 448 5460 Filius
497 5401 599 5456 Dei
651 5418 750 5455 non
784 5409 857 5454 cu
905 5408 1125 5451 mutatus
1177 5413 1265 5468 per
1288 5395 1705 5449 incarnationem.
1764 5394 1874 5450 Nos

271 5496 496 5568 quidem
530 5493 832 5548 universam
878 5501 1122 5545 naturam
1149 5489 1388 5559 corporis
1416 5487 1483 5542 ab
1508 5487 1872 5556 omnipotente

269 5588 562 5644 conditore
597 5585 707 5640 Deo
752 5598 875 5638 esse
920 5580 1266 5652 proﬁtemur:
1301 5589 1353 5633 et
1392 5586 1672 5649 preptcrea
1701 5578 1869 5635 unde-

322 5701 341 5732 ⁸
375 5705 453 5749 Β
491 5696 855 5755 mucosis,
879 5706 970 5743 non
993 5691 1173 5742 ratione
1192 5691 1336 5742 docti.

561 5777 841 5840 ΡΑτιιοι.
885 5769 1242 5833 XXXVIII.

1680 265 1909 325 SEIIMO
1947 266 2061 323 XII.

3404 270 3504 328 ltili

1929 397 2158 451 cumque
2189 381 2320 435 Dotn
2345 395 2442 435 nus
2485 391 2664 436 noster
2701 389 2998 436 assumeret
3042 395 3269 452 corpus,
3309 381 3378 437 de
3414 398 3510 440 sua

1932 483 2173 530 creatura
2201 475 2383 544 utique
2409 483 2706 528 assumeret
2730 491 2742 526 :
2771 473 2864 528 sed
2884 489 2949 528 ex
2981 473 3175 529 femina
3205 473 3390 530 maluit
3417 474 3516 529 hu-

1932 565 2074 620 milis
2103 564 2144 631 ί,
2171 565 2259 634 qui
2298 563 2362 618 ad
2392 563 2718 618 liberandum
2751 563 3006 633 perditam
3031 573 3330 620 creaturam
3353 581 3522 622 vene.

1933 665 2048 722 rat,
2081 669 2200 726 qua:
2223 670 2318 725 per
2341 653 2590 709 feminam
2615 653 2761 724 lapsa
2785 662 2887 709 εει.
2919 653 3070 710 Unde
3109 664 3394 727 utrumque
3415 671 3508 712 sc—

1935 764 2059 802 xum
2084 749 2268 802 volens
2308 748 2359 801 in
2399 761 2546 816 spem
2575 746 2934 801 renovationis
2969 756 3024 802 et
3043 749 3394 818 reparationis
3419 751 3522 806 ad—

1936 841 2165 905 ducere,
2221 839 2426 893 virilcm
2459 839 2510 891 in
2559 853 2664 906 quo
2704 846 3038 904 nasceretur;
3096 837 3382 894 femineum
3427 855 3523 910 per

1936 948 2094 1003 quem
2127 939 2436 988 nasceretur
2455 973 2471 998 ,
2500 917 2680 1002 elegit;
2712 932 2820 986 Vos
2837 933 3016 986 autem
3034 932 3122 1002 qui
3145 932 3526 989 exhorrescitis

1939 1034 2084 1079 casta
2113 1023 2333 1092 virginis
2357 1024 2561 1078 viscera
2582 1065 2596 1090 ,
2637 1023 2818 1093 eligite
2837 1064 2851 1089 ,
2880 1023 3134 1091 obsecro,
3164 1025 3305 1081 unde
3346 1026 3529 1081 Domi-

1939 1130 2044 1171 nus
2080 1129 2278 1182 corpus
2327 1124 2640 1170 assumeret.
2695 1115 2880 1170 Dicitis
2929 1129 3088 1171 omne
3135 1129 3326 1187 corpus
3355 1118 3528 1188 gentis

1942 1207 2282 1282 tenebrarum
2313 1217 2433 1262 esse
2457 1206 2829 1261 substantiam.
2879 1206 3072 1278 Eligite
3096 1222 3254 1277 ergo,
3297 1217 3354 1264 ut
3375 1210 3486 1264 dixi
3508 1251 3526 1277 ,

1941 1300 2085 1355 unde
2119 1311 2313 1369 corpus
2338 1299 2506 1353 Filius
2530 1299 2620 1352 Dei
2650 1297 2872 1354 deberet
2914 1309 3207 1354 assumere.
3238 1302 3320 1354 An
3347 1301 3494 1370 perdi
3523 1337 3527 1341 -

1942 1392 2095 1447 distis
2140 1390 2496 1462 respondendi
2525 1391 2728 1454 lucem,
2780 1390 2904 1461 quia
2928 1391 3162 1446 tenebra:
3210 1391 3362 1459 vobis
3392 1403 3526 1464 quo-

1943 1491 2170 1554 cumque
2198 1483 2382 1538 oculos
2422 1484 2830 1546 converteritis,
2877 1483 3205 1539 occurrunt?
3249 1485 3357 1542 Sed
3405 1501 3531 1544 caro

1946 1578 2186 1632 mortalis
2206 1617 2220 1639 .
2250 1576 2527 1645 inquitint,
2558 1575 2768 1630 videtur
2795 1575 3134 1630 immundio'r.
3186 1575 3425 1634 Recitate
3453 1579 3533 1634 eis

1947 1667 2292 1737 Apostolum,
2327 1665 2511 1720 Omnia
2527 1666 2725 1719 manda
2749 1666 2948 1719 mundis
2972 1680 2990 1718 :
3018 1675 3072 1721 et
3097 1668 3316 1722 recitato
3341 1668 3394 1722 in
3439 1685 3535 1724 eos

1947 1759 2260 1828 Apostolum
2283 1803 2299 1821 ,
2334 1757 2619 1812 Immundis
2655 1768 2823 1811 autem
2865 1768 2910 1811 et
2936 1757 3258 1827 inﬁdelibus,
3300 1761 3428 1815 nihil
3459 1772 3536 1817 est

1947 1852 2192 1905 mundum
2209 1866 2230 1914 ;
2250 1852 2338 1904 sed
2363 1847 2560 1920 polluta
2587 1859 2708 1905 sunt
2733 1861 2903 1904 earum
2926 1858 2972 1905 et
2996 1867 3134 1906 mens
3157 1862 3206 1906 et
3234 1855 3538 1908 conscientia

1950 1941 2076 2011 (Tit.
2109 1959 2145 2006 ιθ
2179 1942 2290 2002 I5).
2321 1941 2378 1995 Si
2407 1944 2584 1995 autem
2629 1957 2734 1994 non
2764 1941 2980 2006 dicunt,
3015 1941 3373 2008 Immundior;
3403 1944 3494 1999 scd
3520 1989 3535 2009 ,

1952 2033 2215 2086 Inllrmior
2247 2050 2258 2085 :
2301 2033 2667 2086 consentimus
2697 2032 2880 2102 plane;
2911 2042 2964 2087 et
3010 2033 3129 2088 ideo
3165 2026 3410 2090 Christus
3459 2049 3540 2090 est

1951 2134 2131 2178 noStra
2145 2124 2384 2188 firmitas,
2402 2124 2523 2193 quia
2539 2139 2662 2177 eum
2684 2132 2860 2178 nostra
2881 2141 2984 2178 non
3004 2128 3535 2188 mutavitiutirmuas.

1953 2216 2050 2270 IIic
2078 2222 2309 2285 agnosco
2332 2215 2606 2285 prepltettc
2647 2213 2788 2268 illam
2836 2231 3020 2271 vocem
3042 2258 3056 2280 ,
3096 2217 3319 2274 Mutabis
3359 2229 3417 2275 ea
3439 2263 3464 2302 δ
3494 2234 3542 2276 et

1955 2309 2314 2373 mutabuntur;
2334 2313 2387 2359 tu
2413 2313 2582 2359 autent
2606 2305 2738 2359 idem
2765 2307 2875 2378 ipse
2902 2322 2954 2361 es
2973 2348 2986 2372 ,
3016 2315 3063 2362 et
3086 2310 3208 2364 anni
3227 2311 3300 2365 tui
3327 2323 3427 2366 non
3451 2313 3542 2366 de-

1955 2399 2143 2466 ﬁcient.
2174 2395 2287 2450 Non
2315 2396 2486 2450 solum
2511 2396 2654 2451 enim
2685 2411 2789 2451 non
2817 2413 2939 2452 eum
2961 2400 3182 2455 mutavit
3217 2401 3270 2456 in
3310 2401 3544 2458 deterius

1955 2487 2234 2544 infirmitas
2276 2488 2486 2554 Carnis,
2537 2487 2628 2543 sed
2659 2487 2727 2543 ab
2765 2503 2830 2544 eo
2862 2489 2911 2542 in
2961 2492 3150 2546 melius
3177 2493 3289 2562 ipsa
3343 2505 3542 2550 mutata

1955 2590 2056 2636 est.
2084 2578 2176 2634 Sol
2204 2579 2302 2635 iste
2330 2591 2620 2648 corporeus
2644 2620 2658 2644 ,
2689 2593 2846 2649 quem
2872 2595 3068 2651 corpus
3096 2599 3198 2637 non
3250 2599 3372 2640 esse
3399 2586 3544 2641 arbi-

1957 2671 2203 2740 trantur(
2233 2685 2402 2742 usque
2422 2671 2556 2728 adeo
2582 2686 2680 2727 nec
2695 2671 2821 2741 quid
2847 2673 2917 2727 sit
2939 2680 3170 2742 corpus,
3204 2676 3505 2748 intelligunt
3529 2721 3544 2746 ,

1957 2764 2045 2834 qui
2075 2763 2140 2817 de
2185 2762 2551 2832 spiritualibus
2595 2761 3046 2832 disputationibus
3076 2780 3135 2820 se
3178 2759 3435 2822 fallaciter
3457 2769 3546 2838 ja-

1959 2856 2125 2922 ctant)
2150 2873 2168 2908 τ
2200 2854 2280 2908 sol
2307 2867 2436 2924 ergo
2463 2853 2565 2908 iste
2599 2867 2908 2924 corporeus.
2929 2862 3128 2909 tantum
3181 2858 3302 2926 quia
3330 2859 3549 2915 caeleste

1959 2962 2153 3017 corpus
2195 2955 2278 3002 est
2296 2989 2311 3013 ,
2343 2945 2603 3015 illuminat
2632 2955 2862 3013 terram,
2912 2961 3008 3002 nec
3035 2946 3100 3001 ab
3129 2963 3190 3003 ea
3219 2949 3331 3019 ipse
3355 2950 3549 3006 obscu-

1961 3047 2145 3103 ratur;
2178 3038 2342 3093 siccat
2390 3053 2617 3108 aquam,
2663 3045 2763 3093 nec
2807 3037 2927 3094 inde
2976 3039 3346 3108 humectatttr;
3395 3043 3552 3098 solvit

1961 3129 2183 3200 glaciem
2206 3171 2222 3196 ,
2256 3143 2358 3185 nec
2403 3128 2525 3185 inde
2571 3128 2838 3201 frigescit;
2869 3130 3025 3185 durat
3053 3131 3256 3200 limum,
3286 3145 3383 3190 nec
3429 3135 3552 3192 inde

1964 3224 2246 3280 mollescit.
2277 3222 2348 3278 Et
2372 3223 2628 3277 Dominus
2659 3230 2842 3277 noster
2867 3223 3023 3278 Jesus
3051 3224 3294 3280 Christits
3319 3222 3550 3282 Verbum

1967 3314 2139 3370 Patris
2163 3357 2178 3380 ,
2204 3329 2300 3384 per
2320 3313 2460 3385 quod
2492 3311 2626 3369 facta
2655 3319 2782 3369 sunt
2806 3313 2982 3369 omnia
3006 3316 3173 3370 virtus
3214 3326 3268 3372 et
3295 3319 3552 3388 sapientia

1895 3467 1904 3472 ._
1967 3406 2097 3474 Dei,
2119 3407 2316 3478 ubique
2337 3421 2572 3478 prtesens
2592 3450 2606 3473 ,
2633 3407 2826 3477 ubique
2851 3417 3089 3463 secretus
3109 3451 3122 3469 .
3157 3409 3348 3481 ubique
3377 3423 3516 3465 totus
3536 3454 3551 3474 ,

1970 3511 2228 3569 ttusquam
2285 3499 2550 3564 inclusus,
2605 3497 2924 3568 pertendens
2958 3515 2986 3552 a
3030 3493 3133 3554 line
3172 3516 3334 3569 usque
3381 3501 3445 3555 ad
3494 3502 3555 3556 fl-

1971 3605 2092 3644 nem
2124 3588 2328 3643 fortiter
2353 3629 2368 3653 ,
2412 3590 2467 3643 et
2512 3587 2799 3657 disponens
2836 3587 3015 3642 omnia
3052 3591 3322 3654 suaviter’;
3369 3591 3556 3646 timent

1973 3678 2212 3734 infelices
2231 3719 2245 3742 ,
2278 3693 2345 3732 ne
2369 3693 2474 3732 non
2507 3678 2736 3748 potuerit
2764 3677 2842 3733 sic
2861 3677 3130 3732 huminem
3157 3689 3431 3736 assumere
3451 3725 3464 3749 ,
3500 3693 3558 3739 ut

1973 3773 2261 3828 vivificaret
2280 3771 2545 3836 mortalia,
2573 3785 2672 3826 nec
2697 3767 2764 3826 ab
2788 3771 2867 3826 eis
2891 3770 3330 3838 mttrtillcaretur;
3357 3775 3555 3833 snncti~

1974 3865 2157 3919 ticeret
2176 3877 2413 3923 carnem,
2438 3876 2540 3916 nec
2555 3861 2678 3916 itide
2699 3861 3053 3931 pollueretur;
3081 3863 3396 3922 dissolveret
3418 3885 3558 3924 mor-

1975 3958 2081 4010 tem
2102 3995 2116 4018 ,
2148 3968 2247 4008 nec
2267 3951 2388 4007 inde
2413 3951 2692 4023 ligaretur;
2723 3961 2950 4008 mutaret
2966 3954 3021 4007 in
3045 3968 3104 4008 se
3126 3954 3390 4010 hominem
3415 3998 3430 4024 ,
3461 3974 3560 4013 nec

1976 4045 2028 4099 in
2057 4045 2324 4098 hominem
2351 4042 2685 4095 mutaretur?
2711 4041 2865 4096 Aliud
2887 4057 2950 4095 cx
2977 4041 3081 4095 alio
3098 4041 3369 4113 disputare
3392 4086 3407 4111 ,
3439 4062 3562 4116 pro-

1977 4145 2094 4206 pter
2120 4131 2470 4204 quorumdam
2499 4130 2864 4185 titubationem
2894 4171 2908 4193 ,
2958 4141 3009 4185 et
3033 4133 3382 4201 periculosam
3411 4137 3559 4191 infir-

1977 4227 2214 4282 mitatem
2238 4223 2391 4290 fidei,
2430 4221 2688 4293 compulsi
2729 4238 2932 4278 sumus.
2980 4224 3130 4292 Quod
3158 4236 3334 4280 autem
3371 4230 3560 4283 attinet

1977 4318 2043 4373 ad
2072 4316 2393 4387 propositam
2418 4314 2796 4383 qumStioncm,
2845 4329 3143 4386 quanquam
3171 4317 3259 4371 illa
3287 4318 3559 4389 Scriptura

1978 4409 2066 4481 (de
2086 4423 2187 4477 qua
2214 4405 2451 4460 insidiari
2489 4420 2644 4475 quam
2674 4405 2954 4460 illuminari
2982 4407 3311 4480 maluerant)
3340 4397 3504 4464 Deum
3531 4428 3562 4465 a

1977 4499 2189 4555 diabolo
2217 4498 2388 4553 visum
2431 4510 2551 4552 esse
2578 4511 2682 4551 non
2713 4497 2938 4567 probet;
2980 4497 3196 4553 videant
3242 4511 3418 4557 tamen
3463 4501 3561 4572 ipsi

1976 4588 2244 4660 quomodo
2290 4600 2421 4657 gens
2449 4585 2784 4642 tenebrarum
2816 4586 3046 4642 divinam
3093 4590 3441 4646 substantiam
3481 4593 3564 4647 νῖν

1978 4680 2106 4735 dere
2157 4676 2423 4748 potuerit,
2453 4675 2662 4747 quando
2683 4686 2807 4732 ante
2831 4692 3095 4749 pugnam,
3141 4695 3243 4749 qua
3289 4681 3484 4736 bonum
3511 4693 3566 4737 et

1978 4770 2176 4825 malum
2201 4768 2386 4823 dicunt
2411 4782 2533 4823 esse
2563 4769 2944 4835 commixtum,-
2993 4768 3193 4825 nttllum
3243 4770 3419 4827 adhuc
3443 4788 3564 4827 cor-

1979 4877 2080 4931 pus
2101 4860 2278 4915 divina
2304 4859 2595 4914 substantia
2619 4899 2634 4922 ,
2683 4867 2740 4913 ut
2761 4861 2828 4915 ab
2849 4858 3004 4914 hoste
3026 4876 3122 4915 suo
3149 4861 3315 4917 videri
3344 4871 3560 4932 posset,

1979 4959 2360 5022 assampserat.
2391 4948 2470 5003 Ex
2509 4964 2615 5018 quo
2642 4958 3000 5019 cognoscant,
3028 4950 3220 5004 frustm
3251 4967 3310 5006 se
3333 4953 3562 5007 catholi-

1978 5061 2056 5099 cze
2078 5042 2198 5098 fidei
2231 5043 2564 5095 firmamenta
2595 5039 2729 5095 velle
2758 5041 3086 5101 subvertere,
3116 5056 3234 5094 cum
3262 5056 3386 5096 suas
3414 5040 3563 5099 fabu-

1981 5137 2058 5190 las
2084 5135 2328 5189 ruinosas
2365 5131 2838 5201 qualibuscumque
2865 5130 3272 5200 responsionum
3301 5132 3524 5190 dcstinis
3543 5137 3564 5167 '

1980 5225 2151 5282 fulciri
2194 5241 2298 5280 non
2345 5223 2569 5294 possint.

2046 5385 2061 5416 ι
2087 5383 2225 5445 aliti,-
2249 5379 2473 5445 feritura»:
2494 5376 2662 5445 maluit
2683 5377 2927 5429 limitem.
2954 5387 3008 5429 At
3027 5387 3106 5445 Ms.
3129 5381 3486 5445 Germauensis.
3503 5392 3566 5432 ex

1980 5444 2161 5515 [catino
2187 5440 2356 5515 maluit
2379 5440 2571 5515 Inanilis
2587 5455 2603 5503 ;
2620 5455 2832 5515 moxque
2853 5443 3183 5515 prosequitur,
3203 5441 3286 5515 qui
3304 5440 3566 5505 perituram

1981 5501 2283 5574 liberandam
2291 5511 2508 5574 petierat,
2532 5501 2740 5574 (Insuper
2751 5501 3131 5574 {ennnantﬁmsa
3153 5501 3238 5552 est.

2046 5571 2067 5599 ι
2091 5568 2225 5630 initi,
2250 5563 2657 5630 disputationibus.
2679 5563 2847 5630 Melius
2859 5563 3322 5630 Ms.‘6ertnanensis,
3349 5563 3566 5630 aestiuis,

1984 5637 2082 5691 vox
2108 5623 2312 5691 l'uIcrutn
2329 5623 2628 5691 'sigitiﬁcztns,
2658 5625 2804 5687 quale
2834 5625 3138 5691 extrinsecus
3176 5623 3366 5674 fabricae
3397 5629 3569 5691 θρμωι

1987 5690 2128 5741 solet.
2159 5690 2272 5739 \ide
2307 5685 2585 5750 Appendicis
2605 5685 2882 5736 sermonem
2910 5687 2950 5744 l,
2977 5700 3025 5733 n.
3049 5685 3096 5734 2.

2805 5770 2891 5838 (ζ)
2901 5771 3134 5834 uatre.)
