4024 6202
407 333 503 394 ιιι

398 449 564 519 iudex
595 457 770 513 terrm,
789 453 848 502 et
874 456 993 500 ama
1016 451 1217 498 terrere
1248 441 1286 508 ι,
1316 439 1411 497 sed
1432 437 1611 510 dilige.
1635 438 1691 495 Si
1716 437 1981 509 superbis,

401 539 617 610 superbi
656 539 709 593 in
749 542 989 607 peccata,
1027 548 1134 589 non
1171 532 1224 586 in
1267 531 1556 587 hominem.
1593 529 1655 584 lu
1696 528 1822 583 illud
1860 525 1986 584 suavi

404 631 555 701 quod
585 630 679 685 tibi
719 626 967 699 displicet
997 634 1057 681 et
1090 625 1143 679 in
1174 632 1260 689 te;
1300 638 1404 678 non
1444 623 1499 677 in
1531 626 1654 678 eum
1680 620 1773 692 qui
1818 619 1987 675 factus

401 730 488 776 est
522 719 662 776 alat
696 725 775 773 tu.
805 717 880 773 De
907 731 1010 771 una
1046 714 1256 770 ofﬁcina
1294 713 1501 779 existis,
1539 726 1701 767 unum
1732 709 1986 766 artiﬁcem

405 811 685 874 habuistis,
717 823 854 865 unus
875 808 1031 864 limus
1048 818 1135 864 est
1154 816 1331 863 vestra
1357 806 1628 862 materies.
1650 804 1787 873 Quid
1808 803 1990 874 perdis

404 916 512 958 non
531 900 763 957 amando
779 914 941 972 quem
959 898 1168 971 iudicas
1180 899 1208 953 Ὶ
1223 896 1483 966 Quoniam
1505 895 1764 967 iustitiam
1789 893 1984 965 perdis,

401 996 585 1067 perdis
597 998 619 1029 '
638 1008 745 1052 non
760 994 988 1051 amando
998 1009 1156 1066 quem
1171 992 1399 1065 iudicas.
1413 990 1779 1051 Adhibeautur
1793 1004 1984 1060 ptume,

401 1103 512 1143 non
533 1100 744 1151 recuso,
760 1096 875 1141 non
907 1085 1198 1150 interdico;
1221 1083 1318 1140 sed
1336 1083 1515 1139 animo
1536 1080 1784 1146 amantis,
1807 1084 1987 1136 animo

399 1177 688 1248 diligentis,
720 1176 898 1231 animo
920 1174 1254 1246 corrigentis.

470 1265 696 1323 CAPUT
716 1264 851 1321 VIII.
872 1295 945 1305 —
964 1265 1018 1320 9.
1060 1264 1343 1336 Disciplina
1363 1273 1410 1319 et
1437 1262 1679 1319 correctio
1707 1276 1807 1316 non
1827 1260 1989 1332 negli-

398 1360 582 1430 genda.
600 1357 829 1424 Feriens,
847 1357 991 1427 pius;
1016 1364 1246 1427 parcens,
1267 1354 1503 1410 medelis.
1523 1352 1641 1409 Non
1659 1353 1803 1408 enim
1824 1350 1988 1406 filium

401 1463 551 1505 tuum
591 1465 697 1505 non
720 1449 923 1504 crudis.
959 1449 1028 1504 Et
1067 1449 1215 1519 prius
1249 1448 1385 1518 agis,
1425 1454 1503 1511 ut,
1541 1445 1588 1500 si
1630 1444 1741 1500 fieri
1778 1450 1986 1514 potest,

400 1543 606 1616 pudore
650 1549 706 1598 et
744 1540 1062 1596 liberalitate
1100 1538 1408 1603 erudiatur,
1457 1536 1738 1593 erubescat
1783 1541 1988 1606 patrem

397 1637 705 1702 utier-dere,
749 1649 855 1689 non
902 1642 1153 1702 tanquam
1196 1646 1441 1687 severum
1485 1628 1719 1699 iudicem
1768 1627 1985 1690 timeat;

397 1727 598 1799 gaudes
617 1726 683 1780 ad
706 1725 865 1780 talem
891 1723 1054 1779 lilium
1077 1740 1090 1777 :
1113 1721 1211 1778 sed
1227 1722 1274 1776 si
1307 1722 1465 1776 fuerit
1483 1720 1620 1774 forte
1640 1718 1738 1773 ista
1754 1724 1990 1773 contem-

400 1833 556 1886 nens,
576 1816 797 1874 adhibes
816 1823 871 1871 et
887 1814 1139 1878 verbera;
1160 1811 1354 1868 incutis
1374 1824 1609 1882 penam,
1634 1808 1828 1880 ingeris
1847 1807 1989 1862 dolo~

397 1924 536 1979 rem,
557 1909 652 1968 sed
679 1908 877 1980 quaeris
900 1906 1148 1962 salutem.
1177 1898 1325 1960 Multi
1370 1917 1584 1968 amore,
1614 1900 1769 1956 multi
1798 1899 1988 1956 timore

395 2001 627 2059 correcti
648 2006 771 2056 sunt
804 2018 817 2053 :
845 1996 941 2055 sed
971 2012 1068 2068 per
1094 2007 1383 2053 tremorem
1411 1995 1620 2051 timoris
1655 1992 1723 2048 ad
1747 2004 1986 2049 amorem

398 2098 756 2163 pervenerunt
770 2089 813 2145 ³.
836 2087 1143 2153 Erudimini,
1171 2086 1255 2159 qui
1275 2086 1527 2158 judicatis
1549 2095 1754 2139 (errant.
1774 2081 1989 2155 Diligite

397 2195 454 2241 et
488 2182 743 2254 iudicate.
790 2176 906 2235 Non
949 2177 1092 2234 enim
1137 2178 1216 2232 sic
1257 2175 1514 2248 quaeritur
1558 2172 1883 2240 innocentia,
1929 2182 1990 2228 ut

397 2283 585 2346 pereat
615 2272 919 2343 disciplina.
956 2270 1225 2340 Scriptum
1261 2279 1364 2333 est,
1405 2268 1741 2339 Disciplinam
1775 2267 1861 2338 qui
1898 2266 1988 2320 ab—

391 2369 529 2441 iicit,
558 2366 752 2437 ἡμεῖς
784 2372 858 2419 est
899 2362 1055 2434 (Sep.
1099 2376 1179 2429 ιιι,
1220 2358 1332 2432 ll).
1375 2359 1519 2415 Bene
1556 2367 1733 2429 potest
1769 2358 1891 2414 addi
1920 2358 1987 2414 ad

396 2459 555 2513 istam
594 2454 936 2517 sententiam,
971 2451 1122 2507 Sicut
1165 2449 1499 2519 disciplinam
1531 2449 1620 2520 qui
1660 2447 1861 2518 abiicit,
1902 2451 1986 2504 in-

394 2548 529 2603 felix
574 2553 658 2601 est
694 2560 711 2598 :
752 2543 835 2600 sic
871 2540 1206 2612 disciplinam
1246 2540 1337 2609 qui
1377 2546 1565 2611 negat,
1606 2538 1837 2594 crudelis
1882 2546 1984 2595 est.

397 2637 577 2693 Ausus
619 2647 736 2690 sum
775 2630 975 2702 aliquid
1014 2629 1215 2696 dicere,
1256 2628 1448 2684 fratres
1488 2629 1614 2694 mei,
1654 2627 1799 2698 quod
1832 2627 1986 2683 vobis

395 2728 670 2800 aliquanto
718 2724 928 2796 plenius
979 2734 1255 2793 exponere
1310 2719 1477 2790 ipsimi
1530 2718 1609 2774 rei
1664 2718 1987 2775 obscuritate

394 2818 712 2892 comuellor.
762 2816 967 2887 lle'peto
1010 2809 1155 2885 quod
1198 2810 1332 2877 dixi,
1380 2809 1725 2880 Disciplinam
1763 2809 1851 2879 qui
1891 2808 1988 2864 ab-

574 2909 756 2968 infelix
795 2915 879 2965 est
920 2923 935 2962 :
974 2903 1080 2961 hoc
1120 2901 1461 2959 πιπιιπεειαω
1503 2909 1604 2957 est.
1646 2899 1986 2970 Disciplinam

395 3004 487 3074 qui
535 3017 642 3058 non
667 3001 778 3066 dat,
816 2995 1049 3054 crudelis
1090 2998 1219 3051 est:
1263 3001 1427 3049 teneo
1463 3004 1703 3063 prorsus,
1732 2998 1896 3046 teneo
1933 2998 1988 3045 et

394 3092 623 3153 ostendo
658 3092 901 3150 feriendo
934 3092 1101 3163 pium,
1144 3086 1411 3161 parcendo
1453 3084 1754 3152 crudelem;
1794 3099 1983 3140 exem-

395 3188 545 3261 plum
570 3196 695 3243 ante
741 3183 929 3241 oculos
958 3197 1118 3256 pono.
1149 3178 1253 3237 Ubi
1291 3179 1505 3236 invenio
1542 3176 1780 3234 feriendo
1804 3176 1987 3247 pium?

392 3278 511 3337 Non
553 3292 620 3336 eo
653 3274 722 3334 ad
758 3275 913 3342 alios.
952 3273 1020 3331 sd
1053 3280 1263 3347 patrem
1300 3279 1357 3329 et
1393 3266 1565 3327 tilium
1600 3283 1667 3327 eo
1707 3287 1723 3325 ε
1751 3279 1901 3340 pater
1931 3276 1987 3324 et

395 3366 613 3443 quando
652 3367 795 3436 ferit,
838 3374 1010 3435 amat;
1055 3373 1111 3423 et
1147 3372 1254 3422 non
1296 3362 1409 3418 vult
1448 3377 1580 3434 puer
1617 3362 1751 3418 caedi
1791 3379 1805 3415 :
1846 3375 1980 3417 con-

400 3453 595 3520 temnit
631 3462 989 3527 voluntatem,
1036 3456 1265 3515 consulit
1310 3456 1377 3511 ad
1425 3452 1725 3512 utilitatem.
1767 3454 1988 3524 Quare?

393 3557 531 3626 Quia
563 3565 711 3627 pater
738 3564 839 3617 est,
868 3554 992 3624 quia
1030 3549 1395 3607 bzrrcditatem
1423 3556 1590 3620 parat,
1618 3548 1739 3620 quia
1771 3562 1985 3603 succes-

392 3662 571 3702 sorem
608 3645 794 3701 nutrit.
828 3644 969 3701 Ecce
994 3640 1232 3698 feriendo
1255 3640 1374 3713 pius
1414 3647 1498 3696 est
1525 3647 1695 3711 pater,
1736 3637 1982 3695 feriendo

395 3739 700 3796 misericors
722 3746 824 3794 est.
849 3736 922 3793 Da
944 3730 1074 3792 mihi
1098 3733 1370 3792 hominem
1391 3730 1660 3805 parcendo
1682 3730 1978 3787 crudelem.

393 3827 513 3887 Neu
553 3827 748 3886 recedo
785 3841 815 3881 a
851 3824 1114 3898 personis,
1144 3838 1241 3880 eos
1272 3813 1420 3892 ipsos
1447 3829 1572 3878 ante
1597 3821 1782 3877 oculos
1818 3835 1982 3891 pono.

393 3923 501 3981 Sed
531 3937 665 3996 puer
701 3919 995 3994 impunitus
1020 3912 1044 3951 ‘
1072 3926 1127 3974 et
1165 3912 1591 3986 indisciplinatus
1627 3913 1673 3969 si
1710 3913 1789 3969 sic
1810 3914 1983 3979 vivat,

396 4025 457 4071 ut
495 4023 695 4086 pereat,
738 4022 793 4070 et
834 4019 987 4084 pater
1025 4006 1355 4075 dissimulet;
1402 4012 1558 4078 pater
1594 4012 1797 4076 parcat,
1838 4015 1988 4077 pater

398 4109 666 4181 perditum
688 4103 852 4161 lilium
874 4103 1170 4175 disciplina
1182 4100 1472 4173 asperitate
1490 4095 1761 4154 oilendere
1779 4095 1983 4164 timeat,

397 4214 579 4257 nonne
606 4193 875 4269 parcendo
902 4191 1137 4249 crudelis
1162 4199 1245 4246 est
1262 4192 1288 4245 ?
1320 4186 1607 4244 Erudintini
1639 4201 1787 4259 ergo,
1818 4202 1987 4242 omnes

399 4291 489 4362 qui
508 4287 759 4361 judicatis
794 4288 978 4340 terram
1008 4298 1028 4338 :
1055 4289 1109 4337 et
1137 4281 1273 4337 bene
1304 4278 1593 4350 iudicando
1633 4294 1739 4334 non
1778 4294 1808 4333 a
1846 4287 1985 4334 terra

400 4377 702 4451 praemium,
733 4375 827 4433 sed
855 4376 923 4431 ab
951 4372 1044 4429 illo
1073 4378 1378 4441 exspectate
1421 4368 1511 4440 qui
1543 4367 1665 4423 fecit
1693 4370 1889 4426 ctelum
1934 4377 1989 4425 et

404 4480 622 4573 lim“
905 4532 1135 4593 sautio
1172 4529 1288 4588 Iuv
1312 4535 1335 4556 ·
1358 4529 1452 4601 (α).

402 4629 482 4685 De
520 4643 669 4684 uersu
710 4627 778 4683 l4
815 4622 1014 4680 Ρωιαὶ
1049 4639 1123 4689 Ix,
1162 4623 1279 4680 Tibi
1316 4621 1603 4694 derelictus
1638 4632 1725 4679 est
1763 4637 1984 4694 pauper,

858 4696 1059 4767 pupillo
1086 4703 1143 4751 tu
1172 4694 1281 4750 eris
1307 4692 1538 4763 adiutor.

361 4791 373 4875 ζ
406 4790 626 4847 Habitus
652 4786 956 4859 Carthagine
979 4786 1032 4841 in
1054 4784 1264 4841 basilica
1290 4782 1575 4850 Novarum,
1606 4782 1689 4838 die
1713 4782 1985 4839 dominico.

362 4879 371 4918 δ
473 4881 699 4949 CAPUT
727 4878 1009 4940 PRIMUI.
1026 4909 1094 4920 —
1120 4879 1170 4934 l.
1206 4877 1413 4949 Pauper
1437 4890 1582 4931 uerus
1605 4874 1809 4948 quinam
1831 4877 1992 4932 sit.—

406 4976 752 5036 Caatavimus
796 4970 1043 5038 Domino,
1083 4981 1137 5028 et
1169 4969 1427 5036 diximus,
1458 4967 1571 5024 Tibi
1615 4967 1889 5024 derelictus
1919 4977 1991 5025 est

358 5112 363 5121 .
409 5085 625 5142 panper,
655 5066 855 5139 papilla
883 5075 937 5120 tu
962 5064 1060 5120 eris
1087 5062 1314 5135 adjutor.
1340 5061 1653 5130 Quaeramus
1679 5075 1987 5130 pauperem,

405 5175 712 5234 quaeramus
748 5158 1026 5229 pupillum.
1064 5155 1177 5212 Nec
1212 5155 1407 5211 mirum
1443 5154 1517 5210 sit
1548 5152 1691 5224 quod
1726 5152 1992 5209 admoneo

476 5276 491 5306 ι
513 5273 587 5324 sic
606 5270 744 5322 vlim.
768 5275 820 5318 et
839 5273 925 5317 his.
942 5266 1293 5317 Germaneusis.
1312 5271 1367 5315 At
1386 5268 1488 5316 Am.
1508 5271 1582 5315 Er.
1596 5272 1655 5316 et
1669 5270 1804 5326 ιρι,
1821 5269 1869 5317 et
1883 5278 1995 5315 ansa

408 5349 505 5388 non
527 5344 745 5391 currere,
770 5331 856 5382 sed
878 5326 1099 5392 diligere.

472 5399 492 5433 ι
517 5387 745 5454 verbum,
794 5387 992 5457 perdis;
1029 5387 1155 5452 apud
1176 5394 1277 5437 Am.
1313 5392 1391 5436 Er.
1430 5393 1483 5437 et
1513 5395 1592 5438 Ms.
1613 5394 1993 5440 ceruuneusem

412 5472 508 5582 ¹³⁰ἒ¹
520 5459 861 5582 es...
877 5514 943 5565 ad
964 5524 1181 5582 amorem
1202 5513 1516 5582 permqu
1536 5508 1807 5582 εαιιξῼιονίε-

473 5579 495 5610 δ
522 5588 618 5627 am.
644 5584 719 5629 Er.
744 5571 880 5629 oliui.
908 5583 960 5626 et
984 5583 1065 5626 ius.
1090 5571 1449 5635 Germanensis,
1469 5571 1736 5636 imperitus.

479 5658 808 5748 Lt-‘meudatus
830 5664 908 5708 est
950 5656 1010 5707 ad
1052 5669 1124 5707 es.
1161 5654 1224 5708 cl.
1270 5669 1348 5720 gr.
1381 5667 1425 5706 s.
1463 5663 1567 5704 ιιι.
1594 5658 1670 5704 ετ.
1706 5650 1841 5703 t‘lim.
1888 5661 1992 5704 Par.

413 5728 550 5842 mai)
723 5777 788 5829 de
809 5784 1045 5840 Tempore
1074 5778 1176 5833 uo.
1380 5753 1556 5844 ,ης

1640 328 1695 384 S.
1739 324 2098 383 AUGUSTINI
2140 327 2435 385 EPlSCOPl

3576 329 3678 389 ll!

2096 450 2151 494 ut
2176 455 2495 510 quaeramus,
2528 458 2659 513 quos
2694 444 2770 499 sic
2812 443 3086 500 abundare
3117 444 3387 500 cernimus
3426 455 3480 500 et
3507 447 3674 502 senti-

2093 545 2231 585 mus.
2260 531 2445 598 Nonne
2472 534 2790 605 pauperibus
2817 536 2970 605 pleua
2994 537 3171 591 omnia
3194 537 3220 590 ἲ
3247 551 3425 593 nonne
3462 538 3678 609 pupillis

2093 623 2246 692 plena
2275 632 2399 679 sunt
2425 625 2643 680 omnia?
2669 626 2877 681 Tamen
2897 628 3035 682 inter
3061 628 3239 682 omnia
3265 642 3450 698 quarm
3473 644 3677 700 paupe-

2092 730 2242 781 rem,
2289 730 2472 787 quaero
2523 718 2797 789 pupillum.
2838 721 2917 775 Ae
2967 718 3114 790 prius
3159 720 3546 776 ostendendum
3594 729 3679 777 est

2091 804 2345 861 Cbaritati
2388 815 2596 873 vestrae,
2645 807 2699 863 id
2740 807 2885 879 quod
2927 816 3204 881 putamus,
3256 825 3361 864 non
3410 810 3514 866 hoc
3555 825 3680 866 esse

2090 898 2232 968 quod
2262 901 2567 970 qumrimus.
2593 902 2694 972 Qui
2717 904 2859 959 enim
2888 903 3138 960 dicuntur
3162 920 3422 977 pauperes
3450 915 3505 961 et
3526 916 3678 974 sum,

2056 1048 2061 1052 .
2092 992 2146 1048 in
2175 1007 2310 1065 quos
2334 1008 2365 1048 a
2396 993 2507 1050 Deo
2542 995 2807 1052 mandata:
2831 996 3183 1069 elcemosynte
3213 997 3364 1064 fiunt,
3395 999 3462 1054 de
3485 996 3683 1069 quibus

2092 1086 2322 1143 fatemur
2348 1088 2625 1159 scriptum,
2657 1087 2875 1145 Include
2900 1089 3267 1162 eleemosgnam
3295 1091 3347 1145 in
3373 1091 3520 1146 corde
3548 1107 3673 1163 pauo

2092 1181 2246 1250 peris,
2267 1189 2318 1235 et
2330 1182 2447 1250 ipsa
2469 1180 2695 1236 exorabit
2717 1186 2815 1251 pro
2829 1190 2877 1236 te
2892 1181 3165 1237 Dominum
3186 1179 3371 1253 (Ereti.
3387 1197 3512 1235 xxtx
3527 1224 3539 1245 ,
3556 1182 3675 1251 l5);

2090 1270 2321 1326 abundat
2351 1270 2565 1342 quidem
2595 1271 2699 1328 hoc
2733 1287 2902 1345 genus
2925 1270 3237 1338 hominum;
3265 1272 3360 1328 sed
3393 1273 3551 1327 altius
3589 1272 3674 1327 iu-

2091 1360 2407 1433 telligendus
2448 1372 2532 1419 est
2568 1365 2668 1420 iste
2708 1379 2927 1436 pauper.
2973 1365 3050 1420 De
3096 1365 3191 1419 illo
3221 1380 3417 1437 genere
3453 1374 3534 1419 est
3574 1366 3673 1420 iste

2089 1464 2311 1523 pauper,
2353 1452 2423 1509 de
2461 1468 2568 1524 quo
2610 1454 2810 1510 dictum
2852 1462 2954 1520 est,
2998 1453 3145 1509 Beati
3185 1470 3430 1527 pauperes
3470 1455 3678 1526 spiritu,

2089 1542 2328 1612 quoniam
2358 1542 2586 1612 ipsorum
2623 1553 2696 1597 est
2733 1560 2942 1616 regnum
2975 1543 3214 1599 oculorum
3246 1546 3264 1616 ί
3275 1543 3458 1597 Matth.
3498 1559 3551 1608 v,
3594 1546 3676 1613 3).

2091 1630 2228 1687 Sunt
2252 1646 2512 1705 pauperes
2546 1647 2654 1689 non
2685 1633 2943 1690 habentes
2973 1636 3281 1704 pecuniam,
3313 1636 3509 1689 vietum
3538 1649 3677 1704 quo-

2092 1721 2348 1777 tidianum
2391 1722 2480 1778 vix
2519 1723 2871 1788 invenientes,
2912 1724 3104 1780 alienis
3138 1724 3329 1795 opibus
3375 1726 3415 1793 ⁸,
3464 1725 3677 1780 miseri-

2089 1811 2271 1866 cnrdia
2305 1812 2385 1867 sic
2413 1811 2820 1884 indigentes,°ut
2861 1813 3020 1869 etiam
3059 1814 3365 1870 mendicare
3406 1828 3512 1869 non
3549 1831 3678 1870 crn-

2090 1900 2310 1957 bescant
2336 1918 2365 1954 ‘:
2410 1902 2455 1957 si
2501 1901 2570 1959 de
2613 1901 2697 1959 bis
2732 1903 2933 1959 dictum
2979 1912 3081 1971 est,
3131 1902 3245 1958 Tibi
3294 1904 3563 1959 derelictus
3604 1916 3681 1959 est

2091 2010 2327 2066 pauper;
2370 2010 2470 2050 nos
2509 1995 2635 2066 quid
2689 1994 2946 2065 facimus,
2988 1996 3092 2067 qui
3141 1996 3242 2052 hoc
3291 2012 3397 2053 non
3449 1999 3682 2052 smnus?

2092 2084 2233 2155 Ergo
2298 2100 2396 2140 nns
2442 2087 2532 2157 qui
2593 2086 2871 2142 christiani
2920 2102 3140 2155 sumus,
3185 2102 3295 2143 non
3337 2103 3522 2143 sumus
3568 2089 3683 2145 Deo

2089 2176 2373 2234 derclicti?
2413 2179 2480 2234 Et
2506 2194 2625 2251 qua:
2662 2179 2765 2234 alia
2794 2178 2947 2235 nobis
2986 2193 3114 2251 spes
3137 2187 3240 2247 est,
3267 2179 3313 2235 si
3350 2195 3458 2236 non
3488 2195 3681 2238 sumus
3780 2205 3788 2211 ·

2091 2269 2165 2325 illi
2193 2270 2455 2336 derelicti,
2484 2270 2573 2342 qui
2600 2285 2697 2326 nos
2721 2286 2826 2327 non
2851 2269 3172 2342 derelinquit
3189 2272 3217 2325 ?

2160 2362 2217 2414 2.
2260 2359 2506 2417 Divitibus
2556 2362 2776 2416 cavenda
2824 2362 3075 2433 superbia.
3120 2359 3320 2417 Discite
3372 2377 3499 2433 ergo
3551 2378 3678 2420 esse

2091 2464 2352 2521 pauperes
2407 2461 2461 2507 et
2526 2450 2638 2507 Deo
2691 2450 2953 2521 relinqui,
3007 2465 3043 2506 ο
3095 2464 3480 2523 eompauperes
3542 2454 3673 2508 mei.

2091 2543 2249 2598 Dives
2275 2551 2374 2609 est,
2408 2544 2669 2615 superbus
2697 2554 2797 2598 est.
2823 2543 2954 2598 Nam
2993 2553 3047 2598 et
3077 2543 3127 2598 iu
3162 2543 3359 2599 divitiis
3387 2544 3521 2611 istis,
3552 2542 3676 2616 qmc

2089 2634 2248 2705 vulgo
2273 2635 2608 2705 appellantur
2643 2635 2861 2703 divitiae,
2892 2636 3088 2706 quibus
3124 2643 3207 2692 est
3243 2636 3507 2691 contraria
3547 2638 3674 2692 vul-

2087 2727 2230 2797 garis
2274 2727 2371 2782 ista
2415 2735 2726 2798 paupertas;
2768 2726 2819 2782 in
2862 2726 3061 2783 divitiis
3101 2742 3229 2799 ergo
3273 2727 3387 2783 istis
3425 2728 3556 2783 nihil
3587 2739 3676 2784 est

2089 2817 2168 2872 sic
2210 2816 2534 2883 civendum,
2583 2833 2741 2888 quam
2788 2818 3049 2887 superbia:
3092 2818 3329 2875 morbus.
3379 2818 3477 2888 Qui
3526 2822 3675 2876 enim

2091 2922 2195 2962 non
2237 2907 2392 2964 habet
2432 2909 2730 2978 pecuniam,
2773 2924 2878 2963 non
2914 2908 3072 2964 habet
3110 2909 3465 2981 amplissimas
3506 2908 3678 2966 facul-

2088 3006 2256 3064 tates;
2303 3013 2411 3053 non
2440 2997 2600 3053 habet
2642 2998 2784 3054 unde
2818 3013 2876 3054 se
2914 2999 3151 3057 extullat.
3195 2997 3257 3055 Si
3281 3014 3415 3071 ergo
3445 3001 3534 3071 qui
3567 3016 3677 3056 non

2091 3087 2252 3145 habet
2274 3088 2416 3143 unde
2445 3103 2503 3143 se
2527 3089 2769 3155 extollat,
2794 3105 2898 3143 non
2922 3088 3169 3144 laudatur
3190 3104 3288 3160 pro
3309 3104 3377 3145 eo
3401 3089 3541 3161 quod
3565 3106 3674 3148 non

2088 3196 2147 3236 se
2168 3180 2374 3236 extollit
2393 3199 2406 3233 :
2424 3179 2513 3250 qui
2535 3178 2710 3245 habet,
2737 3178 3002 3243 laudetur,
3027 3180 3071 3235 si
3092 3195 3150 3235 se
3171 3195 3274 3235 non
3294 3181 3516 3236 extollit.
3534 3180 3675 3249 Quid

2087 3286 2216 3341 ergo
2240 3267 2400 3326 laudo
2426 3269 2680 3326 humilem
2721 3284 3039 3340 pauperem,
3067 3271 3155 3342 qui
3196 3272 3336 3327 unde
3366 3274 3674 3342 superbiat,

2089 3376 2195 3418 non
2222 3361 2414 3417 habet?
2436 3361 2565 3430 Quis
2583 3371 2758 3416 autem
2784 3360 2918 3417 ferat
2946 3369 3000 3417 et
3029 3362 3238 3431 inopem
3263 3371 3317 3417 et
3340 3362 3676 3433 superbum?

2158 3450 2385 3509 CAPUT
2408 3450 2472 3507 Il.
2500 3482 2571 3494 —
2599 3451 2777 3508 Lauda
2807 3452 3023 3509 divitem
3053 3454 3328 3521 humilem,
3359 3455 3512 3510 lauda
3537 3455 3676 3512 divi-

2089 3553 2195 3600 tem
2225 3556 2531 3614 pauperem.
2553 3541 2715 3598 Tales
2738 3544 2849 3598 vult
2874 3545 3151 3616 apostolus
3173 3543 3387 3609 Paulus,
3415 3545 3504 3615 qui
3535 3549 3674 3601 scri-

2088 3632 2222 3690 bens
2258 3633 2324 3690 ad
2363 3632 2702 3689 Timotheum
2738 3633 2866 3688 dicit
2908 3652 2921 3688 :
2972 3633 3200 3705 Precipe
3242 3636 3475 3690 divitibus
3515 3636 3673 3707 hujus

2088 3723 2280 3786 stt-cuii,
2312 3739 2410 3777 non
2438 3722 2650 3794 superbe
2686 3738 2864 3792 sapere
2894 3723 2943 3795 (l
2976 3723 3108 3777 Tini.
3140 3739 3209 3789 vt,
3243 3722 3353 3797 Π).
3385 3724 3516 3779 Novi
3543 3725 3673 3796 quid

2088 3816 2259 3872 dicam
2291 3834 2304 3871 :
2333 3815 2436 3872 hoc
2480 3816 2583 3871 iilis
2623 3815 2871 3887 praet-ipe.
2915 3814 3125 3871 Habent
3164 3817 3306 3871 enim
3344 3816 3555 3874 divitias
3589 3820 3673 3870 in-

2090 3909 2352 3965 trinsecus
2376 3909 2679 3980 superbiam
2713 3907 3112 3978 persuademus,
3144 3908 3341 3962 habent
3364 3908 3574 3963 divitias
3614 3910 3671 3963 in

2086 3999 2279 4070 quibus
2325 3998 2566 4055 laborant
2606 4014 2725 4055 esse
2764 3998 3010 4053 humiles.
3061 3998 3135 4053 Da
3182 3998 3309 4052 mihi
3355 3997 3669 4053 Zacchmutn

2091 4090 2373 4147 habentem
2405 4104 2621 4161 magnas
2654 4089 2884 4154 divitias,
2924 4087 3216 4159 principem
3243 4086 3671 4159 publicanorum,

2090 4180 2451 4238 confessorem
2483 4188 2838 4250 peccatorum,
2862 4187 3061 4232 statura
3082 4177 3318 4243 brevem,
3346 4176 3525 4230 animo
3551 4175 3662 4232 bre-

2091 4275 2315 4339 viorem,
2344 4272 2716 4329 ascendentem
2748 4271 2969 4342 lignum,
2999 4277 3059 4325 ut
3084 4276 3446 4324 transeuntem
3466 4268 3676 4324 videret

2090 4364 2182 4436 qui
2225 4378 2322 4434 pro
2363 4363 2454 4418 illo
2497 4361 2760 4433 pendebat
2792 4365 2844 4415 in
2891 4360 3053 4431 ligno.
3100 4360 3174 4414 Da
3212 4358 3339 4414 mihi
3381 4358 3671 4422 dicentem,

2095 4454 2372 4509 Dimidium
2400 4470 2564 4508 reruni
2597 4468 2821 4507 mearum
2859 4451 2925 4505 do
2954 4451 3275 4522 pauperibus.
3308 4449 3413 4505 Sed
3444 4448 3674 4505 multum

2093 4544 2243 4601 dives
2279 4559 2358 4609 es,
2398 4559 2431 4598 ο
2467 4540 2740 4607 luceluce,
2780 4541 3003 4596 multum
3040 4541 3190 4596 dives
3230 4554 3309 4595 cs.
3338 4540 3473 4595 Ecce
3511 4537 3668 4593 dimi-

2092 4637 2237 4693 dium
2264 4637 2416 4693 dabis
2447 4653 2461 4690 :
2493 4634 2769 4691 dimidium
2794 4648 2964 4706 quare
2990 4631 3330 4689 reservabis?
3357 4631 3491 4699 Quia
3520 4630 3565 4684 εἰ
3593 4630 3677 4683 cui

2093 4730 2285 4801 aliquid
2310 4729 2511 4796 abstuli,
2541 4725 2880 4799 quadruplum
2908 4724 3067 4780 reddo
3096 4723 3249 4798 (Lee.
3274 4738 3392 4790 ιιι,
3422 4720 3564 4792 Ξοὸ).

2166 4822 2221 4878 3.
2270 4820 2530 4893 Panperes
2586 4819 2648 4873 de
2705 4816 2887 4871 Lazari
2951 4825 3086 4871 sorte
3160 4832 3261 4870 non
3348 4812 3679 4867 extolluntur.

2094 4912 2202 4969 Sed
2245 4913 2320 4967 ait
2359 4911 2489 4966 mihi
2537 4908 2760 4980 quisque
2799 4907 3104 4973 mendicus,
3153 4904 3424 4961 debilitate
3470 4902 3679 4965 fessus,

2095 5006 2287 5078 pannis
2323 5003 2546 5066 obsitus,
2577 4999 2718 5056 fame
2753 4999 3072 5071 languidus;
3106 4995 3397 5067 respondet
3433 4993 3584 5058 mihi,
3627 5002 3685 5048 et

2097 5098 2226 5155 dicit
2268 5115 2282 5152 :
2329 5095 2453 5152 Mihi
2498 5094 2722 5150 debetur
2775 5106 2994 5163 regnum
3046 5091 3339 5154 oculorum;
3386 5102 3486 5157 ego
3530 5086 3679 5140 enim

2098 5186 2290 5242 similis
2329 5199 2445 5240 sum
2484 5183 2560 5239 illi
2604 5183 2823 5247 Lazaro,
2860 5182 2949 5252 qui
2990 5179 3203 5249 iacebat
3240 5178 3512 5232 ulcerosus
3555 5182 3686 5228 ante

2098 5278 2280 5334 divitis
2299 5275 2538 5341 domum,
2566 5274 2717 5345 cuius
2739 5277 2901 5329 canes
2928 5270 3194 5342 lingebant
3218 5268 3421 5331 ulcera,
3452 5276 3507 5322 et
3534 5279 3691 5336 quae-

2100 5370 2251 5425 rebat
2299 5368 2525 5423 saturari
2569 5366 2862 5429 demicis,
2914 5380 3032 5435 quae
3077 5362 3338 5419 cadebant
3384 5358 3452 5414 de
3498 5372 3687 5411 mensa

2101 5461 2279 5517 divitis
2306 5478 2319 5513 :
2351 5475 2452 5532 ego
2482 5460 2553 5516 illi
2580 5459 2803 5515 similior
2830 5473 2981 5524 sum,
3013 5455 3203 5527 inquit.
3233 5453 3485 5509 Nostrum
3515 5464 3693 5520 genus

2100 5565 2203 5620 est,
2251 5554 2334 5609 cui
2378 5554 2601 5609 debetur
2639 5566 2858 5622 regnum
2898 5549 3189 5613 caelorum;
3237 5556 3345 5601 non
3383 5544 3459 5598 illi
3496 5542 3691 5613 generi

2169 5690 2185 5721 ⁸
2205 5690 2280 5739 sic
2297 5693 2383 5737 Ms.
2405 5692 2761 5736 Germaneums.
2789 5689 2844 5733 At
2879 5692 3052 5732 omnes
3085 5680 3221 5740 editi,
3244 5676 3415 5730 alieru's
3444 5670 3673 5740 operibus

2109 5758 2162 5803 Et
2184 5765 2246 5803 ex
2267 5751 2342 5801 his
2361 5749 2457 5799 duo
2474 5747 2605 5796 Liim.
2636 5753 2684 5796 et
2703 5753 2810 5796 t.ov.
2832 5744 3031 5803 addunt,
3049 5742 3344 5796 insiditottes.
