4024 6202
433 306 535 371 iiii

427 431 615 486 sideriu
643 432 821 498 multa,
842 430 995 484 stulta
1015 441 1060 484 et
1087 429 1258 484 noxia.
1280 416 1395 485 Non
1423 429 1563 485 enim
1595 443 1724 498 opes
1743 425 1882 491 dico,
1914 427 2006 482 scd

430 522 696 577 desideria.
727 523 916 579 Unde?
934 525 1063 590 Quia
1090 525 1202 578 vult
1222 526 1370 578 dives
1391 523 1524 578 ﬁeri.
1555 523 1696 590 Quid
1715 521 1874 577 inde?
1902 521 2007 576 De-

427 613 614 667 sideria
649 615 809 668 multa
832 621 878 667 et
905 615 1059 668 stulta
1104 625 1151 669 et
1180 616 1348 679 noxia,
1387 627 1501 686 qua:
1536 624 1762 685 mergunt
1785 613 2008 666 homines

427 703 480 756 in
500 703 754 758 interitum
783 712 831 756 et
877 705 1222 773 perditionem.
1255 704 1417 760 Vides
1444 705 1531 758 ubi
1561 705 1673 759 sis?
1696 703 1833 771 Quid
1876 701 2005 756 mihi

429 803 664 848 ostentus
685 793 859 848 nullas
887 794 1186 863 facultates,
1219 812 1339 852 cum
1369 811 1468 868 ego
1493 797 1810 853 convincam
1834 804 2005 849 tantas

427 883 780 953 cupiditates?
801 884 940 941 Ecce
965 886 1074 956 jam
1118 900 1366 957 compara
1394 889 1546 943 duos.
1578 886 1682 942 Iste
1705 885 1854 941 dives
1877 891 1958 939 est
1987 927 2002 949 ,

429 974 515 1028 ille
539 989 739 1044 panper
761 985 844 1031 est
867 986 881 1030 ξ
909 975 1001 1031 sed
1025 977 1124 1031 iste
1144 977 1314 1043 dives,
1342 978 1451 1048 jam
1473 987 1574 1042 est,
1603 992 1711 1031 non
1730 975 1841 1029 vult
1868 975 2002 1030 ﬂeri.

429 1063 533 1119 Iste
556 1064 706 1121 dives
733 1073 844 1131 est,
863 1075 955 1120 aut
978 1067 1046 1122 de
1085 1069 1412 1137 parentibus,
1441 1076 1531 1121 aut
1550 1067 1618 1121 de
1641 1066 1794 1120 donis
1819 1078 1873 1120 et
1895 1064 2002 1119 hm-

429 1153 759 1211 reditatibus.
806 1156 1095 1224 Ponamos,
1124 1156 1386 1211 faciamus
1415 1175 1427 1210 :
1458 1157 1608 1212 dives
1644 1165 1727 1210 est
1751 1156 1910 1211 etiam
1939 1154 2005 1208 de

427 1243 808 1314 iniquitatibus.
837 1246 952 1301 Jam
980 1259 1086 1302 non
1109 1245 1220 1301 vult
1245 1246 1461 1312 addere,
1491 1245 1745 1316 imposuit
1765 1246 1998 1306 modum,

428 1334 546 1388 lixit
569 1334 790 1390 limitem
818 1335 1112 1407 cupiditati,
1141 1337 1250 1404 jam
1275 1336 1438 1392 corde
1457 1337 1649 1391 militat
1674 1336 1870 1405 pietati.

496 1425 723 1481 CAPUT
766 1425 844 1479 Vl.
867 1456 937 1465 --
961 1424 996 1481 8
1037 1425 1260 1480 Rursum
1280 1443 1472 1497 pauper
1495 1442 1608 1480 cum
1629 1425 1780 1479 divite
1802 1440 2007 1493 compa-

424 1525 587 1569 ratur.
639 1517 795 1571 Dives
837 1527 941 1581 est,
982 1518 1174 1588 inquis.
1208 1517 1562 1588 Respondeo,
1594 1517 1751 1572 Dives
1775 1524 1876 1570 est.
1902 1514 2004 1568 lte~

426 1622 544 1661 rum
589 1616 644 1661 tu
669 1615 948 1662 accusator
985 1607 1278 1678 respondes
1315 1615 1371 1662 et
1403 1607 1556 1671 dicis,
1601 1607 1676 1661 De
1729 1604 2005 1675 iniquitate

424 1699 576 1754 dives
604 1708 685 1754 est
711 1701 751 1753 ι.
775 1699 908 1765 Quid
928 1741 943 1765 ,
971 1699 1015 1754 si
1044 1698 1176 1762 facit
1213 1700 1416 1754 amicos
1453 1699 1522 1753 de
1561 1711 1860 1752 mammona
1901 1695 2003 1748 ini-

425 1790 674 1859 quitatis?
696 1790 952 1845 Dominus
981 1797 1201 1846 noverat
1227 1789 1371 1860 quod
1397 1789 1608 1844 dicebat
1641 1799 1656 1841 :-
1686 1787 1870 1856 utique
1899 1800 2002 1840 non

425 1880 673 1947 errabat,
713 1879 924 1950 quando
961 1879 1332 1951 praecipiebat,
1361 1878 1537 1934 Facile
1553 1879 1689 1933 vobis
1723 1877 1909 1931 amicos
1941 1876 2006 1930 de

425 1985 711 2024 mammona
729 1971 1029 2041 iniquitatis,
1053 1979 1106 2024 at
1129 1980 1176 2024 et
1204 1971 1302 2040 ipsi
1324 1970 1566 2038 recipiant
1602 1984 1686 2023 vos
1702 1969 1754 2021 in
1774 1965 2004 2020 taberna-

425 2063 540 2115 cula
565 2061 919 2133 wterna(Luc.
949 2078 1058 2126 va,
1083 2062 1162 2132 9).
1189 2060 1327 2127 Quid
1355 2059 1400 2115 si
1429 2059 1532 2114 hoc
1561 2059 1685 2117 facit
1710 2059 1810 2112 iste
1829 2055 2004 2112 dives?

423 2156 540 2210 iam
568 2155 682 2209 linit
707 2154 1050 2226 cupiditatem
1071 2196 1086 2220 ,
1109 2161 1322 2208 exercet
1352 2154 1620 2221 pietatem.
1651 2150 1730 2206 Tu
1755 2149 1882 2204 nihil
1905 2148 1999 2201 ba-

429 2247 543 2310 bes,
575 2245 668 2301 sed
693 2245 841 2300 dives
870 2245 950 2300 vis
990 2244 1136 2309 ﬁeri;
1176 2242 1377 2298 incides
1413 2243 1465 2296 in
1493 2242 1862 2297 tentationem.
1895 2237 2001 2292 Sed

425 2339 561 2392 forte
583 2336 706 2392 inde
730 2336 899 2392 Factus
913 2351 972 2391 es
999 2335 1364 2406 pauperrimus
1383 2343 1438 2390 et
1462 2333 1853 2405 egentissimus,
1879 2331 2002 2402 quia

427 2427 606 2481 nescio
627 2425 758 2495 quid
783 2425 1012 2479 habebas
1055 2433 1330 2493 paternum
1351 2462 1366 2487 ,
1395 2423 1534 2492 quod
1570 2431 1621 2477 te
1645 2429 1999 2486 sustentaret,

425 2517 760 2574 etcalnmnia
788 2517 961 2587 aliqua
990 2515 1353 2585 competitoris
1390 2514 1623 2569 abstulit.
1661 2511 1873 2576 Gemis,
1905 2525 2002 2564 au-

423 2609 536 2676 dio,
559 2617 800 2678 tempora
819 2621 1075 2663 accusas:
1098 2607 1238 2677 quod
1265 2607 1452 2676 gemis,
1475 2605 1518 2659 si
1545 2620 1750 2675 posses,
1778 2603 1998 2658 faceres.

426 2704 616 2756 Annon
656 2699 933 2755 videmus?
973 2713 1149 2754 annon
1194 2696 1513 2768 quotidianis
1557 2695 1811 2765 exemplis
1845 2693 2001 2763 plena

425 2801 550 2846 sum
569 2791 785 2846 omnia?
812 2790 936 2846 Heri
961 2789 1228 2861 gemebat,
1255 2789 1376 2859 quia
1406 2786 1660 2857 perdebat
1683 2799 1810 2848 sua;
1845 2783 2002 2838 hodie

425 2885 706 2954 pertinens
723 2884 786 2938 ad
808 2881 1066 2954 majorem
1087 2885 1128 2947 ',
1157 2882 1296 2951 rapit
1323 2882 1514 2936 aliena.

496 2977 552 3032 9.
602 2975 762 3031 Verus
809 2991 1017 3046 panper.
1062 2973 1291 3029 Christus
1330 2986 1519 3042 pauper
1562 2980 1610 3024 et
1634 2971 1788 3024 dives.
1848 2969 2002 3022 luve-

426 3067 607 3121 nimus
647 3074 831 3121 Verum
863 3078 1172 3135 pauperem,
1217 3061 1513 3116 invenimus
1539 3061 1681 3130 pium
1723 3058 1998 3124 humilem,

425 3177 530 3216 non
583 3160 655 3216 de
701 3175 761 3216 se
799 3159 1050 3214 ﬁdentem
1077 3199 1092 3224 ,
1122 3170 1407 3227 pauperem
1449 3169 1668 3219 verum,
1702 3151 1998 3208 membrum

424 3253 680 3322 pauperis
708 3251 797 3322 qui
861 3259 1078 3320 propter
1139 3263 1235 3302 nos
1281 3261 1478 3316 pauper
1523 3245 1692 3299 factus
1735 3255 1836 3310 eet,
1879 3257 2000 3297 cum

421 3343 570 3398 dives
611 3351 753 3398 esset
791 3341 876 3413 (ll
897 3339 1013 3394 Cor.
1043 3351 1157 3402 vm,
1186 3337 1266 3408 9);
1311 3337 1443 3391 Vide
1491 3335 1707 3390 divitem
1737 3341 1998 3395 nostrum,

420 3435 510 3504 qui
539 3439 754 3505 prepte'r
782 3445 879 3486 nos
927 3445 1126 3501 pauper
1153 3430 1318 3484 factus
1359 3434 1483 3492 est;
1504 3441 1625 3480 cum
1647 3425 1796 3480 dives
1823 3433 1998 3485 esset;

429 3524 549 3578 vide
612 3523 759 3578 ilium
805 3523 1030 3576 divitem
1069 3538 1082 3573 :
1137 3517 1323 3574 Omnia
1376 3518 1631 3587 peripsum
1674 3520 1808 3584 facta
1847 3523 1998 3577 sunt,

421 3623 469 3668 et
496 3616 604 3668 sine
640 3615 758 3680 ipso
787 3618 976 3684 [aetum
1012 3621 1084 3665 est
1126 3611 1272 3664 nihil.
1300 3609 1428 3664 Plus
1469 3616 1550 3663 est
1588 3622 1775 3661 aurum
1805 3607 1998 3668 facere,

423 3719 582 3772 quam
639 3704 854 3759 lmbcre.
912 3701 1067 3756 Dives
1114 3716 1174 3756 es
1225 3713 1387 3764 auro,
1442 3707 1696 3768 argento,
1768 3711 1998 3767 pecore,

423 3795 658 3859 familia,
701 3794 912 3858 fundis,
965 3793 1252 3856 fructibus;
1313 3791 1406 3845 tibi
1482 3791 1579 3844 ista
1647 3805 1832 3844 creare
1896 3804 2001 3842 non

426 3887 664 3956 potuisti.
697 3885 826 3941 Vide
856 3886 1002 3940 illum
1041 3883 1259 3940 divitem
1295 3901 1308 3936 :
1335 3880 1520 3935 Omnia
1557 3897 1647 3951 per
1673 3882 1841 3949 ipsum
1863 3883 2003 3949 [acta

421 3988 559 4034 sunt.
595 3977 725 4033 Vide
751 3979 897 4032 illum
929 3990 1213 4046 pauperem
1241 3992 1253 4027 :
1292 3973 1504 4026 Verbum
1530 3988 1648 4025 cara
1669 3971 1858 4042 factum
1885 3980 1960 4024 est
1983 4013 1998 4037 ,

422 4081 467 4123 et
491 4071 729 4124 habitavit
749 4071 802 4124 in
818 4069 969 4123 nobis
1005 4065 1184 4135 (Joan.
1212 4081 1257 4130 ι,
1280 4063 1460 4133 3-H).
1517 4063 1646 4128 Quis
1673 4061 1830 4131 digne
1853 4063 1994 4131 cogi-

424 4169 500 4218 tet
522 4162 734 4216 divitias
753 4161 912 4231 ejus?
935 4157 1214 4226 Quomodo
1242 4156 1394 4210 faciat
1423 4155 1510 4224 qui
1539 4167 1644 4208 non
1673 4153 1746 4218 lit,
1775 4167 2001 4222 quomo-

422 4253 494 4308 do
517 4261 665 4309 creet
690 4267 794 4307 non
825 4257 1054 4313 creatus,
1085 4247 1277 4301 formet
1301 4261 1404 4300 non
1435 4244 1713 4311 formatus,
1731 4243 2001 4298 mutabilia

427 4359 668 4406 manens,
703 4341 1012 4413 temporalia
1044 4337 1431 4406 sempiternus?
1455 4335 1586 4402 Quis
1618 4334 1776 4404 digne
1810 4334 2004 4404 cogitet

421 4437 640 4490 divitias-
653 4433 804 4504 ejus?

499 4524 724 4581 CAPUT
740 4523 924 4578 Vll.—
941 4519 1442 4592 PaupertasChristi.-
1472 4517 1841 4587 Paupertatem
1861 4521 2004 4587 cogi-

427 4627 622 4680 tomus,
643 4630 710 4668 ne
726 4615 861 4668 forte
887 4627 1146 4684 pauperes
1167 4611 1248 4664 vel
1269 4609 1740 4679 ipsatutcapiamns.
1759 4605 2003 4676 Concipi-

427 4720 511 4761 tnr
525 4716 674 4761 utero
685 4703 900 4760 femina:
915 4701 1177 4774 virginali,
1193 4699 1478 4754 includitur
1492 4698 1780 4752 visceribus
1797 4699 1999 4753 matris.

423 4801 468 4852 t)
497 4795 809 4869 paupertas!
838 4794 892 4850 In
907 4803 1130 4865 ang-usto
1153 4791 1446 4845 diversorio
1465 4788 1720 4854 nascitur,
1740 4788 2004 4842 involutus

424 4889 752 4947 iufantilibus
781 4885 1099 4957 tegumentis
1114 4884 1167 4937 in
1196 4879 1454 4952 przescpio
1470 4879 1705 4950 ponitur,-
1725 4879 1782 4933 lit
1805 4879 2002 4934 cibaria

425 4979 676 5037 tumentis
702 4971 1270 5050 pauperibus;deinde
1303 4971 1427 5027 coeli
1469 4978 1524 5025 et
1566 4979 1721 5024 terrae
1749 4969 2003 5024 Dominus

427 5083 644 5130 creator
669 5071 1010 5142 Angelorum,
1026 5064 1260 5120 omnium
1283 5061 1566 5118 visibilium
1581 5070 1636 5116 et
1662 5061 2000 5116 invisibilium

426 5166 645 5222 effector
672 5167 727 5218 e‘t
753 5162 997 5218 conditor
1022 5157 1180 5228 sugit,
1203 5154 1365 5226 vagit,
1391 5153 1652 5216 nutritur,
1675 5152 1886 5216 crescit,
1919 5161 2000 5205 to-

429 5259 560 5312 lerat
585 5261 792 5309 :etatem
815 5291 830 5316 ,
861 5249 1092 5303 occultat
1129 5246 1457 5314 majestatem
1496 5260 1509 5296 :
1555 5251 1736 5311 postea
1777 5251 2000 5303 tenetur,

427 5346 806 5409 contemnitur,
834 5339 1127 5410 ﬂagellatur
1149 5379 1162 5400 ,
1193 5336 1462 5400 illuditur,
1493 5335 1832 5404 conspuitur,
1861 5335 2004 5387 cola-

432 5441 694 5508 pbizatur,
719 5432 886 5506 spinis
931 5437 1214 5485 coronatur
1240 5467 1255 5489 ,
1305 5425 1446 5494 ligno
1483 5423 1854 5492 suspenditur,
1887 5423 2003 5478 lan-

493 5551 508 5581 ¹
536 5557 614 5598 sts.
629 5542 998 5597 Gennauettsls:
1019 5537 1176 5597 Dives,
1199 5534 1375 5599 inquis,
1399 5535 1460 5584 de
1480 5531 1741 5596 aequitate,
1761 5532 1890 5583 dives
1903 5541 2004 5595 est;

423 5611 618 5660 omissis
638 5608 819 5664 verbis,
845 5599 1143 5667 Romuleo,
1166 5598 1296 5650 dives
1316 5601 1604 5667 est._tterunt
1625 5601 1693 5667 tu,
1714 5603 1818 5667 etc.

489 5657 646 5718 "i-iliti
664 5706 675 5722 .
703 5657 901 5728 pergens
933 5657 1008 5713 ἀτί
1041 5657 1284 5724 amjorem.
1308 5660 1491 5721 castiga
1513 5663 1604 5706 itur
1630 5658 1687 5706 ad
1714 5665 1814 5706 Mss.
1833 5657 2003 5706 sorbe-

425 5742 581 5783 Itcuut
607 5740 658 5778 ct
679 5738 833 5776 (sentt.

1652 316 1710 372 S.
1752 303 2111 371 AUGUSTINI
2154 308 2454 377 El‘iSCOPl

3597 329 3696 391 156

2114 439 2206 482 cea
2248 431 2566 498 perforatur.
2598 432 2647 488 ο
2686 436 3003 506 paupertas!
3029 439 3173 495 Ecce“
3205 448 3362 510 caput
3399 456 3691 514 pauperum

2114 532 2248 589 quos
2291 523 2504 592 requiro
2529 565 2544 589 ,
2579 525 2730 594 cujus
2767 529 3012 597 pauperis
3057 531 3352 586 membrum
3398 533 3692 590 invenimus

2113 626 2296 666 verum
2324 628 2634 684 pauperem.

2186 704 2271 759 10.
2297 703 2536 776 Pupillus
2546 707 2676 778 quis.
2693 708 2927 764 Breviter
2937 723 3236 781 qumramus
3249 714 3501 783 pupillum
3516 718 3554 770 ἐ
3571 719 3693 788 quia

2113 794 2408 867 inpaupere
2423 799 2747 868 requirendo
2763 799 2962 871 fatigati
2976 811 3178 859 sumus.
3199 804 3417 860 Domine
3428 806 3577 875 Jesu,
3593 823 3694 878 ρει-ι

2114 884 2293 953 pillum
2313 901 2517 956 qurero;
2539 888 2783 958 fatigatus
2803 893 3131 959 q’uterozcito
3161 894 3442 963 responde,
3465 905 3521 950 ut
3547 898 3694 954 inve-

2111 975 2272 1028 niam.
2303 974 2387 1028 Ne
2407 976 2561 1038 vobis.
2591 977 2776 1047 inquit,
2815 979 2996 1034 dicatis
3027 992 3222 1050 patrem
3254 983 3306 1036 in
3325 993 3457 1038 terra
3477 985 3693 1057 (Matth.

2111 1082 2262 1134 xxnt,
2279 1067 2353 1137 9)
2377 1068 2615 1138 Pupillus
2641 1070 2694 1124 in
2725 1078 2886 1136 terra,
2901 1072 3252 1128 immortalem
3272 1085 3474 1144 patrem
3491 1078 3696 1134 invenit

2113 1159 2162 1211 in
2179 1159 2334 1213 cmlo.
2355 1158 2440 1212 Ne
2457 1159 2612 1228 vobis,
2636 1161 2824 1232 inquit,
2839 1161 3020 1217 dicatis
3043 1173 3236 1232 patrem
3255 1165 3312 1219 in
3328 1175 3480 1221 terra.
3505 1168 3694 1223 IuvenA

2112 1258 2197 1303 tus
2236 1259 2319 1304 est
2352 1251 2581 1319 pupillus
2619 1251 2738 1306 iste.
2786 1251 2916 1306 Oret
2957 1253 3189 1324 pupillus
3233 1255 3370 1310 iste:
3413 1256 3697 1313 audiamus

2110 1353 2252 1403 enm,
2300 1348 2355 1394 et
2384 1339 2653 1394 imitemur
2687 1355 2830 1395 eum.
2888 1341 3017 1409 Quzc
3043 1352 3124 1397 est
3157 1343 3273 1412 ejus
3303 1347 3522 1425 ooratio?
3554 1346 3696 1413 Quo-

2111 1431 2248 1483 niam
2270 1442 2411 1500 pater
2435 1449 2574 1486 meus
2596 1442 2642 1486 et
2664 1443 2822 1487 mater
2839 1451 2949 1488 mea
2988 1435 3363 1506 dereliquerat
3389 1455 3482 1490 me.
3516 1436 3689 1504 Pater,

2111 1521 2299 1590 inquit,
2332 1538 2470 1576 meus
2502 1532 2548 1576 et
2572 1532 2732 1576 mater
2767 1540 2880 1578 mea
2914 1525 3285 1596 dereliquerunt
3303 1545 3414 1582 me:
3447 1528 3695 1583 Dominus

2109 1620 2273 1664 autem
2316 1614 2584 1684 assumpsit
2617 1631 2697 1668 me
2730 1614 2898 1685 (Psal.
2931 1632 3081 1682 XXVI,
3117 1618 3224 1689 10).
3274 1618 3329 1674 Si
3375 1635 3502 1690 ergo
3549 1620 3697 1674 beati

2111 1715 2370 1768 patmeres
2395 1702 2600 1771 spiritu,
2623 1705 2870 1772 quoniam
2900 1707 3133 1773 ipsorum
3166 1717 3246 1763 est
3272 1724 3490 1778 regnum
3517 1710 3692 1765 caelo-

2112 1804 2227 1844 rum
2256 1790 2465 1862 (Matth.
2500 1809 2555 1858 v,
2585 1791 2670 1865 '5);
2699 1793 2808 1848 Tibi
2831 1795 3096 1851 derelictus
3119 1808 3192 1852 est
3219 1816 3431 1876 pauper.
3454 1800 3510 1855 Si
3537 1810 3697 1870 pater

2109 1893 2260 1937 mens
2279 1893 2333 1936 et
2352 1892 2521 1938 mater
2540 1899 2660 1940 mea
2676 1885 3073 1956 dereliqucrunt
3100 1905 3204 1954 me,
3236 1891 3489 1947 Dominus
3507 1902 3700 1947 autem

2109 1975 2392 2044 assumpsit
2423 1990 2536 2042 me;
2573 1974 2781 2046 Pupilla
2803 1987 2856 2031 tu
2885 1981 2984 2032 eris
3005 1981 3210 2050 adjutor
3233 1985 3275 2034 '.

2635 2086 2862 2143 SERMO
2900 2089 3033 2144 xv.
3059 2091 3154 2163 (η).

2112 2195 2187 2249 De
2226 2212 2371 2251 versu
2413 2199 2448 2253 8
2500 2197 2687 2253 Psalmi
2737 2217 2882 2267 xxv,
2932 2203 3178 2270 Domine,
3225 2201 3385 2260 dilexi
3440 2207 3706 2262 decorent

2179 2288 2368 2345 domus
2393 2299 2495 2345 tua:
2514 2332 2528 2356 ,
2572 2301 2626 2346 ct
2654 2292 2826 2347 locum
2858 2293 3178 2350 tabernaculi
3207 2293 3461 2352 claritatis
3491 2301 3615 2353 tum.

2113 2400 2330 2456 Habitus
2363 2403 2416 2456 in
2439 2402 2661 2474 Regione
2689 2405 2832 2457 tertia
2851 2445 2867 2469 ,
2897 2407 2948 2458 in
2974 2405 3182 2460 basilica
3210 2409 3372 2460 sancti
3398 2406 3536 2463 Petri
3561 2405 3704 2464 Car-

2741 2494 3068 2566 thaginensis.

2176 2606 2402 2662 CAPUT
2468 2607 2752 2663 PRIMUM.
2780 2637 2854 2648 ——
2901 2609 2950 2663 l.
2992 2607 3157 2663 Decor
3214 2610 3390 2664 domus
3434 2610 3543 2666 Dei.
3589 2611 3712 2666 Ec-r

2107 2699 2256 2752 clrsia
2309 2699 2437 2751 viva.
2467 2727 2540 2738 -
2585 2699 2838 2753 Decorem
2892 2698 3084 2754 domus
3143 2701 3268 2767 Dei,
3307 2713 3360 2756 et
3398 2703 3572 2757 locum
3612 2713 3704 2758 ta-

2111 2791 2379 2845 bernaculi
2430 2790 2686 2846 claritatis
2727 2790 2846 2860 ejus
2887 2791 3193 2862 diligimus,
3245 2794 3290 2847 si
3337 2803 3392 2848 et
3439 2809 3536 2848 nos
3581 2795 3693 2864 ipsi

2109 2897 2312 2937 sumus.
2341 2881 2471 2949 Quis
2502 2890 2587 2937 est
2623 2896 2750 2952 ergo
2791 2881 2953 2938 decor
2978 2883 3171 2937 domus
3199 2883 3325 2949 Dei,
3355 2893 3408 2938 et
3435 2885 3584 2939 locus
3607 2896 3698 2938 ta-

2109 2972 2375 3027 bcrnaculi
2415 2971 2670 3027 claritatis
2713 2972 2863 3040 ejus;
2907 2973 3008 3028 nisi
3041 2973 3294 3042 templum
3324 2973 3440 3043 ejus
3477 2974 3544 3028 de
3582 2990 3701 3044 quo

2114 3063 2398 3132 Apostolus
2440 3061 2602 3129 dicit,
2651 3061 2916 3132 Templum
2961 3064 3096 3116 enim
3151 3062 3246 3116 Dei
3289 3073 3518 3118 sanctum
3579 3075 3695 3131 est,

2107 3154 2241 3223 quod
2278 3155 2396 3208 estis
2424 3170 2508 3208 vos
2535 3153 2588 3227 (Ι
2629 3153 2746 3209 Cor.
2775 3171 2858 3219 ιιι,
2894 3155 2981 3225 17)
3003 3156 3025 3208 ?
3050 3155 3197 3210 Sicut
3233 3171 3360 3226 ergo
3399 3156 3452 3210 in
3475 3155 3699 3212 fabricis

2109 3247 2454 3312 mannlactis,
2495 3262 2614 3301 cum
2642 3247 2911 3318 eleganter
2963 3256 3018 3302 et
3062 3247 3340 3318 magnifice
3366 3258 3698 3304 construun-

2110 3346 2226 3395 tur.
2271 3335 2566 3404 corporalis
2604 3345 2788 3390 noster
2826 3337 3086 3392 mulcetur
3125 3346 3408 3406 aspectus;
3457 3338 3528 3392 ita
3565 3353 3695 3393 cum

2110 3426 2310 3494 lapides
2353 3425 2492 3489 vivi,
2528 3425 2688 3481 corda
2724 3426 2958 3482 fideliqu
3000 3428 3274 3482 cbarilatis
3317 3430 3525 3484 vinculo
3559 3444 3699 3484 con-

2111 3516 2374 3581 tinentur,
2427 3516 2591 3573 decor
2637 3517 2946 3573 estdomus
2995 3518 3129 3582 Dei,
3157 3527 3210 3572 et
3242 3520 3390 3575 locus
3435 3520 3694 3575 taberna-

2107 3606 2210 3660 culi
2238 3606 2492 3660 claritatis
2517 3607 2652 3676 ejus.
2686 3607 2878 3662 Discite
2917 3623 3043 3678 ergo
3067 3609 3204 3678 quod
3236 3624 3416 3665 amare
3443 3611 3652 3666 debetis
3672 3651 3691 3678 ,

2109 3704 2166 3750 ut
2201 3711 2384 3752 ainare
2429 3697 2660 3764 possitis.
2690 3696 2792 3764 Qui
2821 3699 2962 3753 enim
3007 3698 3176 3769 diligit
3203 3698 3450 3755 decorem
3495 3701 3695 3759 domus

2111 3785 2236 3850 Dei,
2266 3802 2370 3840 non
2408 3795 2491 3841 est
2533 3786 2748 3842 dubium
2775 3788 2895 3857 quia
2925 3788 3218 3844 Ecclesium
3261 3790 3430 3860 diligit
3461 3809 3473 3844 :
3503 3808 3608 3846 non
3634 3793 3696 3848 in

2110 3875 2438 3932 fabrefactis
2463 3878 2750 3948 parietibus
2792 3888 2846 3933 et
2872 3879 3058 3946 tectis,
3107 3895 3211 3934 non
3256 3881 3308 3935 in
3349 3882 3518 3936 nitore
3547 3897 3698 3936 mar-

2109 3984 2314 4022 morum
2336 3977 2390 4024 et
2432 3969 2762 4039 laquearibus
2787 3971 2996 4035 aureis;
3027 3971 3120 4026 sed
3143 3972 3196 4026 in
3224 3972 3524 4028 hominibus
3553 3973 3694 4029 ﬁde-

2110 4058 2274 4122 libus,
2310 4059 2505 4112 sanctis
2525 4099 2542 4125 ,
2588 4059 2755 4115 Deum
2775 4059 3113 4130 diligentibus
3141 4077 3205 4115 ex
3229 4071 3338 4116 toto
3363 4063 3524 4118 corde
3554 4079 3654 4118 suo
3673 4102 3691 4131 .

2109 4159 2161 4200 et
2185 4163 2247 4202 ex
2272 4156 2378 4202 tota
2400 4149 2575 4202 anima
2602 4163 2696 4204 sua
2717 4190 2731 4214 ,
2753 4159 2810 4204 et
2827 4166 2894 4204 cx
2920 4159 3026 4204 tota
3049 4161 3226 4206 mente
3247 4166 3340 4206 sua
3360 4195 3375 4218 ,
3404 4163 3458 4208 et
3503 4155 3692 4224 prosi-

2109 4253 2252 4291 mnm
2291 4254 2442 4293 suum
2473 4247 2722 4310 tauquam
2741 4240 2992 4309 seipsum.

2178 4329 2403 4385 CAPUT
2442 4330 2502 4385 ll.
2526 4359 2597 4371 —
2615 4331 2671 4386 2.
2695 4331 2950 4386 Numerus
2979 4341 3024 4386 et
3048 4350 3198 4403 super
3229 4352 3510 4389 numerum.
3553 4335 3694 4390 Vasa

2109 4421 2160 4474 in
2209 4423 2482 4488 honorent,
2539 4439 2660 4478 vasa
2693 4424 2748 4477 in
2793 4425 3162 4479 contumeliam.
3213 4425 3318 4482 Sed
3361 4427 3412 4480 in
3464 4443 3694 4498 congre-

2108 4516 2320 4584 gatione
2345 4515 2631 4570 christiana
2653 4557 2669 4582 ,
2699 4524 2953 4586 quantum
2983 4519 3213 4585 pertinet
3235 4518 3302 4572 ad
3334 4519 3695 4589 participatio-

2111 4622 2233 4661 nem
2268 4614 2324 4661 et
2354 4607 2785 4662 communionem
2824 4605 3319 4672 Sacramentorum,
3357 4609 3693 4678 multiplicati

2110 4707 2233 4752 sunt
2273 4713 2432 4767 super
2480 4713 2758 4752 numerum
2813 4696 2982 4769 (Psal.
3037 4715 3230 4765 χχιιι,
3289 4698 3368 4769 6).
3421 4701 3570 4755 Alius
3608 4712 3695 4757 cst

2110 4803 2237 4858 ergo
2267 4802 2558 4842 numerus:
2590 4787 2678 4841 alii
2725 4803 2888 4856 super
2937 4804 3237 4843 numerum.
3270 4789 3533 4844 Numerus
3574 4801 3692 4854 est.

2110 4879 2176 4934 de
2207 4878 2393 4948 quibus
2421 4877 2550 4932 dicit
2593 4878 2913 4947 Apostolus,
2965 4877 3121 4933 Nouit
3161 4879 3408 4933 Dominus
3450 4882 3535 4950 qui
3574 4893 3694 4936 sunt

2109 4971 2238 5040 ejus.
2281 4968 2453 5039 Super
2478 4983 2755 5023 numerum
2809 4977 2985 5024 autem
3038 4989 3051 5024 :
3099 4969 3349 5035 Quoniam
3400 4973 3454 5025 in
3505 4989 3694 5043 magna

2110 5059 2259 5112 domo
2283 5075 2381 5110 non
2410 5058 2574 5111 solum
2617 5073 2735 5110 vasa
2782 5069 2897 5112 sunt
2927 5076 3079 5114 aurea
3122 5070 3167 5113 et
3205 5073 3475 5131 argentea,
3506 5065 3597 5117 sed
3641 5075 3693 5119 et

2111 5151 2276 5219 lignea
2301 5159 2343 5203 et
2373 5150 2587 5219 ﬁctilia;
2617 5151 2719 5203 alia
2753 5149 2950 5221 quidem
2985 5151 3036 5204 in
3062 5152 3297 5205 honorem
3321 5192 3337 5219 ,
3369 5155 3471 5207 alia
3499 5160 3550 5208 in
3569 5172 3692 5210 con-

2111 5236 2364 5294 tumeliam
2410 5241 2474 5312 (ll
2509 5241 2638 5296 Tim.
2671 5259 2738 5307 ιι,
2790 5243 2888 5304 10.
2929 5243 3046 5313 ‘20).
3073 5244 3333 5300 Numerus
3359 5261 3514 5316 ergo,
3563 5263 3692 5303 vasa

2176 5437 2187 5500 ξ
2215 5433 2374 5500 codex
2391 5446 2460 5483 cs.
2483 5446 2495 5482 :
2519 5433 2730 5500 Bret'iter
2747 5447 2873 5500 mnu:
2895 5448 3167 5500 quaeramus
3189 5435 3440 5500 pupillum.

2173 5498 2191 5561 ἲ
2217 5494 2349 5561 (lim.
2377 5504 2429 5561 et
2449 5502 2556 5544 Lov.
2576 5497 2756 5546 addunt
2775 5494 3064 5546 clausulam:
3085 5494 3326 5560 conuersi,
3352 5507 3468 5558 etc.,
3492 5511 3603 5561 quae
3626 5499 3690 5548 ab

2110 5557 2215 5606 aliis
2234 5556 2366 5606 libris
2380 5559 2537 5605 abest.

2176 5641 2191 5654 ‘
2219 5640 2503 5702 Recognitus
2526 5639 2573 5687 in
2599 5638 2734 5690 libris
2755 5653 2823 5689 cs.
2848 5639 2908 5688 cl.
2931 5655 3005 5704 gr.
3035 5648 3134 5691 Am.
3156 5647 3229 5691 Er.
3257 5641 3391 5691 me.
3419 5648 3522 5691 Par.
3545 5648 3658 5692 ιον.

2175 5721 2244 5781 (n)
2270 5720 2407 5780 Alias,
2430 5719 2493 5768 de
2510 5728 2743 5782 Tempore
2766 5718 2871 5770 1‘54.
