4024 6202
273 327 378 384 H7

281 437 333 490 in
351 434 610 490 honorem
641 451 658 487 :
684 447 846 502 super
871 445 1180 496 numerum,
1213 445 1341 485 vasa
1370 429 1422 484 in
1455 427 1856 484 contumeliam.

271 528 402 583 Cum
436 540 570 596 ergo
607 525 717 580 sint
763 525 860 577 ista
905 523 1012 578 duo
1038 538 1232 593 genera
1280 536 1560 584 vasorum,
1605 517 1858 589 numquid

274 620 580 675 dubitamus
635 617 722 672 ubi
765 616 836 672 sit
882 615 1044 672 decor
1102 614 1291 670 domus
1337 613 1463 668 Dei?
1505 611 1563 668 Si
1606 625 1736 682 ergo
1780 611 1862 665 vis

273 712 524 782 diligere,
587 722 755 779 gens
821 707 961 778 quod
1025 706 1248 760 eautasti
1279 746 1294 770 ,
1357 703 1608 759 decorem
1669 701 1860 757 domus

276 805 367 859 Dei
397 804 453 869 ¹,
505 813 559 856 et
606 801 782 855 locum
828 799 1150 854 tabernaculi
1195 797 1452 853 claritatis
1492 796 1642 863 ejus;
1682 809 1861 866 qttzerc

279 911 401 947 vasa
432 895 483 947 in
535 895 820 948 honorem.
870 889 939 946 Et
967 892 1089 945 nolo
1135 888 1607 957 dicas,Qua:sivi,
1659 897 1713 944 et
1755 901 1858 941 non

279 984 473 1038 inveni.
515 984 641 1038 Ideo
682 983 830 1039 enim
875 983 1147 1053 quasisd,
1175 991 1228 1036 et
1268 979 1690 1044 noniuveuisti,
1733 979 1855 1048 quia

272 1077 409 1146 quod
441 1074 682 1145 (ιιιεείεή
728 1084 784 1129 ιιι
829 1089 936 1128 non
963 1073 1130 1127 fuisti.
1160 1071 1359 1127 Similis
1386 1071 1543 1125 simili
1593 1069 1856 1134 cohasrct,

270 1168 544 1222 dissimilis
569 1166 886 1221 dissimilem
927 1164 1136 1235 refugit.
1167 1164 1219 1220 Si
1267 1162 1430 1217 tueris
1458 1177 1552 1215 vas
1579 1162 1644 1214 in.
1675 1171 1862 1214 contu-

270 1259 517 1320 meliam,
568 1257 755 1326 procul
805 1255 970 1310 dabio
1017 1271 1110 1308 vas
1153 1255 1204 1308 in
1249 1255 1505 1326 honorem
1555 1266 1719 1322 grave
1767 1250 1857 1302 tibi

270 1351 372 1405 erit
396 1361 451 1404 et
475 1348 542 1403 ad
583 1348 889 1403 videndum.
916 1346 1030 1401 Non
1065 1343 1217 1400 audis
1248 1342 1514 1414 quomodo
1543 1341 1755 1412 quidam
1795 1341 1861 1395 de

268 1445 506 1512 quodam
557 1443 767 1505 dicant,
798 1439 979 1496 Gravis
1013 1439 1155 1492 nobis
1195 1446 1266 1492 est
1305 1437 1456 1491 etiam
1488 1438 1554 1489 ad
1591 1434 1862 1488 videndum

271 1536 431 1604 (Sep.
469 1551 534 1597 ιι,
571 1534 698 1602 15)?
749 1532 903 1600 Quod
955 1531 1046 1588 tibi
1096 1545 1259 1600 grave
1299 1538 1382 1583 est
1429 1527 1494 1581 ad
1543 1525 1856 1590 videndum,

269 1624 488 1692 quando
533 1623 636 1677 erit
681 1631 921 1691 apertum
964 1621 1030 1675 ad
1079 1618 1490 1675 inveniendum?
1538 1616 1674 1671 Vasa
1719 1615 1858 1672 enim

271 1716 371 1768 ista
394 1757 411 1781 ,
444 1714 754 1768 interiorum
797 1712 1073 1767 hominum
1100 1719 1245 1764 sunt.
1280 1708 1394 1764 Non
1420 1708 1600 1778 utique
1626 1721 1746 1761 cum
1787 1706 1862 1757 vi-

272 1822 368 1861 sus
434 1806 597 1862 fuerit
622 1806 838 1876 justus,
873 1805 982 1874 jam
1011 1804 1318 1874 agnoscitur
1356 1801 1551 1872 justus.
1597 1797 1860 1854 Eumdem

271 1908 549 1967 aspectum
574 1897 734 1951 habet
760 1904 816 1952 et
839 1896 1014 1965 justus
1037 1904 1094 1949 et
1119 1895 1382 1963 injustus:
1414 1901 1634 1960 uterque
1665 1890 1823 1944 homo
1842 1931 1857 1956 ,

273 1988 361 2042 sed
387 2004 495 2042 non
545 1997 769 2057 uterque
812 1986 1004 2040 domus
1051 1985 1166 2039 Dei.
1199 1985 1270 2038 Et
1313 1983 1360 2036 si
1389 1981 1548 2036 ambo
1587 1978 1860 2036 christiani

272 2080 630 2149 appellantur,
657 2087 936 2148 utrumque
957 2091 1069 2142 vas,
1092 2075 1185 2130 sed
1206 2091 1310 2148 non
1329 2083 1612 2143 utrumque
1633 2073 1683 2126 in
1704 2071 1862 2125 hono-

274 2187 422 2234 rem;
451 2170 548 2224 sed
588 2171 731 2222 aliud
755 2169 813 2222 in
865 2167 1156 2229 honorem,
1185 2165 1325 2219 aliud
1371 2164 1422 2217 in
1461 2162 1857 2218 contumeliam.

340 2260 568 2316 CAPUT
611 2260 697 2315 Ill.
724 2290 797 2299 -—-
826 2258 880 2314 3.
915 2257 1167 2312 Malorum
1193 2268 1263 2310 cst
1295 2255 1425 2309 male
1449 2255 1519 2306 uti
1547 2254 1687 2308 bonis
1709 2268 1728 2317 ,'
1769 2251 1862 2306 Dci

277 2363 469 2418 contra,
492 2353 618 2406 bene
661 2353 733 2405 uti
773 2351 941 2405 malis.
995 2349 1187 2403 Animw
1215 2348 1459 2403 adulterat
1482 2354 1527 2401 et
1551 2345 1857 2417 fornicariw.

275 2444 540 2512 Numquid
564 2454 780 2512 pr0pter
796 2442 932 2496 mala
959 2456 1081 2495 vasa
1103 2439 1393 2495 deserenda
1419 2447 1502 2494 est
1538 2439 1727 2492 domus
1755 2452 1865 2489 Ina-

280 2537 409 2604 gna?
429 2535 591 2590 Novit
613 2536 753 2590 Deus
780 2536 873 2599 uti,
895 2533 945 2588 id
965 2543 1046 2590 est
1073 2534 1327 2587 Dominus
1347 2547 1550 2603 magna:
1570 2531 1759 2586 domus
1774 2574 1788 2593 ,
1811 2539 1865 2584 et

280 2629 413 2681 vasis
437 2628 489 2681 in
519 2627 778 2682 honorem
804 2669 820 2691 ,
848 2636 902 2682 et
924 2626 1062 2680 vasis
1084 2627 1132 2679 in
1155 2625 1550 2680 contumeliam.
1575 2625 1741 2680 Sicuti
1781 2633 1865 2679 cst

279 2722 539 2774 malorum
570 2719 711 2773 male
734 2721 807 2774 uti
841 2720 998 2773 etiam
1031 2720 1209 2783 bouis;
1234 2719 1311 2774 sic
1333 2734 1363 2774 e
1387 2728 1570 2774 centra
1605 2717 1700 2772 Dei
1728 2718 1864 2773 bene

283 2811 350 2862 uti
376 2809 542 2863 etiam
565 2809 741 2864 malis.
788 2809 1012 2876 Quantis
1050 2808 1206 2864 bonis
1235 2818 1452 2864 uttutlur
1492 2809 1650 2864 mali?
1678 2807 1865 2863 Omnis

275 2900 414 2954 enim
435 2909 683 2954 creatura
703 2899 797 2954 Dei
823 2899 960 2952 bona
982 2909 1063 2954 est
1083 2899 1126 2969 (1
1149 2897 1282 2952 Tim.
1314 2915 1363 2952 IV
1377 2938 1394 2964 ,
1413 2899 1490 2969 ι).
1506 2897 1783 2966 Quomodo
1801 2912 1864 2953 ea

259 2989 411 3044 'male
428 3001 650 3044 utuntur
674 2991 840 3044 mali?
859 2989 1138 3056 Quomodo
1172 3005 1266 3044 eos
1284 2990 1521 3059 increpat
1561 2989 1860 3059 Scriptura,

280 3079 460 3134 dicens
483 3121 498 3144 ,
537 3079 733 3145 Pctitis,
763 3089 807 3134 et
837 3097 938 3134 non
967 3081 1224 3149 accipitis,
1250 3096 1306 3133 eo
1324 3079 1458 3150 quod
1487 3079 1618 3133 male
1644 3080 1822 3149 petatis
1846 3120 1862 3146 ,

281 3181 333 3222 ut
373 3172 427 3224 in
471 3173 893 3239 concupiscentiis
930 3172 1102 3226 restris
1145 3172 1428 3226 insumatis.
1471 3170 1622 3239 Quod
1670 3185 1864 3225 nomen

283 3272 606 3330 acceperunt
659 3263 746 3316 isti
775 3264 916 3317 male
959 3271 1166 3317 utentes
1207 3262 1361 3317 bonis
1408 3263 1540 3318 Dei?
1569 3262 1858 3333 Sequitur,

281 3363 333 3406 et
357 3353 515 3416 dicit,
542 3353 796 3407 Adultcri.
818 3352 975 3409 Unde
995 3354 1252 3408 adulteri?
1283 3352 1502 3408 Nescitis
1532 3354 1650 3424 quia
1673 3354 1864 3408 amicus

282 3443 432 3512 ltnjus
476 3443 693 3510 mundi,
740 3443 974 3497 inimicus
1019 3442 1124 3498 Deo
1161 3444 1480 3499 constituitur
1527 3443 1727 3515 (Jacobi
1773 3460 1861 3510 tv,

277 3533 346 3597 5,
372 3534 427 3603 ι)
448 3534 473 3586 ?
503 3534 767 3602 Adulteri,
799 3535 986 3604 inquit.
1031 3534 1172 3590 Sunt
1192 3537 1386 3590 anima:
1413 3535 1700 3604 adulterae,
1743 3545 1866 3591 sunt

282 3623 580 3678 fornicarize
606 3642 621 3676 :
663 3623 1010 3679 discutiamus
1035 3640 1146 3680 eas.
1167 3626 1488 3681 Fornicarite
1511 3626 1704 3681 anima:
1715 3634 1861 3694 sunt,

283 3715 460 3772 multis
510 3714 615 3769 diis
664 3715 815 3770 falsis
861 3716 1092 3786 quodam
1125 3717 1282 3770 modo
1321 3717 1614 3787 prostituta:
1652 3735 1665 3770 :
1710 3717 1863 3772 adul-

282 3816 404 3860 tera:
441 3818 655 3871 autem,
705 3815 957 3876 tanquam
1003 3807 1240 3877 legitimo
1277 3809 1388 3876 jam
1419 3808 1663 3879 conjugio
1699 3823 1866 3879 copu-

281 3898 396 3949 lata:
415 3939 432 3962 ,
459 3909 514 3952 et
536 3898 636 3966 ipsi
681 3898 917 3968 legitimo
941 3899 1189 3968 conjugio
1214 3913 1320 3953 non
1361 3908 1636 3954 servantes
1673 3899 1865 3955 anima:

281 3991 602 4045 castitatem.
631 3988 701 4046 [lt
741 3999 920 4044 autent
959 3990 1060 4046 hoc
1101 3991 1274 4045 dicam
1299 3992 1632 4062 expressius,
1675 3993 1862 4064 pagani

281 4082 456 4134 anima
516 4079 800 4136 fornicaria
830 4089 951 4146 est,
982 4081 1256 4136 christiani
1289 4082 1415 4136 mali
1451 4081 1710 4137 adultera.
1762 4083 1863 4138 Pa-

279 4172 396 4240 gani
422 4171 608 4225 anima
645 4171 932 4227 fornicaria
952 4213 968 4238 ,
997 4173 1288 4243 legitimum
1324 4174 1492 4228 virum
1523 4189 1628 4230 non
1660 4174 1820 4230 habet
1845 4217 1860 4242 ,

280 4277 372 4328 per
408 4261 626 4316 diversa
672 4261 938 4316 daemonia
984 4263 1262 4332 prostituta
1293 4265 1652 4334 corrumpitur
1679 4281 1692 4317 :
1717 4263 1862 4320 chri-

283 4353 434 4406 stiani
463 4361 646 4406 autem
679 4353 802 4406 mali
827 4369 990 4423 quare
1023 4353 1258 4409 adultera
1281 4355 1400 4409 est?
1428 4355 1557 4422 Quia
1582 4370 1679 4412 nec
1705 4357 1866 4412 casti-

286 4455 440 4500 tatem
485 4446 686 4516 diligit,
732 4462 828 4502 nec
871 4448 1038 4502 virum
1085 4448 1305 4503 deserit.
1355 4447 1468 4503 Non
1515 4463 1646 4519 ergo
1677 4449 1862 4518 dicas,

287 4539 451 4601 Quare
481 4547 609 4590 situt
649 4537 734 4591 isti
763 4537 813 4590 in
839 4537 999 4594 domo
1035 4538 1160 4592 Dei?
1182 4538 1551 4607 Respondetur
1577 4539 1699 4605 tibi,
1727 4539 1863 4596 Vasa

285 4637 402 4680 sunt
435 4629 488 4680 in
518 4629 918 4682 contumeliam.
951 4628 1108 4682 Novit
1144 4629 1223 4683 eis
1258 4630 1331 4683 uti
1355 4629 1494 4685 Deus
1526 4646 1540 4682 :
1574 4646 1679 4684 non
1721 4639 1866 4686 errat

279 4719 637 4788 quiereavit;
668 4720 918 4791 quoniam
967 4721 1058 4790 qui
1102 4722 1269 4791 potuit
1291 4736 1507 4788 creare,
1541 4723 1688 4777 novit
1723 4723 1867 4778 ordi-

281 4829 410 4869 nare
453 4833 470 4868 :
516 4813 715 4868 habent
749 4814 801 4868 in
827 4814 991 4870 domo
1032 4829 1219 4885 magna
1266 4815 1439 4871 locum
1483 4831 1657 4870 suum.
1687 4814 1744 4870 Si
1773 4831 1866 4870 au—

279 4915 385 4960 tem
412 4921 627 4976 quatras
661 4922 691 4960 a
729 4922 846 4973 me,
895 4907 1165 4978 quomodo
1204 4908 1285 4964 eis
1313 4909 1448 4965 bene
1475 4918 1654 4964 utatur
1681 4909 1821 4965 Deus
1848 4926 1862 4962 :

278 4996 480 5061 fateor,
531 4997 626 5052 Dei
672 4999 990 5064 consilium,
1037 5000 1174 5055 sicut
1213 4999 1406 5064 homo,
1451 5001 1719 5070 explicare
1761 5017 1865 5056 non

280 5104 528 5158 possntm
551 5087 684 5144 Novi
703 5089 846 5145 enim
877 5105 998 5144 cum
1029 5091 1193 5146 Paulo
1217 5091 1461 5160 apostolo
1485 5105 1863 5162 expavescere,

279 5182 422 5250 quod
444 5182 609 5237 etiam
639 5183 726 5238 ille
758 5198 880 5238 cum
909 5183 1302 5251 consideraret,
1335 5188 1580 5254 expavit,
1607 5194 1662 5240 et
1700 5201 1865 5256 expa-

277 5287 500 5329 vescens
543 5274 862 5329 exclamavit
901 5292 913 5328 :
958 5275 1003 5329 ι)
1043 5273 1261 5329 altitudo
1286 5276 1571 5330 divitiarum
1611 5277 1869 5347 sapientia:

275 5375 324 5418 et
349 5365 576 5418 scientiis
602 5363 733 5420 Dei!
777 5383 931 5437 quam
972 5365 1316 5420 inscrutabilia
1354 5376 1470 5420 sunt
1495 5367 1696 5437 judicia
1718 5368 1830 5438 ejus
1849 5410 1865 5433 ,

275 5467 325 5511 et
353 5456 726 5528 Migabiks
770 5460 864 5512 cia
905 5459 1050 5528 ejus!
1092 5458 1221 5523 Quis
1249 5459 1383 5512 enim
1409 5461 1639 5530 cognovit
1666 5477 1868 5515 sensum

281 5545 530 5602 Domini?
568 5557 656 5601 aut
693 5549 804 5618 quis
833 5549 1153 5603 consiliarius
1180 5549 1289 5618 eius
1315 5550 1450 5618 fuit?
1471 5559 1556 5602 aut
1582 5550 1694 5619 quis
1731 5551 1869 5621 prior

335 5683 351 5714 ι
371 5683 541 5752 podex
557 5695 675 5752 est}.
691 5683 740 5733 si
761 5696 877 5752 ergo
899 5683 966 5733 ris
997 5684 1217 5752 diligere,
1243 5684 1461 5752 sic‘cnitn
1481 5685 1585 5750 agis
1608 5686 1735 5751 quod
1758 5701 1870 5739 can-

271 5744 381 5794 tati
395 5758 413 5806 ;
434 5738 480 5790 si
498 5745 566 5797 ris
585 5744 790 5808 diligere
814 5738 1034 5796 decorem
1060 5738 1225 5798 domus
1249 5748 1349 5798 vei.

1723 311 1955 371 SERBIO
1992 313 2110 373 XV.

3449 328 3552 383 U3

1972 429 2107 483 dedit
2133 429 2242 494 illi,
2289 439 2336 484 et
2378 431 2677 486 rctribuetnr.
2713 434 2802 487 ei?
2833 433 3082 501 Quoniam
3133 453 3194 491 ea:
3242 437 3350 505 ipso
3377 448 3424 492 et
3463 457 3548 507 per

1967 521 2131 586 ipsum
2165 531 2211 574 et
2262 520 2312 574 in
2355 522 2464 592 ipso
2511 533 2626 576 sunt
2677 525 2848 578 omnia
2877 541 2895 578 :
2926 525 3031 593 ipsi
3075 527 3237 596 gloria
3275 529 3326 580 in
3365 531 3550 582 siccata

1966 611 2260 664 swculornm
2283 611 2438 681 (Rom
2485 629 2537 666 ιι
2559 655 2573 676 ,
2601 613 2818 684 55-56).
2860 614 3020 671 Nobis
3044 615 3426 679 consideratio,
3454 617 3552 672 ad-

1968 701 2206 766 miratio,
2239 712 2476 769 tremor,
2510 704 2824 760 exclamatio
2856 706 3012 775 :quia
3055 707 3194 760 nulla
3227 708 3541 776 penetralia.

1969 793 2066 862 Ipsi
2093 805 2266 849 autem
2297 796 2460 866 quid?
2487 795 2661 850 Gloria
2681 797 2736 852 in
2761 798 2948 852 secula
2970 799 3288 853 saeculorum.
3322 799 3446 854 Sive
3474 800 3544 860 de

1964 887 2104 940 vasis
2137 888 2186 940 in
2214 886 2468 942 honorem
2487 930 2500 952 ,
2530 887 2644 942 sive
2672 887 2740 943 de
2765 889 2904 943 vasis
2931 887 2983 942 in
3014 889 3392 944 contumeliam
3417 930 3432 954 ,
3465 892 3546 961 ip—

1963 977 2007 1028 si
2055 977 2222 1047 gloria
2253 978 2303 1031 in
2334 981 2520 1032 siccata
2564 979 2883 1033 sa'culorunt.
2928 979 3076 1034 Alios
3111 991 3366 1046 coronat,
3413 982 3546 1038 alios

1963 1068 2215 1136 damnat,
2239 1085 2497 1140 nusquam
2532 1079 2676 1132 errat
2705 1069 2875 1125 :alios
2911 1070 3130 1141 probat,
3159 1069 3228 1126 de
3271 1072 3390 1126 aliis
3418 1088 3548 1140 pro-
3589 1125 3596 1132 _

1966 1161 2053 1214 bat
2073 1203 2086 1223 ,
2116 1177 2301 1217 omnes
2328 1163 2554 1218 ordinat.

2035 1251 2264 1307 CAPUT
2301 1251 2389 1307 lV.
2420 1255 2563 1308 —4.
2592 1255 2671 1308 Ad
2712 1254 2833 1327 quid
2885 1255 3007 1308 mali
3047 1256 3097 1308 in
3155 1257 3362 1308 mumlo.
3409 1255 3546 1323 Quid

1966 1341 2194 1409 faciunt,
2257 1344 2460 1414 inquit,
2525 1345 2575 1399 in
2641 1346 2742 1400 hoc
2801 1347 2999 1401 mundo
3069 1347 3312 1402 homines
3375 1347 3549 1402 ntali?

1967 1437 2245 1508 Responde
2291 1439 2456 1504 mihi,
2503 1441 2553 1495 in
2597 1439 2811 1496 fornace
2835 1442 3067 1496 aurilicis
3117 1441 3264 1510 palea
3295 1441 3420 1512 quid
3468 1441 3546 1496 la-

1963 1529 2067 1582 cit?
2099 1530 2232 1583 Puto
2262 1546 2364 1585 non
2398 1531 2464 1587 ibi
2499 1546 2618 1587 esse
2651 1532 2764 1587 sine
2787 1548 2945 1586 causa
2982 1533 3216 1602 paleam,
3245 1531 3331 1586 ubi
3358 1549 3548 1588 aurum

1968 1630 2238 1688 purgatur.
2276 1620 2557 1677 Videamus
2587 1637 2707 1692 quae
2736 1621 2804 1676 ibi
2833 1622 2938 1677 sint
2960 1623 3137 1677 omnia
3171 1639 3184 1675 :
3215 1622 3402 1677 foruax
3434 1633 3546 1689 est,

1966 1709 2114 1777 palea
2145 1718 2252 1776 est,
2288 1725 2474 1765 aurum
2498 1720 2576 1766 est
2598 1753 2612 1777 ,
2644 1711 2778 1782 ignis
2801 1720 2914 1778 est,
2943 1711 3134 1767 artifex
3165 1721 3249 1767 est
3281 1730 3294 1766 :
3323 1711 3418 1768 sed
3455 1713 3546 1767 illa

1966 1801 2098 1860 tria.
2145 1816 2368 1864 aurum,
2419 1801 2596 1871 palea,
2641 1801 2810 1872 ignis.
2845 1803 2896 1857 in
2939 1803 3187 1870 fornace;
3215 1803 3439 1869 artifex,
3479 1805 3548 1860 ad

1967 1890 2253 1946 fornacem.
2300 1890 2528 1946 Attende
2567 1893 2726 1946 etiam
2770 1893 2928 1946 istum
2967 1892 3223 1950 mundutn
3269 1911 3284 1948 :
3317 1875 3548 1951 mundus

1967 1981 2149 2036 fornax
2179 1993 2293 2048 est;
2336 1985 2512 2054 palea,
2561 1983 2806 2040 homines
2847 1983 3005 2050 tnali;
3039 1999 3254 2051 aurum,
3307 1985 3550 2040 homines

1967 2071 2117 2133 houi;
2145 2073 2300 2144 ignis,
2321 2075 2588 2130 tribulatio
2607 2093 2620 2140 ;
2639 2076 2852 2142 artifex,
2877 2075 3035 2130 Deus.
3053 2075 3284 2131 Attende
3310 2086 3366 2131 et
3390 2075 3544 2132 vide:

1965 2180 2150 2217 aurtun
2170 2179 2272 2218 non
2294 2174 2544 2234 purgatur
2566 2208 2581 2231 ,
2604 2167 2648 2220 si
2665 2165 2813 2234 palea
2845 2183 2948 2221 non
2971 2175 3173 2220 uratur.
3210 2165 3340 2221 Vide
3362 2181 3551 2221 aurum

1967 2255 2019 2308 in
2041 2254 2142 2309 hoc
2163 2255 2276 2325 ipso
2295 2257 2497 2325 psalmo
2516 2297 2532 2323 ,
2553 2257 2642 2312 ubi
2662 2257 2930 2328 diligimus
2943 2257 3191 2313 decorem
3207 2257 3398 2314 domus
3423 2258 3550 2326 Dei;

1964 2357 2020 2401 et
2065 2347 2237 2401 locum
2271 2347 2592 2404 tabernaculi
2617 2348 2873 2404 claritatis
2913 2349 3048 2419 ejus.
3078 2347 3210 2405 Vide
3243 2349 3313 2404 ibi
3339 2365 3550 2418 aurum,

1967 2437 2086 2493 vide
2113 2453 2296 2494 vocem
2333 2440 2481 2505 auri;
2516 2441 2726 2510 purgari
2769 2441 2917 2511 cupit
2947 2457 2962 2494 :
2993 2438 3164 2495 Proba
3209 2458 3320 2508 me,
3374 2441 3554 2496 Domi-

1967 2545 2056 2595 ne,
2079 2539 2124 2583 et
2159 2539 2295 2583 tenta
2325 2547 2438 2596 me;
2469 2547 2558 2585 ure
2602 2547 2744 2585 renes
2787 2547 2922 2586 meos
2959 2540 3006 2586 et
3035 2548 3123 2586 cor
3160 2549 3345 2587 meum.
3384 2533 3554 2588 Proba

1969 2637 2075 2688 me,
2134 2622 2335 2691 inquit,
2365 2622 2608 2692 Domine,
2639 2633 2684 2678 et
2707 2633 2842 2679 tenta
2883 2641 2980 2679 nte.
3009 2623 3112 2691 Qui
3155 2625 3343 2682 timere
3369 2625 3555 2681 debuit

1971 2712 2345 2778 teutationom,
2390 2715 2521 2784 petit
2560 2715 2931 2770 tentationcm.
2978 2713 3150 2770 Proba
3193 2732 3298 2783 me,
3347 2716 3551 2786 inquit,

1971 2803 2212 2871 Domine,
2245 2816 2290 2860 et
2311 2815 2446 2860 tenta
2474 2823 2570 2862 me.
2599 2807 2666 2862 Et
2707 2807 2828 2864 vide
2876 2808 2924 2863 si
2967 2823 3071 2864 non
3126 2808 3549 2880 igncntquzerit;

1972 2892 2142 2948 Proba
2163 2913 2241 2950 me
2257 2938 2272 2962 ,
2294 2905 2340 2950 et
2363 2906 2496 2951 tenta
2518 2914 2629 2961 nte;
2649 2915 2738 2952 ttrc
2755 2915 2897 2953 rencs
2917 2913 3051 2952 meos
3077 2908 3122 2952 et
3135 2915 3223 2952 cor
3238 2915 3420 2953 meum.
3437 2898 3552 2955 Non

1971 2984 2126 3039 times
2155 3001 2222 3040 ne
2266 2987 2316 3040 iu
2345 2987 2468 3058 igne
2504 2986 2766 3043 delicias?
2792 2987 2938 3056 Non,
2963 2987 3151 3057 inquit.
3183 2987 3391 3055 Quare?
3422 2988 3552 3056 Quia

1971 3076 2314 3132 misericordia
2333 3088 2422 3132 tua
2444 3089 2563 3134 ante
2586 3080 2759 3135 oculos
2781 3097 2916 3134 meos
2941 3090 3012 3134 est
3030 3079 3197 3152 (Psal.
3221 3095 3351 3143 xxv,
3375 3081 3411 3133 2
3427 3122 3440 3144 ,
3471 3080 3551 3151 3).

1972 3167 2130 3234 Ecce,
2156 3169 2342 3240 inquit,
2365 3186 2531 3241 quare
2555 3186 2773 3228 securus
2787 3171 2907 3227 dico
2922 3214 2936 3239 ,
2987 3172 3155 3227 Proba
3175 3189 3254 3227 me
3271 3215 3286 3240 ,
3315 3171 3552 3238 Domine,

1969 3270 2013 3314 et
2034 3272 2169 3317 tenta
2189 3279 2302 3330 me;
2323 3280 2412 3318 ure
2438 3281 2580 3320 renes
2597 3282 2732 3321 meos
2756 3275 2804 3320 et
2827 3282 2914 3321 cor
2932 3283 3096 3320 meum
3116 3283 3135 3320 :
3155 3282 3260 3321 non
3276 3271 3398 3337 quia
3437 3265 3554 3321 ido-

1971 3368 2102 3408 neus
2127 3369 2242 3408 sum
2265 3355 2464 3410 viribus
2481 3356 2613 3411 meis
2634 3357 2807 3427 ignem
2826 3357 3091 3414 suStincre
3107 3357 3429 3421 tentationis,
3460 3356 3555 3411 scd

1968 3445 2084 3513 quia
2105 3445 2448 3501 misericordia
2467 3455 2554 3501 tua
2571 3459 2690 3501 ante
2716 3448 2888 3502 oculos
2908 3464 3042 3502 meos
3061 3458 3152 3502 est.
3173 3447 3271 3516 Qui
3307 3447 3458 3509 tnihi,
3477 3447 3558 3500 in-

1968 3536 2102 3604 quit,
2143 3535 2350 3591 donasti
2379 3547 2435 3591 ut
2477 3553 2664 3592 aurqu
2695 3539 2972 3606 probatum
3000 3553 3205 3602 essem,
3254 3538 3305 3590 iu
3337 3536 3554 3592 fornace

1971 3642 2054 3680 me
2075 3627 2250 3696 perire
2264 3627 2565 3698 permittis?
2587 3629 2813 3682 Prorsus
2839 3627 3004 3684 mittis
3023 3628 3349 3698 purgandum
3366 3667 3381 3692 ,
3406 3625 3555 3695 ejicis

1969 3726 2266 3788 purgatum.
2299 3718 2556 3773 Custodiat
2585 3719 2828 3772 Dominus
2848 3718 3105 3772 introitum
3125 3727 3264 3771 tuum
3291 3727 3338 3772 ct
3361 3717 3553 3772 exitum

1968 3818 2111 3862 tuum
2158 3808 2327 3881 (Psal.
2358 3825 2467 3864 cxx
2488 3852 2503 3876 ,
2534 3807 2611 3884 8).
2646 3808 2778 3864 Vide
2819 3809 2992 3879 ipsum
3032 3809 3232 3864 exitum
3257 3849 3274 3875 ,
3307 3808 3428 3864 vide
3468 3809 3554 3864 in-

1967 3917 2209 3972 gressum
2237 3902 2302 3960 in
2321 3903 2609 3958 fornacem.
2637 3901 2798 3956 Omne
2831 3899 3076 3972 gaudium
3099 3900 3380 3954 existimate
3399 3941 3413 3965 ,
3442 3904 3554 3970 fra-

1969 4004 2070 4050 tres
2097 3995 2227 4061 mei,
2260 4012 2375 4049 cunt
2420 3996 2473 4049 in
2516 3994 2811 4050 tentationes
2852 3993 3017 4047 varias
3055 3991 3329 4046 incideritis
3349 3989 3555 4062 (Jacobi

1971 4101 2023 4150 ι,
2055 4086 2134 4156 2).
2167 4086 2302 4141 Ecce
2344 4085 2542 4140 audisti
2593 4086 2925 4155 ingressum,
2969 4096 3150 4152 quazre
3188 4081 3410 4137 exitum.
3455 4079 3554 4134 Fa-

1967 4179 2070 4235 cile
2092 4179 2232 4234 enim
2262 4189 2345 4233 est
2374 4178 2570 4234 intrare
2593 4195 2610 4230 :
2633 4177 2780 4232 exire
2801 4189 3052 4246 magnum
3076 4183 3176 4229 est.
3201 4173 3305 4228 Sed
3336 4173 3444 4228 noti
3483 4177 3552 4227 ti-

1969 4284 2114 4324 mere
2146 4285 2159 4321 ε
2193 4267 2383 4323 Fidelis
2406 4268 2561 4323 Deus.
2591 4267 2793 4336 Nempe
2820 4267 2943 4338 quia
2969 4266 3237 4336 ingressus
3259 4263 3456 4330 fueras,
3487 4265 3556 4319 de

1968 4360 2110 4415 exitu
2151 4361 2442 4432 cogitabas.
2469 4359 2664 4415 Fidelis
2683 4359 2940 4429 Deus,qui
2957 4374 3057 4412 non
3084 4374 3167 4412 vos
3188 4357 3427 4428 permittit
3447 4361 3554 4415 tene

1969 4453 2065 4506 tari
2110 4469 2265 4521 supra
2292 4452 2347 4505 id
2387 4450 2522 4522 quod
2551 4451 2796 4522 potestis;
2825 4450 2914 4505 sed
2956 4450 3107 4520 faciet
3147 4465 3261 4502 cum
3284 4448 3556 4510 tentatiotte

1969 4545 2118 4596 etiam
2145 4543 2352 4597 exitum.
2381 4541 2518 4610 Quid
2552 4549 2636 4597 est
2679 4540 2916 4596 exitum?
2957 4539 3024 4595 Ut
3067 4538 3268 4610 possitis
3307 4538 3556 4592 sustinere

1971 4635 2009 4702 (Ι
2042 4635 2158 4688 (ἔον.
2185 4650 2238 4700 x,
2278 4633 2384 4705 13).
2419 4633 2665 4696 Intrasti,
2712 4631 2980 4696 incidisti;
3029 4629 3346 4696 sustinuisti,
3373 4629 3552 4684 existi.

2039 4724 2262 4781 CAPUT
2301 4725 2441 4781 V.-—
2464 4726 2517 4782 5.
2546 4723 2867 4779 Abundantia
2891 4722 3162 4788 malorum,
3191 4729 3396 4792 propter
3435 4736 3557 4790 pur:

1969 4818 2219 4890 gationem
2271 4818 2534 4871 bonorum.
2587 4815 2770 4884 Magna
2836 4813 3087 4869 materies
3129 4820 3214 4868 est
3283 4808 3556 4881 purgatio-

1973 4911 2055 4964 nis
2091 4908 2391 4974 bonorum,
2437 4905 2759 4962 abundantia
2788 4904 3071 4959 malorum.
3118 4901 3250 4958 Nam
3278 4903 3330 4955 in
3374 4899 3556 4961 multi:-
3595 4923 3598 4934 ·

1973 5001 2155 5056 tudine
2202 4999 2461 5054 malorum
2500 4997 2741 5067 quamvis
2767 4994 3020 5066 permixti
3035 4994 3238 5054 lateant
3260 4991 3382 5046 boui
3408 5032 3423 5054 ,
3455 5006 3554 5050 no,-

1971 5107 2039 5148 mt
2066 5093 2315 5148 Dominus
2339 5092 2424 5162 qui
2461 5099 2577 5144 sunt
2619 5090 2748 5159 ejus.
2777 5086 2890 5142 Sub
2921 5100 3095 5151 manu
3125 5083 3274 5144 tanti.
3293 5082 3553 5145 artiﬁcis,
3628 5079 3638 5098 ί

1971 5184 2085 5239 auri
2112 5184 2247 5238 mica
2275 5183 2326 5236 iu
2356 5196 2542 5250 magna
2575 5179 2723 5249 palea
2749 5177 2923 5248 perire
2972 5191 3078 5239 non
3114 5183 3304 5246 potest.
3345 5173 3551 5241 Quanta

1974 5279 2044 5332 ibi
2073 5277 2219 5348 palea
2244 5318 2259 5343 ,
2298 5289 2454 5346 quam
2489 5272 2756 5328 modicum
2797 5269 3021 5325 aurum?
3047 5269 3151 5326 Sed
3189 5267 3296 5322 noli
3325 5267 3551 5327 timere.
3620 5263 3625 5274 ’

1975 5380 2149 5426 tantus
2187 5378 2270 5425 est
2314 5365 2503 5422 artifex
2526 5408 2542 5433 ,
2575 5375 2629 5420 ut
2661 5379 2882 5434 purgare
2934 5361 3136 5432 possit,
3172 5357 3400 5428 perdere
3445 5372 3552 5410 non

1976 5461 2160 5532 possit.
2199 5459 2328 5514 Vide
2347 5475 2533 5514 aurum
2558 5457 2767 5511 beatutn
2791 5453 3104 5525 Apostoltun
3137 5452 3190 5505 in
3220 5453 3314 5503 ista
3339 5448 3554 5508 fornace

1976 5551 2160 5606 tnundi
2191 5550 2346 5620 hujus
2371 5546 2820 5619 quemadmodum
2861 5543 3110 5614 periculis
3153 5540 3404 5610 probatur
3443 5557 3455 5592 :
3499 5548 3555 5594 ut

1974 5660 2250 5700 veniamus
2273 5643 2338 5696 ad
2384 5659 2503 5697 vasa
2551 5639 2862 5694 inhonorata
2897 5650 3034 5705 .qua:
3065 5633 3208 5688 intus
3242 5640 3402 5697 sunt,
3437 5630 3555 5700 qui-

1977 5739 2093 5793 bus.
2114 5737 2257 5792 novit
2285 5735 2417 5789 bene
2450 5734 2520 5788 uti
2574 5731 2824 5786 Dominus
2855 5744 3057 5800 magna!
3088 5725 3294 5782 dooms.
3331 5727 3557 5802 Aposth
