4024 6202
445 351 548 408 M9

441 461 525 517 lus
566 477 693 532 ergo
738 476 858 518 cum
914 458 1162 531 periculis
1204 461 1552 531 probaretur,
1604 457 1728 529 quid
1768 455 2014 511 diccbat?

441 551 692 608 Periculis
733 554 786 608 in
829 553 992 619 mari,
1038 552 1272 624 periculis
1321 552 1375 606 in
1418 551 1610 605 deserto
1631 591 1646 618 ,
1674 549 1907 619 periculis
1956 563 2018 601 ea:

440 661 648 716 genere,
688 643 924 714 periculis
960 660 1023 698 ea:
1073 643 1316 715 gentibus.
1347 641 1452 698 Ista
1497 642 1671 696 omnia
1715 639 1843 696 foris
1869 651 2012 695 sunt.

438 735 586 796 intus
614 732 828 800 attende
853 752 866 789 :
891 731 1139 794 Periculis
1166 735 1219 788 in
1243 733 1388 804 falsis
1431 731 1668 804 fratribus
1694 729 1758 803 (11
1781 731 1896 785 Cor.
1925 746 1976 783 xu
1997 772 2011 794 ,

434 823 548 895 26).
579 823 835 907 Alloquor
873 840 1002 897 ergo
1027 840 1212 887 aurum
1253 823 1378 892 Dei,
1429 821 1673 892 alloquor
1703 834 1824 874 vasa
1876 819 2012 874 facta

439 917 489 969 in
515 916 771 971 honorem
791 959 805 982 ,
838 915 1083 988 alloquor
1109 931 1270 986 grana
1289 915 1342 969 in
1371 914 1556 969 tritura
1595 927 1732 968 areae
1762 912 1898 966 inter
1925 926 2014 979 pa-

439 1006 573 1061 leam
605 1006 919 1062 lahorantia.
950 1007 1064 1063 Tibi
1093 1007 1239 1072 dico,
1267 1005 1502 1077 quisquis
1531 1003 1710 1068 audis,
1754 1017 1858 1056 non
1889 1016 1971 1054 me
1994 1041 2010 1064 ,

437 1096 532 1152 sed
579 1113 674 1167 per
729 1099 906 1153 me’:
962 1097 1090 1153 Esto
1135 1098 1341 1163 bonus,
1394 1095 1558 1150 tolera
1613 1093 1830 1148 malum.
1879 1091 2012 1145 Nolo

435 1188 614 1263 dicas,
645 1190 774 1259 Quis
801 1200 885 1264 est
913 1191 1115 1247 bonus?
1145 1190 1254 1245 lmo
1299 1197 1354 1245 et
1381 1188 1483 1244 hoc
1515 1186 1636 1240 volo
1663 1185 1808 1241 dicas
1837 1200 1849 1236 :
1879 1197 2010 1253 quo-

437 1279 578 1340 niam
627 1292 1112 1354 quantumcumque
1151 1279 1313 1340 fueris
1357 1277 1563 1348 bonus,
1615 1289 1721 1329 non
1762 1273 1872 1329 eris
1898 1273 2014 1327 sine

435 1369 613 1440 aliquo
647 1371 805 1426 malo.
840 1371 990 1428 Unde
1036 1357 1335 1428 reetissime
1361 1368 1587 1434 dicitur,
1622 1364 1786 1422 Nemo
1817 1361 2010 1428 bonus,

436 1460 534 1513 nisi
571 1478 700 1520 unus
743 1460 880 1516 Deus
927 1461 1074 1539 (Luc.
1104 1477 1230 1516 xvm
1256 1503 1272 1525 ,
1305 1458 1414 1529 l9).
1441 1457 1547 1515 Sed
1573 1456 1745 1510 benus
1788 1453 1876 1507 ille
1921 1450 2013 1522 qui

439 1547 558 1604 facit
579 1551 739 1618 bona,
765 1553 903 1607 Deus
923 1561 1021 1607 est.
1042 1551 1096 1608 Si
1117 1567 1243 1622 ergo
1255 1552 1428 1614 bonus
1443 1549 1582 1603 Deus
1602 1547 1692 1617 qui
1711 1545 1833 1599 facit
1849 1543 2008 1605 bona,

441 1651 498 1695 'et
535 1643 681 1696 solus
722 1643 809 1706 ille
849 1643 1021 1701 bonus
1053 1643 1273 1699 eiiector
1301 1642 1594 1705 bonorum;
1625 1633 1892 1709 quomodo
1933 1641 2016 1687 est

445 1731 663 1788 effector
674 1733 955 1806 bonorum,
972 1735 1015 1790 si
1035 1734 1209 1806 nullus
1224 1733 1493 1789 hominum
1511 1727 1804 1799 estbonus?
1822 1725 2016 1782 Secuna

439 1821 565 1888 dum
589 1822 858 1890 modulum
878 1841 1005 1898 ergo
1024 1827 1325 1895 proximum
1341 1833 1424 1880 est
1446 1833 1499 1878 et
1518 1822 1678 1879 homo
1705 1821 1895 1876 bonus.
1911 1815 2012 1882 Qui

437 1911 483 1968 si
524 1928 628 1983 non
652 1923 831 1980 esset,
857 1915 1111 1975 Dominus
1141 1917 1254 1992 ipse
1284 1931 1388 1970 non
1412 1915 1632 1978 diceret,
1665 1908 1832 1966 Homo
1852 1908 2013 1964 bonus

435 2003 497 2057 de
523 2003 651 2058 bona
672 2005 908 2060 thesauro
937 2006 1102 2060 cordis
1121 2010 1202 2062 sui
1223 2007 1414 2078 profert
1435 2006 1564 2068 bona
1605 2003 1712 2078 (Id.
1741 2019 1813 2069 Vl,
1842 2001 1956 2070 45).

503 2093 731 2150 CAPUT
769 2093 1022 2152 VL—G.
1057 2085 1185 2150 Mali
1230 2097 1354 2163 {oris
1376 2106 1421 2150 et
1461 2097 1594 2149 intus
1646 2092 1915 2148 tolerandi.
1949 2121 2011 2130 —

433 2173 561 2238 Esto
587 2199 714 2256 ergo
741 2183 948 2249 bonus.
977 2196 1033 2242 et
1081 2187 1244 2243 tolera
1273 2188 1492 2242 malum.
1542 2186 1672 2241 Esto
1701 2183 2010 2254 simpliciter

431 2275 635 2342 bonus,
665 2283 719 2344 et
757 2276 1037 2350 dupliciter
1084 2278 1249 2332 tolera
1281 2279 1495 2332 malum.
1545 2269 1756 2338 Bonus,
1799 2273 2010 2330 nonnisi

432 2367 574 2436 intus
603 2385 615 2437 ξ
646 2383 766 2424 nam
797 2353 966 2434 sinon
1000 2370 1140 2425 intus
1163 2411 1178 2435 ,
1220 2385 1475 2441 nusquam
1505 2368 1696 2424 bonus.
1725 2367 1854 2422 Esto
1881 2381 2008 2437 ergo

427 2451 600 2517 hortus
650 2453 819 2519 intus,
851 2455 1046 2508 malum
1078 2456 1241 2510 tolera
1288 2464 1344 2512 et
1371 2455 1499 2512 foris
1544 2463 1599 2512 et
1645 2455 1804 2509 intus.
1855 2453 2008 2510 Foris

428 2537 596 2596 tolera
620 2541 949 2613 luereticum,
968 2547 1131 2600 tolera
1153 2561 1435 2617 paganum,
1456 2548 1619 2602 tolera
1635 2545 1905 2612 Judaaum;
1927 2554 2008 2600 to-

427 2631 537 2684 lera
564 2639 617 2686 et
636 2631 775 2688 intus
794 2634 987 2707 malum
1010 2635 1381 2692 Christianum.
1405 2637 1537 2704 Quia
1555 2637 1751 2698 inimici
1780 2635 2007 2691 hominis

429 2722 706 2789 domestici
724 2724 836 2794 ejus
858 2724 1112 2796 (Micha'tc
1132 2743 1225 2796 vn,
1254 2729 1331 2798 6).
1354 2727 1566 2783 Patiens
1593 2727 1846 2782 molestos
1871 2726 2008 2780 mul-

430 2822 513 2869 tos
541 2813 679 2869 intus
704 2817 873 2887 malos
892 2819 1260 2887 stomacharis,
1285 2818 1590 2890 indignaris,
1613 2819 1760 2890 quasi
1772 2819 1881 2889 jam
1911 2832 2005 2873 ve-

428 2903 572 2962 znorit
600 2915 807 2978 tempus
851 2909 1223 2965 ventilationis.
1281 2909 1337 2965 In
1367 2913 1551 2967 tritura
1581 2912 1782 2980 positus
1809 2926 1868 2964 es
1889 2953 1902 2976 ,
1953 2911 2003 2963 in

431 2996 619 3061 tritura
657 2985 725 3052 cs.
752 2998 924 3071 adhuc
944 3042 958 3064 ,
989 3014 1110 3054 area
1142 3002 1420 3057 trituratur
1447 3001 1655 3067 adhuc;
1683 3002 1858 3056 adhuc
1881 3016 2004 3070 gra-

429 3100 495 3139 na
521 3095 574 3142 et
606 3089 889 3158 manipuli,
921 3105 1042 3159 cum
1079 3090 1278 3147 Gentes
1303 3091 1554 3158 credunt,
1585 3093 1649 3148 ad
1678 3109 1856 3148 aream
1895 3094 2005 3148 col-

428 3177 682 3248 ligantur.
715 3179 877 3242 Putas
907 3197 1024 3238 esse
1055 3193 1104 3239 te
1135 3199 1290 3254 posse
1317 3185 1368 3238 in
1400 3200 1520 3240 area
1543 3185 1772 3241 triticum
1793 3186 2004 3241 solum?

425 3271 806 3347 l'Irras._Gemc
848 3275 905 3329 in
931 3291 1092 3344 area,
1124 3289 1180 3338 ut
1230 3273 1459 3347 gaudeas
1503 3280 1556 3332 iu
1603 3277 1815 3334 horreo.
1847 3279 2005 3334 Fiunt

427 3364 593 3420 multa
621 3345 760 3420 'mala
789 3380 818 3420 a
848 3365 1151 3436 christianis
1198 3368 1348 3432 malis
1377 3387 1389 3421 :
1423 3367 1496 3422 illi
1551 3369 1640 3440 qui
1689 3367 1816 3423 foris
1845 3378 2000 3437 sunt,

427 3463 480 3509 et
509 3455 696 3520 nolunt
739 3469 860 3510 esse
904 3456 1177 3516 christiani
1203 3501 1218 3524 ,
1264 3459 1540 3514 inveniunt
1586 3460 1892 3514 occasiones
1935 3459 2000 3513 ad

428 3547 816 3611 excusationes.
867 3546 1135 3603 Hortatori
1162 3563 1260 3603 suo
1303 3557 1361 3604 ut
1387 3548 1598 3616 credat,
1629 3549 1730 3604 ista
1778 3563 2001 3618 respon-

425 3639 519 3693 det
547 3656 562 3691 :
595 3637 685 3693 \‘is
712 3655 797 3694 me
837 3653 956 3701 esse
980 3639 1120 3711 quod
1165 3651 1242 3696 est
1273 3641 1360 3697 ille
1397 3650 1452 3697 et
1482 3640 1608 3696 ille?
1657 3641 1721 3695 Et
1766 3641 2002 3696 nominat

425 3729 574 3783 illum
619 3739 672 3784 et
727 3731 871 3785 illum
934 3748 946 3787 :
1004 3733 1288 3803 aliquando
1337 3742 1392 3789 et
1442 3750 1625 3788 verum
1673 3735 1819 3789 dicit.
1868 3734 2000 3789 Cum

425 3829 602 3875 autem
657 3836 839 3875 verum
891 3839 995 3876 non
1053 3832 1226 3893 potest
1269 3825 1490 3879 inveniri
1507 3866 1521 3884 .
1573 3825 1697 3896 quid
1754 3842 1999 3896 magnum

425 3917 509 3965 est
560 3909 904 3980 calumniari?
947 3912 1077 3967 Cum
1111 3913 1196 3967 ille
1226 3930 1328 3967 non
1379 3915 1607 3983 trepidat
1645 3915 1996 3983 calumniari,

425 3999 550 4058 facit
576 4000 735 4068 alium
774 4002 914 4072 quod
945 4018 1047 4058 non
1085 4003 1228 4059 videt
1256 4003 1530 4073 suspicari.
1553 4005 1631 4060 Tu
1672 4021 1790 4060 cum
1821 4006 2002 4063 audie-

426 4090 500 4142 ris
527 4089 793 4152 hominem
837 4093 933 4148 ista
957 4093 1220 4149 dicentem
1244 4137 1258 4160 ,
1297 4095 1430 4150 forte
1458 4095 1578 4166 quia
1623 4096 1762 4150 nosti
1809 4096 2002 4153 fratrs

430 4191 549 4233 tuos
574 4183 777 4256 malos,
809 4183 941 4239 dicis
983 4185 1123 4254 apud
1169 4197 1220 4240 te
1251 4187 1444 4256 ipsum,
1473 4185 1672 4242 Verum
1698 4187 1826 4243 dicit
1857 4206 1871 4242 :
1905 4187 2002 4242 Pe-

425 4273 599 4328 ricuhs
623 4273 674 4326 in
706 4273 848 4342 falsis
887 4273 1142 4343 fratribus.
1175 4275 1279 4331 Sed
1310 4277 1416 4330 noli
1457 4277 1718 4344 deiicere;
1743 4277 1882 4348 quod
1915 4279 2002 4332 ille

409 4343 616 4430 iqumrit
637 4403 651 4426 ,
685 4371 741 4434 tu
763 4371 897 4424 esto.
925 4365 1049 4417 Esto
1075 4365 1244 4424 bonus
1265 4365 1610 4432 Christianus,
1635 4377 1691 4422 ut
1715 4368 2002 4423 convincas

425 4452 811 4511 calumniosum
841 4465 1121 4522 paganum.

495 4542 720 4614 CAPUT
750 4543 857 4608 Vll.
878 4575 949 4584 --
968 4547 1022 4601 '7.
1045 4545 1335 4602 Constantia
1364 4549 1412 4601 in
1438 4550 1654 4620 ferendis
1672 4551 1804 4603 intus
1833 4552 1999 4606 matis.

424 4634 530 4690 Sed
577 4636 667 4690 ille
699 4636 1083 4701 calumniatur,
1124 4648 1174 4692 et
1214 4637 1279 4691 de
1316 4639 1466 4693 bouis
1504 4639 1632 4694 dicit
1677 4639 1840 4709 falsa,
1887 4643 1999 4711 ple:

427 4743 650 4799 rumque
675 4729 747 4784 illi
768 4729 1014 4785 creditur.
1039 4727 1176 4797 Quid
1202 4731 1323 4784 facit
1343 4733 1563 4795 aurum?
1586 4731 1830 4803 Undique
1851 4734 2001 4802 palea

426 4829 541 4887 est,
573 4821 727 4892 ignis.
759 4815 956 4881 Sordes
981 4836 1137 4892 pone,
1169 4836 1272 4876 non
1303 4809 1458 4877 tidem
1487 4823 1508 4854 ²
1535 4840 1548 4876 :
1577 4831 1690 4878 esto
1722 4824 1998 4890 mundior,

427 4913 538 4983 ipsa
581 4913 960 4983 exercitatione
998 4919 1112 4967 esto
1150 4911 1426 4978 mundior;
1467 4913 1638 4970 valeat
1669 4915 1756 4970 tibi
1793 4915 1881 4975 ille
1909 4917 2000 4986 qui

425 5003 630 5059 auferat
655 5019 765 5075 quo,
787 5003 1051 5067 sordidior
1077 5018 1168 5077 es,
1203 5019 1306 5059 non
1335 5005 1424 5074 qui
1454 5005 1714 5076 opprimat
1738 5007 1878 5077 quod
1905 5022 2001 5061 an-

425 5111 544 5151 rum
574 5080 652 5151 es.
693 5096 901 5159 Etenim
942 5097 985 5152 si
1027 5095 1319 5164 defeceris,
1363 5098 1506 5168 peris
1542 5099 1593 5152 in
1637 5099 1782 5168 palea
1823 5109 1920 5155 :et
1958 5103 2000 5155 si

425 5188 569 5260 peris
597 5188 648 5242 in
687 5188 855 5258 palea,
895 5203 1082 5242 aurum
1129 5205 1233 5248 non
1269 5203 1419 5252 eras,
1451 5189 1544 5244 sed
1581 5205 1764 5244 aurum
1791 5199 1844 5245 te
1885 5205 2004 5246 esse

427 5277 685 5350 ﬁngebas.
711 5275 870 5332 Novit
893 5277 1147 5348 Dominus
1172 5281 1258 5349 qui
1287 5290 1406 5334 sunt
1429 5281 1542 5350 ejus
1562 5280 1628 5351 (Il
1650 5282 1783 5336 Tim.
1809 5299 1861 5348 n,
1890 5283 1999 5356 ιω).

427 5371 503 5426 illi
533 5379 708 5428 autem
735 5371 824 5442 qui
854 5376 976 5424 sunt
1003 5369 1123 5423 mali
1147 5412 1160 5433 ,
1187 5370 1253 5424 de
1280 5371 1471 5440 quibus
1499 5372 1768 5427 erubescis
1793 5375 2004 5443 quando
2051 5441 2058 5448 _

427 5475 486 5513 es
511 5461 647 5517 inter
673 5462 842 5516 malos
867 5459 956 5531 qui
979 5467 1100 5514 sunt
1120 5459 1246 5516 foris
1265 5502 1283 5528 ,
1308 5472 1576 5516 memento
1597 5463 1734 5532 quod
1766 5480 1869 5518 non
1899 5466 2005 5522 sint

493 5575 513 5642 ξ
533 5574 692 5624 codex
715 5589 806 5637 cs.,
830 5589 922 5626 non
945 5588 1038 5642 me.
1061 5575 1146 5642 sed
1173 5575 1424 5642 Domitium
1446 5587 1532 5642 per
1549 5589 1642 5642 nte.

493 5633 514 5665 ³
533 5641 642 5704 nm.
662 5644 716 5686 et
735 5633 808 5686 Er.
833 5651 849 5704 :_
875 5637 1001 5704 Ignis
1021 5637 1186 5704 sordes
1201 5637 1352 5701 prurit,
1377 5633 1471 5689 non
1491 5638 1655 5704 ﬁdem.
1681 5647 1788 5691 tm.
1815 5650 1866 5693 et
1886 5649 2002 5692 Ger-

429 5697 802 5767 tuauenslsusq
828 5697 973 5767 ignis,
991 5699 1171 5767 sordes.
1202 5697 1334 5751 'Pone
1369 5697 1671 5767 nunc/idem.
1697 5706 1852 5756 Codex
1892 5718 1960 5755 is.
1985 5721 1997 5756 :

429 5755 559 5832 ignis
577 5757 740 5808 sordes
759 5755 967 5814 urit-non
982 5757 1146 5822 ﬁdem.

1669 347 1724 404 8.
1767 346 1902 402 AUC
1913 342 2128 401 USTlNl
2167 343 2468 401 EPISCOPI

3606 357 3708 416 £20

2123 455 2174 510 in
2202 454 2361 510 domn
2391 473 2578 528 magna
2600 459 2687 513 ubi
2713 476 2790 530 es,
2819 477 2910 516 vas
2929 462 2982 518 in
3009 461 3288 532 honorem,
3319 467 3410 522 sed
3439 469 3487 523 in
3515 483 3705 528 contu-

2123 546 2353 600 meliam.
2383 546 2634 603 Instruxit
2673 559 2724 605 te
2761 552 3074 622 Apostolus,
3103 567 3250 628 regat
3291 568 3342 614 te
3383 561 3520 617 Deus
3563 565 3602 617 ί.
3641 563 3704 620 Si

2123 637 2246 691 mali
2285 653 2389 691 non
2425 648 2606 693 essent
2644 656 2738 709 pro
2761 642 2952 712 quibus
2975 659 3270 715 oraremus,
3298 651 3508 719 quando
3546 656 3702 711 nobis

2123 727 2418 794 diceretur,
2465 727 2619 784 Orate
2645 729 2736 801 pro
2770 732 2981 788 inimicis
3009 737 3217 791 vestris?
3248 741 3324 793 An
3363 739 3498 796 forte
3532 744 3698 799 velle-

2124 832 2242 872 mus
2266 817 2434 872 bonos
2460 819 2655 876 habere
2691 820 2977 878 inimicos?
3006 826 3151 882 Unde
3191 826 3300 883 ﬂeri
3334 833 3540 901 potest?
3580 835 3700 889 Non

2124 905 2341 964 habebis
2366 908 2562 964 bonum
2585 911 2874 981 inimicum,
2905 916 3005 972 nisi
3028 917 3187 973 fueris
3214 921 3419 976 malus:
3450 925 3493 979 si
3519 937 3701 984 autem

2123 999 2287 1054 fueris
2330 1000 2531 1069 bonus,
2581 1004 2823 1061 inimicus
2863 1016 2982 1063 tuus
3022 1026 3125 1065 non
3171 1013 3310 1080 erit,
3356 1015 3455 1069 nisi
3504 1019 3700 1074 malus.

2126 1090 2279 1144 Orate
2305 1109 2396 1161 pro
2421 1093 2636 1150 inimicis
2657 1098 2852 1152 vestris.
2885 1098 3023 1168 Ergo
3050 1100 3174 1156 boni
3209 1115 3357 1159 orate
3387 1120 3484 1174 pro
3520 1110 3697 1166 malis.

2122 1180 2253 1235 Redi
2282 1183 2347 1236 ad
2375 1197 2469 1238 cor
2497 1194 2664 1240 tuum.
2695 1186 2738 1241 0
2776 1195 2831 1243 tu
2858 1189 2946 1260 qui
2973 1191 3024 1245 in
3049 1191 3144 1246 ista
3176 1192 3388 1249 fornace
3415 1201 3656 1267 purgaris
3681 1244 3696 1267 ,

2121 1271 2164 1326 si
2188 1274 2355 1342 potuit
2375 1289 2491 1330 esse
2513 1291 2610 1330 vos
2637 1286 2744 1342 tua,
2770 1275 2945 1334 Proba
2971 1299 3047 1338 me
3091 1279 3325 1350 Domine,
3353 1296 3400 1339 et
3425 1297 3558 1341 tenta
3582 1307 3699 1354 me;

2120 1376 2210 1416 ure
2233 1379 2376 1418 renes
2405 1381 2538 1420 meos
2566 1376 2612 1420 et
2639 1382 2726 1421 cor
2745 1384 2908 1422 meum
2931 1385 2950 1423 :
2976 1371 3212 1435 quoniam
3240 1375 3577 1430 misericordia
3609 1388 3696 1432 tua

2120 1460 2235 1506 ante
2261 1454 2430 1508 oculos
2459 1471 2594 1511 meos
2617 1467 2730 1521 est;
2754 1474 2879 1516 ecce
2906 1461 3018 1515 redi
3043 1467 3107 1516 ad
3135 1478 3226 1519 cor
3256 1475 3420 1519 tuum.
3453 1466 3563 1523 Sub
3587 1469 3696 1523 Deo

2119 1556 2213 1610 es,
2244 1545 2536 1601 orationem
2568 1545 2780 1604 fusurus
2817 1565 2912 1616 es;
2939 1553 3168 1607 occurrit
3198 1555 3288 1610 tibi
3313 1557 3402 1626 qui
3437 1568 3487 1612 te
3525 1558 3694 1622 Iresit.

2120 1634 2350 1688 occurrit
2366 1635 2456 1689 tibi
2477 1637 2563 1706 qui
2586 1646 2638 1693 te
2659 1640 2871 1708 pressit,
2893 1642 3122 1697 occurrit
3144 1644 3233 1699 tibi
3250 1648 3338 1716 qui
3360 1655 3409 1702 te
3425 1649 3691 1718 spoliavit,

2119 1723 2351 1778 occurrit
2381 1724 2472 1779 tibi
2499 1727 2588 1796 qui
2610 1728 2662 1781 in
2684 1736 2736 1783 te
2762 1743 3028 1786 carcerem
3051 1732 3193 1788 misit
3220 1753 3234 1789 :
3263 1737 3344 1790 eia
3369 1738 3582 1794 attende
3601 1755 3698 1794 cor

2119 1819 2290 1879 tuum,
2321 1816 2528 1886 respice
2564 1817 2844 1873 Dominum
2873 1828 3042 1876 tuum.
3072 1822 3211 1879 Ecce
3245 1827 3416 1882 malus
3452 1828 3698 1884 inimicus

2119 1912 2274 1970 tuus,
2302 1920 2430 1962 ecce
2466 1907 2636 1964 bonus
2662 1909 2912 1966 Dominus
2949 1922 3067 1968 tuus
3097 1932 3110 1970 :
3147 1925 3304 1971 nocet
3331 1918 3423 1973 tibi
3451 1919 3698 1974 inimicus

2117 1999 2239 2050 tuus
2267 1995 2469 2063 malus,
2505 2011 2597 2052 ora
2635 2013 2732 2069 pro
2770 2000 2982 2057 inimico
3012 2013 3134 2072 tuo,
3166 2005 3292 2061 dicit
3319 2009 3410 2062 tibi
3443 2010 3699 2064 Dominus

2119 2095 2237 2141 tuus
2258 2087 2481 2144 bonus'.
2501 2091 2641 2146 inter
2661 2091 2929 2148 inimicum
2954 2102 3096 2149 tuum
3121 2099 3315 2153 malum
3338 2109 3390 2154 et
3415 2102 3697 2156 Dominum

2115 2177 2312 2232 bonum
2331 2221 2346 2243 ,
2376 2180 2502 2250 quid
2526 2192 2580 2236 tu
2608 2181 2841 2238 facturus
2866 2186 2969 2240 es?
3005 2185 3200 2242 Contra
3227 2189 3374 2245 illum
3409 2202 3658 2248 oraturus
3678 2235 3695 2260 ,

2115 2278 2204 2322 aut
2229 2268 2350 2324 huic
2376 2269 2882 2341 obtemperaturus?

2184 2359 2409 2416 CAPUT
2451 2361 2585 2416 Vlll.
2613 2364 2756 2420 —8.
2808 2364 2956 2420 Dura
2983 2368 3174 2438 jussa,
3219 2371 3308 2423 sed
3351 2386 3535 2442 magna
3577 2390 3697 2442 pro-

2113 2449 2284 2504 missa.
2326 2450 2564 2522 Suscipis
2604 2468 2667 2507 ex
2722 2465 2986 2526 prmcepto
3040 2457 3248 2513 Domini
3293 2460 3364 2514 tui
3405 2476 3558 2516 orare
3588 2479 3689 2532 pro

2113 2541 2342 2610 maligno
2378 2541 2470 2596 illo
2497 2543 2711 2598 inimico
2741 2555 2828 2600 tuo
2853 2565 2865 2597 :
2898 2547 3021 2616 quid
3051 2547 3282 2604 facturus
3311 2551 3412 2606 es?
3440 2552 3694 2608 Dominus

2106 2627 2303 2696 jussit:
2340 2629 2473 2685 dura
2504 2631 2691 2700 jussit,
2727 2634 2820 2688 sed
2859 2649 3045 2705 magna
3081 2638 3343 2706 promisit.
3383 2640 3512 2708 Qum
3559 2642 3692 2698 dura

2106 2720 2306 2790 jussit?
2346 2720 2558 2792 Diligite
2614 2724 2838 2779 inimicos
2883 2736 3070 2782 vestros
3089 2771 3102 2792 ,
3156 2729 3432 2800 benefacite
3473 2733 3550 2786 his
3607 2737 3696 2803 qui

2110 2811 2323 2866 oderunt
2368 2829 2489 2880 vos,
2532 2823 2578 2868 et
2623 2824 2764 2869 orate
2807 2832 2898 2886 pro
2940 2821 3345 2889 persequentibus
3393 2839 3498 2876 ros.
3553 2823 3693 2878 Dura

2110 2912 2234 2958 sunt
2259 2922 2272 2959 :
2295 2904 2385 2959 sed
2427 2916 2627 2973 propter
2651 2908 2800 2962 verba
2841 2909 3086 2963 labiorum
3117 2921 3314 2966 tuorum
3338 2929 3427 2984 ego
3450 2918 3697 2971 custodivi

2109 2994 2216 3046 vias
2267 2994 2420 3049 duras
2463 2994 2635 3067 (Psal.
2693 3014 2814 3064 xw,
2854 2999 2948 3072 4).
3002 2999 3156 3056 Unde
3199 3004 3290 3057 tibi
3343 2994 3539 3060 viribus
3589 3009 3694 3062 tuis

2109 3085 2373 3141 custodire
2413 3087 2524 3142 vias
2552 3089 2747 3154 duras,
2783 3090 2884 3144 nisi
2921 3092 3040 3158 quia
3079 3094 3421 3148 misericordia
3457 3105 3542 3149 tua
3579 3108 3696 3151 ante

2109 3177 2284 3231 oculos
2335 3195 2470 3232 meos
2519 3180 2637 3233 est?
2682 3180 2817 3235 Ecce
2860 3181 2989 3236 dura
3037 3184 3221 3250 jussit,
3273 3200 3450 3240 amara
3496 3189 3691 3258 jussit;

2109 3264 2228 3320 vide
2282 3281 2401 3336 quae
2452 3267 2711 3335 promisit.
2770 3269 2924 3325 Orate
2973 3287 3063 3342 pro
3119 3276 3517 3343 persequentibus
3572 3293 3690 3346 vos,

2107 3364 2162 3407 ut
2200 3355 2310 3410 sitis
2339 3357 2434 3425 ﬁlii
2478 3355 2648 3410 Patris
2693 3361 2840 3411 vestri
2881 3361 2966 3430 qui
2993 3361 3045 3414 in
3089 3361 3226 3416 caelis
3267 3373 3339 3417 est
3368 3364 3580 3433 (Matth.
3615 3383 3650 3420 ν
3674 3409 3689 3430 ,

2108 3445 2343 3519 44,45).
2372 3446 2429 3503 Si
2469 3448 2560 3502 tibi
2603 3449 2821 3517 diceret,
2850 3449 2954 3506 Ora
2996 3467 3090 3521 pro
3117 3453 3332 3510 inimico
3375 3464 3484 3522 tuo,
3531 3466 3588 3512 ut
3615 3460 3693 3513 sis

2108 3536 2246 3591 filius
2275 3538 2439 3606 patris
2469 3539 2572 3606 tui,
2605 3554 2672 3594 ne
2707 3540 3013 3595 exh-.eredet
3042 3551 3092 3596 te
3123 3551 3270 3612 pater
3306 3547 3534 3599 carnalis
3553 3587 3570 3615 ,
3600 3549 3690 3617 qui

2109 3627 2209 3682 hoc
2239 3628 2331 3683 tibi
2359 3629 2640 3686 relicturus
2668 3641 2782 3696 est,
2813 3634 2953 3702 quod
2987 3635 3108 3689 hinc
3139 3651 3242 3690 non
3271 3646 3353 3692 est
3375 3638 3648 3694 ablaturus
3675 3660 3690 3701 ;

2109 3719 2352 3788 timeres,
2400 3729 2455 3776 et
2483 3721 2720 3778 faceres:
2765 3725 3090 3792 promittitur
3131 3727 3224 3781 tibi
3263 3744 3359 3798 pro
3387 3727 3470 3784 his
3506 3731 3691 3798 duris,

2107 3819 2164 3864 ut
2185 3812 2259 3866 sis
2285 3811 2423 3867 illius
2453 3813 2740 3877 Altissimi;
2772 3815 2944 3883 cogita
2973 3815 3186 3870 Patrem
3205 3859 3219 3882 ,
3252 3827 3306 3873 et
3331 3833 3560 3888 agnosce
3581 3821 3695 3876 has.

2106 3902 2404 3957 reditatem.
2436 3905 2526 3960 Dic
2551 3919 2697 3975 ergo,
2726 3907 2899 3976 incipe
2933 3922 3088 3962 orare
3116 3925 3212 3978 pro
3236 3910 3450 3967 inimico
3480 3922 3570 3968 tuo
3597 3915 3694 3969 illo

2106 4009 2318 4065 magno,
2343 3997 2431 4066 qui
2456 3997 2547 4052 tibi
2575 3999 2737 4052 multa
2765 3999 2900 4054 mala
2926 3999 3067 4064 fecit,
3092 4003 3180 4072 qui
3209 4003 3262 4056 in
3293 4012 3343 4058 te
3372 4005 3535 4060 multa
3558 4007 3692 4062 dura

2107 4087 2413 4155 congessit:
2460 4086 2634 4157 incipe
2673 4103 2774 4159 pro
2812 4089 2902 4144 illo
2948 4105 3122 4156 orare,
3165 4093 3361 4149 etvide
3400 4110 3494 4151 cor
3541 4105 3692 4152 tuum

2108 4185 2280 4230 tecum
2311 4176 2534 4247 litigare.
2563 4178 2714 4245 Quod
2745 4194 2872 4249 ergo
2893 4180 2972 4235 vis
2992 4224 3005 4248 ,
3031 4182 3168 4251 quod
3200 4184 3372 4252 placet
3399 4185 3514 4253 tibi,
3548 4190 3692 4258 quod

2106 4264 2384 4322 delectaris
2399 4268 2686 4322 secundum
2703 4270 3007 4326 interiorem
3022 4271 3310 4341 hominem,
3329 4277 3470 4345 quod
3487 4278 3696 4332 obtem-

2107 4371 2262 4425 peras
2306 4357 2531 4412 Domino
2572 4366 2696 4425 tuo,
2725 4368 2778 4414 et
2825 4375 2946 4415 oras
2973 4377 3067 4431 pro
3098 4363 3312 4418 inimico
3344 4374 3452 4432 tuo,
3496 4383 3689 4424 aurum

2107 4457 2224 4501 est:
2271 4449 2413 4517 quod
2441 4463 2602 4514 vero,
2649 4465 2767 4504 cum
2799 4465 2954 4506 orare
2997 4454 3244 4522 coeperis,
3287 4456 3466 4526 incipit
3511 4466 3689 4515 tecum

2107 4539 2333 4594 carnalis
2359 4538 2638 4596 inﬁrmitas
2668 4541 2891 4612 litigare,
2915 4543 3044 4612 ipsa:
3069 4554 3192 4600 sunt
3213 4547 3414 4612 sordes,
3438 4563 3467 4601 a
3493 4551 3693 4620 quibus

2110 4641 2160 4686 te
2189 4632 2327 4686 Deus
2357 4632 2467 4686 vult
2497 4632 2548 4685 in
2581 4631 2791 4688 fornace
2817 4649 3065 4705 purgare.

2176 4722 2402 4779 CAPUT
2443 4723 2530 4777 IX.
2554 4723 2696 4778 —9.
2740 4723 2871 4779 Mali
2906 4726 3019 4780 ideo
3045 4727 3221 4793 multi,
3270 4738 3322 4781 ut
3365 4743 3692 4786 exerceantur

2109 4813 2241 4867 boni.
2271 4814 2516 4878 Amurca,
2547 4813 2730 4867 oleum.
2775 4815 3037 4871 Exercere
3087 4832 3214 4887 ergo
3267 4819 3318 4872 in
3347 4819 3537 4875 mediis
3577 4839 3691 4875 ma-

2109 4905 2203 4968 lis,
2245 4919 2280 4958 ο
2305 4904 2475 4968 bone,
2514 4904 2556 4958 si
2583 4905 2701 4973 quis
2743 4920 2800 4960 es
2830 4907 3037 4960 bonus:
3079 4923 3184 4962 non
3227 4908 3296 4962 de
3337 4918 3426 4964 tuo
3455 4910 3596 4967 bone
3626 4914 3648 4944 ³
3672 4956 3687 4977 ,

2107 4994 2228 5064 quia
2259 4993 2401 5048 fuisti
2431 4993 2628 5060 malus,
2659 4995 2752 5049 sed
2776 4995 2844 5049 de
2869 4996 3008 5051 illius
3049 4998 3140 5067 qui
3169 5011 3436 5068 nunquam
3467 5009 3550 5055 est
3577 5017 3693 5057 ma-

2110 5084 2228 5139 lus:
2259 5099 2509 5141 exercere
2538 5086 2588 5140 in
2613 5086 2798 5142 mediis
2823 5087 2995 5143 malis.
3041 5087 3149 5144 Nec
3178 5091 3306 5144 mihi
3344 5093 3468 5145 volo
3492 5092 3644 5148 dicas
3671 5113 3684 5147 :

2108 5174 2303 5230 Saltem
2343 5175 2386 5229 si
2417 5191 2636 5232 necesse
2675 5187 2817 5234 esset
2859 5188 3073 5250 propter
3110 5182 3544 5239 exercitationem
3588 5201 3690 5240 no-

2110 5277 2272 5325 Stram
2297 5275 2354 5322 ut
2376 5278 2555 5323 essent
2578 5270 2722 5335 mali,
2753 5273 2903 5341 pauci
2933 5281 3111 5328 essent
3131 5275 3285 5342 mali,
3313 5284 3368 5330 et
3385 5276 3509 5331 boni
3537 5280 3689 5334 multi

2109 5367 2308 5414 essent.
2337 5358 2451 5413 Non
2473 5361 2698 5415 attendis
2725 5363 2846 5432 quia
2875 5365 2920 5418 si
2947 5366 3098 5434 pauci
3127 5374 3306 5422 essent
3324 5409 3344 5436 ,
3371 5368 3553 5423 Inultis
3582 5385 3688 5424 non

2107 5449 2396 5505 nocerent?
2424 5449 2611 5519 Utique
2627 5452 2928 5521 considera,
2949 5455 3032 5509 vir
3052 5455 3303 5525 prudens,
3323 5459 3447 5528 quia
3468 5459 3510 5513 si
3535 5461 3688 5515 multi

2174 5585 2286 5657 {sic
2307 5591 2492 5634 am.Er.
2521 5593 2572 5657 et
2608 5594 2684 5635 Ms.
2703 5593 3054 5640 Germanensis.
3082 5598 3135 5641 At
3157 5598 3285 5651 Lov.,
3309 5601 3447 5657 rogat
3467 5601 3514 5646 te
3542 5603 3687 5654 Deus.

2108 5653 2245 5718 νοςειξ
2264 5659 2366 5708 pro,
2378 5653 2607 5718 rotet“,
2621 5657 2788 5718 Deum-

2173 5707 2334 5773 fnss.,
2356 5707 2471 5758 dicit
2486 5707 2575 5773 tibi
2587 5709 2809 5773 Dominus
2831 5710 3006 5773 bonus;
3025 5721 3218 5773 omtsso,
3240 5720 3370 5772 truta.

2174 5769 2193 5801 ³
2217 5772 2286 5818 sic
2311 5778 2414 5820 Mss.
2441 5777 2493 5820 Αι
2518 5771 2651 5831 editi,
2677 5770 2735 5821 de
2761 5778 2838 5821 tuo
2863 5771 2993 5839 bona,
