4024 6202
305 465 423 523 boni
449 473 634 523 essent
658 472 716 521 et
756 464 910 535 pauci
958 462 1084 519 mali
1113 472 1323 530 essent,
1358 463 1509 533 pauci
1548 463 1669 517 mali
1711 462 1892 518 multis

302 559 457 614 bonis
483 570 682 613 nocere
723 571 830 611 non
872 554 1149 611 auderent.
1196 554 1252 611 Si
1294 570 1402 609 non
1442 554 1736 621 auderent,
1785 569 1890 609 non

300 658 634 707 exercerent.
657 648 811 703 Nunc
832 662 960 702 vero
979 646 1101 717 quia
1123 644 1273 701 multi
1297 655 1421 701 sunt
1448 645 1594 710 mali,
1625 644 1893 699 laboratur

300 760 332 798 a
351 742 532 812 paucis
556 741 716 797 bouis
742 740 884 795 inter
907 739 1102 794 mullos
1126 724 1332 793 malos':
1366 748 1421 793 et
1445 753 1568 793 eum
1598 737 1887 802 laboratur,

302 832 549 897 sudatur;
582 839 639 886 et
662 845 786 884 cum
815 827 1065 894 sudatur,
1089 833 1279 882 a'urum
1308 836 1580 898 purgatur.
1617 827 1744 881 Esto
1764 840 1890 894 ergo

306 925 356 978 in
382 922 633 978 decorem
668 920 864 976 domus
888 919 1003 975 Dei.
1038 917 1155 974 Jam
1187 927 1363 975 tecum
1393 917 1445 972 iu
1478 917 1642 973 corde
1669 927 1757 972 tuo
1781 916 1887 971 liti-

300 1016 437 1087 gavit
458 1014 781 1079 inﬁrmitas;
813 1012 1035 1078 invoca,
1064 1019 1122 1065 ut
1161 1011 1379 1066 vincas:
1421 1009 1560 1065 adsit
1584 1009 1677 1065 tibi
1705 1010 1847 1065 Deus
1870 1050 1885 1076 ,

300 1107 512 1176 adjuvet
556 1105 650 1177 qui
681 1103 856 1175 jubet.
899 1102 1018 1158 Jam
1058 1100 1226 1157 factus
1269 1115 1329 1156 es
1358 1098 1528 1155 victor
1566 1096 1888 1154 inﬁrmitatis

302 1208 430 1264 tum,
456 1198 567 1268 jam
597 1195 881 1265 suscepisti
917 1194 1153 1249 animum
1193 1200 1249 1248 et
1288 1190 1518 1247 fructum
1562 1190 1749 1246 orandi
1792 1205 1888 1259 pro

299 1289 515 1345 inimico
541 1297 671 1343 tuo:
708 1277 830 1341 vide
864 1283 991 1356 quid
1023 1284 1150 1340 boni
1176 1283 1272 1350 sit;
1301 1297 1554 1353 compara
1597 1280 1743 1337 illum
1771 1281 1884 1336 tibi.

298 1379 391 1436 Ille
414 1379 703 1435 meditatur
723 1376 1046 1432 tentatioues
1064 1417 1080 1442 ,
1113 1384 1169 1430 tu
1196 1374 1369 1429 fundis
1394 1375 1697 1429 orationes:
1727 1372 1814 1427 ille
1842 1373 1886 1426 si

300 1481 483 1536 nocet,
510 1470 679 1541 palam
699 1476 884 1532 nocet;
913 1476 966 1522 tu
987 1466 1128 1537 quod
1152 1480 1249 1536 pro
1270 1466 1362 1520 illo
1380 1479 1523 1527 oras,
1547 1465 1690 1520 Deus
1709 1465 1884 1521 novit:

297 1561 390 1617 ille
413 1577 520 1616 non
548 1558 719 1615 credit
736 1600 752 1623 ,
776 1557 901 1629 quia
927 1572 1021 1613 cor
1044 1566 1190 1612 tuum
1219 1570 1326 1611 non
1346 1555 1578 1611 discutit.
1601 1554 1736 1610 Cum
1761 1570 1888 1626 ergo

297 1650 390 1706 ille
423 1650 602 1721 palam
646 1658 836 1715 nocet,
868 1656 924 1703 tu
959 1647 1165 1703 occulte
1192 1661 1349 1702 oras:
1396 1646 1449 1701 in
1492 1645 1597 1701 isto
1637 1646 1885 1701 torenlari

298 1740 446 1810 (quia
484 1747 542 1794 et
581 1738 830 1795 torculari
874 1736 1111 1793 Ecclesia
1148 1744 1456 1807 comparata
1495 1736 1633 1807 est),
1680 1735 1802 1791 vide
1840 1738 1884 1791 si

295 1845 403 1885 non
432 1830 524 1884 ille
563 1828 651 1899 qui
699 1827 875 1899 palam
922 1835 1114 1892 nocet,
1159 1840 1375 1881 amurca
1407 1839 1629 1881 currens
1671 1835 1754 1882 est
1793 1841 1888 1896 per

297 1920 591 1992 publicum.
622 1921 850 1974 Amurca
880 1932 975 1989 per
1010 1917 1276 1988 publicum
1315 1916 1519 1982 currit,
1565 1916 1742 1971 oleum
1786 1932 1885 1971 au-

296 2024 402 2069 tem
442 2013 512 2068 ad
565 2011 751 2067 sedem
802 2026 953 2067 suam
1005 2010 1241 2066 occultos
1284 2009 1538 2064 transitus
1587 2008 1764 2066 habet.
1818 2008 1889 2064 Et

297 2121 414 2160 cum
456 2103 670 2159 eccuite
696 2110 959 2167 transeat,
991 2102 1043 2157 in
1070 2099 1431 2172 magnitudine
1451 2108 1691 2170 apparet.
1717 2100 1887 2168 Quam

299 2196 447 2250 multi
482 2194 663 2262 enim,
694 2208 729 2249 ο
772 2193 966 2249 fratres
995 2191 1133 2258 mei,
1160 2206 1319 2262 quam
1347 2191 1496 2247 multi
1536 2191 1590 2246 itt
1632 2191 1729 2247 ista
1761 2207 1890 2247 con-

300 2286 587 2341 moratione
612 2301 793 2341 rerum
813 2326 830 2351 ,
861 2284 914 2339 in
939 2283 1095 2354 hujus
1114 2282 1295 2339 mundi
1327 2283 1546 2350 malitia,
1574 2283 1628 2338 in
1655 2283 1755 2339 ista
1776 2299 1889 2338 nta-

300 2378 468 2433 lorum
506 2376 831 2433 abundantia
868 2376 1245 2432 subtraxeruut
1280 2388 1375 2441 se,
1396 2384 1453 2429 et
1483 2373 1728 2430 conversi
1764 2384 1890 2430 sunt

298 2469 363 2526 ad
392 2470 561 2524 Deum
581 2509 598 2534 ,
625 2477 683 2524 et
703 2467 823 2524 vale
853 2465 1098 2523 fecerunt
1125 2464 1343 2529 mundo,
1370 2473 1426 2520 et
1445 2472 1727 2535 cmperuut
1756 2480 1886 2535 pau—

303 2561 512 2630 pet-ibus
533 2559 714 2615 subito
733 2558 935 2615 donare
955 2573 1042 2614 res
1065 2572 1189 2612 suas
1207 2598 1221 2623 ,
1251 2556 1341 2628 qui
1370 2557 1528 2627 paulo
1554 2565 1677 2611 ante
1708 2557 1888 2626 rapie-

299 2655 423 2709 bant
433 2653 671 2708 alienas!
690 2650 797 2708 Sed
814 2650 967 2705 multi
984 2658 1244 2721 raptores,
1261 2649 1555 2716 invasores,
1574 2645 1889 2718 spoliatores

300 2745 505 2814 palilice
520 2753 817 2817 apparent;
847 2756 1063 2797 amurca
1085 2741 1173 2796 illa
1190 2750 1274 2797 est
1290 2755 1386 2811 per
1400 2740 1602 2811 plateas
1627 2755 1847 2796 currens
1871 2757 1884 2793 :

298 2836 369 2892 illi
389 2845 593 2899 autem,
616 2848 757 2890 unus
774 2833 923 2899 hinc,
945 2848 1084 2888 unus
1103 2831 1245 2898 inde,
1286 2832 1447 2887 corde
1484 2832 1768 2901 conjuncta
1810 2830 1884 2903 (α)

299 2929 465 2982 malus
478 2925 682 2982 faciens
703 2924 841 2978 mala
854 2937 1169 2994 permanere
1182 2921 1502 2977 erubescens
1518 2923 1557 2988 ί,
1577 2922 1668 2977 Dei
1687 2923 1886 2977 monita

300 3020 575 3089 rogitans;
602 3032 757 3086 spem
797 3014 978 3071 sa\culi
1005 3013 1268 3078 irridens,
1306 3028 1453 3081 spem
1489 3012 1762 3067 caelestem
1791 3028 1887 3067 ex-

299 3118 581 3179 spectans,
614 3115 829 3161 mutans
880 3117 1093 3160 amores
1134 3110 1189 3158 et
1224 3118 1399 3157 mores
1423 3119 1436 3156 :
1464 3101 1641 3156 oleum
1689 3102 1887 3157 sancti-

302 3200 422 3253 tatis
448 3206 534 3252 est
576 3197 633 3252 in
677 3194 947 3260 torculari,
994 3207 1086 3248 vas
1126 3192 1178 3248 in
1225 3192 1485 3247 honorem
1526 3193 1690 3246 estin
1730 3191 1890 3246 domo

300 3303 486 3360 mgna
505 3329 523 3354 ,
551 3302 741 3342 aurum
769 3294 853 3341 est
884 3285 938 3339 in
964 3285 1199 3351 fornace,
1228 3297 1452 3353 granum
1485 3290 1567 3336 est
1591 3282 1645 3335 in
1672 3281 1885 3338 horreo.

303 3381 375 3437 lbi
401 3390 488 3437 est
507 3380 673 3436 decor
698 3378 893 3434 domus
924 3376 1041 3432 Dei.

796 3487 1029 3546 SERHO
1065 3485 1185 3542 XVI
1222 3490 1241 3510 ο
1269 3486 1368 3558 (b).

304 3583 379 3639 De
396 3600 458 3638 eo
474 3583 615 3650 quod
639 3581 884 3650 scriptam
910 3587 981 3634 est
1005 3580 1059 3632 in
1091 3575 1301 3632 Paulum
1323 3592 1486 3631 xxxut
1504 3617 1521 3641 ,
1546 3576 1634 3643 15,
1664 3576 1796 3646 Quis
1810 3587 1893 3632 est

337 3675 499 3730 heluo
523 3673 621 3743 qui
647 3671 764 3725 vult
785 3670 977 3733 vitam,
1007 3677 1063 3724 et
1087 3667 1255 3738 diligit
1284 3665 1465 3721 videre
1493 3665 1610 3721 dies
1644 3664 1856 3721 bonos?

370 3784 601 3842 CAPUT
636 3780 924 3838 PRIMUM.
961 3809 1032 3819 —
1079 3779 1129 3833 i.
1194 3777 1310 3831 Vita
1366 3792 1586 3848 praem
1640 3791 1731 3830 nec
1791 3778 1893 3830 vita

308 3887 393 3931 est.
426 3874 640 3930 Vocatus
681 3873 975 3929 humanum
1012 3882 1179 3940 genus
1218 3867 1450 3938 Spiritus
1490 3866 1621 3932 Dei,
1659 3866 1893 3936 iubendo

206 3983 215 3989 ‘
309 3970 429 4041 quid
452 3970 633 4024 facere
656 4008 673 4029 .
696 3974 752 4020 et
775 3961 1136 4035 promittendo
1158 3959 1283 4032 quid
1303 3972 1525 4030 sperare
1558 3958 1852 4014 debeamus
1873 3999 1888 4021 ,

310 4062 452 4129 prius
490 4064 730 4114 mentem
773 4063 1011 4110 nostram
1053 4050 1346 4107 inﬂammat
1376 4049 1442 4105 ad
1488 4049 1803 4119 praemium;
1835 4058 1895 4103 ut

308 4150 441 4221 quod
468 4148 779 4220 pracipitur
802 4145 970 4216 magis
993 4144 1189 4199 bonum
1216 4140 1446 4196 amando
1465 4182 1482 4209 ,
1509 4154 1668 4210 quam
1694 4140 1891 4194 malum

310 4242 543 4298 timendo
583 4239 861 4295 faciamus.
895 4237 1019 4303 Quis
1057 4245 1132 4290 est
1177 4236 1361 4298 homo,
1401 4232 1605 4303 inquit,
1653 4231 1740 4302 qui
1788 4231 1893 4285 uult

309 4335 455 4387 vitam
479 4375 496 4399 ,
534 4341 583 4386 et
624 4331 790 4401 diiigit
826 4330 996 4383 videre
1035 4326 1142 4381 dies
1176 4323 1378 4379 bonos?
1412 4324 1504 4378 Sic
1542 4321 1895 4392 interrogatur

310 4424 426 4494 quis
471 4424 576 4479 iste
621 4421 729 4487 sit,
777 4419 929 4491 quasi
984 4417 1153 4489 possit
1203 4414 1427 4471 inveniri
1490 4414 1581 4485 qui
1648 4428 1755 4468 non
1803 4413 1891 4468 sit.

309 4516 437 4584 Quis
480 4514 630 4571 enim
676 4527 784 4567 non
820 4511 934 4566 vult
971 4509 1174 4565 vitam?
1213 4507 1303 4579 qui
1346 4521 1452 4562 non
1497 4504 1670 4575 diligit
1714 4503 1896 4560 videre

312 4608 424 4662 dies
448 4605 660 4660 ικηιοδΐ
686 4602 823 4659 Audi
844 4616 974 4673 ergo
995 4600 1137 4672 quod
1166 4600 1426 4670 sequitur,
1453 4596 1774 4667 quicumque
1794 4595 1896 4651 hoc

310 4702 391 4755 vis
406 4710 462 4755 et
478 4698 678 4768 diligis,
704 4697 891 4761 homo;
914 4693 1037 4748 audi
1054 4691 1194 4763 quod
1218 4691 1479 4761 sequitur,
1503 4687 1679 4743 omnis
1699 4688 1859 4742 homo
1879 4705 1893 4742 :

308 4790 516 4857 Cohibe,
541 4789 716 4859 inquit
734 4829 752 4855 ,
783 4786 1011 4857 linguam
1037 4791 1175 4837 tuam
1198 4798 1235 4835 a
1263 4781 1419 4846 mala,
1450 4789 1495 4833 et
1525 4777 1659 4832 labia
1686 4785 1774 4831 tua
1795 4793 1897 4831 non

313 4884 583 4951 (eam!
602 4880 799 4933 dolum.
820 4874 1034 4930 Deciiua
1060 4890 1093 4927 ιι
1120 4873 1275 4940 maio,
1306 4879 1354 4925 et
1379 4870 1462 4939 [ac
1488 4869 1672 4924 bonum
1693 4882 1896 4938 mutare

314 4990 513 5044 ρκειιι,
541 4981 590 5026 et
614 4985 820 5042 sequere
856 4984 965 5024 eam
989 4965 1162 5035 (Psal.
1206 4978 1371 5019 x-xxtu
1393 5004 1406 5025 ,
1439 4959 1653 5033 1545).
1695 4959 1895 5015 Horum

315 5068 548 5122 omnium
568 5076 761 5120 caetera
785 5061 1057 5131 superiora
1081 5066 1207 5114 sunt
1235 5057 1288 5112 in
1316 5063 1586 5124 praecepto
1603 5093 1619 5119 ,
1652 5052 1894 5106 ultimum

317 5159 369 5214 in
398 5158 638 5229 praemio.
668 5156 801 5211 Nam
840 5162 901 5209 ιιι
940 5150 1286 5208 cohibeamus
1322 5146 1555 5216 linguam
1594 5152 1830 5199 nostram
1863 5158 1895 5197 a

318 5250 476 5316 malo,
490 5256 554 5304 et
594 5247 732 5302 labia
775 5254 957 5300 nostra
978 5257 1083 5297 non
1109 5241 1390 5309 loquantur
1410 5235 1591 5292 dolum
1612 5277 1627 5299 ,
1653 5233 1893 5290 decline-

321 5356 439 5397 mus
459 5356 490 5394 a
510 5339 671 5407 malo,
698 5347 755 5395 et
778 5336 1032 5392 faciamus
1051 5334 1270 5395 bonum,
1301 5336 1358 5385 ut
1384 5322 1684 5399 quaeramus
1710 5339 1893 5395 pacem

382 5475 397 5504 ¹
425 5483 523 5523 Αιιι.
558 5479 631 5522 Er.
651 5470 784 5529 rain,
816 5465 964 5519 corde
985 5465 1234 5526 caritatem
1254 5458 1385 5512 mata
1401 5456 1600 5524 tiu-iens,
1618 5455 1748 5507 ηιαια
1784 5469 1897 5520 pcr-

321 5547 507 5587 Iatm
521 5534 824 5586 erubescas.
1038 5561 1047 5569 -

382 5578 847 5648 Γψεξειῖιῖιιιῖιὶιξδῖἶιῖἱιὲι
873 5592 928 5642 17
945 5588 1283 5653 castigavitnus
1307 5597 1400 5649 Ope
1423 5583 1627 5634 duomm
1649 5578 1709 5631 cl.
1739 5587 1789 5630 et
1821 5593 1896 5643 gr.

323 5670 408 5708 rm.
450 5673 497 5709 ιι.
522 5667 624 5708 Am.
646 5663 725 5706 Er.
750 5663 855 5705 Par.
875 5659 983 5703 Lov.

380 5720 452 5844 ξῗξ
469 5721 1069 5842 ἷὲξίξιᾜωιιοῗιὶιιιδ
1082 5771 1161 5823 50.

1725 314 1954 381 smne
1990 294 2129 378 xvt'.

3460 348 3585 407 '12!

1998 438 2305 512 prmeipitur
2330 443 2481 501 nobis
2508 465 2518 501 :
2548 455 2605 502 ut
2633 458 2807 505 autem
2828 466 3122 525 sequamur
3148 472 3288 523 eam,
3317 463 3585 530 promitti-

2001 543 2087 587 tur
2122 535 2298 590 nobis.
2341 538 2471 605 Qua:
2507 536 2606 594 ista
2630 542 2735 613 pax
2767 554 2881 611 est,
2920 544 3024 601 nisi
3071 564 3227 619 quam
3274 567 3377 607 non
3423 553 3582 610 habet

1999 626 2227 683 mundus
2244 628 2270 681 ἲ
2297 629 2425 695 Qua:
2448 631 2545 685 ista
2571 640 2669 703 pax
2705 645 2786 690 est
2808 679 2824 703 ,
2850 638 2952 693 nisi
2977 656 3135 709 quam
3166 658 3268 696 non
3300 643 3460 699 habet
3482 645 3581 699 ista

1996 718 2099 772 vita
2122 759 2136 783 ,
2163 735 2284 790 qua:
2313 722 2366 777 in
2398 722 2552 794 hujus
2584 727 2708 781 vita:
2745 733 3139 799 comparatione
3168 749 3269 788 nec
3310 735 3415 789 vita
3456 746 3538 792 est
3564 738 3583 790 ἓ

1993 806 2177 881 Neque
2206 813 2353 868 enim‘
2377 813 2444 871 de
2481 816 2580 873 ltac
2617 819 2721 874 vita
2751 820 2980 889 diceret,
3019 823 3144 891 Quis
3169 835 3241 880 est
3269 827 3418 882 homo
3438 869 3453 895 ,
3494 833 3582 899 qui

1995 902 2100 954 vult
2124 902 2272 957 vitam
2294 905 2318 958 .9
2343 914 2397 961 et
2423 906 2487 961 ad
2517 907 2668 963 istam
2702 911 2786 964 vel
2812 912 3141 969 retinendam
3169 916 3251 971 vel
3280 917 3578 985 producen-

1993 989 2114 1045 dam
2147 995 2425 1064 prreceptis
2454 1001 2900 1069 consetmentihus
2944 1001 3286 1069 hortaretur,
3328 1016 3576 1076 tanquam

1994 1090 2049 1136 et
2077 1081 2228 1137 istam
2250 1085 2368 1154 quis
2394 1100 2499 1141 non
2521 1088 2682 1144 vellet
2714 1090 2752 1143 ⁸.
2780 1090 2912 1146 Nam
2934 1101 2988 1148 et
3017 1092 3130 1149 hac
3155 1104 3368 1166 optatur
3385 1099 3577 1153 saltem

1995 1176 2218 1245 prolixa,
2250 1179 2371 1248 quia
2393 1195 2496 1234 non
2527 1191 2702 1252 potest
2722 1198 2843 1240 esse
2862 1186 3182 1256 sempiterna
3205 1206 3217 1243 :
3248 1196 3302 1242 et
3327 1203 3421 1258 per
3440 1189 3579 1245 hanc

1994 1276 2168 1338 potest
2209 1273 2369 1326 homo
2408 1274 2686 1342 pervenire
2714 1277 2781 1331 ad
2823 1277 3002 1345 illam,
3035 1279 3081 1333 si
3126 1279 3574 1349 quemadmodum

1993 1359 2103 1412 vult
2130 1374 2248 1415 eam
2280 1361 2511 1432 lOngam,
2557 1364 2635 1419 sic
2680 1366 2807 1421 velit
2834 1374 2887 1422 et
2934 1368 3151 1423 bonam.
3198 1370 3465 1437 Quantum
3494 1380 3579 1425 est

1992 1457 2168 1504 autem
2209 1450 2265 1505 in
2290 1451 2389 1507 hac
2412 1453 2539 1517 vita,
2562 1454 2781 1525 longum
2800 1500 2816 1515 .
2842 1457 2990 1527 quod
3015 1459 3112 1513 erit
3142 1459 3430 1530 aliquando
3455 1459 3576 1515 tini-

1993 1540 2145 1594 ιιιιηῖ
2182 1540 2245 1595 Et
2287 1542 2429 1613 quod
2479 1553 2594 1600 erat
2640 1546 2890 1618 longum,
2932 1549 3034 1604 erit
3072 1550 3315 1605 uultum:
3364 1552 3486 1622 quia
3523 1561 3580 1607 et

1991 1627 2205 1697 quando
2232 1639 2347 1691 erat
2365 1673 2380 1697 ,
2411 1646 2516 1687 non
2545 1634 2755 1700 stabat;
2783 1637 2997 1706 quando
3026 1638 3435 1707 producebatur,
3469 1655 3575 1695 non

1990 1720 2318 1790 angebatur;
2365 1738 2463 1779 nec
2505 1723 2750 1781 addendo
2790 1727 3095 1793 crescebat,
3144 1728 3264 1798 quia
3314 1729 3577 1784 veniendo

1990 1810 2274 1866 recedebat
2299 1813 2341 1865 ’.

2059 1899 2289 1957 CAPUT
2328 1900 2391 1955 ﬂ.
2411 1931 2483 1942 -—
2503 1900 2560 1956 2.
2598 1901 2713 1957 Vita
2741 1903 2873 1958 bona
2914 1905 2995 1959 hic
3022 1906 3282 1960 sectanda.
3311 1905 3579 1962 Redime

1989 2001 2188 2063 tempus
2214 1995 2354 2063 quid.
2386 1993 2642 2066 Quisquis
2684 1996 2843 2065 igitur
2877 2010 2938 2053 es
2972 2007 3180 2052 amator
3216 1998 3388 2069 longa:
3431 1999 3573 2064 vitae,

1990 2091 2108 2139 esto
2133 2084 2310 2154 potius
2334 2084 2487 2140 bona:
2510 2085 2651 2139 vita.
2691 2085 2823 2140 Nam
2846 2086 2899 2141 si
2924 2086 3061 2141 male
3094 2087 3274 2142 vivere
3298 2087 3532 2143 voiueris
3555 2128 3571 2151 ,

1993 2172 2149 2243 longa
2177 2174 2281 2227 vita
2309 2188 2414 2228 non
2461 2174 2564 2228 erit
2582 2189 2766 2229 verum
2818 2174 3035 2240 bonum,
3080 2175 3173 2230 sed
3206 2176 3311 2230 erit
3360 2175 3574 2246 longum

1991 2263 2210 2319 malum.
2244 2263 2375 2319 Vide
2398 2274 2578 2318 autem
2604 2276 2767 2335 quam
2788 2264 2863 2319 sis
2888 2263 3152 2320 absurdus
3170 2274 3337 2335 atque
3362 2278 3579 2335 perver-

1984 2369 2083 2411 ‘sus
2113 2371 2128 2408 :
2155 2369 2276 2411 cum
2300 2363 2351 2410 te
2374 2356 2533 2409 vitam
2558 2354 2772 2410 fatearis
2786 2354 3120 2425 plusamare,
3151 2369 3310 2425 quam
3333 2355 3513 2410 villam
3530 2357 3553 2388 ³

1992 2445 2171 2501 villam
2192 2446 2274 2501 vis
2298 2446 2473 2515 petius
2490 2444 2688 2501 bonum
2714 2444 2930 2510 habere,
2952 2459 3112 2515 quam
3140 2446 3323 2500 vitam.
3351 2445 3485 2500 Nam
3514 2457 3574 2501 ut

1993 2536 2245 2607 inhiando
2260 2546 2312 2592 et
2341 2536 2481 2593 male
2501 2535 2926 2606 concupiscendo
2942 2536 3254 2607 adipiscaris
3275 2535 3457 2591 vilium
3480 2537 3579 2593 bu-

1993 2642 2138 2694 nam,
2171 2625 2466 2682 fraudando
2504 2625 2677 2682 'eﬂieis
2713 2627 2876 2681 vitam
2898 2627 3119 2682 malam.
3169 2627 3370 2682 Tm
3402 2628 3451 2687 si
3472 2628 3575 2684 tibi

1992 2717 2278 2782 diceretur,
2308 2718 2354 2773 si
2382 2733 2412 2771 a
2438 2726 2491 2774 te
2515 2724 2865 2788 quat-emtor,
2895 2725 3071 2773 utrum
3095 2718 3283 2774 aniles
3302 2719 3423 2774 villa
3440 2718 3577 2782 bona

1990 2825 2176 2867 carere
2215 2809 2520 2881 perdendo,
2548 2825 2614 2864 an
2664 2810 2772 2865 vita
2824 2810 2960 2865 maia
2986 2810 3307 2876 moriendo;
3350 2824 3573 2880 respon-

1992 2901 2170 2968 deres,
2195 2910 2268 2966 te,
2289 2901 2334 2955 si
2374 2908 2660 2970 utrumque
2697 2901 2931 2956 retinere
2971 2915 3077 2955 non
3107 2914 3314 2971 posses,
3343 2901 3579 2970 paratio-

1995 3007 2108 3047 rem
2138 3006 2259 3047 esse
2280 3000 2341 3046 ut
2383 2991 2506 3046 villa
2535 2991 2627 3047 tibi
2675 2990 2996 3047 auferretur.
3036 2992 3146 3047 Cur
3168 2992 3330 3063 igitur
3358 3006 3464 3047 non
3499 2992 3579 3048 sic

1992 3091 2201 3139 amatur
2241 3084 2369 3147 vita,
2403 3091 2462 3138 ut
2490 3082 2562 3137 sit
2605 3083 2767 3139 etiam
2796 3083 2954 3145 bona,
2982 3098 3102 3153 qua:
3127 3082 3222 3139 abs
3254 3092 3307 3139 te
3330 3083 3579 3139 omnibus

1995 3175 2099 3228 tuis
2130 3173 2284 3227 bonis
2304 3173 2580 3243 praefertur
2602 3173 2764 3228 etiam
2793 3172 2971 3227 maia?
2992 3173 3156 3242 Cupis
3177 3182 3325 3228 certe
3343 3182 3402 3227 ut
3420 3173 3578 3244 longa

1993 3265 2083 3330 sit,
2121 3265 2242 3320 licet
2270 3264 2409 3319 mala
2428 3265 2541 3319 sit:
2570 3264 2678 3318 into
2706 3263 2788 3318 fac
2806 3272 2864 3317 ut
2890 3264 3025 3318 bona
3063 3263 3149 3330 sit,
3174 3271 3228 3319 et
3252 3263 3363 3319 noli
3390 3263 3581 3319 timere

1994 3372 2062 3411 ne
2092 3356 2267 3412 brevis
2291 3355 2380 3410 sit.
2414 3353 2546 3409 Nam
2572 3355 2618 3410 si
2660 3363 2713 3410 te
2739 3355 2969 3410 sollicito
3014 3354 3150 3410 bene
3176 3354 3370 3425 agitur,
3399 3363 3451 3409 te
3493 3368 3582 3408 se-

1995 3462 2125 3503 curo
2140 3445 2258 3502 cito
2286 3445 2516 3501 finietur.
2553 3444 2815 3501 Succedet
2841 3446 2888 3500 ei
2921 3459 3151 3514 namque
3195 3444 3304 3498 vita
3356 3451 3576 3504 menta,

1994 3537 2111 3590 sine
2137 3545 2283 3589 metu
2304 3536 2480 3601 beata,
2506 3535 2622 3589 sine
2648 3534 2755 3589 fine
2779 3535 2953 3605 longa.
2980 3534 3054 3588 De
3082 3533 3168 3587 illa
3195 3532 3393 3602 quippe
3421 3532 3580 3586 inter-

1997 3637 2168 3699 rogat,
2196 3628 2285 3697 qui
2311 3627 2457 3691 dicit,
2493 3627 2718 3693 Quis‘est
2743 3626 2895 3679 hante
2933 3625 3021 3694 qui
3047 3624 3154 3678 uult
3174 3624 3347 3684 vitam,
3379 3633 3426 3675 et
3453 3621 3580 3675 dili-

1995 3721 2067 3792 git
2095 3720 2262 3773 videre
2302 3718 2409 3772 dies
2436 3716 2592 3771 bona:
2617 3717 2643 3770 ?
2680 3716 2737 3770 In
2777 3715 2878 3769 hac
2915 3722 3093 3769 autem
3139 3713 3246 3768 vita
3285 3713 3440 3783 jubet
3478 3729 3580 3768 nos

1997 3809 2285 3880 Apostolus
2327 3807 2594 3864 redintere
2629 3814 2861 3877 tempus,
2890 3805 3140 3874 quoniam
3160 3804 3275 3858 dies
3300 3803 3426 3858 mali
3453 3812 3582 3867 sunt.

1999 3900 2214 3973 (Ep/tes.
2243 3915 2296 3965 v,
2327 3896 2440 3972 18).
2484 3897 2556 3952 Et
2588 3896 2719 3968 quid
2782 3902 2867 3951 est
2884 3896 3152 3950 redimere
3193 3903 3421 3964 tempus,
3451 3894 3581 3963 nisi,

1995 4010 2117 4049 cum
2164 4006 2299 4063 opus
2348 4000 2451 4056 est,
2494 3989 2657 4045 etiam
2683 3986 3009 4044 detrimento
3032 3984 3402 4063 temporalitnn
3430 3999 3583 4039 coma

1998 4061 2274 4141 modorum
2296 4080 2373 4137 ad
2408 4088 2606 4136 retenta
2625 4077 2919 4149 qumrenda
2942 4084 2999 4133 et
3039 4061 3366 4145 capessenda
3405 4074 3582 4144 spatia

1998 4173 2253 4244 temporis
2275 4183 2585 4238 contparare
2611 4166 2688 4238 (α)
2712 4166 2737 4221 ?
2763 4165 2915 4222 Unde
2938 4173 2992 4220 et
3030 4163 3286 4223 Dominus
3312 4163 3574 4235 prmeipit,

1996 4267 2203 4330 dicens,
2248 4261 2310 4318 Si
2358 4260 2469 4329 quis
2508 4258 2718 4313 uoluerit
2749 4267 2912 4312 tecum
2943 4256 3141 4326 judicia
3170 4255 3489 4320 contendere,
3527 4263 3581 4309 et

1992 4339 2223 4411 tunicam
2250 4360 2394 4406 tuam
2415 4348 2610 4416 tollere,
2638 4347 2834 4419 dimitte
2856 4347 2934 4401 tu;
2962 4356 3008 4402 et
3040 4346 3251 4417 pallium
3283 4343 3494 4415 (Matth.
3521 4340 3575 4408 v,

1998 4449 2094 4518 40)
2126 4464 2140 4501 :
2174 4453 2232 4500 nt
2271 4443 2476 4498 scilicet
2523 4440 2717 4496 amissa
2749 4454 2807 4494 re
2831 4439 3009 4509 aliqua
3045 4436 3341 4507 temporali,
3375 4435 3577 4507 impen-

1998 4540 2097 4597 das
2123 4536 2187 4592 ad
2208 4536 2461 4607 quietem,
2485 4531 2627 4604 quod
2651 4545 2772 4586 eras
2797 4530 3132 4598 impensurus
3155 4527 3223 4583 ad
3241 4528 3411 4583 litem.

2069 4624 2299 4685 CAPUT
2337 4623 2425 4679 lll.
2455 4652 2528 4664 —
2555 4623 2610 4678 ὅ.
2652 4619 2768 4675 Vita
2791 4620 2844 4673 in
2867 4617 3077 4675 Psalmo
3116 4633 3349 4688 quaenam
3388 4632 3580 4686 propo-

2000 4721 2157 4775 nitur.
2202 4715 2356 4784 Quod
2398 4713 2578 4783 itaque
2620 4726 2725 4767 non
2771 4709 2853 4777 de,
2904 4710 3012 4763 vita
3072 4718 3126 4762 et
3175 4706 3363 4762 diebus
3420 4703 3581 4776 hujus.

1990 4811 2260 4883 temporis
2280 4810 2525 4880 loquatur
2548 4805 2777 4875 Spiritus
2810 4803 2925 4870 Dei,
2949 4802 3152 4864 dicens,
3187 4801 3311 4866 Quis
3335 4806 3406 4853 est
3430 4799 3580 4852 homo

2001 4906 2088 4977 qui
2114 4903 2216 4959 vult
2239 4903 2427 4966 vitam,
2457 4907 2501 4954 et
2540 4898 2680 4967 cupit
2720 4896 2887 4950 uidere
2925 4895 3030 4948 dies
3070 4891 3267 4947 bonos?
3305 4888 3580 4959 sequentia

2002 5000 2212 5055 docent.
2244 4993 2390 5048 Talia
2418 4990 2561 5046 enim
2612 4996 2873 5058 pmcepta
2919 4983 3207 5053 subjungit,
3237 4981 3430 5050 quibus
3477 4979 3579 5034 ob-

2002 5084 2267 5145 audiendo
2282 5082 2448 5137 vitam
2472 5090 2527 5135 et
2551 5079 2664 5134 dies
2675 5078 2845 5134 bonos
2859 5074 3054 5130 habere
3077 5071 3363 5142 possimus,
3380 5077 3439 5123 ut
3465 5068 3580 5124 lucc

2003 5182 2110 5236 vita
2137 5192 2295 5249 quam
2325 5187 2466 5230 nunc
2490 5170 2714 5242 agimus,
2744 5176 2799 5222 et
2822 5165 2876 5220 hi
2900 5164 3016 5220 dies
3057 5177 3155 5234 pro
3188 5160 3389 5217 eisdem
3433 5175 3578 5230 pra:-

2003 5272 2173 5342 eeptis
2199 5264 2481 5339 implendis
2510 5263 2819 5334 plerumque
2851 5254 3126 5313 amittendi
3168 5255 3296 5310 sint.
3348 5250 3578 5311 Proinde

2203 5423 2387 5485 aliquot
2424 5427 2529 5468 ius.
2560 5424 2616 5468 At
2654 5414 2788 5475 editi,
2811 5423 3081 5479 quanquam
3103 5407 3309 5459 cristam
3351 5404 3457 5469 quis
3488 5418 3581 5456 non

2005 5485 2155 5541 uelit?
2539 5497 2545 5502 '

2070 5542 2579 5608 suss.,trausibal.___
2699 5599 2759 5608 __
2825 5595 2837 5608 ,
2934 5599 2947 5608 ,
2999 5607 3002 5608 ν
3421 5589 3464 5608 __.

2072 5612 2092 5643 ³
2116 5597 2251 5664 Εόὶιῖ,
2276 5617 2386 5655 cum
2418 5610 2463 5653 te
2497 5599 2658 5652 tiliam
2692 5597 2860 5660 litteris
2895 5599 3007 5663 plus
3040 5603 3206 5642 nutare
3240 5603 3384 5653 quam
3420 5597 3584 5656 ruant.

2007 5671 2328 5722 Emendantur
2352 5667 2428 5715 hic
2440 5664 2499 5712 ad
2522 5670 2628 5711 Mss.

2072 5756 2143 5816 ta)
2177 5750 2275 5801 \‘id.
2300 5757 2451 5799 Serm.
2480 5746 2567 5796 167
2590 5746 2637 5795 in
2661 5743 2787 5793 hunc
2809 5741 2964 5791 locum
2989 5735 3212 5819 .tj‘ostoli.
