4076 6198
433 372 479 428 si
506 370 646 427 hanc
666 370 863 438 vitam,
892 369 946 423 in
970 380 1073 439 qua
1093 378 1237 422 nunc
1261 376 1451 420 sumus
1468 405 1485 431 ,
1512 360 1934 418 intellexerimus
1963 357 2016 412 in

433 478 502 521 eo
518 463 660 536 quod
680 464 881 519 dictum
924 457 1204 541 estnota}
1243 466 1316 513 est
1351 456 1501 511 homo
1546 455 1634 528 qui
1681 452 1789 507 uult
1827 446 2020 505 vitam?

432 565 489 610 et
525 563 742 625 propter
785 551 922 606 hanc
953 548 1251 606 habendam
1290 563 1412 618 qua:
1446 550 1837 603 connectuntur
1882 558 2016 611 prte-

431 655 583 714 cepta
612 644 904 707 faciamus;
928 640 1057 712 quid
1079 640 1250 696 acturi
1291 653 1509 704 sumus,
1545 652 1667 694 cum
1720 635 1909 706 aliquis
1961 633 2014 688 in

431 736 628 791 malitia
657 742 843 805 potens
868 742 1095 789 mortem
1115 731 1270 787 nobis
1300 729 1462 786 fuerit
1488 727 1844 785 comminatus
1863 766 1879 793 ,
1912 725 2014 779 nisi

431 827 620 882 falsum
645 824 1006 880 testimonium
1035 822 1370 879 dixerimus?
1399 820 1642 876 Profecto
1668 818 1814 875 enim
1843 817 1889 872 si
1932 816 2013 870 fe-

425 919 660 974 cerimus
701 918 844 989 quod
885 918 974 972 hic
1009 902 1246 987 jubetur,
1300 912 1487 971 Cohibe
1528 912 1755 983 linguam
1800 919 1941 963 tuam
1980 925 2014 962 a

429 1012 586 1075 malo,
637 1021 697 1066 ut
747 1018 968 1081 propter
1011 1009 1115 1065 hoc
1155 1016 1476 1080 prmccptum
1530 1003 1819 1061 testimonii
1860 1002 2012 1056 falla-

423 1107 563 1161 ciam
594 1118 934 1170 recusemus,
963 1103 1114 1174 quasi
1144 1100 1352 1170 decepti
1374 1098 1668 1155 videbimur
1689 1113 1707 1150 :
1734 1096 1857 1166 quia
1886 1109 2011 1164 pro-

425 1203 544 1264 pter
572 1195 829 1251 habenda:
877 1194 1000 1249 vitae
1045 1191 1391 1262 cupiditatem
1430 1196 1749 1259 praeceptum
1798 1200 2011 1243 servare

423 1288 778 1358 suscepimus,
812 1295 866 1340 et
889 1301 1006 1341 eam
1029 1285 1198 1355 magis
1218 1290 1539 1354 praeceptum
1578 1278 1840 1336 servando
1882 1294 2008 1348 per-

424 1376 681 1432 didimus.
714 1377 884 1432 Porro
922 1376 967 1431 si
993 1376 1156 1431 vitam
1210 1371 1630 1430 intellexerimus
1671 1371 1723 1425 in
1749 1379 2007 1425 aeternum

426 1467 659 1532 beatam,
692 1482 848 1536 quam
896 1478 1013 1537 post
1065 1467 1220 1521 istam
1271 1466 1412 1520 Deus
1447 1464 1593 1520 dabit
1641 1462 2009 1519 ohedientibus

420 1556 559 1621 sibi;
586 1556 775 1628 dequa
821 1557 1076 1613 Dominus
1112 1557 1248 1612 dixit
1283 1556 1351 1610 ad
1380 1554 1694 1626 quemdam,
1722 1553 1784 1609 Si
1822 1554 1895 1608 vis
1927 1569 2009 1608 ve-

417 1650 529 1703 nire
554 1649 624 1702 ad
652 1653 805 1703 vitam
823 1690 839 1713 ,
880 1665 1027 1703 serva
1050 1648 1292 1703 nmndata
1319 1646 1530 1720 (Hau/1.
1558 1662 1649 1701 xu
1670 1686 1685 1711 ,
1712 1646 1799 1715 i7)
1834 1661 1847 1697 :
1881 1653 2006 1701 tunc

422 1753 553 1793 vero
575 1739 905 1809 interrogati,
938 1738 1062 1802 Quis
1082 1747 1157 1792 est
1193 1739 1352 1792 homo
1379 1738 1470 1809 qui
1514 1737 1620 1792 vult
1669 1736 1856 1802 vitam;
1911 1751 2005 1792 re—

414 1830 745 1898 spondemus
770 1843 867 1882 nos
902 1828 1037 1883 velle
1063 1828 1251 1893 vitam,
1283 1836 1337 1881 et
1367 1827 1413 1880 si
1435 1827 1595 1882 etiam
1623 1826 1724 1883 sub
1745 1826 1861 1896 ipso
1883 1840 2006 1897 per-

413 1921 649 1977 eussoris
702 1922 808 1975 ictu
855 1920 1129 1976 veritatem
1174 1919 1510 1995 servabimus
1552 1919 1606 1973 in
1656 1918 2001 1984 testimonio,

414 2021 643 2068 mortem
667 2012 1061 2068 contemnimus
1089 2010 1142 2066 in
1173 2010 1396 2077 mundo,
1422 2010 1587 2066 vitam
1624 2010 2007 2082 consequimur

410 2105 468 2157 in
493 2103 652 2158 cmlo.

481 2193 538 2247 4.
570 2191 691 2248 Dies
706 2191 820 2247 boui
848 2192 901 2245 in
929 2191 1144 2262 psalmo,
1169 2206 1271 2245 non
1299 2190 1450 2257 huius
1473 2190 1649 2245 muli
1667 2232 1684 2256 ,
1715 2192 1805 2245 sed
1827 2194 2001 2247 aeterni

411 2283 789 2352 promittuntur.
847 2280 1011 2351 Loqui
1056 2281 1254 2336 dolum.
1298 2280 1412 2337 Hoc
1481 2280 1551 2337 de
1594 2280 1786 2337 diebus
1847 2282 2001 2339 bonis

410 2373 783 2444 intelligamus.
812 2372 944 2427 Nam
967 2371 1015 2427 si
1046 2380 1264 2441 propter
1304 2370 1424 2427 dies
1469 2372 1751 2441 praesentis
1775 2373 1956 2428 steculi
1976 2413 1996 2440 ,

409 2463 503 2534 qui
528 2461 942 2527 bonidicuntur,
985 2470 1042 2517 et
1065 2476 1172 2517 non
1199 2468 1324 2516 sunt
1344 2502 1361 2527 ,
1406 2461 1459 2515 in
1510 2461 1781 2530 sepultura
1821 2463 1999 2519 cordis

406 2568 513 2626 per
529 2552 807 2623 epularum
833 2564 1056 2623 aggeres
1072 2592 1088 2617 ,
1116 2551 1173 2606 in
1200 2550 1427 2605 luxuria;
1449 2564 1513 2605 ac
1538 2550 1840 2606 vinolentia:
1867 2567 1996 2623 gur-

407 2643 639 2715 gitibus,
662 2644 717 2697 in
762 2641 1083 2713 turpissimis
1114 2640 1403 2712 ingluvium
1442 2640 1800 2710 voluptatibus
1828 2642 1845 2673 ¹
1884 2660 1898 2697 :
1951 2643 1995 2697 si

407 2749 538 2805 ergo
565 2741 781 2804 propter
811 2732 940 2788 istos
980 2731 1132 2797 dies,
1166 2731 1317 2801 quasi
1362 2740 1579 2802 propter
1617 2730 1735 2789 dies
1781 2732 1951 2788 bonos
1975 2773 1992 2799 ,

409 2826 805 2896 susceperimus
838 2833 1198 2895 pmeeptum,
1248 2832 1309 2880 ut
1350 2823 1490 2880 labia
1535 2831 1716 2879 nostra
1761 2839 1867 2879 non
1913 2825 1995 2880 lo-

401 2925 642 2986 quantur
667 2915 885 2982 dolum;
916 2915 1229 2986 plerumque
1251 2915 1387 2971 tales
1407 2915 1524 2971 dies
1565 2925 1762 2987 cogunt
1791 2927 1993 2972 amato-

408 3022 497 3063 res
522 3022 653 3063 suos
680 3007 823 3078 loqui
848 3007 1051 3074 dolum,
1078 3015 1135 3063 et
1162 3008 1295 3062 tales
1317 3008 1434 3063 dies
1470 3019 1732 3078 negantur
1772 3010 1851 3065 eis
1901 3012 1990 3080 qui

402 3112 514 3153 non
542 3100 828 3169 loquuntur
853 3098 1054 3153 dolum.
1082 3097 1218 3166 Quid
1245 3098 1388 3152 enim
1408 3098 1550 3154 aliud
1575 3107 1656 3154 est
1677 3139 1693 3165 ,
1726 3099 1867 3170 loqui
1898 3100 1994 3155 do-

403 3187 542 3254 lum,
568 3188 668 3244 nisi
693 3188 837 3244 aliud
865 3188 1018 3243 labiis
1058 3202 1328 3259 promere,
1370 3202 1491 3243 eum
1533 3189 1677 3245 aliud
1715 3189 1992 3246 claudatur

404 3280 463 3334 in
489 3280 739 3348 pectore?
768 3278 849 3335 Ad
881 3279 982 3335 hoc
1005 3279 1237 3335 maxime
1282 3279 1617 3335 adulatorum
1654 3282 1855 3336 exarsit
1896 3298 1991 3338 ne-

395 3371 634 3440 gotium;
663 3370 787 3440 quia
818 3386 953 3441 pene
978 3384 1213 3439 semper,
1246 3385 1315 3425 ne
1343 3369 1727 3439 prohibeantur
1764 3372 1833 3427 ab
1875 3373 1989 3443 Opi-

405 3464 508 3516 ntis
529 3463 729 3517 mensis
757 3464 1133 3532 apparatisque
1175 3462 1469 3528 conviviis,
1512 3462 1835 3519 blandiendo
1878 3480 1987 3520 non

400 3559 578 3605 tacent
608 3549 839 3613 falsum;
880 3561 935 3607 et
979 3553 1048 3607 ab
1085 3552 1171 3607 bis
1220 3552 1628 3622 prohibentur’,
1667 3553 1713 3608 si
1758 3555 1989 3611 amando

398 3643 571 3699 Deum
601 3644 837 3700 dixerint
864 3662 1068 3701 verum.
1101 3647 1244 3717 Ergo
1274 3655 1490 3717 propter
1515 3647 1646 3703 istos
1675 3647 1792 3705 dies
1810 3690 1825 3710 .
1850 3664 1987 3720 quos

398 3744 594 3805 putant
612 3736 800 3803 bonos,
830 3748 890 3793 ut
913 3739 993 3795 eis
1033 3738 1406 3806 exhibeantur,
1437 3740 1730 3809 loquuntur
1763 3741 1980 3809 dolum;

394 3836 456 3882 et
473 3827 553 3883 eis
576 3839 855 3899 negantur,
887 3830 933 3885 si
958 3844 1065 3884 non
1097 3829 1389 3900 loquuntur
1411 3829 1616 3886 dolum.

467 3938 696 3996 CAPUT
714 3939 879 3996 lV.—
904 3940 1006 3996 Alii
1028 3952 1156 3999 sunt
1181 3940 1340 4011 igitur
1363 3941 1479 3997 dies
1505 3941 1631 3997 boni
1655 3982 1670 4007 ,
1697 3941 1766 3999 de
1791 3944 1983 4014 quibus

396 4030 771 4102 admonemur,
798 4045 857 4088 ut
883 4035 927 4089 si
957 4047 1052 4090 eos
1077 4033 1259 4089 videre
1283 4033 1551 4106 diligimus
1570 4074 1586 4102 ,
1636 4034 1981 4091 cohibeamus

394 4139 425 4179 a
454 4124 596 4179 malo
620 4125 849 4195 linguam
873 4167 890 4192 ,
916 4141 1017 4181 nec
1053 4125 1234 4181 dolum
1262 4126 1563 4197 loquamur.
1599 4125 1715 4181 Non
1749 4136 1875 4182 sunt
1911 4126 1980 4185 de

397 4216 500 4271 isto
523 4217 719 4272 saeculo
747 4216 862 4271 dies
884 4217 991 4271 illi:
1014 4231 1120 4270 non
1139 4231 1233 4272 eos
1246 4216 1406 4272 habet
1420 4217 1615 4273 coelum
1637 4216 1778 4288 quod
1798 4226 1975 4273 trans-

396 4310 488 4374 iet,
518 4308 612 4364 sed
661 4309 802 4380 quod
835 4310 1205 4378 permanebit;
1232 4324 1339 4363 non
1374 4323 1470 4365 eos
1504 4310 1651 4365 novit
1688 4318 1828 4365 terra
1857 4326 1977 4365 mo-

395 4399 675 4465 rientium,
720 4401 814 4456 sed
844 4411 984 4456 terra
1031 4401 1346 4456 viventium.
1386 4401 1494 4457 Hos
1531 4402 1773 4473 quisquis
1823 4402 1979 4458 intel-

396 4492 583 4547 lexerit
607 4501 661 4548 et
688 4492 968 4558 dilexerit,
997 4493 1230 4563 linguam
1273 4492 1575 4550 cohibet'a
1603 4494 1744 4550 malo
1788 4512 1802 4548 :
1848 4504 1905 4551 et
1930 4495 1977 4550 si

391 4598 514 4638 enm
544 4590 714 4638 terror
735 4585 921 4638 mortis
948 4595 1104 4654 cogat
1128 4583 1192 4639 ad
1212 4584 1431 4653 malum,
1458 4583 1594 4639 labia
1620 4583 1735 4656 ejus
1760 4599 1864 4640 non
1892 4585 1976 4639 lo-

395 4682 634 4744 quuntur
656 4673 838 4729 dolum
863 4692 877 4727 :
900 4682 955 4731 et
978 4675 1023 4729 si
1048 4674 1237 4730 diebus
1261 4674 1520 4732 fallaciter
1544 4675 1697 4732 bonis
1723 4674 1976 4734 invitetur

391 4765 456 4818 ad
485 4763 688 4830 dolum,
715 4766 943 4821 declinat
965 4781 996 4820 a
1021 4766 1163 4822 malo
1188 4766 1351 4823 etiam
1370 4767 1508 4822 inter
1532 4767 1669 4822 bona
1685 4810 1699 4834 ,
1728 4767 1851 4823 facit
1873 4768 1972 4825 bo-

391 4873 516 4912 num
545 4858 703 4913 etiam
730 4860 868 4916 inter
893 4859 1066 4925 mala;
1096 4860 1285 4930 quxerit
1311 4859 1555 4930 pacein",
1581 4875 1699 4931 qtne
1735 4877 1839 4915 non
1890 4870 1973 4916 est

452 5036 465 5065 '
495 5035 628 5102 editi,
665 5032 988 5102 inglnviarum
1017 5033 1369 5102 voluptatibus;
1401 5048 1490 5102 pro
1523 5049 1622 5099 quo
1640 5037 1968 5102 assignatu-

392 5093 521 5144 rium
551 5093 956 5162 uoluptatibus»:-
975 5093 1139 5162 Morel;
1179 5096 1329 5162 them.
1352 5093 1673 5162 'a‘iticq'pag.
1714 5093 1820 5158 125,
1850 5093 1968 5161 "128,

384 5164 557 5223 censet.
591 5156 733 5223 forte
751 5157 1033 5221 legendum,
1067 5156 1334 5223 inguinum.
1362 5156 1684 5223 Lectioném'a
1707 5167 1785 5208 PP.
1808 5156 1969 5211 Bene;

382 5217 577 5283 dictinis
610 5217 863 5267 admissam
896 5217 1243 5283 przejmnit'nus,
1284 5221 1525 5283 siquidem
1556 5233 1754 5270 sensum
1796 5224 1969 5274 rationi

382 5279 580 5328 omnino
613 5279 994 5329 consentaneum
1024 5279 1455 5342 suppeditet,'nec
1484 5280 1628 5331 alium
1666 5295 1871 5333 necesse
1907 5288 1970 5336 sit

381 5342 832 5477 exW1ﬁfu
848 5414 991 5477 νθιξρι
1010 5413 1073 5477 tle
1092 5400 1248 5477 ali
1271 5402 1629 5477 prohibeantur.
1637 5466 1646 5476 _

449 5461 468 5490 ι
490 5437 832 5528 magna:
857 5437 1649 5528 .“ἐἱ”ἷη’ἔὲἕ’ἒίἶιῖ›“ἑῖιέι“ιὶἁι
1689 5466 1849 5527 modo,
1896 5468 1965 5522 lo-

382 5528 610 5589 quuntur,
631 5523 854 5589 declaret,
878 5524 1041 5589 faciat.
1065 5533 1268 5589 quierat,
1289 5523 1533 5589 sequatur.

437 5582 467 5650 _*
642 5582 848 5658 declinet
865 5582 895 5636 ἁ
920 5586 1046 5637 malo
1074 5582 1092 5637 ἑ
1115 5582 1264 5638 etiam
1293 5582 1415 5639 inter
1438 5588 1566 5641 mala
1603 5589 1750 5651 faciat
1773 5590 1961 5658 bonum,

378 5647 661 5696 Winter
682 5647 809 5696 nuda
831 5658 1016 5710 quatrat
1037 5663 1220 5713 pacem.

1632 246 1691 307 S.
1731 243 2096 306 AUGUSTINI
2112 278 2119 283 -
2133 243 2437 307 EPISCOPI

3616 263 3714 321 128

2128 373 2288 447 super
2309 370 2527 430 terram,
2554 370 2610 419 et
2626 364 2864 437 sequitur
2884 378 3006 423 eam
3034 366 3087 423 in
3113 365 3208 425 illo
3234 368 3326 441 qui
3353 369 3477 428 fecit
3518 371 3712 430 (mlum

2125 458 2178 504 Cl
2200 458 2416 507 terram.

2196 544 2250 598 5.
2280 543 2483 609 Quanto
2503 546 2688 602 ardore
2724 550 2993 619 qumrenda
3036 564 3139 621 pax
3174 560 3224 607 et
3262 553 3365 607 vita
3409 563 3614 610 (eterna.
3641 582 3713 597 ~—

2126 632 2375 702 l‘roinde,
2399 638 2611 706 fratres,
2632 641 2992 712 concupiscite
3018 642 3201 712 vitam,
3225 654 3281 700 et
3304 644 3507 718 diligite
3533 648 3711 704 videre

2123 724 2238 780 dies
2263 726 2429 783 bonos
2455 728 2543 784 ubi
2572 731 2713 785 nulla
2742 744 2846 786 nox
2874 732 2973 789 erit
3018 733 3216 790 :vitam
3241 735 3413 806 inqua
3441 736 3557 793 dies
3601 752 3708 793 ma-

2124 817 2205 872 lus
2232 834 2337 873 non
2370 820 2649 888 timeatur;
2684 822 2810 879 dies
2858 820 3062 893 bonos,
3103 826 3155 880 in
3203 828 3394 898 quibus
3437 844 3706 898 nunquam

2126 909 2230 961 vita
2258 906 2495 965 liniatur.
2527 910 2634 966 Sed
2656 912 2701 966 si
2730 913 2867 968 hanc
2891 915 3194 971 mercedem
3223 914 3441 987 diligitis
3461 961 3477 985 ,
3524 926 3709 975 careto

2121 1012 2189 1052 ne
2214 1008 2366 1068 opus,
2399 1000 2550 1070 cujus
2578 1016 2641 1058 ea
2670 1014 2876 1060 merces
2901 1014 3004 1072 est,
3036 1008 3311 1064 recusetis.
3359 1009 3506 1064 Illam
3560 1012 3707 1066 enim

2121 1096 2302 1158 pacem
2330 1092 2616 1161 qiuerendo
2640 1095 2922 1165 sequimini
2954 1114 2967 1150 :
3000 1099 3224 1168 qumrite
3252 1109 3432 1154 autem
3459 1101 3708 1155 manibus

2121 1180 2308 1238 vestris
2334 1194 2490 1240 nocte
2509 1198 2689 1242 coram
2723 1188 2833 1243 Deo
2855 1228 2873 1253 ,
2898 1197 2952 1245 et
2990 1205 3095 1245 non
3138 1191 3474 1261 decipiemini
3519 1192 3539 1263 (
3556 1191 3701 1248 Prol.

2118 1278 2310 1339 Lxxvr,
2335 1268 2416 1345 '5).
2448 1275 2584 1342 Quid
2613 1287 2695 1333 est
2720 1278 2861 1333 enim
2891 1280 3137 1336 manibus
3174 1277 3365 1336 vestris
3387 1322 3399 1345 .
3425 1282 3526 1336 nisi
3572 1296 3703 1352 0pc-

2116 1364 2262 1419 ribus
2288 1368 2515 1422 vestris?
2533 1367 2670 1435 Quid
2699 1379 2783 1424 est
2826 1380 2982 1426 nocte
3006 1412 3021 1437 ,
3065 1372 3164 1426 nisi
3211 1374 3266 1428 in
3318 1373 3702 1430 tribulatione?

2114 1452 2251 1521 Quid
2278 1465 2357 1509 est
2389 1471 2569 1512 coram
2598 1458 2743 1523 Deo,
2784 1460 2886 1514 nisi
2924 1461 3264 1517 conscientia:
3309 1464 3572 1534 puritate?
3610 1464 3699 1520 Sic

2114 1546 2343 1601 vivendo
2368 1556 2423 1602 et
2451 1547 2553 1603 hoc
2571 1549 2821 1615 amando,
2859 1549 3121 1608 habebitis
3156 1553 3324 1609 Deum
3364 1554 3415 1608 in
3455 1563 3703 1610 contem-

2113 1639 2376 1709 platione,
2409 1648 2463 1696 et
2489 1640 2541 1695 in
2565 1639 2656 1696 illo
2686 1643 2847 1698 vitam
2894 1644 3009 1699 sine
3067 1640 3394 1712 defectione;
3438 1644 3556 1701 dies
3601 1647 3698 1702 bo-

2112 1745 2208 1785 nos
2228 1726 2342 1787 sine
2368 1733 2858 1801 contenebratione,
2884 1747 3066 1805 pacem
3094 1737 3210 1791 sine
3228 1735 3586 1793 dissensione.

2601 1863 2829 1921 SERMO
2866 1864 3005 1921 xvu
3054 1867 3195 1938 ‘(a).

2115 1972 2194 2028 De
2211 1990 2269 2029 eo
2289 1976 2427 2046 quod
2450 1977 2636 2031 dicitur
2656 1977 2714 2032 in
2759 1977 2969 2034 Psalmo
2992 1996 3117 2035 xm
3138 2023 3153 2048 ,
3198 1982 3233 2037 5
3255 2025 3271 2050 ,
3325 1983 3467 2041 Deus
3512 1987 3691 2041 mani-

2211 2066 2378 2124 festus
2403 2069 2617 2135 veniet,
2660 2069 2798 2126 Deus
2820 2080 3022 2139 noster,
3054 2077 3107 2128 et
3135 2088 3240 2129 non
3261 2074 3456 2142 silebit,
3485 2086 3585 2131 etc.

2176 2174 2403 2236 CAPUT
2463 2180 2745 2238 PRIMUM.
2808 2212 2880 2223 —
2947 2184 2997 2237 1.
3058 2182 3320 2239 Iudicium
3390 2196 3691 2242 extremum.

2107 2268 2484 2339 Cantavimus,
2541 2272 2765 2342 fratres,
2824 2272 2959 2328 Deus
3005 2276 3300 2345 manifestus
3336 2279 3516 2342 ueniet,
3555 2278 3692 2334 Deus

2105 2372 2302 2429 noster,
2337 2373 2386 2418 et
2450 2381 2551 2418 non
2618 2364 2800 2419 silebit.
2870 2364 3039 2420 Deum
3109 2364 3377 2422 Christum
3445 2367 3689 2439 Scriptu-

2106 2472 2164 2510 ra
2226 2456 2469 2525 praedixit
2547 2467 2828 2512 venturum
2886 2457 2953 2512 ad
3018 2455 3277 2527 judicium
3346 2459 3583 2514 vivorum
3634 2470 3688 2516 et

2106 2558 2459 2601 mortuorum.
2529 2546 2752 2614 Quando
2816 2546 2958 2602 enim
3022 2548 3171 2619 prius
3219 2548 3367 2604 venit
3419 2549 3684 2619 judicari,

2104 2636 2342 2693 occultus
2372 2636 2528 2692 fuit:
2596 2637 2813 2708 quando
2879 2638 3059 2695 veniet
3126 2638 3398 2710 judicare,
3454 2642 3679 2699 manife-

2103 2738 2216 2783 stus
2261 2729 2384 2783 erit.
2415 2728 2584 2796 Quam
2622 2728 2779 2785 fuerit
2824 2737 2951 2786 tunc
2998 2733 3273 2798 occultus,
3320 2732 3444 2790 hinc
3492 2733 3686 2791 intelli-

2100 2819 2209 2889 gite
2260 2819 2401 2889 quod
2450 2820 2525 2874 ait
2565 2820 2894 2891 Apostolus:
2928 2819 2991 2877 Si
3017 2823 3149 2876 enim
3170 2825 3533 2894 cognovissent,
3556 2841 3685 2880 nun-

2099 2927 2253 2981 quam
2300 2909 2575 2965 Dominum
2621 2912 2799 2983 gloria:
2844 2913 3208 2983 cruci/Fatisth
3245 2915 3289 2986 (l
3328 2915 3446 2971 Cor.
3500 2933 3557 2984 ll,
3604 2919 3684 2992 8).

2099 2999 2250 3055 Tunc
2277 3010 2453 3056 autem
2483 3001 2630 3057 siluit
2652 3002 3042 3074 interrogatus,
3067 3006 3204 3060 sicut
3244 3015 3299 3061 et
3336 3006 3681 3078 Evangelium

2103 3092 2353 3162 loquitur,
2390 3102 2445 3149 et
2487 3094 2738 3164 impletur
2788 3095 2839 3150 in
2894 3110 2961 3151 eo
2996 3096 3145 3151 lsaia:
3182 3098 3457 3168 prophetia
3498 3100 3682 3157 dicen-

2099 3184 2165 3237 tis
2197 3201 2210 3236 :
2250 3183 2395 3239 Sicut
2425 3186 2529 3238 ovis
2566 3184 2636 3237 ad
2669 3184 3036 3240 immolandum
3082 3191 3261 3243 ductus
3304 3199 3402 3255 est,
3457 3200 3505 3245 et
3549 3193 3679 3247 sicut

2094 3290 2254 3344 agnus
2282 3290 2452 3328 coram
2476 3274 2709 3329 tondente
2735 3289 2787 3329 se
2813 3277 2907 3346 fuit
2926 3278 3033 3331 sine
3067 3292 3212 3346 voce,
3244 3280 3316 3333 sic
3344 3296 3443 3334 non
3479 3285 3678 3349 aperuit

2094 3380 2316 3417 ossuum
2347 3362 2501 3433 (Issi.
2537 3366 2743 3436 Lill,7).
2781 3364 2953 3421 Veniet
2975 3382 3103 3438 ergo
3140 3369 3466 3439 manifestus,
3502 3382 3548 3426 et
3576 3389 3676 3427 non

2093 3454 2274 3510 silebit.
2298 3455 2378 3510 Ad
2402 3456 2501 3511 hoc
2534 3456 2735 3511 dictum
2773 3468 2892 3525 est,
2941 3457 3062 3513 Non
3103 3461 3322 3527 silebit‘,
3368 3464 3490 3533 quia
3535 3465 3681 3520 siluit

2087 3545 2373 3615 judicatus.
2396 3546 2527 3602 Nam
2557 3556 2814 3617 quantum
2842 3550 3031 3606 attinet
3057 3551 3123 3605 ad
3153 3565 3312 3606 voces
3339 3554 3503 3622 ipsius
3522 3554 3677 3609 nobis

2092 3638 2441 3700 necessarias,
2459 3637 2672 3708 quando
2694 3638 2872 3694 siluit?
2891 3638 3006 3694 Non
3028 3640 3173 3695 siluit
3196 3655 3294 3711 per
3318 3642 3672 3711 Patriarchas,

2061 3742 2197 3795 non
2236 3727 2384 3782 siluit
2408 3742 2504 3798 per
2539 3743 2601 3784 os
2640 3732 2816 3785 carnis
2862 3743 2975 3785 sua:
3017 3749 3030 3784 :
3076 3739 3132 3787 et
3168 3731 3328 3788 modo
3371 3733 3417 3789 si
3460 3735 3673 3800 sileret,

2089 3818 2358 3889 Scriptura
2396 3835 2503 3875 non
2542 3819 2866 3890 loqueretur.
2905 3821 3096 3878 Lector
3139 3823 3414 3891 ascendit,
3461 3835 3517 3881 et
3562 3826 3676 3895 ipse

2089 3925 2195 3964 non
2224 3910 2366 3966 silet.
2397 3910 2674 3967 Tractator
2695 3911 2950 3981 loquitur,
2975 3913 3022 3968 si
3057 3929 3182 3969 vera
3210 3914 3465 3984 loquitur,
3491 3914 3674 3972 Chris—

2088 4009 2176 4057 tus
2202 4001 2455 4072 loquitur.
2478 4002 2535 4058 Si
2572 4003 2756 4059 sileret
2791 4002 3064 4072 Cbristus,
3118 4020 3220 4077 ego
3248 4006 3399 4063 vobis
3430 4009 3529 4063 ista
3565 4023 3669 4063 non

2087 4093 2341 4149 dicerem.
2382 4092 2493 4149 Nec
2536 4108 2634 4164 per
2666 4110 2730 4151 os
2765 4105 3000 4151 vestrum
3042 4096 3189 4152 siluit
3236 4116 3250 4153 :
3291 4113 3412 4153 nam
3456 4100 3685 4169 quando

2086 4184 2413 4251 cantabatis,
2444 4184 2559 4254 ipse
2599 4185 2932 4256 loquebatur.
2965 4186 3079 4242 Non
3119 4187 3276 4254 silet,
3322 4204 3457 4259 opus
3500 4198 3582 4246 est
3606 4200 3666 4245 nt

2087 4289 2188 4330 nos
2213 4274 2511 4341 audiamus,
2535 4275 2630 4331 sed
2654 4290 2784 4332 aure
2811 4276 2994 4332 cordis
3023 4294 3037 4331 :
3084 4292 3205 4333 nam
3247 4278 3401 4335 facile
3442 4288 3524 4335 est
3568 4296 3662 4336 au-

2084 4365 2201 4422 dire
2227 4366 2447 4422 auribus
2483 4367 2680 4422 carnis.
2724 4367 2834 4423 illis
2881 4367 3099 4424 auribus
3135 4369 3321 4425 audire
3371 4369 3665 4435 debemus,

2083 4473 2218 4528 quas
2243 4456 2515 4529 quaerebat
2537 4458 2789 4528 magister
2813 4458 2946 4528 ipse,
2968 4474 3091 4514 cum
3111 4458 3311 4515 diceret
3341 4478 3355 4514 :
3389 4461 3489 4527 Qui
3515 4461 3661 4516 habet

2082 4565 2232 4605 aures
2259 4548 2535 4615 audiendi,
2579 4549 2754 4603 audiat
2792 4548 3009 4617 (Matth.
3048 4565 3177 4617 xm,
3229 4549 3308 4620 9).
3350 4551 3480 4619 Quis
3522 4551 3672 4607 enim

2081 4650 2207 4696 ante
2237 4640 2408 4707 illum,
2435 4639 2650 4710 quando
2677 4639 2778 4695 ista
2805 4638 3042 4706 dicebat,
3075 4641 3192 4697 sine
3223 4642 3442 4698 auribus
3485 4647 3635 4698 carm
3656 4663 3682 4701 s

2081 4731 2278 4786 stabat?
2293 4730 2493 4786 Omnes
2516 4745 2675 4787 aures
2690 4729 2974 4795 habebant,
2993 4741 3049 4787 et
3064 4733 3213 4802 pauci
3228 4733 3495 4790 habebant
3521 4754 3533 4788 :
3556 4751 3663 4790 non

2079 4837 2269 4878 omnes
2291 4821 2556 4878 habebant
2579 4837 2738 4878 aures
2764 4821 3034 4890 audiendi,
3054 4822 3156 4879 hoc
3170 4832 3255 4880 est
3302 4825 3606 4885 obediendi.

2150 4912 2376 4970 CAPUT
2435 4913 2500 4969 ll.
2540 4942 2613 4955 —-
2658 4913 2714 4967 2.
2766 4913 3062 4985 Ργωροεὶιὶε
3126 4933 3307 4972 munus
3349 4917 3659 4990 impositum.

2090 5004 2269 5059 Votum
2321 5005 2393 5076 pii
2447 5005 2682 5076 pastoris.
2747 5004 2916 5074 Quam
2960 5008 3264 5064 terribiliter
3315 5009 3521 5066 locutus
3576 5021 3660 5066 est

2078 5113 2173 5167 per
2217 5097 2528 5168 prophetam
2589 5098 2922 5155 Ezechielem
2944 5141 2960 5166 ,
3006 5099 3169 5157 credo
3202 5101 3521 5158 adhibuistis
3564 5118 3658 5158 au-

2076 5205 2210 5256 rem,
2241 5187 2403 5244 credo
2427 5188 2647 5245 audistis
2687 5188 3135 5259 quemadmodum
3173 5190 3399 5260 dixerit,
3437 5192 3520 5247 Ad
3563 5192 3661 5247 do-

2139 5391 2154 5421 ι
2182 5388 2319 5449 Editi,
2342 5395 2443 5439 Non
2461 5385 2941 5451 silebitjudicaturus
2962 5384 3092 5451 quia.
3127 5388 3293 5450 Abest,
3324 5386 3657 5453 iudicaturus,

2072 5462 2101 5499 a
2126 5457 2467 5575 gsscmtigatus
2508 5519 2586 5562 est
2621 5509 2697 5575 ad
2725 5523 2898 5575 omnes
2935 5510 3134 5575 codices
3176 5513 3381 5574 scriptos
3419 5520 3472 5564 et
3503 5519 3640 5562 eun

2074 5586 2153 5625 sos
2183 5575 2231 5622 in
2254 5571 2484 5623 ser'mone
2507 5571 2803 5636 praecedenti
2842 5571 2983 5621 modo
3025 5571 3321 5635 designatos.

2138 5658 2213 5717 (α)
2246 5655 2384 5719 Alias,
2406 5655 2469 5705 ἤ
2490 5659 2617 5707 inter
2638 5652 2859 5707 Homilias
2880 5656 2955 5705 30-
