4024 6202
328 429 464 467 nium
499 410 660 465 Israel
686 409 884 463 mittam
915 419 963 463 te
981 451 996 475 ,
1029 416 1130 464 non
1151 409 1220 464 ad
1247 409 1491 480 populum
1513 410 1708 464 altioris
1737 411 1924 481 lingua:

327 517 376 560 te
397 506 612 558 mittant.
639 500 879 571 Papulas
907 510 1073 554 autem
1091 499 1180 554 ille
1201 501 1369 554 nolent
1394 499 1572 555 audire
1591 510 1659 565 te,
1688 500 1808 570 quia
1823 516 1918 554 no-

327 599 434 652 lunt
458 596 640 650 audire
666 596 784 648 me‘
812 592 1022 666 (Ezech.
1053 609 1132 660 ιιι,
1155 595 1295 664 5-7).
1324 593 1460 663 Quid
1505 593 1777 660 ostendit,
1817 594 1916 648 nisi

325 691 446 760 quia
473 689 588 758 ipse
614 687 758 743 Deus
782 701 880 756 per
905 684 1224 756 Prophetam
1252 685 1604 756 loquebatur?
1628 685 1760 752 Quia
1790 699 1918 740 vero

329 783 382 835 in
406 780 532 850 ipsis
558 777 743 834 verbis
767 776 1094 848 propheticis
1123 791 1222 832 nos
1250 777 1480 832 maxime
1503 775 1674 831 territi
1698 790 1910 839 sumus,

328 873 382 928 id
436 880 550 936 est,-
594 868 871 940 prchositi
917 881 1054 938 quos
1106 867 1284 938 posuit
1325 867 1468 938 loqui
1525 866 1591 922 ad
1662 866 1912 936 pepulmn

326 978 500 1028 suum,
531 962 682 1032 prius
702 961 756 1015 in
778 959 887 1014 illis
914 959 1093 1014 verbis
1140 959 1380 1014 videmus
1431 957 1618 1012 faciem
1655 964 1911 1012 nostram.

331 1055 758 1111 Demonstratum
827 1059 911 1105 est
959 1050 1102 1105 enim
1147 1049 1335 1116 nobis,
1393 1057 1619 1104 sonante
1673 1047 1907 1110 lectore;

323 1147 468 1209 euasi
494 1144 773 1214 speculum
806 1142 900 1198 ubl
927 1157 1023 1196 nos
1054 1141 1467 1212 inspiceremus;
1500 1150 1556 1196 et
1584 1139 1911 1210 inspeximus

322 1245 416 1289 nos
444 1254 457 1288 :
493 1234 744 1303 inspicite
775 1248 890 1287 vos.
922 1232 1062 1287 Ecce
1087 1246 1186 1301 ego
1208 1231 1378 1298 facio,
1409 1231 1551 1302 quod
1587 1231 1659 1285 ibi
1709 1228 1906 1284 audivi.

325 1327 379 1378 Si
407 1343 512 1379 non
533 1324 848 1384 discreveris,
880 1323 1064 1392 inquit.
1081 1324 1301 1392 justum,
1332 1323 1375 1375 si
1415 1339 1514 1376 non
1551 1321 1738 1376 dixeris
1794 1336 1909 1389 pec-

317 1417 481 1471 eatori
501 1457 517 1480 ,
546 1414 707 1469 Morte
732 1414 982 1477 morieris,
1004 1423 1050 1466 et
1071 1413 1348 1467 ostenderis
1385 1413 1462 1466 illi
1498 1421 1554 1464 ut
1595 1411 1793 1465 recedat
1844 1410 1906 1463 ab

318 1507 667 1576 iniquitatibus
693 1506 832 1569 suis;
863 1505 968 1574 ipse
1001 1505 1200 1572 quidem
1221 1505 1272 1556 in
1316 1504 1531 1572 peccatis
1577 1504 1680 1556 suis
1721 1502 1905 1555 morie-

316 1609 424 1660 tur,
453 1598 750 1667 sanguinem
779 1605 946 1649 autem
975 1595 1084 1663 ejus
1106 1593 1169 1648 de
1205 1611 1359 1646 tnanu
1398 1602 1485 1646 tua
1517 1594 1799 1662 exquiram.
1844 1593 1905 1647 Si

312 1699 492 1740 mitem
521 1688 708 1741 dixeris
727 1728 741 1749 ,
771 1696 820 1741 et
856 1686 944 1740 ille
972 1685 1365 1755 contempserit,
1397 1694 1444 1738 et
1482 1701 1582 1738 non
1631 1685 1902 1749 obedierit;

311 1780 405 1833 ille
432 1779 488 1831 in
513 1777 779 1832 sceleribus
802 1777 910 1830 suis
931 1777 1191 1842 morietur,
1223 1785 1278 1830 tu
1314 1785 1482 1828 autem
1517 1777 1740 1830 animant
1761 1787 1901 1830 (nam

311 1870 552 1922 liberabis
581 1865 694 1937 (Id.
731 1883 926 1932 χχχιιι,
958 1867 1012 1931 8,
1058 1866 1143 1938 9).
1181 1866 1308 1922 Dico
1347 1867 1514 1930 vobis,
1565 1867 1734 1922 libero
1779 1866 1900 1922 anie

312 1975 453 2012 mam
483 1973 684 2013 meam.
712 1957 772 2012 In
797 1972 991 2028 magno
1018 1958 1160 2013 enim
1189 1971 1329 2021 sum,
1356 1973 1461 2012 non
1490 1958 1727 2028 periculo
1746 1999 1761 2021 ,
1803 1956 1900 2013 sed

309 2051 474 2104 exitio
493 2050 853 2116 constitutus,
877 2049 924 2104 si
970 2059 1202 2104 tacuere.
1240 2048 1345 2104 Sed
1382 2065 1502 2104 cum
1539 2041 1639 2120 e36
1685 2049 1896 2113 dixero,

311 2152 364 2196 et
403 2140 699 2210 implevero
726 2139 960 2195 ofﬁcium
992 2155 1199 2206 meum,
1231 2155 1327 2195 vos
1358 2141 1468 2210 jam
1499 2139 1754 2196 attendite
1808 2156 1900 2211 pe-

309 2231 536 2285 riculum
572 2239 834 2286 vestrum.
875 2229 1011 2298 Quid
1046 2239 1224 2285 autem
1253 2231 1408 2284 volo?
1451 2232 1576 2300 quid
1617 2231 1899 2286 desidero?

308 2322 431 2391 quid
454 2321 649 2391 cupio?
675 2335 844 2390 quare
886 2321 1114 2390 loquor?
1151 2336 1317 2392 quare
1353 2321 1440 2376 hic
1492 2321 1690 2376 sedeo?
1733 2337 1899 2392 quare

310 2414 468 2467 vivo?
496 2413 596 2467 nisi
625 2411 728 2468 hac
753 2413 1070 2476 intentione,
1117 2423 1174 2466 ut
1210 2428 1330 2467 cum
1369 2411 1584 2468 Christo
1620 2412 1779 2467 simul
1823 2413 1900 2466 vi-

312 2507 534 2561 ramus?
559 2505 842 2576 Cupiditas
870 2521 991 2560 mea
1019 2507 1118 2560 ista
1157 2516 1260 2571 est,
1285 2506 1456 2560 honor
1475 2521 1626 2561 meus
1655 2506 1756 2562 iste
1779 2515 1862 2561 est
1879 2549 1894 2571 ,

304 2602 469 2671 gloria
498 2617 618 2655 mea
648 2601 748 2655 ista
769 2600 1137 2670 est,gaudium
1161 2615 1336 2654 meum
1360 2600 1461 2654 hoc
1486 2607 1602 2665 est,
1632 2601 1897 2668 possessio

305 2708 417 2748 mea
450 2693 552 2746 ista
598 2701 703 2747 est.
745 2690 853 2747 Sed
892 2692 940 2745 si
979 2706 1085 2745 non
1141 2705 1227 2744 me
1271 2689 1564 2757 audieritis,
1618 2699 1673 2745 ct
1719 2700 1894 2745 tamen

302 2799 401 2853 ego
451 2799 558 2836 non
593 2792 848 2850 tacuere,
877 2781 1108 2838 animam
1147 2796 1320 2835 meam
1346 2781 1601 2837 liberabo.
1633 2781 1736 2838 Sed
1773 2783 1896 2838 nolo

301 2877 476 2928 saltus
507 2888 631 2928 εεεε
677 2874 796 2928 sine
823 2871 993 2928 vobis.

367 2964 595 3020 CAPUT
644 2963 733 3018 Ill.
771 2994 842 3004 —
866 2965 922 3019 '5.
964 2961 1181 3017 Peccata
1229 2962 1590 3020 consuetudine
1622 2963 1888 3029 vilescunt,

297 3074 387 3110 nec
441 3056 748 3112 sentiuntur.
805 3055 1104 3110 Ebriositas.
1171 3055 1665 3112 Excommunicatio.
1719 3057 1891 3113 Nolite

306 3164 437 3218 ergo
479 3157 859 3213 contemnere,
905 3147 1096 3201 fratres
1147 3147 1290 3212 mei,
1335 3156 1548 3215 peccata
1591 3148 1646 3202 in
1699 3148 1892 3218 quibus

302 3239 440 3295 forte
461 3239 906 3294 consuetudinem
930 3239 1038 3306 jant
1072 3239 1291 3296 fecistis.
1315 3238 1484 3294 Omne
1523 3240 1666 3295 enim
1703 3255 1892 3310 pecca-

299 3340 411 3383 tum
442 3329 830 3384 consuetudine
853 3329 1078 3392 vilescit,
1102 3337 1156 3383 et
1183 3331 1238 3382 lit
1267 3328 1471 3383 homini
1501 3331 1658 3400 quasi
1683 3331 1886 3385 nullmn

295 3423 363 3474 sit
415 3439 427 3473 :
465 3421 752 3486 obduntit,
801 3421 911 3490 jam
952 3419 1191 3474 dolerent
1231 3420 1479 3490 perdidit.
1531 3420 1683 3489 Quod
1731 3421 1886 3476 valde

295 3523 446 3580 putre
481 3521 586 3575 est,
619 3528 720 3567 nec
743 3511 890 3566 dolet
919 3526 931 3562 :
965 3511 1106 3580 quod
1131 3525 1236 3565 non
1261 3511 1428 3577 dolet,
1477 3528 1584 3566 non
1629 3528 1727 3582 pro
1755 3527 1887 3568 sano

294 3604 630 3668 habendum,
653 3604 747 3658 sed
782 3619 878 3673 pro
907 3612 1116 3658 mortuo
1135 3603 1548 3670 computandum
1568 3615 1668 3660 est.
1697 3607 1885 3660 Atten-

295 3699 405 3753 ditc
428 3714 549 3768 qua:
574 3696 720 3750 dicat
737 3694 1035 3766 Scriptura,
1058 3704 1112 3750 et
1137 3695 1207 3750 ibi
1230 3695 1405 3750 videte
1434 3694 1882 3764 quemadmodum

294 3792 472 3846 vivere
503 3790 766 3846 debeatis.
796 3789 929 3856 Quis
958 3803 1062 3842 non
1087 3787 1732 3843 eontemnatebriositatis
1763 3803 1886 3857 pec-

293 3882 508 3937 catum?
537 3880 786 3936 Abundat
814 3881 918 3934 tale
947 3888 1248 3949 peccatum,
1279 3887 1333 3934 et
1361 3878 1736 3932 contemnitur.
1762 3878 1879 3932 iam

297 3989 389 4030 eor
416 3975 688 4031 ebriosum
715 3972 947 4043 perdidit
971 3987 1185 4026 sensum
1206 4012 1221 4037 ,
1263 3986 1368 4026 non
1411 3971 1572 4026 habet
1617 3971 1879 4035 dolorem,

295 4066 414 4136 quia
445 4083 544 4122 nec
573 4065 824 4120 Salutem.
857 4062 1080 4131 Quando
1105 4061 1306 4132 aliquid
1335 4062 1585 4132 pangitur
1619 4070 1672 4117 et
1715 4061 1878 4127 dolet,

294 4167 384 4210 aut
409 4171 602 4211 sanum
627 4165 708 4210 est
728 4197 742 4222 ,
765 4163 859 4208 aut
887 4163 968 4208 est
996 4154 1046 4208 in
1075 4153 1165 4208 illo
1187 4167 1311 4222 spes
1349 4152 1522 4222 aliqua
1566 4154 1808 4208 sanitatis
1864 4173 1876 4205 :

294 4247 506 4317 quando
545 4256 728 4301 autem
773 4245 1023 4315 tangitur,
1077 4244 1346 4314 pungitur,
1400 4244 1734 4308 vellicatur’,
1783 4259 1881 4299 nec

293 4339 468 4404 dolet;
503 4353 600 4407 pro
629 4344 839 4390 mortuo
861 4335 1160 4390 habendum
1189 4345 1292 4400 est,
1324 4349 1388 4390 ac
1405 4335 1472 4390 de
1495 4350 1720 4405 corpore
1745 4351 1883 4406 prae-

299 4429 602 4484 cidendum.
629 4427 740 4484 Sed
763 4426 1048 4497 aliquando
1077 4441 1174 4480 nos
1203 4425 1488 4495 parcimus,
1512 4437 1566 4481 et
1596 4441 1700 4482 non
1726 4427 1882 4481 novi-

303 4537 412 4574 mus
437 4521 540 4575 nisi
564 4519 715 4590 loqui
747 4518 1282 4582 :excommunicare,
1322 4515 1389 4572 de
1429 4517 1666 4572 Ecclesia
1715 4518 1881 4588 proji-

302 4628 417 4667 cere
441 4612 576 4681 pigri
600 4624 806 4664 sumus.
854 4608 1155 4680 Aliquando
1195 4607 1337 4664 enim
1369 4607 1617 4662 timemus
1655 4624 1722 4662 ne
1766 4607 1882 4677 ipso

303 4704 513 4774 ﬂagello
541 4703 692 4772 pejor
721 4701 814 4755 liat
837 4702 928 4772 qui
960 4700 1200 4755 carditur.
1227 4700 1291 4754 Et
1326 4701 1568 4769 quamvis
1613 4699 1703 4768 qui
1749 4701 1882 4755 tales

295 4804 441 4860 sunt,
466 4795 580 4864 jam
608 4794 662 4847 in
690 4793 866 4846 anima
890 4792 1084 4846 mortui
1106 4792 1211 4845 sint
1237 4811 1249 4846 :
1279 4801 1451 4846 tamen
1488 4793 1610 4861 quia
1647 4791 1881 4846 Medicus

302 4895 485 4940 noster
509 4885 853 4954 omnipotens
873 4892 976 4946 est,
1007 4898 1112 4938 non
1139 4891 1222 4938 cst
1248 4883 1638 4954 desperandum
1661 4885 1727 4939 de
1766 4885 1878 4946 liis;

295 4977 388 5031 sed
417 4977 543 5030 totis
569 4976 774 5031 viribus
793 4973 1220 5044 supplicandum,
1251 4982 1308 5028 ut
1327 4991 1484 5030 aures
1512 4975 1721 5041 cordis,
1749 4992 1882 5046 quas

294 5070 504 5122 clausas
524 5067 724 5122 habere
745 5067 1054 5136 probantur,
1089 5066 1346 5119 Dominus
1371 5067 1580 5135 aperire
1608 5066 1875 5137 dignetur.

297 5160 400 5214 Sed
426 5157 685 5228 numquid
715 5157 807 5212 ille
827 5167 1045 5228 parcet,
1089 5156 1347 5226 numquid
1394 5156 1573 5212 silebit
1615 5172 1773 5227 quem
1819 5158 1883 5211 ti-

301 5268 458 5308 mere
483 5251 781 5307 debemus?
809 5250 1045 5305 Audistis
1072 5251 1124 5304 in
1142 5251 1258 5321 ipso
1280 5250 1511 5317 Psalmo,
1536 5249 1730 5306 fratres
1755 5254 1880 5315 mei,

292 5361 417 5400 cum
448 5350 790 5398 enumeraret
820 5352 1032 5412 peccata
1063 5343 1381 5410 peccatoris,
1403 5342 1506 5410 ait,
1538 5341 1662 5396 Hazc
1689 5343 1881 5414 fecisti,

297 5449 340 5492 et
361 5439 517 5492 tacui.
547 5435 748 5491 Contra
778 5435 882 5490 hoc
904 5435 1104 5490 dictum
1128 5444 1244 5502 est,
1283 5435 1489 5504 Veniet,
1539 5446 1585 5490 et
1623 5453 1725 5490 non
1767 5419 1908 5491 sile--

358 5556 378 5586 ί
406 5554 655 5617 Entugd.
707 5560 828 5617 Ven.
872 5559 982 5617 Lov.
1006 5553 1076 5601 sic
1111 5549 1286 5617 legunt
1318 5564 1443 5602 nunc
1456 5561 1649 5617 tecum:
1681 5554 1886 5613 Populus

301 5622 461 5666 autem
483 5615 563 5666 itte
574 5611 688 5665 'non
712 5613 811 5677 vult
851 5611 1022 5677 audire
1054 5620 1100 5662 te
1117 5649 1131 5672 ,
1147 5611 1261 5677 quia
1279 5627 1371 5663 non
1388 5613 1484 5677 vult
1497 5615 1668 5665 audire
1689 5611 1780 5667 me.
1831 5625 1882 5663 ιι.

360 5678 558 5729 'mdex
599 5691 704 5742 gn,
754 5674 882 5736 loco,
905 5673 1170 5737 t‘ellicatur,
1205 5678 1369 5738 habet,
1406 5675 1610 5727 sileatur.
1668 5685 1719 5727 At
1773 5693 1884 5735 rtn.,

301 5744 526 5790 utentur.

1717 294 1948 351 SERMO
1988 294 2147 350 XHI;

3511 310 3614 370 HG

2031 411 2118 465 bit.
2151 412 2439 470 Praesentia
2482 431 2574 472 sua
2624 433 2728 474 non
2777 421 2970 478 silebit.
3013 423 3247 494 Excepto
3283 425 3423 480 enim
3466 429 3607 497 quod

2029 503 2281 560 Dominus
2305 506 2549 564 Christus
2575 511 2918 582 signiﬁcatur,
2952 517 3073 586 quia
3113 518 3260 574 siluit
3291 519 3343 573 in
3383 520 3603 589 jutlicin,

2028 602 2080 648 ut
2111 595 2419 664 impleretur
2445 599 2498 653 in
2522 600 2614 656 illo
2642 604 2800 658 etiam
2823 621 2882 660 ea
2907 608 3183 678 prophetia
3202 650 3216 673 ,
3259 627 3416 681 quam
3448 617 3603 682 paulo

2023 693 2146 739 ante
2184 691 2632 754 commemoravi;
2671 693 2771 748 hoc
2801 705 3053 766 excepto,
3095 699 3255 755 modo
3303 701 3444 758 Deus
3490 704 3603 773 ipse

2024 789 2118 842 per
2145 789 2204 831 se
2227 775 2398 846 ipsum
2423 780 2679 837 Dominus
2698 783 2942 841 Christus
2970 796 3131 844 tacet.
3171 790 3425 848 Ascendit
3457 795 3598 848 enim

2022 865 2073 920 in
2101 867 2318 934 ccclum,
2353 881 2408 925 et
2431 871 2586 927 sedet
2609 874 2676 928 ad
2707 874 2978 932 dexteram
3007 880 3175 936 Patris
3197 922 3212 948 ,
3255 883 3378 938 inde
3406 894 3596 940 ventu-

2023 971 2112 1008 rus
2138 967 2220 1011 est
2239 959 2483 1027 judicare
2509 963 2658 1017 vivos
2677 975 2733 1020 et
2753 977 2989 1023 mortuos
3025 987 3038 1021 :
3070 972 3321 1040 quamdiu
3367 974 3438 1028 ibi
3478 987 3560 1031 est
3579 1019 3594 1043 ,

2017 1046 2191 1103 donec
2211 1052 2392 1105 veniat
2421 1062 2580 1109 tacet.
2614 1055 2781 1112 Voces
2811 1059 2924 1128 ejus
2953 1060 3006 1114 in
3033 1061 3208 1118 Libris
3237 1064 3502 1130 audimus,
3529 1068 3597 1122 de

2017 1153 2110 1194 ore
2135 1141 2300 1209 ipsius
2336 1159 2440 1197 non
2486 1145 2754 1203 audimus.
2809 1149 3046 1206 Audistis
3079 1168 3260 1210 vocem
3315 1155 3480 1212 iusius
3528 1157 3595 1211 de

2015 1232 2214 1284 sanctis
2233 1231 2524 1303 Scripturis
2551 1237 2652 1290 isto
2687 1239 2804 1293 loco
2835 1223 3084 1297 {auditis
3136 1259 3257 1298 cum
3297 1262 3394 1301 vos
3449 1249 3593 1316 ipsas

2013 1326 2442 1380 commemoratis
2471 1327 2508 1389 ¹,
2535 1339 2589 1382 ει
2619 1328 2752 1385 forte
2771 1331 2838 1386 de
2861 1333 2941 1386 bis
2969 1334 3125 1389 rebus
3164 1335 3300 1391 inter
3333 1353 3427 1392 vos
3475 1354 3594 1396 ser,-

2013 1415 2370 1467 mocinatnini.
3011 1475 3016 1479 ,

2080 1502 2303 1560 CAPUT
2335 1506 2420 1560 ιν.
2457 1539 2526 1548 -—
2553 1511 2606 1565 4.
2639 1511 2909 1568 Peccantes
2939 1515 3065 1569 videt
3091 1528 3138 1570 et
3170 1518 3274 1571 odit
3300 1518 3438 1574 Deus
3458 1560 3473 1584 ,
3499 1523 3592 1575 etsi

2010 1608 2140 1645 nunc
2184 1603 2331 1649 taret.
2364 1595 2462 1662 Qui
2495 1600 2607 1654 vult
2643 1601 2812 1656 audiri
2857 1619 2888 1658 a
2925 1605 3050 1670 Deo,
3085 1607 3404 1672 charissimi,
3444 1611 3591 1680 prius

2007 1683 2188 1738 audiat
2243 1686 2430 1742 Deum.
2481 1689 2743 1762 Numquid
2799 1695 2952 1751 audis
3005 1698 3152 1752 illum
3197 1701 3410 1769 quando
3459 1703 3590 1758 facis

2006 1771 2357 1842 adulterium;
2385 1787 2440 1834 et
2467 1779 2630 1837 latere
2658 1792 2708 1838 te
2737 1793 2890 1854 putas
2911 1826 2926 1852 ,
2947 1788 3068 1857 quia
3097 1789 3260 1845 homo
3290 1799 3342 1846 te
3373 1808 3477 1847 non
3504 1796 3588 1849 vi-

2005 1859 2134 1916 det?
2167 1865 2257 1921 llle
2296 1876 2347 1921 te
2375 1868 2551 1934 videt,
2589 1871 2682 1926 sed
2726 1881 2880 1930 tacet.
2914 1876 3137 1944 Quando
3175 1879 3372 1936 furtum
3413 1883 3544 1938 facis
3568 1926 3587 1951 ,

2003 1965 2186 2024 captas
2208 1960 2390 2014 oculos
2415 1962 2532 2031 ejus
2556 1964 2641 2018 cui
2669 1964 2859 2022 furaris
2882 2007 2898 2030 .
2931 1978 2985 2024 et
3003 1970 3048 2024 si
3075 1987 3197 2027 eum
3224 1973 3387 2033 latet.
3417 1975 3584 2032 facis:

2004 2046 2047 2099 si
2077 2059 2354 2118 propterea
2385 2068 2488 2108 non
2520 2053 2667 2122 facis,
2695 2058 2816 2126 quia
2840 2059 2995 2115 times
3018 2076 3086 2118 ne
3109 2063 3342 2119 videaris
3367 2068 3410 2129 ’,
3444 2067 3586 2122 intus

2004 2137 2212 2207 fecisti,
2243 2142 2294 2196 in
2319 2144 2482 2200 corde
2517 2145 2723 2213 fecisti;
2756 2149 2840 2204 fur
2867 2153 3065 2208 teneris
3087 2195 3101 2218 ,
3131 2163 3185 2210 et
3217 2157 3348 2210 nihil
3377 2159 3544 2214 tulisti
3571 2177 3585 2212 :

2002 2231 2096 2285 sed
2122 2242 2177 2288 et
2207 2243 2282 2300 tu,
2308 2235 2352 2289 si
2378 2239 2744 2306 opportunitas
2770 2240 2927 2297 detur
2943 2244 3011 2298 ad
3040 2245 3366 2316 implendum
3387 2251 3587 2305 malum

2004 2322 2198 2380 factum
2229 2335 2396 2392 tuum,
2425 2328 2635 2397 feraris,
2659 2340 2713 2387 ct
2741 2333 2937 2390 laetaris
2963 2338 3084 2406 quia
3112 2344 3269 2392 tacet.
3292 2339 3430 2395 Audi
3455 2355 3588 2412 ergo

2003 2413 2272 2471 Psalmum
2307 2436 2320 2471 :
2355 2427 2406 2474 te
2433 2419 2741 2489 admonuit,
2783 2431 2834 2478 te
2858 2424 3174 2496 quicumque
3202 2440 3262 2483 es
3282 2461 3297 2492 ,
3329 2429 3419 2498 qui
3450 2429 3588 2486 forte

2001 2505 2090 2561 hic
2114 2506 2272 2564 hodie
2298 2521 2408 2566 snas
2427 2552 2442 2577 ,
2472 2522 2528 2567 et
2558 2522 2711 2569 nocte
2739 2515 2938 2586 aliquid
2967 2516 3176 2586 fecisti,
3203 2529 3255 2575 te
3281 2520 3580 2588 admonuit,

2001 2597 2092 2652 tibi
2108 2598 2260 2666 dixit,
2289 2599 2412 2655 ch
2431 2603 2591 2672 fecisti
2607 2614 2656 2659 et
2674 2606 2830 2659 tacui.
2855 2605 3154 2677 Suspicatus
3173 2625 3224 2662 es
3245 2610 3582 2680 iniquitatem,

1998 2687 2134 2756 quod
2158 2706 2256 2744 cro.
2269 2691 2356 2744 tibi
2379 2693 2558 2748 similis
2574 2695 2600 2748 ?
2626 2694 2671 2749 Ο
2696 2695 2940 2752 homines
2958 2739 2974 2764 ,
3005 2699 3093 2768 qui
3124 2699 3240 2756 hmc
3277 2701 3437 2758 verba
3460 2719 3583 2773 qua:

1997 2777 2236 2834 dicturus
2252 2796 2390 2848 sum,
2421 2798 2519 2839 nec
2539 2784 2593 2839 in
2613 2800 2708 2841 ore
2733 2786 2963 2852 habetis,
2989 2804 3088 2844 nec
3114 2791 3166 2844 in
3187 2792 3371 2858 corde,
3403 2792 3584 2852 felices

1996 2870 2143 2924 estis.
2184 2871 2370 2929 Nonne
2413 2875 2650 2945 quotidie
2701 2876 2945 2934 homines
2991 2881 3126 2935 mala
3167 2881 3459 2950 facientes,
3490 2895 3584 2940 aut

1995 2975 2128 3030 quos
2171 2963 2308 3020 bene
2359 2964 2548 3022 fecisse
2594 2969 2836 3037 panitet,
2880 2979 2936 3026 et
2979 2972 3287 3040 pmnitentia
3330 2989 3582 3043 perversa

1996 3050 2226 3108 fundunt
2247 3056 2390 3126 quod
2431 3058 2760 3125 mulserunt;
2802 3076 2982 3117 nonne
3020 3064 3256 3133 quotidie
3291 3064 3493 3131 dicunt,
3523 3075 3582 3123 et
3627 3107 3630 3110 -

1992 3142 2092 3197 ista
2121 3159 2392 3200 murmura
2414 3147 2552 3203 inter
2575 3163 2634 3204 se
2663 3149 2895 3208 rodunt:
2928 3151 3069 3209 Vere
3096 3153 3143 3209 si
3175 3155 3285 3210 Deo
3321 3154 3576 3225 displice~

1990 3243 2113 3289 rent
2139 3235 2238 3290 ista
2259 3277 2274 3302 ,
2303 3238 2638 3306 permitteret
2663 3240 2752 3294 illa
2783 3242 2895 3297 ﬁeri
2917 3283 2931 3308 ,
2962 3251 3055 3298 aut
3079 3243 3150 3298 illi
3177 3246 3268 3315 qui
3295 3261 3358 3302 ea
3385 3245 3581 3303 faciunt

1990 3325 2172 3382 felices
2207 3337 2388 3384 essent
2430 3330 2482 3384 in
2525 3333 2703 3386 terra?
2732 3333 2985 3392 Videmus
3024 3345 3265 3406 raptores
3288 3379 3304 3404 ,
3336 3339 3579 3394 videmus

1991 3415 2322 3473 inﬁrmorum
2359 3434 2706 3490 oppressores
2731 3465 2746 3489 ,
2783 3424 3024 3481 videmus
3063 3427 3356 3483 vicinorum
3392 3431 3579 3498 expul-

1988 3523 2162 3575 sores,
2191 3511 2433 3567 videmus
2468 3513 2732 3569 violentos
2762 3515 2986 3570 limitum
3013 3518 3303 3584 invasores,
3332 3519 3575 3575 videmus

1961 3593 2432 3665 calumniatores;
2475 3610 2530 3656 et
2559 3611 2732 3658 tamen
2765 3613 3007 3672 potentes
3028 3646 3044 3669 ,
3068 3607 3278 3673 divites,
3310 3608 3492 3670 felices
3522 3611 3574 3665 in

1989 3686 2088 3742 hac
2117 3697 2278 3743 terra.
2308 3689 2366 3743 Si
2395 3705 2522 3744 vere
2551 3691 2688 3746 Deus
2727 3691 2826 3746 ista
2863 3693 3102 3760 videret,
3141 3696 3184 3750 si
3213 3696 3311 3751 ista
3339 3708 3572 3762 curaret,

1987 3785 2229 3847 parceret
2259 3778 2377 3834 eis?
2416 3778 2634 3834 Addunt
2671 3789 2725 3835 et
2769 3781 2888 3848 hoc,
2918 3783 3058 3852 quod
3097 3785 3248 3856 pejus
3291 3796 3375 3844 est
3413 3789 3572 3848 :Non

1987 3868 2193 3936 placent
2224 3869 2323 3924 nisi
2365 3869 2491 3924 mali
2531 3871 2572 3922 ³.
2608 3869 2890 3944 Contingat
2929 3883 3108 3930 autem
3153 3884 3212 3932 ut
3252 3877 3408 3933 faciat
3435 3879 3572 3935 bene

1985 3959 2195 4029 aliquis,
2224 3969 2279 4015 et
2305 3970 2556 4032 sequatur
2580 3961 2714 4018 forte
2738 3963 2914 4034 aliqua
2947 3966 3190 4032 tentatio,
3217 3968 3470 4024 continuo
3503 3971 3570 4023 ad

1987 4067 2200 4107 manum
2230 4053 2389 4108 habet
2416 4071 2428 4102 :
2467 4053 2582 4108 Non
2614 4054 2830 4124 expedit
2854 4057 2992 4111 bene
3021 4055 3233 4124 facere;
3264 4059 3357 4128 qui
3386 4059 3572 4116 fecerit

1985 4143 2141 4205 bene,
2170 4143 2299 4198 nihil
2329 4144 2402 4197 illi
2427 4144 2642 4214 prodest
2666 4144 2707 4198 ⁸.
2733 4146 2923 4201 Parum
2944 4155 3027 4202 est
3053 4147 3142 4202 tibi
3165 4149 3304 4218 quod
3333 4151 3472 4207 male
3492 4152 3572 4206 vis

1985 4236 2179 4301 facere,
2206 4247 2262 4292 et
2287 4237 2425 4292 bene
2453 4237 2764 4294 facientibus
2790 4241 3100 4298 maledicis?
3128 4243 3254 4299 Hau:
3267 4246 3450 4316 fecisti,
3483 4249 3566 4302 in-

1983 4330 2134 4398 quit,
2163 4338 2206 4384 et
2236 4330 2389 4383 tacui.
2423 4329 2724 4400 Suspicatus
2748 4349 2800 4387 es
2836 4334 3146 4403 iniquitatem
3169 4377 3185 4402 ,
3211 4337 3348 4408 quod
3371 4356 3455 4393 ero
3482 4339 3571 4394 tibi

1983 4422 2181 4474 similis.
2218 4420 2355 4488 Quid
2386 4429 2504 4489 est,
2543 4423 2680 4494 quod
2711 4441 2798 4480 ero
2825 4425 2911 4479 tibi
2934 4427 3149 4482 similis?
3171 4429 3302 4496 Quia
3331 4430 3410 4486 sic
3439 4432 3570 4486 mihi

1987 4511 2160 4578 placet
2203 4511 2436 4579 malum,
2484 4513 2752 4582 quomodo
2798 4515 2890 4570 tibi
2937 4533 2952 4568 :
2995 4515 3097 4572 hoc
3143 4525 3221 4573 es‘
3248 4520 3566 4590 suspicatus.

1987 4604 2098 4660 lloc
2142 4604 2319 4659 dixisti
2357 4604 2410 4658 in
2457 4604 2618 4659 corde
2661 4614 2752 4660 tuo
2783 4623 2796 4659 :
2827 4605 2922 4661 sed
2971 4621 3072 4678 ego
3107 4609 3322 4676 audivi,
3353 4612 3569 4681 quando

1985 4696 2159 4751 dixisti
2190 4697 2241 4750 in
2275 4695 2437 4751 corde
2480 4706 2570 4750 tuo
2597 4697 2639 4751 ⁵.
2677 4697 2829 4764 Quod
2855 4697 3006 4768 pejus
3042 4709 3144 4767 est,
3176 4701 3227 4756 in
3264 4700 3378 4758 haec
3405 4704 3568 4759 verba

1985 4785 2411 4856 progrediuntur,
2435 4794 2494 4840 ut
2521 4801 2619 4841 nec
2643 4786 2812 4841 audiri
2837 4789 3075 4844 timeant.

2058 4876 2281 4932 CAPUT
2316 4875 2376 4929 V.
2405 4905 2472 4914 —-—
2501 4877 2554 4930 5.
2587 4875 2682 4931 Dei
2695 4877 2953 4946 judicium
2985 4879 3038 4932 in
3077 4891 3355 4948 peccantes.
3389 4881 3565 4936 Paeni-

1986 4968 2122 5022 tendi
2148 4976 2362 5036 tempus.
2390 4967 2528 5036 Ergo
2567 4969 2850 5037 suspicatus
2869 4985 2922 5024 es
2941 4971 3128 5040 inique,
3145 4972 3280 5041 quod
3295 4989 3378 5025 ero
3395 4974 3482 5026 tibi
3496 4975 3567 5027 si-

1987 5060 2142 5112 milis.
2165 5059 2388 5128 Arguam
2411 5067 2458 5110 te
2480 5073 2498 5110 :
2522 5059 2788 5126 quomodo
2814 5075 2918 5116 non
2946 5071 3116 5130 putas,
3143 5073 3200 5118 et
3223 5063 3437 5132 quando
3458 5081 3564 5120 nou

1989 5161 2160 5219 putas,
2185 5165 2399 5220 arguam
2427 5157 2492 5202 te.
2522 5147 2664 5204 Sileo
2686 5164 2806 5204 cum
2838 5151 2966 5206 facis
2996 5167 3012 5205 :
3037 5152 3133 5208 sed
3159 5169 3262 5209 non
3286 5156 3420 5211 sileo
3444 5173 3563 5214 cum

2054 5307 2066 5335 ¹
2094 5305 2165 5355 sic
2185 5311 2290 5354 Mss.
2315 5305 2432 5369 ιε’ῤὶιί
2458 5318 2594 5364 vero,
2619 5318 2727 5369 cum
2750 5319 2830 5358 vos
2851 5306 2945 5369 ipsi
2964 5311 3358 5366 commenwratis.

2051 5370 2072 5398 ¹
2218 5381 2315 5416 non
2337 5367 2537 5426 habent,
2559 5379 2619 5417 ne
3294 5371 3305 5381 ’

2053 5429 2073 5460 ³
2090 5431 2162 5479 sic
2185 5438 2288 5479 Mss.
2317 5437 2372 5479 Αι
2395 5429 2528 5488 editi,
2548 5429 2642 5480 nisi
2661 5431 2808 5482 mala.

2052 5491 2073 5522 δ
2233 5506 2244 5540 :
2271 5499 2370 5562 δ’οη
2389 5490 2587 5562 ξιξρεςιξι
2609 5494 2770 5562 facere
2792 5493 2925 5552 bene,
2961 5493 3088 5562 malo
3119 5496 3204 5555 qui
3220 5498 3398 5562 fecerit
3422 5499 3569 5562 bene;

2052 5504 2073 5522 ο
2099 5504 2202 5541 mss.
2233 5506 2244 5540 :
2271 5504 2370 5541 Νοη
2389 5504 2587 5604 entreats
2609 5504 2770 5550 [acere
2792 5504 2925 5552 bene,
2961 5504 3088 5544 muto
3119 5504 3203 5555 qui
3233 5504 3398 5560 fecerit
3422 5504 3569 5562 bene;

1993 5552 2308 5663 géeqlltabcnt,
2347 5553 2449 5604 min
2507 5553 2580 5604 illi
2599 5555 2811 5619 prodest,
2863 5556 2991 5616 quod
3023 5559 3168 5606 etiam
3190 5559 3331 5611 abest
3363 5563 3425 5612 ab
3470 5570 3569 5612 Am.

1992 5628 2042 5662 ΘΙ.
2065 5628 2136 5662 [ι’.

2053 5676 2072 5706 δ
2095 5682 2141 5722 tn
2167 5676 2312 5741 editis
2332 5677 2522 5733 deerat,
2542 5675 2626 5727 sed
2649 5690 2735 5740 ego
2756 5675 2936 5736 (mdirt,
2954 5679 3147 5741 quando
3170 5681 3336 5737 dixisti
3361 5685 3408 5737 in
3427 5686 3573 5738 corde

1991 5745 2104 5794 tuo;
2128 5737 2254 5799 quod
2281 5739 2356 5786 hic
2374 5741 2648 5788 restitutum
2673 5737 2748 5790 est
2769 5753 2828 5788 ex
2853 5737 3204 5807 manuscriptis.
