4024 6202
427 309 528 363 127

422 421 626 490 judico.
659 419 879 489 drguam
903 426 968 471 te.
1011 414 1144 481 Quid
1176 411 1268 468 tibi
1299 411 1485 466 faciam
1510 451 1524 476 ,
1555 408 1768 479 quando
1794 417 2011 478 arguam

427 514 522 567 te?
557 513 791 564 Statuam
816 519 863 562 te
887 516 1002 561 ante
1026 506 1210 578 facient
1246 513 1404 556 tuam.
1445 500 1600 556 Modo
1629 500 1769 555 enim
1800 497 2014 568 quando

429 603 566 655 male
585 601 731 664 t'acis,
755 612 907 668 putas
927 596 1050 666 quia
1073 595 1242 649 bonus
1265 609 1343 656 es,
1359 592 1482 662 quia
1515 606 1620 644 non
1642 589 1722 644 vis
1742 597 1792 643 te
1814 587 2012 642 videre.

346 765 351 771 _
432 694 583 748 Alios
610 685 974 760 reprehendis,
1008 696 1061 743 te
1089 702 1194 742 non
1233 685 1487 755 respicis;
1518 683 1651 737 alios
1677 696 1918 744 accusas,
1947 679 2015 733 de

429 793 484 836 te
513 798 617 835 non
645 779 876 850 cogitas;
904 778 1036 833 alios
1062 778 1214 847 ponis
1241 785 1364 830 ante
1391 775 1575 829 oculos
1596 782 1717 827 tuos
1739 814 1754 837 ,
1786 781 1836 826 te
1864 770 2017 840 ponis

430 886 549 944 post
568 874 783 928 dorsum
801 880 975 928 tuum.
993 873 1108 942 Ego
1127 869 1339 940 quando
1359 878 1410 923 te
1430 882 1614 938 arguo,
1636 874 1821 920 contra
1845 863 2014 926 facio;

336 953 358 1002 ε
433 965 560 1018 tollo
590 973 641 1019 te
669 979 700 1018 a
729 963 890 1018 dorso
915 972 1024 1027 tuo,
1054 969 1109 1016 et
1137 975 1278 1030 pono
1307 968 1359 1014 te
1386 967 1510 1011 ante
1535 956 1718 1012 oculos
1757 965 1896 1010 tuos.
1926 953 2016 1006 Vi-

431 1057 582 1112 debis
612 1065 684 1122 te,
705 1065 760 1110 et
787 1055 1005 1124 planges
1033 1062 1113 1118 te;
1141 1059 1197 1108 et
1221 1067 1324 1105 non
1342 1050 1446 1104 erit
1466 1050 1574 1118 jam
1603 1059 1727 1102 tunc
1752 1043 2019 1116 quomodo

430 1147 669 1215 corrigas
712 1156 780 1200 te.
815 1144 1144 1198 'Contemnis
1189 1155 1318 1210 ergo
1363 1149 1570 1207 tempus
1618 1133 2015 1199 miscricordize,

433 1239 609 1293 veniet
638 1247 846 1307 tempus
867 1234 1087 1305 judicii:
1119 1233 1240 1302 quia
1279 1240 1335 1285 tu
1373 1230 1426 1284 in
1465 1227 1692 1284 ecclesia
1731 1225 1862 1280 mihi
1887 1239 2017 1279 can-

434 1335 554 1384 tasti
580 1371 594 1393 ,
624 1328 1030 1383 Hisericordiam
1056 1335 1099 1381 et
1117 1324 1371 1395 judicium
1411 1321 1622 1375 cantabo
1651 1318 1769 1382 tibi,
1809 1317 2023 1370 Domine

434 1420 604 1492 (Psal.
637 1435 699 1485 c,
733 1421 802 1486 l).
845 1418 924 1471 Ex
953 1432 1046 1472 ore
1085 1424 1266 1469 nostro
1291 1413 1403 1467 exit
1431 1453 1446 1476 ,
1477 1421 1532 1466 et
1557 1410 1752 1476 ubique
1779 1408 2022 1463 ecclesia:

431 1518 751 1578 concrepant
771 1507 1004 1569 Christo.
1041 1502 1441 1558 Misericordiam
1467 1509 1513 1554 et
1536 1498 1785 1569 judicium
1811 1496 2022 1549 cantabo

433 1598 540 1662 tibi,
563 1597 794 1651 Domine.
812 1596 1045 1665 Tempus
1064 1603 1147 1649 est
1164 1590 1563 1654 misericordize,
1583 1601 1639 1643 ut
1657 1589 2020 1658 eorrigamur:

435 1691 670 1756 nondum
699 1690 843 1745 venit
871 1697 1080 1758 tempus
1095 1684 1301 1757 judicii.
1330 1684 1503 1738 Locus
1521 1690 1623 1747 est,
1645 1680 1874 1750 spatium
1899 1687 1984 1733 est
2004 1695 2017 1731 :

436 1781 811 1848 peccavimus,
863 1778 1214 1847 eorrigamur.
1268 1774 1512 1829 Nondum
1563 1771 1707 1825 finita
1755 1778 1841 1825 est
1896 1769 1975 1822 via
2004 1810 2018 1834 ,

437 1872 670 1926 nondum
710 1871 924 1925 clausus
961 1878 1045 1924 est
1084 1867 1221 1934 dies,
1263 1865 1495 1920 nondum
1539 1862 1864 1932 exspiratum
1905 1869 2020 1924 est;

439 1978 545 2016 non
590 1963 922 2032 desperatur,
969 1959 1111 2030 quod
1149 1968 1234 2013 est
1274 1957 1423 2025 pejus
1465 1974 1478 2009 :
1511 1953 1760 2024 quoniam
1807 1960 2026 2022 propter

436 2057 553 2125 ipsa
581 2062 794 2124 peccata
819 2055 1046 2108 humana
1067 2061 1122 2106 et
1146 2049 1461 2110 tolerabilia,
1485 2055 1540 2102 et
1559 2055 1706 2100 tanto
1727 2045 2023 2109 crebriora,

433 2154 635 2215 quanto
659 2147 863 2199 minora
889 2184 904 2210 ,
940 2142 1214 2198 constituit
1253 2141 1393 2194 Deus
1435 2138 1486 2192 in
1519 2136 1756 2192 Ecclesia
1788 2144 2027 2204 tempore

439 2234 818 2294 Inisericordize
839 2231 1198 2304 pra-regium:
1218 2227 1583 2300 quotidianam
1608 2224 1946 2285 medicinam,
1971 2232 2029 2277 ut

431 2329 677 2380 dicamus
699 2366 713 2389 ,
752 2324 958 2377 Dimitte
986 2321 1127 2376 nobis
1155 2319 1326 2374 debita
1355 2326 1526 2371 nostra
1551 2357 1566 2382 ,
1593 2315 1722 2368 sicut
1751 2323 1796 2367 et
1826 2328 1916 2366 nos
1943 2311 2027 2364 di-

435 2419 684 2471 mittimus
701 2415 1002 2471 debitoribus
1021 2413 1206 2466 nostris
1224 2409 1538 2481 (Matthiw,
1563 2406 1650 2476 η)
1685 2424 1698 2459 :
1723 2414 1782 2460 ut
1806 2404 1890 2458 bis
1911 2419 2031 2458 ver-

442 2511 525 2564 bis
555 2511 660 2564 lota
691 2509 825 2562 facie
859 2508 924 2560 ad
951 2507 1119 2559 altare
1153 2501 1492 2565 accedamus,
1521 2508 1578 2554 ct
1607 2497 1688 2553 his
1719 2497 1894 2552 verbis
1924 2496 2028 2549 lota

440 2601 577 2656 facie
604 2614 830 2668 corpore
853 2597 1050 2652 Christi
1077 2603 1134 2650 et
1160 2591 1418 2662 sanguine
1444 2588 1918 2645 communicemus.

517 2691 746 2748 CAPUT
781 2691 865 2744 Vl.
892 2718 964 2729 ——
991 2691 1047 2743 6.
1081 2685 1337 2740 Medicina
1365 2692 1477 2754 post
1518 2689 1776 2751 peccatum
1805 2695 1904 2732 non
1944 2693 2026 2730 re-

440 2784 690 2856 spuenda.
741 2780 847 2837 Sed
887 2779 1028 2850 quod
1080 2785 1162 2831 est
1206 2774 1421 2846 gravius
1445 2813 1459 2837 ,
1492 2773 1662 2841 ipsam
1711 2768 2027 2824 medicinam

443 2874 522 2928 sic
545 2872 791 2927 homines
818 2873 1166 2924 contemnunt
1185 2907 1200 2930 ,
1226 2872 1284 2918 ut
1321 2877 1424 2916 non
1455 2861 1625 2915 solum
1650 2875 1760 2913 non
1785 2857 1916 2914 dent
1941 2871 2026 2911 ve-

365 2961 368 2964 ’
443 2966 586 3017 uiam
617 2961 832 3032 quando
859 2961 910 3014 in
938 2959 1055 3014 illos
1083 2965 1332 3027 peccatur
1353 2993 1368 3018 ,
1400 2951 1495 3007 sed
1523 2967 1624 3006 nec
1659 2950 1821 3006 velint
1848 2959 2031 3019 petere

443 3057 658 3128 quando
695 3055 794 3125 ipsi
833 3062 1074 3124 peccant.
1115 3049 1334 3106 Intravit
1366 3047 1605 3112 tentatio,
1623 3043 1888 3113 subrepsit
1918 3042 2027 3104 ira;

447 3158 649 3205 tantum
680 3148 949 3203 dominata
977 3153 1073 3198 est
1105 3140 1388 3198 iracundia
1408 3179 1423 3205 ,
1456 3145 1709 3208 quantum
1737 3133 1907 3205 potuit
1927 3173 1944 3199 ,
1973 3140 2034 3186 ut

447 3257 553 3296 non
577 3241 748 3295 solum
778 3235 1186 3290 tumultuaretur
1211 3246 1305 3286 cor
1326 3273 1341 3292 .
1371 3229 1465 3284 sed
1495 3235 1550 3284 et
1574 3225 1813 3281 convicia
1841 3233 1897 3278 et
1923 3221 2030 3277 cri-

451 3333 594 3386 mina
627 3335 863 3383 romeret
891 3327 1089 3394 lingua.
1121 3322 1236 3377 Non
1268 3321 1416 3375 vides
1443 3334 1550 3390 quo
1578 3327 1629 3372 te
1657 3315 1902 3385 impulit?
1925 3329 2029 3366 non

448 3422 599 3476 vides
625 3435 731 3490 quo
759 3427 808 3472 te
829 3413 1219 3487 prmcipitavit?
1243 3410 1478 3466 Tandem
1507 3409 1733 3478 corrige,
1765 3406 1870 3472 die,
1900 3405 2032 3458 Male

446 3516 544 3569 feci
568 3556 581 3578 ,
611 3511 843 3582 peccavi.
885 3509 997 3564 Non
1021 3507 1165 3562 enim
1193 3502 1438 3563 morieris
1465 3543 1480 3568 ,
1507 3502 1554 3556 si
1573 3500 1776 3555 dixeris
1809 3515 1822 3552 :
1849 3496 2028 3561 crede,

451 3603 736 3667 nonmihi,
768 3600 861 3656 sed
891 3599 1019 3653 Deo.
1056 3595 1193 3664 Quid
1232 3608 1350 3649 sum
1392 3592 1529 3662 ego?
1567 3591 1737 3644 llomo
1765 3603 1907 3654 sum,
1940 3603 2033 3656 par

448 3705 625 3750 vester
641 3709 766 3747 sum
807 3693 822 3723 ‘
851 3733 865 3757 ,
897 3704 1114 3745 carnem
1149 3696 1302 3756 porto
1323 3727 1340 3752 ,
1372 3683 1614 3738 infirmus
1649 3696 1765 3736 sum
1801 3699 1813 3735 :
1846 3696 2033 3735 omnes

446 3785 726 3839 credamus
753 3783 886 3836 Deo.
922 3779 1191 3834 Attendite
1229 3777 1403 3831 vobis.
1437 3775 1553 3844 ipse
1596 3775 1845 3828 Dominus
1873 3771 2032 3827 Chri-

447 3885 564 3931 stus
597 3875 690 3942 ait,
732 3872 1002 3928 'Attendite
1037 3869 1188 3924 vobis
1227 3887 1239 3922 :
1290 3868 1350 3922 Si
1399 3867 1671 3937 peccaverit
1702 3870 1865 3936 frater
1893 3876 2029 3928 tuus,

446 3969 644 4036 corripe
667 3982 780 4022 eum
802 3966 930 4019 inter
957 3973 1003 4017 te
1025 3973 1068 4017 ct
1097 3962 1263 4032 ipsum
1293 3960 1475 4014 solum.
1511 3957 1571 4013 Si
1599 3969 1646 4011 te
1663 3957 1885 4010 audierit
1909 3998 1922 4017 ,
1957 3957 2035 4009 lu-

447 4068 616 4113 cratus
637 4075 688 4112 es
715 4062 921 4128 fratrem
943 4064 1083 4107 tuum
1107 4067 1126 4106 :
1147 4052 1190 4104 si
1215 4059 1262 4105 te
1279 4066 1389 4104 non
1415 4048 1651 4113 audierit,
1673 4047 1854 4101 adhibe
1874 4057 2035 4100 tecum

448 4152 578 4215 duos
615 4158 701 4203 aut
739 4159 857 4203 tres.
889 4146 956 4200 In
997 4162 1084 4200 ore
1123 4145 1339 4198 duorum
1367 4151 1453 4196 aut
1483 4141 1635 4195 (riunt
1665 4141 1861 4194 testium
1886 4140 2035 4193 stabit

450 4257 599 4296 autne
619 4238 840 4294 uerbum.
867 4236 928 4290 Si
955 4252 1044 4288 nec
1060 4235 1196 4304 ipsos
1225 4232 1463 4298 audierit,
1485 4235 1617 4302 refer
1638 4229 1706 4283 ad
1735 4228 2032 4283 Ecclesium.

453 4334 516 4400 Si
543 4350 633 4387 nec
651 4333 814 4400 ipsam
836 4327 1072 4390 audierit,
1093 4326 1156 4378 sit
1185 4325 1270 4377 tibi
1288 4333 1526 4391 tanquam
1545 4321 1768 4375 ethnicus
1792 4331 1839 4376 et
1860 4321 2034 4391 publi-

449 4440 610 4477 canus
629 4421 838 4492 (Matth.
857 4433 1004 4479 xvm,
1021 4415 1183 4484 15-7).
1205 4413 1459 4466 Ethuieus
1474 4412 1685 4482 gentilis
1705 4413 2036 4483 estzgentilis

453 4515 540 4570 ille
568 4522 671 4576 est,
701 4511 862 4580 quiin
892 4508 1162 4563 Christum
1184 4521 1290 4558 non
1319 4496 1508 4559 crediti
1536 4502 1589 4558 Si
1618 4518 1717 4557 nec
1743 4505 2034 4559 Ecclesium

455 4604 703 4666 audierit,
736 4608 1000 4654 mortuum
1031 4602 1297 4665 computa.
1330 4593 1436 4648 Sed
1461 4608 1590 4648 cecc
1617 4593 1765 4659 vivit,
1798 4608 1923 4648 ecce
1953 4595 2036 4648 in-

455 4704 580 4762 trnt,
608 4707 733 4748 ecce
757 4692 967 4760 signat,
989 4701 1119 4743 ecce
1143 4700 1281 4756 genu
1313 4684 1459 4754 ﬁgit,
1488 4699 1614 4739 ecce
1643 4693 1795 4749 orat,
1818 4700 1944 4741 ecce
1969 4688 2036 4742 ad

454 4788 621 4840 altare
647 4781 868 4836 accedit.
913 4778 1018 4833 Sed
1047 4778 1114 4831 sit
1144 4775 1235 4829 tibi
1277 4787 1514 4845 tanquam
1553 4775 1778 4831 ethnicus
1801 4786 1848 4830 et
1876 4779 2039 4848 publi-

454 4894 630 4932 canus.
654 4875 767 4929 Noli
797 4874 847 4926 in
881 4871 969 4925 illo
999 4868 1274 4924 attendere
1305 4867 1429 4920 falsa
1457 4867 1607 4937 signa
1642 4884 1655 4921 :
1684 4867 1870 4924 vivens
1894 4885 2038 4925 mor-

457 4980 574 5022 tuus
613 4973 713 5021 est.
753 4961 902 5018 Unde
931 4960 1096 5015 vivit?
1115 4957 1392 5024 Quomodo
1417 4957 1544 5011 vivit
1569 4957 1630 5010 ’ξ’
1662 4956 1717 5012 Si
1745 4957 1914 5013 dicam
1941 4961 2040 5015 ali-

454 5060 538 5112 cui
571 5059 621 5112 in
649 5061 937 5124 conspectu
967 5061 1146 5106 vestro
1171 5089 1185 5113 ,
1213 5048 1292 5104 Tu
1329 5048 1428 5102 hoc
1454 5048 1620 5104 fecisti
1653 5067 1665 5102 :
1693 5051 2039 5121 respondebit

455 5159 661 5218 postea,
701 5146 964 5211 Quantum
1007 5149 1124 5198 erat
1167 5140 1227 5192 3?
1267 5139 1410 5193 Intus
1459 5155 1544 5194 me
1587 5151 1849 5211 moueret,
1897 5143 2038 5197 intus

459 5239 585 5294 mihi
617 5237 815 5290 diceret
839 5235 960 5302 quia
992 5231 1130 5285 male
1161 5229 1257 5283 feci
1287 5271 1300 5294 ,
1326 5230 1467 5283 intus
1493 5229 1725 5285 viderem
1759 5243 2034 5301 peccatum

522 5357 534 5385 ¹
563 5350 699 5409 Editi,
732 5358 828 5411 par,
857 5351 1064 5411 vestrum
1096 5353 1219 5411 sum.
1255 5341 1414 5389 Codex
1455 5353 1567 5402 rm.,
1602 5355 1779 5405 parcus
1800 5357 1926 5394 sum.
1952 5341 2036 5395 Alit

457 5429 575 5465 voto
596 5408 926 5469 manuscripti,
935 5417 1033 5469 par
1058 5409 1207 5469 vester
1223 5413 1345 5469 sum.

518 5460 667 5523 Cass.
689 5487 700 5522 :
722 5469 825 5534 Noli
838 5460 894 5520 "in
908 5460 992 5534 ῖιῖο
1005 5465 1248 5534 attendere
1262 5460 1388 5534 [id-ta
1404 5462 1542 5534 signa
1565 5462 1758 5516 viventis
1787 5477 1804 5516 :
1823 5472 2037 5518 mortuus

457 5542 542 5586 cst.
582 5537 714 5585 unde
735 5529 945 5584 vivitur?
967 5525 1206 5590 (monton
1227 5524 1395 5576 vivitur
1411 5524 1436 5576 ?

525 5598 544 5626 ³
567 5595 710 5650 Editi:
760 5587 996 5654 Quantum
1021 5594 1152 5640 errat
1175 5587 1219 5654 ?_
1242 5596 1296 5639 Λι
1334 5595 1438 5638 Mss.
1469 5593 1738 5654 zioumtttan
1779 5588 1923 5640 erat?
1969 5597 2033 5640 Ex

458 5659 536 5706 his
559 5649 822 5703 victorious
841 5656 996 5703 addita
1022 5651 1252 5714 particula
1275 5653 1596 5715 prosequitur,
1625 5657 1674 5700 ut
1696 5649 1821 5702 intus
1843 5664 1918 5702 me
1941 5665 2035 5702 mo-

459 5731 518 5767 ιιι
522 5723 591 5766 rt’t
599 5749 609 5762 .

1666 299 1725 352 Β.
1765 293 2132 353 AUGUSTINI
2165 290 2468 350 EPISCOPI

3600 293 3704 352 1‘38

2120 422 2296 462 meum
2338 407 2401 459 ιε
2441 419 2607 476 quare
2652 405 2705 460 in
2753 404 2950 476 populo
2977 405 3185 476 arguit?
3211 407 3348 474 Quid
3389 411 3434 464 si
3480 410 3581 467 ieci
3609 454 3626 478 ,
3649 421 3707 470 et

2122 513 2226 552 non
2245 495 2525 552 eorrexisti
2536 495 2561 549 ?
2574 493 2713 562 Quid
2731 495 2778 551 si
2796 496 2894 551 feci
2909 539 2925 562 ,
2946 505 3002 552 et
3016 496 3188 551 adhuc
3203 502 3547 566 perseveras?
3564 502 3704 568 Quid

2119 589 2165 642 si
2183 587 2301 651 feci,
2327 597 2382 642 et
2407 585 2583 641 adhuc
2607 586 2700 640 tibi
2723 585 2860 641 bene
2880 585 3073 642 fecisse
3093 585 3287 643 videris
3311 589 3364 642 in
3381 591 3544 646 corde
3569 601 3662 647 tuo
3682 595 3708 647 ?

2077 721 2080 724 .
2120 682 2253 748 Quia
2279 689 2422 737 tacet
2443 681 2553 746 iile,
2572 680 2747 750 justus
2766 682 2858 736 es?
2873 681 3006 750 Quia
3029 683 3117 739 ille
3138 686 3298 742 modo
3317 701 3428 742 non
3452 689 3702 754 vindicat,

2123 777 2255 831 nihil
2311 778 2450 832 male
2499 776 2718 832 fecisti?
2767 777 2882 833 Non
2935 778 3128 841 times,
3175 779 3403 850 Argum
3455 783 3546 836 te?
3583 782 3700 838 Non

2123 866 2294 931 times,
2332 865 2647 921 Constituam
2675 875 2732 920 te
2773 877 2891 921 ante
2931 868 3112 938 faciem
3155 870 3330 922 tuam?
3363 885 3468 924 non
3518 873 3708 928 times?

2193 956 2419 1013 CAP-UT
2452 957 2562 1012 νιει.
2592 987 2664 998 -
2689 959 2741 1011 7.
2778 956 2904 1013 Vitta
2929 959 3161 1013 brevitas.
3197 958 3360 1014 Nonio
3394 962 3519 1016 vitro
3547 965 3712 1033 fragi-

2124 1050 2240 1104 lior.
2292 1050 2399 1105 Sed
2455 1051 2610 1120 limge
2655 1057 2757 1116 est,
2811 1051 3004 1120 inquis,
3030 1050 3309 1120 judicium.
3357 1053 3556 1120 Primo,
3588 1055 3711 1124 quis

2127 1143 2219 1198 tibi
2245 1143 2381 1198 dixit
2407 1143 2528 1213 quia
2548 1144 2711 1214 longe
2730 1152 2808 1198 est
2831 1143 2948 1199 dies
2962 1144 3181 1213 judicii?
3204 1144 3466 1216 Numquid
3488 1148 3530 1202 si
3553 1148 3711 1220 longe

2124 1242 2208 1287 est
2231 1233 2345 1288 dies
2365 1233 2570 1304 judicii,
2600 1234 2755 1304 longe
2775 1243 2857 1288 est
2879 1233 2994 1289 dies
3017 1235 3177 1289 tuus?
3201 1235 3349 1290 Unde
3368 1238 3472 1292 scis
3493 1240 3712 1307 quando

2087 1379 2093 1382 _
2125 1325 2248 1378 est?
2277 1324 2463 1379 Nonne
2498 1325 2648 1379 multi
2693 1326 2807 1380 sani
2843 1324 3175 1380 dormierunt
3217 1337 3270 1380 et
3310 1327 3710 1385 obduruerunt?

2126 1415 2310 1469 Nonne
2351 1431 2506 1471 casus
2547 1426 2758 1470 nostros
2797 1415 3071 1470 nobiscmn
3116 1417 3166 1470 in
3207 1417 3306 1471 hac
3336 1433 3498 1475 carne
3526 1430 3709 1489 porta-

2126 1506 2279 1560 mus?
2305 1506 2491 1561 Nonne
2530 1507 2828 1578 fragiliores
2863 1523 3074 1572 sumus,
3107 1524 3262 1578 quam
3305 1511 3349 1564 si
3379 1511 3532 1566 vitrei
3558 1528 3710 1569 essc-

2127 1596 2287 1651 mus?
2319 1597 2521 1652 Vitrum
2551 1599 2693 1653 enim
2717 1599 2819 1653 ctsi
2849 1597 3030 1669 fmgile
3061 1610 3142 1654 est
3163 1642 3180 1665 ,
3210 1610 3385 1657 tamen
3429 1613 3700 1660 servatum

2126 1687 2214 1740 diu
2244 1687 2402 1741 durat
2435 1705 2448 1740 :
2490 1698 2546 1743 et
2584 1689 2787 1743 invenis
2813 1691 3009 1745 calices
3049 1691 3116 1746 ab
3149 1693 3272 1746 avis
3299 1702 3355 1746 et
3383 1696 3622 1763 proavis,
3657 1697 3710 1751 in

2128 1779 2315 1848 quibus
2343 1780 2530 1857 bibunt
2556 1791 2777 1852 nepotes
2804 1791 2858 1836 et
2885 1792 3224 1852 pronepotes.
3251 1785 3421 1840 Tanta
3449 1785 3702 1857 fragilitas

2129 1871 2386 1925 custodita
2425 1880 2510 1926 est
2551 1888 2644 1941 per
2667 1888 2853 1928 annos.
2882 1873 2990 1928 Nos
3025 1883 3200 1930 autem
3231 1877 3474 1932 homines
3493 1921 3507 1941 ,
3534 1886 3588 1934 et
3613 1882 3713 1935 sub

2129 1961 2289 2015 tantis
2324 1962 2535 2017 casibus
2574 1963 2892 2033 quotidianis
2938 1963 3152 2035 fragiles
3186 1968 3555 2034 ambulamus;
3585 1973 3713 2026 etsi

2129 2067 2284 2108 casus
2308 2053 2405 2124 ipsi
2432 2055 2693 2123 repentini
2719 2071 2822 2109 non
2852 2056 3172 2122 acciderent,
3199 2057 3292 2112 diu
3313 2068 3500 2114 tamen
3532 2062 3714 2118 vivere

2131 2158 2238 2198 non
2268 2144 2583 2198 valeremus.
2609 2145 2728 2200 Vita
2758 2145 2984 2200 humana
3027 2156 3132 2201 tota
3163 2149 3340 2204 brevis
3377 2159 3457 2205 est
3481 2191 3496 2216 ,
3530 2152 3599 2205 ab
3629 2153 3716 2206 iu-

2133 2232 2290 2288 fantia
2328 2249 2494 2306 usque
2535 2235 2600 2290 ad
2642 2236 2967 2306 decrepitam
3013 2248 3340 2294 senectutem
3377 2250 3488 2295 tota
3539 2243 3719 2298 brevis

2131 2334 2230 2378 est.
2264 2325 2431 2380 Adam
2455 2326 2500 2380 si
2531 2326 2704 2382 adhuc
2730 2327 2954 2395 viveret,
2977 2339 3030 2382 et
3059 2329 3215 2384 hodie
3242 2341 3558 2397 moreretur,
3587 2336 3716 2402 quid

2133 2419 2206 2473 illi
2233 2419 2356 2473 vita:
2387 2419 2657 2490 longitudo
2688 2420 3009 2491 profuisset?
3036 2421 3150 2476 Huc
3172 2424 3380 2478 accedit
3400 2465 3413 2487 ,
3445 2425 3566 2494 quia
3597 2427 3717 2496 ipse

2131 2510 2268 2576 dies,
2301 2517 2390 2579 qut
2415 2511 2566 2580 quasi
2597 2512 2907 2566 naturaliter
2933 2513 3118 2578 servit,
3150 2514 3337 2568 morbo
3364 2515 3558 2570 iulecto
3581 2519 3601 2548 '
3628 2517 3718 2572 in-

2133 2610 2313 2655 certus
2331 2610 2430 2655 est.
2454 2601 2700 2668 Quotidie
2725 2603 3024 2656 moriuntur
3045 2603 3289 2658 homines
3313 2623 3325 2658 :
3345 2615 3399 2660 et
3421 2607 3510 2676 qui
3533 2609 3720 2663 vivunt

2133 2690 2402 2746 deducunt
2422 2691 2559 2758 illos,
2586 2693 2865 2762 exsequias
2893 2693 3184 2759 celebrant,
3209 2705 3262 2750 ct
3285 2695 3443 2750 vitam
3464 2698 3561 2751 sibi
3589 2714 3716 2767 pro-

2136 2785 2370 2837 mittunt.
2395 2783 2565 2840 Nemo
2587 2784 2734 2851 dicit,
2775 2783 3050 2856 Corrigam
3085 2803 3199 2851 me,
3233 2803 3299 2843 ne
3337 2804 3456 2844 cras
3487 2791 3586 2845 hoc
3613 2793 3716 2846 sim

2134 2874 2274 2942 quod
2323 2875 2422 2929 iste
2470 2890 2628 2944 quem
2668 2875 2884 2930 deduxi.
2934 2877 3151 2932 Placent
3195 2879 3344 2933 vobis
3391 2882 3571 2946 verba,
3616 2899 3723 2952 ego

2135 2979 2314 3033 quer
2337 2963 2494 3019 facta.
2522 2963 2695 3019 Nolite
2719 2981 2804 3020 me
2832 2967 3148 3022 contristare
3173 2969 3351 3037 pravis
3370 2970 3604 3025 moribus
3627 2987 3722 3026 ve-

2135 3056 2261 3110 stris
2290 3074 2302 3112 :
2333 3056 2456 3125 quia
2486 3055 2771 3111 delectatio
2807 3072 2923 3111 mea
2955 3072 3061 3111 non
3103 3067 3184 3114 est
3226 3059 3277 3112 in
3313 3058 3412 3115 hac
3437 3061 3541 3116 vita
3618 3061 3723 3116 nisi

2137 3155 2310 3201 vestra
2339 3146 2473 3202 bona
2503 3148 2627 3202 vita.

2619 3257 2851 3316 suane
2884 3259 3051 3317 XVllt
3078 3267 3096 3286 ·
3129 3262 3226 3335 (α).

2139 3389 2216 3444 Dc
2249 3391 2424 3445 eodem
2475 3403 2616 3446 versu
2661 3391 2873 3448 Psalmi.
2900 3409 3050 3460 χιιι,
3100 3395 3236 3451 Deus
3274 3397 3585 3454 manifestus
3631 3417 3724 3456 ve-

2731 3483 2840 3538 niet
2863 3524 2878 3550 ,
2917 3493 3013 3538 etc.
3047 3484 3140 3556 (b).

2207 3613 2433 3670 CAPUT
2484 3614 2764 3671 PRIMUM.
2827 3643 2898 3656 -ι
2959 3619 3010 3672 1.
3072 3618 3258 3673 Christi
3305 3621 3544 3676 adcentus
3593 3626 3728 3679 alter

2138 3707 2362 3763 catullus
2385 3752 2401 3775 ,
2433 3709 2560 3763 alter
2582 3711 2899 3780 manifestus.
2934 3709 3195 3782 Prwcepta
3224 3710 3321 3766 Dei
3345 3714 3641 3784 quibusdam
3671 3719 3726 3771 in

2137 3800 2293 3852 risum
2312 3800 2529 3854 veniunt.
2556 3799 2834 3854 Hominum
2851 3803 3131 3855 carnalium
3153 3818 3436 3873 perversum
3445 3807 3721 3877 judicium.

2140 3887 2220 3942 Ad
2279 3887 2635 3944 cxbortandas
2689 3898 2895 3945 mentes
2939 3890 3223 3948 Charitatis
3273 3903 3504 3961 vestrm,
3557 3913 3724 3967 pauca

2139 3979 2204 4034 de
2231 3981 2477 4049 praesenti
2515 3981 2718 4049 psalmo
2746 4022 2760 4045 ,
2793 3997 2911 4051 quae
2941 3981 3103 4037 donat
3133 3984 3387 4039 Dominus
3411 4028 3425 4051 ,
3454 3996 3727 4056 gratanter

2139 4071 2380 4139 accipite.
2409 4069 2486 4126 De
2515 4071 2738 4125 Domino
2762 4080 2945 4126 nostro
2963 4072 3090 4127 Jcsu
3117 4072 3330 4128 Christo
3354 4077 3723 4146 prophetatum

2140 4171 2222 4216 est
2245 4161 2296 4215 in
2321 4161 2424 4216 isto
2449 4161 2673 4230 psalmo,
2701 4162 2789 4216 ubi
2815 4161 3111 4217 audivimus
3134 4172 3188 4217 et
3212 4167 3561 4234 cantavimus,
3591 4168 3728 4225 Deus

2141 4252 2433 4323 manifestus
2457 4253 2634 4318 variet,
2658 4251 2796 4307 Deus
2821 4264 3007 4320 noster,
3039 4265 3083 4308 et
3109 4273 3208 4309 non
3227 4257 3406 4311 silebit.
3438 4260 3556 4328 Ipse
3580 4263 3724 4316 enim

2141 4343 2396 4398 Dominus
2432 4343 2675 4398 Christus
2701 4385 2714 4409 ,
2765 4344 2903 4399 Deus
2931 4356 3116 4402 noster
3137 4389 3152 4413 ,
3188 4348 3351 4405 Filius
3383 4351 3516 4417 Dei,
3551 4354 3729 4422 primo

2139 4433 2368 4489 adventu
2396 4435 2538 4490 venit
2563 4436 2799 4491 occultus
2827 4478 2841 4503 ,
2873 4438 3106 4492 secundo
3125 4439 3362 4495 adventu
3391 4443 3570 4498 veniet
3600 4461 3724 4498 ma-

2143 4528 2386 4584 nifestus.
2436 4528 2658 4596 Quando
2708 4529 2854 4585 venit
2897 4531 3171 4598 occultus,
3206 4549 3309 4588 non
3354 4535 3579 4589 innotuit
3622 4537 3728 4592 nisi

2141 4622 2308 4676 servis
2355 4621 2466 4676 suis
2509 4638 2521 4674 :
2573 4620 2786 4690 quando
2833 4623 3012 4676 veniet
3052 4623 3384 4691 manifestus,
3427 4626 3732 4684 innotescet

2143 4713 2294 4768 bonis
2321 4721 2375 4768 et
2401 4713 2573 4767 malis.
2599 4711 2822 4780 Quando
2847 4713 2989 4766 venit
3016 4715 3276 4779 occultus,
3306 4716 3450 4770 venit
3474 4717 3729 4786 judican-

2142 4804 2240 4858 dus
2272 4822 2284 4856 :
2318 4803 2529 4874 quando
2562 4803 2738 4858 veniet
2779 4803 3088 4858 manifestus
3113 4847 3127 4868 ,
3170 4807 3346 4860 veniet
3368 4807 3726 4877 judicaturus.

2145 4893 2378 4961 Denique
2407 4903 2531 4950 tunc
2555 4909 2674 4948 cum
2695 4893 3024 4961 judicaretur
3050 4895 3092 4961 ³,
3124 4896 3305 4961 siluit,
3337 4907 3389 4952 et
3417 4898 3484 4953 de
3509 4900 3732 4955 silentio

2141 4985 2255 5055 ejus
2281 4986 2536 5056 propheta
2579 4984 2894 5054 praedixerat
2916 5025 2931 5052 ,
2964 4985 3105 5040 Sicut
3134 4988 3237 5042 ovis
3266 4989 3333 5041 ad
3361 4989 3729 5044 innnolandnm

2206 5183 2222 5249 ξ
2247 5180 2317 5249 sic
2337 5185 2442 5249 Mss.
2465 5179 2581 5249 ζτΔίιί
2601 5191 2735 5249 vero,
2755 5177 2883 5228 uitus
2905 5179 3086 5229 uideret
3110 5188 3355 5249 peccatum
3369 5195 3542 5233 meum

2139 5239 2448 5352 ϋιέσιὶἓτηὶη
2466 5239 2603 5291 lecto.
2630 5248 2685 5290 Al.
2711 5249 2814 5290 Mss.
2852 5255 2946 5290 una
2976 5239 3117 5302 voce,
3137 5241 3344 5304 intecto;
3389 5258 3476 5307 pro
3499 5260 3600 5307 quo
3623 5252 3724 5307 tua,

2149 5423 2160 5434 ο
2203 5364 2352 5434 films.
2370 5365 2649 5434 _\'ictorinus
2691 5371 2743 5414 et
2775 5363 3184 5415 Phimarconensis
3209 5380 3221 5415 :
3251 5365 3464 5430 Denique
3514 5374 3628 5418 tunc
3678 5377 3730 5420 ut

2131 5425 2458 5487 judicaretur.

2201 5506 2442 5557 'Oollatus
2467 5515 2541 5558 est
2557 5508 2614 5557 ad
2638 5509 2686 5557 tl.
2709 5509 2788 5571 ph.
2813 5524 2857 5557 γ.
2885 5517 2936 5558 et
2956 5511 3015 5558 al
3051 5517 3148 5558 Am.
3176 5517 3246 5558 Er.
3284 5509 3418 5560 L‘lim.
3446 5520 3548 5561 Par.
3573 5520 3684 5563 tov.

2198 5588 2274 5710 ἕαζ
2309 5588 2450 5662 Alias,
2469 5589 2534 5639 de
2558 5597 2794 5651 Tempore
2815 5591 2922 5641 220.

2223 5650 2251 5698 ι)
2305 5657 2450 5710 Hujus
2470 5654 2706 5706 sermonis
2727 5651 2922 5710 fragmel

2139 5650 2450 5762 mitiget;qu
2470 5650 2706 5706 sermonis
2727 5651 3047 5716 fragmentum
3065 5655 3284 5704 cxstatiu
3300 5653 3589 5707 collectione
3607 5654 3735 5708 Fieri
