4024 6202
295 318 404 376 129

300 458 475 507 ductus
505 462 572 508 est
593 495 607 517 ,
634 463 680 506 et
711 452 842 505 sicut
870 470 1028 523 agnus
1055 469 1221 506 t‘Ot'tttlt
1249 456 1478 509 tondente
1502 499 1515 521 ,
1547 457 1619 510 sic
1645 475 1742 511 non
1763 477 1884 530 ape-

298 544 475 598 ruitos
498 559 643 597 suum
674 542 830 616 (Isai.
859 559 968 607 un,
999 545 1076 612 7).
1102 543 1207 598 Sed
1236 543 1372 599 Deus
1395 557 1574 602 noster
1594 551 1884 619 manifestus

296 634 474 700 variet,
499 632 635 687 Deus
663 643 856 700 noster,
887 643 932 686 et
957 651 1055 687 non
1084 633 1261 688 silebit.
1282 633 1396 690 Non
1426 637 1692 706 quomodo
1718 639 1882 704 siluit,

296 725 505 796 quando
524 724 845 796 iudicandus
866 733 1000 788 erat,
1021 725 1090 778 ita
1107 724 1301 789 silebit,
1328 727 1538 796 quando
1557 727 1884 798 judicaturus

299 818 418 872 erit.
448 815 516 871 Et
541 831 685 871 nunc
713 831 822 871 non
854 817 994 882 silet,
1021 818 1064 870 si
1093 817 1163 872 sit
1193 817 1281 887 qui
1311 819 1490 874 audiat
1522 838 1535 874 :
1564 821 1656 876 sed
1687 821 1882 877 dictmn

301 923 412 973 est,
439 909 588 963 Tunc
616 925 720 962 non
749 908 914 962 silebit
933 949 947 973 ,
979 907 1191 978 quando
1222 924 1405 965 vocem
1451 910 1566 980 ejus
1596 924 1884 983 agnoscent

301 1011 352 1056 et
377 999 467 1070 qui
492 999 654 1056 modo
674 1007 1044 1055 contemnunt.
1073 999 1227 1055 Modo
1246 999 1387 1054 enim
1410 1002 1622 1071 quando
1642 1001 1886 1056 dicuntur

304 1101 564 1162 [lacepto
599 1091 730 1157 Dei,
761 1089 1080 1159 quibusdam
1109 1092 1159 1144 iu
1187 1091 1352 1148 risum
1379 1093 1602 1147 veniunt
1629 1111 1642 1146 :
1673 1102 1727 1148 et
1751 1109 1885 1163 quo-

302 1181 440 1237 niam
469 1180 613 1252 quod
655 1179 906 1250 promisit
943 1180 1082 1235 Deus
1121 1180 1283 1235 modo
1325 1197 1432 1238 non
1479 1182 1804 1246 ostenditur,
1834 1195 1888 1238 et

299 1257 438 1343 quod
468 1274 703 1328 minatur
744 1271 906 1327 modo
951 1286 1055 1326 non
1096 1272 1339 1338 videtur,
1370 1273 1510 1343 quod
1550 1274 1788 1344 praecipit
1819 1275 1884 1326 ir-

300 1366 524 1421 ridetur.
550 1364 705 1420 Μοιιο
730 1363 874 1418 enim
903 1363 1206 1418 felicitatem
1226 1357 1345 1432 qua:
1365 1364 1558 1419 dicitur
1581 1365 1762 1419 mundi
1793 1365 1889 1418 hu-

295 1457 408 1525 jus,
428 1455 691 1510 habentet
711 1455 866 1518 mali;
888 1454 1243 1510 infelicitatem
1263 1471 1378 1526 qua:
1392 1455 1584 1511 dicitur
1597 1457 1776 1512 mundi
1801 1457 1891 1511 lm-

297 1549 389 1618 jus
410 1589 426 1612 ,
458 1547 658 1601 habent
697 1555 751 1601 et
777 1547 925 1601 boui.
957 1546 1248 1602 Attendunt
1272 1548 1518 1604 homines
1547 1549 1635 1619 qui
1666 1549 1890 1604 credunt

301 1639 588 1708 prmsentia
617 1647 673 1693 ct
697 1652 800 1692 non
835 1636 1060 1693 credunt
1101 1637 1273 1692 futura
1299 1679 1315 1706 ,
1345 1639 1594 1709 quoniam
1624 1640 1718 1693 ista
1751 1640 1886 1694 bona

300 1738 356 1783 et
387 1729 530 1783 mala
574 1729 848 1798 przeseutis
885 1728 1064 1784 smculi
1106 1729 1408 1798 promiscue
1448 1729 1645 1784 habent
1687 1730 1809 1785 boni
1837 1739 1890 1784 ct

301 1819 452 1872 mali.
475 1818 534 1873 Si
557 1818 765 1873 divitias
791 1827 998 1887 optant,
1027 1818 1209 1873 vident
1237 1818 1434 1875 habere
1462 1819 1670 1874 divitias
1691 1833 1742 1876 ct
1765 1819 1892 1890 pes;

300 1911 470 1965 simos
515 1909 758 1964 homines
792 1918 845 1964 ct
890 1910 1059 1964 bonos
1089 1911 1364 1974 homines;
1397 1909 1577 1964 vident
1615 1912 1774 1966 etiam
1803 1953 1816 1975 ,
1845 1913 1887 1966 si

301 2001 599 2056 exhorrent
624 2009 988 2071 paupertatem
1016 2009 1070 2054 et
1095 2001 1338 2056 miserias
1367 1999 1527 2071 hujus
1555 2003 1735 2056 szeculi
1763 2044 1776 2067 ,
1810 2003 1888 2056 la-

303 2095 494 2148 borare
532 2093 588 2147 in
619 2092 702 2146 his
741 2092 972 2147 miseriis
1015 2107 1123 2146 non
1160 2093 1332 2147 solum
1376 2091 1541 2147 bonos
1565 2133 1580 2156 ,
1609 2092 1701 2147 sed
1728 2093 1888 2148 etiam

305 2185 473 2238 malos
513 2202 528 2238 :
560 2193 616 2238 et
661 2183 845 2238 dicunt
875 2184 926 2237 iu
976 2182 1137 2238 corde
1165 2197 1262 2237 suo
1286 2224 1300 2249 ,
1333 2183 1454 2252 quia
1501 2198 1592 2238 res
1634 2184 1891 2240 hmnanas

306 2275 445 2330 Deus
470 2289 573 2329 nec
607 2275 865 2344 respicit,
899 2289 998 2329 nec
1049 2273 1220 2345 regit,
1252 2273 1345 2329 sed
1376 2275 1593 2330 omnino
1623 2276 1677 2330 in
1705 2277 1892 2331 intimo

306 2366 534 2436 quodam
572 2365 755 2421 mundi
786 2366 945 2436 hujus
983 2365 1145 2420 fundo
1184 2364 1260 2437 (π)
1301 2365 1502 2420 dimisit
1541 2383 1639 2422 nos
1681 2369 1891 2422 casibus

307 2460 480 2525 volvi,
514 2475 616 2514 nec
660 2460 890 2528 aliquam
932 2458 1317 2528 providentiam
1359 2458 1577 2514 exhibet
1616 2459 1787 2514 nobis.
1816 2461 1891 2514 Ac

311 2545 399 2620 per
425 2551 529 2604 hoc
560 2550 618 2602 iit
646 2548 699 2602 in
727 2547 831 2603 illis
861 2557 1196 2619 contemptus
1225 2550 1496 2620 praecepti,
1525 2550 1647 2621 quia
1677 2567 1782 2606 non
1809 2551 1858 2605 vi
1878 2583 1890 2593 -

309 2643 432 2698 dent
461 2642 948 2696 ntanifcstationcm
976 2640 1183 2710 judicii.

375 2733 603 2790 CAPUT
632 2733 697 2788 ll.
719 2732 864 2786 ——2.
896 2732 996 2787 Cur
1024 2731 1161 2786 Deus
1204 2749 1338 2786 nunc
1371 2733 1572 2802 judicat
1614 2734 1844 2802 quaedam
1875 2775 1890 2801 ,

310 2843 410 2880 non
451 2826 647 2878 omnia.
681 2824 1054 2880 Verumtamen
1092 2821 1253 2878 etiam
1287 2823 1447 2881 modo
1480 2823 1640 2880 debet
1671 2826 1894 2895 quisque

309 2917 607 2979 attendere,
641 2917 762 2987 quia
792 2917 1006 2987 quando
1035 2917 1146 2970 vult
1168 2917 1326 2982 Deus,
1355 2917 1573 2987 reSpicit
1599 2917 1892 2988 ctjudiCat,

311 3018 365 3063 et
386 3008 452 3062 ad
490 3008 678 3062 horam
709 3022 816 3061 non
847 3007 1059 3062 differt:
1091 3007 1303 3077 quando
1330 3018 1508 3062 autem
1536 3008 1666 3074 vult,
1698 3009 1892 3064 differt.

313 3103 378 3156 Et
405 3100 548 3156 unde
572 3100 713 3155 hoc?
733 3101 864 3167 Quia
893 3099 936 3154 si
963 3113 1229 3169 nunquam
1260 3100 1312 3153 iu
1341 3099 1588 3170 praesenti
1610 3099 1892 3169 judicaret,

310 3208 416 3248 non
446 3205 569 3246 esse
597 3191 738 3246 Deus
761 3189 1073 3246 crederetur
1097 3207 1109 3242 :
1134 3191 1179 3244 si
1205 3191 1381 3245 omnia
1409 3191 1460 3243 in
1490 3191 1736 3260 prtcseuti
1760 3191 1899 3260 judi-

309 3294 484 3349 caret,
513 3283 645 3336 nihil
679 3280 882 3351 judicio
925 3289 1241 3335 reservaret.
1277 3279 1356 3334 Ad
1403 3280 1503 3335 hoc
1542 3281 1686 3335 enim
1733 3282 1898 3334 multa

309 3373 828 3443 servanturjudicio,
850 3381 905 3428 et
923 3373 1165 3442 quzedam
1193 3372 1245 3426 in
1274 3373 1553 3441 praesentia
1571 3371 1896 3442 judicantnr.

311 3478 370 3523 ut
396 3468 472 3522 iili
499 3468 591 3538 qui
621 3465 968 3529 differuntur,
1002 3463 1220 3518 timeant
1257 3471 1309 3518 et
1349 3472 1742 3518 convertantur.
1782 3463 1897 3518 Non

310 3559 452 3614 enim
479 3567 626 3611 amat
652 3557 790 3612 Deus
815 3556 1090 3621 daumare,
1126 3553 1221 3610 sed
1257 3554 1462 3610 salvare
1493 3559 1509 3587 ²
1538 3574 1550 3608 :
1578 3565 1631 3628 et
1659 3555 1777 3611 ideo
1805 3573 1899 3625 pa-

313 3653 452 3705 tiens
475 3659 560 3706 est
585 3650 640 3704 in
668 3648 856 3712 malos,
886 3657 946 3701 ut
968 3647 1036 3702 de
1060 3646 1215 3701 malis
1242 3646 1398 3700 iaciat
1421 3647 1607 3702 bonos.
1644 3646 1748 3702 Sed
1774 3647 1902 3701 dicit

314 3743 606 3813 Apostolus
627 3783 642 3806 ,
677 3743 799 3811 quia
843 3739 1140 3794 revelabitur
1166 3739 1246 3792 ira
1273 3737 1371 3792 Dei
1397 3755 1547 3809 super
1585 3755 1780 3794 omnem
1805 3741 1901 3793 int-

315 3837 546 3904 pietatem
575 3830 754 3905 (Rom.
785 3848 824 3898 ι,
851 3830 964 3906 18),
999 3839 1052 3886 et
1079 3829 1254 3884 reddet
1282 3827 1424 3884 Deus
1443 3829 1708 3900 unicuique
1726 3846 1904 3884 secun-

317 3928 437 3981 dum
475 3943 633 3996 opera
667 3942 783 3979 sua.
815 3923 1079 3996 Admonet
1103 3933 1280 3978 autem
1307 3931 1361 3977 et
1389 3923 1609 3993 corripit
1635 3923 1902 3978 hominem

316 3995 748 4076 contemnentem
770 4036 785 4083 ;
812 4026 865 4072 et
888 3995 1036 4083 dicit,
1063 4017 1140 4069 An
1167 4016 1366 4069 divitias
1392 4015 1628 4070 bonitatis
1653 4024 1698 4069 et
1725 4015 1904 4086 longa-

319 4113 564 4165 ttinritatis
595 4113 706 4181 ejus
726 4108 1194 4175 contemnis?Quia
1235 4107 1408 4161 bonus
1449 4115 1532 4162 cst
1572 4109 1622 4160 in
1669 4115 1754 4170 te,
1786 4108 1905 4175 quia

319 4200 642 4272 iouganimis
670 4208 752 4254 est
786 4199 839 4253 in
883 4207 968 4264 te,
1015 4197 1138 4268 quia
1180 4197 1387 4267 patiens
1434 4207 1516 4251 cst
1560 4197 1610 4249 in
1663 4205 1734 4262 te,
1785 4197 1907 4266 quia

321 4291 497 4347 diﬂcn
536 4302 590 4346 te
628 4299 684 4345 et
729 4305 833 4344 non
877 4288 1049 4342 aufert
1091 4297 1173 4353 te,
1224 4287 1552 4354 contemnis,
1596 4295 1650 4342 et
1691 4288 1910 4343 omnino

325 4384 527 4438 nullum
565 4381 827 4452 judicium
856 4380 946 4434 Dei
988 4387 1143 4448 putas
1185 4394 1198 4430 :
1244 4378 1484 4449 ignorans
1521 4379 1639 4449 quia
1667 4377 1910 4448 patientia

327 4475 421 4531 Dei
443 4478 513 4529 ad
531 4474 873 4545 pauitantia»:
896 4482 942 4526 te
961 4471 1168 4524 adducit
1188 4470 1214 4523 .9
1233 4469 1310 4522 Tu
1327 4478 1492 4523 autem
1512 4471 1784 4524 secundum
1811 4471 1911 4523 du-

327 4569 489 4621 ritiam
517 4564 686 4619 cordis
710 4566 786 4619 tui
810 4562 1123 4616 thesaurizas
1146 4560 1234 4614 tibi
1261 4559 1390 4613 iram
1414 4559 1464 4614 in
1491 4560 1574 4614 die
1592 4561 1681 4613 ira:
1704 4571 1750 4615 et
1776 4577 1912 4615 reve-

325 4661 529 4714 lationis
546 4659 680 4729 justi
693 4657 882 4728 judicii
903 4654 1018 4722 Dei,
1040 4656 1126 4724 qui
1151 4652 1324 4706 reddet
1351 4653 1621 4722 unicuique
1639 4653 1912 4707 secundum

325 4769 482 4823 opera
507 4768 600 4806 sua
625 4749 736 4818 (Id.
764 4765 823 4815 lt,
851 4746 997 4820 4-6).

394 4845 451 4898 3.
495 4841 785 4896 Theseum
811 4855 1018 4909 operum
1038 4879 1052 4902 ,
1083 4854 1174 4892 seu
1208 4835 1484 4901 bonorum,
1523 4853 1611 4890 seu
1646 4837 1911 4891 malarum.

327 4931 597 5004 Quidquid
627 4947 754 5004 ergo
781 4930 942 4985 homo
985 4927 1111 4983 facit
1151 4926 1310 4982 modo
1329 4968 1344 4994 ,
1374 4927 1426 4980 in
1458 4926 1764 4981 thesaurum
1790 4928 1914 4982 mit-

329 5028 427 5089 tit,
470 5023 567 5079 sed
593 5021 768 5078 nescit
804 5019 932 5090 quid
969 5019 1185 5088 colligat
1225 5036 1238 5072 :
1274 5017 1541 5088 quomodo
1577 5016 1790 5082 divites,
1827 5019 1915 5088 qui

327 5117 382 5171 in
416 5114 726 5171 thesaurum
758 5122 916 5168 terra:
949 5111 1198 5174 mittunt,
1229 5109 1376 5179 quasi
1406 5108 1580 5163 sciunt
1611 5109 1733 5178 quid
1763 5109 1915 5165 colli-

327 5216 488 5280 gunt.
513 5204 610 5262 sed
635 5205 883 5260 nesciunt
909 5201 994 5257 cui
1023 5200 1296 5270 colligunt.
1324 5199 1453 5266 Quis
1479 5198 1621 5254 enim
1650 5199 1920 5268 possideat

327 5300 542 5354 divitias
579 5311 766 5352 eorum
811 5302 931 5366 post
967 5302 1196 5349 mortem
1227 5292 1491 5363 ipsorum,
1520 5306 1738 5361 prorsus
1767 5291 1917 5362 igno-

327 5399 453 5446 rant
475 5405 488 5441 :
513 5397 569 5444 et
593 5387 881 5458 aliquando
905 5385 1105 5440 divitia:
1131 5399 1319 5439 eorum
1358 5383 1424 5437 ad
1462 5383 1708 5437 inimicos
1731 5399 1916 5438 eorum

329 5480 671 5551 perveniunt.
710 5478 778 5534 Et
824 5476 946 5532 ideo
971 5489 1028 5530 se
1058 5474 1282 5545 quisque
1319 5471 1528 5526 fraudat
1557 5473 1743 5527 nolens
1771 5488 1919 5527 man-

391 5616 408 5646 ²
430 5616 504 5664 sic
526 5623 628 5661 Am.
649 5618 701 5661 et
719 5617 832 5660 uss.
859 5617 913 5659 At
935 5616 1010 5658 Er.
1031 5607 1148 5657 Ulim
1173 5614 1225 5657 et
1240 5611 1373 5666 Lov.,
1396 5604 1485 5656 sed
1507 5603 1732 5666 allevare.

326 5677 464 5785 “((3)
805 5679 937 5796 In1
950 5667 1122 5782 gﬂmq'
1150 5665 1365 5731 quodam
1377 5665 1548 5719 mundi
1583 5665 1726 5728 hujus
1747 5668 1914 5731 fundo.

381 5754 525 5787 εωε..
555 5771 565 5781 .
733 5771 744 5781 .
874 5767 888 5780 .
1010 5767 1022 5780 .
1087 5757 1095 5779 ‘.
1130 5768 1140 5778 .

381 5754 565 5787 emunt.
589 5754 744 5786 υτυυ.
775 5754 888 5787 Ιῖὲζο
917 5754 1022 5782 nu.
1087 5754 1140 5780 ιιι.

1705 319 1933 376 δεηΜο
1973 320 2150 376 XVIII.

3467 337 3570 394 130

1990 437 2185 494 docure
2213 441 2249 506 ',
2278 451 2336 495 ut
2358 441 2614 510 ditcscat,
2650 454 2703 500 ut
2727 446 2862 502 alius
2905 447 2987 503 dc'
3010 449 3274 505 laboribus
3302 451 3415 521 ejus
3440 452 3568 507 fluat

1990 537 2044 582 et
2073 529 2368 586 luxurietur
2391 541 2445 587 et
2473 533 2815 592 dissolvatur.

2065 619 2289 676 CAPUT
2341 621 2426 676 Ill.
2462 625 2838 690 —Quomodo
2884 643 3011 699 ergo
3056 631 3311 702 colligunt
3356 633 3566 701 quidem

1989 708 2248 774 scientes,
2279 712 2371 766 sed
2415 715 2497 768 cui
2542 716 2820 787 colligant,
2861 721 3101 775 nesciunt
3129 739 3142 774 :
3175 723 3250 778 sic
3290 735 3472 780 contra
3515 727 3565 781 in

1991 797 2294 855 thesaurum
2323 803 2592 859 caelestem
2629 807 2750 860 boni
2790 810 2914 877 quid
2954 811 3202 882 colligant
3224 813 3417 879 sciunt,
3445 819 3566 872 ntali

1989 892 2114 960 quid
2144 895 2410 965 colligant,
2439 899 2700 953 nesciunt.
2723 900 2898 956 Bonus
2922 903 3060 957 enim
3094 906 3239 974 ponit
3266 906 3318 959 in
3352 908 3565 964 thesau-

1989 1001 2051 1038 ro
2079 988 2282 1043 cmlesti
2308 991 2484 1045 omnia
2515 1007 2674 1063 opera
2708 997 3106 1064 misericordia},
3131 1015 3250 1068 quae
3279 1001 3401 1057 fecit
3429 1004 3566 1059 circa

1991 1077 2232 1134 homines
2261 1081 2452 1152 quibus
2479 1085 2756 1154 subvenit;
2799 1097 2852 1142 ct
2889 1091 2987 1144 scit
3013 1092 3260 1160 quoniam
3295 1094 3461 1148 fidelis
3488 1104 3572 1149 est

1989 1179 2169 1224 custos
2188 1212 2204 1236 ,
2229 1173 2316 1242 qui
2349 1173 2419 1227 illi
2467 1187 2643 1230 servat
2670 1179 2845 1233 omnia
2875 1195 2992 1249 qum
3024 1183 3252 1250 reponit.
3281 1183 3345 1236 Et
3371 1199 3475 1238 non
3507 1201 3568 1237 ca

1990 1259 2151 1324 videt,
2179 1262 2272 1316 sed
2293 1263 2358 1318 de
2389 1265 2637 1322 thesauro
2664 1285 2759 1321 suo
2784 1281 2959 1324 certus
2988 1282 3064 1325 est
3083 1314 3098 1335 ,
3122 1273 3240 1341 quia
3270 1289 3439 1342 neque
3468 1275 3568 1328 ali-

1990 1349 2116 1418 quid
2141 1366 2169 1404 a
2198 1351 2310 1407 fure
2339 1354 2648 1424 subripitur,
2681 1374 2852 1428 neque
2883 1359 2949 1413 al)
2978 1359 3129 1414 hoste
3157 1362 3440 1427 invaditur,
3476 1379 3569 1418 ne-

1990 1457 2093 1511 que
2122 1445 2190 1497 ab
2219 1443 2432 1500 inimico
2457 1457 2510 1501 et
2552 1448 2791 1517 improbo
2825 1461 2877 1504 et
2911 1463 3125 1520 potente
3169 1455 3320 1523 quasi
3363 1470 3393 1509 e
3431 1456 3572 1510 victo

1993 1532 2220 1599 tollitur;
2251 1535 2343 1589 sed
2375 1550 2586 1606 semper
2624 1539 2886 1605 manebit,
2921 1543 3042 1611 quia
3072 1559 3100 1594 a
3133 1544 3356 1598 Domino
3382 1555 3568 1613 poten-

1993 1622 2198 1677 tissimo
2239 1625 2554 1680 custoditur.
2579 1625 2632 1682 Si
2671 1629 2810 1681 enim
2855 1632 3109 1698 pecunias
3148 1632 3393 1688 homines
3429 1633 3571 1690 fideli

1991 1727 2145 1768 servo
2166 1718 2561 1783 commendant,
2587 1728 2637 1772 et
2665 1721 2836 1774 securi
2859 1731 3011 1784 sunt;
3035 1724 3425 1778 misericordias
3450 1740 3573 1780 suas

1991 1804 2362 1860 commendant
2394 1808 2589 1876 potenti
2616 1809 2859 1875 Domino,
2892 1819 2946 1865 ct
2977 1812 3186 1866 solliciti
3217 1813 3381 1866 sunt?
3403 1813 3573 1868 Nove-

1993 1903 2116 1947 runt
2141 1910 2269 1965 ergo
2295 1896 2417 1965 quia
2445 1896 2696 1967 quidquid
2726 1910 2988 1967 reponunt
3008 1941 3021 1963 ,
3056 1909 3224 1955 totum
3266 1902 3334 1956 ihi
3369 1905 3571 1958 salvmn

1993 1991 2074 2037 est
2099 2001 2111 2034 :
2134 1985 2220 2054 qui
2253 1985 2437 2040 fideles
2465 1996 2605 2049 sunt,
2640 1989 2887 2056 potentia:
2917 1989 3122 2044 Domini
3152 1991 3232 2045 sui
3265 1990 3421 2046 fidem
3446 1993 3573 2060 jun-

1992 2082 2140 2142 gunt.
2181 2073 2416 2128 Credunt
2456 2077 2598 2128 enim
2646 2078 2766 2146 quia
2797 2086 3005 2144 servat,
3034 2089 3084 2134 ct
3116 2079 3392 2134 inveniunt
3431 2083 3573 2152 quod

1993 2174 2189 2218 servat.
2213 2164 2341 2218 Nam
2363 2175 2417 2220 et
2443 2166 2681 2221 homines
2702 2169 2788 2236 qui
2813 2171 3086 2236 pecuniam
3117 2171 3388 2240 colligunt,
3416 2189 3570 2226 umn-

1993 2254 2118 2322 quid
2162 2254 2344 2309 vident
2392 2269 2568 2309 arcam
2617 2257 2814 2325 ipsam.
2848 2267 2940 2311 aut
2984 2262 3033 2312 in
3077 2274 3251 2314 arcam
3296 2264 3575 2330 pecuniam

1994 2358 2205 2412 semper
2225 2344 2482 2414 colligunt
2509 2354 2564 2400 et
2584 2347 2816 2413 mittunt,
2848 2357 2937 2401 aut
2958 2348 3218 2405 infodiunt
3243 2360 3296 2405 et
3323 2355 3576 2407 servant?

1994 2433 2107 2488 Non
2144 2434 2359 2500 vident;
2391 2445 2443 2489 et
2468 2445 2642 2490 tamen
2690 2438 2839 2507 quasi
2885 2439 3209 2493 conscientia
3249 2456 3432 2496 eorum
3477 2445 3581 2497 scit

1994 2524 2114 2593 quia
2159 2524 2228 2578 ibi
2267 2525 2430 2579 estin
2461 2525 2577 2581 loco
2617 2525 2711 2580 illo
2751 2527 2838 2581 ubi
2879 2538 3186 2596 posuerunt.
3217 2530 3283 2584 Et
3308 2530 3446 2587 forte
3466 2533 3575 2602 jam

1996 2614 2079 2667 fur
2104 2615 2255 2679 tulit,
2283 2623 2340 2670 et
2366 2630 2534 2669 vanus
2561 2615 2755 2684 gaudet
2795 2617 2886 2686 qui
2931 2618 3156 2673 inaniter
3181 2623 3490 2676 reservavit.
3521 2624 3579 2677 ln

1998 2704 2245 2760 thesauro
2274 2715 2449 2762 autem
2478 2707 2680 2762 ctelesti
2704 2708 2747 2761 si
2776 2707 2899 2778 quid
2929 2711 3285 2778 posuerimus,
3315 2713 3455 2768 etde
3479 2714 3581 2769 Do-

1999 2799 2128 2852 ntini
2154 2800 2390 2854 custodia
2423 2801 2595 2854 securi
2625 2814 2832 2866 sumus,
2856 2812 2909 2855 et
2933 2802 3150 2856 omnino
3178 2802 3344 2857 furem
3377 2805 3581 2859 nuilum

1999 2887 2277 2956 patiamur,
2307 2904 2406 2945 nec
2429 2890 2678 2944 damnum
2707 2890 2922 2960 aliquod
2945 2893 3286 2947 sustinemus.
3311 2893 3428 2948 Mali
3455 2912 3582 2952 vero

1999 2988 2051 3033 ct
2075 2979 2174 3049 ipsi
2201 2981 2491 3034 mittuntiu
2522 2980 2826 3035 thesaurum
2869 2982 3047 3036 omnia
3086 2984 3222 3036 mala
3263 2999 3424 3054 opera
3464 2999 3580 3051 sua,

2000 3063 2055 3122 et
2095 3078 2271 3124 servat
2319 3070 2422 3124 illis
2452 3070 2608 3125 Deus.
2656 3070 2769 3126 Hoc
2807 3079 2890 3125 est
2931 3071 3074 3142 quod
3113 3071 3245 3126 dixit
3271 3075 3580 3142 Apostolus,

2000 3160 2333 3215 Tliesaurizas
2360 3162 2448 3215 tibi
2474 3164 2600 3215 iram
2631 3163 2682 3216 in
2707 3163 2789 3216 die
2809 3164 2903 3217 ira:
2919 3165 3050 3234 justi
3068 3163 3253 3236 judicii
3273 3163 3388 3220 Dei.

2072 3252 2297 3309 CAPUT
2322 3253 2536 3309 ιν.-4.
2557 3253 2694 3310 Suus
2709 3271 2950 3325 quemque
2964 3267 3127 3308 manet
3145 3257 3424 3311 thesaurus.
3443 3256 3587 3310 Pau-

2004 3363 2142 3416 peres
2159 3347 2388 3400 divitibus
2409 3348 2654 3400 taturarii.
2674 3347 2778 3402 Sed
2798 3346 3046 3417 quoniam
3073 3357 3314 3402 servatur
3331 3345 3604 3418 quidquid

2004 3437 2128 3492 mali
2156 3438 2369 3502 faciunt,
2401 3446 2458 3493 et
2501 3439 2746 3492 nesciunt
2782 3455 2793 3489 :
2836 3438 2922 3492 ubi
2971 3439 3176 3493 venerit
3221 3439 3359 3494 Deus
3407 3449 3588 3493 uester

2005 3529 2344 3596 manifestus,
2373 3540 2427 3584 et
2463 3545 2568 3583 non
2598 3530 2806 3596 silebit,
2835 3528 3154 3583 convocabit
3187 3529 3251 3583 ad
3299 3543 3358 3582 se
3400 3527 3594 3583 omnes

2003 3627 2205 3688 gentes,
2233 3619 2369 3673 sicut
2387 3618 2514 3672 dicit
2539 3619 2590 3672 in
2616 3617 2922 3686 Evangelio,
2945 3626 3000 3672 et
3020 3618 3304 3686 separabit,
3329 3611 3602 3686 quosdam.

2007 3725 2207 3779 ponens
2221 3711 2284 3764 ad
2301 3709 2595 3773 dexteram,
2614 3709 2871 3779 quosdam
2892 3709 2958 3764 ad
2980 3710 3246 3764 sinistram
3265 3725 3279 3761 :
3305 3719 3360 3765 et
3379 3711 3589 3781 incipiet

2002 3799 2109 3868 jam
2143 3808 2372 3854 tractare
2391 3798 2675 3854 thesauros
2701 3807 3070 3868 utrorumque,
3097 3800 3222 3870 quid
3246 3801 3469 3870 quisque
3496 3817 3590 3871 po-

2006 3891 2112 3945 suit
2139 3898 2198 3944 ut
2226 3890 2479 3946 inveniat.
2522 3889 2715 3957 Venite,
2751 3889 2958 3960 inquit,
2989 3891 3232 3944 benedicti
3258 3890 3430 3946 Patris
3455 3893 3551 3947 mei
3571 3935 3586 3954 ,

2008 3983 2074 4037 ad
2103 3997 2196 4038 eos
2222 3982 2313 4052 qui
2343 3991 2467 4037 sunt
2493 3981 2557 4037 ad
2587 3983 2863 4037 dexteram
2885 4023 2900 4048 ,
2933 3982 3171 4052 percipite
3210 3997 3418 4051 regnum
3451 3983 3592 4051 quod

2009 4074 2145 4128 vobis
2171 4082 2406 4143 paratum
2433 4083 2506 4127 est
2531 4072 2592 4125 ab
2621 4073 2766 4125 initio
2794 4072 2990 4124 mundi.
3023 4072 3262 4140 Regnum
3289 4073 3543 4127 caelorum
3573 4057 3591 4140 ,-

2012 4179 2229 4235 regnum
2257 4162 2663 4233 sempiternum,
2689 4161 2998 4216 societatem
3022 4175 3140 4215 cum
3168 4160 3405 4232 Angelis,
3435 4172 3592 4217 teter-

2012 4270 2133 4308 nam
2175 4253 2372 4319 vitam,
2413 4251 2502 4307 ubi
2549 4251 2728 4305 nullus
2761 4251 2950 4315 oritur,
2996 4265 3171 4320 neque
3215 4253 3456 4319 moritur,
3495 4253 3594 4306 hoc

2015 4343 2285 4414 percipite.
2313 4341 2535 4411 Quando
2571 4343 2714 4396 enim
2760 4355 2924 4410 opera
2966 4349 3140 4396 vestra
3184 4342 3236 4396 in
3283 4342 3592 4398 thesaurum

2014 4434 2336 4501 mittebatis,
2359 4449 2580 4504 regnum
2617 4433 2874 4490 calorum
2904 4431 3182 4487 emebatis.
3227 4431 3479 4503 Pcrcipite
3514 4451 3595 4488 re-

2015 4542 2170 4597 gnum
2209 4524 2344 4595 quod
2377 4526 2514 4580 vobis
2555 4533 2786 4595 paratum
2816 4532 2890 4576 est
2928 4523 2991 4576 ab
3029 4523 3174 4578 initio
3200 4524 3393 4577 mundi.
3423 4524 3597 4579 Etiam

2015 4619 2248 4676 ostendit
2281 4619 2386 4673 illis
2413 4618 2691 4672 thesauros
2713 4631 2872 4671 suos:
2894 4615 3131 4683 Esurivi,
3163 4627 3210 4671 et
3233 4617 3442 4674 dedistis
3478 4621 3599 4674 mihi
3635 4653 3645 4697 ,-

2018 4711 2361 4773 manducare;
2387 4709 2538 4775 sitivi,
2567 4716 2614 4762 et
2637 4708 2848 4777 putastis
2876 4722 2991 4771 me;
3017 4707 3185 4760 nudus
3202 4709 3296 4777 fui,
3316 4718 3362 4762 et
3391 4711 3602 4763 vestistis
3640 4778 3642 4781 ι

2018 4820 2132 4869 nte;
2159 4804 2338 4872 hospes
2365 4801 2446 4871 [ui
2457 4842 2470 4866 ,
2493 4807 2538 4853 et
2563 4798 2848 4852 adduxistis
2877 4814 2990 4862 me;
3016 4798 3068 4851 in
3088 4814 3286 4852 carcere
3305 4801 3380 4869 fui
3399 4841 3414 4866 ,
3437 4810 3484 4852 et
3513 4817 3599 4852 τε·

2021 4894 2163 4948 nistis
2214 4892 2281 4945 ad
2326 4905 2592 4962 me;ceger
2621 4890 2730 4959 fui,
2771 4898 2820 4944 et
2848 4889 3088 4943 visitastis
3127 4906 3224 4943 me.
3269 4889 3338 4943 Et
3377 4904 3603 4958 respon-
3638 4889 3656 4962 ἶ

2020 4983 2148 5038 dent
2176 4981 2250 5035 illi
2282 4997 2294 5033 :
2330 4961 2560 5043 Domine,
2589 4979 2791 5048 quando
2814 4987 2861 5032 te
2887 4978 3100 5031 vidimus
3130 4979 3181 5031 in
3204 4977 3284 5031 his
3302 4979 3598 5033 necessita-

2023 5074 2162 5128 tibus
2206 5071 2552 5126 constitutum
2584 5109 2598 5133 ,
2644 5077 2690 5122 et
2733 5067 3130 5120 ministrauimus
3174 5067 3305 5120 tibi?
3350 5067 3415 5120 Et
3457 5067 3544 5122 ille
3583 5085 3598 5122 :

2025 5161 2242 5231 Quando
2267 5160 2354 5213 uni
2379 5175 2442 5213 ea:
2468 5157 2689 5211 minimis
2710 5157 2832 5209 meis
2853 5155 3060 5226 fecistis,
3088 5155 3214 5208 mihi
3240 5155 3442 5226 fecistis.
3467 5155 3601 5223 Quia

2022 5269 2149 5325 ergo
2169 5250 2378 5322 quando
2404 5249 2495 5305 uni
2526 5264 2591 5304 ex
2628 5247 2860 5302 minimis
2891 5247 3028 5301 meis
3065 5247 3289 5312 fecistis,
3317 5246 3444 5300 mihi
3474 5246 3604 5301 feci-

2022 5346 2150 5408 stis,
2185 5342 2438 5414 percipite
2463 5339 2602 5410 quod
2631 5338 2848 5394 misistis
2867 5377 2883 5405 ,
2911 5336 3182 5406 possidete
3205 5334 3344 5404 quod
3374 5333 3601 5388 cmistis.

2022 5439 2146 5494 Mihi
2177 5437 2318 5492 enim
2346 5433 2620 5490 Servatori
2647 5432 2768 5488 ideo
2791 5429 3114 5486 credidistis.
3151 5425 3350 5481 Deinde
3379 5441 3599 5482 conver-

2026 5537 2102 5587 tet
2139 5545 2199 5585 se
2237 5527 2306 5583 ad
2347 5527 2468 5582 illos
2507 5525 2599 5596 qui
2640 5533 2764 5579 sunt
2787 5537 2818 5577 a
2843 5520 3102 5586 sinistris,
3129 5527 3182 5573 et
3211 5516 3455 5572 ostendet
3501 5517 3605 5572 illis

2089 5667 2104 5698 ι
2127 5664 2391 5714 victorious
2412 5669 2490 5710 Ms.
2508 5697 2521 5717 ,
2548 5657 2707 5709 uolens
2728 5655 3038 5706 manducare.
3065 5653 3208 5717 Paulo
3237 5661 3342 5717 post
3365 5653 3501 5717 idem
3522 5666 3603 5702 co-

2025 5728 2120 5777 dex
2142 5761 2155 5788 ,
2179 5723 2286 5774 boni
2307 5723 2388 5786 qui
2412 5713 2638 5781 colligunt
2663 5718 2814 5770 scium
2838 5731 2854 5779 ;
2894 5731 2978 5780 [ro
2996 5756 3008 5778 ,
3048 5715 3164 5779 quid
3187 5713 3408 5779 colligant
3431 5713 3602 5766 sciunt.
