4024 6202
296 296 395 351 ίῖῖ

281 427 389 470 erat
420 416 517 469 iste
544 414 777 468 intentus
810 414 860 467 in
901 413 1072 468 aliena
1100 423 1313 496 wccata
1346 431 1359 467 :
1389 412 1681 469 advocabat
1705 429 1764 469 se
1792 415 1861 469 ad

279 522 373 570 se;
402 521 505 561 nec
532 520 593 561 se
622 504 874 576 palpahat
893 549 908 571 ,
940 507 1033 561 sed
1066 505 1407 576 penetrabat,
1436 516 1489 561 ct
1517 507 1569 561 in
1610 522 1668 561 se
1696 506 1868 589 ipsum

276 596 432 649 altius
453 593 833 650 descendebat.
863 594 975 650 Sibi
1003 609 1109 649 non
1136 596 1388 664 parcebat
1418 614 1430 649 :
1460 604 1515 651 ει
1543 595 1664 650 ideo
1691 605 1748 651 nt
1769 597 1869 651 sihi

279 695 583 756 parceretur
606 700 714 741 non
738 685 1082 755 impudenter
1107 685 1347 754 rogabat.
1372 687 1655 742 Peccatum
1680 688 1824 742 enim
1851 729 1866 752 ,

280 777 483 841 fratres,
508 775 837 847 impunitum
863 790 985 831 esse
1012 790 1118 831 non
1146 783 1320 846 potest
1352 794 1364 828 :
1397 776 1442 831 si
1471 786 1743 847 peccatum
1772 777 1869 831 im-

280 870 511 936 punitum
554 875 833 921 remaneat
858 907 874 929 ,
915 865 1165 937 iniustum
1195 875 1276 921 cst
1306 885 1321 915 τ
1355 881 1484 937 ergo
1513 867 1629 922 sine
1658 866 1870 922 dubita-

280 960 416 1011 tione
445 955 799 1028 puniendum.
845 955 959 1010 lloc
983 956 1078 1011 tibi
1103 955 1231 1011 dicit
1259 958 1400 1011 Deus
1432 967 1553 1012 tuus
1586 977 1600 1012 ε
1634 957 1868 1012 Punien-

278 1051 395 1102 dum
424 1056 505 1102 est
536 1056 816 1121 Peccatum
860 1055 953 1101 aut
981 1061 1011 1100 a
1042 1056 1093 1101 te
1116 1087 1132 1114 ,
1161 1056 1251 1101 aut
1274 1062 1305 1102 a
1332 1063 1437 1103 me.
1472 1049 1699 1104 Punitnr
1741 1064 1869 1120 ergo

278 1145 547 1208 peccatum
571 1179 586 1202 ,
632 1147 724 1191 aut
751 1137 820 1193 ab
845 1136 1068 1193 homine
1107 1139 1397 1208 paenitente
1420 1180 1435 1204 ,
1467 1148 1560 1197 aut
1586 1155 1617 1194 a
1650 1140 1758 1194 Dco
1782 1140 1870 1210 ju-

274 1230 499 1285 dicante.
546 1229 774 1283 Punitur
798 1244 927 1298 ergo
956 1238 1046 1283 aut
1069 1245 1099 1284 a
1129 1239 1178 1286 te
1203 1230 1320 1287 sine
1350 1241 1400 1286 te
1421 1273 1436 1299 ,
1476 1242 1567 1287 aut
1594 1247 1625 1286 a
1657 1232 1764 1288 Deo
1792 1244 1870 1289 te-

273 1335 414 1372 cum.
437 1317 577 1387 Quid
601 1328 685 1374 est
711 1319 855 1373 enim
899 1320 1206 1389 paenitentia
1231 1362 1247 1386 ,
1281 1321 1380 1377 nisi
1407 1336 1502 1376 sua
1534 1322 1585 1376 iu
1615 1338 1674 1377 se
1696 1323 1867 1393 ipsum

275 1410 595 1467 iracundia?
620 1396 720 1477 Qui
768 1412 994 1483 poenitet
1015 1452 1031 1477 ,
1063 1413 1309 1469 irascitur
1350 1415 1472 1469 sibi.
1523 1415 1655 1471 Nam
1685 1417 1729 1473 si
1762 1432 1867 1473 non

274 1504 400 1557 ﬁcte
433 1501 522 1557 fiat
542 1545 558 1568 ,
590 1502 729 1559 unde
756 1513 841 1559 est.
870 1513 925 1558 et
952 1505 1182 1575 pectoris
1214 1506 1426 1561 tunsio?
1456 1506 1594 1575 Quid
1625 1505 1753 1564 feris
1776 1550 1790 1574 ,
1821 1508 1868 1564 si

272 1609 379 1647 non
413 1593 704 1649 irasceris?
732 1594 956 1663 Quando
985 1611 1113 1668 ergo
1155 1597 1334 1654 tundis
1365 1606 1551 1668 pectus
1575 1641 1590 1666 ,
1622 1600 1869 1656 irasceris

271 1684 421 1738 cordi
445 1694 561 1749 tuo,
580 1696 637 1740 ut
656 1686 946 1742 satisfacias
966 1688 1192 1743 Domino
1213 1698 1322 1744 tuo.
1344 1690 1523 1746 Potest
1543 1693 1686 1747 enim
1707 1694 1867 1749 etiam

269 1775 349 1830 sic
395 1776 621 1846 intelligi
663 1775 805 1845 quod
834 1778 1092 1847 scriptum
1122 1787 1200 1835 est
1224 1821 1239 1845 ,
1276 1777 1597 1848 lrascimini,
1628 1792 1675 1836 et
1714 1783 1869 1839 nolite

271 1882 487 1935 peccare
515 1864 690 1934 (Psal.
736 1883 788 1923 tv
808 1910 825 1935 ,
857 1867 935 1940 5).
980 1869 1215 1926 irascere
1240 1871 1359 1943 quia
1387 1874 1619 1942 peccasti
1638 1916 1652 1941 ,
1684 1883 1739 1930 et
1768 1891 1866 1946 pu-

272 1959 427 2013 niens
447 1968 499 2013 te
519 1958 692 2028 ipsum
716 1958 821 2014 nuli
844 1974 1085 2029 peccare.
1113 1961 1395 2018 Exsuscita
1417 1979 1508 2018 cor
1534 1965 1863 2036 paenitendo,

270 2060 322 2107 et
343 2052 449 2107 hoc
464 2052 566 2106 erit
589 2052 905 2109 sacrificium
927 2052 1035 2108 Deo
1052 2053 1152 2125 (a).

341 2143 399 2198 ὃ.
462 2141 737 2212 Sacriﬁcio
782 2145 983 2198 contriti
1030 2146 1196 2201 cordis
1240 2144 1522 2217 placandus
1567 2148 1721 2205 Deus.
1770 2149 1864 2204 Fi-

274 2236 361 2289 des
424 2236 749 2305 antiquorum
818 2237 871 2290 in
930 2236 1203 2292 Christum.
1270 2238 1470 2295 Placari
1555 2241 1663 2295 Deo
1728 2243 1867 2295 vis?

274 2326 444 2383 Naso:
466 2326 594 2398 quid
620 2343 748 2399 agas
774 2336 948 2387 tecum
971 2370 987 2395 ,
1017 2339 1073 2384 ut
1101 2329 1255 2386 Deust
1266 2331 1503 2401 placetur
1531 2333 1651 2395 tibi.
1685 2332 1739 2387 In
1767 2348 1855 2389 eo-

272 2418 394 2473 dem
433 2419 643 2488 psalmo
669 2419 889 2476 adverte
922 2440 936 2475 :
968 2419 1041 2475 ibi
1083 2422 1225 2477 enim
1269 2422 1492 2493 legitur,
1528 2423 1780 2489 Quoniam
1821 2426 1865 2479 si

275 2510 514 2565 noluisses
538 2510 848 2579 sacriﬁcium
867 2553 884 2578 ,
913 2510 1159 2567 dedissent
1197 2515 1402 2585 utique;
1434 2515 1736 2570 holocaustis
1763 2533 1865 2572 non

276 2602 619 2658 delectaberis.
649 2603 790 2673 Ergo
817 2604 934 2658 sine
962 2604 1223 2661 sacriﬁcio
1241 2607 1384 2664 eris?
1411 2608 1539 2665 nihil
1567 2609 1861 2675 oblaturus,

274 2692 340 2748 de
370 2693 515 2748 nulla
544 2693 819 2750 oblatione
844 2694 1014 2751 Deum
1039 2696 1377 2768 placaturus?
1399 2698 1538 2767 Quid
1566 2701 1781 2759 dixisti?
1803 2703 1865 2759 Si

272 2783 513 2838 coluisses
536 2784 848 2853 sacri/icium
867 2827 882 2853 ,
914 2785 1161 2842 dedissem
1188 2789 1391 2860 utique;
1420 2790 1727 2848 holocaustis
1764 2810 1865 2848 non

273 2874 618 2930 delectaberis.
648 2876 910 2949 Sequere,
938 2887 995 2935 et
1021 2879 1166 2947 audi,
1194 2888 1251 2937 et
1269 2882 1376 2950 dic,
1406 2882 1729 2953 Sacriﬁcium
1756 2886 1865 2943 Deo

271 2967 479 3036 spiritus
497 2967 891 3035 contribulatus;
915 2986 1004 3024 cor
1019 2972 1291 3027 contritum
1315 2984 1364 3031 et
1383 2975 1704 3031 humiliatum
1733 2977 1865 3034 Deus

271 3074 373 3111 non
400 3058 596 3128 spernit
622 3056 797 3129 (Psul.
825 3076 876 3127 ι,
905 3061 959 3127 5,
991 3062 1078 3128 11,
1112 3063 1202 3131 18,
1231 3063 1344 3135 19).
1372 3065 1611 3136 Abjectis
1634 3084 1754 3139 qua:
1780 3068 1875 3125 of-

270 3146 515 3215 ferehas,
546 3149 799 3205 invenisti
837 3151 979 3222 quod
1005 3151 1217 3211 oderas.
1248 3154 1523 3214 Oﬁ‘erebas
1550 3160 1692 3215 enim
1722 3161 1861 3233 apud

271 3236 463 3294 Patres
488 3239 740 3295 victimas
764 3255 1037 3311 pecorum,
1067 3252 1120 3299 et
1140 3245 1396 3302 sacriﬁcia
1424 3250 1772 3307 vocabantur.
1802 3253 1865 3308 Si

269 3327 512 3382 voluisses
526 3329 857 3399 sacriﬁcium,
876 3331 1119 3387 dedissem
1137 3336 1326 3407 utique.
1346 3336 1437 3392 Illa
1459 3355 1586 3410 ergo
1606 3357 1709 3396 non
1727 3359 1865 3414 qum-

269 3419 381 3486 ris,
412 3428 470 3474 et
506 3428 688 3475 tamen
718 3421 1035 3499 sacriﬁcium
1063 3424 1277 3496 quaeris.
1308 3429 1544 3499 Populus
1586 3440 1707 3488 tuus
1735 3433 1863 3490 dicit

270 3512 366 3567 tibi
394 3531 409 3566 :
438 3511 581 3581 Quid
619 3511 842 3569 oil’eram
863 3556 878 3581 ,
906 3516 997 3587 qni
1021 3518 1163 3588 quod
1188 3518 1476 3578 oﬁ‘erebam
1523 3540 1627 3580 non
1654 3525 1863 3582 οπειοῖ

268 3601 389 3674 Ipse
410 3605 557 3660 enim
584 3598 813 3675 populus
835 3648 849 3670 ,
886 3607 1002 3662 aliis
1041 3608 1421 3667 decedentibus
1444 3654 1461 3680 ,
1491 3614 1713 3686 aliisque
1765 3632 1856 3672 na-

271 3694 714 3760 scentibus,idem
745 3705 826 3752 cst
854 3697 1460 3769 populus.Sacramenta
1488 3716 1611 3760 sunt
1639 3716 1858 3775 mutata,

272 3800 377 3840 non
406 3786 559 3841 ﬁdes.
591 3785 750 3858 Signa
782 3797 983 3845 mutata
1009 3802 1130 3845 sunt
1156 3793 1350 3863 quibus
1374 3795 1571 3866 aliquid
1594 3797 1860 3867 signiﬁca-

271 3876 422 3930 batur
444 3920 461 3942 ,
494 3892 601 3932 non
624 3894 711 3933 res
732 3895 852 3950 qua:
880 3881 1290 3952 signiﬁcabatur.
1320 3886 1424 3941 Pro
1445 3887 1660 3946 Christo
1682 3893 1819 3947 aries
1843 3934 1856 3957 ,

270 3983 367 4039 pro
404 3967 623 4024 Christo
647 3986 818 4042 agnus
838 4014 853 4037 ,
886 3988 983 4042 pro
1005 3972 1218 4031 Christo
1260 3977 1457 4035 vitulus
1475 4022 1492 4047 ,
1525 3996 1621 4050 pro
1649 3982 1861 4040 Christo

270 4055 488 4122 hircus,
518 4067 689 4114 totum
732 4059 999 4118 Christus.
1042 4065 1231 4132 Aries,
1264 4069 1387 4139 quia
1418 4061 1563 4126 ducit
1604 4089 1855 4145 gregem:

270 4145 382 4215 ipse
404 4157 493 4203 est
515 4148 765 4207 innatus
790 4151 842 4207 in
862 4154 1112 4222 vepribus
1131 4199 1147 4223 ,
1179 4159 1392 4228 quando
1420 4170 1570 4230 pater
1592 4164 1858 4222 Abraham

271 4234 379 4293 ﬁlio
397 4236 586 4307 iussus
608 4246 937 4311 eot‘parcere
957 4286 972 4309 ,
1005 4261 1103 4301 nec
1136 4256 1311 4303 tamen
1338 4251 1455 4307 sine
1480 4252 1659 4309 oblato
1696 4257 1861 4311 sacri-

186 4369 191 4373 .
272 4329 391 4383 icio
429 4329 557 4385 inde
586 4330 885 4388 discedere.
918 4334 983 4389 Et
1013 4335 1156 4392 lsaac
1186 4336 1430 4396 Christus
1465 4352 1614 4411 erat,
1643 4354 1697 4400 et
1720 4347 1859 4403 aries

271 4414 513 4475 Christus
537 4430 675 4475 erat.
704 4422 851 4479 Isaac
870 4424 970 4480 sibi
994 4425 1131 4497 ligna
1156 4429 1399 4498 portabat
1431 4451 1444 4486 :
1478 4433 1719 4492 Christus
1738 4452 1859 4494 cru-

273 4520 385 4564 cem
412 4512 686 4581 propriam
712 4512 998 4583 bajulabat.
1041 4517 1143 4573 Pro
1168 4518 1313 4577 Isaac
1339 4523 1479 4580 aries
1496 4566 1512 4591 ,
1543 4542 1647 4582 non
1681 4537 1856 4586 tamen

270 4596 607 4669 proChristo
642 4600 906 4661 Christus.
951 4604 1052 4662 Sed
1082 4610 1135 4663 in
1177 4610 1323 4669 Isaac
1362 4622 1417 4669 et
1455 4615 1594 4674 aries
1620 4626 1674 4672 et
1697 4618 1856 4675 Chri-

267 4700 379 4745 stus
399 4691 501 4762 (ὁ),
522 4691 829 4750 Tenebatur
843 4698 1095 4754 cornibus
1112 4701 1163 4755 in
1181 4717 1341 4772 vepre
1356 4705 1496 4760 aries
1516 4705 1665 4778 (Cen.
1684 4709 1816 4784 xxn)
1838 4730 1851 4766 :

268 4780 535 4854 interroga
566 4784 803 4855 Judazos,
833 4788 973 4844 unde
1001 4799 1123 4847 tunc
1153 4794 1434 4849 Dominum
1459 4780 1850 4857 coronaverint.

270 4871 450 4942 Agnus
493 4885 579 4932 est
610 4894 624 4929 :
660 4877 791 4935 Ecce
833 4881 1009 4954 Agnus
1034 4883 1127 4941 Dei
1154 4927 1169 4952 ,
1216 4904 1331 4943 cccc
1351 4890 1437 4959 qui
1479 4891 1611 4946 tollit
1650 4906 1856 4964 peccata

265 4968 444 5020 mundi
470 4967 650 5038 (Joau.
681 4986 719 5038 ι,
746 4971 863 5045 29).
892 4974 1103 5031 Taurus
1126 4987 1209 5033 est
1238 4996 1251 5034 :
1280 4980 1492 5038 attende
1517 4997 1713 5040 cornua
1734 5001 1854 5042 cru-

262 5058 358 5111 cis.
390 5056 584 5114 Hircus
605 5071 688 5115 est
706 5104 720 5123 .
754 5072 973 5134 propter
995 5067 1397 5126 similitudinem
1424 5074 1601 5128 carnis
1631 5078 1851 5143 peccati.

263 5145 446 5203 Velata
468 5160 595 5206 sunt
616 5151 715 5207 ista
737 5195 753 5219 ,
780 5153 955 5212 donec
976 5160 1237 5229 aspiraret
1259 5161 1375 5218 dies
1394 5203 1408 5226 ,
1437 5173 1491 5220 et
1514 5180 1854 5224 removeren-

264 5246 350 5292 tur
373 5239 581 5295 umhra:
607 5240 777 5315 (Cant.
811 5260 846 5300 ιι
867 5286 883 5312 ,
918 5244 1030 5320 17).
1055 5248 1113 5304 lu
1140 5251 1387 5308 eumdem
1417 5270 1546 5326 ergo
1571 5255 1851 5314 Dominum

260 5326 533 5386 Christum
555 5372 573 5401 ,
600 5348 707 5389 non
736 5335 909 5391 solum
935 5339 1075 5408 quod
1105 5340 1333 5398 Verbum
1357 5384 1373 5408 ,
1406 5344 1498 5401 sed
1530 5346 1688 5403 etiam
1710 5349 1851 5418 quod

261 5418 526 5481 utediator
563 5432 647 5478 est
694 5422 787 5480 Dei
833 5436 887 5481 et
917 5426 1193 5488 hominum
1222 5430 1383 5491 homo
1420 5434 1668 5492 Christus
1694 5436 1852 5495 Iesus

427 5574 532 5625 vid.
554 5574 863 5651 infra,serm_.
885 5578 965 5652 β),
991 5595 1040 5630 ιι.
1064 5581 1112 5643 2,
1138 5591 1190 5635 et
1209 5597 1358 5661 serra.
1382 5586 1462 5648 29,
1487 5602 1535 5637 ιι.
1551 5588 1600 5661 β.

424 5633 766 5725 ἐπιτάξει
785 5646 1218 5725 Ἣῗὲζὲἓέεέθὲ
1242 5647 1522 5725 ἔξω
1543 5663 1613 5725 ιη.
1629 5660 1765 5725 ’φειδ
1800 5659 1850 5706 ει

259 5697 422 5778 ...νζ-ιςςῄ
669 5707 781 5778 _;_et‘
1019 5697 1219 5778 quidem
1242 5697 1767 5778 videtur—Mlech'wo',
1801 5697 1847 5767 ἶ

260 5760 532 5820 manu
550 5761 738 5812 seriem
758 5766 987 5826 sequaris
1027 5760 1084 5816 it.

1729 301 1956 359 Sl-LRMO
1987 303 2126 360 XIX.

3465 326 3566 383 155

1980 415 2028 487 ιι
2060 416 2190 471 Tim.
2224 434 2293 484 ιι,
2326 416 2381 488 5)
2409 461 2423 483 ,
2457 428 2506 474 ει
2552 420 2735 479 Patres
2778 426 2977 498 antiqui
3016 431 3390 503 crediderunt,
3420 448 3473 494 et
3500 443 3564 494 ad

1979 522 2077 562 nos
2103 509 2342 563 eaunlem
2375 508 2529 565 ﬁdem
2551 513 2889 582 prredicaudo
2917 528 2969 573 et
2992 521 3359 590 prophetaudo
3388 534 3564 584 trans~

1976 597 2253 652 miserunt.
2296 598 2450 656 Unde
2491 601 2619 657 dicit
2664 604 2986 675 Apostolus,
3039 609 3292 670 Habentes
3336 620 3563 673 eumdem

1974 687 2207 759 spiritum
2233 689 2373 757 ﬁdei,
2393 700 2598 761 propter
2622 695 2761 763 quod
2784 698 3024 766 scriptum
3055 712 3147 765 est,
3170 700 3394 772 Credidi,
3445 726 3560 778 pro-

1977 788 2085 847 pter
2103 780 2238 848 quod
2264 780 2457 835 locutus
2474 800 2603 837 sum.
2631 784 2877 841 Eumdem
2894 791 3144 857 habentes,
3165 811 3322 864 quem
3354 798 3560 855 habue-

1976 881 2099 924 runt
2127 880 2180 925 ct
2209 871 2282 925 illi
2309 873 2400 944 qui
2428 876 2794 947 scripserunt,
2829 880 3065 949 Credidi,
3098 897 3303 958 propter
3320 892 3456 959 quod
3483 895 3563 947 lo-

1974 969 2117 1014 cutus
2137 978 2266 1016 sum.
2303 962 2554 1020 Habentes
2576 982 2702 1038 ergo
2729 972 2981 1038 eumdem,
3015 975 3202 1044 inquit,
3235 981 3465 1048 spiritum
3499 985 3563 1042 {i-

1974 1050 2056 1104 dei
2078 1092 2093 1118 ,
2127 1062 2331 1124 prapter
2357 1055 2493 1123 quod
2520 1058 2766 1129 scriptum
2805 1071 2878 1115 est
2903 1063 2970 1116 ah
3007 1067 3240 1136 antiquis
3264 1110 3278 1135 ,
3312 1066 3521 1125 Credidi
3545 1115 3561 1136 ,

1975 1151 2179 1212 prapter
2196 1143 2333 1213 quod
2352 1144 2547 1201 locutus
2566 1163 2710 1212 sum;
2731 1159 2778 1203 et
2801 1167 2892 1205 nos
2912 1152 3179 1220 credimus,
3203 1168 3411 1227 propter
3430 1160 3564 1228 quod

1975 1243 2020 1286 et
2049 1232 2302 1301 loquimur
2340 1236 2410 1307 (ll
2441 1235 2559 1293 Cor.
2587 1254 2643 1296 tv
2662 1280 2678 1305 ,
2712 1241 2821 1312 15).
2849 1242 3072 1309 Quando
3097 1260 3226 1316 ergo
3250 1246 3412 1303 David
3439 1266 3568 1304 sau~

1974 1331 2089 1376 ctus
2117 1323 2187 1379 ita
2215 1324 2424 1381 diccbat
2447 1369 2463 1393 ,
2495 1328 2746 1398 Quoniam
2771 1333 2815 1386 si
2839 1334 3080 1388 voluisses
3102 1338 3409 1408 sacriﬁcium
3429 1382 3444 1406 ,
3474 1342 3564 1395 de-

1974 1412 2154 1468 dissem
2175 1415 2375 1485 utique;
2397 1417 2703 1476 holocaustis
2728 1438 2828 1477 non
2849 1423 3191 1493 delectubcris,
3217 1438 3341 1485 tunc
3370 1431 3454 1485 illa
3478 1446 3564 1485 sa-

1973 1503 2171 1559 criﬁcia
2198 1505 2558 1563 oll'crebantur
2586 1510 2696 1567 Deo
2716 1552 2731 1577 ,
2763 1529 2881 1583 quae
2924 1515 3213 1591 modo’non
3242 1519 3562 1581 offeruntur.

1974 1590 2116 1663 Ergo
2144 1596 2356 1664 quando
2398 1598 2651 1654 cantabat
2676 1643 2693 1668 ,
2743 1604 3137 1677 prophelabat,
3185 1617 3238 1663 et
3280 1614 3560 1680 praesentia

1974 1683 2260 1752 spernebat
2278 1728 2292 1753 ,
2325 1695 2381 1742 et
2400 1687 2573 1747 futura
2598 1692 2939 1760 pmvidebat.
2969 1694 3327 1766 IIolocauslis,
3357 1701 3562 1773 inquit,

1973 1790 2073 1828 non
2098 1775 2441 1832 delectaberis.
2476 1778 2699 1847 Quando
2726 1798 2853 1856 ergo
2892 1785 3215 1844 holocaustis
3254 1805 3358 1845 non
3407 1792 3529 1849 dele
3551 1823 3563 1834 -

1971 1864 2222 1932 claberis,
2240 1867 2357 1923 sine
2380 1869 2640 1927 sacriﬁcio
2656 1875 3004 1931 remanebis?
3029 1878 3204 1933 Absit.
3229 1879 3558 1949 Sacri/icium

1971 1951 2081 2009 Deo
2102 1956 2309 2025 spiritus
2327 1959 2692 2019 contribulatus
2702 1981 2724 2028 ;
2741 1981 2828 2018 cor
2850 1968 3121 2025 contritum
3141 1980 3188 2024 et
3214 1971 3558 2042 humiliatum,

1970 2041 2110 2098 Deus
2133 2086 2147 2111 ,
2179 2063 2279 2101 non
2307 2050 2522 2120 spernis.
2556 2051 2733 2109 Habes
2774 2056 2915 2126 quod
2956 2057 3168 2115 oderas.
3199 2059 3314 2118 Non
3342 2079 3558 2135 gregem

1971 2135 2370 2211 circumspicias
2388 2181 2404 2207 ,
2434 2157 2542 2196 non
2565 2144 2770 2214 navigia
2812 2162 3078 2217 prmpares
3096 2191 3115 2217 ,
3143 2159 3199 2205 et
3224 2167 3465 2222 permecs
3491 2157 3560 2211 ad

1971 2236 2237 2283 extremas
2258 2233 2580 2302 provincias,
2601 2235 2743 2293 unde
2768 2245 3004 2294 aromata
3032 2238 3278 2299 deferas:
3301 2262 3479 2314 quam:
3506 2248 3558 2302 iu

1971 2316 2133 2373 corde
2159 2329 2252 2374 tuo
2271 2320 2411 2389 quod
2436 2331 2647 2392 gratum
2671 2326 2740 2380 sit
2766 2326 2895 2383 Deo.
2923 2327 3028 2384 Cor
3047 2334 3433 2392 conterendum
3454 2348 3555 2393 est.

1971 2406 2107 2475 Quid
2138 2409 2293 2466 times
2314 2427 2384 2467 ne
2409 2415 2693 2471 contritum
2720 2420 2939 2488 pereat?
2968 2418 3042 2479 lbi
3065 2420 3252 2491 habes,
3281 2424 3380 2480 Cor
3408 2444 3558 2483 utun-

1971 2498 2092 2553 dum
2114 2517 2230 2554 crea
2268 2501 2321 2556 in
2348 2520 2427 2558 me
2444 2543 2461 2569 ,
2496 2503 2652 2563 Deus.
2680 2506 2749 2565 Ut
2771 2523 2900 2581 ergo
2928 2519 3145 2571 creetur
3162 2515 3418 2572 mundum
3443 2534 3537 2574 cur

1968 2599 2273 2647 conteratur
2293 2592 2648 2653 immundum.

2040 2681 2094 2737 4.
2137 2681 2350 2738 Homini
2378 2685 2649 2758 displicere
2691 2687 2832 2747 debet
2877 2691 3011 2762 quod
3041 2682 3150 2750 Deo
3197 2696 3427 2767 displicet
3449 2741 3464 2766 ,
3515 2687 3569 2755 et,

1969 2780 2161 2826 contra.
2206 2772 2453 2830 Felicitas
2482 2769 2563 2835 hic
2594 2795 2695 2834 non
2737 2783 3027 2850 qua'rcnda.
3058 2785 3361 2844 Auditorum
3388 2792 3559 2846 accla-

1970 2864 2144 2919 matio.
2178 2862 2492 2921 Scaudalum
2540 2868 2604 2923 de
2661 2870 2902 2941 felicitate
2947 2876 3216 2931 malorum.
3268 2879 3559 2950 Displicea-

1971 2969 2089 3010 mus
2131 2956 2283 3011 nobis
2325 2957 2537 3027 quando
2581 2975 2897 3029 peccamus,
2944 2966 3067 3035 quia
3110 2977 3329 3038 peccata
3375 2972 3554 3043 displi—

1969 3054 2093 3099 cent
2118 3045 2246 3101 Deo.
2277 3047 2346 3103 Et
2367 3050 2491 3120 quia
2519 3051 2636 3106 sine
2666 3062 2883 3123 peccato
2906 3071 3010 3111 non
3036 3071 3240 3123 sumus.
3273 3063 3355 3116 vel
3384 3063 3560 3121 inhor

1970 3134 2080 3190 Deo
2100 3137 2304 3194 similes
2328 3140 2515 3208 simus,
2538 3142 2659 3213 quia
2686 3141 2789 3199 hoc
2818 3145 2972 3201 nubis
2995 3146 3261 3219 displicet,
3288 3153 3428 3222 quod
3460 3155 3557 3209 illi.

1969 3224 2050 3280 Ex
2074 3228 2247 3300 aliqua
2288 3240 2437 3300 parte
2465 3232 2804 3305 conjungeris
2830 3237 3090 3298 voluntati
3123 3240 3253 3309 Dei,
3294 3245 3416 3316 quia
3457 3245 3558 3304 hoc

1972 3324 2061 3379 tibi
2089 3325 2333 3396 displicet
2359 3328 2415 3384 in
2440 3338 2513 3396 te,
2545 3330 2687 3402 quod
2708 3331 2821 3388 odit
2845 3341 2899 3389 et
2924 3334 3014 3393 ille
3039 3336 3131 3407 qui
3156 3336 3282 3395 fecit
3309 3348 3379 3396 te.
3410 3341 3557 3396 Arti-

1970 3417 2052 3470 tcx
2076 3424 2199 3473 tuus
2226 3418 2341 3490 ipse
2366 3430 2449 3476 est
2473 3439 2485 3474 :
2508 3421 2604 3477 sed
2631 3422 2749 3478 vide
2777 3433 2827 3480 te
2852 3424 3047 3495 ipsum,
3078 3436 3133 3486 ct
3151 3429 3269 3485 dele
3292 3430 3345 3484 in
3368 3439 3420 3487 te
3440 3431 3557 3502 ipso

1968 3506 2109 3576 quod
2129 3522 2235 3563 non
2252 3518 2334 3567 est
2355 3525 2421 3565 ex
2447 3511 2612 3580 ipsius
2637 3511 2868 3569 ofﬁcina.
2886 3513 3030 3571 Deus
3054 3518 3218 3586 enim,
3255 3520 3394 3575 sicut
3435 3523 3541 3577 seri

1970 3607 2116 3668 ptum
2132 3609 2232 3663 est,
2253 3601 2437 3655 creavit
2457 3601 2708 3658 hominem
2728 3611 2916 3660 rectum
2937 3604 3129 3679 (Eccle.
3148 3623 3241 3675 vn,
3261 3608 3371 3680 30).
3394 3611 3556 3676 Quam

1968 3687 2125 3743 bonus
2146 3688 2282 3744 Deus
2303 3689 2471 3747 Israel
2489 3693 2636 3747 rectis
2654 3694 2838 3752 corde!
2858 3696 2914 3750 Si
2934 3711 3063 3768 ergo
3082 3699 3156 3754 sis
3174 3709 3352 3755 rectus
3371 3704 3554 3773 corde,

1969 3793 2075 3831 non
2102 3777 2195 3833 tibi
2237 3777 2539 3851 displicebit
2569 3781 2707 3837 Deus
2726 3824 2741 3849 ,
2774 3783 2945 3841 bonus
2978 3786 3071 3842 tibi
3100 3790 3203 3844 erit
3232 3790 3406 3858 Deus,
3437 3795 3554 3850 lau-

1966 3860 2119 3916 dabis
2144 3860 2335 3918 Dcum.
2364 3862 2614 3929 Omnino,
2645 3877 2699 3926 et
2724 3868 2775 3922 in
2805 3885 2869 3924 eo
2895 3870 3034 3941 quod
3062 3884 3297 3944 prasstat,
3324 3887 3377 3932 et
3407 3878 3459 3934 in
3487 3895 3554 3935 eo

1964 3950 2108 4020 quod
2148 3953 2409 4025 castigat,
2457 3954 2696 4012 laudabis
2739 3958 2924 4017 Deum.
2955 3962 3051 4019 llle
3078 3965 3220 4019 enim
3250 3969 3340 4038 qui
3370 3968 3548 4035 dixit,

1969 4040 2133 4107 Quam
2150 4043 2308 4099 bonus
2328 4044 2465 4101 Deus
2483 4045 2650 4107 Israel
2669 4051 2814 4105 rectis
2841 4052 3024 4105 corde!
3036 4067 3095 4108 se
3119 4055 3289 4124 ipsum
3312 4058 3551 4129 inspexe-

1953 4140 2048 4186 ~rat
2066 4174 2081 4199 ,
2112 4133 2200 4202 qui
2229 4134 2514 4204 aliquando
2554 4151 2662 4192 non
2705 4147 2821 4193 erat
2846 4149 3023 4195 rectus
3049 4143 3211 4199 corde
3231 4187 3246 4211 ,
3275 4156 3330 4202 et
3357 4148 3548 4220 displi-

1964 4222 2118 4275 cebat
2144 4222 2193 4276 ei
2218 4222 2357 4278 Deus
2386 4241 2398 4276 :
2432 4233 2613 4294 postea
2642 4242 2769 4282 vero
2794 4230 3036 4301 resipuit,
3060 4242 3115 4288 et
3144 4235 3275 4290 vidit
3298 4254 3404 4294 non
3430 4257 3551 4297 esse

1965 4311 2134 4367 Deum
2165 4329 2472 4384 perversum
2492 4356 2507 4382 ,
2541 4317 2635 4373 sed
2666 4308 2731 4374 se
2753 4318 2917 4377 fuisse
2946 4337 3051 4378 non
3082 4316 3284 4382 rectum
3318 4347 3331 4382 :
3366 4341 3421 4385 et
3458 4349 3548 4388 reo

1963 4403 2209 4459 cordatus
2253 4413 2490 4477 tempora
2516 4410 2786 4478 pravitatis
2814 4426 2926 4468 sua:
2947 4456 2961 4481 ,
3006 4424 3061 4472 et
3088 4432 3324 4486 praesens
3361 4438 3547 4480 corre-

1962 4495 2152 4550 ctionis
2181 4511 2311 4564 sum,
2331 4490 2437 4552 ait':
2454 4498 2616 4564 Quam
2645 4500 2801 4557 bonus
2822 4502 2959 4559 Deus
2979 4504 3181 4564 Israel!
3207 4511 3300 4567 sed
3317 4514 3507 4584 quibus
3527 4517 3550 4572 ?

1963 4585 2133 4653 Rectis
2158 4590 2328 4644 corde.
2358 4589 2493 4661 Quid
2523 4592 2665 4648 enim
2700 4596 2794 4649 tu?
2824 4595 2929 4650 Mei
2956 4608 3122 4655 autem
3140 4642 3155 4668 ,
3188 4602 3391 4675 inquit,
3424 4625 3549 4676 pene

1962 4681 2194 4734 commoti
2212 4691 2327 4736 sunt
2347 4684 2518 4754 pedes,
2537 4687 2692 4756 paulo
2713 4687 2877 4745 minus
2897 4689 2973 4756 c/f
2968 4693 3045 4746 usi
3062 4704 3181 4748 sunt
3199 4712 3400 4767 gressus
3415 4702 3544 4754 mei.

1962 4769 2015 4826 id
2040 4780 2140 4836 est,
2160 4788 2299 4842 pene
2323 4774 2503 4846 lapsus
2527 4792 2667 4833 sum.
2694 4777 2845 4836 Unde
2870 4781 3006 4838 hoc?
3025 4783 3157 4850 Quia
3184 4788 3345 4844 celavi
3368 4790 3420 4844 in
3440 4810 3531 4862 pro
3557 4792 3575 4871 ε

1960 4864 2244 4933 caloribus,
2276 4881 2448 4935 pacem
2475 4877 2791 4936 peccatorum
2819 4872 3035 4928 intuens.
3066 4875 3220 4933 Unde
3243 4894 3370 4950 ergo
3394 4864 3571 4937 com-1

1960 4954 2090 5009 moti
2122 4952 2317 5010 fuerint
2360 4957 2520 5026 pedes
2551 4957 2709 5029 hujus
2737 4972 2792 5016 et
2827 4979 2960 5033 pene
2990 4965 3121 5035 lapsi
3148 4969 3257 5023 siut
3289 4985 3505 5039 gressus
3527 5014 3544 5039 ,

1959 5045 2209 5117 quoniam
2236 5061 2341 5101 non
2371 5050 2569 5114 tacuit,
2611 5053 2904 5108 cavendum
2933 5058 3157 5112 monuit.
3186 5060 3544 5132 Exspectabat

1958 5150 1987 5188 a
2012 5136 2120 5192 Deo
2140 5177 2156 5202 ,
2187 5137 2478 5194 secundum
2511 5138 2678 5196 Vetus
2714 5142 3111 5201 Testamentum
3136 5190 3152 5216 ,
3185 5150 3434 5223 ignorans
3473 5156 3545 5212 ibi

1957 5241 2076 5283 esse
2104 5227 2251 5300 signa
2280 5227 2577 5286 futurorum
2605 5248 2619 5298 ;
2651 5236 3003 5306 exspectabat
3048 5256 3178 5313 ergo
3206 5258 3236 5297 a
3268 5245 3378 5301 Deo
3404 5262 3544 5317 pra:-

1957 5320 2122 5374 sentis
2146 5319 2269 5375 vitm
2294 5318 2620 5390 felicitatem,
2649 5333 2703 5380 et
2731 5325 2783 5380 iu
2817 5326 2915 5383 hac
2942 5338 3084 5387 terra
3108 5335 3380 5404 quaerebat
3401 5340 3544 5408 quod

1953 5413 2066 5468 suis
2093 5412 2236 5468 Deus
2264 5414 2320 5468 in
2346 5415 2489 5471 calo
2532 5417 2803 5474 servabat.
2849 5421 2994 5478 Felix
3026 5425 3237 5482 volebat
3263 5443 3385 5485 esse
3414 5431 3500 5487 hic
3524 5478 3541 5500 ,

1954 5517 2075 5557 cum
2100 5501 2324 5561 felicitas
2347 5520 2454 5561 non
2481 5507 2548 5562 sit
2576 5508 2680 5564 hic.
2710 5510 2820 5567 Res
2844 5514 2987 5569 enim
3016 5516 3152 5572 bona
3178 5527 3233 5573 et
3250 5536 3440 5594 magna
3461 5535 3545 5581 est

1954 5589 2214 5659 felicitas;
2246 5594 2339 5651 sed
2371 5594 2531 5651 habet
2552 5613 2824 5668 regionem
2851 5617 3023 5658 suam.
3052 5605 3129 5662 De
3166 5589 3385 5680 regione
3414 5613 3535 5671 feli-

1953 5682 2128 5738 citatis
2146 5683 2392 5741 Christus
2416 5685 2581 5754 venit,
2604 5697 2656 5743 ct
2682 5687 2769 5746 hic
2797 5704 2913 5746 eam
2946 5710 3044 5751 nec
3076 5696 3188 5769 ipse
3218 5700 3437 5760 invenit.
3468 5705 3544 5762 lr-

1955 5774 2095 5834 risus
2131 5786 2235 5847 est,
2266 5779 2616 5851 exprobratus
2645 5790 2746 5856 est,
2778 5786 3142 5858 apprehensus
3168 5802 3269 5859 est.
3301 5796 3537 5865 ﬂagella'
