4024 6202
396 262 498 320 155

397 386 481 430 tus
503 380 585 428 est
607 412 622 434 ,
653 369 859 424 vinetus
884 372 966 419 est
984 403 999 427 ,
1032 358 1222 432 palmis
1248 369 1420 412 caesus
1446 362 1527 409 est
1547 394 1562 419 ,
1592 351 1815 406 affectus
1842 365 1969 405 cou-

403 461 617 519 tumelia
647 467 942 530 sputorum,
970 449 1135 522 spinis
1154 454 1439 503 coronatus
1463 452 1564 511 est,
1589 441 1732 513 ligno
1753 455 1980 509 suspen-

401 570 494 610 sus
526 572 539 606 :
573 550 639 607 ad
670 558 989 608 extremum,
1020 539 1229 597 Domini
1254 538 1430 593 exitus
1455 532 1662 589 mortis.
1690 532 1746 587 In
1769 530 1979 586 Psalmo

330 709 337 715 ,
402 646 655 715 scriptum
685 647 768 695 est
795 636 871 710 (hi
900 633 1325 689 acclamaveruut
1347 626 1435 697 qui
1464 620 1843 695 cognoverunt)
1867 660 1881 683 ,
1899 617 1981 698 ,Ει

404 712 608 788 Domini
640 730 800 784 exitus
824 725 1000 780 mortis
1026 718 1196 795 (Psal.
1221 734 1384 782 vatt,
1410 715 1524 788 21).
1554 712 1693 781 Quid
1720 712 1804 765 hic
1828 723 1978 780 ergo,

405 836 579 887 serve,
616 818 922 874 felicitatem
950 809 1195 882 requiris,
1221 807 1314 862 ubi
1343 814 1395 861 et
1418 802 1628 859 Domini
1651 802 1822 856 exitus
1842 814 1985 853 mor-

409 912 511 968 tis?
539 910 673 966 Cum
701 921 827 978 ergo
853 906 905 959 in
936 903 1151 972 regione
1171 913 1278 953 non
1299 910 1393 951 sua
1416 893 1721 951 felicitatem
1749 889 1990 960 require-

407 1014 490 1062 ret
518 1005 639 1070 ille,
672 1001 740 1058 de
766 1014 872 1069 quo
915 996 1058 1076 loqui
1088 1006 1355 1062 coeperam
1376 1031 1391 1055 ,
1423 998 1477 1045 et
1503 995 1722 1058 propter
1748 984 1892 1076 illam
1935 981 1987 1035 in

414 1096 515 1151 hac
529 1095 632 1149 vita
647 1073 1040 1161 adipiscendam
1058 1084 1327 1141 cohiberet
1343 1081 1417 1153 (a)
1434 1079 1563 1144 Deo,
1577 1073 1960 1147 eique-serviret
1971 1113 1986 1138 ,

412 1195 467 1240 ct
495 1185 611 1254 ejus
641 1189 899 1254 praecepta
920 1221 933 1241 ,
966 1185 1026 1231 ut
1050 1182 1289 1246 poterat,
1322 1172 1549 1235 faceret;
1580 1167 1710 1222 vidit
1730 1167 1831 1220 hoc
1867 1179 1989 1218 ma-

414 1292 596 1347 guum,
618 1274 702 1328 vel
731 1288 826 1342 pro
852 1282 1061 1339 magno,
1102 1263 1243 1336 quod
1267 1261 1540 1333 qua'rcbat
1566 1274 1595 1313 a
1625 1259 1753 1323 Deo,
1778 1266 1832 1312 ct
1870 1269 1994 1327 pio—

419 1376 535 1436 pter
563 1363 701 1435 quod
735 1363 841 1416 Deo
862 1357 1161 1421 serviebat,
1194 1369 1313 1410 esse
1336 1351 1473 1421 apud
1502 1365 1595 1405 eos
1622 1347 1711 1419 qui
1740 1348 1849 1402 Deo
1889 1361 1996 1400 non

418 1457 758 1520 serviebant,
786 1452 879 1508 sed
906 1449 1166 1505 daemonia
1210 1444 1490 1511 colebant,
1519 1451 1575 1498 et
1615 1455 1796 1497 verum
1829 1438 1995 1494 Deum

425 1543 885 1618 blaSphemabant.
917 1539 1077 1607 Vidit,
1109 1547 1163 1594 ct
1189 1543 1486 1592 commotus
1515 1539 1617 1597 est,
1645 1529 1793 1602 quasi
1821 1527 2000 1601 perdi-

422 1638 586 1693 disset
612 1635 840 1691 fructum
864 1630 1062 1688 laboris
1087 1628 1189 1684 sui.
1210 1627 1322 1681 lloc
1346 1634 1426 1680 est
1442 1622 1582 1694 quod
1598 1621 1788 1678 zelavit
1808 1618 1860 1674 in
1881 1632 1999 1689 pec-

422 1727 712 1791 catoribus,
745 1738 926 1795 pacem
956 1726 1290 1792 peccatorum
1319 1715 1549 1770 intuens.
1574 1710 1811 1781 Denique
1837 1708 1999 1763 habes

424 1817 533 1883 ibi,
566 1815 695 1870 Ecce
732 1814 830 1885 ipsi
856 1820 1138 1883 peccatores
1157 1816 1205 1862 et
1233 1805 1541 1861 abundantes
1564 1804 1616 1857 in
1645 1801 1829 1856 uacula
1868 1798 1999 1853 obti-

425 1916 639 1963 nuerunt
677 1905 892 1960 divitias.
946 1898 1212 1970 Numquid
1252 1898 1361 1952 sine
1407 1910 1559 1948 causa
1593 1888 1870 1963 justiﬁcavi
1917 1904 2003 1964 cor

427 2014 614 2063 meum,
646 2005 732 2049 aut
757 1993 855 2048 favi
879 1993 1007 2045 inter
1029 1991 1316 2043 innocentes
1335 2000 1513 2040 manus
1540 1998 1696 2048 meas,
1728 1989 1773 2034 et
1801 1979 1877 2049 fui
1907 1978 2006 2047 [la-

427 2089 641 2160 gctlatus
662 2095 766 2140 tota
793 2084 913 2138 die?
939 2080 1068 2137 Colo
1094 2079 1282 2143 Deum,
1311 2074 1680 2144 blasphemant
1702 2071 1869 2160 Deum
1894 2085 1907 2121 :
1943 2068 2008 2122 il-

430 2158 496 2233 lis
527 2176 748 2232 felicitas
769 2214 784 2238 ,
816 2172 944 2226 mihi
973 2170 1277 2230 calamitas;
1309 2165 1400 2220 ubi
1426 2161 1683 2234 aequitas?
1709 2158 1837 2214 lude
1874 2160 2005 2214 mod

426 2266 595 2340 pedes
614 2308 630 2334 ,
660 2263 784 2319 inde
809 2277 945 2333 pene
970 2258 1119 2316 effusi
1146 2270 1362 2329 gressus
1382 2296 1397 2323 ,
1426 2253 1548 2310 inde
1572 2251 1897 2322 propinquus
1922 2249 2007 2340 inf

431 2339 639 2414 teritus.
662 2354 795 2410 Nam
823 2350 888 2407 ad
913 2350 1054 2423 quod
1095 2348 1383 2418 periculum
1409 2343 1653 2408 venerit,
1684 2340 1859 2397 videto
1889 2357 1901 2393 :
1937 2339 2010 2395 ibi

433 2452 505 2504 ait
524 2492 539 2510 ,
577 2447 640 2501 Et
668 2445 777 2500 dixi
795 2487 809 2507 ,
845 2441 1109 2508 Quomodo
1144 2439 1237 2493 scit
1284 2437 1419 2491 Deus
1438 2476 1452 2501 ,
1484 2444 1529 2489 et
1558 2434 1602 2489 si
1626 2442 1697 2488 est
1723 2431 1930 2487 scientia
1956 2432 2010 2485 in

435 2536 718 2594 Altissimo?
734 2533 921 2589 Videte
945 2531 1010 2585 ad
1027 2528 1167 2600 quod
1195 2526 1489 2599 periculum
1507 2525 1709 2579 venerit
1726 2521 2012 2594 qutereudo

433 2643 463 2683 ιι
493 2628 603 2682 Deo
643 2640 738 2695 pro
774 2636 967 2692 magno
1005 2616 1225 2690 praunio
1255 2624 1517 2671 terrenam
1562 2614 1887 2669 felicitatem.
1919 2612 2011 2666 Di-

435 2717 566 2771 scite
590 2728 716 2784 ergo
735 2754 750 2779 ,
781 2709 1079 2767 charissimi
1098 2749 1113 2773 ,
1144 2721 1261 2762 eam
1291 2706 1336 2761 si
1363 2705 1568 2760 habetis
1587 2745 1602 2767 .
1631 2712 1972 2759 contemnere
1993 2740 2010 2770 ,

440 2822 539 2862 nec
566 2806 747 2861 dicere
772 2802 823 2857 in
854 2799 1103 2856 cordibus
1122 2796 1316 2852 vestris
1333 2836 1349 2863 ,
1378 2794 1491 2866 Ego
1516 2795 1635 2865 quia
1661 2794 1781 2850 colo
1806 2792 1974 2847 Deum
1994 2833 2009 2858 ,

438 2900 560 2956 ideo
588 2898 720 2953 bene
748 2903 830 2949 est
853 2891 1001 2947 mihi.
1033 2888 1248 2945 Videbis
1271 2886 1413 2942 enim
1435 2927 1451 2950 ,
1480 2901 1585 2956 quo
1610 2884 1769 2940 modo
1796 2881 1891 2938 tibi
1918 2898 2015 2954 pu-

438 3003 520 3049 tas
542 2991 679 3046 bene
702 3030 717 3054 ,
750 2994 805 3043 e‘t
824 2986 928 3041 illis
954 2983 1043 3071 (ιίιῇ
1073 2997 1176 3037 non
1200 2981 1381 3035 colunt
1406 2979 1571 3034 Deum
1610 2992 1728 3033 esse
1757 2976 1893 3032 bene
1917 2992 1931 3039 ;
1964 2983 2018 3031 ct

442 3086 791 3142 movebuntur
811 3069 1023 3150 gressus
1049 3076 1143 3132 tui.
1174 3077 1279 3131 Aut
1297 3073 1437 3129 enim
1458 3072 1622 3127 habes
1649 3070 1813 3134 illam,
1834 3069 2018 3125 colens

444 3178 629 3240 Deum,
660 3183 715 3229 ct
733 3171 935 3228 videbis
960 3167 1099 3240 quod
1126 3167 1317 3222 habeat
1343 3164 1464 3219 talia
1492 3177 1595 3217 non
1624 3162 1804 3217 colens
1828 3160 2015 3225 Deum;

440 3280 496 3324 et
520 3269 639 3323 ideo
663 3266 868 3337 putabis
895 3262 1087 3316 frustra
1114 3268 1166 3315 te
1190 3258 1365 3313 colere
1387 3256 1574 3321 Demn,
1593 3254 1714 3325 quia
1741 3261 1796 3308 et
1821 3252 1908 3308 ille
1929 3252 2022 3307 ha—

445 3362 534 3416 bet
556 3359 856 3414 felicitatem
877 3353 965 3425 qui
994 3368 1100 3407 non
1129 3350 1258 3406 colit
1282 3349 1447 3404 Deum
1474 3365 1489 3402 :
1516 3356 1606 3401 aut.
1632 3362 1736 3401 non
1765 3345 1906 3399 illam
1929 3343 2021 3397 ha-

445 3456 540 3509 bes
558 3495 572 3518 ,
603 3459 655 3507 et
684 3450 852 3505 multo
880 3445 1106 3516 amplius
1136 3444 1298 3498 Deum
1324 3439 1599 3495 accusabis
1621 3481 1637 3507 ,
1670 3439 1758 3509 qui
1786 3437 1877 3493 dat
1903 3452 2020 3492 eam

447 3545 957 3620 blasphematoribus
984 3542 1094 3598 suis
1118 3584 1132 3605 ,
1166 3547 1221 3596 et
1248 3550 1403 3610 negat
1438 3534 1731 3592 cultoribus
1756 3534 1889 3588 suis.
1932 3533 2023 3587 Di-

448 3644 579 3696 scite
594 3653 721 3712 crgo
746 3644 927 3693 tenera
950 3643 1316 3693 contemnere,
1336 3629 1381 3685 si
1404 3628 1560 3683 vultis
1582 3627 1691 3682 Deo
1709 3625 1847 3682 ﬁdeli
1865 3624 2025 3681 corde

450 3732 670 3788 servire.
691 3729 865 3785 [labes
882 3724 1067 3781 illam?
1088 3722 1195 3778 noli
1219 3730 1404 3791 putare
1428 3717 1552 3774 inde
1578 3726 1629 3773 te
1655 3730 1775 3772 esse
1792 3715 1990 3773 bonum
2008 3732 2023 3777 ;

452 3822 546 3877 sed
575 3822 655 3877 fac
679 3829 731 3875 te
754 3818 878 3873 inde
902 3817 1120 3872 bonum.
1158 3812 1273 3868 Non
1306 3810 1506 3866 habes?
1534 3808 1651 3873 noli
1664 3816 1851 3879 putare
1906 3805 2029 3861 inde

455 3922 644 3970 te‘esse
666 3909 895 3973 malum;
927 3905 1018 3963 sed
1046 3920 1173 3961 cave
1202 3903 1421 3968 malum,
1439 3916 1545 3972 quo
1564 3916 1668 3959 non
1682 3900 2027 3981 venithonus.

530 4007 582 4062 5.
609 4002 848 4058 Felicitas
865 4011 911 4055 et
939 4014 1123 4053 merces
1136 4013 1166 4049 a
1188 3994 1295 4049 Deo
1316 4009 1548 4064 quamam
1568 3990 1923 4062 exspectanda.
1942 3990 2032 4045 Et-

458 4099 601 4154 enim
630 4096 731 4151 iste
746 4092 1087 4164 resipiscens,
1105 4095 1161 4143 et
1176 4082 1571 4158 reprehendens
1590 4097 1649 4139 se
1674 4082 1868 4153 ipsum,
1890 4079 2032 4149 quod

460 4188 597 4245 male
607 4192 841 4256 coeperat
864 4183 929 4238 dc
946 4183 1056 4238 Deo
1078 4177 1297 4242 sentire,
1318 4174 1572 4233 anhelans
1584 4181 1853 4246 peccator,
1871 4181 1925 4227 et
1944 4187 2035 4242 pa-

459 4296 576 4335 cem
598 4277 809 4333 intuens
821 4280 1186 4345 peccatorum;
1209 4265 1603 4339 reprehendens
1622 4280 1750 4335 ergo
1768 4278 1828 4319 se
1840 4263 2031 4334 ipsum,

460 4371 569 4425 ait:
597 4365 733 4434 Quid
783 4363 911 4418 enim
945 4359 1069 4413 mihi
1118 4367 1190 4412 est
1231 4358 1283 4410 in
1331 4354 1474 4415 cazlo,
1525 4364 1571 4408 et
1611 4370 1642 4407 a
1676 4364 1722 4407 te
1757 4353 1877 4423 quid
1904 4350 2037 4407 uolui

461 4474 611 4528 super
660 4466 844 4510 terram
891 4447 1060 4522 (Paul.
1102 4463 1270 4513 tun,
1322 4445 1512 4516 1-25)?
1538 4444 1653 4498 Jam
1696 4442 2034 4513 resipiscens,

396 4589 403 4596 .
459 4548 568 4617 jam
614 4550 853 4599 correcto
894 4538 1076 4603 corde,
1107 4535 1322 4606 agnovit
1369 4541 1623 4603 quantum
1668 4531 1839 4585 valeat
1867 4531 2040 4585 cultus

466 4639 558 4693 Dei
589 4654 602 4690 :
631 4650 789 4707 quem
839 4631 933 4687 Dei
983 4631 1183 4686 cultum
1231 4626 1486 4682 vilissimo
1541 4623 1709 4694 pretio
1744 4623 2038 4688 addixerat,

464 4726 677 4800 quando
734 4742 828 4797 pro
901 4723 993 4778 illo
1044 4731 1307 4775 terrenam
1376 4714 1680 4770 felicitatem
1748 4711 2039 4783 quaerebat.

467 4818 695 4892 Agnovit
723 4814 845 4887 quid
872 4813 1127 4870 debeatur
1151 4822 1360 4864 sursum
1388 4804 1681 4860 cultoribus
1706 4802 1821 4870 Dei,
1846 4802 1935 4858 ubi
1958 4801 2046 4874 ju-

469 4913 659 4968 bentur
680 4909 878 4964 habere
919 4921 1015 4962 cor
1053 4912 1107 4959 ct
1149 4899 1536 4971 respondemus
1577 4894 1647 4952 ibi
1678 4912 1776 4953 nos
1806 4894 2044 4951 habere:

468 5003 611 5077 quod
663 5012 712 5059 et
757 5001 958 5058 utinam
1005 5011 1112 5051 non
1153 4992 1490 5059 mentiamur,
1541 4991 1732 5047 saltem
1759 4989 1873 5061 ipsa
1894 4987 2045 5055 hora,

468 5097 656 5151 saltem
687 5094 803 5164 ipso
845 5095 1136 5154 momento,
1187 5084 1374 5140 saltem
1415 5082 1531 5156 ipso
1560 5080 1812 5151 temporis
1833 5084 2045 5150 puncto,

468 5185 688 5257 quando
729 5181 1130 5252 respondemus.
1188 5176 1495 5246 Respiciens
1541 5187 1667 5242 ergo
1716 5171 1824 5236 ille,
1868 5178 1923 5224 et
1958 5183 2052 5223 cor

479 5275 773 5345 corrigens,
801 5266 1143 5339 reprehendit
1164 5280 1221 5319 se
1240 5264 1494 5333 quaesisse
1526 5258 1808 5330 aliquando
1832 5259 1885 5313 in
1912 5265 2054 5312 terra

481 5367 787 5423 felicitatem
834 5369 1134 5422 terrenam,
1169 5352 1316 5425 quasi
1366 5350 1666 5406 mercedem
1713 5349 1886 5404 cultus
1939 5347 2051 5402 Dei.

484 5459 589 5513 Sed
618 5450 1015 5528 reprehendens
1041 5462 1098 5502 se
1128 5447 1228 5500 ait:
1257 5443 1389 5510 Quid
1422 5442 1553 5496 enim
1582 5440 1704 5493 milii
1728 5440 1869 5495 estin
1890 5439 2057 5494 calo!

485 5547 622 5615 Quid
651 5557 733 5602 est
761 5544 833 5601 ibi
869 5539 1042 5597 mihi?
1067 5537 1182 5592 \‘ita
1210 5544 1424 5598 aeterna,
1456 5530 1778 5602 incorruptio
1796 5569 1810 5595 ,
1837 5528 2055 5602 regnum

547 5659 619 5710 fu)
642 5663 799 5710 forte.
822 5652 1102 5710 (altari-em,
1129 5646 1230 5708 ιρι,
1250 5643 1476 5697 niu‘dirct.

1628 241 1687 298 S.
1725 235 2086 296 AUGUSTINI
2128 234 2426 292 EPlSCflPl

3557 227 3665 288 136

2087 362 2206 402 eunt
2234 347 2466 412 Christo,
2513 347 2737 400 societas
2777 342 3131 416 Angi-Iorum;
3164 341 3249 396 ubi
3278 340 3416 396 nulla
3446 350 3662 412 pertur-

2089 433 2254 503 batio,
2284 436 2425 489 nulla
2454 418 3000 505 ignorantiaﬂtullutn
3024 431 3337 503 periculum,
3370 431 3509 485 nulla
3538 438 3663 486 ten-

2089 528 2246 591 tatio;
2274 542 2417 588 vera.
2448 535 2613 589 certa,
2642 525 2744 580 ﬁxa
2791 525 3068 580 securitas.
3102 522 3238 577 Ecce
3271 520 3394 591 quid
3428 519 3557 576 mihi
3582 528 3670 575 est

2090 617 2140 671 in
2162 618 2320 674 cmlo.
2354 617 2420 672 Et
2467 634 2500 671 α
2546 627 2593 670 te
2628 617 2748 687 quid
2793 616 2925 671 volui
2949 633 3101 684 super
3134 613 3361 668 (errant?
3386 616 3428 667 A
3459 623 3510 668 te
3533 612 3664 684 quid

2090 708 2232 763 volui
2263 722 2424 779 super
2460 717 2656 763 terram
2682 708 2706 760 ?
2733 707 2859 778 quid
2899 705 3079 761 volui?
3110 705 3325 760 Divitias
3356 703 3542 769 fluxas,
3569 719 3666 760 ca-

2091 797 2275 865 ducas,
2306 798 2580 853 volaticas.
2603 797 2737 864 Quid
2765 798 2944 853 volui?
2965 798 3186 863 Aurum,
3210 796 3464 866 pallorem
3485 803 3664 861 terrae;

2092 867 2390 961 argentum],
2412 892 2635 948 livorem
2664 900 2847 956 terra};
2873 893 3149 958 honorem,
3173 889 3424 959 temporis
3440 887 3665 945 fumum.

2095 982 2232 1037 Ecce
2252 982 2377 1053 quid
2401 997 2431 1037 a
2478 991 2530 1038 te
2557 983 2696 1038 volui
2726 997 2887 1053 super
2917 990 3132 1037 terram.
3184 982 3250 1036 Et
3288 980 3407 1051 quia
3436 979 3541 1035 vidi
3566 980 3672 1036 hoc

2096 1072 2147 1126 in
2195 1073 2580 1142 peccatoribus,
2622 1073 2871 1129 commoti
2911 1079 3035 1127 sunt
3077 1070 3238 1141 pedes
3275 1069 3397 1134 mei,
3439 1079 3493 1125 et
3517 1069 3675 1141 paulo

2096 1163 2273 1217 minus
2317 1161 2470 1218 effusi
2515 1174 2637 1217 sunt
2686 1178 2898 1234 gressus
2937 1161 3061 1218 mei.
3111 1161 3156 1215 Ο
3197 1176 3353 1231 quam
3383 1160 3552 1216 bonus
3590 1169 3678 1215 est

2096 1254 2256 1309 rectis
2284 1253 2483 1309 corde!
2529 1253 2664 1321 Quid
2708 1269 2837 1324 ergo
2884 1254 3099 1323 qumris.
3146 1252 3406 1322 Propheta
3456 1249 3691 1306 fidelis?

2099 1344 2327 1408 Aurum,
2353 1354 2407 1399 et
2431 1354 2731 1414 argentum,
2762 1353 2813 1398 et
2838 1343 3050 1398 divitias
3083 1343 3355 1398 terrenas?
3380 1342 3515 1412 Ergo
3538 1341 3673 1397 tanti

2101 1432 2242 1487 valet
2268 1431 2400 1489 ﬁdes
2422 1443 2676 1488 matrona:
2705 1433 2896 1499 fidelis,
2927 1432 3067 1504 quod
3096 1432 3254 1488 habet
3276 1442 3331 1489 et
3371 1432 3618 1489 meretrix
3649 1431 3677 1485 ?

2101 1524 2255 1578 Tanti
2280 1539 2411 1594 ergo
2437 1524 2578 1579 valet
2601 1523 2732 1580 ﬁdes
2760 1524 2856 1578 viri
2897 1523 3082 1591 fidelis,
3123 1522 3261 1595 quod
3292 1523 3449 1578 habet
3486 1531 3540 1576 et
3567 1521 3672 1576 mi-

2102 1631 2243 1682 mus,
2274 1616 2479 1685 auriga,
2503 1626 2742 1681 venator,
2777 1616 2947 1671 latro?
2976 1613 3145 1678 Absit,
3170 1612 3359 1668 fratres
3380 1612 3505 1685 mel,
3536 1612 3677 1668 absit

2104 1715 2162 1762 ut
2189 1707 2319 1762 tanti
2342 1707 2517 1762 valeat
2546 1707 2674 1764 ﬁdes
2696 1717 2893 1763 vestra.
2927 1707 3144 1762 Avertat
3165 1706 3303 1761 Deus
3325 1705 3424 1760 huc
3443 1720 3472 1760 a
3502 1705 3683 1760 cordi-

2105 1798 2206 1854 bus
2234 1798 2444 1853 vestris.
2472 1797 2602 1853 Nam
2632 1799 2813 1869 quanti
2851 1798 3006 1864 valet,
3045 1798 3201 1852 vultis
3230 1799 3421 1853 nosse?
3460 1798 3562 1853 Pro
3614 1812 3682 1853 ea

2107 1887 2346 1944 Christus
2375 1897 2614 1943 mortuus
2643 1898 2744 1943 est.
2770 1887 2906 1957 Quid
2935 1903 3061 1959 ergo
3089 1896 3356 1943 terrenam
3377 1887 3682 1944 mercedem

2107 1980 2334 2051 quaeris,
2391 1995 2523 2035 auro
2567 1988 2621 2035 ct
2662 1978 2892 2037 nummis
2937 1979 3211 2035 addictus?
3257 1962 3506 2051 Iniuriam
3553 1979 3686 2035 facis

2111 2069 2259 2137 ﬁdei,
2313 2085 2409 2140 pro
2454 2084 2560 2141 qua
2611 2082 2849 2126 mortuus
2877 2070 3257 2145 estChristus.
3289 2071 3358 2127 Et
3386 2072 3510 2145 quid
3562 2081 3682 2137 est,

2111 2159 2322 2230 inquit?
2368 2160 2549 2230 quanti
2597 2160 2778 2216 valet?
2820 2161 2973 2216 Illum
3010 2160 3242 2224 attende,
3291 2161 3379 2231 qui
3417 2156 3688 2228 ait:Quid

2114 2252 2247 2307 enim
2284 2252 2409 2305 mihi
2437 2260 2508 2306 est
2532 2252 2584 2305 in
2613 2252 2737 2306 calo
2762 2250 2787 2305 ?
2812 2251 2926 2309 Non
2953 2252 3093 2305 enim
3119 2249 3383 2320 expressit
3410 2250 3535 2320 quid
3582 2252 3688 2305 erit

2114 2342 2379 2399 illud.‘Sic
2400 2340 2594 2397 aittEt
2639 2351 2744 2397 ate
2787 2342 2909 2413 quid
2950 2341 3086 2396 volui
3126 2359 3275 2413 super
3299 2343 3526 2396 terram?
3551 2340 3690 2397 lllntl

2114 2432 2409 2498 laudando,
2461 2433 2562 2487 hoc
2601 2430 2918 2501 abjiciendo,
2972 2441 3252 2502 utrumque
3296 2441 3469 2487 tamen
3519 2432 3691 2499 dixit,

2114 2523 2251 2591 Quid
2287 2532 2371 2580 est
2398 2523 2563 2579 illud?
2589 2522 2738 2589 Quod
2764 2522 2949 2578 oculus
2979 2538 3083 2577 non
3114 2522 3259 2577 vidit.
3290 2521 3423 2591 Quid
3454 2522 3695 2577 esthoc?

2115 2615 2270 2683 Quod
2312 2615 2484 2670 ﬁdelis
2532 2614 2719 2670 oculus
2759 2629 2863 2670 non
2896 2614 3025 2669 sitit.
3057 2614 3193 2683 Quid
3236 2623 3319 2671 est
3348 2612 3511 2668 illud?
3536 2612 3694 2681 Quod

2118 2708 2320 2764 invenit
2360 2707 2590 2762 Lazarus
2631 2707 2925 2762 ulcerosus.
2971 2706 3106 2775 Quid
3143 2716 3225 2761 est
3254 2706 3561 2774 hod?Quod
3592 2705 3694 2760 ha—

2120 2799 2236 2854 buit
2258 2799 2403 2854 dives
2433 2799 2663 2856 inflatus.
2691 2797 2827 2867 Quid
2872 2807 2956 2855 est
2986 2799 3151 2854 illud?
3191 2799 3343 2869 Quod
3382 2802 3555 2870 perire
3584 2815 3694 2854 non

2123 2901 2312 2961 potest.
2337 2891 2471 2960 Quid
2500 2901 2581 2945 est
2622 2891 2762 2947 hoc?
2808 2892 2958 2960 Quod
3008 2893 3173 2947 teneri
3200 2908 3303 2947 non
3335 2900 3524 2963 potest.
3555 2892 3696 2962 Quid

2121 2994 2200 3037 est
2225 2984 2387 3037 illud?
2413 2983 2510 3040 Ubi
2539 3000 2644 3038 non
2665 2985 2764 3040 erit
2791 2983 2960 3043 labor.
2982 2984 3118 3051 Quid
3140 2994 3221 3040 est
3249 2985 3386 3039 hoc?
3410 2983 3560 3052 Quod
3588 3001 3697 3039 non

2121 3075 2321 3131 deserit
2349 3076 2525 3130 timor.
2557 3076 2695 3140 Quid
2720 3077 2852 3130 enim
2874 3075 2996 3131 mihi
3020 3085 3092 3130 est
3111 3076 3162 3130 in
3186 3075 3309 3130 caelo
3335 3075 3361 3129 .’
3385 3075 3555 3144 Quid?
3579 3074 3701 3146 Ipse

2124 3166 2212 3235 qui
2242 3165 2365 3221 fecit
2406 3167 2633 3233 cmlum;
2668 3167 2893 3237 pretium
2936 3166 3058 3229 ﬁdei
3091 3175 3191 3221 tua:
3234 3166 3374 3227 Deus
3416 3175 3537 3221 tuus
3579 3176 3699 3231 est;

2134 3257 2305 3324 ipsum
2331 3254 2571 3320 habebis,
2605 3270 2663 3311 se
2690 3256 2859 3326 ipsum
2890 3264 3148 3326 pra'parat
3171 3255 3448 3325 praemium
3479 3256 3703 3312 cultori-

2128 3346 2229 3401 bus
2253 3347 2384 3400 suis.
2413 3346 2776 3412 Considerate,
2802 3347 3122 3415 charissimi,
3164 3347 3461 3402 universam
3487 3357 3701 3405 creatu-

2130 3455 2265 3504 ram,
2310 3438 2524 3504 cmlum,
2568 3447 2787 3504 terram,
2828 3454 2995 3506 mare,
3052 3455 3166 3508 qua:
3211 3440 3265 3495 in
3300 3440 3459 3503 celo,
3503 3457 3622 3510 qua:
3648 3442 3704 3496 in

2131 3535 2290 3592 terra,
2320 3543 2439 3597 qua!
2459 3528 2510 3581 in
2542 3529 2694 3593 mari,
2725 3544 2882 3600 quant
2910 3528 3148 3598 pulchra,
3173 3545 3328 3600 (piam
3361 3531 3514 3595 mira,
3545 3548 3706 3600 quant

2131 3616 2287 3688 digne
2309 3618 2653 3687 ordinataque
2681 3620 2956 3689 disposita.
2981 3620 3191 3675 Movent
3216 3635 3307 3675 vos
3330 3621 3426 3675 ista
3449 3622 3471 3676 ?
3493 3621 3710 3677 Movent

2133 3709 2307 3777 plane.
2337 3707 2545 3776 Quare?
2570 3709 2701 3777 Quia
2731 3710 2948 3780 pulchra
2978 3720 3121 3765 sunt.
3149 3710 3285 3777 Quid
3313 3720 3396 3767 est
3429 3713 3516 3783 qui
3543 3711 3710 3768 fecit?

2132 3798 2269 3856 Puto
2298 3799 2740 3867 rehchesceretis,
2765 3801 2809 3855 si
2835 3799 3089 3856 videretis
3114 3801 3555 3873 pulchritudinem
3593 3804 3710 3858 Λιιι

2133 3890 2390 3958 gelorum.
2422 3889 2557 3959 Quid
2583 3900 2665 3944 est
2690 3905 2816 3961 ergo
2844 3898 3053 3946 creator
3081 3891 3447 3961 Augelnrum?
3486 3890 3604 3959 Ipse
3627 3901 3714 3947 est

2137 3981 2411 4049 pra'mium
2437 3980 2557 4035 fidei
2587 3991 2793 4036 vestrm.
2838 3980 3019 4044 Avari,
3074 3980 3202 4052 quid
3226 3981 3377 4037 vobis
3417 3981 3632 4045 sufﬁcit,
3661 3981 3712 4036 si

2138 4073 2276 4127 Dens
2299 4071 2411 4141 ipse
2432 4087 2535 4126 non
2562 4071 2712 4125 vobis
2736 4072 2969 4126 sufﬁcit?

2208 4165 2261 4219 6.
2295 4164 2375 4217 Ad
2400 4165 2519 4218 bene
2558 4162 2819 4217 vivendum
2844 4164 3147 4233 quotidiunis
3178 4162 3411 4233 periculis
3430 4180 3712 4219 coniurave-

2141 4272 2274 4309 mur.
2308 4255 2450 4309 Bene
2496 4269 2623 4326 ergo
2650 4256 2909 4322 vivamus,
2933 4265 2987 4309 et
3032 4263 3089 4309 ut
3116 4256 3216 4309 hoc
3266 4257 3549 4325 possimus,
3590 4272 3715 4312 eum

2141 4347 2230 4417 qui
2251 4347 2353 4402 hoc
2382 4349 2651 4417 praecepit,
2679 4347 3004 4401 invocemus.
3057 4346 3241 4416 Neque
3270 4346 3421 4400 bona:
3447 4346 3566 4400 vita:
3616 4362 3687 4405 no

2143 4448 2268 4492 stne
2296 4447 2560 4493 terrenam
2588 4435 2888 4492 mercedem
2918 4452 2947 4489 a
2976 4437 3200 4490 Domino
3227 4435 3582 4505 requiramus.
3634 4434 3718 4490 Ad

2146 4531 2233 4586 illa
2261 4544 2377 4601 qua:
2401 4529 2800 4598 promittuntur,
2821 4528 3165 4582 intentionem
3197 4534 3427 4580 nostram
3457 4523 3723 4580 extenda-

2144 4635 2285 4674 mus.
2328 4619 2433 4675 Cor
2467 4628 2708 4673 nostrum
2755 4618 2825 4672 ibi
2855 4632 3132 4686 ponamus,
3159 4616 3248 4671 ubi
3280 4625 3584 4686 putrescere
3615 4631 3726 4670 non

2149 4720 2321 4783 potest
2346 4709 2682 4765 saecularibus
2727 4709 2888 4763 curis.
2921 4708 3218 4764 Transeunt
3264 4707 3361 4762 ista
3400 4723 3519 4776 qua:
3560 4722 3729 4763 occu-

2152 4813 2277 4874 pant
2333 4802 2594 4866 homines,
2637 4801 2817 4854 volant
2861 4800 3000 4864 ista;
3053 4813 3217 4868 vapor
3240 4810 3323 4854 eat
3357 4798 3460 4852 vita
3493 4796 3730 4852 humana

2156 4909 2315 4965 super
2341 4904 2556 4948 terram.
2582 4890 2849 4947 Accedunt
2874 4891 3032 4944 ctiam
3060 4888 3226 4959 ipsius
3254 4887 3451 4960 fragilis
3470 4889 3591 4943 vita:
3613 4896 3734 4943 tan~

2156 4993 2206 5038 ta
2233 4994 2287 5040 et
2313 4995 2419 5038 tam
2439 4981 2741 5052 quotidiana
2770 4980 3017 5049 pericula.
3051 4978 3231 5034 Terra:
3253 4988 3428 5033 motus
3456 4978 3632 5049 magni
3663 4978 3732 5035 de

2155 5073 2509 5130 Orientalibus
2531 5072 2868 5137 nuntiantur;
2900 5069 3169 5125 nonnulla:
3209 5083 3412 5140 magna:
3441 5068 3737 5138 repentinis

2158 5166 2407 5237 collapsa:
2432 5162 2509 5236 (a)
2536 5171 2660 5218 sunt
2698 5163 2958 5218 civitates.
2986 5161 3737 5234 Territiapudlemsolymam

2161 5257 2251 5327 qui
2270 5257 2475 5311 inerant
2511 5254 2702 5320 Judaei,
2737 5252 2952 5323 Pagani,
2982 5252 3370 5318 catechumeni,
3397 5266 3584 5307 omnes
3611 5261 3740 5306 sunt

2163 5347 2431 5419 baptizati.
2473 5345 2729 5401 Dicuntur
2773 5343 2996 5398 fortasse
3039 5342 3289 5413 haptizati
3330 5351 3534 5412 septem
3572 5341 3743 5396 millia

2163 5438 2460 5494 hominum.
2509 5435 2731 5506 Signum
2782 5433 2977 5488 Christi
3031 5433 3082 5487 in
3126 5433 3374 5491 vestibus
3427 5430 3744 5488 Juda-orum

2166 5527 2549 5598 baptizatorum
2577 5525 2835 5599 apparuit.
2865 5523 3050 5578 Relatu
3081 5521 3302 5579 fratrum
3337 5522 3571 5578 fidelium
3604 5535 3735 5577 eou-

2234 5640 2306 5699 (u)
2328 5644 2465 5688 Forte
2488 5637 2778 5693 addendum.
2796 5632 2962 5687 ruinis.
