4076 6198
342 322 445 379 130

343 435 569 491 dicimus
611 438 893 506 t3..an
920 451 931 486 :
956 434 1033 487 sic
1074 442 1381 488 noscentem
1430 442 1736 488 noscenlem
1760 473 1774 497 ,
1816 447 1923 485 non

343 539 527 583 autem
551 536 859 584 nascentem
903 528 1287 596 ignosccnlem.
1324 525 1522 578 Tamen
1565 526 1609 577 si
1649 524 1727 577 vis
1754 532 1808 576 ut
1837 523 1925 575 ille

344 622 583 690 ignitae“
602 662 617 686 ,
643 626 701 676 tu
725 630 974 691 agnosce.
1004 617 1321 688 Impunitmu
1343 634 1446 674 non
1473 627 1644 689 potest
1665 632 1783 671 esse
1806 632 1927 685 prc-

341 722 520 767 cuum
545 734 557 766 ι
580 711 896 781 impunitum
924 723 1044 765 esse
1064 724 1187 765 non'
1201 709 1357 766 decet
1375 752 1389 774 ,
1416 725 1521 764 non
1543 716 1785 779 oportet,
1821 722 1925 761 non

342 815 423 859 est
437 806 659 875 justum.
677 804 819 873 Ergo
840 805 957 875 quia
972 803 1285 874 impnuitmn
1307 820 1409 856 non
1431 800 1589 856 debet
1608 815 1726 856 esse
1744 814 1927 869 pecca-

343 908 478 960 tum,
498 896 746 966 puniatur
760 912 789 951 ιι
808 907 877 961 te,
898 910 965 952 ne
982 896 1215 967 puniaris
1232 910 1328 967 pro
1347 894 1457 951 illo.
1484 896 1761 951 Peccatum
1782 902 1927 947 tuum

339 988 573 1057 judicent
600 997 652 1043 ιο
672 988 892 1051 habent,
917 1004 1022 1043 non
1056 998 1354 1059 patronum.
1392 988 1447 1042 in
1479 987 1708 1042 tribunal
1735 984 1930 1040 trientis

339 1088 451 1132 tua:
474 1080 705 1135 astendc
728 1090 913 1133 contra
950 1087 999 1133 te
1021 1121 1035 1144 ,
1066 1090 1119 1134 et
1149 1094 1295 1133 reum
1323 1079 1585 1134 COilSiilue
1612 1088 1663 1134 lc
1700 1087 1822 1131 ante
1855 1087 1926 1131 te.

344 1173 459 1227 Noli
486 1184 685 1244 ponere
724 1174 776 1227 te
803 1182 922 1242 post
953 1182 1039 1237 te,
1074 1188 1139 1225 ne
1178 1170 1317 1226 Deus
1359 1179 1518 1241 ponat
1565 1178 1616 1225 te
1644 1177 1768 1226 ante
1797 1185 1855 1223 se
1888 1169 1927 1224 ‘.

342 1264 466 1319 ideo
486 1263 615 1318 dicit
640 1264 693 1318 in
715 1260 902 1317 eodem
927 1264 1130 1332 psalmo
1149 1304 1164 1329 ,
1190 1262 1329 1317 unde
1360 1262 1661 1315 facillimam
1682 1261 1931 1329 impetret

343 1355 549 1409 veniam
570 1366 589 1408 :
608 1352 857 1419 Quoniam
877 1352 1186 1424 iniquitatem
1206 1366 1368 1406 nteant
1388 1367 1477 1422 ego
1500 1366 1735 1423 agnosco,
1760 1359 1802 1402 et
1820 1364 1932 1420 pec-

340 1455 507 1498 catum
536 1458 703 1497 meum
721 1454 839 1496 ante
854 1457 936 1496 me
961 1451 1031 1498 est
1051 1458 1248 1514 semper
1272 1439 1445 1513 (Psal.
1480 1460 1528 1506 1.,
1560 1440 1639 1512 5).
1659 1440 1932 1510 Tanquam

345 1533 817 1602 dicens,Quoniam
835 1545 958 1588 ante
978 1549 1062 1588 me
1082 1544 1180 1599 est,
1204 1546 1267 1587 ne
1286 1536 1355 1588 sit
1370 1543 1492 1586 ante
1511 1543 1561 1587 te
1580 1549 1595 1598 ;
1618 1540 1672 1587 ct
1694 1534 1812 1602 quia
1836 1547 1935 1602 ego

341 1636 594 1695 agnosco,
614 1634 669 1679 tu
684 1624 920 1695 ignosce.
937 1621 1077 1696 Ergo
1088 1631 1361 1694 peccatum
1375 1634 1463 1678 aut
1478 1638 1506 1678 ιι
1525 1633 1577 1679 te
1597 1623 1829 1694 punitur,
1847 1630 1937 1677 aut

342 1734 370 1770 ει
396 1719 512 1772 Deo
539 1716 664 1774 .sed
694 1732 724 1769 a
750 1725 805 1770 te
832 1717 951 1771 sine
974 1725 1040 1781 te,
1072 1731 1102 1770 a
1132 1714 1243 1770 Deo
1272 1725 1466 1770 tecum.
1499 1712 1575 1769 ’fe
1595 1726 1721 1784 ergo
1744 1713 1936 1767 habeat

343 1809 673 1879 punitorum.
703 1815 760 1861 ut
787 1816 840 1861 tu
873 1806 1037 1861 Deum
1069 1804 1266 1861 habeas
1302 1800 1637 1861 defensorem
1676 1804 1771 1878 (ιι).
1803 1804 1930 1857 Dic:

348 1903 456 1970 ligo
478 1900 597 1955 feci.
622 1897 732 1970 Ego
753 1897 881 1963 diri,
908 1896 1139 1963 Domine,
1168 1899 1400 1953 miserere
1412 1898 1541 1961 mei;
1569 1914 1693 1952 sana
1713 1896 1935 1950 animum

347 2004 541 2059 meant,
569 1991 803 2061 quoniam
848 1991 1046 2060 peccavi
1088 1990 1195 2044 tibi.
1246 1984 1389 2061 Ego,
1422 1991 1622 2059 inquit,
1652 1989 1779 2043 dixi.
1830 1990 1938 2057 Ego

346 2096 453 2136 non
477 2084 659 2152 quaero
680 2082 748 2136 ad
771 2080 1169 2136 excusationem
1203 2078 1401 2150 peccati
1424 2121 1443 2146 ,
1470 2081 1589 2150 quis
1612 2079 1680 2133 de
1707 2095 1790 2133 me
1813 2095 1938 2148 pet:-

346 2173 576 2240 cavcrit,
602 2182 694 2228 aut
722 2171 841 2243 quis
870 2188 958 2227 tne
1000 2185 1225 2242 peccare
1267 2173 1601 2242 compulerit.
1638 2170 1752 2225 Non
1781 2172 1902 2226 dico
1921 2215 1936 2238 ,

346 2269 581 2325 Fortuna
613 2267 758 2324 fecit.
791 2267 906 2322 Non
932 2265 1054 2321 dico
1074 2308 1088 2332 ,
1120 2265 1305 2320 Fatmn
1334 2265 1435 2321 hoc
1457 2265 1640 2320 voluit.
1663 2264 1940 2320 Pestrcmo

352 2378 459 2416 nuit
484 2358 639 2430 dico,
666 2358 923 2416 Diabolus
966 2356 1110 2418 fbcit.
1141 2358 1272 2414 Nam
1312 2366 1363 2413 et
1412 2358 1527 2428 ipse
1553 2354 1796 2414 diabolus
1821 2376 1943 2415 sna-

350 2446 508 2508 dcndi
544 2451 709 2507 habet
749 2455 1067 2522 potestatem
1089 2490 1103 2513 ,
1138 2456 1411 2519 postremo
1456 2446 1725 2515 terrendi;
1752 2465 1941 2519 graves

350 2547 542 2610 etiam,
590 2538 635 2597 si
682 2539 975 2611 permissus
1020 2536 1218 2606 fuerit,
1265 2530 1536 2594 moiestias
1587 2537 1881 2592 inferendi:
1911 2556 1939 2593 ιι

355 2634 578 2693 horniub
597 2630 929 2704 deprecanda
949 2630 1118 2687 virtus
1142 2639 1243 2696 est,
1273 2646 1338 2686 ne
1365 2628 1675 2686 illeCebrosa
1697 2630 1931 2702 capiant,

351 2741 531 2785 autne
551 2722 681 2784 dura
703 2724 1059 2797 confringant.
1091 2718 1258 2779 Donet
1282 2720 1433 2777 nobis
1455 2734 1639 2777 contra
1661 2722 1942 2778 illecebras

353 2832 405 2878 et
450 2821 621 2877 minas
660 2808 889 2883 inimici,
926 2817 1061 2872 duas
1101 2815 1359 2883 virtutes,
1389 2819 1662 2870 continere
1705 2827 1755 2870 et
1787 2815 1943 2869 susti—

359 2926 487 2967 nere
514 2929 526 2965 :
558 2910 835 2967 continere
854 2902 1136 2973 libidines,
1163 2922 1231 2961 ne
1254 2892 1504 2977 prospera
1526 2905 1763 2977 capiant;
1795 2903 1946 2960 susti-

356 3018 483 3059 nere
510 3008 765 3066 terrores,
786 3015 853 3053 ne
879 2996 1101 3053 adversa
1120 2992 1481 3067 (confringant.
1514 2994 1587 3061 Et,
1607 3012 1720 3048 cum
1744 2996 1939 3058 scirent,

371 3095 573 3164 inquit,
605 3092 722 3162 quia
749 3106 891 3144 mmo
920 3098 1079 3158 potest
1114 3105 1219 3142 esse
1256 3087 1541 3151 continens,
1574 3086 1671 3140 nisi
1702 3082 1835 3140 Deus
1863 3086 1945 3139 det

359 3187 517 3258 (Sep.
551 3194 643 3240 vttt
663 3225 678 3250 ,
706 3180 821 3257 ΩΙ).
850 3182 985 3238 Hinc
1011 3197 1139 3252 ergo
1168 3179 1377 3235 dicebat
1396 3222 1409 3244 ,
1440 3177 1539 3234 Cor
1562 3178 1802 3232 mundum
1830 3193 1946 3232 crea

358 3281 408 3331 in
438 3295 515 3332 me
534 3319 553 3343 ,
583 3272 758 3341 Deus;
788 3284 843 3330 ct
861 3317 876 3341 ,
911 3270 1000 3328 Va:
1018 3273 1096 3327 his
1127 3274 1216 3344 qui
1254 3272 1580 3343 perdiderunt
1599 3272 1946 3325 sustinentium

360 3368 544 3439 (Ereti.
576 3383 645 3432 ιι,
681 3364 792 3440 ili).
820 3364 1097 3422 Neminem
1143 3381 1270 3436 ergo
1309 3379 1518 3434 qua-ras
1561 3379 1849 3430 accusare,
1880 3380 1947 3419 ne

356 3467 723 3514 accusatorem
746 3456 989 3511 invenias
1010 3496 1027 3522 ,
1050 3472 1081 3511 a
1104 3472 1213 3528 quo
1233 3470 1284 3510 te
1310 3470 1415 3510 non
1444 3455 1618 3527 possis
1636 3453 1961 3521 defendere.~

358 3550 490 3607 Nam
516 3558 570 3606 et
593 3551 705 3621 ipse
730 3550 977 3605 inimicus
1001 3558 1183 3605 noster
1207 3549 1450 3605 diabolus
1474 3548 1693 3619 quando
1722 3563 1946 3602 accusa-

360 3658 469 3711 tur,
497 3643 808 3716 gaudet:et
847 3643 959 3698 vult
1000 3643 1221 3699 outnino
1264 3653 1322 3696 ut
1366 3656 1586 3697 accuses
1628 3642 1808 3707 illum;
1835 3640 1950 3695 vult

361 3739 474 3809 ipse
503 3742 609 3792 uta
632 3744 686 3792 te
714 3735 852 3792 ferat
873 3735 1084 3809 qualem
1107 3735 1338 3791 volucris
1356 3733 1804 3798 criminationem,
1826 3747 1946 3786 cum

364 3840 419 3883 tu
460 3826 651 3899 perdas
698 3822 1110 3883 confessionem.
1155 3825 1351 3880 Contra
1398 3823 1556 3894 hujus
1580 3824 1826 3878 ιιδιιιιὶιιιιι
1857 3838 1948 3876 ex-

360 3920 556 3974 clamat
582 3916 700 3984 ille,
733 3915 843 3987 Ego
867 3915 1001 3982 dixi,
1036 3911 1267 3969 Domine.
1307 3914 1435 3970 Sine
1469 3929 1627 3968 causa
1666 3913 1796 3968 mibi
1822 3912 1949 3966 insi-

363 4010 538 4066 diatur
586 4008 861 4073 inimicus;
889 4008 1011 4064 novi
1054 4008 1277 4062 astutias
1315 4006 1671 4074 cjus:captat
1715 4005 1947 4074 linguam

364 4119 570 4168 meam,
600 4102 710 4157 vult
738 4112 792 4156 ιιι
818 4099 1028 4167 dicam,
1058 4099 1307 4155 Diabolus
1334 4097 1475 4154 fecit.
1506 4095 1619 4169 Ego
1663 4096 1771 4149 dixi
1791 4138 1804 4159 ,
1838 4094 1947 4148 Do~

369 4194 519 4248 utine.
538 4192 631 4250 liis
654 4206 785 4265 ergo
801 4192 1048 4247 versutiis
1075 4190 1280 4246 seducit
1307 4192 1531 4255 anilitas,
1554 4199 1607 4243 et
1633 4206 1661 4241 a
1692 4187 1950 4243 medicina

369 4282 722 4342 confessionis
747 4284 971 4348 avertit;
1003 4292 1095 4337 aut
1138 4282 1466 4353 persuadens
1490 4282 1569 4335 eis
1607 4291 1667 4334 ut
1701 4294 1763 4335 se
1791 4296 1949 4334 cxco-

376 4390 496 4433 sont
516 4418 531 4445 ,
560 4387 615 4432 et
639 4387 881 4447 qua-mut
901 4389 1033 4445 quos
1062 4384 1342 4437 accusent;
1370 4383 1462 4427 aut
1488 4373 1815 4443 persuadens
1841 4374 1948 4436 eis,

365 4468 488 4542 quia
514 4468 622 4539 jam
652 4478 1028 4539 peccaverunt,
1058 4475 1116 4522 ut
1141 4481 1279 4520 tione
1308 4466 1623 4535 desperent,
1653 4472 1711 4519 et
1732 4466 1952 4519 omnino

367 4577 426 4615 se
454 4559 521 4614 ad
543 4559 748 4615 veniam
777 4573 932 4628 posse
961 4556 1227 4629 pertinere
1254 4554 1327 4629 (ὁ)
1353 4571 1459 4611 non
1481 4555 1830 4614 arbitrentur;
1862 4565 1955 4610 aut

370 4651 695 4725 persuadens
720 4651 821 4717 eis,
843 4651 965 4723 quia
992 4650 1100 4707 cito
1123 4650 1263 4707 Deus
1290 4660 1455 4705 totum
1485 4650 1728 4722 ignoscit,
1756 4660 1955 4705 ut

372 4748 531 4799 homo
555 4758 663 4799 non
682 4743 931 4814 corrigat.

440 4836 494 4894 3.
536 4826 603 4891 Et
623 4834 902 4909 desperatio
932 4845 979 4890 et
1023 4853 1137 4905 spes
1167 4835 1541 4906 ἱιιῳωιιὶιεηιὶω
1575 4852 1635 4887 ac
1660 4834 1955 4904 perditionis

369 4944 541 4984 causa.
576 4926 763 4984 Videte
807 4934 1003 4995 quanta
1029 4926 1136 4981 sint
1152 4966 1168 4992 ,
1195 4925 1452 4983 adversus
1477 4940 1596 4994 quat
1618 4924 1831 4994 vigilare
1857 4923 1955 4979 de-

372 5024 493 5078 beat
510 5037 604 5077 cor
625 5020 949 5093 pauitantia.
972 5018 1053 5074 Ne
1074 5034 1133 5075 se
1151 5019 1457 5075 excusando
1473 5020 1701 5075 alterum
1721 5028 1953 5084 accuset,

373 5115 554 5170 veniat
596 5113 663 5171 ei.
692 5114 745 5170 in
796 5124 1066 5180 mentem,
1103 5108 1246 5184 Ego,
1274 5114 1417 5178 dixi,
1451 5109 1695 5176 Domine,
1729 5111 1961 5166 misereor

373 5205 509 5272 mei;
531 5221 660 5259 sana
677 5207 900 5258 annnam
924 5220 1117 5269 meam,
1144 5204 1383 5274 quoniam
1412 5204 1609 5274 peccaui
1637 5204 1743 5257 tibi.
1770 5203 1961 5258 Nerie-

375 5295 639 5367 spcmudo
685 5303 899 5367 pereat,
926 5305 985 5349 ιιι
1022 5295 1271 5365 quoniam
1326 5295 1599 5364 peccavit,
1628 5306 1679 5349 et
1728 5294 1960 5363 gnaviter

377 5388 645 5456 geel-erit,
675 5395 824 5458 putet
848 5402 906 5440 se
927 5385 1037 5455 jam
1063 5399 1168 5439 non
1205 5399 1362 5454 posse
1401 5385 1577 5439 sanari
1599 5404 1612 5448 ς
1636 5396 1689 5439 et
1711 5383 1876 5439 donet
1903 5403 1961 5440 se

441 5565 454 5593 ι
482 5569 563 5611 31s.
584 5576 652 5621 v.,
672 5575 730 5610 ne
759 5572 882 5611 nens
901 5567 945 5610 te
968 5567 1109 5625 ponat
1131 5567 1240 5610 ante
1264 5566 1325 5610 te.

440 5670 510 5728 (ει)
544 5675 707 5726 supra,
731 5680 880 5714 scrin.
902 5668 985 5728 fit),
1007 5684 1053 5716 ιι.
1081 5666 1126 5727 2,
1154 5676 1203 5717 et
1220 5666 1340 5716 infra
1362 5674 1516 5717 Serm.
1539 5665 1617 5728 29,
1638 5680 1690 5715 ιι.
1714 5668 1745 5716 6

418 5726 513 5789 σω)
534 5724 702 5787 ναι-ιο,
718 5724 980 5790 pert-mire.

1554 320 1610 376 S.
1655 310 2037 378 AUGUSTlNi
2059 317 2361 374 EPISLZOPI

3517 326 3620 383 Νι)

2036 430 2340 485 libidinibus
2357 472 2373 490 .
2399 433 2712 489 trahendum
2732 436 2977 490 otiinibus
3006 437 3403 507 cupiditatibus.
3430 439 3571 493 Facit
3601 446 3618 473 ι

2032 525 2286 596 quidquid
2321 528 2485 589 libet,
2512 530 2753 597 quamvis
2783 547 2885 584 non
2929 532 3100 585 liceat.
3136 530 3201 585 Et
3240 532 3284 585 si
3326 550 3428 586 non
3458 532 3619 598 facit,

2035 615 2104 670 ibi
2136 634 2241 673 non
2270 617 2423 683 facit,
2456 620 2541 673 ubi
2570 619 2813 675 ltomines
2836 621 3002 675 timet.
3027 621 3255 678 Omnino
3278 625 3457 678 animo
3483 642 3617 696 quo-

2032 706 2153 761 dam
2182 708 2492 777 gladiatorio
2518 710 2564 773 ',
2593 713 2845 780 quoniam
2876 716 3032 766 vitam
3060 714 3340 783 desperat,
3368 712 3618 787 quidquid

2036 807 2211 867 potest
2241 798 2415 854 facere
2460 799 2526 853 ad
2570 801 2863 855 satiandum
2894 803 3233 873 cupiditatem
3260 815 3313 859 et
3343 805 3617 861 libidinem

2035 898 2182 943 Suam
2206 889 2362 953 facit,
2396 904 2642 962 tanquam
2668 893 2890 948 devotus
2927 894 2993 948 ad
3025 895 3309 950 victimam.
3338 896 3497 952 Tales
3526 898 3623 951 dc-

2035 982 2338 1052 speratione
2366 993 2605 1053 pereunt.
2636 983 2833 1040 Contra
2865 987 2995 1041 istos
3023 1005 3117 1056 pro
3149 987 3263 1054 Ιιὶε,
3297 990 3345 1042 id
3386 1000 3468 1043 est
3492 1006 3622 1045 cen-

2038 1082 2116 1129 tra
2148 1077 2278 1132 tales
2306 1077 2654 1146 Cogitationes
2680 1095 2883 1141 eorum,
2907 1081 3127 1149 vigilans
3155 1080 3425 1150 Scriptura
3448 1081 3578 1134 dixit
3604 1099 3615 1131 :

2037 1164 2105 1221 In
2141 1162 2451 1240 quacumque
2495 1170 2577 1223 die
2616 1187 2879 1225 conversus
2923 1174 3074 1242 fuerit
3118 1174 3347 1243 iniquus,
3380 1183 3425 1225 cl
3453 1173 3622 1241 fecerit

2032 1260 2299 1329 iustitiam,
2317 1276 2488 1313 omnes
2514 1260 2795 1331 iniquitates
2820 1265 2930 1333 ejus
2954 1262 3215 1317 obliviscar
3238 1261 3447 1332 (Ecce/2.
3472 1280 3617 1325 xvm,

2036 1349 2128 1411 21.
2156 1359 2202 1403 et
2226 1367 2388 1404 χχχιιι
2411 1392 2424 1414 ,
2456 1352 2550 1412 ἰοί.
2585 1349 2696 1423 15).
2729 1351 2931 1405 Rursus
2958 1364 3193 1405 recreata
3225 1354 3397 1405 anima
3422 1396 3435 1414 ,
3469 1353 3510 1404 si
3540 1353 3620 1404 bis

2039 1440 2216 1495 verbis
2266 1441 2588 1507 crediderit,
2642 1460 2670 1495 a
2725 1440 3113 1510 desperationis
3172 1446 3342 1508 malo,
3392 1445 3621 1497 iuven‘ct

2034 1534 2197 1588 aliam
2229 1533 2435 1588 foveam
2470 1532 2515 1602 ³,
2544 1544 2605 1587 ιιι
2628 1549 2744 1604 qua:
2786 1534 3157 1605 deSperatione
3189 1537 3358 1606 perire
3394 1553 3496 1588 non
3530 1556 3623 1603 νε.-

2043 1625 2173 1687 tuit,
2205 1642 2300 1695 spe
2329 1635 2527 1695 pereat.
2558 1623 2625 1680 Et
2665 1627 2783 1696 quis
2807 1636 2888 1679 est
2925 1627 3010 1696 qui
3058 1643 3152 1696 spe
3196 1637 3375 1697 pereat
3402 1627 3457 1679 δῖ)
3486 1627 3622 1681 lic-ce

2040 1716 2249 1786 qualem
2280 1730 2551 1786 prepono,
2577 1716 2664 1786 qui
2685 1716 2878 1770 dixerit
2904 1719 2952 1770 in
2984 1718 3160 1772 animo
3182 1734 3278 1773 suo
3309 1717 3459 1773 :Jam
3483 1718 3620 1771 Dens

2042 1808 2248 1862 veniam
2272 1806 2510 1876 promisit
2537 1807 2783 1861 omnibus
2820 1808 3180 1863 avertcntibus
3204 1826 3262 1863 se
3288 1826 3315 1862 τι
3352 1814 3584 1879 peccatis
3605 1855 3619 1871 ,

2042 1897 2095 1951 in
2117 1914 2445 1968 quacumque
2470 1896 2598 1952 liora
2619 1899 2860 1953 conversi
2882 1898 3093 1963 fuerint,
3119 1914 3301 1954 omnes
3326 1901 3626 1969 iniquitates

2042 2006 2226 2043 eormn
2280 1989 2621 2044 obliviscetur
2664 2006 2678 2043 :
2726 2005 2856 2059 ergo
2910 1985 3095 2045 faciam
3161 1991 3412 2062 quidquid
3467 1994 3623 2051 volo;

2044 2080 2256 2151 quando
2305 2080 2526 2135 voluero
2569 2093 2875 2135 convertam
2922 2096 3036 2146 me,
3064 2079 3428 2151 delebiturque
3483 2083 3624 2152 (ιιωά

2045 2170 2242 2225 fecero.
2275 2170 2410 2237 Quid
2442 2171 2714 2226 dicemus?
2738 2173 2859 2242 quia
2890 2187 2994 2227 non
3022 2171 3234 2241 quando
3255 2187 3314 2226 se
3343 2183 3626 2226 converte-

2047 2260 2149 2327 rit,
2190 2272 2342 2315 curat
2393 2262 2533 2316 Deus
2581 2260 2964 2332 pmnitentem?
2992 2260 3209 2316 dimittit
3256 2261 3395 2316 Deus
3450 2264 3627 2315 omnia

2047 2360 2261 2422 peccata
2308 2352 2608 2426 praeterita?
2638 2351 2693 2407 Si
2738 2366 3028 2421 negamus.
3072 2351 3407 2422 indulgentiae
3436 2351 3627 2406 divina:

2046 2441 2490 2495 conti-adicimus:
2523 2442 2702 2497 verbis
2730 2440 2960 2511 denique
2983 2441 3306 2513 propheticis
3331 2442 3623 2508 obviaums,

2046 2533 2240 2589 divinis
2266 2535 2492 2607 eloquiis
2516 2550 2893 2606 repugnamus.
2923 2533 3036 2589 Non
3062 2543 3145 2589 est
3185 2534 3285 2590 hoc
3322 2535 3490 2591 ﬁdelis
3512 2536 3622 2590 dis-

2050 2627 2365 2697 pensatoris.

2118 2717 2171 2772 ἇ.
2209 2716 2327 2772 Νοιι
2374 2717 2657 2784 differenda
2694 2720 2969 2773 conversio.
3007 2716 3190 2773 Omnia
3212 2736 3303 2774 sua
3340 2720 3442 2773 vult
3481 2719 3631 2774 homo

2047 2828 2153 2865 esse
2174 2812 2331 2876 bona,
2356 2819 2539 2881 printer
2566 2809 2738 2865 ritum.
2770 2809 3049 2875 Recurrit,
3082 2818 3135 2864 et
3176 2809 3304 2865 dicit
3327 2809 3454 2864 mihi
3480 2814 3628 2879 quis-

2048 2917 2206 2972 quam
2231 2919 2244 2955 :
2274 2901 2433 2956 Dabis
2473 2916 2601 2971 ergo
2644 2900 2999 2956 laxamentum
3045 2901 3309 2970 peccatis,
3338 2909 3394 2956 ut
3437 2900 3631 2956 faciant

2050 2991 2292 3047 homines
2325 2990 2578 3060 quidquid
2610 2990 2824 3056 volunt,
2857 2988 3115 3060 promissa
3155 2990 3306 3043 venia
3326 3032 3341 3056 ,
3371 2990 3628 3059 promissa

2051 3082 2363 3151 impunitate
2389 3098 2510 3137 cum
2554 3096 2613 3136 se
2652 3081 3045 3137 converterint?
3072 3080 3275 3135 Laxant
3302 3080 3535 3136 habenas
3563 3083 3629 3134 ad

2053 3173 2378 3243 peccandum
2405 3173 2427 3204 ⁸
2453 3190 2466 3226 :
2491 3171 2733 3226 feruntur
2775 3186 2963 3241 magno
3008 3173 3237 3242 impetu,
3284 3173 3430 3226 nullo
3472 3185 3631 3227 revu.

2050 3280 2206 3322 caute
2228 3309 2242 3331 ,
2274 3282 2369 3337 spe
2401 3264 2689 3335 desperati.
2729 3264 2873 3319 Itane
2916 3274 3043 3318 Vero
3082 3265 3321 3333 vigilaret
3357 3263 3630 3334 Scriptura

2052 3358 2307 3411 adversus
2333 3357 2681 3425 deSperautes
2701 3397 2716 3421 ,
2742 3365 2796 3409 et
2816 3371 2920 3409 non
2951 3354 3191 3423 vigilaret
3209 3354 3464 3408 adversus
3493 3357 3628 3408 male

2051 3448 2359 3518 sperantes?
2413 3447 2549 3503 Audi
2605 3446 2723 3513 ejus
2767 3445 2969 3514 vigilias
3024 3444 3277 3499 adversus
3335 3442 3527 3499 malam
3577 3456 3631 3498 ct

2054 3555 2361 3611 perversam
2398 3552 2590 3609 spem:
2621 3536 2704 3591 Ns
2741 3538 2909 3590 tardes
2949 3536 3168 3590 converti
3209 3536 3276 3589 ad
3320 3534 3590 3590 Dominum
3615 3577 3629 3597 ,

2053 3650 2210 3703 tuun
2237 3630 2447 3698 αἰπειναί
2481 3631 2546 3684 de
2588 3629 2672 3683 die
2710 3630 2768 3682 in
2806 3629 2941 3682 diem
2964 3627 3163 3681 :subito
3200 3628 3333 3681 ern'm
3369 3628 3525 3681 ueniet
3556 3629 3632 3679 im

2053 3725 2179 3794 ejus,
2202 3733 2248 3775 et
2275 3723 2327 3776 in
2353 3732 2572 3791 tempore
2581 3720 2814 3773 vindicta:
2832 3718 3082 3788 ἀείρει-ἀει
3101 3728 3150 3771 te
3166 3716 3349 3789 (Ereti.
3366 3733 3417 3783 ν,
3432 3718 3526 3773 Su
3548 3718 3587 3772 9
3592 3729 3629 3787 ).

2053 3814 2189 3880 Quid
2217 3823 2300 3867 est
2322 3827 2452 3883 ergo
2472 3853 2486 3876 ,
2518 3810 2748 3879 maligne
2776 3809 3057 3878 speratur?
3083 3809 3140 3863 Si
3161 3809 3432 3877 desperes,
3458 3810 3629 3878 peris;

2055 3904 2099 3959 si
2128 3919 2309 3973 speres
2328 3944 2343 3969 ,
2377 3903 2537 3973 peris.
2570 3902 2667 3958 Ubi
2696 3902 2785 3957 tibi
2814 3911 2955 3955 tutus
2982 3901 3128 3955 locus
3150 3902 3284 3967 en't,
3314 3910 3372 3955 ut
3396 3901 3467 3956 ab
3490 3912 3632 3955 utra-

2053 4012 2156 4065 que
2199 3996 2351 4050 fovea
2406 4005 2458 4048 te
2496 3994 2725 4063 eripias,
2757 4002 2811 4046 et
2856 3993 3145 4046 constituas
3185 4001 3237 4046 te
3264 3992 3314 4045 in
3347 3992 3428 4045 via
3454 4003 3592 4046 recta
3615 4034 3631 4052 ,

2056 4087 2293 4141 serviens
2331 4085 2440 4139 Deo
2460 4126 2474 4151 ,
2504 4087 2764 4140 miserans
2792 4083 3021 4136 animam
3049 4091 3222 4149 tuam,
3257 4082 3466 4153 placens
3487 4081 3633 4136 Deo?

2055 4180 2190 4235 Male
2217 4176 2541 4247 desperabat;
2560 4216 2578 4241 ,
2601 4172 2793 4231 audisti
2817 4217 2831 4241 ,
2853 4170 2922 4231 In
2946 4189 3254 4243 quacumque
3273 4174 3355 4227 die
3372 4189 3636 4229 conrasas

2056 4272 2206 4341 fuerit
2249 4270 2477 4340 iniquus,
2504 4278 2680 4323 omnes
2722 4265 3009 4337 iniquitates
3042 4267 3152 4335 ejus
3191 4265 3471 4319 obliviscar.
3500 4264 3635 4319 Male

2057 4378 2271 4433 spcrarc
2299 4374 2539 4431 occperas
2557 4403 2573 4423 ,
2595 4356 2788 4414 audisti
2809 4398 2825 4423 ,
2858 4355 2942 4413 Νι
2964 4358 3131 4412 («ardes
3158 4358 3378 4419 converti
3419 4358 3488 4413 ad
3524 4355 3636 4410 Do-

2058 4457 2271 4519 minum,
2303 4468 2459 4524 neque
2486 4450 2694 4519 dinem
2720 4452 2785 4504 de
2804 4450 2888 4504 die
2912 4450 2966 4502 in
2991 4450 3143 4504 diem.
3184 4447 3429 4518 Undique
3459 4458 3510 4501 te
3530 4450 3634 4500 eir-

2058 4546 2328 4604 cumdedit
2351 4546 2681 4618 providentia
2724 4543 2817 4599 Dei
2845 4542 3278 4599 misericorditer.
3307 4540 3442 4609 Quid
3464 4540 3637 4595 dicis?

2058 4639 2310 4697 Primisit
2349 4637 2477 4692 mihi
2522 4637 2662 4692 Deus
2703 4635 3114 4705 indulgentiam;
3144 4633 3357 4703 ιιιιιιιιύθ
3398 4647 3482 4687 tne
3505 4647 3639 4686 con-

2059 4743 2269 4788 vertero
2293 4728 2439 4785 dabit
2459 4724 2602 4784 cant.’
2627 4728 2792 4783 Plane
2830 4725 3008 4788 dabit,
3040 4722 3252 4795 quando
3283 4734 3333 4779 te
3358 4734 3638 4778 converte-

2061 4826 2170 4890 ris;
2197 4823 2292 4878 sed
2311 4834 2477 4892 quare
2499 4828 2551 4874 te
2569 4833 2677 4873 non
2699 4816 3002 4873 convertis?
3030 4815 3295 4881 Quoniam
3316 4812 3530 4885 quando
3552 4825 3641 4866 me

2061 4924 2416 4978 convertere,
2440 4911 2608 4966 dabit.
2652 4908 2879 4967 Prorsus
2916 4906 3131 4977 quattdo
3178 4914 3228 4960 te
3277 4905 3636 4964 converteris.

2060 5008 2234 5073 dabit;
2265 5005 2359 5062 sed
2388 5007 2561 5075 ipsum
2595 5001 2809 5073 quando
2831 5001 3045 5070 quando
3066 4998 3184 5052 est?
3203 4998 3387 5065 Quare
3411 5010 3518 5051 non
3548 4996 3644 5048 lio-

2062 5102 2149 5158 die
2173 5112 2251 5157 est
2272 5143 2289 5167 ,
2317 5113 2481 5169 quare
2509 5112 2612 5151 non
2640 5109 2761 5149 cum
2784 5104 2841 5148 tu
2870 5110 2958 5149 uie
2980 5088 3172 5147 audis?
3200 5106 3365 5160 quiare
3391 5106 3503 5144 non
3519 5105 3645 5145 tatur

2129 5239 2145 5269 ι
2172 5234 2441 5285 van
2458 5237 2566 5288 us,
2594 5238 2804 5282 mare:
2827 5227 2921 5277 hoc
2940 5225 3046 5276 loco
3067 5232 3272 5288 ιιιιιιιιιι.

2126 5300 2147 5329 s
2172 5282 2315 5354 ε’ᾼῖίῇ
2344 5282 2761 5357 ςιιιξάὶιιιρζίιίοηιιι
2780 5290 3044 5357 ι’ὶυιυείμιβ
3077 5294 3159 5336 “5-
3178 5321 3195 5345 ο
3554 5284 3649 5354 οδω

2064 5366 2224 5407 Enarr.
2251 5345 2305 5404 in
2324 5345 2492 5403 iisalm.
2517 5353 2596 5410 70,
2618 5367 2666 5400 ιι.
2692 5352 2712 5399 1
2737 5387 2749 5399 .
2784 5370 2805 5397 ι
2824 5359 2925 5398 tam
2948 5350 3134 5397 habens
3154 5345 3294 5409 quisi
3314 5345 3649 5410 gladium-ium

2071 5405 2346 5475 tantum,
2369 5423 2425 5464 ut
2443 5415 2558 5464 ideo
2581 5405 2721 5463 {auat
2739 5410 2967 5476 quidquid
2991 5411 3111 5469 vult.
3134 5405 3248 5471 quis
3268 5405 3549 5459 ιδωεωιιιο
3561 5405 3648 5452 .2..—

2073 5502 2095 5529 ‘
2666 5545 2842 5586 Rursus
2855 5540 3019 5584 eretur!
3039 5539 3108 5582 est
3123 5529 3288 5582 arm
3304 5530 3358 5581 in
3385 5529 3460 5579 his
3477 5525 3650 5587 verbis,

2068 5604 2267 5655 liberata
2287 5615 2319 5651 a
2341 5596 2685 5657 desperatimtis
2716 5596 2862 5655 nmio,
2883 5593 3055 5644 irruenti!
3076 5593 3227 5657 aliqua
3247 5593 3446 5655 roman.

2132 5652 2153 5697 ί
2177 5664 2326 5713 Editio
2346 5652 2575 5710 sirmondi
2594 5674 2605 5709 :
2625 5657 2736 5720 onis
2757 5666 2825 5708 est
2847 5652 2931 5721 qui
2951 5670 3034 5718 spe
3057 5653 3181 5721 perit
3196 5652 3221 5704 Ρ

2130 5729 2153 5761 ⁸
2189 5725 2451 5776 victorious
2472 5717 2647 5782 codex,
2675 5730 2826 5769 taxus
2848 5717 3058 5768 [uitiatas
3080 5717 3145 5767 ad
3170 5721 3439 5779 peccatan
