  <div class='ocr_page' id='page_1' title='image "/cluster/home/n/w/nwhite01/storage/ocr_20150623/38/hvd.32044096580600/077.png"; bbox 0 0 4024 6202; ppageno 0'>
   <div class='ocr_carea' id='block_1_1' title="bbox 299 371 408 430">
    <p class='ocr_par' dir='ltr' id='par_1_1' title="bbox 299 371 408 430">
     <span class='ocr_line' id='line_1_1' title="bbox 299 371 408 430; baseline -0.018 0"><span class='ocrx_word' id='word_1_1' title='bbox 299 371 408 430; x_wconf 74' lang='lat' dir='ltr'><strong>N3</strong></span> 
     </span>
    </p>
   </div>
   <div class='ocr_carea' id='block_1_2' title="bbox 298 468 1880 558">
    <p class='ocr_par' dir='ltr' id='par_1_2' title="bbox 298 468 1880 558">
     <span class='ocr_line' id='line_1_2' title="bbox 298 468 1880 558; baseline -0.015 -11"><span class='ocrx_word' id='word_1_2' title='bbox 298 503 422 557; x_wconf 80' lang='lat' dir='ltr'><strong>est,</strong></span> <span class='ocrx_word' id='word_1_3' title='bbox 464 496 555 545; x_wconf 86' lang='lat' dir='ltr'><strong>aut</strong></span> <span class='ocrx_word' id='word_1_4' title='bbox 578 487 830 558; x_wconf 79' lang='lat' dir='ltr'><strong>quidquid</strong></span> <span class='ocrx_word' id='word_1_5' title='bbox 860 483 926 537; x_wconf 87' lang='lat' dir='ltr'><strong>dc</strong></span> <span class='ocrx_word' id='word_1_6' title='bbox 953 479 1092 534; x_wconf 27' lang='lat' dir='ltr'><strong>coelo</strong></span> <span class='ocrx_word' id='word_1_7' title='bbox 1120 477 1286 547; x_wconf 76' lang='lat' dir='ltr'><strong>fulget</strong></span> <span class='ocrx_word' id='word_1_8' title='bbox 1309 519 1322 537; x_wconf 85' lang='lat'><strong>,</strong></span> <span class='ocrx_word' id='word_1_9' title='bbox 1362 484 1453 529; x_wconf 87' lang='lat' dir='ltr'><strong>aut</strong></span> <span class='ocrx_word' id='word_1_10' title='bbox 1516 468 1770 543; x_wconf 76' lang='lat' dir='ltr'><strong>quidquid</strong></span> <span class='ocrx_word' id='word_1_11' title='bbox 1810 468 1880 524; x_wconf 87' lang='lat' dir='ltr'><strong>de</strong></span> 
     </span>
    </p>
   </div>
   <div class='ocr_carea' id='block_1_3' title="bbox 306 566 1883 653">
    <p class='ocr_par' dir='ltr' id='par_1_3' title="bbox 306 566 1883 653">
     <span class='ocr_line' id='line_1_3' title="bbox 306 566 1883 653; baseline -0.016 -13"><span class='ocrx_word' id='word_1_12' title='bbox 306 594 448 640; x_wconf 79' lang='lat' dir='ltr'><strong>terra</strong></span> <span class='ocrx_word' id='word_1_13' title='bbox 466 577 774 653; x_wconf 56' lang='lat' dir='ltr'><strong>resﬂendet</strong></span> <span class='ocrx_word' id='word_1_14' title='bbox 822 577 939 630; x_wconf 86' lang='lat' dir='ltr'><strong>luce</strong></span> <span class='ocrx_word' id='word_1_15' title='bbox 974 569 1264 643; x_wconf 76' lang='lat' dir='ltr'><strong>perfusum.</strong></span> <span class='ocrx_word' id='word_1_16' title='bbox 1314 566 1524 622; x_wconf 75' lang='lat' dir='ltr'><strong>Nullum</strong></span> <span class='ocrx_word' id='word_1_17' title='bbox 1576 576 1773 631; x_wconf 87' lang='lat' dir='ltr'><strong>corpus</strong></span> <span class='ocrx_word' id='word_1_18' title='bbox 1799 567 1883 653; x_wconf 81' lang='lat' dir='ltr'><strong>est</strong></span> 
     </span>
    </p>
   </div>
   <div class='ocr_carea' id='block_1_4' title="bbox 310 651 1882 742">
    <p class='ocr_par' dir='ltr' id='par_1_4' title="bbox 310 651 1882 742">
     <span class='ocr_line' id='line_1_4' title="bbox 310 651 1882 742; baseline -0.018 -10"><span class='ocrx_word' id='word_1_19' title='bbox 310 676 451 731; x_wconf 76' lang='lat' dir='ltr'><strong>Deus</strong></span> <span class='ocrx_word' id='word_1_20' title='bbox 474 714 491 739; x_wconf 88' lang='lat'><strong>,</strong></span> <span class='ocrx_word' id='word_1_21' title='bbox 536 651 754 742; x_wconf 73' lang='lat' dir='ltr'><strong>spiritus</strong></span> <span class='ocrx_word' id='word_1_22' title='bbox 795 674 907 720; x_wconf 78' lang='lat' dir='ltr'><strong>est.</strong></span> <span class='ocrx_word' id='word_1_23' title='bbox 951 662 1113 727; x_wconf 79' lang='lat' dir='ltr'><strong>Ideo,</strong></span> <span class='ocrx_word' id='word_1_24' title='bbox 1158 659 1365 730; x_wconf 89' lang='lat' dir='ltr'><strong>inquit,</strong></span> <span class='ocrx_word' id='word_1_25' title='bbox 1406 657 1493 727; x_wconf 81' lang='lat' dir='ltr'><strong>qui</strong></span> <span class='ocrx_word' id='word_1_26' title='bbox 1530 655 1801 742; x_wconf 78' lang='lat' dir='ltr'><strong>adorant,</strong></span> <span class='ocrx_word' id='word_1_27' title='bbox 1828 651 1882 705; x_wconf 79' lang='lat' dir='ltr'><strong>in</strong></span> 
     </span>
    </p>
   </div>
   <div class='ocr_carea' id='block_1_5' title="bbox 307 741 1882 836">
    <p class='ocr_par' dir='ltr' id='par_1_5' title="bbox 307 741 1882 836">
     <span class='ocr_line' id='line_1_5' title="bbox 307 741 1882 836; baseline -0.015 -15"><span class='ocrx_word' id='word_1_28' title='bbox 307 766 487 836; x_wconf 76' lang='lat' dir='ltr'><strong>spiritu</strong></span> <span class='ocrx_word' id='word_1_29' title='bbox 512 741 784 818; x_wconf 8' lang='lat' dir='ltr'><strong>alacritate</strong></span> <span class='ocrx_word' id='word_1_30' title='bbox 811 764 1006 827; x_wconf 73' lang='lat' dir='ltr'><strong>Operm</strong></span> <span class='ocrx_word' id='word_1_31' title='bbox 1032 754 1251 807; x_wconf 80' lang='lat' dir='ltr'><strong>adorare</strong></span> <span class='ocrx_word' id='word_1_32' title='bbox 1278 748 1460 821; x_wconf 72' lang='lat' dir='ltr'><strong>(loco.</strong></span> <span class='ocrx_word' id='word_1_33' title='bbox 1491 762 1543 801; x_wconf 78' lang='lat' dir='ltr'><strong>tv</strong></span> <span class='ocrx_word' id='word_1_34' title='bbox 1562 784 1579 813; x_wconf 91' lang='lat'><strong>,</strong></span> <span class='ocrx_word' id='word_1_35' title='bbox 1609 744 1725 814; x_wconf 67' lang='lat'><strong>22).</strong></span> <span class='ocrx_word' id='word_1_36' title='bbox 1766 741 1882 797; x_wconf 79' lang='lat' dir='ltr'><strong>Non</strong></span> 
     </span>
    </p>
   </div>
   <div class='ocr_carea' id='block_1_6' title="bbox 310 842 1887 922">
    <p class='ocr_par' dir='ltr' id='par_1_6' title="bbox 310 842 1887 922">
     <span class='ocr_line' id='line_1_6' title="bbox 310 842 1887 922; baseline -0.018 -9"><span class='ocrx_word' id='word_1_37' title='bbox 310 860 361 913; x_wconf 85' lang='lat' dir='ltr'><strong>in</strong></span> <span class='ocrx_word' id='word_1_38' title='bbox 380 855 504 912; x_wconf 85' lang='lat' dir='ltr'><strong>loco</strong></span> <span class='ocrx_word' id='word_1_39' title='bbox 528 851 712 922; x_wconf 87' lang='lat' dir='ltr'><strong>aliquo</strong></span> <span class='ocrx_word' id='word_1_40' title='bbox 733 845 1128 918; x_wconf 63' lang='lat' dir='ltr'><strong>eorporis,quia</strong></span> <span class='ocrx_word' id='word_1_41' title='bbox 1145 858 1263 897; x_wconf 79' lang='grc' dir='ltr'>-ιιιιιι</span> <span class='ocrx_word' id='word_1_42' title='bbox 1286 850 1369 896; x_wconf 78' lang='lat' dir='ltr'><strong>est</strong></span> <span class='ocrx_word' id='word_1_43' title='bbox 1391 851 1587 908; x_wconf 72' lang='lat' dir='ltr'><strong>corpus</strong></span> <span class='ocrx_word' id='word_1_44' title='bbox 1615 851 1752 889; x_wconf 81' lang='lat' dir='ltr'><strong>:non</strong></span> <span class='ocrx_word' id='word_1_45' title='bbox 1780 842 1887 886; x_wconf 80' lang='lat' dir='ltr'><strong>tan-</strong></span> 
     </span>
    </p>
   </div>
   <div class='ocr_carea' id='block_1_7' title="bbox 307 927 1889 1017">
    <p class='ocr_par' dir='ltr' id='par_1_7' title="bbox 307 927 1889 1017">
     <span class='ocr_line' id='line_1_7' title="bbox 307 927 1889 1017; baseline -0.017 -13"><span class='ocrx_word' id='word_1_46' title='bbox 307 960 465 1017; x_wconf 80' lang='lat' dir='ltr'><strong>quaut</strong></span> <span class='ocrx_word' id='word_1_47' title='bbox 488 946 540 998; x_wconf 90' lang='lat' dir='ltr'><strong>in</strong></span> <span class='ocrx_word' id='word_1_48' title='bbox 555 948 737 999; x_wconf 71' lang='lat' dir='ltr'><strong>monte</strong></span> <span class='ocrx_word' id='word_1_49' title='bbox 745 936 979 1004; x_wconf 73' lang='lat' dir='ltr'><strong>excelso,</strong></span> <span class='ocrx_word' id='word_1_50' title='bbox 998 944 1167 1007; x_wconf 72' lang='lat' dir='ltr'><strong>nuper</strong></span> <span class='ocrx_word' id='word_1_51' title='bbox 1177 931 1508 987; x_wconf 83' lang='lat' dir='ltr'><strong>altitudinem</strong></span> <span class='ocrx_word' id='word_1_52' title='bbox 1525 927 1720 981; x_wconf 78' lang='lat' dir='ltr'><strong>montis</strong></span> <span class='ocrx_word' id='word_1_53' title='bbox 1736 934 1889 994; x_wconf 79' lang='lat' dir='ltr'><strong>putes</strong></span> 
     </span>
    </p>
   </div>
   <div class='ocr_carea' id='block_1_8' title="bbox 309 1017 1885 1107">
    <p class='ocr_par' dir='ltr' id='par_1_8' title="bbox 309 1017 1885 1107">
     <span class='ocr_line' id='line_1_8' title="bbox 309 1017 1885 1107; baseline -0.018 -13"><span class='ocrx_word' id='word_1_54' title='bbox 309 1049 362 1094; x_wconf 86' lang='lat' dir='ltr'><strong>te</strong></span> <span class='ocrx_word' id='word_1_55' title='bbox 387 1034 742 1107; x_wconf 73' lang='lat' dir='ltr'><strong>propinquare</strong></span> <span class='ocrx_word' id='word_1_56' title='bbox 785 1030 916 1085; x_wconf 85' lang='lat' dir='ltr'><strong>Den.</strong></span> <span class='ocrx_word' id='word_1_57' title='bbox 956 1026 1211 1084; x_wconf 81' lang='lat' dir='ltr'><strong>Excelsus</strong></span> <span class='ocrx_word' id='word_1_58' title='bbox 1249 1021 1461 1093; x_wconf 79' lang='lat' dir='ltr'><strong>quidem</strong></span> <span class='ocrx_word' id='word_1_59' title='bbox 1488 1026 1570 1074; x_wconf 84' lang='lat' dir='ltr'><strong>est</strong></span> <span class='ocrx_word' id='word_1_60' title='bbox 1591 1017 1885 1080; x_wconf 85' lang='lat' dir='ltr'><strong>Dominus,</strong></span> 
     </span>
    </p>
   </div>
   <div class='ocr_carea' id='block_1_9' title="bbox 310 1109 1891 1191">
    <p class='ocr_par' dir='ltr' id='par_1_9' title="bbox 310 1109 1891 1191">
     <span class='ocr_line' id='line_1_9' title="bbox 310 1109 1891 1191; baseline -0.016 -8"><span class='ocrx_word' id='word_1_61' title='bbox 310 1127 407 1183; x_wconf 84' lang='lat' dir='ltr'><strong>sed</strong></span> <span class='ocrx_word' id='word_1_62' title='bbox 435 1123 655 1180; x_wconf 79' lang='lat' dir='ltr'><strong>humilia</strong></span> <span class='ocrx_word' id='word_1_63' title='bbox 683 1120 904 1191; x_wconf 82' lang='lat' dir='ltr'><strong>respicit</strong></span> <span class='ocrx_word' id='word_1_64' title='bbox 924 1135 940 1183; x_wconf 84' lang='lat'><strong>;</strong></span> <span class='ocrx_word' id='word_1_65' title='bbox 961 1116 1185 1172; x_wconf 75' lang='lat' dir='ltr'><strong>excelsa</strong></span> <span class='ocrx_word' id='word_1_66' title='bbox 1211 1122 1389 1168; x_wconf 86' lang='lat' dir='ltr'><strong>autem</strong></span> <span class='ocrx_word' id='word_1_67' title='bbox 1416 1126 1445 1165; x_wconf 88' lang='lat' dir='ltr'><strong>a</strong></span> <span class='ocrx_word' id='word_1_68' title='bbox 1490 1109 1648 1180; x_wconf 74' lang='lat' dir='ltr'><strong>longe</strong></span> <span class='ocrx_word' id='word_1_69' title='bbox 1668 1110 1669 1113; x_wconf 67' lang='grc'><em>“</em></span> <span class='ocrx_word' id='word_1_70' title='bbox 1686 1120 1891 1175; x_wconf 68' lang='lat' dir='ltr'><strong>cogun-</strong></span> 
     </span>
    </p>
   </div>
   <div class='ocr_carea' id='block_1_10' title="bbox 311 1197 1892 1287">
    <p class='ocr_par' dir='ltr' id='par_1_10' title="bbox 311 1197 1892 1287">
     <span class='ocr_line' id='line_1_10' title="bbox 311 1197 1892 1287; baseline -0.015 -14"><span class='ocrx_word' id='word_1_71' title='bbox 311 1219 413 1272; x_wconf 82' lang='lat' dir='ltr'><strong>scit</strong></span> <span class='ocrx_word' id='word_1_72' title='bbox 458 1214 645 1287; x_wconf 78' lang='lat' dir='ltr'><strong>(Psal.</strong></span> <span class='ocrx_word' id='word_1_73' title='bbox 672 1226 885 1267; x_wconf 75' lang='lat' dir='ltr'><strong>cxxsvu</strong></span> <span class='ocrx_word' id='word_1_74' title='bbox 910 1252 925 1274; x_wconf 88' lang='lat'><strong>,</strong></span> <span class='ocrx_word' id='word_1_75' title='bbox 956 1208 1066 1281; x_wconf 83' lang='lat'><strong>6);</strong></span> <span class='ocrx_word' id='word_1_76' title='bbox 1103 1205 1321 1262; x_wconf 78' lang='lat' dir='ltr'><strong>humilia</strong></span> <span class='ocrx_word' id='word_1_77' title='bbox 1361 1217 1468 1257; x_wconf 89' lang='lat' dir='ltr'><strong>non</strong></span> <span class='ocrx_word' id='word_1_78' title='bbox 1511 1201 1688 1270; x_wconf 73' lang='lat' dir='ltr'><strong>longe.</strong></span> 
     </span>
    </p>
   </div>
   <div class='ocr_carea' id='block_1_11' title="bbox 313 1286 1889 1371">
    <p class='ocr_par' dir='ltr' id='par_1_11' title="bbox 313 1286 1889 1371">
     <span class='ocr_line' id='line_1_11' title="bbox 313 1286 1889 1371; baseline -0.015 -9"><span class='ocrx_word' id='word_1_79' title='bbox 313 1306 560 1364; x_wconf 71' lang='lat' dir='ltr'><strong>excelsus</strong></span> <span class='ocrx_word' id='word_1_80' title='bbox 582 1312 664 1359; x_wconf 86' lang='lat' dir='ltr'><strong>est</strong></span> <span class='ocrx_word' id='word_1_81' title='bbox 685 1345 700 1369; x_wconf 89' lang='lat'><strong>,</strong></span> <span class='ocrx_word' id='word_1_82' title='bbox 732 1309 788 1357; x_wconf 87' lang='lat' dir='ltr'><strong>et</strong></span> <span class='ocrx_word' id='word_1_83' title='bbox 816 1300 1015 1371; x_wconf 88' lang='lat' dir='ltr'><strong>utique,</strong></span> <span class='ocrx_word' id='word_1_84' title='bbox 1044 1298 1089 1352; x_wconf 89' lang='lat' dir='ltr'><strong>si</strong></span> <span class='ocrx_word' id='word_1_85' title='bbox 1113 1295 1380 1352; x_wconf 77' lang='lat' dir='ltr'><strong>excelsaa</strong></span> <span class='ocrx_word' id='word_1_86' title='bbox 1406 1293 1561 1362; x_wconf 77' lang='lat' dir='ltr'><strong>longe</strong></span> <span class='ocrx_word' id='word_1_87' title='bbox 1588 1286 1889 1358; x_wconf 81' lang='lat' dir='ltr'><strong>cognoscit.</strong></span> 
     </span>
    </p>
   </div>
   <div class='ocr_carea' id='block_1_12' title="bbox 317 1375 1895 1463">
    <p class='ocr_par' dir='ltr' id='par_1_12' title="bbox 317 1375 1895 1463">
     <span class='ocr_line' id='line_1_12' title="bbox 317 1375 1895 1463; baseline -0.016 -8"><span class='ocrx_word' id='word_1_88' title='bbox 317 1396 545 1455; x_wconf 69' lang='lat' dir='ltr'><strong>humilia</strong></span> <span class='ocrx_word' id='word_1_89' title='bbox 560 1392 897 1463; x_wconf 70' lang='lat' dir='ltr'><strong>longinquius</strong></span> <span class='ocrx_word' id='word_1_90' title='bbox 923 1388 1083 1444; x_wconf 82' lang='lat' dir='ltr'><strong>debet</strong></span> <span class='ocrx_word' id='word_1_91' title='bbox 1113 1385 1412 1441; x_wconf 81' lang='lat' dir='ltr'><strong>advertere.</strong></span> <span class='ocrx_word' id='word_1_92' title='bbox 1455 1381 1513 1438; x_wconf 92' lang='lat' dir='ltr'><strong>Si</strong></span> <span class='ocrx_word' id='word_1_93' title='bbox 1543 1381 1623 1434; x_wconf 70' lang='lat' dir='ltr'><strong>ob</strong></span> <span class='ocrx_word' id='word_1_94' title='bbox 1665 1375 1895 1433; x_wconf 75' lang='lat' dir='ltr'><strong>escelsis</strong></span> 
     </span>
    </p>
   </div>
   <div class='ocr_carea' id='block_1_13' title="bbox 317 1470 1893 1554">
    <p class='ocr_par' dir='ltr' id='par_1_13' title="bbox 317 1470 1893 1554">
     <span class='ocr_line' id='line_1_13' title="bbox 317 1470 1893 1554; baseline -0.016 -8"><span class='ocrx_word' id='word_1_95' title='bbox 317 1489 632 1546; x_wconf 78' lang='lat' dir='ltr'><strong>celsitudine</strong></span> <span class='ocrx_word' id='word_1_96' title='bbox 654 1500 749 1541; x_wconf 87' lang='lat' dir='ltr'><strong>sua</strong></span> <span class='ocrx_word' id='word_1_97' title='bbox 781 1484 1098 1554; x_wconf 75' lang='lat' dir='ltr'><strong>longinquus</strong></span> <span class='ocrx_word' id='word_1_98' title='bbox 1121 1489 1204 1534; x_wconf 87' lang='lat' dir='ltr'><strong>est</strong></span> <span class='ocrx_word' id='word_1_99' title='bbox 1225 1519 1243 1544; x_wconf 93' lang='lat'><strong>,</strong></span> <span class='ocrx_word' id='word_1_100' title='bbox 1284 1487 1341 1532; x_wconf 90' lang='lat' dir='ltr'><strong>ut</strong></span> <span class='ocrx_word' id='word_1_101' title='bbox 1365 1490 1430 1531; x_wconf 89' lang='lat' dir='ltr'><strong>ea</strong></span> <span class='ocrx_word' id='word_1_102' title='bbox 1454 1489 1485 1527; x_wconf 80' lang='grc' dir='ltr'><strong>ιι</strong></span> <span class='ocrx_word' id='word_1_103' title='bbox 1513 1470 1672 1541; x_wconf 80' lang='lat' dir='ltr'><strong>longe</strong></span> <span class='ocrx_word' id='word_1_104' title='bbox 1692 1482 1893 1539; x_wconf 61' lang='lat' dir='ltr'><strong>cogito.</strong></span> 
     </span>
    </p>
   </div>
   <div class='ocr_carea' id='block_1_14' title="bbox 317 1559 1896 1650">
    <p class='ocr_par' dir='ltr' id='par_1_14' title="bbox 317 1559 1896 1650">
     <span class='ocr_line' id='line_1_14' title="bbox 317 1559 1896 1650; baseline -0.016 -14"><span class='ocrx_word' id='word_1_105' title='bbox 317 1590 465 1646; x_wconf 82' lang='lat' dir='ltr'><strong>seat;</strong></span> <span class='ocrx_word' id='word_1_106' title='bbox 495 1586 696 1650; x_wconf 85' lang='lat' dir='ltr'><strong>quanto</strong></span> <span class='ocrx_word' id='word_1_107' title='bbox 734 1575 901 1645; x_wconf 73' lang='lat' dir='ltr'><strong>magis</strong></span> <span class='ocrx_word' id='word_1_108' title='bbox 929 1614 945 1640; x_wconf 94' lang='lat'><strong>,</strong></span> <span class='ocrx_word' id='word_1_109' title='bbox 983 1571 1058 1626; x_wconf 88' lang='lat' dir='ltr'><strong>ait</strong></span> <span class='ocrx_word' id='word_1_110' title='bbox 1086 1569 1275 1639; x_wconf 87' lang='lat' dir='ltr'><strong>aliquis</strong></span> <span class='ocrx_word' id='word_1_111' title='bbox 1297 1608 1312 1631; x_wconf 86' lang='lat'><strong>,</strong></span> <span class='ocrx_word' id='word_1_112' title='bbox 1349 1566 1419 1620; x_wconf 85' lang='lat' dir='ltr'><strong>ab</strong></span> <span class='ocrx_word' id='word_1_113' title='bbox 1456 1562 1744 1619; x_wconf 80' lang='lat' dir='ltr'><strong>humilibus</strong></span> <span class='ocrx_word' id='word_1_114' title='bbox 1775 1559 1896 1628; x_wconf 66' lang='lat' dir='ltr'><strong>eius</strong></span> 
     </span>
    </p>
   </div>
   <div class='ocr_carea' id='block_1_15' title="bbox 284 1652 1899 1745">
    <p class='ocr_par' dir='ltr' id='par_1_15' title="bbox 284 1652 1899 1745">
     <span class='ocr_line' id='line_1_15' title="bbox 284 1652 1899 1745; baseline -0.017 -16"><span class='ocrx_word' id='word_1_115' title='bbox 284 1676 475 1745; x_wconf 66' lang='lat' dir='ltr'><strong>-—longe</strong></span> <span class='ocrx_word' id='word_1_116' title='bbox 500 1668 762 1726; x_wconf 70' lang='lat' dir='ltr'><strong>celsitudo</strong></span> <span class='ocrx_word' id='word_1_117' title='bbox 810 1663 1078 1723; x_wconf 73' lang='lat' dir='ltr'><strong>secessit?</strong></span> <span class='ocrx_word' id='word_1_118' title='bbox 1103 1661 1222 1717; x_wconf 81' lang='lat' dir='ltr'><strong>Non</strong></span> <span class='ocrx_word' id='word_1_119' title='bbox 1268 1660 1337 1714; x_wconf 85' lang='lat' dir='ltr'><strong>ita</strong></span> <span class='ocrx_word' id='word_1_120' title='bbox 1382 1666 1484 1713; x_wconf 83' lang='lat' dir='ltr'><strong>est.</strong></span> <span class='ocrx_word' id='word_1_121' title='bbox 1526 1652 1783 1745; x_wconf 74' lang='lat' dir='ltr'><strong>Escelsus</strong></span> 
     </span>
    </p>
   </div>
   <div class='ocr_carea' id='block_1_16' title="bbox 320 1736 1898 1825">
    <p class='ocr_par' dir='ltr' id='par_1_16' title="bbox 320 1736 1898 1825">
     <span class='ocr_line' id='line_1_16' title="bbox 320 1736 1898 1825; baseline -0.018 -5"><span class='ocrx_word' id='word_1_122' title='bbox 320 1736 462 1820; x_wconf 69' lang='lat' dir='ltr'><strong>enim</strong></span> <span class='ocrx_word' id='word_1_123' title='bbox 486 1762 646 1825; x_wconf 85' lang='lat' dir='ltr'><strong>Deus,</strong></span> <span class='ocrx_word' id='word_1_124' title='bbox 674 1768 732 1814; x_wconf 87' lang='lat' dir='ltr'><strong>et</strong></span> <span class='ocrx_word' id='word_1_125' title='bbox 757 1757 975 1813; x_wconf 81' lang='lat' dir='ltr'><strong>humilia</strong></span> <span class='ocrx_word' id='word_1_126' title='bbox 1000 1753 1235 1825; x_wconf 76' lang='lat' dir='ltr'><strong>respicit.</strong></span> <span class='ocrx_word' id='word_1_127' title='bbox 1258 1745 1537 1817; x_wconf 80' lang='lat' dir='ltr'><strong>Quomodo</strong></span> <span class='ocrx_word' id='word_1_128' title='bbox 1561 1760 1625 1800; x_wconf 87' lang='lat' dir='ltr'><strong>ea</strong></span> <span class='ocrx_word' id='word_1_129' title='bbox 1646 1736 1898 1813; x_wconf 76' lang='lat' dir='ltr'><strong>respicit?</strong></span> 
     </span>
    </p>
   </div>
   <div class='ocr_carea' id='block_1_17' title="bbox 324 1838 1902 1924">
    <p class='ocr_par' dir='ltr' id='par_1_17' title="bbox 324 1838 1902 1924">
     <span class='ocr_line' id='line_1_17' title="bbox 324 1838 1902 1924; baseline -0.016 -12"><span class='ocrx_word' id='word_1_130' title='bbox 324 1858 497 1924; x_wconf 82' lang='lat' dir='ltr'><strong>Prope</strong></span> <span class='ocrx_word' id='word_1_131' title='bbox 523 1863 606 1907; x_wconf 80' lang='lat' dir='ltr'><strong>est</strong></span> <span class='ocrx_word' id='word_1_132' title='bbox 637 1851 894 1907; x_wconf 76' lang='lat' dir='ltr'><strong>Dominus</strong></span> <span class='ocrx_word' id='word_1_133' title='bbox 930 1846 1183 1902; x_wconf 85' lang='lat' dir='ltr'><strong>omnibus</strong></span> <span class='ocrx_word' id='word_1_134' title='bbox 1210 1843 1293 1898; x_wconf 89' lang='lat' dir='ltr'><strong>his</strong></span> <span class='ocrx_word' id='word_1_135' title='bbox 1318 1840 1407 1912; x_wconf 79' lang='lat' dir='ltr'><strong>qui</strong></span> <span class='ocrx_word' id='word_1_136' title='bbox 1435 1838 1762 1895; x_wconf 82' lang='lat' dir='ltr'><strong>obtrivct-uut</strong></span> <span class='ocrx_word' id='word_1_137' title='bbox 1806 1847 1902 1886; x_wconf 84' lang='lat' dir='ltr'><strong>eor</strong></span> 
     </span>
    </p>
   </div>
   <div class='ocr_carea' id='block_1_18' title="bbox 323 1926 1898 2017">
    <p class='ocr_par' dir='ltr' id='par_1_18' title="bbox 323 1926 1898 2017">
     <span class='ocr_line' id='line_1_18' title="bbox 323 1926 1898 2017; baseline -0.018 -14"><span class='ocrx_word' id='word_1_138' title='bbox 323 1946 498 2017; x_wconf 70' lang='lat' dir='ltr'><strong>(Ptol.</strong></span> <span class='ocrx_word' id='word_1_139' title='bbox 531 1959 692 1999; x_wconf 74' lang='lat' dir='ltr'><strong>sum</strong></span> <span class='ocrx_word' id='word_1_140' title='bbox 712 1982 729 2009; x_wconf 90' lang='lat'><strong>,</strong></span> <span class='ocrx_word' id='word_1_141' title='bbox 751 1941 864 2012; x_wconf 75' lang='grc' dir='ltr'>ιε).</span> <span class='ocrx_word' id='word_1_142' title='bbox 885 1938 1005 1994; x_wconf 82' lang='lat' dir='ltr'><strong>Noli</strong></span> <span class='ocrx_word' id='word_1_143' title='bbox 1025 1952 1153 2007; x_wconf 74' lang='lat' dir='ltr'><strong>ergo</strong></span> <span class='ocrx_word' id='word_1_144' title='bbox 1173 1947 1413 2005; x_wconf 65' lang='lat' dir='ltr'><strong>quaerere</strong></span> <span class='ocrx_word' id='word_1_145' title='bbox 1440 1937 1673 1985; x_wconf 79' lang='lat' dir='ltr'><strong>montem</strong></span> <span class='ocrx_word' id='word_1_146' title='bbox 1703 1926 1898 1988; x_wconf 89' lang='lat' dir='ltr'><strong>altum,</strong></span> 
     </span>
    </p>
   </div>
   <div class='ocr_carea' id='block_1_19' title="bbox 327 2018 1903 2095">
    <p class='ocr_par' dir='ltr' id='par_1_19' title="bbox 327 2018 1903 2095">
     <span class='ocr_line' id='line_1_19' title="bbox 327 2018 1903 2095; baseline -0.018 1"><span class='ocrx_word' id='word_1_147' title='bbox 327 2037 469 2095; x_wconf 80' lang='lat' dir='ltr'><strong>unde</strong></span> <span class='ocrx_word' id='word_1_148' title='bbox 499 2036 594 2092; x_wconf 84' lang='lat' dir='ltr'><strong>tibi</strong></span> <span class='ocrx_word' id='word_1_149' title='bbox 619 2034 843 2090; x_wconf 84' lang='lat' dir='ltr'><strong>vicinior</strong></span> <span class='ocrx_word' id='word_1_150' title='bbox 865 2045 986 2087; x_wconf 85' lang='lat' dir='ltr'><strong>esse</strong></span> <span class='ocrx_word' id='word_1_151' title='bbox 1015 2026 1267 2085; x_wconf 82' lang='lat' dir='ltr'><strong>videaris.</strong></span> <span class='ocrx_word' id='word_1_152' title='bbox 1297 2023 1356 2079; x_wconf 83' lang='lat' dir='ltr'><strong>Si</strong></span> <span class='ocrx_word' id='word_1_153' title='bbox 1393 2021 1609 2078; x_wconf 76' lang='lat' dir='ltr'><strong>extollis</strong></span> <span class='ocrx_word' id='word_1_154' title='bbox 1629 2028 1681 2073; x_wconf 89' lang='lat' dir='ltr'><strong>te</strong></span> <span class='ocrx_word' id='word_1_155' title='bbox 1699 2060 1712 2081; x_wconf 89' lang='lat'><strong>,</strong></span> <span class='ocrx_word' id='word_1_156' title='bbox 1746 2018 1903 2087; x_wconf 73' lang='lat' dir='ltr'><strong>longe</strong></span> 
     </span>
    </p>
   </div>
   <div class='ocr_carea' id='block_1_20' title="bbox 324 2108 1905 2186">
    <p class='ocr_par' dir='ltr' id='par_1_20' title="bbox 324 2108 1905 2186">
     <span class='ocr_line' id='line_1_20' title="bbox 324 2108 1905 2186; baseline -0.016 0"><span class='ocrx_word' id='word_1_157' title='bbox 324 2128 526 2186; x_wconf 79' lang='lat' dir='ltr'><strong>secedit</strong></span> <span class='ocrx_word' id='word_1_158' title='bbox 552 2142 582 2182; x_wconf 84' lang='lat' dir='ltr'><strong>a</strong></span> <span class='ocrx_word' id='word_1_159' title='bbox 602 2134 658 2181; x_wconf 84' lang='lat' dir='ltr'><strong>te</strong></span> <span class='ocrx_word' id='word_1_160' title='bbox 684 2143 698 2180; x_wconf 90' lang='lat'><strong>:</strong></span> <span class='ocrx_word' id='word_1_161' title='bbox 729 2124 774 2180; x_wconf 84' lang='lat' dir='ltr'><strong>si</strong></span> <span class='ocrx_word' id='word_1_162' title='bbox 801 2121 1050 2177; x_wconf 84' lang='lat' dir='ltr'><strong>bumilias</strong></span> <span class='ocrx_word' id='word_1_163' title='bbox 1068 2129 1123 2173; x_wconf 83' lang='lat' dir='ltr'><strong>te</strong></span> <span class='ocrx_word' id='word_1_164' title='bbox 1141 2160 1158 2184; x_wconf 92' lang='lat'><strong>,</strong></span> <span class='ocrx_word' id='word_1_165' title='bbox 1201 2116 1420 2171; x_wconf 87' lang='lat' dir='ltr'><strong>inclinat</strong></span> <span class='ocrx_word' id='word_1_166' title='bbox 1442 2128 1502 2168; x_wconf 89' lang='lat' dir='ltr'><strong>se</strong></span> <span class='ocrx_word' id='word_1_167' title='bbox 1524 2110 1591 2166; x_wconf 84' lang='lat' dir='ltr'><strong>ad</strong></span> <span class='ocrx_word' id='word_1_168' title='bbox 1622 2120 1694 2165; x_wconf 89' lang='lat' dir='ltr'><strong>te.</strong></span> <span class='ocrx_word' id='word_1_169' title='bbox 1723 2108 1905 2164; x_wconf 81' lang='lat' dir='ltr'><strong>Publi-</strong></span> 
     </span>
    </p>
   </div>
   <div class='ocr_carea' id='block_1_21' title="bbox 325 2200 1903 2286">
    <p class='ocr_par' dir='ltr' id='par_1_21' title="bbox 325 2200 1903 2286">
     <span class='ocr_line' id='line_1_21' title="bbox 325 2200 1903 2286; baseline -0.015 -10"><span class='ocrx_word' id='word_1_170' title='bbox 325 2216 755 2286; x_wconf 68' lang='lat' dir='ltr'><strong>cauusdelonge</strong></span> <span class='ocrx_word' id='word_1_171' title='bbox 778 2212 954 2268; x_wconf 81' lang='lat' dir='ltr'><strong>stabat</strong></span> <span class='ocrx_word' id='word_1_172' title='bbox 972 2252 992 2277; x_wconf 92' lang='lat'><strong>,</strong></span> <span class='ocrx_word' id='word_1_173' title='bbox 1019 2221 1075 2264; x_wconf 90' lang='lat' dir='ltr'><strong>et</strong></span> <span class='ocrx_word' id='word_1_174' title='bbox 1100 2208 1225 2264; x_wconf 88' lang='lat' dir='ltr'><strong>ideo</strong></span> <span class='ocrx_word' id='word_1_175' title='bbox 1252 2206 1396 2261; x_wconf 89' lang='lat' dir='ltr'><strong>Deus</strong></span> <span class='ocrx_word' id='word_1_176' title='bbox 1432 2202 1509 2259; x_wconf 91' lang='lat' dir='ltr'><strong>illi</strong></span> <span class='ocrx_word' id='word_1_177' title='bbox 1548 2200 1751 2257; x_wconf 77' lang='lat' dir='ltr'><strong>facilius</strong></span> <span class='ocrx_word' id='word_1_178' title='bbox 1777 2213 1903 2268; x_wconf 89' lang='lat' dir='ltr'><strong>pro-</strong></span> 
     </span>
    </p>
   </div>
   <div class='ocr_carea' id='block_1_22' title="bbox 330 2288 1905 2381">
    <p class='ocr_par' dir='ltr' id='par_1_22' title="bbox 330 2288 1905 2381">
     <span class='ocr_line' id='line_1_22' title="bbox 330 2288 1905 2381; baseline -0.015 -15"><span class='ocrx_word' id='word_1_179' title='bbox 330 2308 618 2381; x_wconf 75' lang='lat' dir='ltr'><strong>pinquabat</strong></span> <span class='ocrx_word' id='word_1_180' title='bbox 659 2322 673 2360; x_wconf 90' lang='lat'><strong>:</strong></span> <span class='ocrx_word' id='word_1_181' title='bbox 711 2318 822 2360; x_wconf 71' lang='lat' dir='ltr'><strong>nec</strong></span> <span class='ocrx_word' id='word_1_182' title='bbox 868 2302 1055 2360; x_wconf 89' lang='lat' dir='ltr'><strong>oculos</strong></span> <span class='ocrx_word' id='word_1_183' title='bbox 1104 2300 1281 2354; x_wconf 83' lang='lat' dir='ltr'><strong>levare</strong></span> <span class='ocrx_word' id='word_1_184' title='bbox 1327 2293 1559 2350; x_wconf 80' lang='lat' dir='ltr'><strong>atulebat</strong></span> <span class='ocrx_word' id='word_1_185' title='bbox 1596 2290 1664 2346; x_wconf 85' lang='lat' dir='ltr'><strong>ad</strong></span> <span class='ocrx_word' id='word_1_186' title='bbox 1710 2288 1905 2345; x_wconf 67' lang='lat' dir='ltr'><strong>caelum</strong></span> 
     </span>
    </p>
   </div>
   <div class='ocr_carea' id='block_1_23' title="bbox 328 2382 1909 2471">
    <p class='ocr_par' dir='ltr' id='par_1_23' title="bbox 328 2382 1909 2471">
     <span class='ocr_line' id='line_1_23' title="bbox 328 2382 1909 2471; baseline -0.015 -15"><span class='ocrx_word' id='word_1_187' title='bbox 328 2400 484 2471; x_wconf 66' lang='grc' dir='ltr'><strong>μαι.</strong></span> <span class='ocrx_word' id='word_1_188' title='bbox 526 2413 664 2455; x_wconf 70' lang='lat' dir='ltr'><strong>unt</strong></span> <span class='ocrx_word' id='word_1_189' title='bbox 686 2438 703 2457; x_wconf 89' lang='lat'><strong>.</strong></span> <span class='ocrx_word' id='word_1_190' title='bbox 745 2394 875 2463; x_wconf 71' lang='grc'><strong>13),</strong></span> <span class='ocrx_word' id='word_1_191' title='bbox 915 2401 970 2449; x_wconf 88' lang='lat' dir='ltr'><strong>et</strong></span> <span class='ocrx_word' id='word_1_192' title='bbox 992 2391 1102 2461; x_wconf 80' lang='lat' dir='ltr'><strong>jam</strong></span> <span class='ocrx_word' id='word_1_193' title='bbox 1126 2402 1310 2444; x_wconf 87' lang='lat' dir='ltr'><strong>secum</strong></span> <span class='ocrx_word' id='word_1_194' title='bbox 1338 2384 1569 2440; x_wconf 84' lang='lat' dir='ltr'><strong>habebat</strong></span> <span class='ocrx_word' id='word_1_195' title='bbox 1594 2382 1683 2452; x_wconf 85' lang='lat' dir='ltr'><strong>qui</strong></span> <span class='ocrx_word' id='word_1_196' title='bbox 1712 2382 1909 2471; x_wconf 77' lang='lat' dir='ltr'><strong>iecerat</strong></span> 
     </span>
    </p>
   </div>
   <div class='ocr_carea' id='block_1_24' title="bbox 332 2469 1909 2555">
    <p class='ocr_par' dir='ltr' id='par_1_24' title="bbox 332 2469 1909 2555">
     <span class='ocr_line' id='line_1_24' title="bbox 332 2469 1909 2555; baseline -0.015 -10"><span class='ocrx_word' id='word_1_197' title='bbox 332 2469 728 2551; x_wconf 63' lang='lat' dir='ltr'><strong>toluthrde</strong></span> <span class='ocrx_word' id='word_1_198' title='bbox 750 2498 880 2555; x_wconf 66' lang='lat' dir='ltr'><strong>ergo</strong></span> <span class='ocrx_word' id='word_1_199' title='bbox 899 2480 1253 2554; x_wconf 77' lang='lat' dir='ltr'><strong>jucundamur</strong></span> <span class='ocrx_word' id='word_1_200' title='bbox 1274 2478 1327 2532; x_wconf 91' lang='lat' dir='ltr'><strong>in</strong></span> <span class='ocrx_word' id='word_1_201' title='bbox 1351 2475 1597 2537; x_wconf 88' lang='lat' dir='ltr'><strong>Domino,</strong></span> <span class='ocrx_word' id='word_1_202' title='bbox 1622 2472 1718 2526; x_wconf 89' lang='lat' dir='ltr'><strong>sia</strong></span> <span class='ocrx_word' id='word_1_203' title='bbox 1747 2469 1909 2526; x_wconf 89' lang='lat' dir='ltr'><strong>nobis</strong></span> 
     </span>
    </p>
   </div>
   <div class='ocr_carea' id='block_1_25' title="bbox 339 2562 1913 2649">
    <p class='ocr_par' dir='ltr' id='par_1_25' title="bbox 339 2562 1913 2649">
     <span class='ocr_line' id='line_1_25' title="bbox 339 2562 1913 2649; baseline -0.015 -13"><span class='ocrx_word' id='word_1_204' title='bbox 339 2592 445 2636; x_wconf 86' lang='lat' dir='ltr'><strong>tam</strong></span> <span class='ocrx_word' id='word_1_205' title='bbox 494 2581 651 2649; x_wconf 69' lang='lat' dir='ltr'><strong>longe</strong></span> <span class='ocrx_word' id='word_1_206' title='bbox 677 2583 784 2631; x_wconf 83' lang='grc' dir='ltr'>-εει</span> <span class='ocrx_word' id='word_1_207' title='bbox 829 2569 1129 2628; x_wconf 69' lang='lat' dir='ltr'><strong>Dominus!</strong></span> <span class='ocrx_word' id='word_1_208' title='bbox 1160 2568 1238 2625; x_wconf 72' lang='lat' dir='ltr'><strong>Bt</strong></span> <span class='ocrx_word' id='word_1_209' title='bbox 1272 2582 1378 2623; x_wconf 92' lang='lat' dir='ltr'><strong>non</strong></span> <span class='ocrx_word' id='word_1_210' title='bbox 1424 2565 1498 2620; x_wconf 84' lang='lat' dir='ltr'><strong>sit</strong></span> <span class='ocrx_word' id='word_1_211' title='bbox 1540 2562 1697 2633; x_wconf 67' lang='lat' dir='ltr'><strong>longe</strong></span> <span class='ocrx_word' id='word_1_212' title='bbox 1720 2601 1736 2627; x_wconf 96' lang='lat'><strong>,</strong></span> <span class='ocrx_word' id='word_1_213' title='bbox 1773 2569 1828 2615; x_wconf 88' lang='lat' dir='ltr'><strong>et</strong></span> <span class='ocrx_word' id='word_1_214' title='bbox 1855 2568 1913 2613; x_wconf 87' lang='lat' dir='ltr'><strong>ut</strong></span> 
     </span>
    </p>
   </div>
   <div class='ocr_carea' id='block_1_26' title="bbox 335 2654 1914 2743">
    <p class='ocr_par' dir='ltr' id='par_1_26' title="bbox 335 2654 1914 2743">
     <span class='ocr_line' id='line_1_26' title="bbox 335 2654 1914 2743; baseline -0.015 -16"><span class='ocrx_word' id='word_1_215' title='bbox 335 2676 491 2743; x_wconf 69' lang='grc' dir='ltr'>ιοιιαε</span> <span class='ocrx_word' id='word_1_216' title='bbox 520 2669 593 2724; x_wconf 88' lang='lat' dir='ltr'><strong>sit</strong></span> <span class='ocrx_word' id='word_1_217' title='bbox 619 2711 634 2733; x_wconf 91' lang='lat'><strong>,</strong></span> <span class='ocrx_word' id='word_1_218' title='bbox 667 2675 722 2724; x_wconf 83' lang='lat' dir='ltr'><strong>tu</strong></span> <span class='ocrx_word' id='word_1_219' title='bbox 752 2664 904 2722; x_wconf 79' lang='lat' dir='ltr'><strong>facis.</strong></span> <span class='ocrx_word' id='word_1_220' title='bbox 942 2663 1109 2726; x_wconf 75' lang='lat' dir='ltr'><strong>Ama,</strong></span> <span class='ocrx_word' id='word_1_221' title='bbox 1131 2669 1194 2715; x_wconf 80' lang='lat' dir='ltr'><strong>et</strong></span> <span class='ocrx_word' id='word_1_222' title='bbox 1219 2654 1593 2730; x_wconf 83' lang='lat' dir='ltr'><strong>propinquabit</strong></span> <span class='ocrx_word' id='word_1_223' title='bbox 1623 2673 1638 2709; x_wconf 89' lang='lat'><strong>:</strong></span> <span class='ocrx_word' id='word_1_224' title='bbox 1675 2666 1829 2743; x_wconf 77' lang='lat' dir='ltr'><strong>ama,</strong></span> <span class='ocrx_word' id='word_1_225' title='bbox 1857 2660 1914 2743; x_wconf 79' lang='lat' dir='ltr'><strong>et</strong></span> 
     </span>
    </p>
   </div>
   <div class='ocr_carea' id='block_1_27' title="bbox 338 2742 1912 2823">
    <p class='ocr_par' dir='ltr' id='par_1_27' title="bbox 338 2742 1912 2823">
     <span class='ocr_line' id='line_1_27' title="bbox 338 2742 1912 2823; baseline -0.013 -6"><span class='ocrx_word' id='word_1_226' title='bbox 338 2742 611 2818; x_wconf 72' lang='lat' dir='ltr'><strong>habitabit.</strong></span> <span class='ocrx_word' id='word_1_227' title='bbox 651 2756 924 2813; x_wconf 79' lang='lat' dir='ltr'><strong>.Dominus</strong></span> <span class='ocrx_word' id='word_1_228' title='bbox 968 2753 1023 2809; x_wconf 91' lang='lat' dir='ltr'><strong>in</strong></span> <span class='ocrx_word' id='word_1_229' title='bbox 1065 2751 1320 2823; x_wconf 73' lang='lat' dir='ltr'><strong>proximo</strong></span> <span class='ocrx_word' id='word_1_230' title='bbox 1360 2757 1478 2807; x_wconf 85' lang='lat' dir='ltr'><strong>est.</strong></span> <span class='ocrx_word' id='word_1_231' title='bbox 1526 2744 1657 2800; x_wconf 85' lang='lat' dir='ltr'><strong>nihil</strong></span> <span class='ocrx_word' id='word_1_232' title='bbox 1700 2742 1912 2798; x_wconf 87' lang='lat' dir='ltr'><strong>solliciti</strong></span> 
     </span>
    </p>
   </div>
   <div class='ocr_carea' id='block_1_28' title="bbox 337 2835 1916 2922">
    <p class='ocr_par' dir='ltr' id='par_1_28' title="bbox 337 2835 1916 2922">
     <span class='ocr_line' id='line_1_28' title="bbox 337 2835 1916 2922; baseline -0.016 -12"><span class='ocrx_word' id='word_1_233' title='bbox 337 2852 543 2910; x_wconf 78' lang='lat' dir='ltr'><strong>fueritis</strong></span> <span class='ocrx_word' id='word_1_234' title='bbox 557 2848 815 2922; x_wconf 63' lang='lat' dir='ltr'><strong>(Philipp.</strong></span> <span class='ocrx_word' id='word_1_235' title='bbox 842 2862 915 2910; x_wconf 83' lang='lat' dir='ltr'><strong>tv,</strong></span> <span class='ocrx_word' id='word_1_236' title='bbox 932 2845 967 2903; x_wconf 79' lang='lat'><strong>5</strong></span> <span class='ocrx_word' id='word_1_237' title='bbox 981 2854 1030 2900; x_wconf 72' lang='lat' dir='ltr'><strong>et</strong></span> <span class='ocrx_word' id='word_1_238' title='bbox 1043 2842 1221 2915; x_wconf 75' lang='lat' dir='ltr'><strong>6).\&#39;is</strong></span> <span class='ocrx_word' id='word_1_239' title='bbox 1244 2838 1435 2903; x_wconf 62' lang='lat' dir='ltr'><strong>videre</strong></span> <span class='ocrx_word' id='word_1_240' title='bbox 1458 2852 1616 2908; x_wconf 84' lang='lat' dir='ltr'><strong>qttam</strong></span> <span class='ocrx_word' id='word_1_241' title='bbox 1641 2835 1685 2888; x_wconf 91' lang='lat' dir='ltr'><strong>si</strong></span> <span class='ocrx_word' id='word_1_242' title='bbox 1705 2847 1916 2888; x_wconf 55' lang='lat' dir='ltr'><strong>amare.</strong></span> 
     </span>
    </p>
   </div>
   <div class='ocr_carea' id='block_1_29' title="bbox 338 2924 1915 3006">
    <p class='ocr_par' dir='ltr' id='par_1_29' title="bbox 338 2924 1915 3006">
     <span class='ocr_line' id='line_1_29' title="bbox 338 2924 1915 3006; baseline -0.013 -5"><span class='ocrx_word' id='word_1_243' title='bbox 338 2945 414 3000; x_wconf 73' lang='lat' dir='ltr'><strong>ais</strong></span> <span class='ocrx_word' id='word_1_244' title='bbox 442 2953 615 3000; x_wconf 77' lang='lat' dir='ltr'><strong>tecum</strong></span> <span class='ocrx_word' id='word_1_245' title='bbox 648 2939 758 2995; x_wconf 75' lang='lat' dir='ltr'><strong>sit?</strong></span> <span class='ocrx_word' id='word_1_246' title='bbox 783 2937 923 2993; x_wconf 78' lang='lat' dir='ltr'><strong>Deus</strong></span> <span class='ocrx_word' id='word_1_247' title='bbox 946 2935 1171 2991; x_wconf 64' lang='lat' dir='ltr'><strong>etaritur</strong></span> <span class='ocrx_word' id='word_1_248' title='bbox 1204 2930 1341 3006; x_wconf 64' lang='lat' dir='ltr'><strong>est.“</strong></span> <span class='ocrx_word' id='word_1_249' title='bbox 1389 2930 1545 2985; x_wconf 70' lang='lat' dir='ltr'><strong>locu.</strong></span> <span class='ocrx_word' id='word_1_250' title='bbox 1573 2944 1646 2994; x_wconf 82' lang='lat' dir='ltr'><strong>tv,</strong></span> <span class='ocrx_word' id='word_1_251' title='bbox 1672 2928 1749 2998; x_wconf 86' lang='lat'><strong>8).</strong></span> <span class='ocrx_word' id='word_1_252' title='bbox 1777 2924 1915 2994; x_wconf 91' lang='lat' dir='ltr'><strong>Quid</strong></span> 
     </span>
    </p>
   </div>
   <div class='ocr_carea' id='block_1_30' title="bbox 342 3020 1916 3107">
    <p class='ocr_par' dir='ltr' id='par_1_30' title="bbox 342 3020 1916 3107">
     <span class='ocr_line' id='line_1_30' title="bbox 342 3020 1916 3107; baseline -0.014 -15"><span class='ocrx_word' id='word_1_253' title='bbox 342 3038 497 3107; x_wconf 69' lang='grc' dir='ltr'>Ιιιιιαε</span> <span class='ocrx_word' id='word_1_254' title='bbox 536 3034 745 3104; x_wconf 78' lang='lat' dir='ltr'><strong>latoque</strong></span> <span class='ocrx_word' id='word_1_255' title='bbox 772 3030 993 3086; x_wconf 85' lang='lat' dir='ltr'><strong>volitant</strong></span> <span class='ocrx_word' id='word_1_256' title='bbox 1020 3027 1392 3099; x_wconf 79' lang='lat' dir='ltr'><strong>plt~tntasmata</strong></span> <span class='ocrx_word' id='word_1_257' title='bbox 1416 3020 1752 3092; x_wconf 79' lang='lat' dir='ltr'><strong>cogitationis</strong></span> <span class='ocrx_word' id='word_1_258' title='bbox 1773 3027 1876 3072; x_wconf 72' lang='lat' dir='ltr'><strong>tum</strong></span> <span class='ocrx_word' id='word_1_259' title='bbox 1899 3058 1916 3083; x_wconf 96' lang='lat'><strong>,</strong></span> 
     </span>
    </p>
   </div>
   <div class='ocr_carea' id='block_1_31' title="bbox 343 3111 1920 3190">
    <p class='ocr_par' dir='ltr' id='par_1_31' title="bbox 343 3111 1920 3190">
     <span class='ocr_line' id='line_1_31' title="bbox 343 3111 1920 3190; baseline -0.011 -7"><span class='ocrx_word' id='word_1_260' title='bbox 343 3137 399 3183; x_wconf 88' lang='lat' dir='ltr'><strong>et</strong></span> <span class='ocrx_word' id='word_1_261' title='bbox 424 3126 558 3182; x_wconf 77' lang='lat' dir='ltr'><strong>dicis</strong></span> <span class='ocrx_word' id='word_1_262' title='bbox 580 3125 674 3179; x_wconf 89' lang='lat' dir='ltr'><strong>tibi</strong></span> <span class='ocrx_word' id='word_1_263' title='bbox 704 3163 720 3189; x_wconf 88' lang='lat'><strong>,</strong></span> <span class='ocrx_word' id='word_1_264' title='bbox 762 3122 922 3177; x_wconf 79' lang='lat' dir='ltr'><strong>Putas</strong></span> <span class='ocrx_word' id='word_1_265' title='bbox 965 3118 1090 3190; x_wconf 88' lang='lat' dir='ltr'><strong>quid</strong></span> <span class='ocrx_word' id='word_1_266' title='bbox 1117 3128 1200 3173; x_wconf 89' lang='lat' dir='ltr'><strong>est</strong></span> <span class='ocrx_word' id='word_1_267' title='bbox 1222 3114 1408 3171; x_wconf 58' lang='lat' dir='ltr'><strong>:Dens?</strong></span> <span class='ocrx_word' id='word_1_268' title='bbox 1446 3123 1598 3183; x_wconf 86' lang='lat' dir='ltr'><strong>putas</strong></span> <span class='ocrx_word' id='word_1_269' title='bbox 1639 3111 1812 3183; x_wconf 82' lang='lat' dir='ltr'><strong>qualis</strong></span> <span class='ocrx_word' id='word_1_270' title='bbox 1837 3121 1920 3165; x_wconf 85' lang='lat' dir='ltr'><strong>est</strong></span> 
     </span>
    </p>
   </div>
   <div class='ocr_carea' id='block_1_32' title="bbox 345 3202 1922 3285">
    <p class='ocr_par' dir='ltr' id='par_1_32' title="bbox 345 3202 1922 3285">
     <span class='ocr_line' id='line_1_32' title="bbox 345 3202 1922 3285; baseline -0.013 -10"><span class='ocrx_word' id='word_1_271' title='bbox 345 3218 527 3275; x_wconf 78' lang='lat' dir='ltr'><strong>Deus?</strong></span> <span class='ocrx_word' id='word_1_272' title='bbox 563 3214 828 3285; x_wconf 80' lang='lat' dir='ltr'><strong>Quidquid</strong></span> <span class='ocrx_word' id='word_1_273' title='bbox 862 3211 1112 3275; x_wconf 68' lang='lat' dir='ltr'><strong>littseris,</strong></span> <span class='ocrx_word' id='word_1_274' title='bbox 1158 3224 1263 3265; x_wconf 83' lang='lat' dir='ltr'><strong>non</strong></span> <span class='ocrx_word' id='word_1_275' title='bbox 1299 3217 1382 3263; x_wconf 88' lang='lat' dir='ltr'><strong>est</strong></span> <span class='ocrx_word' id='word_1_276' title='bbox 1436 3224 1450 3260; x_wconf 86' lang='lat'><strong>:</strong></span> <span class='ocrx_word' id='word_1_277' title='bbox 1496 3202 1750 3275; x_wconf 78' lang='lat' dir='ltr'><strong>quidquid</strong></span> <span class='ocrx_word' id='word_1_278' title='bbox 1775 3202 1922 3273; x_wconf 78' lang='lat' dir='ltr'><strong>cogi-</strong></span> 
     </span>
    </p>
   </div>
   <div class='ocr_carea' id='block_1_33' title="bbox 345 3294 1917 3378">
    <p class='ocr_par' dir='ltr' id='par_1_33' title="bbox 345 3294 1917 3378">
     <span class='ocr_line' id='line_1_33' title="bbox 345 3294 1917 3378; baseline -0.016 -7"><span class='ocrx_word' id='word_1_279' title='bbox 345 3310 542 3371; x_wconf 77' lang='lat' dir='ltr'><strong>tatione</strong></span> <span class='ocrx_word' id='word_1_280' title='bbox 561 3302 1057 3378; x_wconf 82' lang='lat' dir='ltr'><strong>comprehenderis.</strong></span> <span class='ocrx_word' id='word_1_281' title='bbox 1078 3313 1195 3355; x_wconf 73' lang='lat' dir='ltr'><strong>.non</strong></span> <span class='ocrx_word' id='word_1_282' title='bbox 1224 3309 1325 3354; x_wconf 89' lang='lat' dir='ltr'><strong>est.</strong></span> <span class='ocrx_word' id='word_1_283' title='bbox 1345 3296 1409 3353; x_wconf 82' lang='lat' dir='ltr'><strong>Si</strong></span> <span class='ocrx_word' id='word_1_284' title='bbox 1431 3294 1577 3351; x_wconf 89' lang='lat' dir='ltr'><strong>enim</strong></span> <span class='ocrx_word' id='word_1_285' title='bbox 1603 3294 1719 3365; x_wconf 86' lang='lat' dir='ltr'><strong>ipse</strong></span> <span class='ocrx_word' id='word_1_286' title='bbox 1745 3301 1917 3358; x_wconf 85' lang='lat' dir='ltr'><strong>esset,</strong></span> 
     </span>
    </p>
   </div>
   <div class='ocr_carea' id='block_1_34' title="bbox 344 3384 1921 3473">
    <p class='ocr_par' dir='ltr' id='par_1_34' title="bbox 344 3384 1921 3473">
     <span class='ocr_line' id='line_1_34' title="bbox 344 3384 1921 3473; baseline -0.011 -18"><span class='ocrx_word' id='word_1_287' title='bbox 344 3402 662 3473; x_wconf 61' lang='lat' dir='ltr'><strong>agitatione</strong></span> <span class='ocrx_word' id='word_1_288' title='bbox 694 3394 1072 3468; x_wconf 82' lang='lat' dir='ltr'><strong>comprehendi</strong></span> <span class='ocrx_word' id='word_1_289' title='bbox 1112 3408 1217 3448; x_wconf 83' lang='lat' dir='ltr'><strong>non</strong></span> <span class='ocrx_word' id='word_1_290' title='bbox 1269 3399 1467 3462; x_wconf 81' lang='lat' dir='ltr'><strong>posset.</strong></span> <span class='ocrx_word' id='word_1_291' title='bbox 1506 3386 1614 3444; x_wconf 84' lang='lat' dir='ltr'><strong>Sed</strong></span> <span class='ocrx_word' id='word_1_292' title='bbox 1638 3394 1701 3442; x_wconf 86' lang='grc' dir='ltr'><strong>ιιι</strong></span> <span class='ocrx_word' id='word_1_293' title='bbox 1724 3384 1921 3456; x_wconf 80' lang='lat' dir='ltr'><strong>aliquid</strong></span> 
     </span>
    </p>
   </div>
   <div class='ocr_carea' id='block_1_35' title="bbox 342 3478 1921 3568">
    <p class='ocr_par' dir='ltr' id='par_1_35' title="bbox 342 3478 1921 3568">
     <span class='ocr_line' id='line_1_35' title="bbox 342 3478 1921 3568; baseline -0.015 -14"><span class='ocrx_word' id='word_1_294' title='bbox 342 3505 503 3568; x_wconf 73' lang='lat' dir='ltr'><strong>gustu</strong></span> <span class='ocrx_word' id='word_1_295' title='bbox 540 3492 807 3564; x_wconf 82' lang='lat' dir='ltr'><strong>accipias,</strong></span> <span class='ocrx_word' id='word_1_296' title='bbox 853 3489 987 3544; x_wconf 79' lang='lat' dir='ltr'><strong>Deus</strong></span> <span class='ocrx_word' id='word_1_297' title='bbox 1024 3488 1245 3542; x_wconf 70' lang='lat' dir='ltr'><strong>alacritas</strong></span> <span class='ocrx_word' id='word_1_298' title='bbox 1272 3493 1365 3539; x_wconf 81' lang='lat' dir='ltr'><strong>est.</strong></span> <span class='ocrx_word' id='word_1_299' title='bbox 1393 3482 1639 3539; x_wconf 85' lang='lat' dir='ltr'><strong>Dicturus</strong></span> <span class='ocrx_word' id='word_1_300' title='bbox 1665 3494 1725 3535; x_wconf 87' lang='lat' dir='ltr'><strong>es</strong></span> <span class='ocrx_word' id='word_1_301' title='bbox 1750 3478 1879 3533; x_wconf 82' lang='lat' dir='ltr'><strong>mihi</strong></span> <span class='ocrx_word' id='word_1_302' title='bbox 1903 3517 1921 3543; x_wconf 93' lang='lat'><strong>,</strong></span> 
     </span>
    </p>
   </div>
   <div class='ocr_carea' id='block_1_36' title="bbox 350 3569 1921 3656">
    <p class='ocr_par' dir='ltr' id='par_1_36' title="bbox 350 3569 1921 3656">
     <span class='ocr_line' id='line_1_36' title="bbox 350 3569 1921 3656; baseline -0.013 -15"><span class='ocrx_word' id='word_1_303' title='bbox 350 3589 509 3643; x_wconf 77' lang='lat' dir='ltr'><strong>l’utas</strong></span> <span class='ocrx_word' id='word_1_304' title='bbox 535 3584 662 3656; x_wconf 88' lang='lat' dir='ltr'><strong>qttid</strong></span> <span class='ocrx_word' id='word_1_305' title='bbox 705 3591 790 3640; x_wconf 89' lang='lat' dir='ltr'><strong>est</strong></span> <span class='ocrx_word' id='word_1_306' title='bbox 819 3578 1094 3638; x_wconf 80' lang='lat' dir='ltr'><strong>charitas?</strong></span> <span class='ocrx_word' id='word_1_307' title='bbox 1130 3576 1372 3634; x_wconf 80' lang='lat' dir='ltr'><strong>Charitas</strong></span> <span class='ocrx_word' id='word_1_308' title='bbox 1395 3581 1479 3629; x_wconf 87' lang='lat' dir='ltr'><strong>est</strong></span> <span class='ocrx_word' id='word_1_309' title='bbox 1504 3587 1606 3643; x_wconf 88' lang='lat' dir='ltr'><strong>qua</strong></span> <span class='ocrx_word' id='word_1_310' title='bbox 1634 3569 1921 3640; x_wconf 73' lang='lat' dir='ltr'><strong>diligimus.</strong></span> 
     </span>
    </p>
   </div>
   <div class='ocr_carea' id='block_1_37' title="bbox 346 3658 1923 3747">
    <p class='ocr_par' dir='ltr' id='par_1_37' title="bbox 346 3658 1923 3747">
     <span class='ocr_line' id='line_1_37' title="bbox 346 3658 1923 3747; baseline -0.012 -15"><span class='ocrx_word' id='word_1_311' title='bbox 346 3678 485 3747; x_wconf 82' lang='lat' dir='ltr'><strong>Quid</strong></span> <span class='ocrx_word' id='word_1_312' title='bbox 524 3672 834 3746; x_wconf 71' lang='lat' dir='ltr'><strong>diligimus?</strong></span> <span class='ocrx_word' id='word_1_313' title='bbox 884 3669 1155 3728; x_wconf 74' lang='lat' dir='ltr'><strong>lnell&#39;abile</strong></span> <span class='ocrx_word' id='word_1_314' title='bbox 1194 3667 1391 3723; x_wconf 84' lang='lat' dir='ltr'><strong>bonum</strong></span> <span class='ocrx_word' id='word_1_315' title='bbox 1414 3706 1432 3730; x_wconf 88' lang='lat'><strong>,</strong></span> <span class='ocrx_word' id='word_1_316' title='bbox 1478 3663 1677 3718; x_wconf 79' lang='lat' dir='ltr'><strong>bonum</strong></span> <span class='ocrx_word' id='word_1_317' title='bbox 1720 3658 1923 3717; x_wconf 82' lang='lat' dir='ltr'><strong>beneﬂ-</strong></span> 
     </span>
    </p>
   </div>
   <div class='ocr_carea' id='block_1_38' title="bbox 347 3752 1926 3835">
    <p class='ocr_par' dir='ltr' id='par_1_38' title="bbox 347 3752 1926 3835">
     <span class='ocr_line' id='line_1_38' title="bbox 347 3752 1926 3835; baseline -0.009 -14"><span class='ocrx_word' id='word_1_318' title='bbox 347 3785 469 3823; x_wconf 82' lang='lat' dir='ltr'><strong>t&#39;tttlt</strong></span> <span class='ocrx_word' id='word_1_319' title='bbox 507 3768 551 3835; x_wconf 76' lang='grc' dir='ltr'><strong>ί,</strong></span> <span class='ocrx_word' id='word_1_320' title='bbox 597 3768 794 3822; x_wconf 76' lang='lat' dir='ltr'><strong>bonum</strong></span> <span class='ocrx_word' id='word_1_321' title='bbox 824 3764 1086 3819; x_wconf 87' lang='lat' dir='ltr'><strong>bonorum</strong></span> <span class='ocrx_word' id='word_1_322' title='bbox 1114 3758 1355 3815; x_wconf 67' lang='lat' dir='ltr'><strong>ninnium</strong></span> <span class='ocrx_word' id='word_1_323' title='bbox 1380 3765 1699 3812; x_wconf 78' lang='lat' dir='ltr'><strong>creatorem.</strong></span> <span class='ocrx_word' id='word_1_324' title='bbox 1728 3752 1847 3823; x_wconf 77' lang='lat' dir='ltr'><strong>Ipse</strong></span> <span class='ocrx_word' id='word_1_325' title='bbox 1873 3760 1926 3807; x_wconf 89' lang='lat' dir='ltr'><strong>te</strong></span> 
     </span>
    </p>
   </div>
   <div class='ocr_carea' id='block_1_39' title="bbox 352 3844 1925 3931">
    <p class='ocr_par' dir='ltr' id='par_1_39' title="bbox 352 3844 1925 3931">
     <span class='ocr_line' id='line_1_39' title="bbox 352 3844 1925 3931; baseline -0.012 -16"><span class='ocrx_word' id='word_1_326' title='bbox 352 3860 579 3915; x_wconf 76' lang='lat' dir='ltr'><strong>delectet</strong></span> <span class='ocrx_word' id='word_1_327' title='bbox 597 3897 613 3921; x_wconf 90' lang='lat'><strong>,</strong></span> <span class='ocrx_word' id='word_1_328' title='bbox 634 3871 672 3912; x_wconf 81' lang='lat' dir='ltr'><strong>a</strong></span> <span class='ocrx_word' id='word_1_329' title='bbox 692 3868 808 3926; x_wconf 78' lang='lat' dir='ltr'><strong>quo</strong></span> <span class='ocrx_word' id='word_1_330' title='bbox 839 3853 1006 3911; x_wconf 80' lang='lat' dir='ltr'><strong>babes</strong></span> <span class='ocrx_word' id='word_1_331' title='bbox 1025 3849 1280 3923; x_wconf 84' lang='lat' dir='ltr'><strong>quidquid</strong></span> <span class='ocrx_word' id='word_1_332' title='bbox 1306 3858 1360 3904; x_wconf 89' lang='lat' dir='ltr'><strong>te</strong></span> <span class='ocrx_word' id='word_1_333' title='bbox 1377 3847 1627 3902; x_wconf 86' lang='lat' dir='ltr'><strong>delectat.</strong></span> <span class='ocrx_word' id='word_1_334' title='bbox 1655 3844 1773 3931; x_wconf 72' lang='lat' dir='ltr'><strong>Nqn</strong></span> <span class='ocrx_word' id='word_1_335' title='bbox 1802 3858 1925 3914; x_wconf 82' lang='lat' dir='ltr'><strong>pec-</strong></span> 
     </span>
    </p>
   </div>
   <div class='ocr_carea' id='block_1_40' title="bbox 350 3933 1930 4014">
    <p class='ocr_par' dir='ltr' id='par_1_40' title="bbox 350 3933 1930 4014">
     <span class='ocr_line' id='line_1_40' title="bbox 350 3933 1930 4014; baseline -0.011 -11"><span class='ocrx_word' id='word_1_336' title='bbox 350 3960 529 4005; x_wconf 75' lang='lat' dir='ltr'><strong>catum</strong></span> <span class='ocrx_word' id='word_1_337' title='bbox 553 3946 676 4004; x_wconf 87' lang='lat' dir='ltr'><strong>dico</strong></span> <span class='ocrx_word' id='word_1_338' title='bbox 704 3963 721 4001; x_wconf 89' lang='lat'><strong>:</strong></span> <span class='ocrx_word' id='word_1_339' title='bbox 751 3959 872 4000; x_wconf 86' lang='lat' dir='ltr'><strong>nam</strong></span> <span class='ocrx_word' id='word_1_340' title='bbox 912 3951 1185 4014; x_wconf 87' lang='lat' dir='ltr'><strong>peccatum</strong></span> <span class='ocrx_word' id='word_1_341' title='bbox 1227 3939 1398 3995; x_wconf 88' lang='lat' dir='ltr'><strong>solum</strong></span> <span class='ocrx_word' id='word_1_342' title='bbox 1438 3937 1508 3991; x_wconf 85' lang='lat' dir='ltr'><strong>ab</strong></span> <span class='ocrx_word' id='word_1_343' title='bbox 1551 3935 1643 3990; x_wconf 90' lang='lat' dir='ltr'><strong>illo</strong></span> <span class='ocrx_word' id='word_1_344' title='bbox 1685 3950 1789 3988; x_wconf 86' lang='lat' dir='ltr'><strong>non</strong></span> <span class='ocrx_word' id='word_1_345' title='bbox 1837 3933 1930 3986; x_wconf 88' lang='lat' dir='ltr'><strong>ba-</strong></span> 
     </span>
    </p>
   </div>
   <div class='ocr_carea' id='block_1_41' title="bbox 355 4023 1929 4109">
    <p class='ocr_par' dir='ltr' id='par_1_41' title="bbox 355 4023 1929 4109">
     <span class='ocr_line' id='line_1_41' title="bbox 355 4023 1929 4109; baseline -0.011 -14"><span class='ocrx_word' id='word_1_346' title='bbox 355 4044 469 4095; x_wconf 76' lang='lat' dir='ltr'><strong>bes.</strong></span> <span class='ocrx_word' id='word_1_347' title='bbox 500 4039 740 4109; x_wconf 78' lang='lat' dir='ltr'><strong>Excepto</strong></span> <span class='ocrx_word' id='word_1_348' title='bbox 773 4043 995 4109; x_wconf 78' lang='lat' dir='ltr'><strong>peccato</strong></span> <span class='ocrx_word' id='word_1_349' title='bbox 1018 4075 1033 4099; x_wconf 90' lang='lat'><strong>,</strong></span> <span class='ocrx_word' id='word_1_350' title='bbox 1071 4030 1253 4086; x_wconf 78' lang='lat' dir='ltr'><strong>abillo</strong></span> <span class='ocrx_word' id='word_1_351' title='bbox 1291 4028 1454 4083; x_wconf 83' lang='lat' dir='ltr'><strong>babes</strong></span> <span class='ocrx_word' id='word_1_352' title='bbox 1488 4025 1740 4097; x_wconf 85' lang='lat' dir='ltr'><strong>quidquid</strong></span> <span class='ocrx_word' id='word_1_353' title='bbox 1786 4023 1929 4079; x_wconf 87' lang='lat' dir='ltr'><strong>aliud</strong></span> 
     </span>
    </p>
   </div>
   <div class='ocr_carea' id='block_1_42' title="bbox 351 4133 537 4189">
    <p class='ocr_par' dir='ltr' id='par_1_42' title="bbox 351 4133 537 4189">
     <span class='ocr_line' id='line_1_42' title="bbox 351 4133 537 4189; baseline -0.016 0"><span class='ocrx_word' id='word_1_354' title='bbox 351 4133 537 4189; x_wconf 79' lang='lat' dir='ltr'><strong>habes.</strong></span> 
     </span>
    </p>
   </div>
   <div class='ocr_carea' id='block_1_43' title="bbox 425 4207 1930 4289">
    <p class='ocr_par' dir='ltr' id='par_1_43' title="bbox 425 4207 1930 4289">
     <span class='ocr_line' id='line_1_43' title="bbox 425 4207 1930 4289; baseline -0.013 -10"><span class='ocrx_word' id='word_1_355' title='bbox 425 4225 477 4280; x_wconf 82' lang='lat'><strong>5.</strong></span> <span class='ocrx_word' id='word_1_356' title='bbox 534 4221 799 4276; x_wconf 70' lang='lat' dir='ltr'><strong>Peccatum</strong></span> <span class='ocrx_word' id='word_1_357' title='bbox 836 4220 999 4289; x_wconf 79' lang='lat' dir='ltr'><strong>ipsum</strong></span> <span class='ocrx_word' id='word_1_358' title='bbox 1050 4231 1153 4270; x_wconf 77' lang='lat' dir='ltr'><strong>non</strong></span> <span class='ocrx_word' id='word_1_359' title='bbox 1199 4222 1402 4266; x_wconf 67' lang='lat' dir='ltr'><strong>quttuor</strong></span> <span class='ocrx_word' id='word_1_360' title='bbox 1420 4252 1435 4277; x_wconf 91' lang='lat'><strong>,</strong></span> <span class='ocrx_word' id='word_1_361' title='bbox 1470 4210 1557 4265; x_wconf 78' lang='lat' dir='ltr'><strong>sed</strong></span> <span class='ocrx_word' id='word_1_362' title='bbox 1613 4210 1720 4277; x_wconf 81' lang='lat' dir='ltr'><strong>ipse</strong></span> <span class='ocrx_word' id='word_1_363' title='bbox 1786 4207 1930 4261; x_wconf 81' lang='lat' dir='ltr'><strong>inor-</strong></span> 
     </span>
    </p>
   </div>
   <div class='ocr_carea' id='block_1_44' title="bbox 355 4300 1926 4372">
    <p class='ocr_par' dir='ltr' id='par_1_44' title="bbox 355 4300 1926 4372">
     <span class='ocr_line' id='line_1_44' title="bbox 355 4300 1926 4372; baseline -0.013 -1"><span class='ocrx_word' id='word_1_364' title='bbox 355 4320 560 4372; x_wconf 69' lang='lat' dir='ltr'><strong>dinatus</strong></span> <span class='ocrx_word' id='word_1_365' title='bbox 626 4328 771 4367; x_wconf 78' lang='lat' dir='ltr'><strong>amor</strong></span> <span class='ocrx_word' id='word_1_366' title='bbox 841 4318 1082 4364; x_wconf 66' lang='lat' dir='ltr'><strong>creature</strong></span> <span class='ocrx_word' id='word_1_367' title='bbox 1138 4315 1210 4359; x_wconf 80' lang='lat' dir='ltr'><strong>est</strong></span> <span class='ocrx_word' id='word_1_368' title='bbox 1262 4313 1536 4372; x_wconf 74' lang='lat' dir='ltr'><strong>peccatum.</strong></span> <span class='ocrx_word' id='word_1_369' title='bbox 1607 4300 1721 4355; x_wconf 83' lang='lat' dir='ltr'><strong>Non</strong></span> <span class='ocrx_word' id='word_1_370' title='bbox 1764 4313 1892 4369; x_wconf 81' lang='lat' dir='ltr'><strong>ergo</strong></span> <span class='ocrx_word' id='word_1_371' title='bbox 1912 4339 1926 4365; x_wconf 96' lang='lat'><strong>,</strong></span> 
     </span>
    </p>
   </div>
   <div class='ocr_carea' id='block_1_45' title="bbox 354 4388 1932 4474">
    <p class='ocr_par' dir='ltr' id='par_1_45' title="bbox 354 4388 1932 4474">
     <span class='ocr_line' id='line_1_45' title="bbox 354 4388 1932 4474; baseline -0.012 -13"><span class='ocrx_word' id='word_1_372' title='bbox 354 4404 495 4474; x_wconf 85' lang='lat' dir='ltr'><strong>quod</strong></span> <span class='ocrx_word' id='word_1_373' title='bbox 542 4402 686 4468; x_wconf 78' lang='lat' dir='ltr'><strong>dixi,</strong></span> <span class='ocrx_word' id='word_1_374' title='bbox 736 4401 852 4471; x_wconf 76' lang='lat' dir='ltr'><strong>Ipse</strong></span> <span class='ocrx_word' id='word_1_375' title='bbox 896 4407 948 4454; x_wconf 87' lang='lat' dir='ltr'><strong>te</strong></span> <span class='ocrx_word' id='word_1_376' title='bbox 999 4395 1265 4458; x_wconf 87' lang='lat' dir='ltr'><strong>delectet,</strong></span> <span class='ocrx_word' id='word_1_377' title='bbox 1311 4409 1343 4445; x_wconf 87' lang='lat' dir='ltr'><strong>a</strong></span> <span class='ocrx_word' id='word_1_378' title='bbox 1396 4407 1504 4461; x_wconf 78' lang='lat' dir='ltr'><strong>quo</strong></span> <span class='ocrx_word' id='word_1_379' title='bbox 1555 4390 1718 4446; x_wconf 84' lang='lat' dir='ltr'><strong>habes</strong></span> <span class='ocrx_word' id='word_1_380' title='bbox 1775 4388 1932 4459; x_wconf 84' lang='lat' dir='ltr'><strong>quid-</strong></span> 
     </span>
    </p>
   </div>
   <div class='ocr_carea' id='block_1_46' title="bbox 356 4478 1932 4561">
    <p class='ocr_par' dir='ltr' id='par_1_46' title="bbox 356 4478 1932 4561">
     <span class='ocr_line' id='line_1_46' title="bbox 356 4478 1932 4561; baseline -0.011 -12"><span class='ocrx_word' id='word_1_381' title='bbox 356 4491 483 4561; x_wconf 78' lang='lat' dir='ltr'><strong>quid</strong></span> <span class='ocrx_word' id='word_1_382' title='bbox 538 4499 593 4546; x_wconf 88' lang='lat' dir='ltr'><strong>te</strong></span> <span class='ocrx_word' id='word_1_383' title='bbox 643 4490 904 4554; x_wconf 88' lang='lat' dir='ltr'><strong>delectat,</strong></span> <span class='ocrx_word' id='word_1_384' title='bbox 956 4492 1227 4555; x_wconf 84' lang='lat' dir='ltr'><strong>peccatum</strong></span> <span class='ocrx_word' id='word_1_385' title='bbox 1284 4479 1581 4549; x_wconf 68' lang='lat' dir='ltr'><strong>intelligas,</strong></span> <span class='ocrx_word' id='word_1_386' title='bbox 1631 4490 1686 4533; x_wconf 89' lang='lat' dir='ltr'><strong>ct</strong></span> <span class='ocrx_word' id='word_1_387' title='bbox 1730 4478 1876 4533; x_wconf 89' lang='lat' dir='ltr'><strong>dicas</strong></span> <span class='ocrx_word' id='word_1_388' title='bbox 1916 4495 1932 4532; x_wconf 87' lang='lat'><strong>:</strong></span> 
     </span>
    </p>
   </div>
   <div class='ocr_carea' id='block_1_47' title="bbox 363 4571 1936 4649">
    <p class='ocr_par' dir='ltr' id='par_1_47' title="bbox 363 4571 1936 4649">
     <span class='ocr_line' id='line_1_47' title="bbox 363 4571 1936 4649; baseline -0.011 -8"><span class='ocrx_word' id='word_1_389' title='bbox 363 4588 498 4641; x_wconf 66' lang='lat' dir='ltr'><strong>l-ieee</strong></span> <span class='ocrx_word' id='word_1_390' title='bbox 529 4581 761 4637; x_wconf 83' lang='lat' dir='ltr'><strong>delectat</strong></span> <span class='ocrx_word' id='word_1_391' title='bbox 796 4595 882 4634; x_wconf 88' lang='lat' dir='ltr'><strong>me</strong></span> <span class='ocrx_word' id='word_1_392' title='bbox 921 4585 1228 4649; x_wconf 77' lang='lat' dir='ltr'><strong>peccaturo;</strong></span> <span class='ocrx_word' id='word_1_393' title='bbox 1258 4573 1512 4642; x_wconf 77' lang='lat' dir='ltr'><strong>numquid</strong></span> <span class='ocrx_word' id='word_1_394' title='bbox 1548 4586 1579 4625; x_wconf 89' lang='lat' dir='ltr'><strong>a</strong></span> <span class='ocrx_word' id='word_1_395' title='bbox 1621 4571 1730 4626; x_wconf 85' lang='lat' dir='ltr'><strong>Deo</strong></span> <span class='ocrx_word' id='word_1_396' title='bbox 1767 4572 1936 4625; x_wconf 88' lang='lat' dir='ltr'><strong>habeo</strong></span> 
     </span>
    </p>
   </div>
   <div class='ocr_carea' id='block_1_48' title="bbox 359 4661 1937 4744">
    <p class='ocr_par' dir='ltr' id='par_1_48' title="bbox 359 4661 1937 4744">
     <span class='ocr_line' id='line_1_48' title="bbox 359 4661 1937 4744; baseline -0.008 -16"><span class='ocrx_word' id='word_1_397' title='bbox 359 4672 668 4744; x_wconf 81' lang='lat' dir='ltr'><strong>peccatum?</strong></span> <span class='ocrx_word' id='word_1_398' title='bbox 715 4669 845 4726; x_wconf 81' lang='lat' dir='ltr'><strong>Vide</strong></span> <span class='ocrx_word' id='word_1_399' title='bbox 901 4669 1071 4739; x_wconf 88' lang='lat' dir='ltr'><strong>primo</strong></span> <span class='ocrx_word' id='word_1_400' title='bbox 1134 4680 1201 4721; x_wconf 91' lang='lat' dir='ltr'><strong>ne</strong></span> <span class='ocrx_word' id='word_1_401' title='bbox 1258 4664 1395 4719; x_wconf 79' lang='lat' dir='ltr'><strong>forte</strong></span> <span class='ocrx_word' id='word_1_402' title='bbox 1445 4676 1551 4717; x_wconf 92' lang='lat' dir='ltr'><strong>non</strong></span> <span class='ocrx_word' id='word_1_403' title='bbox 1608 4671 1660 4717; x_wconf 91' lang='lat' dir='ltr'><strong>te</strong></span> <span class='ocrx_word' id='word_1_404' title='bbox 1710 4661 1937 4716; x_wconf 83' lang='lat' dir='ltr'><strong>delectet</strong></span> 
     </span>
    </p>
   </div>
   <div class='ocr_carea' id='block_1_49' title="bbox 360 4753 1933 4838">
    <p class='ocr_par' dir='ltr' id='par_1_49' title="bbox 360 4753 1933 4838">
     <span class='ocr_line' id='line_1_49' title="bbox 360 4753 1933 4838; baseline -0.01 -15"><span class='ocrx_word' id='word_1_405' title='bbox 360 4775 667 4838; x_wconf 55' lang='lat' dir='ltr'><strong>peccatum,</strong></span> <span class='ocrx_word' id='word_1_406' title='bbox 696 4763 790 4819; x_wconf 65' lang='lat' dir='ltr'><strong>sui</strong></span> <span class='ocrx_word' id='word_1_407' title='bbox 812 4759 956 4817; x_wconf 84' lang='lat' dir='ltr'><strong>aliud</strong></span> <span class='ocrx_word' id='word_1_408' title='bbox 976 4769 1029 4816; x_wconf 85' lang='lat' dir='ltr'><strong>te</strong></span> <span class='ocrx_word' id='word_1_409' title='bbox 1052 4758 1311 4823; x_wconf 86' lang='lat' dir='ltr'><strong>delectet,</strong></span> <span class='ocrx_word' id='word_1_410' title='bbox 1332 4755 1422 4812; x_wconf 89' lang='lat' dir='ltr'><strong>ubi</strong></span> <span class='ocrx_word' id='word_1_411' title='bbox 1446 4753 1608 4809; x_wconf 77' lang='lat' dir='ltr'><strong>facias</strong></span> <span class='ocrx_word' id='word_1_412' title='bbox 1638 4760 1933 4823; x_wconf 86' lang='lat' dir='ltr'><strong>peccatum.</strong></span> 
     </span>
    </p>
   </div>
   <div class='ocr_carea' id='block_1_50' title="bbox 360 4840 1936 4926">
    <p class='ocr_par' dir='ltr' id='par_1_50' title="bbox 360 4840 1936 4926">
     <span class='ocr_line' id='line_1_50' title="bbox 360 4840 1936 4926; baseline -0.013 -12"><span class='ocrx_word' id='word_1_413' title='bbox 360 4856 601 4914; x_wconf 75' lang='lat' dir='ltr'><strong>Amando</strong></span> <span class='ocrx_word' id='word_1_414' title='bbox 624 4870 751 4926; x_wconf 67' lang='lat' dir='ltr'><strong>ergo</strong></span> <span class='ocrx_word' id='word_1_415' title='bbox 774 4861 1072 4913; x_wconf 73' lang='lat' dir='ltr'><strong>creaturam</strong></span> <span class='ocrx_word' id='word_1_416' title='bbox 1096 4847 1393 4905; x_wconf 85' lang='lat' dir='ltr'><strong>inordinate</strong></span> <span class='ocrx_word' id='word_1_417' title='bbox 1407 4886 1425 4913; x_wconf 89' lang='lat'><strong>,</strong></span> <span class='ocrx_word' id='word_1_418' title='bbox 1447 4852 1630 4900; x_wconf 88' lang='lat' dir='ltr'><strong>contra</strong></span> <span class='ocrx_word' id='word_1_419' title='bbox 1656 4854 1812 4897; x_wconf 89' lang='lat' dir='ltr'><strong>usum</strong></span> <span class='ocrx_word' id='word_1_420' title='bbox 1838 4840 1936 4895; x_wconf 84' lang='lat' dir='ltr'><strong>hn-</strong></span> 
     </span>
    </p>
   </div>
   <div class='ocr_carea' id='block_1_51' title="bbox 362 4934 1938 5015">
    <p class='ocr_par' dir='ltr' id='par_1_51' title="bbox 362 4934 1938 5015">
     <span class='ocr_line' id='line_1_51' title="bbox 362 4934 1938 5015; baseline -0.012 -9"><span class='ocrx_word' id='word_1_421' title='bbox 362 4960 606 5015; x_wconf 85' lang='lat' dir='ltr'><strong>nestum,</strong></span> <span class='ocrx_word' id='word_1_422' title='bbox 632 4956 821 5004; x_wconf 81' lang='lat' dir='ltr'><strong>contra</strong></span> <span class='ocrx_word' id='word_1_423' title='bbox 857 4944 1096 5007; x_wconf 82' lang='lat' dir='ltr'><strong>licitum,</strong></span> <span class='ocrx_word' id='word_1_424' title='bbox 1124 4949 1310 4999; x_wconf 80' lang='lat' dir='ltr'><strong>contra</strong></span> <span class='ocrx_word' id='word_1_425' title='bbox 1348 4939 1514 5009; x_wconf 70' lang='lat' dir='ltr'><strong>ipsius</strong></span> <span class='ocrx_word' id='word_1_426' title='bbox 1552 4935 1822 4991; x_wconf 84' lang='lat' dir='ltr'><strong>Creatoris</strong></span> <span class='ocrx_word' id='word_1_427' title='bbox 1857 4934 1938 4988; x_wconf 85' lang='lat' dir='ltr'><strong>le-</strong></span> 
     </span>
    </p>
   </div>
   <div class='ocr_carea' id='block_1_52' title="bbox 362 5024 1939 5111">
    <p class='ocr_par' dir='ltr' id='par_1_52' title="bbox 362 5024 1939 5111">
     <span class='ocr_line' id='line_1_52' title="bbox 362 5024 1939 5111; baseline -0.011 -13"><span class='ocrx_word' id='word_1_428' title='bbox 362 5057 486 5111; x_wconf 72' lang='lat' dir='ltr'><strong>gem</strong></span> <span class='ocrx_word' id='word_1_429' title='bbox 512 5048 568 5096; x_wconf 86' lang='lat' dir='ltr'><strong>et</strong></span> <span class='ocrx_word' id='word_1_430' title='bbox 608 5039 931 5094; x_wconf 78' lang='lat' dir='ltr'><strong>voluntatem</strong></span> <span class='ocrx_word' id='word_1_431' title='bbox 958 5031 1187 5089; x_wconf 83' lang='lat' dir='ltr'><strong>amando</strong></span> <span class='ocrx_word' id='word_1_432' title='bbox 1227 5040 1527 5086; x_wconf 81' lang='lat' dir='ltr'><strong>creautram</strong></span> <span class='ocrx_word' id='word_1_433' title='bbox 1571 5040 1778 5097; x_wconf 81' lang='lat' dir='ltr'><strong>peccas.</strong></span> <span class='ocrx_word' id='word_1_434' title='bbox 1823 5024 1939 5080; x_wconf 76' lang='lat' dir='ltr'><strong>Non</strong></span> 
     </span>
    </p>
   </div>
   <div class='ocr_carea' id='block_1_53' title="bbox 364 5116 1937 5203">
    <p class='ocr_par' dir='ltr' id='par_1_53' title="bbox 364 5116 1937 5203">
     <span class='ocr_line' id='line_1_53' title="bbox 364 5116 1937 5203; baseline -0.013 -15"><span class='ocrx_word' id='word_1_435' title='bbox 364 5134 536 5203; x_wconf 79' lang='lat' dir='ltr'><strong>ipsum</strong></span> <span class='ocrx_word' id='word_1_436' title='bbox 562 5136 837 5201; x_wconf 74' lang='lat' dir='ltr'><strong>peccatum</strong></span> <span class='ocrx_word' id='word_1_437' title='bbox 855 5142 1038 5183; x_wconf 87' lang='lat' dir='ltr'><strong>amas:</strong></span> <span class='ocrx_word' id='word_1_438' title='bbox 1069 5123 1165 5180; x_wconf 70' lang='lat' dir='ltr'><strong>sed</strong></span> <span class='ocrx_word' id='word_1_439' title='bbox 1193 5122 1332 5178; x_wconf 81' lang='lat' dir='ltr'><strong>male</strong></span> <span class='ocrx_word' id='word_1_440' title='bbox 1353 5118 1582 5176; x_wconf 79' lang='lat' dir='ltr'><strong>atnaudo</strong></span> <span class='ocrx_word' id='word_1_441' title='bbox 1599 5116 1741 5189; x_wconf 72' lang='lat' dir='ltr'><strong>quod</strong></span> <span class='ocrx_word' id='word_1_442' title='bbox 1768 5129 1937 5180; x_wconf 84' lang='lat' dir='ltr'><strong>amas,</strong></span> 
     </span>
    </p>
   </div>
   <div class='ocr_carea' id='block_1_54' title="bbox 365 5209 1943 5294">
    <p class='ocr_par' dir='ltr' id='par_1_54' title="bbox 365 5209 1943 5294">
     <span class='ocr_line' id='line_1_54' title="bbox 365 5209 1943 5294; baseline -0.012 -15"><span class='ocrx_word' id='word_1_443' title='bbox 365 5222 667 5294; x_wconf 82' lang='lat' dir='ltr'><strong>illaquearia</strong></span> <span class='ocrx_word' id='word_1_444' title='bbox 692 5229 928 5291; x_wconf 64' lang='lat' dir='ltr'><strong>peccaui.</strong></span> <span class='ocrx_word' id='word_1_445' title='bbox 958 5217 1146 5273; x_wconf 83' lang='lat' dir='ltr'><strong>Eseam</strong></span> <span class='ocrx_word' id='word_1_446' title='bbox 1177 5214 1233 5270; x_wconf 85' lang='lat' dir='ltr'><strong>in</strong></span> <span class='ocrx_word' id='word_1_447' title='bbox 1254 5213 1351 5268; x_wconf 86' lang='lat' dir='ltr'><strong>reti</strong></span> <span class='ocrx_word' id='word_1_448' title='bbox 1380 5211 1604 5281; x_wconf 80' lang='lat' dir='ltr'><strong>appetis.</strong></span> <span class='ocrx_word' id='word_1_449' title='bbox 1625 5217 1681 5263; x_wconf 86' lang='lat' dir='ltr'><strong>et</strong></span> <span class='ocrx_word' id='word_1_450' title='bbox 1698 5209 1943 5263; x_wconf 86' lang='lat' dir='ltr'><strong>nesciens</strong></span> 
     </span>
    </p>
   </div>
   <div class='ocr_carea' id='block_1_55' title="bbox 306 5299 1938 5388">
    <p class='ocr_par' dir='ltr' id='par_1_55' title="bbox 306 5299 1938 5388">
     <span class='ocr_line' id='line_1_55' title="bbox 306 5299 1938 5388; baseline -0.013 -16"><span class='ocrx_word' id='word_1_451' title='bbox 306 5329 321 5388; x_wconf 63' lang='grc' dir='ltr'>ζ</span> <span class='ocrx_word' id='word_1_452' title='bbox 368 5324 586 5386; x_wconf 80' lang='lat' dir='ltr'><strong>peccato</strong></span> <span class='ocrx_word' id='word_1_453' title='bbox 613 5311 871 5376; x_wconf 73' lang='lat' dir='ltr'><strong>vesceris;</strong></span> <span class='ocrx_word' id='word_1_454' title='bbox 899 5307 1143 5375; x_wconf 83' lang='lat' dir='ltr'><strong>idemque</strong></span> <span class='ocrx_word' id='word_1_455' title='bbox 1168 5305 1246 5359; x_wconf 85' lang='lat' dir='ltr'><strong>sic</strong></span> <span class='ocrx_word' id='word_1_456' title='bbox 1276 5299 1551 5359; x_wconf 67' lang='lat' dir='ltr'><strong>delatdis:</strong></span> <span class='ocrx_word' id='word_1_457' title='bbox 1582 5299 1639 5354; x_wconf 88' lang='lat' dir='ltr'><strong>Si</strong></span> <span class='ocrx_word' id='word_1_458' title='bbox 1667 5308 1938 5368; x_wconf 84' lang='lat' dir='ltr'><strong>peccatum</strong></span> 
     </span>
    </p>
   </div>
   <div class='ocr_carea' id='block_1_56' title="bbox 367 5388 1942 5466">
    <p class='ocr_par' dir='ltr' id='par_1_56' title="bbox 367 5388 1942 5466">
     <span class='ocr_line' id='line_1_56' title="bbox 367 5388 1942 5466; baseline -0.013 -7"><span class='ocrx_word' id='word_1_459' title='bbox 367 5415 452 5459; x_wconf 69' lang='lat' dir='ltr'><strong>eat</strong></span> <span class='ocrx_word' id='word_1_460' title='bbox 476 5402 699 5463; x_wconf 86' lang='lat' dir='ltr'><strong>multum</strong></span> <span class='ocrx_word' id='word_1_461' title='bbox 729 5400 942 5464; x_wconf 81' lang='lat' dir='ltr'><strong>bibere,</strong></span> <span class='ocrx_word' id='word_1_462' title='bbox 965 5408 1132 5466; x_wconf 83' lang='lat' dir='ltr'><strong>quare</strong></span> <span class='ocrx_word' id='word_1_463' title='bbox 1163 5394 1343 5448; x_wconf 81' lang='lat' dir='ltr'><strong>vinum</strong></span> <span class='ocrx_word' id='word_1_464' title='bbox 1388 5388 1617 5445; x_wconf 85' lang='lat' dir='ltr'><strong>instituit</strong></span> <span class='ocrx_word' id='word_1_465' title='bbox 1652 5388 1942 5442; x_wconf 82' lang='lat' dir='ltr'><strong>Dominus?</strong></span> 
     </span>
    </p>
   </div>
   <div class='ocr_carea' id='block_1_57' title="bbox 369 5480 1941 5563">
    <p class='ocr_par' dir='ltr' id='par_1_57' title="bbox 369 5480 1941 5563">
     <span class='ocr_line' id='line_1_57' title="bbox 369 5480 1941 5563; baseline -0.012 -11"><span class='ocrx_word' id='word_1_466' title='bbox 369 5496 425 5550; x_wconf 79' lang='lat' dir='ltr'><strong>Si</strong></span> <span class='ocrx_word' id='word_1_467' title='bbox 457 5504 729 5563; x_wconf 86' lang='lat' dir='ltr'><strong>peccatum</strong></span> <span class='ocrx_word' id='word_1_468' title='bbox 748 5501 830 5547; x_wconf 87' lang='lat' dir='ltr'><strong>est</strong></span> <span class='ocrx_word' id='word_1_469' title='bbox 845 5501 1033 5544; x_wconf 88' lang='lat' dir='ltr'><strong>aurum</strong></span> <span class='ocrx_word' id='word_1_470' title='bbox 1057 5500 1267 5549; x_wconf 88' lang='lat' dir='ltr'><strong>amare,</strong></span> <span class='ocrx_word' id='word_1_471' title='bbox 1291 5491 1494 5535; x_wconf 84' lang='lat' dir='ltr'><strong>amator</strong></span> <span class='ocrx_word' id='word_1_472' title='bbox 1514 5495 1630 5535; x_wconf 89' lang='lat' dir='ltr'><strong>sum</strong></span> <span class='ocrx_word' id='word_1_473' title='bbox 1656 5480 1803 5544; x_wconf 85' lang='lat' dir='ltr'><strong>auri,</strong></span> <span class='ocrx_word' id='word_1_474' title='bbox 1837 5494 1941 5533; x_wconf 78' lang='lat' dir='ltr'><strong>non</strong></span> 
     </span>
    </p>
   </div>
   <div class='ocr_carea' id='block_1_58' title="bbox 369 5570 1942 5645">
    <p class='ocr_par' dir='ltr' id='par_1_58' title="bbox 369 5570 1942 5645">
     <span class='ocr_line' id='line_1_58' title="bbox 369 5570 1942 5645; baseline -0.013 -1"><span class='ocrx_word' id='word_1_475' title='bbox 369 5584 638 5645; x_wconf 71' lang='lat' dir='ltr'><strong>Creatoris</strong></span> <span class='ocrx_word' id='word_1_476' title='bbox 668 5602 683 5641; x_wconf 93' lang='lat'><strong>:</strong></span> <span class='ocrx_word' id='word_1_477' title='bbox 710 5583 933 5640; x_wconf 74' lang='lat' dir='ltr'><strong>Greater</strong></span> <span class='ocrx_word' id='word_1_478' title='bbox 954 5579 1069 5637; x_wconf 85' lang='lat' dir='ltr'><strong>auri</strong></span> <span class='ocrx_word' id='word_1_479' title='bbox 1092 5579 1237 5635; x_wconf 87' lang='lat' dir='ltr'><strong>Deus</strong></span> <span class='ocrx_word' id='word_1_480' title='bbox 1260 5584 1375 5642; x_wconf 89' lang='lat' dir='ltr'><strong>est;</strong></span> <span class='ocrx_word' id='word_1_481' title='bbox 1403 5587 1565 5645; x_wconf 86' lang='lat' dir='ltr'><strong>quare</strong></span> <span class='ocrx_word' id='word_1_482' title='bbox 1590 5573 1784 5627; x_wconf 80' lang='lat' dir='ltr'><strong>ereavit</strong></span> <span class='ocrx_word' id='word_1_483' title='bbox 1805 5570 1942 5641; x_wconf 88' lang='lat' dir='ltr'><strong>quod</strong></span> 
     </span>
    </p>
   </div>
   <div class='ocr_carea' id='block_1_59' title="bbox 436 5671 1945 5746">
    <p class='ocr_par' dir='ltr' id='par_1_59' title="bbox 436 5671 1945 5746">
     <span class='ocr_line' id='line_1_59' title="bbox 436 5671 1945 5746; baseline -0.007 -17"><span class='ocrx_word' id='word_1_484' title='bbox 436 5685 453 5716; x_wconf 73' lang='grc'><strong>⁸</strong></span> <span class='ocrx_word' id='word_1_485' title='bbox 471 5681 560 5742; x_wconf 90' lang='lat' dir='ltr'><strong>(tta</strong></span> <span class='ocrx_word' id='word_1_486' title='bbox 588 5683 719 5746; x_wconf 77' lang='lat' dir='ltr'><strong>enim</strong></span> <span class='ocrx_word' id='word_1_487' title='bbox 754 5682 925 5746; x_wconf 77' lang='lat' dir='ltr'><strong>excudi</strong></span> <span class='ocrx_word' id='word_1_488' title='bbox 948 5680 1162 5746; x_wconf 76' lang='lat' dir='ltr'><strong>debebat</strong></span> <span class='ocrx_word' id='word_1_489' title='bbox 1184 5690 1287 5746; x_wconf 74' lang='lat' dir='ltr'><strong>pro,</strong></span> <span class='ocrx_word' id='word_1_490' title='bbox 1321 5671 1640 5746; x_wconf 54' lang='lat' dir='ltr'><strong>beneﬁcum.)</strong></span> <span class='ocrx_word' id='word_1_491' title='bbox 1662 5697 1722 5708; x_wconf 91' lang='lat'>—</span> <span class='ocrx_word' id='word_1_492' title='bbox 1751 5671 1945 5746; x_wconf 49' lang='lat' dir='ltr'><strong>Victori:</strong></span> 
     </span>
    </p>
   </div>
   <div class='ocr_carea' id='block_1_60' title="bbox 408 5732 1947 5804">
    <p class='ocr_par' dir='ltr' id='par_1_60' title="bbox 408 5732 1947 5804">
     <span class='ocr_line' id='line_1_60' title="bbox 408 5732 1947 5804; baseline -0.008 -9"><span class='ocrx_word' id='word_1_493' title='bbox 408 5732 568 5795; x_wconf 52' lang='lat' dir='ltr'><strong>ua‘its.</strong></span> <span class='ocrx_word' id='word_1_494' title='bbox 588 5754 686 5790; x_wconf 87' lang='lat' dir='ltr'><strong>non</strong></span> <span class='ocrx_word' id='word_1_495' title='bbox 700 5742 864 5804; x_wconf 74' lang='lat' dir='ltr'><strong>habet,</strong></span> <span class='ocrx_word' id='word_1_496' title='bbox 886 5742 1058 5804; x_wconf 65' lang='lat' dir='ltr'><strong>bonum:</strong></span> <span class='ocrx_word' id='word_1_497' title='bbox 1073 5732 1371 5804; x_wconf 49' lang='lat' dir='ltr'><strong>amicas».</strong></span> <span class='ocrx_word' id='word_1_498' title='bbox 1463 5732 1738 5798; x_wconf 66' lang='lat' dir='ltr'><strong>couqzlures</strong></span> <span class='ocrx_word' id='word_1_499' title='bbox 1761 5734 1874 5783; x_wconf 79' lang='lat' dir='ltr'><strong>editi</strong></span> <span class='ocrx_word' id='word_1_500' title='bbox 1896 5740 1947 5783; x_wconf 84' lang='lat' dir='ltr'><strong>et</strong></span> 
     </span>
    </p>
   </div>
   <div class='ocr_carea' id='block_1_61' title="bbox 370 5758 1700 5869">
    <p class='ocr_par' dir='ltr' id='par_1_61' title="bbox 370 5758 1700 5869">
     <span class='ocr_line' id='line_1_61' title="bbox 408 5758 1700 5804; baseline -0.011 -9"><span class='ocrx_word' id='word_1_501' title='bbox 408 5758 468 5795; x_wconf 60' lang='grc' dir='ltr'><strong>ω</strong></span> <span class='ocrx_word' id='word_1_502' title='bbox 487 5758 568 5793; x_wconf 67' lang='lat' dir='ltr'><strong>IS.</strong></span> <span class='ocrx_word' id='word_1_503' title='bbox 588 5758 686 5790; x_wconf 80' lang='lat' dir='ltr'><strong>non</strong></span> <span class='ocrx_word' id='word_1_504' title='bbox 701 5758 864 5800; x_wconf 72' lang='lat' dir='ltr'><strong>umet,</strong></span> <span class='ocrx_word' id='word_1_505' title='bbox 886 5758 1058 5792; x_wconf 69' lang='lat' dir='ltr'><strong>verum:</strong></span> <span class='ocrx_word' id='word_1_506' title='bbox 1073 5758 1371 5804; x_wconf 74' lang='lat' dir='ltr'><strong>ompcuuu.</strong></span> <span class='ocrx_word' id='word_1_507' title='bbox 1390 5762 1449 5772; x_wconf 87' lang='grc'><strong>--</strong></span> <span class='ocrx_word' id='word_1_508' title='bbox 1463 5758 1700 5798; x_wconf 67' lang='lat' dir='ltr'><strong>umquam</strong></span> 
     </span>
     <span class='ocr_line' id='line_1_62' title="bbox 370 5758 1700 5869; baseline -0.005 -18"><span class='ocrx_word' id='word_1_509' title='bbox 370 5758 467 5866; x_wconf 57' lang='lat' dir='ltr'><strong>nisi</strong></span> <span class='ocrx_word' id='word_1_510' title='bbox 488 5812 564 5854; x_wconf 70' lang='lat' dir='ltr'><strong>t&#39;t&#39;.</strong></span> <span class='ocrx_word' id='word_1_511' title='bbox 591 5810 673 5854; x_wconf 72' lang='lat' dir='ltr'><strong>Ba.</strong></span> <span class='ocrx_word' id='word_1_512' title='bbox 701 5803 886 5865; x_wconf 76' lang='lat' dir='ltr'><strong>legunt.</strong></span> <span class='ocrx_word' id='word_1_513' title='bbox 908 5800 1226 5869; x_wconf 59' lang='lat' dir='ltr'><strong>bene/icitur“</strong></span> <span class='ocrx_word' id='word_1_514' title='bbox 1252 5801 1408 5850; x_wconf 81' lang='lat' dir='ltr'><strong>minus</strong></span> <span class='ocrx_word' id='word_1_515' title='bbox 1428 5799 1577 5846; x_wconf 80' lang='lat' dir='ltr'><strong>bene.</strong></span> <span class='ocrx_word' id='word_1_516' title='bbox 1644 5804 1700 5844; x_wconf 67' lang='grc' dir='ltr'>ιι.</span> 
     </span>
    </p>
   </div>
   <div class='ocr_carea' id='block_1_62' title="bbox 1535 349 2332 410">
    <p class='ocr_par' dir='ltr' id='par_1_62' title="bbox 1535 349 2332 410">
     <span class='ocr_line' id='line_1_63' title="bbox 1535 349 2332 410; baseline -0.008 0"><span class='ocrx_word' id='word_1_517' title='bbox 1535 356 1593 410; x_wconf 85' lang='lat' dir='ltr'><strong>S.</strong></span> <span class='ocrx_word' id='word_1_518' title='bbox 1635 351 1994 410; x_wconf 67' lang='lat' dir='ltr'><strong>AUGUSTINI</strong></span> <span class='ocrx_word' id='word_1_519' title='bbox 2031 349 2332 406; x_wconf 76' lang='lat' dir='ltr'><strong>EI‘ISCOl‘l</strong></span> 
     </span>
    </p>
   </div>
   <div class='ocr_carea' id='block_1_63' title="bbox 3470 338 3569 397">
    <p class='ocr_par' dir='ltr' id='par_1_63' title="bbox 3470 338 3569 397">
     <span class='ocr_line' id='line_1_64' title="bbox 3470 338 3569 397; baseline 0.03 -3"><span class='ocrx_word' id='word_1_520' title='bbox 3470 338 3569 397; x_wconf 77' lang='grc' dir='ltr'><strong>ιιι</strong></span> 
     </span>
    </p>
   </div>
   <div class='ocr_carea' id='block_1_64' title="bbox 1990 455 3570 527">
    <p class='ocr_par' dir='ltr' id='par_1_64' title="bbox 1990 455 3570 527">
     <span class='ocr_line' id='line_1_65' title="bbox 1990 455 3570 527; baseline -0.007 -6"><span class='ocrx_word' id='word_1_521' title='bbox 1990 481 2169 520; x_wconf 86' lang='lat' dir='ltr'><strong>amare</strong></span> <span class='ocrx_word' id='word_1_522' title='bbox 2192 464 2388 521; x_wconf 79' lang='lat' dir='ltr'><strong>malum</strong></span> <span class='ocrx_word' id='word_1_523' title='bbox 2412 462 2527 518; x_wconf 83' lang='lat' dir='ltr'><strong>est?</strong></span> <span class='ocrx_word' id='word_1_524' title='bbox 2554 461 2642 519; x_wconf 87' lang='lat' dir='ltr'><strong>Sic</strong></span> <span class='ocrx_word' id='word_1_525' title='bbox 2668 470 2858 516; x_wconf 62' lang='lat' dir='ltr'><strong>cetera</strong></span> <span class='ocrx_word' id='word_1_526' title='bbox 2883 476 2999 527; x_wconf 76' lang='lat' dir='ltr'><strong>qua:</strong></span> <span class='ocrx_word' id='word_1_527' title='bbox 3028 472 3176 512; x_wconf 81' lang='lat' dir='ltr'><strong>amas</strong></span> <span class='ocrx_word' id='word_1_528' title='bbox 3197 455 3353 519; x_wconf 75' lang='grc' dir='ltr'>ιιιειιε,</span> <span class='ocrx_word' id='word_1_529' title='bbox 3386 457 3435 510; x_wconf 87' lang='lat' dir='ltr'><strong>in</strong></span> <span class='ocrx_word' id='word_1_530' title='bbox 3458 473 3570 523; x_wconf 67' lang='lat' dir='ltr'><strong>qut-</strong></span> 
     </span>
    </p>
   </div>
   <div class='ocr_carea' id='block_1_65' title="bbox 1992 551 3545 621">
    <p class='ocr_par' dir='ltr' id='par_1_65' title="bbox 1992 551 3545 621">
     <span class='ocr_line' id='line_1_66' title="bbox 1992 551 3545 621; baseline -0.005 -9"><span class='ocrx_word' id='word_1_531' title='bbox 1992 558 2089 613; x_wconf 89' lang='lat' dir='ltr'><strong>bus</strong></span> <span class='ocrx_word' id='word_1_532' title='bbox 2116 566 2198 613; x_wconf 87' lang='lat' dir='ltr'><strong>est</strong></span> <span class='ocrx_word' id='word_1_533' title='bbox 2224 557 2397 611; x_wconf 89' lang='lat' dir='ltr'><strong>omnis</strong></span> <span class='ocrx_word' id='word_1_534' title='bbox 2422 554 2629 610; x_wconf 76' lang='lat' dir='ltr'><strong>luxuria</strong></span> <span class='ocrx_word' id='word_1_535' title='bbox 2650 596 2662 620; x_wconf 90' lang='lat'><strong>,</strong></span> <span class='ocrx_word' id='word_1_536' title='bbox 2692 554 2779 609; x_wconf 88' lang='lat' dir='ltr'><strong>ubi</strong></span> <span class='ocrx_word' id='word_1_537' title='bbox 2799 552 3199 607; x_wconf 85' lang='lat' dir='ltr'><strong>committuntur</strong></span> <span class='ocrx_word' id='word_1_538' title='bbox 3231 552 3393 606; x_wconf 82' lang='lat' dir='ltr'><strong>multa</strong></span> <span class='ocrx_word' id='word_1_539' title='bbox 3424 551 3545 621; x_wconf 73' lang='lat' dir='ltr'><strong>llagi</strong></span> 
     </span>
    </p>
   </div>
   <div class='ocr_carea' id='block_1_66' title="bbox 1990 644 3570 717">
    <p class='ocr_par' dir='ltr' id='par_1_66' title="bbox 1990 644 3570 717">
     <span class='ocr_line' id='line_1_67' title="bbox 1990 644 3570 717; baseline -0.004 -13"><span class='ocrx_word' id='word_1_540' title='bbox 1990 650 2061 704; x_wconf 87' lang='lat' dir='ltr'><strong>tia</strong></span> <span class='ocrx_word' id='word_1_541' title='bbox 2091 667 2104 701; x_wconf 89' lang='lat'><strong>:</strong></span> <span class='ocrx_word' id='word_1_542' title='bbox 2132 647 2374 714; x_wconf 87' lang='lat' dir='ltr'><strong>attende,</strong></span> <span class='ocrx_word' id='word_1_543' title='bbox 2414 647 2645 717; x_wconf 85' lang='lat' dir='ltr'><strong>inspice,</strong></span> <span class='ocrx_word' id='word_1_544' title='bbox 2687 644 3000 708; x_wconf 81' lang='lat' dir='ltr'><strong>considera,</strong></span> <span class='ocrx_word' id='word_1_545' title='bbox 3041 645 3162 713; x_wconf 86' lang='lat' dir='ltr'><strong>quia</strong></span> <span class='ocrx_word' id='word_1_546' title='bbox 3205 644 3377 697; x_wconf 78' lang='grc' dir='ltr'>ιιιιιηίε</span> <span class='ocrx_word' id='word_1_547' title='bbox 3416 658 3570 697; x_wconf 85' lang='lat' dir='ltr'><strong>erea-</strong></span> 
     </span>
    </p>
   </div>
   <div class='ocr_carea' id='block_1_67' title="bbox 1992 737 3571 808">
    <p class='ocr_par' dir='ltr' id='par_1_67' title="bbox 1992 737 3571 808">
     <span class='ocr_line' id='line_1_68' title="bbox 1992 737 3571 808; baseline -0.002 -12"><span class='ocrx_word' id='word_1_548' title='bbox 1992 750 2106 796; x_wconf 87' lang='lat' dir='ltr'><strong>tura</strong></span> <span class='ocrx_word' id='word_1_549' title='bbox 2151 741 2241 795; x_wconf 88' lang='lat' dir='ltr'><strong>Dei</strong></span> <span class='ocrx_word' id='word_1_550' title='bbox 2287 741 2421 795; x_wconf 85' lang='lat' dir='ltr'><strong>bona</strong></span> <span class='ocrx_word' id='word_1_551' title='bbox 2448 750 2562 802; x_wconf 89' lang='lat' dir='ltr'><strong>est,</strong></span> <span class='ocrx_word' id='word_1_552' title='bbox 2603 749 2658 793; x_wconf 87' lang='lat' dir='ltr'><strong>et</strong></span> <span class='ocrx_word' id='word_1_553' title='bbox 2692 739 2801 793; x_wconf 90' lang='lat' dir='ltr'><strong>illic</strong></span> <span class='ocrx_word' id='word_1_554' title='bbox 2844 749 3114 808; x_wconf 81' lang='lat' dir='ltr'><strong>peceatum</strong></span> <span class='ocrx_word' id='word_1_555' title='bbox 3162 753 3265 791; x_wconf 91' lang='lat' dir='ltr'><strong>non</strong></span> <span class='ocrx_word' id='word_1_556' title='bbox 3310 747 3425 798; x_wconf 84' lang='lat' dir='ltr'><strong>est,</strong></span> <span class='ocrx_word' id='word_1_557' title='bbox 3472 737 3571 793; x_wconf 81' lang='lat' dir='ltr'><strong>nisi</strong></span> 
     </span>
    </p>
   </div>
   <div class='ocr_carea' id='block_1_68' title="bbox 1992 829 3571 905">
    <p class='ocr_par' dir='ltr' id='par_1_68' title="bbox 1992 829 3571 905">
     <span class='ocr_line' id='line_1_69' title="bbox 1992 829 3571 905; baseline -0.001 -19"><span class='ocrx_word' id='word_1_558' title='bbox 1992 835 2113 905; x_wconf 84' lang='lat' dir='ltr'><strong>quia</strong></span> <span class='ocrx_word' id='word_1_559' title='bbox 2144 834 2281 888; x_wconf 88' lang='lat' dir='ltr'><strong>male</strong></span> <span class='ocrx_word' id='word_1_560' title='bbox 2324 832 2507 888; x_wconf 80' lang='lat' dir='ltr'><strong>uteris.</strong></span> <span class='ocrx_word' id='word_1_561' title='bbox 2550 831 2666 887; x_wconf 75' lang='lat' dir='ltr'><strong>Hoc</strong></span> <span class='ocrx_word' id='word_1_562' title='bbox 2710 846 2837 902; x_wconf 76' lang='lat' dir='ltr'><strong>ergo</strong></span> <span class='ocrx_word' id='word_1_563' title='bbox 2879 830 3036 893; x_wconf 87' lang='lat' dir='ltr'><strong>audi,</strong></span> <span class='ocrx_word' id='word_1_564' title='bbox 3084 844 3117 883; x_wconf 94' lang='lat' dir='ltr'><strong>o</strong></span> <span class='ocrx_word' id='word_1_565' title='bbox 3161 829 3339 883; x_wconf 84' lang='lat' dir='ltr'><strong>homo.</strong></span> <span class='ocrx_word' id='word_1_566' title='bbox 3393 830 3571 897; x_wconf 86' lang='lat' dir='ltr'><strong>Dicis,</strong></span> 
     </span>
    </p>
   </div>
   <div class='ocr_carea' id='block_1_69' title="bbox 1982 921 3566 994">
    <p class='ocr_par' dir='ltr' id='par_1_69' title="bbox 1982 921 3566 994">
     <span class='ocr_line' id='line_1_70' title="bbox 1982 921 3566 994; baseline 0 -17"><span class='ocrx_word' id='word_1_567' title='bbox 1982 924 2157 992; x_wconf 72' lang='lat' dir='ltr'><strong>Quare</strong></span> <span class='ocrx_word' id='word_1_568' title='bbox 2190 925 2328 979; x_wconf 84' lang='lat' dir='ltr'><strong>Deus</strong></span> <span class='ocrx_word' id='word_1_569' title='bbox 2357 924 2583 978; x_wconf 86' lang='lat' dir='ltr'><strong>instituit</strong></span> <span class='ocrx_word' id='word_1_570' title='bbox 2625 923 2764 994; x_wconf 85' lang='lat' dir='ltr'><strong>quod</strong></span> <span class='ocrx_word' id='word_1_571' title='bbox 2816 938 2900 976; x_wconf 87' lang='lat' dir='ltr'><strong>me</strong></span> <span class='ocrx_word' id='word_1_572' title='bbox 2936 938 3115 976; x_wconf 84' lang='lat' dir='ltr'><strong>amare</strong></span> <span class='ocrx_word' id='word_1_573' title='bbox 3145 922 3422 992; x_wconf 76' lang='lat' dir='ltr'><strong>prohibet?</strong></span> <span class='ocrx_word' id='word_1_574' title='bbox 3452 921 3566 977; x_wconf 76' lang='lat' dir='ltr'><strong>Non</strong></span> 
     </span>
    </p>
   </div>
   <div class='ocr_carea' id='block_1_70' title="bbox 1997 1016 3572 1089">
    <p class='ocr_par' dir='ltr' id='par_1_70' title="bbox 1997 1016 3572 1089">
     <span class='ocr_line' id='line_1_71' title="bbox 1997 1016 3572 1089; baseline -0.002 -16"><span class='ocrx_word' id='word_1_575' title='bbox 1997 1018 2111 1089; x_wconf 85' lang='lat' dir='ltr'><strong>ipse</strong></span> <span class='ocrx_word' id='word_1_576' title='bbox 2140 1019 2471 1083; x_wconf 85' lang='lat' dir='ltr'><strong>institueret,</strong></span> <span class='ocrx_word' id='word_1_577' title='bbox 2503 1028 2556 1074; x_wconf 90' lang='lat' dir='ltr'><strong>et</strong></span> <span class='ocrx_word' id='word_1_578' title='bbox 2581 1033 2686 1073; x_wconf 89' lang='lat' dir='ltr'><strong>non</strong></span> <span class='ocrx_word' id='word_1_579' title='bbox 2706 1029 2850 1073; x_wconf 89' lang='lat' dir='ltr'><strong>esset</strong></span> <span class='ocrx_word' id='word_1_580' title='bbox 2877 1016 3016 1087; x_wconf 89' lang='lat' dir='ltr'><strong>quod</strong></span> <span class='ocrx_word' id='word_1_581' title='bbox 3046 1032 3145 1087; x_wconf 76' lang='lat' dir='ltr'><strong>ego</strong></span> <span class='ocrx_word' id='word_1_582' title='bbox 3164 1031 3397 1070; x_wconf 81' lang='lat' dir='ltr'><strong>amarem</strong></span> <span class='ocrx_word' id='word_1_583' title='bbox 3423 1037 3435 1081; x_wconf 83' lang='lat'>;</span> <span class='ocrx_word' id='word_1_584' title='bbox 3468 1033 3572 1070; x_wconf 84' lang='lat' dir='ltr'><strong>tttm</strong></span> 
     </span>
    </p>
   </div>
   <div class='ocr_carea' id='block_1_71' title="bbox 1997 1109 3577 1181">
    <p class='ocr_par' dir='ltr' id='par_1_71' title="bbox 1997 1109 3577 1181">
     <span class='ocr_line' id='line_1_72' title="bbox 1997 1109 3577 1181; baseline 0 -18"><span class='ocrx_word' id='word_1_585' title='bbox 1997 1109 2292 1164; x_wconf 87' lang='lat' dir='ltr'><strong>institueret</strong></span> <span class='ocrx_word' id='word_1_586' title='bbox 2311 1120 2640 1175; x_wconf 83' lang='lat' dir='ltr'><strong>creaturam,</strong></span> <span class='ocrx_word' id='word_1_587' title='bbox 2673 1125 2831 1181; x_wconf 89' lang='lat' dir='ltr'><strong>quam</strong></span> <span class='ocrx_word' id='word_1_588' title='bbox 2864 1126 2947 1164; x_wconf 89' lang='lat' dir='ltr'><strong>me</strong></span> <span class='ocrx_word' id='word_1_589' title='bbox 2973 1110 3123 1177; x_wconf 73' lang='lat' dir='ltr'><strong>jubet</strong></span> <span class='ocrx_word' id='word_1_590' title='bbox 3147 1126 3249 1162; x_wconf 74' lang='lat' dir='ltr'><strong>non</strong></span> <span class='ocrx_word' id='word_1_591' title='bbox 3276 1123 3490 1172; x_wconf 79' lang='lat' dir='ltr'><strong>amate;</strong></span> <span class='ocrx_word' id='word_1_592' title='bbox 3522 1120 3577 1163; x_wconf 90' lang='lat' dir='ltr'><strong>et</strong></span> 
     </span>
    </p>
   </div>
   <div class='ocr_carea' id='block_1_72' title="bbox 1996 1200 3578 1273">
    <p class='ocr_par' dir='ltr' id='par_1_72' title="bbox 1996 1200 3578 1273">
     <span class='ocr_line' id='line_1_73' title="bbox 1996 1200 3578 1273; baseline -0.002 -18"><span class='ocrx_word' id='word_1_593' title='bbox 1996 1217 2104 1255; x_wconf 72' lang='lat' dir='ltr'><strong>nm</strong></span> <span class='ocrx_word' id='word_1_594' title='bbox 2124 1211 2266 1256; x_wconf 77' lang='lat' dir='ltr'><strong>esset</strong></span> <span class='ocrx_word' id='word_1_595' title='bbox 2295 1201 2435 1273; x_wconf 88' lang='lat' dir='ltr'><strong>quod</strong></span> <span class='ocrx_word' id='word_1_596' title='bbox 2453 1217 2686 1257; x_wconf 82' lang='lat' dir='ltr'><strong>amarem</strong></span> <span class='ocrx_word' id='word_1_597' title='bbox 2709 1244 2723 1270; x_wconf 95' lang='lat'><strong>,</strong></span> <span class='ocrx_word' id='word_1_598' title='bbox 2751 1212 2805 1257; x_wconf 89' lang='grc' dir='ltr'><strong>ει</strong></span> <span class='ocrx_word' id='word_1_599' title='bbox 2827 1201 3056 1256; x_wconf 88' lang='lat' dir='ltr'><strong>amando</strong></span> <span class='ocrx_word' id='word_1_600' title='bbox 3080 1201 3382 1255; x_wconf 87' lang='lat' dir='ltr'><strong>datnnarer.</strong></span> <span class='ocrx_word' id='word_1_601' title='bbox 3407 1200 3463 1255; x_wconf 88' lang='lat' dir='ltr'><strong>Si</strong></span> <span class='ocrx_word' id='word_1_602' title='bbox 3486 1215 3578 1253; x_wconf 85' lang='lat' dir='ltr'><strong>vo-</strong></span> 
     </span>
    </p>
   </div>
   <div class='ocr_carea' id='block_1_73' title="bbox 1996 1291 3577 1363">
    <p class='ocr_par' dir='ltr' id='par_1_73' title="bbox 1996 1291 3577 1363">
     <span class='ocr_line' id='line_1_74' title="bbox 1996 1291 3577 1363; baseline 0.001 -19"><span class='ocrx_word' id='word_1_603' title='bbox 1996 1305 2114 1346; x_wconf 89' lang='lat' dir='ltr'><strong>cem</strong></span> <span class='ocrx_word' id='word_1_604' title='bbox 2142 1291 2337 1347; x_wconf 86' lang='lat' dir='ltr'><strong>habere</strong></span> <span class='ocrx_word' id='word_1_605' title='bbox 2380 1301 2558 1363; x_wconf 88' lang='lat' dir='ltr'><strong>posset</strong></span> <span class='ocrx_word' id='word_1_606' title='bbox 2601 1293 2726 1362; x_wconf 17' lang='lat' dir='ltr'><strong>ipsa.</strong></span> <span class='ocrx_word' id='word_1_607' title='bbox 2753 1302 3027 1356; x_wconf 76' lang='lat' dir='ltr'><strong>creatura,</strong></span> <span class='ocrx_word' id='word_1_608' title='bbox 3065 1309 3220 1362; x_wconf 87' lang='lat' dir='ltr'><strong>quam</strong></span> <span class='ocrx_word' id='word_1_609' title='bbox 3266 1293 3402 1346; x_wconf 83' lang='lat' dir='ltr'><strong>male</strong></span> <span class='ocrx_word' id='word_1_610' title='bbox 3430 1307 3577 1345; x_wconf 81' lang='lat' dir='ltr'><strong>amas</strong></span> 
     </span>
    </p>
   </div>
   <div class='ocr_carea' id='block_1_74' title="bbox 1998 1381 3576 1453">
    <p class='ocr_par' dir='ltr' id='par_1_74' title="bbox 1998 1381 3576 1453">
     <span class='ocr_line' id='line_1_75' title="bbox 1998 1381 3576 1453; baseline -0.002 -18"><span class='ocrx_word' id='word_1_611' title='bbox 1998 1382 2120 1450; x_wconf 84' lang='lat' dir='ltr'><strong>quia</strong></span> <span class='ocrx_word' id='word_1_612' title='bbox 2147 1396 2247 1438; x_wconf 87' lang='lat' dir='ltr'><strong>nec</strong></span> <span class='ocrx_word' id='word_1_613' title='bbox 2275 1392 2327 1438; x_wconf 86' lang='lat' dir='ltr'><strong>te</strong></span> <span class='ocrx_word' id='word_1_614' title='bbox 2346 1396 2522 1448; x_wconf 85' lang='lat' dir='ltr'><strong>amas,</strong></span> <span class='ocrx_word' id='word_1_615' title='bbox 2555 1382 2902 1453; x_wconf 82' lang='lat' dir='ltr'><strong>responderet</strong></span> <span class='ocrx_word' id='word_1_616' title='bbox 2926 1383 3016 1436; x_wconf 88' lang='lat' dir='ltr'><strong>tibi</strong></span> <span class='ocrx_word' id='word_1_617' title='bbox 3048 1400 3061 1436; x_wconf 89' lang='lat'><strong>:</strong></span> <span class='ocrx_word' id='word_1_618' title='bbox 3095 1382 3271 1435; x_wconf 66' lang='lat' dir='ltr'><strong>Nullus</strong></span> <span class='ocrx_word' id='word_1_619' title='bbox 3302 1392 3356 1435; x_wconf 89' lang='lat' dir='ltr'><strong>ut</strong></span> <span class='ocrx_word' id='word_1_620' title='bbox 3383 1381 3576 1435; x_wconf 69' lang='lat' dir='ltr'><strong>faceret</strong></span> 
     </span>
    </p>
   </div>
   <div class='ocr_carea' id='block_1_75' title="bbox 2001 1466 3617 1543">
    <p class='ocr_par' dir='ltr' id='par_1_75' title="bbox 2001 1466 3617 1543">
     <span class='ocr_line' id='line_1_76' title="bbox 2001 1466 3617 1543; baseline -0.003 -17"><span class='ocrx_word' id='word_1_621' title='bbox 2001 1487 2087 1526; x_wconf 86' lang='lat' dir='ltr'><strong>me</strong></span> <span class='ocrx_word' id='word_1_622' title='bbox 2116 1472 2288 1538; x_wconf 84' lang='lat' dir='ltr'><strong>Deus,</strong></span> <span class='ocrx_word' id='word_1_623' title='bbox 2336 1488 2403 1526; x_wconf 89' lang='lat' dir='ltr'><strong>ne</strong></span> <span class='ocrx_word' id='word_1_624' title='bbox 2447 1482 2588 1527; x_wconf 82' lang='lat' dir='ltr'><strong>esset</strong></span> <span class='ocrx_word' id='word_1_625' title='bbox 2628 1472 2770 1542; x_wconf 86' lang='lat' dir='ltr'><strong>quod</strong></span> <span class='ocrx_word' id='word_1_626' title='bbox 2816 1488 3054 1537; x_wconf 76' lang='lat' dir='ltr'><strong>amares;</strong></span> <span class='ocrx_word' id='word_1_627' title='bbox 3104 1489 3244 1526; x_wconf 82' lang='lat' dir='ltr'><strong>nunc</strong></span> <span class='ocrx_word' id='word_1_628' title='bbox 3285 1489 3411 1543; x_wconf 82' lang='lat' dir='ltr'><strong>ergo</strong></span> <span class='ocrx_word' id='word_1_629' title='bbox 3462 1472 3578 1525; x_wconf 75' lang='lat' dir='ltr'><strong>vide</strong></span> <span class='ocrx_word' id='word_1_630' title='bbox 3613 1466 3617 1469; x_wconf 59' lang='grc'><strong>⁷</strong></span> 
     </span>
    </p>
   </div>
   <div class='ocr_carea' id='block_1_76' title="bbox 1999 1562 3580 1633">
    <p class='ocr_par' dir='ltr' id='par_1_76' title="bbox 1999 1562 3580 1633">
     <span class='ocr_line' id='line_1_77' title="bbox 1999 1562 3580 1633; baseline 0.001 -19"><span class='ocrx_word' id='word_1_631' title='bbox 1999 1578 2157 1632; x_wconf 86' lang='lat' dir='ltr'><strong>quant</strong></span> <span class='ocrx_word' id='word_1_632' title='bbox 2190 1562 2398 1632; x_wconf 81' lang='lat' dir='ltr'><strong>iniquus</strong></span> <span class='ocrx_word' id='word_1_633' title='bbox 2423 1564 2527 1626; x_wconf 84' lang='lat' dir='ltr'><strong>sis,</strong></span> <span class='ocrx_word' id='word_1_634' title='bbox 2562 1572 2619 1618; x_wconf 84' lang='lat' dir='ltr'><strong>et</strong></span> <span class='ocrx_word' id='word_1_635' title='bbox 2644 1564 2696 1617; x_wconf 88' lang='lat' dir='ltr'><strong>itt</strong></span> <span class='ocrx_word' id='word_1_636' title='bbox 2724 1563 2853 1633; x_wconf 79' lang='lat' dir='ltr'><strong>ipsis</strong></span> <span class='ocrx_word' id='word_1_637' title='bbox 2878 1564 3054 1617; x_wconf 86' lang='lat' dir='ltr'><strong>verbis</strong></span> <span class='ocrx_word' id='word_1_638' title='bbox 3089 1564 3194 1617; x_wconf 82' lang='lat' dir='ltr'><strong>tuis</strong></span> <span class='ocrx_word' id='word_1_639' title='bbox 3221 1563 3580 1631; x_wconf 74' lang='lat' dir='ltr'><strong>iniquissimus</strong></span> 
     </span>
    </p>
   </div>
   <div class='ocr_carea' id='block_1_77' title="bbox 2002 1653 3577 1726">
    <p class='ocr_par' dir='ltr' id='par_1_77' title="bbox 2002 1653 3577 1726">
     <span class='ocr_line' id='line_1_78' title="bbox 2002 1653 3577 1726; baseline 0 -20"><span class='ocrx_word' id='word_1_640' title='bbox 2002 1653 2415 1722; x_wconf 67' lang='lat' dir='ltr'><strong>deprehendaris</strong></span> <span class='ocrx_word' id='word_1_641' title='bbox 2443 1671 2455 1706; x_wconf 94' lang='lat'>:</span> <span class='ocrx_word' id='word_1_642' title='bbox 2491 1654 2652 1707; x_wconf 84' lang='lat' dir='ltr'><strong>velles</strong></span> <span class='ocrx_word' id='word_1_643' title='bbox 2682 1664 2739 1709; x_wconf 89' lang='grc' dir='ltr'><strong>ιιι</strong></span> <span class='ocrx_word' id='word_1_644' title='bbox 2770 1654 2908 1709; x_wconf 81' lang='lat' dir='ltr'><strong>Deus</strong></span> <span class='ocrx_word' id='word_1_645' title='bbox 2938 1655 3231 1720; x_wconf 81' lang='lat' dir='ltr'><strong>facerette,</strong></span> <span class='ocrx_word' id='word_1_646' title='bbox 3262 1657 3349 1726; x_wconf 87' lang='lat' dir='ltr'><strong>qui</strong></span> <span class='ocrx_word' id='word_1_647' title='bbox 3379 1666 3461 1711; x_wconf 88' lang='lat' dir='ltr'><strong>est</strong></span> <span class='ocrx_word' id='word_1_648' title='bbox 3485 1670 3577 1707; x_wconf 84' lang='lat' dir='ltr'><strong>su-</strong></span> 
     </span>
    </p>
   </div>
   <div class='ocr_carea' id='block_1_78' title="bbox 2003 1745 3582 1828">
    <p class='ocr_par' dir='ltr' id='par_1_78' title="bbox 2003 1745 3582 1828">
     <span class='ocr_line' id='line_1_79' title="bbox 2003 1745 3582 1828; baseline 0.001 -30"><span class='ocrx_word' id='word_1_649' title='bbox 2003 1760 2098 1828; x_wconf 53' lang='lat' dir='ltr'><strong>ptzr</strong></span> <span class='ocrx_word' id='word_1_650' title='bbox 2124 1754 2210 1809; x_wconf 91' lang='lat' dir='ltr'><strong>te,</strong></span> <span class='ocrx_word' id='word_1_651' title='bbox 2237 1755 2291 1799; x_wconf 85' lang='lat' dir='ltr'><strong>et</strong></span> <span class='ocrx_word' id='word_1_652' title='bbox 2312 1746 2488 1800; x_wconf 82' lang='lat' dir='ltr'><strong>nolles</strong></span> <span class='ocrx_word' id='word_1_653' title='bbox 2524 1745 2728 1801; x_wconf 69' lang='lat' dir='ltr'><strong>faceret</strong></span> <span class='ocrx_word' id='word_1_654' title='bbox 2751 1745 2891 1800; x_wconf 85' lang='lat' dir='ltr'><strong>aliud</strong></span> <span class='ocrx_word' id='word_1_655' title='bbox 2921 1747 3133 1802; x_wconf 69' lang='lat' dir='ltr'><strong>bonan.</strong></span> <span class='ocrx_word' id='word_1_656' title='bbox 3163 1747 3313 1813; x_wconf 81' lang='lat' dir='ltr'><strong>Quod</strong></span> <span class='ocrx_word' id='word_1_657' title='bbox 3341 1746 3430 1801; x_wconf 85' lang='lat' dir='ltr'><strong>tibi</strong></span> <span class='ocrx_word' id='word_1_658' title='bbox 3460 1747 3582 1799; x_wconf 69' lang='lat' dir='ltr'><strong>fecit</strong></span> 
     </span>
    </p>
   </div>
   <div class='ocr_carea' id='block_1_79' title="bbox 2008 1837 3580 1910">
    <p class='ocr_par' dir='ltr' id='par_1_79' title="bbox 2008 1837 3580 1910">
     <span class='ocr_line' id='line_1_80' title="bbox 2008 1837 3580 1910; baseline 0 -19"><span class='ocrx_word' id='word_1_659' title='bbox 2008 1837 2175 1901; x_wconf 81' lang='lat' dir='ltr'><strong>Deus,</strong></span> <span class='ocrx_word' id='word_1_660' title='bbox 2211 1837 2407 1892; x_wconf 89' lang='lat' dir='ltr'><strong>bonmn</strong></span> <span class='ocrx_word' id='word_1_661' title='bbox 2451 1850 2534 1893; x_wconf 61' lang='lat' dir='ltr'><strong>est</strong></span> <span class='ocrx_word' id='word_1_662' title='bbox 2574 1856 2587 1891; x_wconf 90' lang='lat'><strong>:</strong></span> <span class='ocrx_word' id='word_1_663' title='bbox 2628 1838 2720 1892; x_wconf 86' lang='lat' dir='ltr'><strong>sed</strong></span> <span class='ocrx_word' id='word_1_664' title='bbox 2763 1838 2861 1893; x_wconf 86' lang='lat' dir='ltr'><strong>alia</strong></span> <span class='ocrx_word' id='word_1_665' title='bbox 2901 1849 3024 1894; x_wconf 83' lang='lat' dir='ltr'><strong>sunt</strong></span> <span class='ocrx_word' id='word_1_666' title='bbox 3053 1856 3242 1910; x_wconf 80' lang='lat' dir='ltr'><strong>magna</strong></span> <span class='ocrx_word' id='word_1_667' title='bbox 3271 1840 3439 1902; x_wconf 87' lang='lat' dir='ltr'><strong>bona,</strong></span> <span class='ocrx_word' id='word_1_668' title='bbox 3482 1841 3580 1891; x_wconf 79' lang='lat' dir='ltr'><strong>alia</strong></span> 
     </span>
    </p>
   </div>
   <div class='ocr_carea' id='block_1_80' title="bbox 2004 1928 3583 2000">
    <p class='ocr_par' dir='ltr' id='par_1_80' title="bbox 2004 1928 3583 2000">
     <span class='ocr_line' id='line_1_81' title="bbox 2004 1928 3583 2000; baseline 0.001 -20"><span class='ocrx_word' id='word_1_669' title='bbox 2004 1942 2163 1999; x_wconf 71' lang='lat' dir='ltr'><strong>parta</strong></span> <span class='ocrx_word' id='word_1_670' title='bbox 2216 1928 2389 1995; x_wconf 74' lang='lat' dir='ltr'><strong>bona;</strong></span> <span class='ocrx_word' id='word_1_671' title='bbox 2439 1930 2540 1984; x_wconf 87' lang='lat' dir='ltr'><strong>alia</strong></span> <span class='ocrx_word' id='word_1_672' title='bbox 2594 1932 2863 1985; x_wconf 77' lang='lat' dir='ltr'><strong>terrestria</strong></span> <span class='ocrx_word' id='word_1_673' title='bbox 2913 1933 3084 1998; x_wconf 80' lang='lat' dir='ltr'><strong>bona,</strong></span> <span class='ocrx_word' id='word_1_674' title='bbox 3147 1932 3249 1985; x_wconf 87' lang='lat' dir='ltr'><strong>alia</strong></span> <span class='ocrx_word' id='word_1_675' title='bbox 3295 1931 3583 2000; x_wconf 62' lang='lat' dir='ltr'><strong>spiritualia</strong></span> 
     </span>
    </p>
   </div>
   <div class='ocr_carea' id='block_1_81' title="bbox 2007 2019 3585 2092">
    <p class='ocr_par' dir='ltr' id='par_1_81' title="bbox 2007 2019 3585 2092">
     <span class='ocr_line' id='line_1_82' title="bbox 2007 2019 3585 2092; baseline 0 -18"><span class='ocrx_word' id='word_1_676' title='bbox 2007 2020 2144 2074; x_wconf 86' lang='lat' dir='ltr'><strong>bona</strong></span> <span class='ocrx_word' id='word_1_677' title='bbox 2165 2061 2178 2084; x_wconf 91' lang='lat'><strong>,</strong></span> <span class='ocrx_word' id='word_1_678' title='bbox 2208 2019 2309 2073; x_wconf 86' lang='lat' dir='ltr'><strong>alia</strong></span> <span class='ocrx_word' id='word_1_679' title='bbox 2333 2021 2639 2090; x_wconf 81' lang='lat' dir='ltr'><strong>temporalia</strong></span> <span class='ocrx_word' id='word_1_680' title='bbox 2663 2021 2795 2075; x_wconf 68' lang='lat' dir='ltr'><strong>bella</strong></span> <span class='ocrx_word' id='word_1_681' title='bbox 2823 2039 2842 2075; x_wconf 88' lang='lat'><strong><em>:</em></strong></span> <span class='ocrx_word' id='word_1_682' title='bbox 2868 2022 3044 2075; x_wconf 90' lang='lat' dir='ltr'><strong>omnia</strong></span> <span class='ocrx_word' id='word_1_683' title='bbox 3073 2032 3247 2077; x_wconf 87' lang='lat' dir='ltr'><strong>tamen</strong></span> <span class='ocrx_word' id='word_1_684' title='bbox 3270 2022 3404 2076; x_wconf 84' lang='lat' dir='ltr'><strong>bona</strong></span> <span class='ocrx_word' id='word_1_685' title='bbox 3426 2064 3439 2085; x_wconf 89' lang='lat'><strong>,</strong></span> <span class='ocrx_word' id='word_1_686' title='bbox 3465 2024 3585 2092; x_wconf 81' lang='lat' dir='ltr'><strong>quia</strong></span> 
     </span>
    </p>
   </div>
   <div class='ocr_carea' id='block_1_82' title="bbox 2008 2107 3585 2182">
    <p class='ocr_par' dir='ltr' id='par_1_82' title="bbox 2008 2107 3585 2182">
     <span class='ocr_line' id='line_1_83' title="bbox 2008 2107 3585 2182; baseline 0.001 -21"><span class='ocrx_word' id='word_1_687' title='bbox 2008 2107 2178 2163; x_wconf 73' lang='lat' dir='ltr'><strong>boum</strong></span> <span class='ocrx_word' id='word_1_688' title='bbox 2206 2108 2330 2165; x_wconf 75' lang='lat' dir='ltr'><strong>fecit</strong></span> <span class='ocrx_word' id='word_1_689' title='bbox 2359 2110 2513 2164; x_wconf 68' lang='lat' dir='ltr'><strong>bulla.</strong></span> <span class='ocrx_word' id='word_1_690' title='bbox 2563 2110 2685 2167; x_wconf 89' lang='lat' dir='ltr'><strong>Ideo</strong></span> <span class='ocrx_word' id='word_1_691' title='bbox 2711 2112 2937 2182; x_wconf 58' lang='lat' dir='ltr'><strong>(inludant</strong></span> <span class='ocrx_word' id='word_1_692' title='bbox 2971 2113 3021 2166; x_wconf 90' lang='lat' dir='ltr'><strong>in</strong></span> <span class='ocrx_word' id='word_1_693' title='bbox 3049 2112 3164 2166; x_wconf 82' lang='lat' dir='ltr'><strong>loco</strong></span> <span class='ocrx_word' id='word_1_694' title='bbox 3195 2113 3585 2182; x_wconf 84' lang='lat' dir='ltr'><strong>Seripturarmn</strong></span> 
     </span>
    </p>
   </div>
   <div class='ocr_carea' id='block_1_83' title="bbox 2007 2198 3587 2272">
    <p class='ocr_par' dir='ltr' id='par_1_83' title="bbox 2007 2198 3587 2272">
     <span class='ocr_line' id='line_1_84' title="bbox 2007 2198 3587 2272; baseline 0.002 -19"><span class='ocrx_word' id='word_1_695' title='bbox 2007 2198 2303 2254; x_wconf 86' lang='lat' dir='ltr'><strong>divinarum</strong></span> <span class='ocrx_word' id='word_1_696' title='bbox 2328 2200 2542 2265; x_wconf 74' lang='lat' dir='ltr'><strong>dicitur,</strong></span> <span class='ocrx_word' id='word_1_697' title='bbox 2580 2200 2825 2256; x_wconf 80' lang='lat' dir='ltr'><strong>Ordinate</strong></span> <span class='ocrx_word' id='word_1_698' title='bbox 2864 2203 2917 2256; x_wconf 81' lang='lat' dir='ltr'><strong>in</strong></span> <span class='ocrx_word' id='word_1_699' title='bbox 2960 2219 3039 2257; x_wconf 81' lang='lat' dir='ltr'><strong>me</strong></span> <span class='ocrx_word' id='word_1_700' title='bbox 3074 2203 3366 2257; x_wconf 82' lang='lat' dir='ltr'><strong>charitatem</strong></span> <span class='ocrx_word' id='word_1_701' title='bbox 3410 2201 3587 2272; x_wconf 79' lang='lat' dir='ltr'><strong>(Cant.</strong></span> 
     </span>
    </p>
   </div>
   <div class='ocr_carea' id='block_1_84' title="bbox 2013 2291 3586 2364">
    <p class='ocr_par' dir='ltr' id='par_1_84' title="bbox 2013 2291 3586 2364">
     <span class='ocr_line' id='line_1_85' title="bbox 2013 2291 3586 2364; baseline -0.001 -18"><span class='ocrx_word' id='word_1_702' title='bbox 2013 2307 2081 2353; x_wconf 88' lang='grc' dir='ltr'><strong>ιι,</strong></span> <span class='ocrx_word' id='word_1_703' title='bbox 2120 2292 2197 2362; x_wconf 70' lang='grc'><strong>4).</strong></span> <span class='ocrx_word' id='word_1_704' title='bbox 2228 2291 2431 2345; x_wconf 84' lang='lat' dir='ltr'><strong>Bonum</strong></span> <span class='ocrx_word' id='word_1_705' title='bbox 2461 2292 2656 2364; x_wconf 86' lang='lat' dir='ltr'><strong>aliquid</strong></span> <span class='ocrx_word' id='word_1_706' title='bbox 2689 2301 2741 2347; x_wconf 87' lang='lat' dir='ltr'><strong>te</strong></span> <span class='ocrx_word' id='word_1_707' title='bbox 2760 2292 2891 2348; x_wconf 71' lang='lat' dir='ltr'><strong>fecit</strong></span> <span class='ocrx_word' id='word_1_708' title='bbox 2920 2294 3057 2349; x_wconf 80' lang='lat' dir='ltr'><strong>Deus</strong></span> <span class='ocrx_word' id='word_1_709' title='bbox 3077 2335 3091 2359; x_wconf 89' lang='lat'><strong>,</strong></span> <span class='ocrx_word' id='word_1_710' title='bbox 3124 2294 3223 2350; x_wconf 87' lang='lat' dir='ltr'><strong>sub</strong></span> <span class='ocrx_word' id='word_1_711' title='bbox 3250 2309 3310 2348; x_wconf 84' lang='lat' dir='ltr'><strong>se</strong></span> <span class='ocrx_word' id='word_1_712' title='bbox 3346 2294 3471 2349; x_wconf 82' lang='lat' dir='ltr'><strong>feeit</strong></span> <span class='ocrx_word' id='word_1_713' title='bbox 3490 2294 3586 2349; x_wconf 80' lang='lat' dir='ltr'><strong>ali-</strong></span> 
     </span>
    </p>
   </div>
   <div class='ocr_carea' id='block_1_85' title="bbox 2011 2384 3590 2456">
    <p class='ocr_par' dir='ltr' id='par_1_85' title="bbox 2011 2384 3590 2456">
     <span class='ocr_line' id='line_1_86' title="bbox 2011 2384 3590 2456; baseline 0.002 -18"><span class='ocrx_word' id='word_1_714' title='bbox 2011 2384 2137 2455; x_wconf 88' lang='lat' dir='ltr'><strong>quid</strong></span> <span class='ocrx_word' id='word_1_715' title='bbox 2166 2384 2384 2440; x_wconf 87' lang='lat' dir='ltr'><strong>inl&#39;erius</strong></span> <span class='ocrx_word' id='word_1_716' title='bbox 2402 2394 2467 2441; x_wconf 80' lang='lat' dir='ltr'><strong>et</strong></span> <span class='ocrx_word' id='word_1_717' title='bbox 2492 2386 2592 2441; x_wconf 86' lang='lat' dir='ltr'><strong>sub</strong></span> <span class='ocrx_word' id='word_1_718' title='bbox 2621 2394 2706 2451; x_wconf 66' lang='lat' dir='ltr'><strong>te:</strong></span> <span class='ocrx_word' id='word_1_719' title='bbox 2734 2385 2833 2439; x_wconf 86' lang='lat' dir='ltr'><strong>sub</strong></span> <span class='ocrx_word' id='word_1_720' title='bbox 2859 2386 2962 2440; x_wconf 89' lang='lat' dir='ltr'><strong>alio</strong></span> <span class='ocrx_word' id='word_1_721' title='bbox 2990 2400 3082 2452; x_wconf 89' lang='lat' dir='ltr'><strong>es,</strong></span> <span class='ocrx_word' id='word_1_722' title='bbox 3114 2401 3273 2456; x_wconf 87' lang='lat' dir='ltr'><strong>super</strong></span> <span class='ocrx_word' id='word_1_723' title='bbox 3309 2386 3451 2440; x_wconf 84' lang='lat' dir='ltr'><strong>aliud</strong></span> <span class='ocrx_word' id='word_1_724' title='bbox 3483 2402 3541 2440; x_wconf 80' lang='lat' dir='ltr'><strong>es</strong></span> <span class='ocrx_word' id='word_1_725' title='bbox 3577 2405 3590 2441; x_wconf 91' lang='lat'><strong>:</strong></span> 
     </span>
    </p>
   </div>
   <div class='ocr_carea' id='block_1_86' title="bbox 2014 2475 3594 2546">
    <p class='ocr_par' dir='ltr' id='par_1_86' title="bbox 2014 2475 3594 2546">
     <span class='ocr_line' id='line_1_87' title="bbox 2014 2475 3594 2546; baseline -0.001 -16"><span class='ocrx_word' id='word_1_726' title='bbox 2014 2475 2119 2530; x_wconf 87' lang='lat' dir='ltr'><strong>noli</strong></span> <span class='ocrx_word' id='word_1_727' title='bbox 2163 2476 2349 2530; x_wconf 82' lang='lat' dir='ltr'><strong>relicto</strong></span> <span class='ocrx_word' id='word_1_728' title='bbox 2388 2476 2664 2546; x_wconf 86' lang='lat' dir='ltr'><strong>superiore</strong></span> <span class='ocrx_word' id='word_1_729' title='bbox 2700 2475 2876 2538; x_wconf 82' lang='lat' dir='ltr'><strong>bono.</strong></span> <span class='ocrx_word' id='word_1_730' title='bbox 2906 2490 3129 2532; x_wconf 83' lang='lat' dir='ltr'><strong>curvare</strong></span> <span class='ocrx_word' id='word_1_731' title='bbox 3163 2485 3220 2532; x_wconf 88' lang='lat' dir='ltr'><strong>te</strong></span> <span class='ocrx_word' id='word_1_732' title='bbox 3259 2476 3327 2532; x_wconf 87' lang='lat' dir='ltr'><strong>ad</strong></span> <span class='ocrx_word' id='word_1_733' title='bbox 3376 2476 3594 2531; x_wconf 75' lang='lat' dir='ltr'><strong>inferius</strong></span> 
     </span>
    </p>
   </div>
   <div class='ocr_carea' id='block_1_87' title="bbox 2015 2565 3594 2638">
    <p class='ocr_par' dir='ltr' id='par_1_87' title="bbox 2015 2565 3594 2638">
     <span class='ocr_line' id='line_1_88' title="bbox 2015 2565 3594 2638; baseline -0.001 -17"><span class='ocrx_word' id='word_1_734' title='bbox 2015 2566 2233 2621; x_wconf 83' lang='lat' dir='ltr'><strong>bonum.</strong></span> <span class='ocrx_word' id='word_1_735' title='bbox 2269 2565 2463 2622; x_wconf 71' lang='lat' dir='ltr'><strong>[iectus</strong></span> <span class='ocrx_word' id='word_1_736' title='bbox 2504 2576 2655 2634; x_wconf 86' lang='lat' dir='ltr'><strong>esto,</strong></span> <span class='ocrx_word' id='word_1_737' title='bbox 2700 2576 2758 2621; x_wconf 89' lang='lat' dir='ltr'><strong>ut</strong></span> <span class='ocrx_word' id='word_1_738' title='bbox 2790 2566 3020 2623; x_wconf 85' lang='lat' dir='ltr'><strong>lauderis</strong></span> <span class='ocrx_word' id='word_1_739' title='bbox 3049 2584 3063 2622; x_wconf 92' lang='lat'><strong>:</strong></span> <span class='ocrx_word' id='word_1_740' title='bbox 3094 2569 3214 2638; x_wconf 88' lang='lat' dir='ltr'><strong>quia</strong></span> <span class='ocrx_word' id='word_1_741' title='bbox 3255 2568 3594 2622; x_wconf 79' lang='lat' dir='ltr'><strong>laudabuntur</strong></span> 
     </span>
    </p>
   </div>
   <div class='ocr_carea' id='block_1_88' title="bbox 2015 2656 3595 2728">
    <p class='ocr_par' dir='ltr' id='par_1_88' title="bbox 2015 2656 3595 2728">
     <span class='ocr_line' id='line_1_89' title="bbox 2015 2656 3595 2728; baseline -0.001 -15"><span class='ocrx_word' id='word_1_742' title='bbox 2015 2673 2185 2713; x_wconf 71' lang='lat' dir='ltr'><strong>omnes</strong></span> <span class='ocrx_word' id='word_1_743' title='bbox 2212 2657 2333 2711; x_wconf 82' lang='lat' dir='ltr'><strong>recti</strong></span> <span class='ocrx_word' id='word_1_744' title='bbox 2367 2657 2536 2712; x_wconf 79' lang='lat' dir='ltr'><strong>corde.</strong></span> <span class='ocrx_word' id='word_1_745' title='bbox 2568 2656 2717 2713; x_wconf 87' lang='lat' dir='ltr'><strong>Unde</strong></span> <span class='ocrx_word' id='word_1_746' title='bbox 2742 2658 2883 2713; x_wconf 88' lang='lat' dir='ltr'><strong>enim</strong></span> <span class='ocrx_word' id='word_1_747' title='bbox 2916 2672 3136 2728; x_wconf 85' lang='lat' dir='ltr'><strong>peccas,</strong></span> <span class='ocrx_word' id='word_1_748' title='bbox 3167 2658 3266 2714; x_wconf 89' lang='lat' dir='ltr'><strong>nisi</strong></span> <span class='ocrx_word' id='word_1_749' title='bbox 3295 2661 3416 2728; x_wconf 88' lang='lat' dir='ltr'><strong>quia</strong></span> <span class='ocrx_word' id='word_1_750' title='bbox 3447 2661 3595 2714; x_wconf 78' lang='lat' dir='ltr'><strong>inor-</strong></span> 
     </span>
    </p>
   </div>
   <div class='ocr_carea' id='block_1_89' title="bbox 2015 2748 3599 2820">
    <p class='ocr_par' dir='ltr' id='par_1_89' title="bbox 2015 2748 3599 2820">
     <span class='ocr_line' id='line_1_90' title="bbox 2015 2748 3599 2820; baseline -0.001 -15"><span class='ocrx_word' id='word_1_751' title='bbox 2015 2749 2194 2805; x_wconf 86' lang='lat' dir='ltr'><strong>dinate</strong></span> <span class='ocrx_word' id='word_1_752' title='bbox 2219 2758 2415 2805; x_wconf 84' lang='lat' dir='ltr'><strong>tractas</strong></span> <span class='ocrx_word' id='word_1_753' title='bbox 2437 2762 2525 2803; x_wconf 85' lang='lat' dir='ltr'><strong>res</strong></span> <span class='ocrx_word' id='word_1_754' title='bbox 2547 2762 2680 2819; x_wconf 84' lang='lat' dir='ltr'><strong>quas</strong></span> <span class='ocrx_word' id='word_1_755' title='bbox 2710 2748 2763 2802; x_wconf 91' lang='lat' dir='ltr'><strong>in</strong></span> <span class='ocrx_word' id='word_1_756' title='bbox 2800 2763 2952 2803; x_wconf 85' lang='lat' dir='ltr'><strong>usum</strong></span> <span class='ocrx_word' id='word_1_757' title='bbox 2978 2748 3269 2820; x_wconf 80' lang='lat' dir='ltr'><strong>accepisti?</strong></span> <span class='ocrx_word' id='word_1_758' title='bbox 3310 2749 3436 2805; x_wconf 83' lang='lat' dir='ltr'><strong>Esto</strong></span> <span class='ocrx_word' id='word_1_759' title='bbox 3462 2749 3599 2804; x_wconf 79' lang='lat' dir='ltr'><strong>bene</strong></span> 
     </span>
    </p>
   </div>
   <div class='ocr_carea' id='block_1_90' title="bbox 2019 2824 3598 2908">
    <p class='ocr_par' dir='ltr' id='par_1_90' title="bbox 2019 2824 3598 2908">
     <span class='ocr_line' id='line_1_91' title="bbox 2019 2824 3598 2908; baseline -0.001 -12"><span class='ocrx_word' id='word_1_760' title='bbox 2019 2851 2172 2896; x_wconf 86' lang='lat' dir='ltr'><strong>utens</strong></span> <span class='ocrx_word' id='word_1_761' title='bbox 2201 2841 2360 2897; x_wconf 85' lang='lat' dir='ltr'><strong>rebus</strong></span> <span class='ocrx_word' id='word_1_762' title='bbox 2384 2824 2742 2908; x_wconf 78' lang='lat' dir='ltr'><strong>inferioribus,</strong></span> <span class='ocrx_word' id='word_1_763' title='bbox 2767 2851 2819 2896; x_wconf 87' lang='lat' dir='ltr'><strong>et</strong></span> <span class='ocrx_word' id='word_1_764' title='bbox 2847 2841 2955 2897; x_wconf 91' lang='lat' dir='ltr'><strong>eris</strong></span> <span class='ocrx_word' id='word_1_765' title='bbox 2975 2851 3119 2897; x_wconf 89' lang='lat' dir='ltr'><strong>recte</strong></span> <span class='ocrx_word' id='word_1_766' title='bbox 3142 2840 3323 2897; x_wconf 77' lang='lat' dir='ltr'><strong>fruens</strong></span> <span class='ocrx_word' id='word_1_767' title='bbox 3346 2842 3486 2897; x_wconf 89' lang='lat' dir='ltr'><strong>bono</strong></span> <span class='ocrx_word' id='word_1_768' title='bbox 3504 2861 3598 2896; x_wconf 72' lang='lat' dir='ltr'><strong>su-</strong></span> 
     </span>
    </p>
   </div>
   <div class='ocr_carea' id='block_1_91' title="bbox 2020 2926 3123 3007">
    <p class='ocr_par' dir='ltr' id='par_1_91' title="bbox 2020 2926 3123 3007">
     <span class='ocr_line' id='line_1_92' title="bbox 2020 2926 3123 3007; baseline -0.008 -18"><span class='ocrx_word' id='word_1_769' title='bbox 2020 2935 2246 3007; x_wconf 81' lang='lat' dir='ltr'><strong>periure.</strong></span> <span class='ocrx_word' id='word_1_770' title='bbox 3117 2926 3123 2937; x_wconf 88' lang='grc'><em>’</em></span> 
     </span>
    </p>
   </div>
   <div class='ocr_carea' id='block_1_92' title="bbox 2023 3014 3603 3100">
    <p class='ocr_par' dir='ltr' id='par_1_92' title="bbox 2023 3014 3603 3100">
     <span class='ocr_line' id='line_1_93' title="bbox 2023 3014 3603 3100; baseline 0.001 -18"><span class='ocrx_word' id='word_1_771' title='bbox 2023 3014 2031 3021; x_wconf 57' lang='grc'><strong>’</strong></span> <span class='ocrx_word' id='word_1_772' title='bbox 2092 3029 2145 3082; x_wconf 76' lang='grc'><strong>4.</strong></span> <span class='ocrx_word' id='word_1_773' title='bbox 2193 3026 2258 3081; x_wconf 86' lang='lat' dir='ltr'><strong>In</strong></span> <span class='ocrx_word' id='word_1_774' title='bbox 2310 3043 2394 3082; x_wconf 82' lang='lat' dir='ltr'><strong>eos</strong></span> <span class='ocrx_word' id='word_1_775' title='bbox 2438 3028 2530 3098; x_wconf 80' lang='lat' dir='ltr'><strong>qui</strong></span> <span class='ocrx_word' id='word_1_776' title='bbox 2587 3039 2865 3082; x_wconf 82' lang='lat' dir='ltr'><strong>creaturam</strong></span> <span class='ocrx_word' id='word_1_777' title='bbox 2923 3026 3033 3083; x_wconf 75' lang='lat' dir='ltr'><strong>Deo</strong></span> <span class='ocrx_word' id='word_1_778' title='bbox 3089 3041 3406 3100; x_wconf 75' lang='lat' dir='ltr'><strong>prteponuut.</strong></span> <span class='ocrx_word' id='word_1_779' title='bbox 3453 3029 3603 3085; x_wconf 77' lang='lat' dir='ltr'><strong>Nunc</strong></span> 
     </span>
    </p>
   </div>
   <div class='ocr_carea' id='block_1_93' title="bbox 2022 3122 3602 3193">
    <p class='ocr_par' dir='ltr' id='par_1_93' title="bbox 2022 3122 3602 3193">
     <span class='ocr_line' id='line_1_94' title="bbox 2022 3122 3602 3193; baseline 0.001 -18"><span class='ocrx_word' id='word_1_780' title='bbox 2022 3122 2178 3187; x_wconf 88' lang='lat' dir='ltr'><strong>audi,</strong></span> <span class='ocrx_word' id='word_1_781' title='bbox 2208 3132 2264 3177; x_wconf 90' lang='lat' dir='ltr'><strong>et</strong></span> <span class='ocrx_word' id='word_1_782' title='bbox 2289 3122 2492 3177; x_wconf 88' lang='lat' dir='ltr'><strong>discute</strong></span> <span class='ocrx_word' id='word_1_783' title='bbox 2527 3122 2670 3192; x_wconf 89' lang='lat' dir='ltr'><strong>ipsas</strong></span> <span class='ocrx_word' id='word_1_784' title='bbox 2716 3122 3012 3192; x_wconf 79' lang='lat' dir='ltr'><strong>aguitiones</strong></span> <span class='ocrx_word' id='word_1_785' title='bbox 3059 3133 3286 3178; x_wconf 80' lang='lat' dir='ltr'><strong>tuaszet</strong></span> <span class='ocrx_word' id='word_1_786' title='bbox 3339 3124 3602 3193; x_wconf 78' lang='lat' dir='ltr'><strong>interroga</strong></span> 
     </span>
    </p>
   </div>
   <div class='ocr_carea' id='block_1_94' title="bbox 2025 3212 3602 3285">
    <p class='ocr_par' dir='ltr' id='par_1_94' title="bbox 2025 3212 3602 3285">
     <span class='ocr_line' id='line_1_95' title="bbox 2025 3212 3602 3285; baseline -0.002 -16"><span class='ocrx_word' id='word_1_787' title='bbox 2025 3223 2075 3269; x_wconf 90' lang='lat' dir='ltr'><strong>te</strong></span> <span class='ocrx_word' id='word_1_788' title='bbox 2115 3214 2202 3285; x_wconf 88' lang='lat' dir='ltr'><strong>qui</strong></span> <span class='ocrx_word' id='word_1_789' title='bbox 2253 3223 2479 3276; x_wconf 76' lang='lat' dir='ltr'><strong>tmetas,</strong></span> <span class='ocrx_word' id='word_1_790' title='bbox 2520 3223 2576 3269; x_wconf 91' lang='lat' dir='ltr'><strong>et</strong></span> <span class='ocrx_word' id='word_1_791' title='bbox 2605 3229 2691 3269; x_wconf 88' lang='lat' dir='ltr'><strong>res</strong></span> <span class='ocrx_word' id='word_1_792' title='bbox 2717 3229 2848 3284; x_wconf 90' lang='lat' dir='ltr'><strong>quas</strong></span> <span class='ocrx_word' id='word_1_793' title='bbox 2894 3222 3108 3268; x_wconf 87' lang='lat' dir='ltr'><strong>tractas.</strong></span> <span class='ocrx_word' id='word_1_794' title='bbox 3146 3212 3283 3269; x_wconf 85' lang='lat' dir='ltr'><strong>Ecce</strong></span> <span class='ocrx_word' id='word_1_795' title='bbox 3325 3215 3369 3268; x_wconf 90' lang='lat' dir='ltr'><strong>si</strong></span> <span class='ocrx_word' id='word_1_796' title='bbox 3410 3214 3462 3268; x_wconf 89' lang='lat' dir='ltr'><strong>in</strong></span> <span class='ocrx_word' id='word_1_797' title='bbox 3509 3232 3602 3268; x_wconf 81' lang='lat' dir='ltr'><strong>ne-</strong></span> 
     </span>
    </p>
   </div>
   <div class='ocr_carea' id='block_1_95' title="bbox 2023 3305 3607 3377">
    <p class='ocr_par' dir='ltr' id='par_1_95' title="bbox 2023 3305 3607 3377">
     <span class='ocr_line' id='line_1_96' title="bbox 2023 3305 3607 3377; baseline 0.001 -21"><span class='ocrx_word' id='word_1_798' title='bbox 2023 3306 2168 3377; x_wconf 74' lang='lat' dir='ltr'><strong>gutio</strong></span> <span class='ocrx_word' id='word_1_799' title='bbox 2202 3314 2293 3358; x_wconf 89' lang='lat' dir='ltr'><strong>tuo</strong></span> <span class='ocrx_word' id='word_1_800' title='bbox 2336 3315 2614 3375; x_wconf 81' lang='lat' dir='ltr'><strong>argentum</strong></span> <span class='ocrx_word' id='word_1_801' title='bbox 2645 3320 2920 3375; x_wconf 68' lang='lat' dir='ltr'><strong>praeponas</strong></span> <span class='ocrx_word' id='word_1_802' title='bbox 2948 3319 3079 3359; x_wconf 85' lang='lat' dir='ltr'><strong>auro</strong></span> <span class='ocrx_word' id='word_1_803' title='bbox 3102 3347 3118 3371; x_wconf 89' lang='lat'><strong>,</strong></span> <span class='ocrx_word' id='word_1_804' title='bbox 3149 3305 3192 3359; x_wconf 94' lang='lat' dir='ltr'><strong>si</strong></span> <span class='ocrx_word' id='word_1_805' title='bbox 3219 3305 3491 3375; x_wconf 88' lang='lat' dir='ltr'><strong>plumbum</strong></span> <span class='ocrx_word' id='word_1_806' title='bbox 3522 3322 3607 3358; x_wconf 54' lang='lat' dir='ltr'><strong>ar-</strong></span> 
     </span>
    </p>
   </div>
   <div class='ocr_carea' id='block_1_96' title="bbox 2025 3395 3607 3468">
    <p class='ocr_par' dir='ltr' id='par_1_96' title="bbox 2025 3395 3607 3468">
     <span class='ocr_line' id='line_1_97' title="bbox 2025 3395 3607 3468; baseline -0.004 -15"><span class='ocrx_word' id='word_1_807' title='bbox 2025 3407 2216 3468; x_wconf 77' lang='lat' dir='ltr'><strong>gente,</strong></span> <span class='ocrx_word' id='word_1_808' title='bbox 2244 3396 2289 3450; x_wconf 90' lang='lat' dir='ltr'><strong>si</strong></span> <span class='ocrx_word' id='word_1_809' title='bbox 2318 3396 2590 3466; x_wconf 83' lang='lat' dir='ltr'><strong>pulverem</strong></span> <span class='ocrx_word' id='word_1_810' title='bbox 2634 3395 2882 3466; x_wconf 85' lang='lat' dir='ltr'><strong>plumbo;</strong></span> <span class='ocrx_word' id='word_1_811' title='bbox 2923 3411 3106 3451; x_wconf 74' lang='lat' dir='ltr'><strong>nonne</strong></span> <span class='ocrx_word' id='word_1_812' title='bbox 3135 3396 3205 3451; x_wconf 85' lang='lat' dir='ltr'><strong>ab</strong></span> <span class='ocrx_word' id='word_1_813' title='bbox 3241 3397 3489 3451; x_wconf 88' lang='lat' dir='ltr'><strong>onmibus</strong></span> <span class='ocrx_word' id='word_1_814' title='bbox 3516 3412 3607 3448; x_wconf 77' lang='lat' dir='ltr'><strong>so-</strong></span> 
     </span>
    </p>
   </div>
   <div class='ocr_carea' id='block_1_97' title="bbox 2025 3485 3605 3556">
    <p class='ocr_par' dir='ltr' id='par_1_97' title="bbox 2025 3485 3605 3556">
     <span class='ocr_line' id='line_1_98' title="bbox 2025 3485 3605 3556; baseline -0.002 -14"><span class='ocrx_word' id='word_1_815' title='bbox 2025 3487 2122 3542; x_wconf 89' lang='lat' dir='ltr'><strong>ciis</strong></span> <span class='ocrx_word' id='word_1_816' title='bbox 2148 3487 2251 3542; x_wconf 90' lang='lat' dir='ltr'><strong>tuis</strong></span> <span class='ocrx_word' id='word_1_817' title='bbox 2274 3528 2289 3549; x_wconf 94' lang='lat'><strong>,</strong></span> <span class='ocrx_word' id='word_1_818' title='bbox 2316 3487 2360 3540; x_wconf 89' lang='lat' dir='ltr'><strong>si</strong></span> <span class='ocrx_word' id='word_1_819' title='bbox 2382 3485 2524 3541; x_wconf 76' lang='lat' dir='ltr'><strong>forte</strong></span> <span class='ocrx_word' id='word_1_820' title='bbox 2555 3487 2858 3556; x_wconf 79' lang='lat' dir='ltr'><strong>negotiator</strong></span> <span class='ocrx_word' id='word_1_821' title='bbox 2883 3502 2973 3552; x_wconf 89' lang='grc' dir='ltr'><strong>εε,</strong></span> <span class='ocrx_word' id='word_1_822' title='bbox 3002 3486 3432 3542; x_wconf 83' lang='lat' dir='ltr'><strong>dementissimus</strong></span> <span class='ocrx_word' id='word_1_823' title='bbox 3467 3487 3574 3555; x_wconf 76' lang='lat' dir='ltr'><strong>indi</strong></span> <span class='ocrx_word' id='word_1_824' title='bbox 3592 3516 3605 3525; x_wconf 86' lang='lat'><strong>-</strong></span> 
     </span>
    </p>
   </div>
   <div class='ocr_carea' id='block_1_98' title="bbox 2027 3579 3609 3650">
    <p class='ocr_par' dir='ltr' id='par_1_98' title="bbox 2027 3579 3609 3650">
     <span class='ocr_line' id='line_1_99' title="bbox 2027 3579 3609 3650; baseline -0.001 -15"><span class='ocrx_word' id='word_1_825' title='bbox 2027 3579 2233 3636; x_wconf 86' lang='lat' dir='ltr'><strong>caberis</strong></span> <span class='ocrx_word' id='word_1_826' title='bbox 2253 3623 2267 3645; x_wconf 92' lang='lat'><strong>,</strong></span> <span class='ocrx_word' id='word_1_827' title='bbox 2299 3589 2354 3634; x_wconf 89' lang='lat' dir='ltr'><strong>et</strong></span> <span class='ocrx_word' id='word_1_828' title='bbox 2376 3579 2444 3633; x_wconf 91' lang='lat' dir='ltr'><strong>ab</strong></span> <span class='ocrx_word' id='word_1_829' title='bbox 2479 3594 2664 3633; x_wconf 88' lang='lat' dir='ltr'><strong>eorum</strong></span> <span class='ocrx_word' id='word_1_830' title='bbox 2689 3580 2941 3635; x_wconf 85' lang='lat' dir='ltr'><strong>societate</strong></span> <span class='ocrx_word' id='word_1_831' title='bbox 2965 3580 3235 3635; x_wconf 85' lang='lat' dir='ltr'><strong>seduceris</strong></span> <span class='ocrx_word' id='word_1_832' title='bbox 3253 3622 3269 3646; x_wconf 93' lang='lat'><strong>,</strong></span> <span class='ocrx_word' id='word_1_833' title='bbox 3309 3581 3609 3650; x_wconf 64' lang='lat' dir='ltr'><strong>diceris-pte</strong></span> 
     </span>
    </p>
   </div>
   <div class='ocr_carea' id='block_1_99' title="bbox 2028 3670 3607 3740">
    <p class='ocr_par' dir='ltr' id='par_1_99' title="bbox 2028 3670 3607 3740">
     <span class='ocr_line' id='line_1_100' title="bbox 2028 3670 3607 3740; baseline -0.003 -13"><span class='ocrx_word' id='word_1_834' title='bbox 2028 3670 2346 3738; x_wconf 87' lang='lat' dir='ltr'><strong>damnosus,</strong></span> <span class='ocrx_word' id='word_1_835' title='bbox 2370 3681 2431 3726; x_wconf 85' lang='lat' dir='ltr'><strong>et</strong></span> <span class='ocrx_word' id='word_1_836' title='bbox 2458 3672 2593 3725; x_wconf 82' lang='lat' dir='ltr'><strong>forte</strong></span> <span class='ocrx_word' id='word_1_837' title='bbox 2612 3671 2772 3726; x_wconf 89' lang='lat' dir='ltr'><strong>etiam</strong></span> <span class='ocrx_word' id='word_1_838' title='bbox 2802 3679 2914 3726; x_wconf 88' lang='lat' dir='ltr'><strong>toto</strong></span> <span class='ocrx_word' id='word_1_839' title='bbox 2937 3672 3109 3740; x_wconf 86' lang='lat' dir='ltr'><strong>capite</strong></span> <span class='ocrx_word' id='word_1_840' title='bbox 3133 3670 3442 3726; x_wconf 84' lang='lat' dir='ltr'><strong>sanandus?</strong></span> <span class='ocrx_word' id='word_1_841' title='bbox 3472 3672 3607 3738; x_wconf 79' lang='lat' dir='ltr'><strong>Qtnd</strong></span> 
     </span>
    </p>
   </div>
   <div class='ocr_carea' id='block_1_100' title="bbox 2030 3763 3607 3829">
    <p class='ocr_par' dir='ltr' id='par_1_100' title="bbox 2030 3763 3607 3829">
     <span class='ocr_line' id='line_1_101' title="bbox 2030 3763 3607 3829; baseline -0.001 -11"><span class='ocrx_word' id='word_1_842' title='bbox 2030 3764 2171 3818; x_wconf 87' lang='lat' dir='ltr'><strong>aliud</strong></span> <span class='ocrx_word' id='word_1_843' title='bbox 2198 3765 2339 3819; x_wconf 89' lang='lat' dir='ltr'><strong>enim</strong></span> <span class='ocrx_word' id='word_1_844' title='bbox 2374 3764 2614 3819; x_wconf 85' lang='lat' dir='ltr'><strong>dicerent</strong></span> <span class='ocrx_word' id='word_1_845' title='bbox 2647 3780 2833 3818; x_wconf 89' lang='lat' dir='ltr'><strong>oumes</strong></span> <span class='ocrx_word' id='word_1_846' title='bbox 2872 3764 3002 3818; x_wconf 84' lang='lat' dir='ltr'><strong>socii</strong></span> <span class='ocrx_word' id='word_1_847' title='bbox 3028 3763 3142 3829; x_wconf 89' lang='lat' dir='ltr'><strong>tui,</strong></span> <span class='ocrx_word' id='word_1_848' title='bbox 3178 3779 3306 3819; x_wconf 89' lang='lat' dir='ltr'><strong>cum</strong></span> <span class='ocrx_word' id='word_1_849' title='bbox 3351 3764 3550 3819; x_wconf 68' lang='lat' dir='ltr'><strong>dixeris</strong></span> <span class='ocrx_word' id='word_1_850' title='bbox 3594 3785 3607 3816; x_wconf 85' lang='lat'>:</span> 
     </span>
    </p>
   </div>
   <div class='ocr_carea' id='block_1_101' title="bbox 2030 3853 3609 3926">
    <p class='ocr_par' dir='ltr' id='par_1_101' title="bbox 2030 3853 3609 3926">
     <span class='ocr_line' id='line_1_102' title="bbox 2030 3853 3609 3926; baseline -0.003 -16"><span class='ocrx_word' id='word_1_851' title='bbox 2030 3854 2216 3911; x_wconf 87' lang='lat' dir='ltr'><strong>Carius</strong></span> <span class='ocrx_word' id='word_1_852' title='bbox 2242 3865 2323 3909; x_wconf 80' lang='lat' dir='ltr'><strong>est</strong></span> <span class='ocrx_word' id='word_1_853' title='bbox 2362 3863 2636 3926; x_wconf 76' lang='lat' dir='ltr'><strong>argentum</strong></span> <span class='ocrx_word' id='word_1_854' title='bbox 2679 3871 2840 3918; x_wconf 84' lang='lat' dir='ltr'><strong>auro,</strong></span> <span class='ocrx_word' id='word_1_855' title='bbox 2882 3863 2976 3908; x_wconf 84' lang='lat' dir='ltr'><strong>aut</strong></span> <span class='ocrx_word' id='word_1_856' title='bbox 3006 3853 3196 3908; x_wconf 83' lang='lat' dir='ltr'><strong>melius</strong></span> <span class='ocrx_word' id='word_1_857' title='bbox 3224 3865 3305 3908; x_wconf 88' lang='grc' dir='ltr'><strong>εει</strong></span> <span class='ocrx_word' id='word_1_858' title='bbox 3334 3864 3609 3920; x_wconf 79' lang='lat' dir='ltr'><strong>argentum</strong></span> 
     </span>
    </p>
   </div>
   <div class='ocr_carea' id='block_1_102' title="bbox 2031 3946 3608 4017">
    <p class='ocr_par' dir='ltr' id='par_1_102' title="bbox 2031 3946 3608 4017">
     <span class='ocr_line' id='line_1_103' title="bbox 2031 3946 3608 4017; baseline -0.002 -16"><span class='ocrx_word' id='word_1_859' title='bbox 2031 3947 2203 4001; x_wconf 81' lang='lat' dir='ltr'><strong>auro?</strong></span> <span class='ocrx_word' id='word_1_860' title='bbox 2246 3946 2433 4003; x_wconf 78' lang='lat' dir='ltr'><strong>Nonne</strong></span> <span class='ocrx_word' id='word_1_861' title='bbox 2480 3946 2594 4002; x_wconf 73' lang='lat' dir='ltr'><strong>lucc</strong></span> <span class='ocrx_word' id='word_1_862' title='bbox 2634 3947 2938 4002; x_wconf 85' lang='lat' dir='ltr'><strong>clamabunt</strong></span> <span class='ocrx_word' id='word_1_863' title='bbox 2986 3963 2999 3999; x_wconf 90' lang='lat'><strong>:</strong></span> <span class='ocrx_word' id='word_1_864' title='bbox 3048 3946 3266 4011; x_wconf 85' lang='lat' dir='ltr'><strong>lnsatte,</strong></span> <span class='ocrx_word' id='word_1_865' title='bbox 3307 3946 3608 4017; x_wconf 79' lang='lat' dir='ltr'><strong>deciperis;</strong></span> 
     </span>
    </p>
   </div>
   <div class='ocr_carea' id='block_1_103' title="bbox 2032 4035 3611 4107">
    <p class='ocr_par' dir='ltr' id='par_1_103' title="bbox 2032 4035 3611 4107">
     <span class='ocr_line' id='line_1_104' title="bbox 2032 4035 3611 4107; baseline 0 -18"><span class='ocrx_word' id='word_1_866' title='bbox 2032 4036 2156 4106; x_wconf 89' lang='lat' dir='ltr'><strong>quid</strong></span> <span class='ocrx_word' id='word_1_867' title='bbox 2199 4036 2426 4105; x_wconf 83' lang='lat' dir='ltr'><strong>pateris,</strong></span> <span class='ocrx_word' id='word_1_868' title='bbox 2469 4035 2681 4105; x_wconf 87' lang='lat' dir='ltr'><strong>quando</strong></span> <span class='ocrx_word' id='word_1_869' title='bbox 2720 4037 2983 4107; x_wconf 65' lang='lat' dir='ltr'><strong>prmponis</strong></span> <span class='ocrx_word' id='word_1_870' title='bbox 3021 4044 3296 4104; x_wconf 81' lang='lat' dir='ltr'><strong>argentum</strong></span> <span class='ocrx_word' id='word_1_871' title='bbox 3336 4036 3508 4089; x_wconf 81' lang='lat' dir='ltr'><strong>auro?</strong></span> <span class='ocrx_word' id='word_1_872' title='bbox 3548 4036 3611 4089; x_wconf 73' lang='lat' dir='ltr'><strong>Et</strong></span> 
     </span>
    </p>
   </div>
   <div class='ocr_carea' id='block_1_104' title="bbox 2034 4125 3613 4197">
    <p class='ocr_par' dir='ltr' id='par_1_104' title="bbox 2034 4125 3613 4197">
     <span class='ocr_line' id='line_1_105' title="bbox 2034 4125 3613 4197; baseline -0.002 -16"><span class='ocrx_word' id='word_1_873' title='bbox 2034 4142 2192 4181; x_wconf 88' lang='lat' dir='ltr'><strong>nemo</strong></span> <span class='ocrx_word' id='word_1_874' title='bbox 2219 4125 2311 4180; x_wconf 89' lang='lat' dir='ltr'><strong>tibi</strong></span> <span class='ocrx_word' id='word_1_875' title='bbox 2338 4126 2478 4181; x_wconf 87' lang='lat' dir='ltr'><strong>dicet</strong></span> <span class='ocrx_word' id='word_1_876' title='bbox 2509 4143 2523 4180; x_wconf 88' lang='lat'><strong>:</strong></span> <span class='ocrx_word' id='word_1_877' title='bbox 2553 4126 2689 4194; x_wconf 86' lang='lat' dir='ltr'><strong>Quid</strong></span> <span class='ocrx_word' id='word_1_878' title='bbox 2723 4127 2916 4195; x_wconf 79' lang='lat' dir='ltr'><strong>pateris</strong></span> <span class='ocrx_word' id='word_1_879' title='bbox 2938 4168 2955 4191; x_wconf 96' lang='lat'><strong>,</strong></span> <span class='ocrx_word' id='word_1_880' title='bbox 2987 4125 3196 4197; x_wconf 82' lang='lat' dir='ltr'><strong>quando</strong></span> <span class='ocrx_word' id='word_1_881' title='bbox 3229 4128 3492 4196; x_wconf 79' lang='lat' dir='ltr'><strong>pra-ponis</strong></span> <span class='ocrx_word' id='word_1_882' title='bbox 3520 4142 3613 4178; x_wconf 83' lang='lat' dir='ltr'><strong>au-</strong></span> 
     </span>
    </p>
   </div>
   <div class='ocr_carea' id='block_1_105' title="bbox 2037 4216 3616 4285">
    <p class='ocr_par' dir='ltr' id='par_1_105' title="bbox 2037 4216 3616 4285">
     <span class='ocr_line' id='line_1_106' title="bbox 2037 4216 3616 4285; baseline -0.002 -13"><span class='ocrx_word' id='word_1_883' title='bbox 2037 4233 2154 4272; x_wconf 82' lang='lat' dir='ltr'><strong>rum</strong></span> <span class='ocrx_word' id='word_1_884' title='bbox 2198 4217 2342 4272; x_wconf 83' lang='lat' dir='ltr'><strong>Deo?</strong></span> <span class='ocrx_word' id='word_1_885' title='bbox 2370 4216 2680 4283; x_wconf 79' lang='lat' dir='ltr'><strong>Quomodo,</strong></span> <span class='ocrx_word' id='word_1_886' title='bbox 2724 4216 2925 4285; x_wconf 87' lang='lat' dir='ltr'><strong>inquit,</strong></span> <span class='ocrx_word' id='word_1_887' title='bbox 2958 4231 3208 4285; x_wconf 80' lang='lat' dir='ltr'><strong>pra-pono</strong></span> <span class='ocrx_word' id='word_1_888' title='bbox 3250 4232 3434 4270; x_wconf 86' lang='lat' dir='ltr'><strong>aurmn</strong></span> <span class='ocrx_word' id='word_1_889' title='bbox 3469 4217 3616 4269; x_wconf 82' lang='lat' dir='ltr'><strong>Deo?</strong></span> 
     </span>
    </p>
   </div>
   <div class='ocr_carea' id='block_1_106' title="bbox 2036 4305 3611 4378">
    <p class='ocr_par' dir='ltr' id='par_1_106' title="bbox 2036 4305 3611 4378">
     <span class='ocr_line' id='line_1_107' title="bbox 2036 4305 3611 4378; baseline -0.004 -17"><span class='ocrx_word' id='word_1_890' title='bbox 2036 4307 2091 4362; x_wconf 89' lang='lat' dir='ltr'><strong>Si</strong></span> <span class='ocrx_word' id='word_1_891' title='bbox 2123 4308 2262 4363; x_wconf 86' lang='lat' dir='ltr'><strong>enim</strong></span> <span class='ocrx_word' id='word_1_892' title='bbox 2295 4323 2388 4376; x_wconf 83' lang='lat' dir='ltr'><strong>per</strong></span> <span class='ocrx_word' id='word_1_893' title='bbox 2411 4306 2689 4378; x_wconf 86' lang='lat' dir='ltr'><strong>quamdam</strong></span> <span class='ocrx_word' id='word_1_894' title='bbox 2717 4305 3037 4361; x_wconf 87' lang='lat' dir='ltr'><strong>dementiam</strong></span> <span class='ocrx_word' id='word_1_895' title='bbox 3068 4320 3403 4376; x_wconf 58' lang='lat' dir='ltr'><strong>pra-posuero</strong></span> <span class='ocrx_word' id='word_1_896' title='bbox 3426 4324 3611 4375; x_wconf 68' lang='lat' dir='ltr'><strong>angeli-</strong></span> 
     </span>
    </p>
   </div>
   <div class='ocr_carea' id='block_1_107' title="bbox 2037 4396 3616 4466">
    <p class='ocr_par' dir='ltr' id='par_1_107' title="bbox 2037 4396 3616 4466">
     <span class='ocr_line' id='line_1_108' title="bbox 2037 4396 3616 4466; baseline -0.006 -10"><span class='ocrx_word' id='word_1_897' title='bbox 2037 4410 2148 4456; x_wconf 89' lang='lat' dir='ltr'><strong>tum</strong></span> <span class='ocrx_word' id='word_1_898' title='bbox 2172 4414 2328 4462; x_wconf 83' lang='lat' dir='ltr'><strong>auro,</strong></span> <span class='ocrx_word' id='word_1_899' title='bbox 2358 4397 2477 4453; x_wconf 87' lang='lat' dir='ltr'><strong>ideo</strong></span> <span class='ocrx_word' id='word_1_900' title='bbox 2499 4396 2721 4452; x_wconf 86' lang='lat' dir='ltr'><strong>demens</strong></span> <span class='ocrx_word' id='word_1_901' title='bbox 2744 4396 2912 4463; x_wconf 89' lang='lat' dir='ltr'><strong>dicor,</strong></span> <span class='ocrx_word' id='word_1_902' title='bbox 2941 4397 3061 4466; x_wconf 88' lang='lat' dir='ltr'><strong>quia</strong></span> <span class='ocrx_word' id='word_1_903' title='bbox 3089 4397 3159 4451; x_wconf 89' lang='lat' dir='ltr'><strong>de</strong></span> <span class='ocrx_word' id='word_1_904' title='bbox 3181 4396 3382 4451; x_wconf 83' lang='lat' dir='ltr'><strong>duabus</strong></span> <span class='ocrx_word' id='word_1_905' title='bbox 3407 4399 3616 4465; x_wconf 73' lang='lat' dir='ltr'><strong>specie-</strong></span> 
     </span>
    </p>
   </div>
   <div class='ocr_carea' id='block_1_108' title="bbox 2038 4488 3617 4563">
    <p class='ocr_par' dir='ltr' id='par_1_108' title="bbox 2038 4488 3617 4563">
     <span class='ocr_line' id='line_1_109' title="bbox 2038 4488 3617 4563; baseline -0.003 -14"><span class='ocrx_word' id='word_1_906' title='bbox 2038 4495 2138 4549; x_wconf 88' lang='lat' dir='ltr'><strong>bus</strong></span> <span class='ocrx_word' id='word_1_907' title='bbox 2161 4535 2175 4560; x_wconf 88' lang='lat'><strong>,</strong></span> <span class='ocrx_word' id='word_1_908' title='bbox 2216 4506 2347 4563; x_wconf 86' lang='lat' dir='ltr'><strong>quas</strong></span> <span class='ocrx_word' id='word_1_909' title='bbox 2374 4490 2557 4544; x_wconf 86' lang='lat' dir='ltr'><strong>ambas</strong></span> <span class='ocrx_word' id='word_1_910' title='bbox 2598 4488 2752 4543; x_wconf 86' lang='lat' dir='ltr'><strong>video</strong></span> <span class='ocrx_word' id='word_1_911' title='bbox 2775 4530 2790 4554; x_wconf 94' lang='lat'><strong>,</strong></span> <span class='ocrx_word' id='word_1_912' title='bbox 2822 4504 2954 4559; x_wconf 84' lang='lat' dir='ltr'><strong>quas</strong></span> <span class='ocrx_word' id='word_1_913' title='bbox 2996 4488 3179 4543; x_wconf 83' lang='lat' dir='ltr'><strong>ambas</strong></span> <span class='ocrx_word' id='word_1_914' title='bbox 3220 4488 3443 4554; x_wconf 85' lang='lat' dir='ltr'><strong>intueor,</strong></span> <span class='ocrx_word' id='word_1_915' title='bbox 3480 4506 3617 4558; x_wconf 81' lang='lat' dir='ltr'><strong>quas</strong></span> 
     </span>
    </p>
   </div>
   <div class='ocr_carea' id='block_1_109' title="bbox 2038 4582 3613 4654">
    <p class='ocr_par' dir='ltr' id='par_1_109' title="bbox 2038 4582 3613 4654">
     <span class='ocr_line' id='line_1_110' title="bbox 2038 4582 3613 4654; baseline -0.001 -15"><span class='ocrx_word' id='word_1_916' title='bbox 2038 4585 2222 4640; x_wconf 85' lang='lat' dir='ltr'><strong>ambas</strong></span> <span class='ocrx_word' id='word_1_917' title='bbox 2267 4600 2424 4638; x_wconf 81' lang='lat' dir='ltr'><strong>manu</strong></span> <span class='ocrx_word' id='word_1_918' title='bbox 2462 4593 2772 4650; x_wconf 83' lang='lat' dir='ltr'><strong>contrecto,</strong></span> <span class='ocrx_word' id='word_1_919' title='bbox 2801 4597 3052 4654; x_wconf 70' lang='lat' dir='ltr'><strong>praepono</strong></span> <span class='ocrx_word' id='word_1_920' title='bbox 3096 4582 3339 4636; x_wconf 70' lang='lat' dir='ltr'><strong>viliorem“</strong></span> <span class='ocrx_word' id='word_1_921' title='bbox 3374 4583 3613 4637; x_wconf 88' lang='lat' dir='ltr'><strong>cariori:</strong></span> 
     </span>
    </p>
   </div>
   <div class='ocr_carea' id='block_1_110' title="bbox 2039 4674 3620 4747">
    <p class='ocr_par' dir='ltr' id='par_1_110' title="bbox 2039 4674 3620 4747">
     <span class='ocr_line' id='line_1_111' title="bbox 2039 4674 3620 4747; baseline -0.003 -14"><span class='ocrx_word' id='word_1_922' title='bbox 2039 4693 2226 4733; x_wconf 84' lang='lat' dir='ltr'><strong>aurum</strong></span> <span class='ocrx_word' id='word_1_923' title='bbox 2270 4678 2374 4731; x_wconf 86' lang='lat' dir='ltr'><strong>Deo</strong></span> <span class='ocrx_word' id='word_1_924' title='bbox 2403 4676 2669 4747; x_wconf 89' lang='lat' dir='ltr'><strong>quomodo</strong></span> <span class='ocrx_word' id='word_1_925' title='bbox 2706 4676 2988 4746; x_wconf 65' lang='lat' dir='ltr'><strong>pra&#39;pono?</strong></span> <span class='ocrx_word' id='word_1_926' title='bbox 3016 4690 3203 4729; x_wconf 88' lang='lat' dir='ltr'><strong>aurum</strong></span> <span class='ocrx_word' id='word_1_927' title='bbox 3234 4674 3415 4738; x_wconf 84' lang='lat' dir='ltr'><strong>video,</strong></span> <span class='ocrx_word' id='word_1_928' title='bbox 3451 4674 3620 4730; x_wconf 80' lang='lat' dir='ltr'><strong>Deum</strong></span> 
     </span>
    </p>
   </div>
   <div class='ocr_carea' id='block_1_111' title="bbox 2042 4765 3620 4835">
    <p class='ocr_par' dir='ltr' id='par_1_111' title="bbox 2042 4765 3620 4835">
     <span class='ocr_line' id='line_1_112' title="bbox 2042 4765 3620 4835; baseline -0.004 -10"><span class='ocrx_word' id='word_1_929' title='bbox 2042 4786 2145 4825; x_wconf 89' lang='lat' dir='ltr'><strong>non</strong></span> <span class='ocrx_word' id='word_1_930' title='bbox 2166 4769 2340 4825; x_wconf 88' lang='lat' dir='ltr'><strong>video.</strong></span> <span class='ocrx_word' id='word_1_931' title='bbox 2370 4769 2478 4825; x_wconf 80' lang='lat' dir='ltr'><strong>Nec</strong></span> <span class='ocrx_word' id='word_1_932' title='bbox 2508 4768 2630 4825; x_wconf 83' lang='lat' dir='ltr'><strong>hinc</strong></span> <span class='ocrx_word' id='word_1_933' title='bbox 2658 4777 2708 4823; x_wconf 88' lang='lat' dir='ltr'><strong>te</strong></span> <span class='ocrx_word' id='word_1_934' title='bbox 2731 4767 3028 4822; x_wconf 77' lang='lat' dir='ltr'><strong>exeusabis.</strong></span> <span class='ocrx_word' id='word_1_935' title='bbox 3054 4765 3228 4835; x_wconf 83' lang='lat' dir='ltr'><strong>Quare</strong></span> <span class='ocrx_word' id='word_1_936' title='bbox 3250 4781 3398 4821; x_wconf 85' lang='lat' dir='ltr'><strong>amas</strong></span> <span class='ocrx_word' id='word_1_937' title='bbox 3424 4781 3620 4835; x_wconf 75' lang='lat' dir='ltr'><strong>argen-</strong></span> 
     </span>
    </p>
   </div>
   <div class='ocr_carea' id='block_1_112' title="bbox 2042 4857 3620 4931">
    <p class='ocr_par' dir='ltr' id='par_1_112' title="bbox 2042 4857 3620 4931">
     <span class='ocr_line' id='line_1_113' title="bbox 2042 4857 3620 4931; baseline -0.001 -15"><span class='ocrx_word' id='word_1_938' title='bbox 2042 4861 2346 4929; x_wconf 85' lang='lat' dir='ltr'><strong>tum?Quia</strong></span> <span class='ocrx_word' id='word_1_939' title='bbox 2380 4877 2560 4916; x_wconf 86' lang='lat' dir='ltr'><strong>earum</strong></span> <span class='ocrx_word' id='word_1_940' title='bbox 2604 4869 2718 4925; x_wconf 89' lang='lat' dir='ltr'><strong>est,</strong></span> <span class='ocrx_word' id='word_1_941' title='bbox 2770 4859 2892 4931; x_wconf 89' lang='lat' dir='ltr'><strong>quia</strong></span> <span class='ocrx_word' id='word_1_942' title='bbox 2933 4868 3058 4914; x_wconf 80' lang='lat' dir='ltr'><strong>caro</strong></span> <span class='ocrx_word' id='word_1_943' title='bbox 3096 4858 3253 4913; x_wconf 88' lang='lat' dir='ltr'><strong>valet.</strong></span> <span class='ocrx_word' id='word_1_944' title='bbox 3297 4858 3472 4926; x_wconf 82' lang='lat' dir='ltr'><strong>Quare</strong></span> <span class='ocrx_word' id='word_1_945' title='bbox 3500 4857 3620 4928; x_wconf 79' lang='lat' dir='ltr'><strong>plus</strong></span> 
     </span>
    </p>
   </div>
   <div class='ocr_carea' id='block_1_113' title="bbox 2044 4953 3618 5023">
    <p class='ocr_par' dir='ltr' id='par_1_113' title="bbox 2044 4953 3618 5023">
     <span class='ocr_line' id='line_1_114' title="bbox 2044 4953 3618 5023; baseline -0.003 -15"><span class='ocrx_word' id='word_1_946' title='bbox 2044 4954 2270 5008; x_wconf 85' lang='lat' dir='ltr'><strong>aurum?</strong></span> <span class='ocrx_word' id='word_1_947' title='bbox 2295 4954 2425 5023; x_wconf 86' lang='lat' dir='ltr'><strong>Quia</strong></span> <span class='ocrx_word' id='word_1_948' title='bbox 2443 4953 2617 5008; x_wconf 85' lang='lat' dir='ltr'><strong>carius</strong></span> <span class='ocrx_word' id='word_1_949' title='bbox 2641 4960 2740 5008; x_wconf 88' lang='lat' dir='ltr'><strong>est.</strong></span> <span class='ocrx_word' id='word_1_950' title='bbox 2765 4954 3048 5022; x_wconf 81' lang='lat' dir='ltr'><strong>Argentum</strong></span> <span class='ocrx_word' id='word_1_951' title='bbox 3079 4967 3282 5017; x_wconf 85' lang='lat' dir='ltr'><strong>carum,</strong></span> <span class='ocrx_word' id='word_1_952' title='bbox 3310 4966 3499 5005; x_wconf 89' lang='lat' dir='ltr'><strong>aurum</strong></span> <span class='ocrx_word' id='word_1_953' title='bbox 3525 4966 3618 5005; x_wconf 64' lang='grc' dir='ltr'>εει</span> 
     </span>
    </p>
   </div>
   <div class='ocr_carea' id='block_1_114' title="bbox 2046 5044 2892 5112">
    <p class='ocr_par' dir='ltr' id='par_1_114' title="bbox 2046 5044 2892 5112">
     <span class='ocr_line' id='line_1_115' title="bbox 2046 5044 2892 5112; baseline -0.006 -12"><span class='ocrx_word' id='word_1_954' title='bbox 2046 5044 2156 5100; x_wconf 83' lang='grc' dir='ltr'>ι·ἰιιε</span> <span class='ocrx_word' id='word_1_955' title='bbox 2185 5063 2199 5099; x_wconf 91' lang='lat'>:</span> <span class='ocrx_word' id='word_1_956' title='bbox 2234 5045 2372 5098; x_wconf 86' lang='lat' dir='ltr'><strong>Deus</strong></span> <span class='ocrx_word' id='word_1_957' title='bbox 2397 5045 2506 5112; x_wconf 88' lang='lat' dir='ltr'><strong>ipsa</strong></span> <span class='ocrx_word' id='word_1_958' title='bbox 2536 5044 2764 5097; x_wconf 77' lang='lat' dir='ltr'><strong>Charitas</strong></span> <span class='ocrx_word' id='word_1_959' title='bbox 2792 5051 2892 5098; x_wconf 83' lang='lat' dir='ltr'><strong>est.</strong></span> 
     </span>
    </p>
   </div>
   <div class='ocr_carea' id='block_1_115' title="bbox 2117 5133 3619 5205">
    <p class='ocr_par' dir='ltr' id='par_1_115' title="bbox 2117 5133 3619 5205">
     <span class='ocr_line' id='line_1_116' title="bbox 2117 5133 3619 5205; baseline -0.005 -12"><span class='ocrx_word' id='word_1_960' title='bbox 2117 5138 2169 5193; x_wconf 86' lang='lat'><strong>5.</strong></span> <span class='ocrx_word' id='word_1_961' title='bbox 2197 5135 2349 5190; x_wconf 79' lang='lat' dir='ltr'><strong>Fides</strong></span> <span class='ocrx_word' id='word_1_962' title='bbox 2378 5137 2440 5188; x_wconf 78' lang='lat' dir='ltr'><strong>ab</strong></span> <span class='ocrx_word' id='word_1_963' title='bbox 2465 5134 2718 5197; x_wconf 81' lang='lat' dir='ltr'><strong>ontuibus,</strong></span> <span class='ocrx_word' id='word_1_964' title='bbox 2749 5135 2839 5188; x_wconf 79' lang='lat' dir='ltr'><strong>etsi</strong></span> <span class='ocrx_word' id='word_1_965' title='bbox 2858 5138 2989 5205; x_wconf 75' lang='lat' dir='ltr'><strong>forte</strong></span> <span class='ocrx_word' id='word_1_966' title='bbox 3006 5151 3106 5187; x_wconf 74' lang='lat' dir='ltr'><strong>non</strong></span> <span class='ocrx_word' id='word_1_967' title='bbox 3132 5135 3344 5197; x_wconf 69' lang='lat' dir='ltr'><strong>videtur,</strong></span> <span class='ocrx_word' id='word_1_968' title='bbox 3370 5133 3619 5205; x_wconf 72' lang='lat' dir='ltr'><strong>diligitur.</strong></span> 
     </span>
    </p>
   </div>
   <div class='ocr_carea' id='block_1_116' title="bbox 2048 5214 3626 5296">
    <p class='ocr_par' dir='ltr' id='par_1_116' title="bbox 2048 5214 3626 5296">
     <span class='ocr_line' id='line_1_117' title="bbox 2048 5214 3626 5296; baseline -0.005 -13"><span class='ocrx_word' id='word_1_969' title='bbox 2048 5228 2188 5283; x_wconf 86' lang='lat' dir='ltr'><strong>Ecce</strong></span> <span class='ocrx_word' id='word_1_970' title='bbox 2236 5226 2433 5296; x_wconf 87' lang='lat' dir='ltr'><strong>aliquid</strong></span> <span class='ocrx_word' id='word_1_971' title='bbox 2484 5224 2657 5279; x_wconf 85' lang='lat' dir='ltr'><strong>dicam</strong></span> <span class='ocrx_word' id='word_1_972' title='bbox 2711 5215 2944 5279; x_wconf 84' lang='lat' dir='ltr'><strong>muneris</strong></span> <span class='ocrx_word' id='word_1_973' title='bbox 2972 5224 3085 5289; x_wconf 87' lang='lat' dir='ltr'><strong>Dei,</strong></span> <span class='ocrx_word' id='word_1_974' title='bbox 3108 5236 3167 5280; x_wconf 89' lang='lat' dir='ltr'><strong>ut</strong></span> <span class='ocrx_word' id='word_1_975' title='bbox 3207 5214 3363 5281; x_wconf 84' lang='lat' dir='ltr'><strong>citius</strong></span> <span class='ocrx_word' id='word_1_976' title='bbox 3403 5233 3455 5278; x_wconf 87' lang='lat' dir='ltr'><strong>te</strong></span> <span class='ocrx_word' id='word_1_977' title='bbox 3493 5238 3626 5277; x_wconf 81' lang='lat' dir='ltr'><strong>eon-</strong></span> 
     </span>
    </p>
   </div>
   <div class='ocr_carea' id='block_1_117' title="bbox 2049 5316 3625 5388">
    <p class='ocr_par' dir='ltr' id='par_1_117' title="bbox 2049 5316 3625 5388">
     <span class='ocr_line' id='line_1_118' title="bbox 2049 5316 3625 5388; baseline -0.001 -15"><span class='ocrx_word' id='word_1_978' title='bbox 2049 5321 2287 5384; x_wconf 81' lang='lat' dir='ltr'><strong>vineam,</strong></span> <span class='ocrx_word' id='word_1_979' title='bbox 2332 5318 2600 5388; x_wconf 85' lang='lat' dir='ltr'><strong>quomodo</strong></span> <span class='ocrx_word' id='word_1_980' title='bbox 2646 5317 2912 5386; x_wconf 55' lang='lat' dir='ltr'><strong>pra-[mnis</strong></span> <span class='ocrx_word' id='word_1_981' title='bbox 2952 5333 3138 5370; x_wconf 85' lang='lat' dir='ltr'><strong>aurum</strong></span> <span class='ocrx_word' id='word_1_982' title='bbox 3187 5318 3325 5380; x_wconf 83' lang='lat' dir='ltr'><strong>Deo;</strong></span> <span class='ocrx_word' id='word_1_983' title='bbox 3379 5316 3625 5385; x_wconf 79' lang='lat' dir='ltr'><strong>quamvis</strong></span> 
     </span>
    </p>
   </div>
   <div class='ocr_carea' id='block_1_118' title="bbox 2048 5406 3631 5475">
    <p class='ocr_par' dir='ltr' id='par_1_118' title="bbox 2048 5406 3631 5475">
     <span class='ocr_line' id='line_1_119' title="bbox 2048 5406 3631 5475; baseline -0.006 -7"><span class='ocrx_word' id='word_1_984' title='bbox 2048 5427 2236 5468; x_wconf 80' lang='lat' dir='ltr'><strong>aurum</strong></span> <span class='ocrx_word' id='word_1_985' title='bbox 2265 5409 2445 5465; x_wconf 76' lang='lat' dir='ltr'><strong>videas</strong></span> <span class='ocrx_word' id='word_1_986' title='bbox 2466 5450 2481 5475; x_wconf 94' lang='lat'><strong>,</strong></span> <span class='ocrx_word' id='word_1_987' title='bbox 2514 5409 2675 5464; x_wconf 83' lang='lat' dir='ltr'><strong>Deum</strong></span> <span class='ocrx_word' id='word_1_988' title='bbox 2703 5426 2805 5462; x_wconf 81' lang='lat' dir='ltr'><strong>tum</strong></span> <span class='ocrx_word' id='word_1_989' title='bbox 2833 5409 3045 5473; x_wconf 84' lang='lat' dir='ltr'><strong>videas;</strong></span> <span class='ocrx_word' id='word_1_990' title='bbox 3072 5417 3125 5463; x_wconf 84' lang='lat' dir='ltr'><strong>et</strong></span> <span class='ocrx_word' id='word_1_991' title='bbox 3156 5407 3274 5464; x_wconf 87' lang='lat' dir='ltr'><strong>ideo</strong></span> <span class='ocrx_word' id='word_1_992' title='bbox 3297 5406 3388 5464; x_wconf 87' lang='lat' dir='ltr'><strong>tibi</strong></span> <span class='ocrx_word' id='word_1_993' title='bbox 3412 5424 3521 5463; x_wconf 81' lang='lat' dir='ltr'><strong>nor.</strong></span> <span class='ocrx_word' id='word_1_994' title='bbox 3549 5408 3631 5460; x_wconf 86' lang='lat' dir='ltr'><strong>vi—</strong></span> 
     </span>
    </p>
   </div>
   <div class='ocr_carea' id='block_1_119' title="bbox 2048 5502 3624 5575">
    <p class='ocr_par' dir='ltr' id='par_1_119' title="bbox 2048 5502 3624 5575">
     <span class='ocr_line' id='line_1_120' title="bbox 2048 5502 3624 5575; baseline -0.004 -14"><span class='ocrx_word' id='word_1_995' title='bbox 2048 5505 2227 5562; x_wconf 85' lang='lat' dir='ltr'><strong>dearis</strong></span> <span class='ocrx_word' id='word_1_996' title='bbox 2252 5519 2591 5575; x_wconf 69' lang='lat' dir='ltr'><strong>prmpenere,</strong></span> <span class='ocrx_word' id='word_1_997' title='bbox 2618 5503 2740 5573; x_wconf 88' lang='lat' dir='ltr'><strong>quia</strong></span> <span class='ocrx_word' id='word_1_998' title='bbox 2782 5502 2907 5557; x_wconf 78' lang='lat' dir='ltr'><strong>velit</strong></span> <span class='ocrx_word' id='word_1_999' title='bbox 2955 5518 3113 5556; x_wconf 84' lang='lat' dir='ltr'><strong>nemo</strong></span> <span class='ocrx_word' id='word_1_1000' title='bbox 3160 5515 3472 5571; x_wconf 69' lang='lat' dir='ltr'><strong>praepetum</strong></span> <span class='ocrx_word' id='word_1_1001' title='bbox 3508 5514 3624 5555; x_wconf 83' lang='lat' dir='ltr'><strong>tetu</strong></span> 
     </span>
    </p>
   </div>
   <div class='ocr_carea' id='block_1_120' title="bbox 2049 5592 3626 5666">
    <p class='ocr_par' dir='ltr' id='par_1_120' title="bbox 2049 5592 3626 5666">
     <span class='ocr_line' id='line_1_121' title="bbox 2049 5592 3626 5666; baseline 0 -17"><span class='ocrx_word' id='word_1_1002' title='bbox 2049 5610 2206 5666; x_wconf 83' lang='lat' dir='ltr'><strong>quam</strong></span> <span class='ocrx_word' id='word_1_1003' title='bbox 2233 5595 2375 5649; x_wconf 81' lang='lat' dir='ltr'><strong>videt</strong></span> <span class='ocrx_word' id='word_1_1004' title='bbox 2398 5595 2445 5649; x_wconf 89' lang='lat' dir='ltr'><strong>ei</strong></span> <span class='ocrx_word' id='word_1_1005' title='bbox 2475 5594 2549 5649; x_wconf 79' lang='lat' dir='ltr'><strong>rei</strong></span> <span class='ocrx_word' id='word_1_1006' title='bbox 2577 5609 2732 5663; x_wconf 84' lang='lat' dir='ltr'><strong>quam</strong></span> <span class='ocrx_word' id='word_1_1007' title='bbox 2763 5608 2866 5647; x_wconf 89' lang='lat' dir='ltr'><strong>non</strong></span> <span class='ocrx_word' id='word_1_1008' title='bbox 2911 5592 3068 5647; x_wconf 83' lang='lat' dir='ltr'><strong>videt.</strong></span> <span class='ocrx_word' id='word_1_1009' title='bbox 3101 5593 3236 5647; x_wconf 77' lang='lat' dir='ltr'><strong>Ecce</strong></span> <span class='ocrx_word' id='word_1_1010' title='bbox 3260 5592 3456 5661; x_wconf 86' lang='lat' dir='ltr'><strong>aliquid</strong></span> <span class='ocrx_word' id='word_1_1011' title='bbox 3483 5592 3626 5649; x_wconf 65' lang='lat' dir='ltr'><strong>diu».</strong></span> 
     </span>
    </p>
   </div>
   <div class='ocr_carea' id='block_1_121' title="bbox 2051 5682 3628 5756">
    <p class='ocr_par' dir='ltr' id='par_1_121' title="bbox 2051 5682 3628 5756">
     <span class='ocr_line' id='line_1_122' title="bbox 2051 5682 3628 5756; baseline -0.003 -13"><span class='ocrx_word' id='word_1_1012' title='bbox 2051 5688 2186 5756; x_wconf 84' lang='lat' dir='ltr'><strong>Quid</strong></span> <span class='ocrx_word' id='word_1_1013' title='bbox 2233 5688 2324 5742; x_wconf 87' lang='lat' dir='ltr'><strong>tibi</strong></span> <span class='ocrx_word' id='word_1_1014' title='bbox 2371 5686 2610 5742; x_wconf 87' lang='lat' dir='ltr'><strong>videtur?</strong></span> <span class='ocrx_word' id='word_1_1015' title='bbox 2654 5682 2784 5740; x_wconf 69' lang='lat' dir='ltr'><strong>ﬁdes</strong></span> <span class='ocrx_word' id='word_1_1016' title='bbox 2830 5699 3102 5755; x_wconf 78' lang='lat' dir='ltr'><strong>argentum</strong></span> <span class='ocrx_word' id='word_1_1017' title='bbox 3135 5685 3257 5737; x_wconf 64' lang='lat' dir='ltr'><strong>est?</strong></span> <span class='ocrx_word' id='word_1_1018' title='bbox 3296 5701 3480 5739; x_wconf 80' lang='lat' dir='ltr'><strong>aurmn</strong></span> <span class='ocrx_word' id='word_1_1019' title='bbox 3510 5687 3628 5739; x_wconf 67' lang='lat' dir='ltr'><strong>est?</strong></span> 
     </span>
    </p>
   </div>
   <div class='ocr_carea' id='block_1_122' title="bbox 2055 5773 3630 5848">
    <p class='ocr_par' dir='ltr' id='par_1_122' title="bbox 2055 5773 3630 5848">
     <span class='ocr_line' id='line_1_123' title="bbox 2055 5773 3630 5848; baseline -0.003 -13"><span class='ocrx_word' id='word_1_1020' title='bbox 2055 5794 2302 5836; x_wconf 85' lang='lat' dir='ltr'><strong>nummus</strong></span> <span class='ocrx_word' id='word_1_1021' title='bbox 2328 5779 2446 5835; x_wconf 81' lang='lat' dir='ltr'><strong>est?</strong></span> <span class='ocrx_word' id='word_1_1022' title='bbox 2470 5793 2630 5848; x_wconf 79' lang='lat' dir='ltr'><strong>pecus</strong></span> <span class='ocrx_word' id='word_1_1023' title='bbox 2655 5780 2770 5831; x_wconf 81' lang='lat' dir='ltr'><strong>est?</strong></span> <span class='ocrx_word' id='word_1_1024' title='bbox 2799 5788 2935 5831; x_wconf 62' lang='lat' dir='ltr'><strong>terra</strong></span> <span class='ocrx_word' id='word_1_1025' title='bbox 2969 5778 3085 5832; x_wconf 79' lang='lat' dir='ltr'><strong>est?</strong></span> <span class='ocrx_word' id='word_1_1026' title='bbox 3113 5779 3303 5831; x_wconf 73' lang='grc' dir='ltr'>ιαἰιιιιι</span> <span class='ocrx_word' id='word_1_1027' title='bbox 3331 5777 3453 5831; x_wconf 78' lang='lat' dir='ltr'><strong>est?</strong></span> <span class='ocrx_word' id='word_1_1028' title='bbox 3487 5773 3630 5831; x_wconf 71' lang='lat' dir='ltr'><strong>Nihil</strong></span> 
     </span>
    </p>
   </div>
  </div>
