4076 6198
485 361 585 414 HS

479 477 668 526 laurum
705 480 813 534 est,
843 479 889 524 ct
922 478 1094 521 tamen
1125 466 1320 537 aliquid
1357 476 1454 521 est.
1491 466 1605 520 Non
1632 475 1834 519 tantum
1863 467 2060 536 aliquid

475 580 589 631 est,
620 564 712 618 sed
741 579 986 630 magnum
1025 571 1106 614 est
1143 559 1357 627 aliquid.
1389 557 1602 612 Interim
1643 573 1746 612 non
1787 558 1973 626 loquor
1996 558 2062 612 de

476 657 582 714 litie
609 656 697 710 illa
738 654 1014 724 superiore
1037 693 1051 715 ,
1087 668 1187 720 qua
1234 650 1404 703 ﬁdelis
1433 649 1671 714 vocaris,
1717 648 1973 703 accmieus
1998 649 2063 701 ad

476 762 718 801 mensam
748 743 952 796 Domini
984 742 1057 794 tui
1082 782 1096 804 ,
1127 739 1455 809 respondens
1481 755 1544 794 ex
1574 739 1675 793 lide
1703 739 1861 793 verba
1890 739 2007 792 lidei
2048 760 2059 791 :

477 839 690 892 interim
738 834 874 887 lianc
917 832 1215 886 snbmovco-
1249 830 1535 901 paulisper.
1584 829 1658 884 De
1703 830 1788 883 ilia
1835 829 1938 883 llde
1983 830 2061 882 lu-

475 945 630 996 qnar,
659 940 780 996 quae
807 923 962 992 vulgo
990 924 1148 977 etiam
1178 920 1310 976 fides
1331 921 1525 976 dicitur
1557 938 1570 974 :
1601 937 1706 974 non
1751 936 1908 990 quam
1952 937 2062 974 ma-

474 1035 633 1084 gnam
660 1017 756 1071 tibi
787 1015 1012 1084 imperat
1052 1015 1191 1068 Deus
1233 1022 1385 1076 tuus,
1416 1013 1508 1068 sed
1535 1028 1696 1082 quam
1733 1023 1786 1066 tu
1826 1013 1992 1081 exigis
2032 1029 2060 1066 a

475 1127 634 1164 servo
679 1120 788 1164 tuo.
835 1107 1006 1175 Ipsam
1047 1105 1202 1168 dico,
1250 1105 1378 1174 quia
1412 1113 1467 1158 et
1509 1105 1675 1174 ipsam
1721 1105 1945 1172 imperat
1971 1103 2061 1157 tibi

480 1204 733 1256 Dominus
770 1209 926 1261 tuus,
982 1213 1048 1251 ne
1093 1196 1336 1264 cuiquam
1379 1195 1616 1250 fraudem
1665 1195 1858 1262 facias,
1905 1195 2061 1250 tidem

473 1308 662 1347 serves
709 1293 760 1345 in
805 1289 1052 1358 negotio,
1106 1289 1261 1341 tidem
1306 1302 1487 1343 serves
1529 1288 1678 1342 uxori
1708 1288 1762 1342 in
1805 1287 1964 1344 lecto.
1997 1288 2063 1342 Et

480 1386 619 1438 lianc
643 1383 734 1437 tibi
760 1381 918 1435 ﬁdem
941 1380 1165 1448 imperat
1188 1379 1323 1432 Deus
1342 1387 1482 1432 tuus.
1505 1377 1640 1444 Quid
1666 1387 1748 1433 est
1773 1377 1905 1433 ﬁdes
1924 1379 2063 1433 ista?

482 1480 640 1531 (ιω-ιε
667 1490 781 1529 eam
828 1489 935 1526 non
974 1471 1122 1526 vides
1155 1489 1166 1524 :
1214 1470 1257 1525 si
1305 1486 1413 1524 non
1441 1469 1621 1533 vides,
1662 1485 1826 1538 quare
1854 1469 2063 1538 quando

483 1569 576 1621 tibi
605 1568 860 1636 {iaiigitur
887 1563 1118 1618 clamas?
1142 1563 1387 1616 Clamore
1419 1573 1507 1615 tuo
1535 1561 1794 1616 convinco
1817 1560 1956 1630 quod
1987 1562 2065 1614 \i-

476 1662 628 1713 dcas.
658 1657 878 1712 Dicebas
919 1673 931 1708 :
978 1653 1254 1722 Quomodo
1289 1669 1475 1706 aurum
1517 1653 1623 1706 Deo
1653 1652 1940 1721 pra-pono?
1965 1665 2061 1704 au-

479 1768 600 1804 rum
631 1749 810 1814 video,
841 1747 1004 1802 Deum
1046 1760 1148 1798 nou
1186 1744 1358 1798 video.
1389 1743 1526 1797 Ecce
1557 1758 1742 1795 aurum
1783 1741 1927 1795 vides
1949 1782 1963 1806 ,
1999 1741 2062 1793 li-

477 1842 600 1894 dcm
635 1856 738 1893 non
760 1838 926 1891 vides.
955 1838 1034 1890 Au
1064 1833 1203 1904 quod
1229 1834 1403 1888 verius
1429 1841 1540 1894 est,
1578 1832 1733 1885 iidem
1765 1830 1944 1894 vides;
1968 1821 2059 1884 sed

475 1934 690 2004 «plaudo
719 1931 919 2000 exigis,
961 1927 1108 1982 vides
1136 1927 1304 1989 illam;
1350 1924 1559 1994 quando
1601 1924 1669 1978 de
1718 1936 1776 1978 te
1811 1923 2055 1991 exigitur.

477 2041 584 2076 tum
619 2024 694 2075 vis
723 2036 839 2075 eam
861 2017 1082 2072 videre?
1103 2016 1314 2085 Apertis
1343 2014 1511 2067 oculis
1539 2013 1736 2067 clamas
1755 2052 1772 2076 ,
1803 2011 1984 2064 Redde
2010 2013 2064 2063 li-

473 2117 598 2168 dem
628 2126 786 2180 quam
837 2107 1121 2178 promisisti
1154 2123 1166 2160 :
1199 2106 1394 2160 clausis
1436 2103 1603 2157 oculis
1639 2102 1838 2156 clamas
1863 2142 1877 2165 ,
1921 2101 2057 2154 Nihil

478 2208 571 2260 tibi
599 2203 835 2275 promisi.
872 2203 924 2255 lu
963 2211 1186 2269 utroque
1220 2197 1402 2252 oculos
1425 2196 1593 2266 aperi.
1627 2195 1834 2263 Inique,
1868 2194 1972 2248 nuli
2003 2197 2060 2245 ti-

473 2302 636 2359 dem,
680 2294 772 2349 sed
822 2293 990 2362 ipsam
1033 2289 1362 2358 iniquitatem
1405 2287 1626 2355 perdere
1659 2302 1671 2337 :
1709 2285 1848 2355 quod
1893 2285 2060 2353 exigis

475 2387 661 2442 l'cdtlc.

549 2478 603 2530 ϐ.
635 2475 787 2528 Fides
827 2475 878 2526 in
911 2487 1050 2525 seruo
1077 2470 1369 2523 honoratur.
1415 2450 1652 2522 Servum
1682 2479 1827 2519 tuum
1871 2481 2056 2518 mauu-

479 2568 796 2624 mittendum
827 2580 984 2619 manu
1028 2563 1177 2616 ducis
1208 2563 1257 2614 in
1299 2559 1589 2614 Ecclesium
1623 2558 1720 2628 (τι).
1770 2557 1854 2611 Fit
1895 2558 2056 2611 silen-

478 2663 646 2722 tium,
681 2656 890 2711 libellus
918 2663 1035 2707 tuus
1064 2654 1334 2714 recitatur,
1365 2659 1455 2702 aut
1486 2648 1542 2702 lit
1565 2646 1814 2702 desiderii
1845 2648 1919 2701 tui
1947 2663 2060 2716 pro-

475 2748 704 2803 secutio.
735 2746 875 2800 Dicis
918 2754 968 2799 te
993 2757 1205 2796 servum
1252 2740 1656 2803 manumittere,
1685 2737 1822 2807 quod
1869 2738 1960 2792 tibi
2005 2738 2055 2792 in

475 2839 727 2890 uiiiiiibus
753 2833 1044 2888 servam-rit
1084 2831 1258 2885 iidem.
1293 2829 1402 2883 lloc
1427 2827 1603 2896 diligis
1624 2867 1639 2893 ,
1666 2828 1765 2881 hoc
1791 2827 2020 2881 hunoras
2040 2869 2054 2891 ,

476 2930 578 2983 hoc
605 2927 771 2981 donas
803 2924 1018 2993 praemio
1045 2921 1300 2976 libertatis
1333 2937 1347 2973 :
1378 2918 1630 2988 quidquid
1667 2927 1850 2989 potes,
1885 2918 2054 2984 facis;

475 3018 883 3076 facisliberum,
928 3013 1048 3083 quia
1093 3025 1195 3064 non
1241 3019 1390 3079 petes
1435 3009 1609 3063 facere
1650 3009 2051 3077 sempiternum.

477 3110 618 3161 Deus
649 3116 766 3158 tuus
790 3103 979 3158 clamat
1007 3101 1072 3154 ad
1101 3109 1152 3154 te
1171 3140 1186 3164 ,
1209 3108 1259 3153 et
1287 3099 1337 3151 iu
1369 3110 1524 3152 servo
1560 3105 1648 3151 tuo
1675 3098 1935 3151 convincit
1963 3107 2014 3151 te
2038 3114 2050 3150 :

474 3202 604 3253 dicit
629 3198 724 3250 tibi
749 3197 800 3249 in
828 3193 990 3249 corde
1017 3201 1110 3246 tuo
1130 3232 1142 3253 ,
1170 3190 1368 3244 Duxisti
1397 3204 1608 3244 servum
1631 3199 1776 3242 tuum
1802 3189 1867 3243 de
1895 3189 2055 3244 duino

475 3303 562 3344 tua
585 3290 649 3342 ad
675 3289 890 3341 domum
921 3298 1126 3346 meam;
1157 3283 1235 3336 vis
1255 3297 1374 3335 eum
1403 3281 1472 3335 de
1495 3280 1655 3334 domo
1681 3295 1796 3334 mea
1828 3280 2052 3335 liberum

475 3394 733 3436 revocare
755 3380 806 3431 in
850 3375 1064 3430 domum
1095 3381 1235 3426 tuam
1271 3390 1284 3425 :
1330 3381 1383 3425 tu
1421 3386 1582 3441 quare
1611 3371 1747 3425 male
1793 3370 1960 3424 servis
2002 3371 2051 3424 in

472 3473 636 3524 domo
663 3466 820 3522 mea?
851 3465 954 3518 Das
997 3463 1072 3516 illi
1115 3460 1254 3531 quod
1295 3470 1474 3529 potes;
1507 3460 1757 3529 promitto
1790 3459 1881 3513 tibi
1911 3458 2051 3529 quod

471 3577 690 3632 possum
726 3576 739 3611 :
787 3569 838 3611 tu
867 3555 996 3610 facis
1024 3555 1246 3608 liberum
1291 3561 1584 3606 servantem
1615 3550 1705 3604 tibi
1737 3550 1927 3612 ﬁdem;
1955 3566 2053 3620 ego

472 3661 524 3706 te
548 3651 688 3705 facio
717 3648 1131 3716 sempiternum,
1163 3642 1206 3695 si
1237 3641 1531 3695 servaveris
1553 3639 1681 3693 mihi
1710 3639 1886 3693 Iidem.
1918 3639 2050 3707 Quid

472 3744 648 3798 adhuc
677 3736 1060 3811 argumentaris
1104 3743 1285 3788 contra
1313 3747 1397 3786 me
1427 3731 1478 3785 in
1505 3731 1682 3784 animo
1709 3731 1834 3784 tuo?
1873 3730 2052 3785 lle-Ide

475 3834 702 3890 Domino
737 3842 856 3891 tuo,
884 3825 1024 3898 quod
1050 3825 1230 3880 laudas
1262 3823 1312 3876 iu
1351 3837 1506 3876 servo
1535 3830 1642 3874 tuo.
1673 3821 1754 3874 An
1799 3821 1930 3873 forte
1960 3821 2050 3874 tibi

473 3936 678 3980 tantum
719 3935 934 3990 ari-ngas
954 3959 968 3981 ,
997 3925 1053 3972 ut
1080 3926 1132 3970 te
1159 3915 1373 3984 dignum
1405 3921 1554 3982 putes
1575 3953 1588 3976 ,
1630 3913 1718 3982 qui
1744 3927 1955 3965 servum
1985 3915 2049 3964 li-

472 4019 648 4074 dclem
680 4016 902 4076 habeas,
928 4026 1082 4082 quem
1121 4009 1253 4064 dicis
1277 4050 1290 4072 ,
1321 4007 1673 4076 Comparavi;
1714 4017 1766 4060 et
1805 4022 1903 4076 ego
1946 4023 2049 4060 non

475 4125 592 4164 sum
638 4107 858 4176 dignus,
921 4101 1009 4171 qui
1063 4115 1271 4154 servum
1331 4096 1536 4150 fidelem
1585 4095 1840 4160 habeam,
1892 4111 2053 4165 quem

474 4197 684 4254 rreavi?
711 4196 832 4250 llmc
858 4193 950 4247 tibi
977 4190 1206 4260 loquitur
1232 4187 1484 4242 Dominus
1507 4195 1628 4240 tuus
1647 4187 1804 4248 intus,
1833 4186 1918 4239 ubi
1946 4201 2050 4240 non

474 4293 655 4353 audit,
684 4288 781 4342 nisi
813 4298 899 4351 tu;
926 4295 978 4338 et
1003 4285 1114 4353 ipse
1137 4282 1225 4336 tibi
1258 4280 1504 4349 loquitur,
1529 4279 1616 4346 qui
1646 4294 1764 4332 vera
1800 4277 2047 4348 loquitur.

475 4383 612 4450 Quid
643 4381 783 4434 enim
832 4379 928 4430 hac
955 4375 1216 4428 locutione
1245 4370 1452 4425 vetitis?
1491 4369 1604 4423 Noli
1647 4367 2047 4422 obsurdescere.

478 4478 612 4531 Ecce
640 4471 794 4526 iidem
826 4484 970 4523 amas
997 4469 1046 4520 in
1072 4481 1224 4518 servo
1245 4476 1366 4525 tuo;
1395 4472 1537 4516 certe
1568 4475 1671 4514 non
1696 4459 1841 4513 vides
1858 4459 2048 4513 ﬁdem:

475 4581 640 4636 quare
670 4564 812 4616 illam
840 4574 986 4613 amas
1009 4558 1059 4612 iu
1090 4557 1288 4617 altero,
1317 4563 1368 4607 ct
1391 4561 1554 4605 totum
1595 4549 1738 4621 quod
1761 4548 1868 4604 dixi
1899 4550 1948 4604 iu
1975 4550 2054 4603 al-

479 4669 592 4712 tero
612 4697 626 4719 ,
671 4664 724 4709 et
754 4654 805 4706 in
832 4667 986 4706 servo
1012 4663 1166 4718 quem
1199 4643 1419 4716 pecunia
1452 4641 1768 4710 comparasti
1791 4680 1805 4704 ,
1837 4653 1941 4693 non
1971 4649 2050 4693 ta-

477 4765 599 4804 men
623 4761 778 4818 quem
810 4741 1044 4797 creasti?
1069 4739 1288 4794 Gemina
1333 4732 1717 4789 necessitudine
1745 4740 1914 4786 tecum
1946 4731 2054 4800 agit

477 4840 733 4895 Dominus
763 4847 902 4888 tuus.
938 4831 1002 4886 Et
1034 4829 1229 4884 creavit
1252 4836 1333 4886 te.
1365 4834 1419 4879 et
1438 4821 1761 4890 comparavit
1789 4830 1858 4875 te.
1891 4821 2054 4875 Autcp

477 4945 633 4999 quam
663 4942 809 4980 esses
830 4967 843 4987 ,
877 4921 1045 4991 inquit
1087 4919 1175 4973 tibi
1200 4960 1212 4981 ,
1245 4915 1340 4970 feci
1372 4926 1455 4975 te;
1485 4930 1604 4967 rum
1630 4928 1693 4966 ex
1719 4923 1770 4966 te
1798 4911 1896 4965 sub
1925 4926 2054 4980 pec-

477 5031 596 5076 rato
633 5015 978 5073 venumdatus
1016 5026 1191 5075 esses,
1233 5007 1430 5063 redemi
1476 5016 1546 5060 te.
1593 5003 1662 5058 Ut
1712 5003 2053 5057 manumittas

479 5127 692 5166 servum
739 5119 918 5171 tuum,
968 5103 1162 5173 frangis
1209 5099 1411 5153 tabulas
1455 5097 1571 5164 ejus
1615 5094 1686 5165 (ὁ)
1725 5113 1736 5146 :
1771 5095 1909 5148 Deus
1949 5108 2053 5148 non

541 5221 612 5281 (α)
649 5217 1034 5281 atanumissiones
1059 5218 1113 5260 ut
1133 5207 1420 5281 iu_eecle_sia
1455 5200 2054 5281 curataepis‘oopoﬁl'aegre

476 5261 979 5338 acieiéﬁﬁéﬁdnm
1012 5261 1177 5338 magni
1199 5267 1436 5338 beneﬁcio
1467 5261 1698 5336 indulth
1715 5261 1827 5338 est,
1931 5261 2058 5338 alios

474 5321 1263 5396 Siéiu'w'aéihiiéiihnd’iimn,
1308 5329 1431 5396 apud
1453 5340 1625 5396 quem
1661 5327 1789 5374 inter
1827 5321 2055 5396 opuscula

479 5388 648 5452 exstat
666 5388 965 5457 libellus,th
987 5395 1263 5456 petitorium
1287 5388 1682 5457 Agapitinomine
1705 5388 2017 5457 ttomlnisitum
2040 5398 2052 5432 :

478 5447 529 5514 ιῖὶ
550 5447 647 5525 quo
667 5447 938 5510 Gerontium
963 5447 1051 5525 ille
1072 5468 1270 5525 servum
1289 5447 1428 5500 suum
1453 5451 1678 5499 libertate
1692 5447 1860 5525 donari
1893 5454 2056 5525 postu-

474 5511 584 5576 lans
600 5511 674 5594 ιιι)¹
685 5538 729 5594 θ’
746 5525 925 5594 iscum,
947 5518 1176 5594 desiderii
1198 5517 1272 5566 sui
1289 5526 1458 5594 causas
1475 5511 1804 5594 persequitur,

479 5537 584 5576 laus
600 5537 662 5573 at)
685 5538 729 5594 Θ]
746 5537 844 5572 1500
910 5557 925 5578 ,
947 5537 1176 5590 tlesua'ent
1198 5537 1272 5566 sui
1289 5537 1458 5583 causa:
1476 5537 1776 5586 peraeququ
1790 5543 1804 5566 ,
1821 5537 1932 5580 qua
1948 5537 2055 5556 νυ...

479 5587 726 5650 .mgustint
765 5537 931 5632 vertis
967 5581 1164 5630 mirtltce
1205 5581 1528 5627 consentiunt.
1570 5583 1794 5621 musicae.
1842 5585 1888 5620 ιιι
1930 5569 2057 5617 hunc

477 5650 653 5696 locum.
737 5655 739 5657 ’

544 5691 1003 5766 (δῖ-ιτεηιξρὶιθιιιιιι-
1030 5705 1074 5751 in
1095 5697 1469 5766 manumissione
1481 5707 1728 5766 servorum
1755 5691 1937 5766 tabula:
1952 5691 2056 5753 qui-

479 5758 569 5821 bus
587 5758 982 5832 emptilfdlorutit
1022 5773 1068 5813 et
1110 5765 1316 5811 servitus
1349 5758 1700 5808 continebatur.
1749 5758 2051 5817 Augustinus,

1905 352 2128 407 δειιιιο
2169 351 2307 406 XM.

3653 360 3754 414 166
3791 433 3803 448 ο

2174 467 2362 537 frzuigit
2389 469 2594 523 tabulas
2640 480 2773 524 tuas.
2821 470 3033 524 Tabula:
3077 478 3192 524 tuae
3219 471 3560 541 Ενιιιηοιὶιιω
3583 487 3738 531 sunt.

2171 558 2258 610 ubi
2287 566 2369 611 est
2393 559 2610 628 sanguis
2628 573 2782 628 ,.qtso
2809 569 3225 628 comparatus.“
3250 581 3264 614 :
3297 571 3550 625 minent.
3572 577 3746 633 quou-

2168 648 2256 702 di'e
2302 649 2608 712 recitantur,
2651 649 2955 704 admoneris
2982 650 3300 705 cmulitiouis
3339 662 3475 717 tuae,
3512 667 3741 708 cannae-

2171 749 2406 795 moratur
2433 742 2521 794 tibi
2551 743 2775 810 pretium
2803 751 2969 794 tmuu.

2241 835 2291 886 7.
2325 833 2604 888 Fides-Deo
2622 835 2787 888 debita
2826 851 2858 886 a
2897 835 3052 887 seruis
3089 836 3268 903 emptis
3305 836 3466 904 ipsius
3486 837 3750 904 sanguine.

2168 923 2223 979 Si
2265 924 2356 978 tibi
2405 940 2592 980 servus
2631 933 2788 985 tuus,
2837 939 2996 990 quem
3042 925 3394 989 manumittis,
3448 924 3607 981 ﬁdem
3637 941 3744 981 nou

2169 1015 2470 1077 exhiberet.
2513 1033 2608 1071 nec
2645 1031 2704 1071 se
2751 1016 3162 1072 manumissione
3191 1025 3277 1072 tua
3317 1017 3535 1084 dignitati
3589 1019 3748 1076 (idem

2167 1109 2430 1162 servando
2467 1108 2699 1174 faceret,
2734 1118 2788 1163 et
2823 1125 2960 1164 eun»
2982 1110 3033 1162 in
3057 1108 3321 1178 aliquibus
3357 1109 3411 1164 in
3444 1109 3608 1165 «hmo
3659 1119 3745 1166 tua

2169 1198 2439 1254 fraudibus
2468 1199 2737 1254 invenires
2755 1239 2771 1266 ,
2797 1200 2923 1269 quid
2967 1199 3267 1255 clamores?
3293 1199 3430 1256 Male
3467 1217 3654 1268 serve.
3679 1203 3747 1256 li-

2167 1291 2287 1344 dcm
2311 1291 2441 1345 mihi
2469 1306 2577 1344 non
2607 1289 2830 1346 servas?
2851 1290 3034 1345 Nescis
3058 1291 3178 1360 quia
3200 1291 3306 1345 emi
3321 1291 3407 1346 te?
3433 1291 3608 1348 noscis
3623 1293 3745 1362 quia

2166 1380 2473 1450 sanguinem
2504 1397 2678 1435 meum
2709 1397 2805 1451 pro
2836 1389 2889 1436 te
2912 1381 3224 1436 numeravi?
3246 1381 3462 1437 Clamas
3487 1393 3744 1453 quantum

2169 1482 2317 1541 putes
2339 1513 2352 1532 ,
2393 1480 2446 1526 et
2489 1473 2682 1526 coelum
2714 1471 2988 1527 invidiosis
3016 1472 3196 1541 pulsas
3236 1473 3493 1529 vocibus:
3523 1473 3748 1544 Sangui-

2167 1578 2286 1616 nem
2318 1579 2492 1616 mcum
2532 1579 2630 1632 pro
2659 1572 2710 1617 te
2738 1561 2863 1618 dedi
2883 1603 2898 1628 ,
2928 1562 3068 1618 male
3106 1577 3281 1618 serve.
3321 1561 3391 1617 Et
3433 1578 3621 1620 omnes
3655 1569 3744 1634 qui

2165 1656 2418 1709 audiunt:
2450 1655 2643 1710 Verum
2668 1657 2814 1711 dicit.
2843 1656 2900 1711 Si
2941 1656 3032 1710 tibi
3061 1656 3280 1712 auderet
3309 1657 3632 1726 respondere
3670 1661 3746 1714 sic

2167 1746 2430 1799 invellenti
2455 1757 2508 1800 et
2533 1747 2780 1800 clamanti
2805 1747 2925 1816 ipse
2937 1761 3130 1802 servus
3159 1756 3442 1813 tuus,_non
3472 1747 3746 1802 erubesce-

2167 1854 2254 1892 res
2282 1838 2324 1890 si
2357 1839 2446 1891 tibi
2475 1837 2654 1892 dicae:
2686 1839 2854 1905 Quem
2874 1879 2888 1902 ,
2916 1853 3047 1908 rogo
3074 1848 3125 1893 te
3148 1879 3172 1904 ,
3195 1839 3508 1908 sanguinem
3537 1855 3633 1907 pro
3659 1855 3746 1895 me

2164 1927 2390 1981 dedisti?
2420 1927 2634 1996 quando
2671 1944 2756 1982 me
2797 1928 2971 1982 emisti
2992 1967 3007 1990 ,
3037 1942 3136 1982 nec
3163 1928 3350 1983 saltem
3378 1937 3432 1983 te
3471 1928 3747 1998 phleboto-

2165 2019 2340 2072 iuasti.
2381 2017 2486 2073 Sed
2525 2018 2834 2088 sanguinem
2866 2029 3012 2072 tuum
3055 2017 3334 2088 pecuniam
3371 2027 3512 2073 tuam
3561 2033 3742 2074 vocas.

2165 2111 2388 2163 Tantum
2413 2125 2562 2163 amas
2606 2111 2883 2178 pecuniam
2917 2119 3059 2163 tuam
3080 2148 3098 2173 ,
3127 2119 3187 2164 ut
3209 2125 3327 2163 eam
3357 2111 3595 2177 appelles
3621 2127 3745 2166 sau-

2162 2203 2374 2268 guinem
2399 2212 2566 2254 tuum.
2591 2202 2674 2254 De
2685 2215 2814 2254 voce
2839 2209 2925 2254 tua
2952 2209 3004 2254 te
3026 2199 3301 2254 convincit
3317 2200 3572 2255 Dominus
3600 2211 3740 2255 tuus.

2168 2291 2334 2344 Vocas
2361 2291 2633 2360 pecuniam
2665 2299 2806 2343 tuam
2836 2293 3150 2358 sanguinem
3188 2297 3334 2343 tuum
3353 2329 3370 2352 ,
3402 2299 3456 2343 et
3483 2289 3602 2344 ideo
3629 2291 3742 2344 exi-

2163 2382 2240 2448 gis
2266 2397 2294 2434 a
2321 2396 2476 2435 servo
2509 2389 2598 2437 tuo
2635 2389 2816 2450 empto
2856 2379 3045 2442 Iidem,
3091 2379 3215 2448 quia
3257 2393 3355 2448 pro
3399 2394 3466 2433 eo
3511 2378 3740 2446 dedisti,

2164 2489 2266 2524 nun
2299 2472 2477 2540 utique
2517 2471 2860 2540 sanguinem,
2899 2469 2993 2524 sed
3029 2485 3336 2535 nummtun,
3383 2470 3464 2525 vel
3503 2486 3691 2525 aurum
3723 2488 3740 2525 :

2161 2579 2260 2633 ego
2285 2563 2408 2632 quid
2438 2563 2672 2617 dederim
2693 2603 2708 2625 ,
2736 2563 2947 2618 recolis.
2975 2562 3206 2617 Tabulas
3231 2570 3350 2616 tuas
3374 2562 3488 2631 lege
3505 2601 3532 2626 ,
3551 2562 3595 2614 si
3636 2578 3743 2617 non

2163 2653 2382 2715 recolis;
2417 2653 2530 2720 lege
2555 2669 2651 2720 pro
2678 2665 2728 2706 te
2749 2659 2973 2705 mortem
2993 2649 3287 2706 Salvatoris
3305 2691 3321 2717 ,
3349 2651 3588 2705 lanceam
3623 2666 3742 2720 per.

2160 2743 2420 2807 cussoris,
2453 2743 2680 2812 pretium
2726 2741 3114 2810 Redemptoris.
3156 2740 3338 2796 Potest
3375 2749 3430 2796 et
3457 2741 3620 2796 homo
3659 2741 3739 2795 vi-

2161 2851 2290 2888 vens
2316 2849 2481 2898 vena,
2511 2841 2570 2888 ut
2592 2833 2697 2888 dixi
2716 2874 2730 2897 ,
2763 2847 3008 2901 percussa
3049 2831 3180 2886 dare
3215 2833 3524 2901 sanguinem
3553 2849 3737 2897 suum.

2159 2936 2211 2982 et
2238 2935 2411 2981 tamen
2449 2926 2669 2981 vivere:
2710 2927 2827 2993 plus
2862 2933 2945 2980 est
2984 2920 3126 2994 quod
3175 2924 3268 2978 tibi
3308 2924 3440 2980 dicit
3486 2925 3744 2982 Dominus

2160 3029 2280 3073 tuus
2303 3037 2318 3074 :
2345 3035 2452 3073 nou
2479 3018 2548 3072 de
2575 3033 2662 3072 me
2693 3017 2902 3071 vivente
2925 3014 3142 3086 sanguis
3160 3030 3444 3084 expressus
3468 3026 3553 3073 est
3571 3057 3586 3082 ,
3617 3033 3743 3073 san-

2157 3113 2320 3180 guine
2341 3126 2465 3166 meo
2491 3118 2542 3164 te
2565 3109 2700 3171 emi;
2727 3107 2865 3163 addo
2884 3147 2900 3170 .
2927 3107 3096 3162 Morte
3122 3121 3240 3162 mea
3260 3115 3314 3162 te
3335 3108 3461 3164 emi.
3490 3108 3624 3176 Quid
3647 3109 3740 3164 lia-

2158 3199 2601 3272 besquoddicas?
2623 3197 2986 3254 Redde-tidem
3009 3196 3235 3252 Domino
3263 3206 3374 3262 tuo,
3391 3214 3547 3268 quam
3569 3199 3739 3269 exigis

2156 3311 2185 3348 a
2199 3309 2354 3350 servo
2368 3291 2645 3348 tuo.Vides
2667 3305 2876 3352 aurum,
2901 3289 3049 3344 vides
3067 3297 3122 3346 et
3141 3288 3300 3344 ﬁdem
3323 3305 3459 3344 :uon
3474 3291 3734 3360 exigeres.

2157 3387 2200 3440 si
2227 3383 2586 3447 nonvideres;
2603 3396 2712 3436 non
2727 3379 2990 3444 laudares,
3009 3379 3054 3434 si
3067 3394 3172 3434 non
3198 3378 3434 3443 videres;
3461 3396 3566 3434 non
3581 3378 3738 3435 liber~

2157 3485 2263 3529 tale
2279 3475 2525 3538 donares,
2533 3470 2580 3528 si
2597 3487 2700 3526 non
2713 3469 2924 3526 videres
2941 3487 2955 3523 :
2977 3469 3069 3526 sed
3081 3485 3269 3525 aurum
3285 3471 3455 3524 oculis
3467 3471 3643 3526 carnis
3657 3472 3708 3525 vi
3729 3504 3736 3509 η

2155 3565 2269 3626 des.
2285 3563 2439 3618 Iidem
2449 3561 2803 3618 oculisoordis
2817 3559 2987 3616 vides.
3001 3559 3209 3628 Quanto
3224 3559 3468 3614 meliores
3481 3568 3603 3614 sunt
3615 3577 3730 3616 cor-

2155 3655 2238 3709 dis
2255 3693 2271 3718 ,
2304 3663 2449 3708 tanto
2475 3651 2664 3707 melius
2689 3658 2774 3704 est
2797 3649 2938 3720 quod
2965 3649 3110 3703 vides
3131 3648 3300 3702 oculis
3318 3647 3513 3703 cordis.
3544 3648 3622 3703 Tu
3649 3665 3729 3703 au-

2157 3745 2396 3802 tembuic
2415 3742 2558 3808 ﬁdei,
2583 3755 2742 3812 quam
2767 3739 2862 3794 tibi
2888 3739 3122 3808 imperat
3148 3736 3401 3793 Dominus
3427 3747 3572 3804 tuus,
3602 3755 3730 3808 pra:-

2158 3837 2310 3906 ponis
2328 3850 2514 3890 aurum
2534 3873 2548 3898 ,
2575 3841 2631 3886 et
2655 3829 3082 3886 commendatum
3113 3845 3218 3884 non
3248 3828 3428 3884 reddis
3446 3870 3461 3893 ,
3487 3838 3543 3884 et
3565 3828 3699 3885 dicis
3717 3872 3733 3893 .

2156 3926 2296 3983 Nihil
2321 3925 2446 3980 milii
2471 3921 2663 3979 dedisti
2690 3940 2704 3976 :
2733 3929 2826 3976 aut
2863 3920 2913 3974 ei
2940 3919 3025 3976 cui
3053 3934 3158 3974 non
3197 3918 3610 3976 commendasti.
3649 3919 3732 3973 di—

2154 4018 2232 4072 cis
2255 4058 2270 4081 ,
2304 4014 2485 4070 Redde
2513 4011 2652 4084 quod
2681 4011 2771 4066 tibi
2797 4009 3184 4065 commendavi.
3210 4007 3326 4062 Non
3355 4006 3451 4061 das
3474 4008 3732 4077 quodat:-

2155 4107 2374 4175 cepisti,
2407 4104 2600 4174 repetis
2649 4100 2790 4171 quod
2816 4116 2921 4154 non
2961 4098 3172 4153 dedisti.
3206 4097 3344 4152 Ecce
3366 4097 3616 4167 acquire,
3658 4096 3737 4153 sic

2157 4197 2284 4252 tolle
2305 4239 2318 4261 ,
2341 4205 2394 4250 et
2415 4207 2672 4264 exaggera
2700 4191 2791 4246 tibi
2815 4191 3000 4244 lutum.
3025 4189 3160 4256 Quid
3190 4190 3386 4258 premis
3416 4189 3456 4253 ¹,
3484 4188 3729 4249 dicendo.

2157 4289 2230 4344 Da
2255 4330 2270 4354 ,
2295 4286 2434 4357 quod
2457 4301 2561 4340 non
2585 4282 2999 4345 commendasti;
3029 4281 3268 4353 negando
3293 4279 3432 4350 quod
3461 4294 3728 4336 commen-

2157 4381 2335 4435 datum
2365 4377 2651 4448 accepisti?
2677 4376 2828 4432 Tolle
2848 4415 2864 4440 ,
2885 4374 3073 4445 collige
3102 4374 3247 4428 lucra
3276 4372 3530 4427 damnosa
3563 4390 3575 4426 :
3603 4387 3744 4426 ecca

2155 4484 2336 4524 arcam
2364 4467 2613 4538 implesti,
2633 4465 2852 4519 multum
2873 4479 3058 4518 aurum
3078 4462 3381 4532 acquisisti;
3411 4477 3589 4516 arcam
3613 4476 3733 4517 cor-

2157 4560 2240 4616 dis
2264 4560 2496 4622 discute,
2523 4557 2680 4614 ﬁdem
2711 4554 3005 4627 perdidisti.

2228 4653 2284 4706 8.
2320 4649 2622 4704 Jucunditas
2658 4647 2710 4701 in
2738 4644 2864 4710 Deo,
2890 4654 2936 4699 et
2963 4645 3018 4698 in
3042 4644 3244 4700 cateruis
3261 4643 3401 4700 bonis
3428 4658 3540 4714 qua
3570 4643 3730 4700 dedit.

2161 4744 2346 4798 Rectus
2370 4741 2520 4796 corde
2555 4739 2639 4810 qui
2670 4739 2843 4793 laudat
2871 4735 3130 4807 ﬂagellum
3149 4735 3400 4806 patris.-—
3424 4733 3558 4791 Redi
3579 4749 3730 4806 ergo.

2159 4835 2204 4890 si
2233 4832 2445 4889 sensisti
2487 4829 2704 4910 aliquid,
2747 4827 2791 4884 si
2821 4826 3100 4891 crubuisti,
3148 4825 3194 4880 si
3233 4825 3374 4896 quod
3417 4836 3723 4896 pravumct

2159 4941 2376 4981 curvum
2405 4923 2576 4978 fuerat
2594 4919 2874 4976 correxiin
2905 4936 2918 4973 :
2950 4918 3084 4984 redi,
3109 4917 3372 4974 delectare
3397 4917 3449 4971 in
3482 4917 3726 4978 Domum,

2155 5016 2450 5087 jucundam
2467 5014 2517 5068 in
2534 5012 2775 5067 Domino.
2790 5008 3088 5066 Jucundare
3114 5007 3166 5063 iu
3194 5007 3258 5062 iis
3273 5021 3394 5077 qua:
3405 5005 3598 5076 jussit.’
3628 5007 3731 5061 Do-

2162 5109 2364 5170 minus,
2398 5114 2456 5161 ut
2497 5101 2806 5173 jucunderis
2833 5101 2884 5155 iu
2915 5099 3157 5155 Domino.
3179 5097 3483 5156 Jucundarc
3511 5097 3562 5152 in
3604 5098 3726 5164 (ide,

2156 5195 2448 5267 jucundat‘e
2478 5195 2529 5248 in
2573 5207 2688 5262 spe,
2711 5189 3004 5260 jucundare
3046 5189 3100 5244 in
3126 5187 3404 5251 cliaritato,
3435 5187 3731 5256 jucundam

2161 5294 2214 5346 in
2243 5289 2627 5354 misericordia,
2646 5286 2938 5356 jucuudare
2959 5285 3012 5341 in
3038 5284 3415 5357 hospitalitate,
3436 5283 3733 5355 jucundam

2226 5405 2240 5434 ι
2267 5403 2340 5451 sic
2360 5401 2644 5461 Victorinum
2668 5398 2933 5461 exemplar.
2968 5405 3025 5448 At
3049 5397 3187 5454 editi,
3212 5403 3257 5445 et
3286 5407 3529 5459 exaggera
3552 5393 3636 5446 tibi
3657 5398 3736 5445 lu-

2157 5460 2642 5528 ιηιιιωιιοάᾲρτειιοὶι.
2757 5519 2770 5528 _
2819 5460 2828 5461 7
3009 5521 3028 5528 _
3081 5517 3091 5528 .

2223 5529 2242 5556 ³
2269 5519 2553 5575 victorinum
2577 5519 2845 5585 exemplar,
2869 5532 2977 5584 quia
2997 5519 3126 5582 fecit.

2163 5627 2302 5689 epist.
2419 5624 2566 5683 (nunc
2601 5621 2703 5681 185,
2743 5619 2998 5690 n.___l.'5)_de_
3017 5617 3296 5690 Donatistis:
3332 5619 3735 5690 τιτρξςιιηρηιπιρ

2163 5679 2332 5750 iniquo,
2365 5679 2924 5741 «servorum,'utliheri
2959 5679 3511 5739 alisccderent,_tabul.e
3547 5682 3751 5744 tratus-

2174 5773 2188 5793 υ
2219 5753 2403 5797 tantur.
2431 5762 2452 5790 ν
2482 5754 2705 5795 almae.
