4076 6198
477 344 579 400 “9

472 456 530 510 in
563 453 737 508 verbis
763 450 978 521 quidem
1006 449 1173 518 ﬁgura
1199 445 1432 514 optantis
1461 450 1701 513 apparet,
1730 438 1824 494 sed
1855 438 2048 495 intelli-

468 546 614 613 gitur
640 539 973 612 priescicntia
1000 536 1312 594 nuntiantis.
1353 534 1502 597 Sicut
1541 532 1682 587 enim
1711 528 1952 600 quaedam
1997 529 2048 583 iu

468 634 751 703 Scriptura
777 627 1162 699 Prophetarum
1194 636 1442 696 unquam
1479 624 1533 678 in
1562 623 1888 694 praeteritum
1917 620 2051 675 facta

469 731 783 786 narrantur,
812 735 935 776 cum
956 720 1129 774 futura
1159 716 1511 792 pradicantur
1539 732 1553 767 :
1579 714 1648 768 ita
1669 711 1909 784 qumdaut
1938 720 2052 767 tan-

471 827 629 880 quam
663 820 792 866 voto
830 809 1078 865 dicuntur
1112 807 1376 879 optantis;
1416 804 1508 860 sed
1536 804 1622 875 qui
1670 810 1815 859 recte
1857 800 2050 859 intelli-

469 912 605 971 gunt
646 900 791 969 quod
839 899 1079 961 auditmt,
1127 897 1387 951 visionem
1437 892 1841 967 praenuntiantis
1887 906 2051 963 agno-

466 1000 643 1047 scmtt.
685 991 867 1062 Longe
904 999 1081 1044 autem
1117 997 1240 1044 ante
1285 987 1612 1041 nativitatem
1639 982 1929 1039 Dominicac
1971 981 2052 1039 in-

467 1080 821 1146 carnationis,
864 1079 951 1135 isti
980 1079 1175 1134 Psalmi
1209 1078 1339 1133 dicti
1378 1087 1540 1148 atque
1579 1074 1865 1145 conscripti
1902 1081 2049 1128 sunt.

468 1173 584 1228 Non
611 1183 736 1228 ante
765 1172 929 1227 Deum
956 1171 1245 1232 Christum.
1272 1169 1366 1224 sed
1394 1176 1519 1223 ante
1544 1177 1722 1223 uatum
1753 1182 1820 1222 ex
1848 1166 2052 1237 virgine

466 1266 630 1319 Maria
653 1265 945 1320 Christum.
973 1262 1105 1317 Nam
1145 1261 1383 1331 profecto
1408 1269 1560 1329 pater
1587 1258 1855 1314 Abraham
1894 1256 2051 1325 longe

466 1367 594 1409 ante
624 1354 783 1407 David
825 1370 1026 1424 regem,
1067 1352 1218 1422 cujus
1261 1361 1500 1420 tempore
1543 1348 1594 1402 hi
1622 1347 1817 1403 Psalmi
1854 1345 2051 1401 cautati

471 1456 620 1508 sunt,
659 1447 771 1499 init.
815 1446 1067 1498 Dominus
1102 1454 1277 1497 autem
1316 1441 1466 1507 dixit,
1495 1445 1624 1495 Ante
1660 1439 1918 1494 Abraham
1959 1454 2050 1509 ες)

471 1558 585 1592 sum
611 1539 783 1608 (Joan.
825 1554 942 1600 \‘lll,
973 1537 1086 1602 58).
1115 1536 1231 1604 ipse
1264 1535 1404 1591 enim
1431 1546 1514 1590 est
1547 1532 1781 1588 Verbum
1810 1531 1920 1597 Dei,
1957 1546 2050 1600 per

468 1630 613 1699 qziod
645 1630 778 1684 facta
804 1638 928 1683 sunt
955 1628 1132 1682 omnia
1157 1646 1170 1681 :
1203 1626 1295 1681 Sed
1325 1625 1438 1696 ipse
1465 1624 1689 1693 impleas
1729 1622 2046 1693 PrOpltetas,

475 1725 529 1775 in
571 1737 731 1776 t-arne
756 1737 813 1776 se
839 1736 958 1775 esse
978 1727 1257 1774 venturum
1298 1734 1391 1787 per
1416 1732 1508 1771 eos
1534 1715 1795 1785 praedixit.
1822 1713 1902 1769 Ad
1929 1713 2051 1783 ejus

469 1823 653 1867 autem
699 1811 1112 1865 incarnationem
1162 1809 1389 1878 pertinet
1430 1807 1625 1878 passio.
1676 1806 1858 1876 Neque
1904 1806 2047 1860 enim

473 1903 644 1969 ιι‹.ιιιὶι
670 1902 774 1971 pati
806 1900 894 1955 illa
916 1916 1034 1969 qua:
1061 1900 1113 1955 iu
1146 1898 1430 1969 Evangelia
1457 1899 1652 1969 scripta
1689 1906 1833 1960 sunt,
1860 1896 1963 1951 nisi
1992 1896 2047 1951 in

466 2008 633 2045 t-arne
656 1990 867 2047 mortali
891 1999 940 2045 et
964 1989 1222 2060 passibili,
1248 2004 1401 2060 quam
1423 1988 1661 2058 gerebat.
1683 1987 1749 2041 Et
1768 1986 1839 2043 ibi
1868 1985 2049 2057 utique

468 2081 680 2148 legitur,
709 2078 1152 2148 quemadmodum
1187 2079 1410 2133 Domino
1432 2078 1685 2133 cruciﬁxo
1713 2077 1769 2131 hi
1806 2078 1896 2147 qui
1927 2092 2047 2133 cru-

466 2173 748 2225 ritixerunt
792 2186 934 2235 cum,
978 2170 1296 2228 vestimenta
1337 2169 1452 2239 ejus
1498 2169 1792 2225 diviserunt
1829 2169 1959 2236 sibi,
1992 2177 2049 2224 et

464 2277 591 2319 rem
630 2262 960 2319 invenissent
995 2261 1044 2314 in
1075 2261 1153 2315 eis
1184 2260 1410 2318 tunicmn
1437 2259 1667 2330 desuper
1692 2268 1909 2320 textam.
1951 2276 2047 2315 no-

466 2357 683 2410 luerunt
712 2372 828 2409 eam
853 2356 1218 2419 conscindere,
1249 2354 1342 2410 sed
1369 2363 1566 2407 sortem
1612 2367 1775 2422 super
1802 2366 1919 2405 eam
1946 2351 2042 2406 mi-

466 2457 682 2512 serunt;
727 2454 783 2500 ut
820 2446 885 2501 ad
929 2461 1085 2515 quem
1131 2445 1449 2516 perveniret,
1498 2440 1700 2511 integra
1746 2440 2047 2510 perveniret

467 2536 585 2596 (Id.
610 2553 717 2600 XIX,
749 2536 841 2600 25,
878 2536 969 2607 24)
1000 2553 1014 2587 :
1042 2550 1144 2605 qua
1189 2533 1583 2604 significabatur
1624 2532 1876 2595 Charitas,
1928 2546 2045 2601 qua:

467 2627 631 2681 :lividi
681 2642 784 2683 non
816 2635 1005 2695 potest.
1055 2626 1178 2681 llmc
1202 2640 1331 2697 ergo
1368 2640 1490 2679 eum
1532 2623 1584 2676 in
1627 2620 2043 2692 Evangeliojant

466 2723 605 2773 facta
637 2729 935 2784 narrentur,
968 2717 1124 2787 longe
1169 2726 1294 2771 ante
1324 2716 1517 2771 multos
1546 2727 1713 2768 annos
1753 2712 1802 2767 in
1833 2712 2043 2766 Psalmo

466 2827 589 2863 cum
628 2810 798 2864 futura
818 2809 1316 2879 pneuuntiarentur,
1344 2814 1592 2875 tanquam
1610 2813 1756 2875 gesta
1784 2809 1837 2857 et
1865 2809 2042 2858 trans-

465 2912 584 2953 acta
623 2910 830 2953 cantata
871 2907 1012 2953 sunt.
1068 2897 1353 2962 Fodernnt,
1400 2895 1588 2967 inquit,
1615 2911 1792 2949 manus
1831 2910 1965 2947 meas
2000 2902 2045 2947 ct

465 2994 619 3062 pedes
660 3008 813 3052 meos.
853 3000 899 3045 et
935 2992 1374 3045 dinumeraverunt
1408 2989 1577 3042 autnia
1605 3004 1718 3040 ossa
1759 3002 1886 3041 mea.
1932 2983 1958 3038 Ι
1965 2985 2044 3055 psi

466 3099 585 3138 uero
620 3082 1058 3136 consideravernnt
1084 3091 1129 3133 et
1154 3081 1474 3150 inspexerunt
1505 3094 1582 3133 me
1602 3095 1620 3131 :
1644 3077 1915 3131 diviserunt
1949 3076 2044 3129 sibi

466 3174 755 3227 ocstinwnta
782 3188 910 3236 mea,
936 3180 982 3225 et
1007 3188 1157 3239 super
1186 3180 1364 3225 vestem
1402 3184 1561 3222 meant
1592 3169 1831 3221 miserunt
1859 3177 2042 3221 sortem

470 3261 646 3329 (Psal.
674 3278 786 3326 ut,
818 3260 1013 3328 1749).
1045 3259 1233 3337 Omnia
1277 3269 1522 3331 tanquam
1564 3258 1829 3328 pnetcrita
1861 3258 2041 3310 diruu—

467 3365 574 3417 tur,
603 3362 657 3407 et
681 3352 855 3405 futura
879 3350 1261 3421 praedicuntur.
1279 3349 1434 3405 Sicut
1457 3364 1583 3419 ergo
1614 3350 1665 3403 in
1697 3348 1871 3403 verbis
1901 3362 2040 3417 pra:-

462 3441 892 3527 tigriti.tet§p0ris
914 3440 1088 3527 [antra
1110 3439 1244 3495 facta
1271 3438 1663 3509 signiﬁcantur;
1695 3439 1771 3493 sic
1801 3434 1851 3505 in
1877 3438 2039 3508 ﬁgura

462 3520 1126 3609 optantis'prasnuntianlis
1165 3546 1316 3586 mens
1362 3530 1695 3600 intelligenda
1740 3538 1841 3609 est.
1873 3529 1959 3584 Sic
1987 3538 2043 3585 et

462 3604 694 3679 tle'Juda
718 3604 923 3678 Domini
946 3623 1220 3686 traditore,
1244 3633 1491 3690 tanquam
1518 3630 1662 3690 optat
1690 3604 2036 3688 ei'propheta,

462 3715 608 3786 quod
647 3726 924 3770 venturum
959 3729 1078 3769 esse
1125 3712 1381 3784 pra-dicit.
1432 3713 1494 3765 Et
1538 3710 1605 3765 de
1646 3710 1773 3779 ipsis
1816 3709 2035 3776 iudicis,

463 3805 604 3871 Fiat,
647 3806 833 3875 inquit,
871 3821 1041 3858 mensa
1073 3820 1243 3858 eorum
1279 3804 1331 3856 in
1359 3803 1610 3872 laqueum,
1650 3811 1697 3853 et
1738 3801 1789 3853 in
1820 3801 2039 3854 venatio-

462 3910 597 3959 nem,
625 3895 744 3949 etin
773 3894 1065 3950 scandalum
1092 3890 1260 3966 (Psal.
1305 3907 1481 3955 cxvtu,
1521 3888 1632 3963 23).
1674 3890 1825 3960 Quod
1864 3890 2039 3945 dehis

461 3985 776 4056 pra-dictum
826 4000 943 4040 esse
980 3985 1092 4039 sine
1135 3982 1460 4039 dubitatione
1495 3982 1710 4052 exponit
1742 4001 1753 4034 :
1786 3982 1922 4036 sicut
1967 3981 2033 4037 de

459 4076 595 4130 .Ioda
616 4091 733 4145 qum
749 4073 1040 4130 subeadem
1063 4074 1221 4145 ligula
1235 4074 1584 4144 prmnuntiata
1604 4079 1746 4138 sunt,
1767 4070 2039 4143 apostolus

459 4165 655 4220 l‘etrus
679 4172 1057 4219 commemorat
1086 4163 1220 4238 (Ασι.
1254 4179 1291 4227 ι,
1323 4158 1439 4235 20).

532 4254 758 4311 CAPUT
798 4252 862 4311 ll.
886 4284 955 4295 —
981 4250 1035 4308 2.
1064 4240 1128 4306 In
1159 4250 1323 4325 ﬁgura
1364 4250 1634 4322 Propheta:
1677 4250 1895 4322 aptantis
1915 4292 1932 4319 ,
1958 4251 2036 4304 in-

458 4330 729 4417 telligenda
765 4345 919 4398 divini
973 4343 1154 4399 decreti
1202 4341 1516 4414 approbatio.
1572 4338 1680 4396 Nec
1731 4340 1847 4396 sine
1878 4354 2035 4396 causa

458 4428 543 4489 «ια’
571 4453 690 4506 qua:
736 4435 906 4489 futura
948 4443 1074 4492 sunt
1109 4434 1149 4505 ί,
1181 4443 1428 4505 tanquam
1460 4442 1720 4487 transacta
1766 4431 2032 4487 dicuntur.

462 4528 576 4582 Deo
600 4528 742 4582 enim
772 4528 850 4583 sic
873 4535 1015 4581 certa
1040 4533 1183 4589 sunt,
1198 4535 1253 4579 ut
1277 4524 1386 4596 jam
1412 4539 1509 4594 pro
1536 4520 1689 4577 factis
1719 4520 2032 4586 habeantur;

457 4628 516 4672 et
556 4627 803 4689 tauquam
845 4624 1033 4688 optans
1069 4615 1277 4671 videtur
1327 4610 1506 4669 dicere
1557 4610 1819 4683 Propheta
1842 4653 1857 4678 ,
1894 4610 2035 4685 quod

455 4717 663 4763 certum
690 4708 944 4777 pratvidet
966 4692 1085 4765 esse
1112 4715 1388 4761 venturum
1419 4724 1431 4759 :
1458 4702 2035 4777 nihilaliud,quanttnn

458 4798 587 4855 mihi
618 4800 846 4864 videtur,
864 4797 1169 4860 ostendens,
1193 4797 1291 4852 uisi
1322 4795 1474 4853 nobis
1500 4811 1604 4851 non
1633 4796 1827 4855 debere
1853 4796 2036 4868 displi-

454 4906 587 4945 cere
615 4888 876 4964 cognitam
905 4889 1221 4945 sententiam
1265 4884 1384 4954 Dei,
1413 4904 1568 4958 quam
1602 4887 1756 4942 lixam
1788 4882 2033 4943 immobi-

458 4978 672 5050 lemque
713 4979 1004 5034 constituit.
1038 4979 1105 5034 Et
1141 4977 1259 5035 ideo
1289 4979 1339 5031 in
1373 4976 1591 5034 Actibus
1617 4977 1992 5048 Apostolorum
2016 5020 2032 5044 ,

456 5086 581 5124 cum
621 5069 831 5140 quidam
875 5068 1153 5143 propheta,
1202 5068 1415 5122 nomine
1450 5062 1684 5136 Agahus,
1725 5067 2036 5136 prtcdiccret

456 5158 756 5227 apostolum
784 5156 1001 5213 Paulum
1034 5156 1085 5211 in
1115 5155 1407 5212 Jerusalem
1435 5170 1465 5210 a
1490 5153 1692 5210 Judaeis
1721 5154 1881 5210 multa
1912 5171 2034 5210 esse

456 5264 759 5319 passurum,
790 5257 844 5304 ct
870 5230 1037 5319 usque
1079 5246 1145 5302 ad
1197 5248 1403 5303 vincula
1450 5256 1872 5320 perventurum,
1912 5264 2031 5305 cum

456 5342 564 5395 hoc
604 5339 783 5394 audito
823 5339 1015 5395 fratres
1059 5355 1310 5395 revocare
1338 5353 1391 5394 et
1420 5340 1651 5396 retinere
1689 5340 1920 5406 vellent,
1968 5359 2033 5399 ne

456 5431 585 5486 illuc
614 5442 853 5502 pergeret
883 5450 896 5486 :
931 5432 1065 5499 Quid
1095 5432 1290 5503 facitis,
1340 5432 1527 5504 inquit,
1571 5434 1919 5488 conturbantes
1948 5450 2033 5487 cor

455 5522 664 5576 meum!
695 5522 802 5594 Ego
832 5523 962 5577 enim
1007 5539 1106 5577 non
1153 5523 1315 5577 solum
1355 5521 1578 5593 alligari,
1612 5523 1699 5577 sed
1728 5523 1876 5577 etiam
1906 5524 2033 5578 mori

520 5656 539 5689 ³
556 5652 912 5720 doleam
934 5670 999 5710 ex
1016 5657 1299 5712 auctoritate
1324 5664 1403 5706 Ms.
1426 5668 1495 5707 es.
1531 5657 1643 5717 [.vec
1686 5656 1785 5708 sine
1817 5671 1961 5708 causa
1985 5664 2030 5708 et

454 5729 564 5782 qua
575 5718 737 5785 futura
752 5725 859 5770 sunt
865 5720 900 5783 ι]

1874 327 2099 387 sentio
2139 326 2319 397 ιιιιιι.¹

3638 334 3740 389 156

2156 448 2363 518 paratus
2403 454 2513 492 sum
2555 454 2646 507 pro
2692 439 2891 493 nomine
2932 437 3132 496 Domini
3178 451 3332 495 nostri
3375 438 3503 497 Iesu
3550 440 3757 503 Christi

2159 531 2290 601 (Art.
2315 546 2424 594 xm,
2449 530 2531 595 15,
2554 531 2666 600 14).
2699 533 2871 601 Atque
2901 531 2972 589 ita
3000 547 3118 587 cum
3148 530 3388 591 viderent
3417 532 3605 592 fratres
3634 534 3738 590 im-

2159 621 2406 679 tttobilent
2460 621 2557 677 viri
2614 621 2681 677 ad
2730 623 2908 677 omnia
2958 623 3272 692 perferenda
3339 626 3737 687 constantiam.

2156 712 2441 778 dixerunt,
2480 710 2600 768 Fiat
2641 710 2846 767 Domini
2882 714 3130 768 voluntas.
3158 714 3423 785 Numquid
3452 730 3581 788 ergo
3609 720 3729 791 quia

2157 799 2437 868 dixerunt,
2470 800 2591 857 Fiat
2616 802 2845 859 voluntas
2874 802 2969 857 Dei
2987 844 3002 867 ,
3032 812 3346 875 optaverunt
3374 804 3653 874 Apostolo,
3679 820 3736 863 ut

2159 892 2281 947 talia
2310 901 2608 962 pateretur,
2638 908 2702 949 ac
2729 908 2835 949 non
2870 895 3043 964 potius
3081 906 3312 955 mentem
3340 913 3491 955 suam
3521 900 3737 957 sublimi

2155 993 2209 1038 ct
2234 983 2414 1041 divino
2433 993 2631 1043 statuto
2651 985 2990 1043 devotissime
3005 988 3387 1051 subdiderunt?
3414 990 3504 1061 Sic
3524 1002 3581 1048 et
3599 992 3732 1049 Pro-

2158 1073 2313 1143 pheta
2341 1089 2458 1131 cum
2490 1075 2797 1144 dicit,Sicut
2823 1079 2937 1148 ﬂuit
2969 1094 3085 1135 cera
3111 1096 3145 1134 α
3172 1080 3302 1150 facie
3330 1081 3491 1155 ignis,
3520 1084 3593 1138 sic
3622 1100 3733 1152 per-

2155 1174 2270 1218 cant
2316 1176 2602 1237 peccatores
2625 1185 2657 1223 a
2687 1168 2818 1241 facie
2840 1169 2958 1236 Dei,
2987 1170 3131 1229 videt
3157 1170 3262 1229 hoc
3284 1172 3581 1245 certissime
3607 1190 3732 1243 poc-

2155 1258 2425 1314 catoribus
2461 1261 2742 1317 imminere
2759 1304 2774 1328 ,
2800 1271 2858 1321 et
2892 1263 3065 1338 placet
3095 1263 3146 1323 ei
3173 1263 3315 1335 quod
3340 1265 3485 1327 Deus
3504 1265 3689 1323 statuit
3717 1308 3734 1331 ,

2156 1364 2221 1403 ne
2251 1350 2358 1403 Deo
2384 1351 2496 1419 ipse
2523 1351 2814 1425 displiceat.

2225 1439 2449 1497 CAPUT
2488 1439 2574 1497 lll.
2607 1471 2675 1480 —
2704 1443 2756 1505 5.
2792 1442 2981 1509 Quibus
3011 1444 3172 1501 modis
3194 1428 3349 1503 ’θεας
3386 1446 3454 1503 ad
3493 1448 3736 1516 pwniten-

2154 1531 2274 1585 tiam
2305 1533 2560 1587 sollicitat.
2617 1521 2905 1606 Flagellum
2939 1536 3053 1601 Dei,
3098 1537 3375 1597 admonitio
3418 1550 3593 1599 nostra
3638 1550 3732 1594 est.

2153 1617 2459 1677 Ptenitentia
2510 1624 2854 1693 infructuosa,
2883 1638 2930 1679 et
2981 1628 3258 1696 fructuosa.
3287 1628 3425 1697 Quid
3469 1645 3598 1701 ergo
3650 1630 3732 1697 lfa-

2151 1713 2373 1781 ciemus,
2406 1714 2621 1782 fratres,
2649 1718 2768 1785 nisi,
2802 1728 2878 1784 ut,
2904 1718 3029 1779 dum
3059 1730 3266 1793 tempus
3291 1730 3394 1783 est.
3426 1722 3589 1781 vitam
3617 1739 3732 1777 tnu-

2154 1812 2343 1869 tcmus,
2376 1814 2431 1861 et
2457 1805 2594 1862 facta
2626 1820 2825 1875 nostra,
2848 1810 2893 1867 si
2922 1827 3023 1880 qua
3047 1812 3181 1869 mala
3199 1822 3343 1876 sunt,
3365 1794 3736 1885 corrigamus?

2152 1893 2219 1949 Ut
2246 1895 2386 1968 quod
2416 1896 2531 1954 sine
2561 1898 2666 1953 ulla
2715 1899 3042 1959 dubitatione
3069 1911 3349 1961 venturum
3375 1915 3456 1963 est
3486 1884 3729 1979 peceato-

2150 1984 2315 2045 ribus.
2344 2000 2443 2039 nos
2471 2002 2578 2043 non
2623 1988 2857 2045 inveniat
2880 2004 3039 2058 super
3067 2006 3201 2063 quos
3231 1978 3580 2073 veniatinou
3610 1978 3733 2071 quia

2150 2090 2257 2129 non
2281 2075 2499 2141 erimus,
2531 2076 2626 2133 sed
2653 2088 2837 2135 utnon
2870 2081 3003 2135 tales
3033 2082 3302 2150 inveniat,
3330 2084 3575 2153 qualibus
3605 2102 3733 2145 ven-

2151 2175 2323 2221 turum
2350 2180 2470 2221 esse
2498 2167 2807 2236 prmdictutn
2837 2179 2938 2224 est.
2970 2168 3258 2242 Propterea
3286 2188 3345 2227 sc
3358 2172 3523 2241 juilex
3544 2186 3734 2233 ventu-

2150 2270 2266 2311 rum
2306 2256 2567 2323 minatur,
2598 2267 2652 2313 ut
2683 2275 2785 2312 non
2818 2260 3050 2315 inveniat
3071 2276 3204 2330 quos
3235 2263 3417 2332 puniat
3434 2248 3457 2328 ,’
3481 2280 3605 2325 cum
3635 2283 3730 2322 ve-

2150 2346 2305 2398 nerit.
2339 2346 2623 2415 Propterea
2654 2348 2782 2402 ilhul
2812 2359 3027 2405 cantant
3065 2351 3377 2423 Prophetas,
3408 2362 3464 2409 ut
3492 2357 3731 2427 corriga-

2148 2453 2286 2491 mnr.
2316 2438 2370 2492 Si
2400 2438 2654 2497 damnare
2682 2442 2857 2506 vellet,
2893 2451 3112 2500 taceret.
3143 2444 3312 2505 Nemo
3348 2447 3533 2504 volens
3570 2448 3731 2511 ferire

2148 2529 2294 2591 dicit.
2324 2530 2577 2586 Observa.
2621 2532 2842 2597 Totum,
2879 2534 3105 2601 fratres,
3144 2537 3284 2607 quod
3309 2538 3610 2606 audivimus
3638 2558 3732 2613 per

2148 2623 2479 2692 Scripturas,
2510 2641 2607 2678 vox
2647 2637 2727 2680 est
2763 2626 2853 2682 Dei
2882 2628 3127 2696 dicentis,
3172 2628 3429 2687 Observa.
3463 2633 3532 2691 Et
3562 2642 3732 2693 totum

2146 2712 2286 2780 quod
2318 2719 2566 2783 patimur,
2598 2715 2965 2771 tribulationes
2991 2719 3041 2772 in
3068 2717 3166 2774 hac
3188 2719 3313 2785 vita.
3344 2721 3609 2794 ﬂagellum
3634 2725 3729 2781 Dei

2147 2812 2227 2855 est
2260 2804 2526 2875 corrigere
2556 2806 2800 2874 volentis,
2840 2824 2906 2862 ne
2930 2807 3141 2865 damnet
3176 2810 3231 2869 in
3254 2810 3384 2872 line.
3408 2813 3573 2885 Quasi
3598 2816 3725 2877 dum

2146 2901 2308 2958 sunt,
2342 2893 2737 2962 inolesla'sunt,
2772 2896 2990 2953 horrent
3022 2900 3232 2971 quando
3267 2915 3583 2973 narrantur.
3611 2925 3730 2980 quae

2145 2980 2366 3075 quisque
2385 2984 2562 3053 gravia
2588 2986 2739 3041 valde
2771 2988 2964 3057 patitur
2989 2990 3038 3045 in
3070 2990 3169 3047 hac
3190 2993 3329 3049 vita:
3356 2994 3411 3053 in
3448 3012 3728 3075 compara-

2148 3072 2291 3125 tione
2321 3082 2496 3128 autcm
2528 3077 2713 3130 (sterni
2740 3078 2874 3148 ignis
2901 3097 3004 3137 non
3030 3098 3197 3153 parva
3221 3125 3235 3150 ,
3265 3086 3358 3145 sed
3394 3089 3537 3149 nulla

2148 3161 2271 3217 Sive
2311 3179 2437 3235 ergo
2466 3181 2562 3221 nos
2600 3166 2955 3241 ﬂagellemur,
2996 3175 3108 3233 sive
3135 3191 3257 3234 cum
3280 3180 3373 3237 alii
3398 3179 3728 3255 ﬂagellautur

2145 3256 2538 3350 admonemnra
2564 3261 2803 3317 Domino.
2835 3265 3020 3323 Omnia
3039 3268 3157 3335 ista,
3189 3270 3399 3349 fratres,
3418 3292 3536 3350 qua;
3553 3278 3605 3337 iu
3629 3279 3727 3347 hae

2144 3346 2250 3399 vita
2278 3346 2509 3418 inﬂigunt
2522 3367 2582 3404 ur
2595 3367 2625 3406 a
2642 3353 2882 3423 Domino,
2903 3356 3291 3421 admonitiones
3314 3346 3508 3429 suntet
3526 3369 3726 3427 stimuli

2143 3442 2488 3511 correctionis
2515 3455 2730 3526 ttostrm,
2759 3447 2947 3507 Veniet
2970 3460 3146 3529 autem
3188 3454 3322 3529 ignis
3342 3467 3578 3527 aeternus
3596 3500 3633 3528 ,ς
3658 3464 3725 3521 de

2144 3546 2249 3597 quo
2286 3531 2493 3587 dicetur
2519 3534 2620 3588 illis
2642 3537 2729 3605 qni
2766 3539 2834 3593 ad
2873 3539 3143 3603 sinistram
3168 3547 3535 3615 constituendi
3558 3538 3723 3615 sunt.

2145 3618 2170 3673 Ι
2178 3630 2223 3674 te
2249 3621 2301 3674 in
2320 3622 2493 3713 ignem
2514 3635 2775 3693 attentum.
2800 3630 2883 3701 qui
2901 3642 3108 3700 paratus
3135 3643 3205 3691 cst
3229 3618 3432 3693 diabolo
3454 3618 3506 3699 et
3532 3616 3727 3713 angelis

2144 3713 2252 3783 ejus
2276 3712 2486 3784 (Matth.
2519 3731 2643 3779 xxv.
2673 3718 2788 3791 ll).
2811 3718 2959 3775 Tunc
2978 3724 3143 3781 acturi
3170 3735 3303 3793 sunt
3318 3727 3533 3801 quidam
3556 3712 3727 3802 pinni-
3772 3738 3783 3747 '

2145 3803 2388 3861 tentiam.
2420 3804 2552 3861 Nam
2596 3807 2849 3883 scriptum
2876 3820 2960 3891 est
2999 3811 3049 3870 in
3080 3813 3469 3889 lihroquodam
3500 3820 3725 3892 Sapien-

2144 3895 2230 3948 lin:
2263 3914 2274 3948 :
2312 3895 2488 3969 Dicent
2518 3897 2650 3953 intra
2682 3916 2757 3971 se,
2789 3903 3389 3981 pmnitentiantagentes,
3422 3920 3603 3986 etprc
3622 3932 3724 3971 an-

2141 3986 2305 4058 gustia
2348 3987 2554 4058 spiritus
2594 4001 2867 4065 getttentes,
2902 3991 3036 4062 Quid
3061 3995 3203 4053 nobis
3230 4001 3423 4073 profuit
3444 4005 3727 4073 mltis:

2142 4087 2187 4133 et
2208 4077 2328 4147 quid
2354 4079 2643 4133 divitiarum
2670 4082 2924 4153 juctantia
2950 4086 3162 4143 contulit
3187 4070 3725 4161 ttoltisZTraI-w'erunl

2141 4167 2310 4222 omnia
2326 4168 2436 4234 illa,
2452 4177 2687 4249 tanquam
2705 4173 2879 4227 umbra
2913 4174 3140 4251 (Satur,
3162 4179 3216 4244 ὅ,
3241 4178 3293 4244 8,
3318 4179 3401 4250 9).
3436 4183 3551 4240 Erit
3576 4187 3735 4251 enim.

2141 4257 2545 4347 ibippmuitentia
2569 4302 2584 4328 ,
2631 4261 2724 4319 sed
2752 4262 3075 4329 infructuosa
3105 4269 3247 4343 gerit
3271 4270 3342 4331 ibi
3360 4275 3679 4347 pmttilcntia
3702 4321 3725 4339 .

2141 4345 2234 4401 sed
2263 4346 2500 4405 dolorem
2531 4348 2760 4420 habens,
2793 4353 3109 4421 medicinam
3144 4375 3251 4421 non
3297 4345 3522 4429 habens.
3568 4360 3729 4427 Nune

2140 4445 2224 4529 est
2269 4436 2534 4529 lructuosa
2583 4442 2929 4515 pumileutia,
2978 4447 3191 4521 quando
3239 4453 3500 4515 correctio
3527 4455 3723 4529 libetsi.

2140 4525 2401 4618 Paeniteat
2427 4538 2477 4585 te
2500 4529 2566 4585 ad
2588 4546 2772 4589 vocent
2795 4534 3102 4609 Scriptum.
3124 4538 3261 4601 Nam
3286 4543 3352 4603 ad
3378 4559 3562 4603 Vocem
3585 4525 3716 4618 ιιι-ξε-

2140 4617 2304 4675 sentis
2324 4616 2541 4691 judieis,
2571 4621 2686 4704 sine
2715 4639 2875 4680 causa
2908 4629 3189 4704 paenitebit
3212 4640 3282 4690 te.
3315 4632 3464 4695 Tunc
3482 4616 3597 4711 pini
3622 4641 3719 4697 ille

2139 4712 2454 4767 sententiam
2480 4712 2713 4770 dicturus
2733 4726 2814 4771 est
2833 4735 2846 4770 :
2864 4727 2917 4773 et
2933 4734 3038 4774 non
3056 4723 3157 4776 erit
3170 4725 3313 4793 quod
3334 4731 3715 4797 reprehendas.

2138 4804 2350 4875 quando
2375 4807 2692 4877 sententiam
2716 4807 2954 4869 dicturus
2972 4822 3074 4869 est.
3097 4814 3211 4869 Non
3239 4817 3380 4881 enim
3412 4823 3572 4879 tacuit
3593 4835 3717 4883 ante

2137 4892 2476 4985 sententiam.
2502 4893 2617 4985 Non
2645 4898 2786 4985 enim
2818 4908 2869 4955 te
2897 4899 3133 4969 distulit,
3182 4906 3281 4964 nisi
3326 4920 3380 4967 ut
3424 4886 3715 4985 corrigeres

2140 4993 2193 5038 te
2211 5002 2226 5038 :
2244 4984 2669 5055 quandoquidem
2692 4974 2879 5045 latroni
2910 4993 2960 5047 in
2985 5009 3142 5055 cruce
3164 4999 3411 5070 pendenti
3433 4974 3716 5065 scintillare

2140 5074 2399 5141 permisit.
2445 5074 2593 5131 Tunc
2639 5078 2779 5133 enim
2828 5080 2962 5136 latro
3005 5082 3240 5152 pendens
3282 5100 3401 5146 cum
3448 5072 3713 5157 Domino.

2138 5164 2754 5261 credidit‘itipltristum
2787 5171 2947 5243 (an.
2982 5190 3134 5245 mn,
3160 5179 3381 5253 40-45),
3408 5188 3620 5261 quando
3647 5190 3715 5249 de

2139 5254 2230 5312 illo
2254 5255 2495 5327 discipuli
2515 5258 2891 5319 titubaverunt.
2914 5263 3360 5342 Contempserunt
3380 5254 3549 5339 Judwi
3570 5295 3715 5347 tuor~

2137 5354 2258 5404 tuos
2284 5351 2646 5420 suscitantem,
2665 5371 2767 5410 non
2797 5361 3113 5432 contempsit
3128 5363 3262 5424 latro
3289 5382 3468 5429 secum
3486 5364 3537 5429 iu
3556 5386 3715 5433 cruce

2139 5436 2475 5510 pendentem.
2513 5440 2630 5497 Non
2657 5454 2739 5500 est
2765 5463 2893 5518 ergo
2920 5451 3060 5523 quod
3088 5451 3142 5511 in
3169 5454 3272 5516 line
3301 5455 3505 5518 dicatur
3532 5461 3716 5523 Domi-

2138 5543 2237 5594 no,
2263 5525 2377 5584 Non
2408 5546 2492 5586 me
2536 5533 2821 5603 permisisti
2848 5538 2986 5595 bene
3031 5540 3241 5611 vivere;
3266 5554 3378 5615 aut.
3405 5549 3711 5613 dilationem

2137 5621 2483 5677 correctionis
2512 5639 2615 5716 non
2642 5625 2769 5679 mihi
2796 5627 3006 5696 dedisti;
3032 5643 3143 5702 aut,
3160 5652 3263 5693 non
3288 5641 3565 5699 ostendisti
3581 5646 3708 5716 quill

2136 5721 2459 5781 appeterem,
2487 5715 2611 5785 quid
2639 5716 2880 5775 vitarem.
