4024 6202
337 341 433 398 151

367 451 961 512 (ᾈῐνῠτῐῑ-νίιιειε
974 452 1096 522 quia
1112 468 1216 507 non
1228 460 1386 516 tacet,
1402 451 1579 506 videte
1587 451 1708 521 quia
1719 448 1916 513 diil‘ert,

339 561 359 594 ι
376 544 515 601 idete
530 546 651 616 quia
675 544 955 606 blanditur,
974 541 1233 605 hortatur,
1249 540 1497 595 minatur.
1510 539 1795 596 Constituit
1808 554 1923 593 ver-

336 645 459 690 num
475 635 697 703 sumain
716 633 1072 699 sublimitate;
1094 647 1193 703 per
1212 642 1378 687 totum
1401 631 1651 687 mundum
1669 631 1922 686 recitatur

336 727 583 782 universo
601 726 831 781 humano
848 725 1047 797 generi.
1063 724 1176 780 Non
1198 733 1279 780 est
1290 723 1500 795 quijam
1514 723 1675 791 dicat,
1689 721 1915 788 Nescivi,

335 834 442 873 non
454 817 650 873 audivi.
667 816 918 888 Impletur
932 816 1072 887 quod
1087 815 1287 873 dictum
1303 825 1385 872 est
1397 816 1451 871 in
1472 815 1705 882 Psalmo,
1723 814 1773 869 Ν
1776 829 1831 868 ec
1845 825 1921 869 est

332 909 421 971 qui
446 926 501 965 se
526 909 803 964 abscondat
826 927 859 963 a
886 909 1055 965 calore
1087 926 1195 982 qus
1225 906 1393 982 (Ptol.
1430 924 1557 964 svnt
1578 949 1593 973 ,
1637 908 1717 979 7).
1762 907 1918 962 Modo

331 1016 459 1071 ergo
482 999 630 1057 ador
652 1000 772 1068 ejus
798 999 850 1054 iu
876 1001 1039 1055 verbo
1075 999 1192 1070 ejus
1218 1009 1301 1055 est
1330 1017 1342 1052 :
1367 1010 1574 1055 mutare
1592 998 1753 1054 modo
1776 1014 1807 1053 a
1828 1013 1919 1054 ca-

333 1095 449 1149 lore
470 1093 607 1164 ejus,
635 1101 689 1147 ct
718 1107 821 1148 non
847 1090 1051 1148 dellues
1075 1092 1210 1147 sicut
1238 1103 1359 1147 cera
1389 1093 1457 1147 ab
1485 1091 1604 1161 igne
1628 1090 1762 1161 ejus.

402 1184 454 1240 ι.
515 1181 710 1237 ludit-ii
755 1180 917 1253 futuri
961 1182 1087 1252 ﬁdes
1127 1190 1199 1237 tot
1222 1183 1337 1237 aliis
1367 1180 1774 1251 prtedictionibns
1821 1181 1919 1234 im-

332 1274 480 1344 pletis
527 1275 779 1343 ﬁrmatur.
821 1271 1384 1345 Martyrmn'sangnis,
1433 1289 1621 1327 semen.
1667 1271 1799 1327 Nam
1850 1271 1915 1325 il-

334 1368 457 1433 Ind.
506 1368 696 1422 fratres
743 1366 891 1430 mei,
955 1375 1233 1420 venturum
1274 1374 1358 1419 est
1407 1363 1728 1434 aliquando,
1772 1363 1916 1432 quod

345 1457 506 1514 modo
562 1455 736 1513 rident
778 1455 972 1528 impii,
1015 1455 1155 1526 quod
1201 1456 1361 1511 modo
1420 1464 1771 1510 contemnunt
1815 1454 1916 1508 de-

339 1551 539 1606 risores
560 1591 576 1617 ,
606 1549 748 1620 quod
779 1558 963 1620 putant
988 1548 1123 1604 falso
1143 1547 1385 1613 cantari;
1411 1546 1698 1616 aliquando
1724 1554 1917 1600 ventu-

333 1655 452 1696 rum
499 1649 601 1696 est.
641 1639 696 1695 Si
744 1655 849 1694 non
896 1642 1159 1695 venerunt
1211 1648 1376 1703 tanta,
1421 1646 1621 1708 quanta
1666 1634 1915 1706 przedicta

330 1740 458 1788 sunt
484 1733 538 1798 ‘;
569 1730 916 1801 desperemus
944 1739 999 1786 et
1024 1730 1155 1785 illud
1185 1728 1469 1799 aliquando
1504 1737 1784 1783 venturum
1825 1743 1838 1779 :
1870 1725 1915 1780 si

332 1834 513 1879 autem
555 1822 734 1878 omnia
774 1836 894 1892 qua:
948 1821 1016 1878 de
1067 1821 1304 1876 Ecclesia
1347 1820 1519 1874 futura
1571 1817 1917 1888 praenuntiata

331 1922 478 1981 sunt,
500 1912 611 1984 jam
635 1912 881 1968 videmus
904 1912 1163 1974 exhibita,
1189 1920 1243 1966 et
1265 1925 1528 1965 cmeorum
1551 1911 1712 1965 etiam
1733 1909 1917 1963 oculos

334 2004 565 2069 feriunt;
590 2003 715 2074 quid
741 2002 1044 2058 dubitamus
1080 2003 1240 2057 etiam
1283 2001 1369 2056 illa
1408 2001 1672 2056 ventura?
1696 1997 1919 2069 Quando

333 2093 609 2149 dicebatur
649 2092 883 2148 Ecclesia
917 2091 1114 2162 Christi
1167 2091 1339 2145 futura
1385 2107 1479 2160 per
1523 2099 1689 2145 totqu
1733 2089 1916 2144 orbem

336 2194 634 2251 terrarum,
665 2184 943 2240 dicebatur
966 2200 997 2237 a
1029 2182 1230 2254 paucis,
1259 2193 1313 2237 et
1338 2182 1611 2237 ridebatur
1647 2197 1676 2235 a
1718 2181 1915 2237 multis.

334 2276 489 2333 lllodo
506 2277 618 2347 jam
644 2275 916 2348 impletum
955 2285 1058 2339 est,
1089 2276 1231 2346 quod
1264 2286 1409 2330 tanto
1446 2284 1569 2330 aute
1610 2274 1917 2344 pnedictmn

335 2378 420 2426 est
446 2386 462 2424 :
490 2367 681 2425 dilfusa
707 2378 791 2424 est
822 2369 1057 2424 Ecclesia
1090 2384 1182 2438 per
1216 2376 1381 2422 totum
1411 2369 1595 2423 orbem
1635 2376 1916 2422 terrarum.

335 2460 476 2515 Ante
518 2459 680 2514 millia
723 2473 983 2512 annorum
1014 2459 1035 2489 ²
1068 2459 1386 2527 promissum
1425 2465 1508 2512 est
1550 2456 1809 2523 Abrahae,
1852 2455 1917 2512 In

331 2549 523 2604 semine
550 2557 638 2602 tuo
666 2546 1018 2602 benedicentur
1053 2563 1223 2600 omnes
1264 2555 1430 2617 gentes
1465 2545 1619 2617 (Cen.
1651 2562 1779 2613 xxii,
1809 2548 1915 2617 l8).

337 2640 495 2695 Venit
517 2638 761 2694 Christus
785 2652 849 2694 ex
877 2637 1081 2694 semine
1113 2638 1359 2705 Αὺιιιιιειι,
1394 2638 1687 2695 benedicta:
1716 2649 1839 2694 sunt
1868 2641 1917 2694 iu

334 2731 554 2788 Christo
571 2730 682 2801 jam
713 2743 900 2786 omnes
925 2739 1129 2801 gentes.
1161 2729 1416 2784 Przudieta
1444 2741 1568 2785 sunt
1592 2730 1873 2785 schismata
1900 2772 1913 2794 ,

334 2836 389 2881 et
411 2825 641 2881 hereses
670 2826 859 2879 futura:
889 2841 902 2879 ε
936 2823 1175 2879 videmus
1209 2823 1319 2877 illa.
1351 2823 1623 2878 Prtediche
1649 2832 1771 2878 sunt
1800 2838 1919 2893 per-

332 2917 638 2974 sccltiutles
683 2936 696 2973 :
746 2919 895 2971 Iacuit
933 2926 1057 2970 sunt
1094 2932 1124 2970 a
1168 2916 1380 2981 regibus
1424 2914 1720 2970 colentibus
1759 2915 1916 2970 idola.

334 3010 441 3067 Pro
480 3010 615 3081 ipsis
663 3010 818 3065 idolis
858 3007 1116 3063 adversus
1153 3022 1345 3061 nomen
1375 3005 1570 3061 Christi
1616 3006 1813 3076 repleta
1840 3014 1922 3061 est

337 3115 480 3160 terra
510 3100 853 3174 martyribus.
881 3098 1137 3169 Sparsum
1166 3108 1249 3154 εει
1271 3113 1451 3154 semen
1480 3098 1768 3167 sanguinis,
1803 3112 1919 3151 sur-

336 3196 473 3251 revit
498 3207 653 3265 seges
685 3192 959 3248 Ecclesim.
990 3190 1100 3246 Nec
1124 3190 1319 3244 frustra
1357 3189 1530 3243 oravit
1559 3189 1793 3243 Ecclesia
1826 3204 1921 3257 pro

338 3284 568 3341 inimicis
614 3283 727 3340 suis
771 3280 1158 3339 :crediderunt
1204 3290 1260 3335 et
1301 3281 1390 3350 qui
1440 3279 1915 3350 persrqnelntntur.

338 3373 655 3432 Prtrdictum
695 3382 780 3429 est
817 3372 978 3428 etiam
1017 3371 1138 3442 quia
1178 3371 1290 3442 ipsa
1327 3369 1463 3425 idola
1501 3368 1785 3424 evertenda
1830 3383 1919 3423 es.

302 3473 458 3532 _:ent
493 3478 593 3537 per
634 3478 830 3518 nomen
868 3461 1065 3519 Christi
1103 3478 1116 3516 :
1158 3474 1281 3516 nam
1308 3469 1365 3515 et
1397 3459 1499 3515 boc
1534 3458 1832 3515 invenimus
1868 3458 1920 3514 in

335 3553 644 3627 Saiptnris.
665 3556 803 3610 Ante
827 3565 1025 3626 paucos
1039 3564 1208 3607 annos
1231 3549 1517 3606 Christiani
1542 3550 1630 3605 illa
1654 3549 1918 3621 legebant,

337 3656 390 3699 rt
420 3660 525 3701 non
554 3642 839 3709 videbant;
869 3641 1045 3697 adhuc
1088 3641 1261 3696 futura
1300 3638 1387 3695 illa
1425 3638 1828 3711 exspectabant,
1869 3649 1923 3694 ει

286 3726 311 3737 “’
338 3740 416 3791 sic
440 3734 686 3792 abierunt
714 3751 730 3789 :
757 3747 863 3789 non
892 3732 980 3787 illa
1005 3729 1273 3796 viderunt,
1304 3729 1401 3787 sed
1428 3738 1604 3785 tamen
1643 3728 1922 3786 credentes

335 3828 479 3899 quid
518 3826 694 3883 futura
719 3833 921 3892 essent,
950 3839 1074 3881 eum
1100 3822 1206 3879 dde
1223 3821 1468 3878 abierunt
1494 3821 1562 3876 ad
1595 3821 1872 3877 Dominum
1905 3835 1917 3873 :

340 3915 540 3976 nostris
564 3912 895 3989 temporibus
917 3914 1078 3971 etiam
1106 3912 1218 3985 ipsa
1244 3920 1554 3968 cernuntur.
1580 3910 1769 3966 Omnia
1803 3926 1922 3980 qum

339 4019 468 4069 ante
481 4007 731 4083 praedicta
747 4015 872 4064 sunt
884 4005 953 4063 de
972 4003 1231 4068 Ecclesia,
1246 4002 1487 4059 videmus
1507 4000 1723 4071 impleta
1745 4018 1759 4055 :
1778 4001 1924 4056 solus

340 4102 457 4159 dies
467 4100 650 4171 indicii
674 4115 781 4155 non
807 4106 891 4156 est
915 4096 1196 4155 venturus?
1218 4095 1335 4165 Ipse
1358 4094 1503 4150 solus
1521 4092 1920 4163 prtenuntiatur,

334 4204 397 4249 et
411 4208 517 4252 non
531 4191 733 4248 veniet?
743 4190 922 4261 Usque
932 4189 1067 4245 adeo
1082 4203 1268 4244 sumus
1290 4185 1409 4242 duri
1433 4195 1488 4241 et
1510 4184 1700 4255 lapidei
1724 4182 1921 4251 cordis,

342 4295 399 4341 ιιι
430 4286 669 4359 legamus
690 4282 992 4354 Scriptores
1013 4323 1029 4350 ,
1051 4290 1107 4336 et
1125 4281 1401 4337 videamus
1419 4280 1597 4336 omiia
1618 4293 1839 4350 prorsus
1855 4279 1923 4334 ad

343 4377 574 4431 litteram
606 4373 850 4430 evenisse
883 4385 1004 4443 quae
1040 4371 1237 4439 scripta
1283 4379 1409 4426 sunt
1430 4412 1446 4435 ,
1482 4379 1538 4426 et
1574 4370 1643 4425 de
1683 4370 1766 4425 bis
1805 4386 1926 4441 quae

345 4470 625 4519 «manent
648 4459 1034 4531 desperemus?
1060 4457 1327 4526 Quantum
1354 4467 1437 4514 est
1470 4459 1614 4514 enim
1645 4459 1788 4529 quod
1833 4476 1924 4515 re-

345 4562 548 4621 manet,
603 4552 670 4609 ad
709 4566 771 4608 ea
810 4566 931 4623 qua:
968 4551 1081 4622 jam
1135 4550 1292 4606 nobis
1344 4548 1578 4606 exhibita
1634 4549 1875 4605 videmus
1900 4552 1926 4605 1'

344 4648 477 4705 Tant
504 4646 657 4718 plura
684 4644 827 4701 Deus
853 4642 1117 4709 ostendit,
1144 4651 1200 4699 et
1225 4641 1295 4698 de
1323 4642 1537 4699 residuo
1576 4657 1673 4698 nos
1716 4641 1928 4698 frauda-

346 4752 497 4798 tnrtts
531 4736 660 4794 est?

415 4828 641 4891 CAPUT
690 4827 756 4884 ν.
808 4857 881 4869 -
920 4825 1111 4885 Veniet
1148 4825 1407 4899 judicium
1462 4825 1788 4882 redditurum
1833 4840 1928 4897 pro

347 4926 580 4990 meritis,
603 4919 760 4980 bonis
789 4921 953 4987 bona,
985 4918 1142 4976 malis
1170 4918 1329 4975 mala.
1362 4916 1490 4975 Boni
1521 4918 1720 4985 simus,
1750 4927 1807 4976 et
1841 4934 1928 4975 se-

343 5020 457 5077 enri
477 5017 711 5092 iudicem
730 5024 1118 5089 ειενεειειιιιιε.

417 5113 473 5171 5.
527 5109 662 5167 Deus
702 5119 749 5166 et
782 5111 956 5182 justus
1001 5116 1047 5163 ct
1073 5106 1371 5162 misericors.
1414 5101 1626 5160 Fratres
1655 5103 1788 5167 mei,
1819 5120 1931 5159 ma-

350 5201 492 5258 xime
536 5215 677 5256 nunc
718 5198 983 5255 dicentem
1028 5210 1114 5253 me
1165 5196 1362 5252 audite.
1407 5193 1538 5249 Nolo
1578 5203 1749 5249 tecum
1779 5210 1928 5249 com-

350 5303 537 5364 putare
564 5287 831 5364 prmterita
866 5305 881 5344 :
907 5287 976 5342 ab
1004 5286 1265 5341 hodierno
1303 5285 1389 5338 die
1429 5293 1480 5338 te
1525 5294 1665 5337 muta
1684 5325 1699 5349 ,
1729 5299 1849 5340 cras
1879 5292 1931 5340 te

346 5388 576 5443 alterum
603 5380 858 5441 inveniat.
892 5376 1003 5435 Nos
1040 5385 1217 5432 autem
1256 5374 1603 5445 perversitate
1645 5383 1821 5428 nostra
1853 5374 1930 5429 sic

353 5490 599 5532 venimus
629 5474 797 5531 Deum
827 5466 1248 5531 misericordem,
1282 5473 1337 5519 ut
1378 5480 1481 5518 non
1510 5465 1579 5517 sit
1600 5464 1794 5533 justus.
1828 5465 1929 5519 Alii

357 5579 540 5620 rursus
580 5565 729 5634 quasi
775 5559 1109 5634 praeﬁdentes
1151 5557 1218 5613 dc
1252 5554 1452 5625 justilia
1497 5570 1612 5617 sua,
1645 5554 1719 5607 sic
1750 5554 1933 5608 volunt

423 5697 438 5725 ι
461 5693 619 5741 codex
654 5706 745 5748 cs..
769 5689 815 5739 si
837 5703 925 5741 non
946 5693 1169 5740 rencrnnt
1192 5690 1453 5748 tantaqua:
1472 5683 1705 5747 prtedictn
1738 5689 1865 5734 sunt.

422 5756 445 5786 ‘
467 5755 597 5804 Idem
631 5744 786 5803 eoch
810 5764 901 5812 es,
926 5758 1033 5800 ante
1055 5748 1201 5798 multa
1226 5744 1375 5797 millia
1398 5744 1644 5795 minorum.

1538 335 1595 391 S.
1638 331 1999 391 AL'CUS'HNI
2016 372 2019 375 -
2039 335 2338 394 EPISCOPI

3504 348 3601 402 l5!

2022 450 2244 521 justum,
2278 462 2335 507 ut
2380 454 2550 509 nolint
2591 456 3007 512 misericordem.
3043 459 3336 531 Utrumque
3361 478 3418 517 se
3444 466 3599 517 exhi-

2028 542 2119 596 bet
2160 542 2328 608 Deus,
2371 554 2655 616 utrumque
2685 536 2931 617 praestat;
2957 564 3056 604 nec
3087 550 3446 607 misericordia
3486 555 3603 623 ejus

2027 634 2321 701 praescribit
2337 634 2578 704 justitiar,
2607 653 2708 693 nec
2727 637 2925 707 iustitia
2949 639 3065 710 ejus
3102 641 3274 697 aufert
3302 644 3596 700 misericor-

2026 724 2193 779 diam.
2213 726 2517 783 Misericors
2536 727 2768 798 etjustus
2779 741 2879 785 est.
2896 731 3045 786 Unde
3067 734 3460 790 misericordem
3485 753 3602 805 pro-

2029 815 2254 870 bamus?
2283 817 2456 874 Parcit
2476 820 2634 873 modo
2669 822 3052 891 peccatoribus,
3087 823 3177 877 dat
3206 826 3409 879 veniant
3439 828 3606 881 confi-

2025 905 2275 961 tentibus.
2297 906 2445 962 Unde
2460 908 2744 978 probamus
2764 912 3088 981 quodjustus
3128 914 3235 968 est?
3264 914 3395 981 Quia
3418 930 3604 972 ventu.

2024 1009 2118 1050 rus
2139 1006 2220 1050 est
2251 995 2365 1052 dies
2388 998 2762 1068 judicii,quem
2792 1002 2951 1055 modo
2976 1003 3174 1068 ditl‘ert,
3199 1022 3302 1059 non
3316 1006 3487 1061 aufert
3512 1023 3526 1071 ;
3552 1020 3605 1063 et

2023 1099 2143 1140 cum
2175 1088 2399 1151 venerit,
2424 1090 2721 1145 redditurus
2745 1103 2826 1147 est
2856 1108 2951 1162 pro
2973 1095 3194 1150 meritis.
3219 1100 3299 1150 An
3324 1098 3424 1153 hoc
3442 1100 3604 1155 vulti.

2026 1182 2082 1229 ut
2099 1177 2190 1230 red
2209 1176 2349 1231 tatur
2366 1179 2586 1244 aversis,
2603 1181 2744 1250 quod
2768 1184 3014 1237 reddetur
3029 1171 3344 1241 Conversis?
3366 1187 3602 1250 Fratres.

2018 1265 2217 1335 justum
2245 1268 2449 1323 videtur
2475 1270 2643 1336 vobis,
2674 1282 2729 1324 ut
2754 1272 2822 1325 ibi
2848 1286 3075 1341 ponatur
3093 1274 3275 1339 .lndas,
3296 1278 3381 1332 ubi
3401 1280 3601 1349 positus

2022 1364 2107 1411 est
2135 1356 2367 1412 Petrus?
2407 1358 2473 1413 Et
2515 1359 2625 1427 ipse
2657 1360 2725 1414 ibi
2760 1372 3067 1430 poneretur,
3099 1364 3142 1416 si
3172 1381 3230 1419 se
3259 1370 3597 1423 correxisset.

2022 1446 2125 1501 Sed
2156 1447 2223 1502 de
2249 1449 2399 1504 venia
2428 1450 2739 1521 desperans,
2781 1454 2953 1521 potius
2998 1455 3098 1508 sibi
3148 1458 3337 1512 collum
3380 1459 3596 1529 ligavit,

2022 1554 2180 1608 quam
2207 1539 2366 1606 Regis
2391 1542 2728 1614 clementiam
2757 1545 3090 1613 supplicavit.

2093 1631 2317 1686 ωνυτ
2342 1631 2429 1685 Vl.
2464 1663 2525 1671 -—
2552 1635 2603 1687 (ἱ.
2630 1633 2829 1688 Mutato
2878 1652 2963 1689 reo
3004 1638 3169 1707 judea:
3216 1650 3452 1694 mutatur.
3500 1643 3601 1696 lla-

2023 1736 2163 1791 que,
2212 1721 2430 1789 fratres,
2477 1724 2613 1779 sicut
2651 1727 2829 1783 dicere
2870 1744 3167 1798 arpi-ram,
3215 1748 3322 1787 non
3349 1745 3433 1788 est
3460 1736 3602 1791 unde

2023 1813 2472 1881 reprehendamus
2521 1817 2709 1871 Deum.
2740 1819 2877 1885 Quid
2906 1830 3092 1874 contta
3140 1823 3286 1876 illtnn
3317 1825 3557 1880 dicamus
3580 1869 3597 1889 .

2023 1917 2127 1957 non
2159 1905 2279 1969 erit,
2311 1921 2433 1959 cum
2463 1908 2665 1961 venerit
2700 1907 2960 1977 judicare.
3003 1911 3213 1981 Cogitet
3242 1916 3603 1987 unusquisque

2026 2004 2235 2062 peccata
2264 2011 2376 2061 sna,
2410 2007 2465 2052 et
2495 1997 2652 2052 modo
2679 1999 2765 2054 illa
2794 2002 3042 2058 emendet
3065 2045 3081 2069 ,
3108 2020 3228 2058 cum
3260 2016 3467 2076 tempus
3496 2021 3599 2064 est.

2021 2086 2099 2141 Sit
2130 2085 2428 2141 fructuosus
2458 2088 2646 2155 dolor,
2679 2105 2783 2144 non
2815 2093 2885 2145 sit
2912 2092 3107 2148 sterilis
3138 2095 3429 2164 ptenitudo.
3461 2098 3605 2152 Tan-

2023 2194 2180 2247 quant
2213 2178 2314 2233 huc
2342 2180 2470 2234 dicit
2500 2181 2638 2236 Deus
2667 2200 2679 2235 :
2711 2182 2847 2238 Ecce
2878 2183 3107 2239 iudicavi
3136 2186 3471 2248 sententiam.
3502 2191 3602 2245 sed

2025 2267 2259 2324 nondum
2299 2271 2529 2337 protuli;
2564 2272 2802 2342 praidixi,
2831 2289 2934 2327 non
2968 2274 3073 2329 (ixi.
3105 2275 3240 2343 Quid
3272 2277 3445 2335 times.
3475 2281 3601 2349 quia

2024 2358 2153 2422 divi.
2182 2361 2235 2415 Si
2289 2364 2510 2416 nnttaris
2536 2405 2548 2426 ,
2601 2365 2869 2419 mutatur?
2897 2365 3027 2419 Nam
3058 2367 3309 2438 scriptum
3339 2379 3419 2423 est
3458 2370 3603 2439 quod

2027 2452 2277 2521 [inuitem
2301 2451 2465 2507 Deum
2489 2452 2641 2521 (Gen.
2659 2472 2677 2505 ι
2692 2471 2728 2519 ι,
2748 2456 2825 2525 6).
2845 2456 3105 2527 Numquid
3131 2462 3401 2528 quomodo
3427 2461 3601 2517 homi-

2026 2559 2166 2604 nem,
2189 2544 2265 2597 sic
2287 2545 2502 2613 ptunitut
2520 2546 2865 2600 Dentu?N.nn
2888 2547 3085 2602 dictum
3099 2562 3199 2614 est,
3228 2551 3291 2605 Si
3318 2554 3600 2620 pmnitucrit

2024 2652 2108 2688 ros
2134 2635 2198 2689 de
2219 2636 2432 2704 peccatis
2449 2637 2640 2701 vestris,
2664 2638 2916 2707 pwnitebit
2940 2650 2987 2693 et
3012 2657 3091 2695 me
3112 2643 3176 2696 de
3193 2644 3422 2697 omnibus
3447 2648 3594 2700 malis

2023 2742 2136 2793 qua:
2163 2731 2391 2797 facturus
2433 2744 2571 2783 erum
2616 2730 2751 2783 vobis
2790 2730 2999 2800 (Jcrem.
3043 2749 3188 2801 xvnl,
3229 2733 3309 2805 8).
3340 2735 3605 2806 Numquid

2023 2819 2173 2887 quasi
2194 2828 2458 2874 errantem
2480 2822 2699 2890 poenitet
2716 2821 2915 2878 Deum?
2943 2823 3049 2880 Sed
3079 2826 3381 2894 [uenitentia
3410 2828 3608 2883 dicitur

2026 2906 2076 2961 in
2111 2908 2217 2962 Deo
2244 2910 2464 2964 mutatio
2487 2914 2786 2966 senti-num.
2816 2911 2931 2967 Non
2960 2923 3043 2969 cst
3073 2914 3271 2984 iniqua,
3305 2916 3398 2971 sed
3435 2912 3602 2986 jnSta.

2025 3003 2201 3068 Quare
2226 3001 2405 3070 leSlt?
2449 3002 2679 3058 Mutatus
2726 3013 2807 3058 est
2852 3020 3008 3070 reus,
3042 3008 3262 3061 mutavit
3284 3007 3447 3076 judex
3476 3023 3605 3064 sen-

2028 3093 2264 3145 tentiam.
2285 3091 2399 3146 Noli
2433 3096 2637 3149 teneri.
2659 3094 2934 3151 Sententia
2964 3105 3161 3151 mutata
3188 3107 3290 3163 est,
3321 3100 3603 3169 nonjusti-

2027 3185 2116 3237 tia.
2154 3183 2363 3238 Iustitia
2396 3185 2595 3256 integra
2635 3197 2818 3243 manet
2847 3206 2860 3243 :
2890 3189 3011 3259 quia
3042 3199 3242 3245 mutato
3282 3191 3441 3247 debet
3484 3207 3610 3262 par-

2025 3291 2148 3332 cere
2174 3277 2262 3347 qui
2285 3278 2462 3347 justus
2476 3290 2577 3334 est.
2604 3280 2882 3347 Quomodo
2914 3281 3166 3353 pertinaci
3193 3298 3297 3338 non
3322 3285 3608 3355 pareit,sic

2029 3379 2229 3424 mutato
2261 3371 2447 3440 parcit.
2481 3371 2597 3442 Ipse
2629 3387 2723 3427 rex
2746 3381 2829 3427 est
2852 3372 3212 3444 iudulgentim,
3235 3375 3321 3445 qui
3349 3375 3502 3429 datur
3518 3388 3607 3432 est

2027 3462 2176 3533 legis.
2219 3462 2358 3518 Misit
2386 3463 2556 3534 legem
2576 3505 2592 3531 ,
2622 3463 2765 3519 venit
2793 3480 2914 3519 cutn
2946 3464 3288 3536 indulgentia.
3334 3465 3499 3521 licunt
3546 3474 3606 3524 te

2027 3552 2223 3608 fecerat
2252 3553 2362 3617 lex,
2391 3554 2617 3609 absolvit
2642 3563 2694 3610 te
2719 3556 2810 3626 qui
2835 3555 2979 3610 dedit
3004 3556 3192 3627 legem.
3231 3556 3340 3611 luto
3374 3574 3477 3612 non
3503 3557 3605 3614 ab-

2026 3645 2181 3699 solvit
2201 3664 2215 3699 :
2235 3662 2356 3700 nam
2384 3646 2661 3703 absolvere
2682 3657 2763 3703 est
2783 3646 3117 3704 innocentem
3134 3650 3373 3718 judicare
3397 3669 3412 3705 :
3438 3650 3605 3708 donat

2029 3736 2202 3807 potius
2246 3745 2457 3808 peccata
2501 3752 2781 3793 converso.
2813 3738 3012 3794 Omnes
3037 3741 3178 3795 enim
3206 3750 3331 3795 sunt
3355 3741 3431 3797 rei
3452 3781 3468 3805 ,
3512 3740 3605 3811 qui

2029 3827 2258 3897 peccatis
2298 3828 2409 3883 suis
2445 3829 2663 3884 involuti
2696 3839 2839 3904 sunt.
2884 3827 3050 3883 Nemo
3087 3844 3146 3885 se
3184 3838 3331 3901 optet
3354 3830 3551 3886 absolvi
3587 3849 3604 3885 :

2027 3931 2214 3973 omnes
2235 3918 2444 3973 veniam
2464 3917 2834 3989 deprecemur.
2856 3918 3020 3976 Venia
3044 3934 3171 3974 vero
3190 3920 3344 3975 datur
3364 3930 3562 3975 mutato
3586 3939 3602 3974 :

2028 4015 2085 4064 et
2100 4008 2300 4064 erimus
2324 4010 2537 4075 securi,
2581 4026 2701 4065 cum
2743 4009 3083 4074 audierimus,
3121 4011 3268 4066 Sicut
3295 4013 3409 4082 ﬂuit
3435 4029 3548 4067 cera
3571 4030 3609 4067 ιι

2029 4098 2160 4170 faeie
2187 4099 2338 4170 ignis,
2366 4100 2441 4153 sic
2465 4110 2669 4170 pereant
2698 4110 2982 4170 peccatores
3005 4118 3038 4155 α
3063 4103 3196 4173 facie
3226 4100 3338 4158 Dei.

2098 4188 2323 4245 CAPUT
2348 4189 2456 4245 VII.
2483 4219 2555 4230 —-
2581 4191 2635 4245 7.
2661 4189 2906 4246 Peccator
2933 4202 3121 4263 pereat,
3148 4210 3209 4247 ne
3237 4194 3386 4248 Ιιοιιιο
3414 4203 3605 4265 pereat.

2027 4279 2207 4344 Certe,
2239 4277 2427 4334 fratres
2445 4320 2462 4345 ,
2488 4279 2647 4335 modo
2673 4289 2891 4350 pereant
2921 4291 3254 4351 peccatores,
3275 4292 3329 4337 et
3349 4298 3454 4338 non
3482 4299 3610 4353 per-

2028 4376 2157 4424 eunt
2188 4378 2511 4440 peccatores.
2552 4369 2609 4425 Si
2651 4370 2904 4440 incipiant
2935 4370 3077 4440 juste
3115 4370 3313 4438 vivere,
3360 4373 3610 4442 peribunt

2029 4460 2211 4530 utique
2233 4469 2559 4529 peccatores,
2602 4458 2696 4516 sed
2732 4476 2836 4516 non
2869 4462 3113 4532 peribunt
3138 4460 3397 4517 homines.
3433 4462 3608 4520 llomo

2031 4560 2295 4621 peccator,
2322 4549 2425 4605 duo
2456 4551 2667 4615 nomina
2697 4560 2821 4606 sunt
2850 4569 2863 4606 :
2893 4551 3053 4605 homo
3079 4568 3240 4607 unum
3265 4567 3455 4608 nomen
3480 4562 3563 4609 est
3588 4594 3607 4621 ,

2031 4652 2086 4698 et
2110 4652 2358 4713 peccator
2380 4659 2541 4698 unum
2567 4659 2760 4700 nomen
2780 4654 2881 4701 est.
2903 4644 2959 4701 In
2983 4645 3065 4702 his
3085 4647 3290 4703 duobus
3310 4648 3612 4705 nominibus

2032 4734 2374 4806 intelligimus
2397 4735 2518 4807 quia
2553 4751 2714 4791 unum
2759 4735 2949 4792 horum
2996 4738 3136 4793 Deus
3180 4738 3337 4808 fecit,
3383 4740 3609 4796 altermu

2033 4822 2221 4881 horum
2249 4824 2409 4881 homo
2439 4824 2582 4881 fecit.
2608 4825 2888 4883 llominem
2908 4829 3049 4884 enim
3083 4828 3221 4885 Deus
3251 4829 3392 4897 fecit,
3416 4847 3575 4904 pecca
3595 4867 3622 4876 -

2035 4925 2201 4972 torem
2230 4912 2426 4986 seipse
2465 4915 2626 4971 homo
2669 4916 2814 4973 fecit.
2856 4917 2993 4984 Quid
3039 4935 3167 4990 ergo
3202 4922 3610 4990 contremiscis,

2032 5004 2244 5076 quando
2273 5005 2364 5060 tibi
2406 5006 2533 5061 dicit
2576 5006 2751 5074 Deus,
2794 5008 3021 5064 Pereunt
3070 5020 3375 5080 peccatores
3410 5028 3439 5066 a
3477 5014 3614 5069 facie

2034 5098 2191 5152 mea?
2218 5096 2433 5152 lloetibi
2454 5097 2581 5152 dicit
2604 5098 2770 5153 Deus:
2792 5100 2978 5155 Pereat
3000 5102 3052 5155 in
3085 5111 3135 5156 te
3163 5101 3304 5172 quod
3332 5112 3384 5157 tu
3415 5102 3609 5171 fecisti,

2034 5200 2090 5243 et
2111 5204 2268 5245 servo
2296 5190 2437 5260 quod
2468 5206 2567 5260 ego
2599 5189 2718 5245 feci.
2743 5190 2814 5245 Et
2839 5191 2998 5268 modo
3022 5193 3174 5247 ardet
3198 5195 3333 5264 ignis
3361 5198 3410 5248 in
3436 5197 3609 5252 calore

2036 5280 2181 5335 verbi
2201 5320 2217 5341 .
2246 5268 2331 5334 res
2351 5291 2432 5335 est
2455 5281 2506 5334 in
2530 5279 2737 5336 fervore
2763 5281 2990 5352 Spiritus
3016 5283 3205 5349 sancti,
3228 5286 3362 5340 sicut
3382 5286 3615 5343 diximus

2032 5369 2362 5441 jamdudum,
2394 5371 2511 5442 quia
2540 5374 2794 5444 scriptum
2827 5387 2910 5430 est
2940 5376 2991 5429 in
3018 5374 3124 5429 alio
3155 5378 3379 5446 psalnw,
3412 5376 3615 5433 Necest

2037 5462 2194 5528 quise
2211 5460 2480 5516 abscondat
2496 5480 2526 5516 ιι
2542 5462 2706 5517 calore
2730 5467 2858 5535 ejus.
2888 5466 3138 5535 Spiritum
3166 5475 3342 5521 autem
3372 5477 3615 5523 sanctum

2040 5569 2156 5608 esse
2181 5552 2412 5607 calorem
2449 5553 2577 5609 dicit
2605 5555 2908 5626 Apostolus,
2943 5554 3139 5627 Spintu
3167 5559 3409 5627 ferventes
3437 5558 3613 5626 (Itoni.

2042 5660 2131 5707 χιι,
2169 5644 2272 5712 Η).
2307 5643 2445 5714 Ergo
2479 5661 2573 5713 pro
2600 5645 2732 5700 facie
2760 5646 2884 5709 Dei,
2927 5647 3018 5701 tibi
3056 5663 3192 5716 pone.
3227 5649 3437 5702 interim
3474 5650 3616 5703 Scri-

2040 5746 2244 5804 pturatn
2275 5732 2363 5786 Dei
2402 5751 2411 5786 :
2442 5734 2673 5804 liquesce
2701 5735 2767 5791 ab
2799 5736 2920 5802 illa;
2950 5738 3202 5805 pmnilcat
3231 5748 3300 5804 lc,
3326 5755 3448 5792 cum
3466 5740 3617 5795 undis
