4024 6202
203 331 295 386 ’55
1628 316 1857 373 SliliilO
1899 316 2055 373 XXII.

201 447 398 502 inde
425 446 654 518 peccatis
682 445 820 499 tuis.‘
844 444 973 499 Cum
995 454 1170 498 autent
1203 453 1252 497 te
1280 444 1520 513 pu‘uitet,
1561 453 1612 494 et
1652 457 1772 495 eum

203 549 248 594 te
275 539 445 608 ipsum
481 536 763 592 excruciari
794 534 895 590 sub
933 535 1111 589 calore
1148 534 1316 595 verbi.
1350 550 1468 589 cum
1505 534 1665 589 etiam
1704 534 1777 587 la-

199 645 387 701 trgum
410 639 653 695 currunt,
685 643 868 683 nonne
895 642 1034 683 cera:
1060 627 1348 683 tabcsecuti
1376 667 1389 689 ,
1432 636 1486 682 et
1525 635 1776 695 tauquam

202 726 247 777 iu
269 724 526 794 berymas
549 722 789 777 currenti
813 721 1009 776 similis
1047 721 1335 775 inveniris?
1360 721 1514 775 Modo
1541 735 1669 790 ergo
1698 719 1778 775 fac

199 815 328 881 quod
346 815 396 867 in
417 820 688 883 posterum
711 813 893 878 times,
915 820 1095 866 etnon
1112 811 1334 867 habebis
1351 811 1491 882 quod
1520 812 1570 864 in
1594 820 1775 881 poste-

200 921 307 959 nun
328 905 512 959 tinea
535 921 552 958 :
574 913 783 967 tantum
810 918 918 959 non
939 904 1077 960 sicut
1096 904 1271 960 fumus
1294 904 1509 959 delicias
1532 906 1570 956 ¹.

259 993 479 1052 CAPUT
512 995 653 1051 VIII.
691 1025 761 1036 —
796 995 853 1051 8.
888 995 1035 1049 Sicut
1067 1000 1237 1067 fumus
1265 996 1524 1065 deﬁciunt,
1556 996 1640 1065 qui
1664 1011 1778 1065 pec-

199 1097 301 1140 cata
336 1104 429 1141 sae
472 1086 769 1157 defendunt.
796 1124 799 1127 -
824 1086 957 1141 Nam
988 1097 1286 1165 .utrumque
1328 1086 1492 1141 habes
1536 1087 1605 1139 ihi
1638 1086 1775 1153 posi-

199 1190 299 1233 tam
326 1178 506 1234 :fortc
543 1194 649 1232 non
692 1178 812 1234 sine
837 1192 1018 1245 causa,
1060 1178 1182 1248 quia
1217 1187 1303 1232 est
1338 1177 1497 1233 etiam
1529 1177 1774 1231 distantia

198 1279 545 1338 peccatorum.
605 1267 662 1321 In
719 1267 839 1338 ipso
896 1283 1002 1322 uno
1053 1269 1217 1323 verbo
1271 1277 1552 1337 utrumque
1605 1268 1777 1337 posuit

196 1370 427 1425 i‘saitnus
476 1388 493 1424 :
536 1370 680 1425 Sicut
720 1371 891 1439 deficit
919 1374 1111 1441 fumus,
1138 1369 1377 1439 deﬁciant
1394 1387 1412 1435 ;
1439 1379 1484 1422 et
1511 1370 1638 1422 sicut
1665 1369 1776 1436 ﬂuit

194 1479 294 1516 (σε
317 1480 353 1515 ο
383 1464 524 1533 facie
556 1463 708 1533 ignis,
752 1462 826 1515 sic
868 1473 1075 1530 peream
1119 1472 1398 1529 peccatores
1427 1478 1456 1513 (ι
1486 1460 1614 1533 facie
1658 1459 1772 1513 Dei.

193 1554 278 1621 Qui
305 1564 461 1617 sunt,
494 1555 583 1625 qui
628 1554 761 1608 sicut
810 1553 987 1607 fumus
1038 1551 1325 1607 deﬁciunt?
1351 1553 1450 1619 Qui
1494 1561 1637 1617 sunt,
1675 1551 1772 1605 nisi

192 1646 421 1713 superbi,
451 1661 559 1699 non
602 1644 918 1699 conﬁtentes
959 1655 1172 1714 peccata
1205 1659 1320 1708 sua,
1352 1642 1445 1697 sed
1486 1642 1775 1696 «ΙιιΐριιίΙυεῖ-

195 1739 299 1793 tes?
322 1738 515 1806 Quare
552 1738 694 1793 fumo
729 1740 1019 1808 comparati
1046 1739 1208 1793 sunt?
1236 1739 1368 1804 Quia
1409 1738 1585 1792 fumus
1620 1738 1774 1807 erigit

192 1847 256 1889 se.
277 1832 496 1885 extollit
519 1845 580 1885 se
605 1840 849 1899 tauquam
888 1830 939 1883 in
965 1830 1159 1885 coelum
1195 1847 1209 1882 :
1249 1829 1343 1883 sed
1371 1837 1568 1898 quanto
1596 1828 1653 1881 fit
1679 1845 1771 1881 su-

193 1924 374 1991 perior,
431 1930 580 1977 tanto
628 1921 837 1976 facilius
875 1923 1140 1976 evanescit
1180 1929 1236 1976 et
1279 1920 1522 1989 disperit.
1570 1919 1772 1972 Rursus

191 2014 517 2069 considerate
542 2015 683 2084 quod
714 2015 846 2069 dixi.
880 2014 1108 2070 Solidior
1140 2024 1219 2069 est
1260 2014 1433 2067 fumus
1462 2013 1563 2083 igni
1596 2013 1774 2083 proxi-

192 2125 312 2172 mus,
339 2119 399 2163 et
429 2118 587 2164 terra:
615 2109 926 2178 proximus;
972 2108 1206 2162 nondum
1248 2107 1326 2162 sic
1365 2107 1600 2173 evanuit,
1633 2122 1769 2160 non-

192 2203 299 2255 dum
341 2203 423 2256 sic
465 2213 551 2258 est
578 2198 871 2272 'dispersus
895 2200 948 2255 in
979 2210 1164 2254 ventos
1197 2217 1210 2254 :
1241 2210 1387 2253 tanto
1427 2208 1602 2254 autem
1633 2207 1770 2252 atte-

192 2303 389 2350 runtur.
437 2292 732 2358 evanescit,
786 2300 842 2346 et
892 2291 1137 2359 disperit,
1189 2300 1388 2361 quanto
1440 2306 1497 2345 sc
1548 2289 1768 2343 multum

195 2386 429 2441 extulerit
455 2387 499 2439 ².
532 2386 667 2453 Quia
696 2400 825 2456 ergo
867 2387 1128 2455 superbus
1169 2386 1246 2439 sic
1288 2399 1346 2439 se
1388 2384 1543 2452 erigit
1589 2392 1769 2438 contra

198 2477 362 2540 Deum
387 2475 666 2547 quomodo
696 2475 875 2530 fumus
904 2486 1087 2531 contra
1128 2477 1357 2541 caelum;
1405 2484 1567 2530 restat
1596 2485 1654 2529 ut
1702 2474 1769 2528 ita

195 2570 406 2633 deﬁciat,
449 2581 504 2624 et
548 2580 797 2639 tanquam
829 2569 880 2623 in
911 2579 1095 2623 ventos
1132 2582 1242 2623 sua:
1269 2568 1516 2622 vanitatis
1544 2566 1772 2622 elatione

195 2662 457 2731 dissipatus
501 2662 760 2725 intereat;
818 2660 1264 2730 quemadmodum
1317 2659 1540 2729 disperit
1594 2657 1770 2712 funms

196 2753 364 2815 datus,
407 2750 634 2815 tumida,
664 2766 768 2803 non
807 2740 977 2805 solida
1020 2749 1383 2821 magnitudine
1421 2748 1653 2802 innatus.
1680 2747 1770 2801 Sic

195 2852 260 2894 est
278 2844 422 2896 enim
450 2842 632 2895 fumus
660 2860 673 2895 :
704 2840 853 2895 vides
882 2856 1125 2911 magnam
1169 2841 1399 2904 molem;
1429 2839 1592 2893 habes
1621 2841 1770 2909 quasi

193 2933 309 2999 qttod
334 2933 546 2997 videas,
572 2942 627 2987 et
669 2948 774 2986 non
809 2932 971 2987 habes
1018 2931 1157 3002 quod
1187 2942 1388 2986 teneas.
1428 2931 1613 2987 Talem
1646 2949 1772 3003 ergo

194 3039 408 3092 piatam,
442 3023 662 3089 fratres,
697 3031 826 3078 ante
860 3023 1034 3077 omnia
1073 3022 1431 3089 dctestamini,
1465 3037 1560 3077 nec
1591 3024 1772 3077 defen-

192 3114 309 3167 datis
352 3125 572 3183 peccata
624 3121 802 3168 vestra
835 3130 848 3166 :
877 3125 931 3168 et
972 3113 1016 3168 si
1062 3113 1234 3167 adhuc
1263 3112 1455 3179 facitis,
1490 3115 1651 3168 nolite
1681 3114 1773 3168 dc—

194 3205 415 3259 lnulere.
444 3204 675 3261 Subdite
712 3220 809 3259 vos
838 3204 966 3269 Deo,
1011 3213 1064 3260 et
1099 3203 1177 3259 sic
1203 3203 1407 3257 tundite
1437 3214 1647 3273 pectora
1678 3220 1771 3257 ve-

193 3309 304 3356 stra.
351 3307 413 3351 ut
449 3307 511 3352 et
539 3298 652 3366 ipsa
683 3312 803 3367 qum
842 3305 1228 3360 remanserunt,
1268 3309 1372 3350 non
1419 3296 1565 3349 fiant.
1597 3297 1774 3351 Cona-

194 3391 304 3443 Iiui
348 3405 458 3444 non
505 3389 708 3455 facere,
750 3398 805 3444 et
840 3388 887 3445 si
918 3389 1030 3443 ﬁeri
1070 3397 1261 3458 potest,
1303 3388 1444 3443 nulla
1486 3386 1641 3443 facile
1674 3404 1687 3441 :
1728 3387 1772 3442 si

194 3495 353 3537 autem
380 3482 501 3537 ﬁeri
533 3497 640 3536 non
665 3489 841 3552 potest
859 3490 917 3535 ut
941 3479 1081 3536 nuiia
1102 3479 1326 3547 faciatis,
1356 3487 1569 3535 maneat
1595 3489 1771 3535 tamen

193 3572 264 3624 illa
289 3575 371 3643 pia
396 3573 692 3628 confessio.
738 3572 851 3627 Erit
891 3572 1031 3627 enim
1081 3581 1353 3642 respectus
1394 3572 1776 3627 misericordia:

195 3662 361 3731 ipsius,
395 3674 457 3718 ut
498 3673 553 3720 te
590 3672 823 3718 conante
867 3653 1373 3732 omnia'perimere,
1422 3672 1476 3716 et
1518 3670 1772 3732 quantum

195 3756 439 3820 stimet-it
483 3755 801 3824 perimente,
831 3753 901 3810 de
941 3755 1156 3824 reliquis
1197 3769 1315 3824 qua:
1356 3754 1453 3808 tibi
1483 3763 1687 3809 restant
1720 3754 1771 3807 in

198 3847 368 3902 itinere
412 3848 636 3901 invento
689 3855 746 3901 et
791 3846 844 3900 in
900 3854 1089 3901 conatu
1136 3845 1562 3915 comprehenso,
1622 3845 1775 3901 facile

197 3937 419 4003 ἱῖιοςαι
449 3955 466 3991 :
505 3947 707 3993 tantum
750 3938 1010 4009 proiicere
1039 3936 1245 4003 aﬂ‘ccta,
1276 3954 1380 3991 non
1412 3937 1665 3993 deiicere.
1716 3937 1773 3993 Si

198 4044 286 4082 anu
313 4040 369 4085 te
413 4029 624 4086 invenit
664 4030 779 4085 dies
824 4029 1039 4083 ultimus
1084 4030 1361 4097 victorem,
1409 4028 1645 4084 inveniat
1690 4029 1773 4082 vel

198 4133 525 4195 pugnantem,
559 4140 668 4179 non
693 4132 906 4193 captum
927 4133 983 4179 et
1007 4120 1295 4177 addictum.

255 4216 479 4274 ωυτ
519 4214 614 4271 IX.
639 4245 714 4255 —
735 4215 788 4271 9.
820 4212 1165 4270 liscricordia
1190 4211 1300 4280 Dei,
1322 4222 1514 4285 quanta
1541 4228 1657 4284 erga
1684 4211 1775 4265 ho-

198 4311 386 4362 ιιίεειι.
430 4309 531 4364 Est
583 4317 761 4364 autem
810 4307 1172 4363 misericordia
1232 4306 1326 4360 Dei
1382 4304 1775 4360 abundantissi-

196 4414 273 4451 ιη
312 4399 354 4464 ⁸,
382 4409 444 4454 et
486 4398 633 4469 larga
678 4397 796 4468 ejus
838 4396 1227 4460 benevolentia,
1260 4395 1348 4466 qui
1392 4410 1491 4449 nos
1517 4382 1773 4465 sanguine

196 4488 305 4545 Filii
345 4490 427 4546 sui
464 4489 718 4557 redemit,
760 4504 880 4544 eum
910 4498 1125 4558 propter
1163 4496 1378 4556 peccata
1424 4495 1601 4540 nostra
1644 4486 1773 4539 nihil

195 4597 445 4637 csse-ns.
473 4580 611 4636 Nam
642 4579 756 4650 ipse
781 4577 977 4649 aliquid
1004 4593 1251 4647 magnum
1273 4576 1416 4643 fecit,
1444 4591 1563 4630 cum
1597 4574 1770 4629 homi-

195 4686 307 4725 ιω
331 4671 396 4726 ad
422 4671 712 4742 imaginem
739 4677 795 4724 et
820 4669 1218 4724 similitudinem
1243 4681 1392 4722 suam
1415 4666 1632 4721 creavit.
1665 4665 1772 4721 Sed

192 4765 302 4830 quia
349 4776 449 4817 nos
493 4761 625 4816 nihil
664 4760 780 4817 ﬁeri
808 4759 1072 4814 voluimus
1101 4756 1389 4828 peccando,
1417 4765 1474 4812 et
1497 4757 1768 4811 traducem

194 4854 522 4910 "talitatis
549 4854 619 4909 de
648 4851 957 4925 parentibus
976 4851 1238 4917 duximus,
1264 4858 1315 4904 ct
1345 4864 1514 4904 massa
1546 4851 1769 4920 peccati,

192 4963 359 5003 nm
383 4948 480 5001 ira:
505 4946 626 5001 iacti
653 4963 837 5002 sumus
869 4960 883 4998 :
916 4943 1112 5016 placuit
1134 4953 1306 4999 tamen
1334 4941 1408 4997 illi
1442 4958 1534 5013 per
1559 4943 1771 4998 miseri-

190 5042 420 5097 tum-diam
451 5040 601 5095 suam
630 5042 898 5096 redimere
937 5055 1035 5094 nos
1060 5046 1207 5093 tanto
1242 5037 1449 5108 pretio;
1493 5036 1635 5091 dedit
1677 5052 1773 5105 pro

191 5133 339 5186 mitis
360 5133 672 5203 sanguinem
693 5129 850 5187 Unici
870 5129 950 5184 sui
976 5130 1285 5183 innocenter
1305 5129 1435 5191 nati,
1459 5127 1772 5182 innocenter

193 5224 433 5289 urentis,
464 5224 782 5278 innocenter
816 5221 1029 5275 mortui.
1054 5218 1154 5286 Qui
1185 5234 1281 5273 nos
1310 5226 1456 5273 tanto
1486 5217 1654 5287 pretio
1680 5232 1768 5272 rc-

246 5338 259 5367 ³
286 5336 362 5386 sic
379 5336 621 5386 textnsad
643 5335 865 5386 codicem
882 5346 953 5383 es.
977 5333 1234 5382 restitutus
1254 5337 1348 5381 est.
1376 5330 1448 5391 [Et
1470 5343 1565 5380 non
1580 5328 1773 5391 trabem

189 5396 309 5455 eaad
332 5397 382 5447 in
401 5404 642 5461 posterum
664 5394 852 5447 timeas.
879 5401 1076 5445 tantum
1089 5406 1183 5443 non
1204 5392 1324 5443 sicut
1340 5388 1499 5455 [ﬁmus
1522 5388 1766 5455 deﬁciant.

204 5458 511 5570 "rigid
554 5519 782 5570 eumdem
828 5524 912 5568 Ms.
951 5530 1021 5567 es.
1056 5517 1436 5567 emeudavimus.
1460 5513 1676 5575 [omme
1689 5527 1771 5564 au-

190 5586 271 5651 tr-w
293 5588 580 5651 gignatur,
604 5583 844 5635 evanescit
864 5588 909 5630 et
931 5577 1150 5643 disperit,
1177 5576 1369 5642 quando
1392 5591 1443 5627 se
1466 5575 1665 5627 multum
1685 5589 1772 5626 ca:-

192 5646 430 5829 iiing
464 5705 587 5758 liber
612 5720 683 5758 cs.
706 5707 725 5768 ί
751 5711 831 5756 Est
876 5708 1033 5753 unum
1080 5699 1414 5752 misericordia
1457 5698 1769 5751 abundanti;-

196 5782 315 5812 Ml.

196 5782 315 5812 Mi.

3376 342 3474 397 15$

1890 439 2070 503 demit,
2105 460 2207 496 non
2230 446 2338 498 vult
2372 448 2542 515 perire
2564 464 2697 519 quos
2723 452 2870 508 emit.
2901 454 3014 509 Non
3041 458 3170 512 emit
3197 473 3329 530 quos
3357 475 3478 527 per-

1887 532 1973 586 dat
2002 551 2014 587 :
2041 537 2133 589 sed
2164 539 2291 593 emit
2316 556 2446 609 quos
2476 544 2720 599 \‘iviiicel.
2752 547 2807 602 Si
2842 561 3052 617 peccata
3096 562 3273 608 nostra
3318 569 3476 623 supc-

1886 633 2006 678 rant
2032 641 2148 691 nos,
2175 631 2400 695 pretium
2422 648 2573 687 suum
2602 651 2703 688 non
2720 643 3020 696 contemnit
3051 642 3209 697 Deus.
3240 645 3472 701 Pretium

1887 731 2135 785 magnum
2157 720 2321 774 dedit.
2352 723 2458 778 Nec
2485 735 2658 780 tamen
2683 731 2832 783 nobis
2864 741 3062 787 t:mtum
3086 735 3154 789 de
3186 737 3349 805 ipsius
3376 742 3477 792 tni-

1886 808 2172 861 sericordia
2209 810 2563 878 blandiamur,
2593 818 2635 869 si
2671 835 2773 871 non
2807 820 3059 875 fuerimus
3086 825 3263 879 conati
3289 827 3476 880 adver-

1886 913 1976 948 sus
2008 909 2223 965 peccata
2272 913 2481 968 nostra;
2535 923 2631 960 nec
2673 911 2715 961 si
2760 910 2935 979 aliqua
2982 914 3210 968 maxime
3231 918 3473 984 capitalia

1886 988 2183 1053 fecerimus,
2227 1006 2505 1061 Speremus
2532 998 2599 1051 ita
2631 998 2856 1054 futuram
2887 1018 3006 1058 esse
3029 1006 3470 1065 miscricordiam.

1885 1089 1941 1134 ut
1972 1081 2018 1133 ci
2055 1084 2407 1155 coniungatur
2435 1090 2702 1157 iniquitas.
2734 1093 2993 1164 Ntnuquid
3020 1099 3160 1151 enim
3183 1108 3239 1153 et
3261 1115 3353 1154 eos
3376 1100 3470 1170 qni

1884 1171 2015 1225 nihil
2041 1186 2282 1241 egerunt,
2315 1181 2757 1247 qucmathnmlum
2801 1187 3027 1241 correcti
3071 1188 3332 1254 viverent,
3376 1191 3469 1244 sed

1885 1261 1935 1314 in
1971 1265 2252 1329 pertinacia
2285 1278 2337 1320 ct
2375 1270 2565 1323 duritia
2599 1274 2760 1327 animi
2791 1288 3217 1343 permanserunt,
3254 1294 3472 1334 accusa-

1883 1363 2074 1407 verunt
2104 1357 2265 1410 etiam
2298 1359 2463 1413 Deum
2493 1361 2828 1420 defendendo
2859 1377 3070 1435 peccata
3094 1386 3211 1432 sua,
3244 1372 3312 1425 ibi
3342 1387 3470 1424 rou-

1882 1445 2161 1499 stituturus
2197 1460 2309 1511 est,
2343 1450 2428 1504 ubi
2459 1454 2730 1507 constituit
2759 1465 2970 1511 sanctos
3019 1469 3277 1530 martyres
3308 1462 3345 1523 ',
3380 1464 3466 1515 ιιιιί

1880 1538 2152 1591 constituit
2181 1550 2394 1596 sanctos
2426 1544 2731 1611 Apostolus,
2762 1548 3076 1617 Prophetas,
3111 1551 3464 1613 Patriam-has,

1880 1641 1928 1682 et
1965 1629 2151 1684 lideles
2194 1647 2320 1687 suos
2366 1633 2501 1688 bene
2542 1637 2607 1690 de
2636 1652 2694 1692 se
2731 1641 2971 1707 meritos,
3016 1642 3112 1694 sibi
3154 1644 3464 1705 servientes,

1878 1721 2210 1776 ambulantes
2250 1725 2299 1778 in
2340 1726 2601 1789 castitate,
2653 1730 3278 1797 modestia,humilitate,
3321 1734 3465 1788 elec-

1879 1829 2128 1884 mosynas
2156 1816 2425 1881 facientes,
2452 1820 2784 1888 iguoscentes
2817 1823 2956 1890 quod
2996 1838 3026 1877 a
3057 1839 3319 1893 quoquam
3348 1842 3468 1895 prr-

1880 1905 2017 1972 pessi
2048 1907 2206 1959 sunt?
2241 1906 2383 1961 Talis
2414 1919 2495 1962 est
2524 1911 2664 1963 enim
2693 1912 2774 1963 via
2798 1911 3084 1981 justorum,
3120 1914 3240 1967 talis
3275 1925 3355 1969 est
3385 1918 3464 1969 via

1876 2004 2178 2050 sanctorum
2203 2001 2491 2053 tenentium
2516 2001 2679 2055 Deum
2709 2002 2939 2069 Patrem,
2965 2004 3254 2059 tenentium
3278 2005 3465 2062 Eccle—

1875 2087 2008 2140 siam
2037 2099 2258 2143 matrem
2285 2093 2327 2156 ’,
2361 2106 2460 2145 nec
2486 2092 2631 2146 illum
2661 2103 2951 2162 parentem,
2984 2111 3085 2150 nec
3115 2096 3266 2150 istam
3297 2097 3465 2151 οπο...

1877 2176 2083 2243 dentes,
2115 2181 2207 2235 sed
2237 2181 2287 2234 in
2316 2197 2498 2238 amore
2539 2185 2812 2253 utriusque
2856 2187 3093 2255 parentis
3122 2188 3381 2253 viventes,
3412 2202 3466 2243 et

1876 2271 1943 2325 ad
1973 2271 2333 2327 hatreditatcm
2369 2283 2621 2327 teteruam
2662 2286 3028 2344 properantes,
3058 2293 3162 2331 non
3202 2276 3331 2332 laeso
3374 2296 3465 2348 pa-

1880 2372 1978 2425 tre,
2012 2379 2116 2416 non
2147 2364 2271 2417 la-sa
2303 2373 2491 2430 matre,
2521 2365 2677 2419 datur
2707 2366 2990 2436 unicuique
3016 2367 3320 2423 han-editas.

1947 2452 2177 2507 CAPUT
2208 2453 2274 2507 Χ.
2300 2484 2371 2494 —
2401 2456 2485 2508 10.
2520 2453 2634 2508 Duo
2657 2466 2886 2526 parentes
2915 2459 2983 2510 ad
3008 2458 3180 2522 vitam,
3204 2468 3250 2511 et
3278 2459 3381 2512 duo
3400 2463 3469 2514 ad

1878 2555 2101 2598 mortem.
2135 2546 2266 2612 Quia
2295 2546 2402 2600 duo
2448 2556 2695 2617 parentes
2737 2563 2834 2602 nos
2871 2559 3172 2618 genuerunt
3215 2549 3281 2604 ad
3326 2567 3470 2604 mor-

1879 2647 2005 2697 tem,
2062 2636 2168 2692 d::o
2218 2648 2463 2705 parentes
2519 2654 2617 2693 nos
2681 2650 2978 2708 genuerunt
3030 2640 3094 2695 ad
3144 2641 3326 2695 vitam.
3367 2641 3467 2695 Pa-

1878 2739 2059 2783 rentes
2098 2731 2186 2799 qui
2220 2744 2315 2784 nos
2344 2740 2643 2801 genuerunt
2685 2732 2750 2785 ad
2794 2742 3043 2798 mortem,
3091 2733 3260 2789 Adam
3298 2743 3382 2790 est
3415 2745 3469 2788 et

1881 2822 2024 2883 Eva;
2058 2831 2305 2892 parentes
2334 2824 2422 2893 qui
2456 2839 2554 2878 nos
2592 2835 2885 2894 genuerunt
2917 2824 2981 2879 ad
3013 2825 3193 2890 vitam,
3221 2825 3465 2880 Christus

1878 2921 1961 2966 est
1987 2924 2039 2966 et
2061 2913 2318 2967 Ecclesia.
2354 2914 2417 2966 Et
2452 2924 2604 2982 pater
2627 2929 2777 2968 meus
2803 2915 2893 2984 qui
2921 2930 3007 2969 me
3030 2914 3211 2985 genuit
3233 2914 3297 2968 ad
3325 2930 3470 2969 mor-

1880 3012 2006 3063 tem,
2041 3004 2203 3057 Adam
2250 3004 2380 3058 mihi
2429 3004 2560 3069 fuit;
2593 3014 2649 3060 et
2692 3015 2865 3060 mater
2904 3020 3017 3060 mea
3052 3006 3314 3064 Evamihi
3343 3006 3460 3060 fuit.

1879 3093 1997 3147 Nati
2049 3109 2233 3149 sumus
2263 3096 2558 3151 secundum
2612 3096 2765 3150 istam
2817 3096 3126 3167 progeniem
3174 3098 3371 3163 carnis,
3399 3111 3465 3152 ex

1879 3200 2101 3239 munere
2124 3185 2337 3255 quidem
2368 3187 2492 3251 Dei;
2520 3187 2639 3257 quia
2666 3196 2721 3241 et
2743 3186 2881 3241 istud
2901 3201 3092 3241 munus
3108 3201 3212 3241 non
3239 3198 3321 3242 est
3343 3188 3473 3243 alte-

1879 3278 2009 3339 rius.
2043 3278 2136 3331 sed
2180 3278 2272 3332 Dei
2315 3296 2329 3333 :
2370 3286 2427 3332 ct
2466 3287 2665 3344 tamen,
2713 3280 2921 3344 fratres,
2950 3278 3220 3349 quomodo
3245 3280 3351 3334 nati
3381 3294 3470 3333 su-

1881 3369 2039 3422 mus?
2063 3370 2219 3423 Certe
2250 3379 2306 3423 ut
2330 3369 2638 3424 moriamur.
2666 3370 3028 3425 Pra-eessores
3051 3380 3350 3440 genuerunt
3366 3368 3468 3424 sibi

1881 3474 2220 3514 successores
2247 3476 2261 3513 :
2289 3458 2546 3529 numquid
2574 3468 2874 3530 genuerunt
2897 3460 2997 3514 sibi
3025 3475 3148 3515 cum
3169 3460 3364 3531 quibus
3382 3460 3472 3514 hic

1882 3564 2094 3620 semper
2116 3550 2332 3605 vivant?
2367 3550 2472 3605 Sed
2504 3558 2753 3621 tanquam
2782 3550 3073 3615 decessori,
3104 3552 3192 3621 qui
3222 3550 3324 3604 illis
3344 3566 3469 3604 suc-

1879 3640 2153 3703 cederent,
2185 3649 2480 3709 genue-runt
2504 3639 2625 3697 sibi.
2663 3639 2802 3693 Deus
2825 3648 3004 3711 autem
3036 3649 3183 3709 pater
3220 3649 3273 3695 et
3299 3649 3470 3695 mater

1881 3730 2138 3793 Ecclesia,
2173 3743 2278 3784 non
2306 3730 2370 3783 ad
2402 3730 2502 3783 hoc
2530 3738 2787 3799 generant
2828 3745 2840 3780 :
2881 3738 3140 3797 generant
3183 3740 3360 3783 autem
3401 3731 3466 3783 ad

1883 3824 2040 3877 vitam
2068 3833 2342 3886 :eternam,
2373 3822 2494 3892 quia
2521 3829 2576 3877 ct
2609 3822 2707 3892 ipsi
2737 3820 2921 3875 aeterni
2951 3829 3092 3874 sunt.
3121 3819 3189 3875 Et
3213 3820 3471 3876 habemus

1882 3913 2249 3969 hereditatem
2276 3914 2588 3983 promissam
2610 3928 2639 3965 a
2666 3912 2880 3966 Christo
2898 3916 3060 3965 vitam
3078 3922 3353 3967 eneruata.
3376 3912 3468 3968 Se-

1882 4006 2115 4060 cundum
2142 4004 2284 4075 quod
2316 4003 2543 4059 Verhutn
2564 4017 2692 4057 caro
2721 4002 2914 4055 factum
2938 4009 3040 4062 est,
3060 4010 3115 4056 et
3138 4001 3391 4055 habitavit
3412 4002 3465 4056 iu

1882 4099 2036 4153 nobis
2060 4098 2236 4167 (Joan.
2257 4115 2293 4162 ι,
2319 4099 2431 4165 H).
2466 4098 2696 4150 nutritus
2711 4096 2899 4159 crevit,
2925 4110 3133 4164 passus,
3157 4103 3399 4150 mortuus
3413 4107 3468 4151 et

1881 4190 2228 4244 resuscitatus
2253 4187 2459 4254 accepit
2474 4185 2837 4240 limi-uilitatem
2864 4200 3084 4255 regnum
3103 4185 3381 4240 caelorum.
3409 4186 3465 4241 in

1883 4282 1998 4350 ipso
2017 4280 2231 4334 homine
2256 4276 2912 4347 accepitresurrectionem
2933 4288 2988 4329 et
3007 4276 3167 4330 vitam
3186 4287 3462 4342 aeternam,

1883 4371 1937 4426 in
1970 4372 2085 4439 ipso
2113 4369 2325 4422 homine
2344 4367 2547 4437 accepit
2581 4385 2594 4419 :
2622 4366 2676 4420 in
2706 4366 2882 4422 \‘erho
2902 4375 3079 4421 autem
3102 4381 3207 4421 nou
3224 4369 3463 4437 accepit;

1882 4466 2002 4535 quia
2036 4461 2541 4517 incommutabiliter
2569 4471 2747 4513 manet
2769 4458 2840 4513 ab
2865 4467 3070 4515 aeterno
3096 4460 3148 4514 in
3178 4469 3463 4515 aeternum.

1881 4558 2013 4623 Quia
2039 4569 2169 4625 ergo
2183 4555 2385 4623 accepit
2405 4550 2845 4607 resurrectionem
2861 4551 3088 4605 ctvitam
3110 4561 3363 4606 :eteruotn
3385 4569 3467 4606 ca-

1883 4667 1944 4705 ro
1962 4650 2067 4712 illa,
2091 4663 2212 4717 qua:
2227 4645 2517 4701 resurrexit
2544 4654 2597 4699 et
2623 4643 2887 4698 viviticata
2908 4642 3150 4698 ascendit
3176 4644 3230 4697 in
3245 4645 3462 4705 calum.

1881 4742 1985 4796 hoc
2019 4742 2171 4795 nobis
2198 4738 2518 4809 promissum
2552 4746 2653 4791 est.
2689 4736 2858 4805 Ipsam
2888 4735 3249 4790 luereditatem
3274 4751 3466 4805 exspe-

1880 4845 2109 4895 ctamus,
2142 4839 2302 4887 vitam
2327 4841 2605 4886 aeternam.
2633 4829 2820 4884 Adhuc
2843 4828 2985 4883 enim
3018 4844 3122 4882 non
3150 4819 3316 4882 totum
3343 4844 3466 4883 cor-

1882 4945 1981 4999 pus
2005 4926 2242 4993 accepit;
2278 4923 2401 4992 quia
2440 4929 2601 4990 caput
2638 4921 2688 4972 in
2727 4920 2863 4975 caelo
2888 4929 2990 4983 est,
3019 4919 3256 4973 membra
3287 4919 3465 4973 adhuc

1883 5025 1935 5077 in
1961 5033 2099 5077 terra
2124 5028 2246 5074 sunt
2275 5034 2288 5070 :
2319 5031 2416 5069 nec
2444 5023 2600 5083 caput
2625 5012 2793 5065 solum
2822 5022 3157 5079 accepturmn
3185 5019 3266 5064 est
3297 5010 3461 5065 hmre-

1881 5115 2121 5177 ditatem,
2152 5119 2206 5165 et
2241 5122 2435 5177 corpus
2476 5104 2801 5171 relinquetur
2831 5119 2842 5154 :
2875 5111 3016 5154 totus
3041 5099 3282 5154 Christus
3307 5115 3462 5155 accc-

1882 5217 2069 5277 pturus
2108 5210 2191 5257 est
2220 5197 2619 5255 haereditatem;
2655 5201 2793 5246 totus
2831 5191 3121 5245 secundum
3165 5190 3457 5254 hominem,

1882 5297 1932 5351 id
1960 5304 2043 5350 est
2065 5300 2222 5362 caput
2248 5296 2301 5344 ct
2326 5301 2539 5357 corpus.
2583 5282 2817 5339 Membra
2853 5296 2981 5361 ergo
3018 5284 3209 5337 Christi
3253 5298 3457 5346 sumus,

1880 5401 2158 5458 speremus
2187 5380 2553 5437 hmreditatetn
2587 5394 2600 5431 :
2641 5376 2761 5446 quia
2789 5391 2910 5429 cum
2954 5375 3130 5429 omnia
3159 5376 3254 5429 ista
3284 5386 3458 5443 trans-

1882 5478 2061 5541 ierint,
2095 5475 2195 5530 hoc
2242 5476 2438 5528 honttm
2466 5468 2731 5538 accepturi
2768 5479 2950 5520 sumus
2979 5465 3119 5534 quod
3147 5482 3251 5519 non
3284 5475 3459 5521 trans-

1947 5638 1960 5666 ¹
1990 5643 2052 5685 tta
2084 5633 2238 5682 codex
2258 5646 2323 5680 es.
2355 5630 2444 5690 [Ilvi
2468 5627 2808 5679 constituimus
2822 5633 2907 5685 est,
2926 5623 3002 5674 ibi
3026 5623 3207 5674 rottstitt
3229 5621 3261 5674 il
3286 5640 3340 5673 ,ιω
3362 5636 3458 5679 rto;

1886 5696 2260 5805 Ψῗῖᾘιᾳδέιιίκ·
2285 5753 2385 5801 lrco
2408 5752 2463 5799 ad
2484 5753 2553 5811 lit,
2577 5764 2682 5800 rum
2710 5748 2894 5813 utrique
2913 5747 3121 5814 ﬁdeliter
3141 5748 3319 5799 (td/twn
3336 5760 3405 5801 ut.
