4024 6202
538 340 637 393 155

533 454 645 512 iiut.
676 460 728 505 ct
756 449 853 502 hoc
882 446 1075 501 malum
1103 441 1315 498 evasuri
1346 437 1612 508 quodnon
1642 435 1919 500 transibit;
1949 443 2109 488 teter-

533 560 596 595 ua
644 549 767 597 sunt
807 539 949 593 enim
989 545 1229 603 utraque.
1271 531 1384 585 Non
1428 530 1568 585 enim
1613 527 1811 597 aliquid
1854 534 2112 580 mternutu

532 632 773 702 promisit
814 629 946 694 suis,
974 636 1029 683 et
1070 625 1285 695 aliquid.
1312 621 1600 692 temporale
1643 621 1872 674 minatus
1899 627 1978 672 est
2008 617 2111 670 im-

530 728 630 794 piis
662 727 697 776 ¹.
730 722 1009 792 Quomodo
1030 722 1209 784 vitam,
1238 714 1638 779 beatitudinem,
1663 727 1907 783 regnum,
1941 709 2111 763 ha‘re-

527 821 749 873 ditatem
787 819 1165 884 sempiternam
1203 812 1318 865 sine
1348 809 1451 863 line
1487 806 1734 877 promisit
1760 804 1985 865 sanctis;
2034 802 2112 856 sic

528 912 703 979 ignem
749 918 1008 962 aitet-num
1051 906 1277 959 minatus
1319 909 1401 956 est
1437 899 1632 969 impiis.
1684 897 1736 952 Si
1786 895 1926 965 quod
1984 909 2110 962 pro-

527 1003 672 1056 misit
712 1000 946 1054 nondum
977 1011 1239 1061 amamus,
1272 995 1460 1049 saltem
1489 991 1630 1062 quod
1663 990 1893 1045 minatus
1932 995 2013 1042 est
2042 985 2109 1039 ti-

526 1108 782 1147 ιιινεωιιις.

1026 1223 1255 1278 sentio
1293 1219 1459 1276 .\'Xllt
1484 1223 1501 1241 ο
1536 1216 1629 1289 (α).

524 1362 596 1415 De
634 1379 775 1415 versu
816 1361 884 1413 21
930 1356 1127 1413 Psaltni
1159 1372 1331 1419 Lxxu,
1363 1353 1599 1407 'l‘euuisti
1629 1365 1841 1404 manum
1872 1347 2107 1401 dextera)

918 1466 1052 1505 mea:
1076 1468 1089 1503 :
1113 1458 1158 1502 et
1183 1448 1245 1501 tle
1269 1447 1454 1501 visione
1480 1442 1576 1498 Dei
1607 1441 1703 1513 (b).

993 1582 1192 1634 Habitus
1212 1581 1262 1629 in
1282 1576 1477 1629 basilica
1493 1575 1665 1626 Fausti.

592 1713 816 1769 CAPUT
880 1709 1165 1767 PRIMUM.
1210 1737 1282 1752 ιρ-
1327 1708 1378 1762 1.
1421 1705 1695 1760 Doctorum
1729 1704 1943 1773 ofﬁcium
1971 1701 2106 1771 peri-

523 1809 769 1872 culosum,
812 1802 1096 1857 auditarum
1147 1801 1367 1855 securior
1402 1797 1640 1853 conditio.
1674 1794 1825 1862 Quod
1870 1795 2105 1850 cantavi-

524 1912 641 1951 ItlllS
711 1895 970 1961 Domino,
1040 1892 1366 1963 pr0positum
1430 1888 1581 1943 nobis
1648 1886 1714 1941 ad
1783 1884 2103 1955 loquendum

520 1988 803 2042 credamus
831 2003 846 2038 :
880 1984 1005 2039 hinc
1030 1982 1180 2039 vobis
1211 1982 1301 2035 liat
1323 1994 1501 2034 sermo
1524 1986 1724 2033 uoster.
1759 1976 1821 2031 Et
1851 1976 1937 2030 cui
1968 1975 2104 2030 dixi-

521 2096 660 2141 ntus,
693 2076 917 2131 Tenuisti
944 2091 1147 2129 manum
1188 2073 1407 2127 dexterte
1448 2086 1570 2124 mea:
1590 2071 1610 2100 ²
1635 2111 1649 2134 ,
1696 2078 1742 2122 et
1775 2069 1827 2122 in
1856 2068 2105 2123 voluntate

522 2182 607 2222 tua
638 2168 889 2222 deduxisti
915 2183 1012 2232 me,
1042 2175 1088 2219 et
1129 2180 1244 2218 cum
1282 2162 1447 2233 gloria
1495 2161 1810 2230 assumpsisti
1838 2176 1951 2223 me;
1993 2158 2104 2230 ipse

521 2262 585 2313 ad
636 2260 963 2314 intellectum
1010 2255 1289 2311 clariorem
1330 2261 1570 2308 assumat
1609 2251 1770 2306 corda
1813 2260 2014 2318 nostra,
2053 2260 2107 2306 et

523 2352 735 2419 adjuvet
785 2346 1148 2404 misericordia
1195 2353 1249 2401 et
1294 2343 1460 2414 gratia
1511 2358 1607 2397 sua
1650 2358 1736 2397 me
1778 2342 2102 2412 loquentem,

528 2460 621 2494 \os
664 2441 981 2511 judicantes.
1026 2438 1336 2507 Quanquam
1396 2444 1613 2505 propter
1673 2433 2101 2488 commoditatem

521 2529 897 2602 depzomenda:
938 2529 1082 2583 vocis
1128 2528 1148 2559 ³
1198 2527 1389 2581 altiore
1438 2527 1556 2579 loco
1603 2535 1747 2580 stare
1793 2524 2100 2585 rideamur;

523 2637 698 2677 tamen
729 2622 779 2676 in
812 2621 928 2688 ipso
953 2620 1142 2674 altiore
1169 2618 1288 2672 loco
1322 2631 1418 2671 vos
1450 2615 1722 2687 iudicatis,
1752 2624 1803 2670 et
1838 2630 1935 2669 nos
1958 2615 2102 2683 judi-

521 2729 723 2767 cuttttlt‘.
766 2711 1023 2766 Doctores
1060 2709 1309 2775 dicimur,
1358 2707 1452 2764 sed
1502 2707 1555 2762 in
1600 2707 1780 2761 multis
1830 2706 2102 2761 doctorem

522 2810 810 2875 qumt‘ltttus
840 2825 852 2860 :
882 2822 979 2862 nec
1003 2807 1244 2861 volumus
1280 2821 1378 2861 nos
1411 2804 1591 2859 haberi
1623 2805 1925 2874 magistros.
1954 2804 2104 2858 Peri-

523 2900 763 2954 culosum
811 2908 895 2953 est
939 2897 1079 2952 enim
1127 2905 1182 2951 et
1225 2895 1572 2966 prohibitum,
1606 2894 1829 2948 Domino
1876 2895 1990 2963 ipso
2019 2895 2103 2949 di-

522 3000 695 3056 rente,
730 2988 812 3043 Ne
850 2989 1010 3043 uelitis
1043 2989 1142 3041 dici
1164 2988 1425 3059 magistri;
1451 3003 1580 3039 unus
1603 2995 1673 3040 cst
1694 2986 1931 3055 magister
1949 2996 2105 3040 vester

524 3094 750 3146 (Ιινίειυε
775 3089 989 3162 (Matth.
1012 3104 1168 3149 mu.
1186 3087 1296 3157 l0).
1325 3084 1685 3142 Periculosum
1708 3099 1834 3153 ergo
1853 3085 2104 3153 magisteo

522 3184 690 3247 iitnu;
720 3180 1062 3251 discipulatus
1099 3193 1317 3233 securus
1349 3187 1450 3232 est.
1489 3177 1614 3232 Ideo
1643 3176 1908 3241 Psalmus,
1939 3175 2102 3229 Audi-

523 3277 595 3327 tui
625 3291 753 3333 nico.
786 3273 971 3342 inquit,
1002 3272 1150 3327 dabis
1182 3270 1422 3341 gaudium
1449 3279 1495 3323 et
1521 3269 1906 3322 exsultatione»:
1928 3265 2100 3334 (Psal.

523 3384 574 3428 ι..
612 3365 721 3437 l0).
747 3364 995 3421 Securior
1022 3373 1106 3421 est
1141 3363 1284 3417 enim
1315 3362 1462 3418 verbi
1499 3360 1727 3423 auditor,
1759 3375 1914 3428 quam
1956 3358 2102 3411 verbi

524 3460 779 3528 p:oLstor.
837 3457 961 3513 ideo
1003 3457 1094 3512 ille
1137 3468 1361 3510 securus
1409 3461 1534 3518 stat,
1576 3462 1632 3507 et
1669 3451 1817 3506 audit
1865 3466 2018 3513 eum,
2050 3458 2105 3504 et

521 3552 713 3618 ςττῑιιιιὶη
750 3549 948 3615 gaudet
974 3556 1190 3617 propter
1216 3560 1399 3601 vocem
1430 3544 1610 3610 sponsi
1652 3541 1830 3610 (Joan.
1873 3557 1951 3606 tu,
1984 3539 2099 3609 29).

591 3638 813 3697 CAPUT
843 3638 907 3693 ll.
928 3638 1065 3691 -—Q.
1091 3634 1439 3704 Condiscipnli
1458 3650 1627 3688 omnes
1655 3633 1744 3685 sub
1767 3631 1967 3688 Christo
1996 3647 2105 3684 ma-

521 3738 697 3805 gistro.
718 3733 1014 3786 Auditorum
1030 3747 1149 3800 erga
1172 3729 1399 3783 doctores
1413 3728 1646 3796 ofﬁcium.
1668 3725 1735 3781 Et
1760 3726 1880 3795 quia
1917 3724 2106 3778 docto-

525 3830 597 3879 ris
631 3823 913 3893 Apostolus
935 3829 1243 3891 susceperat
1258 3820 1573 3875 necessitate
1609 3833 1910 3887 personam,
1930 3817 2106 3873 videte

520 3915 645 3987 quid
664 3916 807 3970 dicat
834 3933 847 3969 :
869 3913 995 3969 Cum
1014 3915 1190 3967 timore
1203 3922 1251 3966 et
1278 3921 1492 3967 tremore
1517 3912 1674 3964 multo
1692 3911 1767 3980 fui
1784 3912 1923 3981 apud
1951 3927 2037 3966 vos
2060 3912 2103 3981 (Ι

520 4009 636 4063 Cor.
675 4023 744 4071 ιι,
769 4008 849 4077 3).
871 4005 1057 4061 Tutius
1076 4019 1203 4075 ergo
1227 4013 1338 4068 est,
1361 4012 1419 4057 ut
1436 4013 1487 4056 et
1512 4016 1611 4057 nos
1633 4002 1722 4070 qui
1745 4001 2026 4070 loquimur,
2049 4012 2107 4058 et

523 4119 616 4157 vos
665 4102 753 4172 qui
775 4100 997 4163 auditis,
1028 4097 1131 4154 sub
1154 4111 1258 4152 uno
1285 4096 1537 4167 magistro
1565 4094 1960 4164 condiscipulos
2005 4110 2103 4150 nos

448 4212 459 4221 ’
519 4210 640 4250 csse
667 4195 989 4248 noverimus.
1010 4191 1240 4248 Omnino
1261 4192 1422 4245 tutius
1441 4201 1554 4255 est,
1577 4201 1628 4244 et
1657 4190 1756 4245 hoc
1771 4189 1981 4258 expedit
2000 4231 2015 4253 ,
2048 4200 2106 4244 ut

523 4302 746 4341 nosnou
782 4295 1031 4355 tauquam
1070 4285 1385 4354 magistros,
1429 4284 1520 4339 sed
1565 4292 1812 4353 tanquam
1837 4283 2100 4337 condisci-

525 4378 676 4444 pulos
701 4384 908 4430 vestros
942 4374 1189 4428 audiatis.
1228 4374 1409 4429 Videte
1449 4374 1589 4428 enim
1628 4378 1750 4442 quia
1802 4375 2104 4428 sollicitudo

522 4468 677 4520 nobis
710 4465 956 4532 imposita
985 4473 1100 4529 est,
1129 4465 1217 4517 ubi
1242 4464 1451 4527 dicitur,
1484 4463 1689 4517 Fratres
1707 4506 1722 4529 ,
1747 4467 1897 4519 nolite
1932 4466 2103 4535 plures

521 4556 746 4625 magistri
768 4554 925 4623 ﬁeri;
953 4555 1003 4608 in
1036 4554 1208 4608 miritis
1242 4556 1377 4608 enim
1413 4551 1716 4618 o/feudimns
1754 4572 1940 4609 oneres.
1973 4556 2105 4623 Quis

523 4662 627 4699 nn
673 4646 1079 4708 ciuitremisrat,
1125 4659 1244 4699 cum
1307 4644 1592 4713 Apostolus
1655 4645 1820 4706 dicit,
1871 4646 2102 4701 Omnes?

519 4739 657 4803 Quid
682 4737 959 4806 sequitur?
986 4736 1227 4807 Quisqsis
1250 4738 1304 4791 in
1325 4737 1469 4790 verbo
1492 4754 1589 4789 non
1610 4736 1819 4803 offendit
1838 4779 1852 4799 ,
1883 4739 1962 4793 hic
1990 4757 2104 4807 per-

523 4818 781 4900 fectus-est
807 4828 882 4881 uir
897 4825 1104 4900 (Jacobi
1123 4828 1236 4893 ιιι,1
1256 4835 1302 4881 et
1318 4826 1541 4896 2).Quis
1559 4837 1735 4882 autem
1758 4828 2104 4883 audeatdice-

523 4940 579 4976 re
606 4936 667 4977 se
682 4935 805 4976 esse
832 4920 1160 4991 perfectum?
1183 4921 1283 4988 Qui
1311 4936 1439 4991 ergo
1464 4929 1568 4974 stat
1588 4929 1640 4975 et
1670 4922 1816 4977 audit
1834 4964 1849 4987 ,
1864 4922 1914 4977 in
1940 4926 2102 4978 verbo

584 5082 601 5112 ι
641 5078 1189 5143 (Ἰερειιρῇθῠεὶδηοοᾲᾳκ.
1219 5078 1338 5141 [Non
1360 5077 1488 5143 enim
1509 5076 1696 5143 aliquid
1719 5091 1812 5143 non
1843 5085 2080 5143 internum

521 5139 857 5213 ρνρπιέείίειιέδ
877 5147 924 5213 εει
945 5139 1132 5213 arma:
1149 5210 1155 5213 .
1174 5138 1445 5213 ρεῖπρργαρε,
1468 5138 1673 5213 mimis
1693 5148 1763 5212 ετεε
1779 5140 1977 5204 θηρία]
2032 5202 2043 5213 ,
2073 5202 2104 5213 _.

584 5206 605 5235 ³
626 5206 699 5255 sic
724 5204 992 5254 videtin-3
1013 5203 1094 5253 iis.
1136 5210 1193 5253 At
1224 5203 1360 5261 editi,
1394 5203 1574 5253 Etenim
1611 5203 1826 5253 dictum:
1848 5203 1872 5253 ':
1902 5203 2105 5254 tenuisti

519 5277 713 5316 trionum
747 5263 1032 5328 dexteram,
1070 5271 1167 5315 etc.
1227 5271 1370 5315 Certe
1423 5267 1715 5327 Augustinus
1752 5264 1927 5328 legere
1976 5264 2105 5315 solet

520 5328 738 5396 desterae
757 5364 771 5385 ,
798 5338 910 5396 non,
933 5324 1201 5396 dexteram.
1284 5384 1295 5396 _

586 5389 608 5421 ³
632 5397 714 5438 κε.
741 5384 810 5447 v.,
837 5384 1170 5451 deprimendaa
1192 5384 1337 5436 vocis.

585 5492 602 5511 '
625 5497 878 5542 correctus
906 5489 965 5540 ad
996 5490 1047 5540 ﬂ.
1073 5492 1253 5539 v.1.ov.

582 5592 658 5710 $a§
679 5594 814 5655 Alias,
839 5595 903 5645 de
924 5594 1134 5673 Diversis
1156 5591 1260 5669 12.3..

609 5655 637 5704 δ
680 5657 841 5706 Florus
861 5658 921 5706 ad
957 5656 1130 5710 cubes.
1160 5656 1203 5710 l,
1229 5662 1281 5705 et
1307 5655 1364 5704 ad
1388 5656 1532 5705 Hebr.
1561 5655 1617 5705 t2

585 5655 658 5710 (ω
680 5657 841 5706 Florus
861 5658 921 5706 ad
957 5656 1130 5720 Ephes.
1160 5656 1203 5712 l,
1225 5660 1281 5705 ’et
1307 5655 1364 5704 ad
1388 5656 1532 5705 Hebr.
1561 5655 1617 5705 t2
1635 5691 1647 5714 ,
1673 5669 1948 5707 sermonem
1980 5658 2105 5707 hunc

524 5720 654 5776 citat,
675 5717 941 5778 appellans,
973 5738 994 5764 tt
1016 5720 1078 5768 de
1106 5719 1291 5768 \isioue
1316 5719 1412 5767 Dei.
1434 5734 1453 5761 ι

1769 322 1825 379 S.
1867 320 2230 379 AUGUSTiNl
2273 322 2571 379 El’lSCOPl

3709 342 3828 395 £36

2223 449 2327 486 non
2370 435 2608 490 otl’endit.
2638 438 2735 504 Qui
2774 450 2949 497 autem
2972 444 3201 514 loquitur
3224 488 3237 512 ,
3264 448 3361 502 etsi
3400 449 3565 521 (quod
3587 454 3824 508 difticiio

2219 529 2334 596 est)
2367 544 2469 582 non
2496 529 2753 599 olleudit,
2784 535 2980 602 patitur
3006 546 3184 593 tamen
3229 541 3307 612 (α)
3348 552 3405 598 et
3447 545 3597 601 timet
3622 563 3694 603 nc
3721 550 3820 602 of-

2221 617 2420 673 l‘endat.
2453 619 2674 690 Oportet
2694 640 2821 693 ergo
2848 643 2943 682 vos
2982 644 3101 686 esse
3131 646 3235 685 nou
3275 632 3448 689 solum
3474 634 3818 705 loquentium

2219 708 2519 775 auditores,
2562 714 2656 768 sed
2705 725 2758 769 et
2801 718 3095 775 timentium
3140 723 3485 780 ntiseratores
3513 746 3528 782 :
3556 739 3616 784 ut
3656 732 3711 786 in
3738 748 3818 787 eo

2218 801 2358 869 quod
2386 819 2569 859 verum
2598 805 2857 875 dicimus,
2901 813 3149 880 quoniam
3188 829 3349 872 nume
3376 833 3560 875 verum
3596 837 3624 875 a
3658 826 3811 879 veri,

2220 903 2325 950 tale
2357 906 2472 962 est,
2499 914 2603 954 non
2652 916 2780 967 nos,
2826 903 2919 958 sed
2967 906 3139 975 ipsum
3184 908 3445 975 laudetis;
3488 914 3576 968 ubi
3616 926 3815 972 autem

2217 986 2356 1040 sicut
2381 988 2625 1047 homines
2649 992 2997 1062 olle-odimus,
3025 998 3274 1054 eumdem
3318 1001 3487 1071 ipsum
3521 1020 3616 1075 pro
3644 1008 3808 1066 nobis

2217 1081 2401 1136 oretis.

2286 1172 2513 1233 CAPUT
2535 1176 2710 1232 lll.-—-
2730 1180 2784 1235 5.
2814 1178 3098 1249 Scriptura
3129 1195 3319 1240 sancte
3342 1190 3413 1239 ad
3452 1188 3811 1258 inﬁrmitate»:

2216 1266 2540 1334 paruulorum
2593 1279 2799 1337 aptatur.
2858 1273 3146 1343 Scriptura:
3212 1289 3410 1332 sancta:
3453 1283 3649 1348 sunt‘,
3704 1299 3811 1337 ve-

2218 1373 2365 1411 races
2392 1368 2545 1424 sunt,
2575 1362 2855 1434 inculpata:
2896 1376 3039 1421 sunt.
3080 1366 3267 1425 Omnis
3304 1370 3577 1442 Scriptura
3606 1374 3811 1431 divini-

2216 1454 2299 1500 tus
2326 1446 2578 1516 inspirata
2602 1452 2752 1528 utilis
2777 1463 2859 1507 est
2886 1454 2952 1508 ad
2979 1455 3296 1524 docendum,
3326 1460 3391 1515 ad
3416 1464 3749 1533 arguentium
3776 1509 3797 1532 ,

2212 1536 2278 1588 ad
2320 1536 2746 1594 exhortationem
2768 1582 2783 1607 ,
2826 1543 2891 1596 ad
2931 1544 3223 1602 doctrinam
3255 1549 3338 1621 (ll
3361 1550 3497 1607 Tim.
3538 1570 3593 1609 tu
3618 1595 3633 1619 .
3667 1556 3807 1626 16).

2214 1624 2351 1679 Nihil
2404 1636 2487 1681 est
2529 1644 2656 1700 ergo
2685 1631 2825 1700 quod
2860 1632 3186 1705 Scripturam
3237 1654 3585 1711 accusemus,
3612 1646 3657 1702 si
3699 1624 3811 1702 nos

2213 1714 2350 1771 forte
2371 1759 2387 1783 ,
2420 1719 2507 1773 illa
2539 1737 2642 1775 non
2675 1724 2942 1781 intellecta
2964 1768 2979 1790 ,
3012 1728 3064 1783 in
3111 1730 3289 1801 aliquo
3333 1732 3625 1793 deviemus.
3660 1737 3805 1795 Cum

2214 1808 2379 1874 ipsam
2407 1810 2752 1882 intelligimus
2773 1857 2787 1881 ,
2820 1817 2948 1872 recti
2978 1833 3198 1875 sumus:
3226 1837 3347 1877 cum
3388 1835 3569 1880 autem
3599 1842 3662 1883 ea
3689 1845 3803 1886 non

2213 1897 2477 1954 intellecm
2520 1905 2664 1972 pravi
2711 1920 2897 1962 sumus
2922 1950 2937 1971 ,
2979 1909 3148 1979 ipsam
3190 1922 3388 1969 rectam
3437 1916 3798 1975 dimittimus:

2212 2005 2316 2041 nou
2357 1993 2498 2045 enim
2537 2008 2653 2046 eam
2695 1994 2968 2065 depravati
3010 1999 3521 2072 depravamus;sed
3560 2008 3644 2062 illa
3689 2018 3807 2066 stat

2212 2087 2353 2133 recta
2377 2120 2392 2145 ,
2427 2092 2481 2134 ut
2507 2083 2571 2135 ad
2597 2084 2737 2138 illam
2762 2088 3062 2158 corrigendi
3095 2091 3394 2148 redeamus.
3416 2094 3802 2154 Verumtamen

2210 2178 2266 2221 ut
2293 2185 2388 2223 nos
2417 2184 2660 2228 exerceat
2700 2176 2886 2231 eadem
2916 2178 3209 2251 Scriptura,
3240 2183 3292 2237 in
3321 2186 3500 2241 multis
3523 2187 3657 2244 locis
3682 2190 3805 2244 vcl~

2211 2270 2267 2313 ut
2293 2264 2579 2320 carnaliter
2631 2267 2893 2336 loquitur,
2936 2284 3058 2326 cum
3087 2274 3107 2303 ³
3132 2288 3348 2344 semper
3369 2277 3654 2348 spiritualis
3703 2281 3799 2336 sit.

2209 2348 2317 2404 Lex
2348 2352 2510 2419 enim,
2547 2366 2599 2407 ut
2630 2357 2703 2410 ait
2728 2357 3332 2433 Apostolus,spiritualis
3361 2376 3466 2432 est;
3494 2382 3584 2439 ego
3629 2379 3805 2425 autat:

2209 2445 2427 2498 carnalis
2444 2462 2554 2499 sum
2577 2446 2751 2516 (llam.
2772 2466 2857 2505 .vn
2882 2493 2895 2515 ,
2932 2454 2995 2508 14
3021 2456 3060 2524 ).
3088 2455 3218 2511 Cum
3250 2457 3321 2512 sit
3343 2473 3469 2530 ergo
3514 2460 3601 2515 illa
3629 2461 3803 2532 spiri-

2210 2535 2392 2603 tualis,
2426 2546 2600 2593 tamen
2647 2556 2787 2610 stupe
2836 2558 2955 2598 cum
2996 2547 3299 2607 carnalibus
3319 2552 3467 2620 quasi
3509 2553 3806 2610 carnaliter

2208 2626 2463 2681 ambulat.
2497 2628 2603 2684 Sed
2645 2647 2750 2686 non
2787 2650 2881 2689 eos
2915 2638 3026 2692 vult
3045 2653 3324 2697 remanere
3368 2644 3631 2700 carnales.
3658 2646 3804 2715 Quia

2208 2726 2264 2771 et
2290 2728 2459 2776 mater
2485 2724 2765 2791 parvulum
2793 2736 2937 2781 autat
2962 2731 3164 2787 nutrire
3185 2772 3199 2795 ,
3240 2732 3333 2787 sed
3362 2749 3487 2789 eum
3525 2751 3630 2790 non
3650 2748 3809 2791 amat

2210 2813 2485 2880 parvulum
2516 2830 2816 2873 remanere.
2865 2819 2922 2874 In
2966 2822 3087 2876 sinu
3122 2830 3266 2879 tenet
3288 2865 3304 2891 ,
3337 2827 3582 2883 manibus
3604 2827 3749 2883 fovet
3780 2871 3801 2894 ,

2209 2903 2473 2959 blanditiis
2516 2910 2852 2976 consolatur,
2901 2913 3039 2967 lacte
3077 2916 3243 2971 nutrit
3284 2935 3299 2971 :
3336 2919 3515 2973 omnia
3567 2921 3807 2990 parvulo

2208 2994 2366 3058 facit;
2395 2995 2488 3050 sed
2530 3008 2674 3067 optat
2714 3010 2771 3055 ut
2810 3013 3048 3069 crescat,
3083 3023 3149 3061 ne
3196 3022 3410 3079 semper
3452 3012 3575 3065 talia
3615 3011 3799 3069 faciat.

2216 3084 2400 3142 Videte
2448 3090 2758 3159 Apostolum
2805 3095 3034 3151 :melius
3078 3099 3221 3153 enim
3264 3100 3440 3169 ipsum
3489 3104 3801 3168 intuemur,

2206 3175 2297 3247 qui
2327 3192 2385 3231 se
2406 3177 2563 3232 etiam
2591 3191 2812 3236 matrem
2853 3199 2963 3239 non
3000 3185 3313 3257 dedignatus
3342 3199 3425 3244 est
3450 3190 3629 3247 dicere
3652 3233 3670 3256 ,
3701 3192 3803 3249 ubi

2207 3268 2310 3334 ait,
2347 3267 2539 3324 Factus
2570 3288 2683 3325 sum
2714 3276 2954 3344 parvulus
2986 3277 3037 3330 in
3081 3279 3246 3335 medio
3280 3291 3530 3348 vestrum,
3552 3293 3808 3356 tanquam

2208 3359 2380 3412 nutrix
2429 3364 2599 3428 fovens
2639 3363 2772 3430 ﬁlios
2831 3381 2950 3420 suos
2988 3367 3044 3437 (Ι
3075 3367 3253 3426 Thess.
3290 3387 3359 3437 ll,
3388 3372 3477 3443 7).
3509 3376 3809 3444 Apostolus

2210 3463 2361 3514 vero,
2403 3465 2657 3521 germano
2699 3464 2752 3508 et
2781 3456 2868 3523 pio
2889 3456 2910 3487 ³
2938 3458 3212 3517 ultaritatis
3236 3462 3428 3519 aﬂ'ectu
3467 3476 3523 3520 et
3572 3469 3808 3524 nutricis

2207 3555 2489 3609 personam
2531 3546 2805 3614 suscepit,
2842 3547 3106 3618 dicendo,
3152 3554 3323 3624 (ovet,-
3360 3563 3414 3608 et
3456 3557 3671 3621 cultris,
3701 3559 3806 3613 ad-

2207 3630 2405 3697 dendo,
2432 3632 2569 3701 ﬁlios
2606 3651 2742 3692 suos.
2784 3636 2921 3694 Sunt
2957 3641 3100 3697 enim
3132 3645 3369 3700 nutrices
3397 3646 3632 3703 foventes
3674 3648 3807 3719 qui-

2206 3720 2359 3789 dem,
2383 3723 2475 3779 sed
2526 3738 2632 3780 non
2660 3726 2801 3783 filios
2836 3745 3000 3786 suos:
3036 3733 3162 3789 item
3191 3747 3316 3792 sunt
3349 3746 3549 3794 matres
3572 3741 3808 3796 nutrici-

2206 3814 2306 3870 bus
2346 3816 2537 3871 dantes
2559 3858 2575 3882 ,
2616 3833 2724 3873 non
2750 3820 2991 3880 foventes
3020 3824 3159 3881 ﬁlios
3196 3841 3343 3884 suos.
3366 3829 3513 3886 Idem
3539 3847 3669 3902 ergo
3696 3850 3807 3888 nu-

2208 3906 2362 3960 tritor
2402 3916 2456 3962 et
2493 3907 2631 3962 iotor
2665 3910 2770 3965 alio
2797 3912 2915 3968 loco
2941 3913 3072 3971 dicit
3098 3957 3117 3982 ,
3150 3917 3295 3986 quod
3322 3921 3482 3992 paulo
3503 3932 3625 3978 ante
3644 3939 3805 3979 com-

2206 3999 2529 4064 memoravi,
2574 3998 2701 4055 Cum
2752 4003 2927 4058 timore
2971 4015 3019 4060 et
3069 4016 3284 4064 tremore
3329 4010 3488 4069 multo
3535 4015 3611 4085 {ui
3650 4018 3807 4084 apud

2206 4102 2314 4142 vos.

2276 4177 2502 4235 CAPUT
2532 4180 2617 4234 IV.
2648 4212 2719 4223 -—
2744 4184 2799 4238 4.
2837 4186 3102 4245 Auditores
3136 4190 3342 4261 quinam
3394 4196 3655 4261 urnales,
3677 4198 3805 4267 qui-

2206 4285 2324 4322 nam
2372 4271 2679 4339 spiritnales.
2747 4275 2852 4333 Sed
2895 4278 3026 4335 dicis
3078 4298 3090 4332 :
3143 4281 3337 4350 Quales
3380 4287 3455 4342 illi
3492 4296 3677 4352 erant.
3736 4302 3806 4345 ut.

2212 4360 2300 4415 ille
2325 4378 2445 4416 cum
2495 4364 2685 4423 timore
2727 4378 2781 4422 et
2819 4377 3050 4428 tremore
3095 4375 3260 4429 multo
3301 4390 3446 4435 esset
3466 4381 3605 4450 apud
3633 4383 3804 4438 illos?

2210 4450 2473 4523 Tanquam
2494 4459 2750 4526 parvulis,
2776 4460 2977 4530 inquit,
3002 4465 3053 4518 in
3096 4466 3294 4522 Christo
3321 4469 3401 4524 lac
3442 4472 3580 4527 vobis
3614 4483 3803 4543 potum

2207 4544 2323 4598 dedi
2351 4589 2364 4610 ,
2406 4565 2505 4602 non
2534 4566 2736 4614 escam;
2763 4568 2919 4623 neque
2956 4557 3086 4611 enim
3124 4560 3360 4626 poteratis
3385 4575 3402 4613 :
3430 4561 3519 4614 sed
3538 4579 3627 4617 nec
3653 4581 3805 4619 nunc

2208 4654 2239 4707 ιι
2253 4638 2419 4692 uident
2441 4640 2605 4727 adhuc
2636 4645 2836 4713 potestis
2853 4661 2872 4709 ,'
2891 4647 3007 4701 estis
3023 4649 3156 4701 enim
3181 4635 3347 4705 adhuc
3361 4655 3588 4709 carnales
3609 4656 3651 4727 (ι
3665 4654 3793 4713 Cor.

2207 4738 2262 4775 ιιι
2289 4764 2304 4789 ,
2338 4725 2400 4790 1,
2433 4724 2679 4795 2).Quos
2725 4730 2964 4786 carnales
3005 4732 3163 4800 dicit,
3212 4739 3458 4807 parvulos
3507 4724 3680 4799 tamen
3737 4745 3798 4799 iu

2205 4815 2416 4870 Christo
2444 4818 2607 4884 dicit;
2628 4820 2707 4875 sic
2728 4823 2939 4891 arguit,
2961 4836 3146 4882 utnon
3172 4829 3402 4886 abdicet.
3430 4832 3497 4888 Et
3522 4835 3796 4899 carnales.

2206 4906 2260 4961 et
2290 4909 2492 4978 parvuli
2522 4911 2575 4963 in
2614 4909 2829 4966 Christo
2858 4932 2871 4967 :
2903 4930 3009 4969 non
3054 4918 3168 4973 vult
3197 4927 3373 4975 union
3399 4939 3491 4978 eos
3516 4938 3636 4981 esse
3669 4941 3801 4983 car-

2207 4999 2387 5065 nales,
2418 5014 2551 5070 quos
2575 5000 2699 5056 dicit
2721 5017 2842 5061 esse
2872 5008 3117 5075 parvulos
3137 5010 3192 5064 in
3218 5010 3471 5069 Christo:
3502 5024 3649 5083 optat
3667 5031 3799 5072 esse

2207 5090 2540 5161 Spirituales,
2594 5093 2770 5149 omnia
2813 5094 3198 5168 dijudicantes,
3241 5111 3297 5157 et
3340 5105 3430 5173 qui
3486 5120 3517 5160 a
3574 5107 3796 5163 nemine

2206 5182 2576 5252 dijudicentur.
2605 5184 2853 5242 Animalis
2893 5190 3037 5245 enim
3080 5193 3250 5257 homo,
3280 5196 3431 5253 .sicut
3471 5198 3585 5268 ipse
3622 5198 3795 5266 dicit,

3821 5273 3849 5291 ρ

2272 5337 2290 5410 ξ
2314 5336 2442 5410 mea:
2463 5343 2544 5386 us.
2572 5351 2639 5410 v.,
2654 5338 2791 5391 Sicut
2812 5340 3075 5409 scriptura
3094 5355 3275 5410 mro
3293 5356 3420 5400 mu.

2208 5398 2450 5521 Ριέΐξκιὶϋ,
2475 5408 2716 5450 manus.
2764 5411 2861 5452 vox
2879 5437 2895 5463 ,
2917 5398 3049 5467 'Lex,
3084 5408 3226 5459 abest
3261 5398 3307 5459 si
3338 5398 3576 5463 viderim
3620 5426 3803 5465 exent-

2270 5522 2292 5553 ³
2317 5522 2602 5571 Victorinum
2625 5524 2895 5588 exemplar,

2271 5601 2807 5683 ((1)332.
2830 5611 3131 5683 suspicantur
3162 5613 3294 5683 forte
3310 5612 3603 5683 legendum,
3622 5632 3766 5683 paret
3780 5659 3792 5671 .

2210 5678 2297 5743 pro
2314 5663 2738 5743 ,'_patitrur.‘atorel,
2754 5663 3088 5743 ,El‘emgcritic.
3116 5689 3163 5736 p.
3214 5663 3295 5727 171
3316 5663 3805 5743 ’,'fii}5£té'ri'.37£.}itl

2211 5733 2306 5774 tur.
2333 5740 2443 5784 tunc
2468 5730 2701 5789 posterior
2726 5730 2869 5780 lectio
2892 5736 3047 5783 textui
3072 5730 3209 5787 cor-te
3233 5730 3494 5799 proiiluior
3518 5730 3611 5792 est:
3642 5730 3696 5791 ἧι.
