4076 6198
260 330 356 387 157

259 455 357 493 non
388 436 606 508 percipit
655 451 769 503 qua
809 444 926 488 sunt
967 434 1189 503 Spiritus
1210 434 1304 489 Dei
1331 436 1575 488 :stultitia
1615 437 1743 487 enim
1771 451 1840 488 est

258 530 331 597 illi
349 569 368 596 ,
401 543 450 582 et
465 545 568 582 non
594 530 727 582 scire
751 535 946 596 potest,
970 527 1205 596 quoniam
1233 526 1560 596 spiritualiter
1586 530 1841 596 dijudica-

259 636 359 676 tsr.
405 620 708 692 Spiritualis
736 619 988 689 diiudicat
1042 620 1242 682 omnia;
1265 619 1374 688 ipse
1404 629 1566 672 autem
1594 637 1624 670 α
1650 621 1844 672 ucmine

260 713 593 785 dijudicatur.
649 712 790 766 idem
839 712 951 779 ipse
1001 710 1131 765 dicit
1172 728 1184 763 :
1234 711 1546 781 Sapientiam
1593 713 1844 780 loquimur

257 810 387 859 inter
416 805 683 874 perfectos.
710 802 908 872 thuid
950 816 1077 870 ergo
1126 802 1354 871 loqueris
1375 842 1390 866 ,
1417 802 1460 855 si
1497 803 1626 855 inter
1679 799 1842 871 perfe-

258 909 365 948 ctos
394 895 435 964 (l
450 894 571 950 Cor.
591 910 630 948 ιι
651 936 667 958 ,
702 894 789 959 ll,
824 893 911 957 15,
926 893 1007 962 6)?
1026 892 1163 959 Quid
1188 894 1329 947 enim
1360 907 1496 961 opus
1519 903 1598 947 est
1625 900 1677 947 te
1703 892 1843 961 loqui

262 986 463 1038 homini
519 982 789 1052 perfecto?
828 982 933 1038 Sed
978 997 1160 1052 qumre
1208 983 1258 1035 in
1311 998 1415 1052 quo
1454 982 1713 1051 perfectus
1754 985 1840 1037 sit.

266 1077 424 1129 Forte
447 1076 591 1129 enim
630 1089 734 1128 non
785 1074 999 1128 invenio
1028 1073 1319 1142 perlectum
1360 1074 1685 1143 cognitorem
1706 1115 1718 1135 ,
1751 1076 1842 1128 sed

252 1167 368 1234 jam
397 1166 611 1217 invenio
637 1165 931 1232 perfectum
966 1164 1285 1217 auditorem.
1310 1163 1402 1217 Est
1429 1180 1556 1234 ergo
1582 1165 1846 1234 perfectus
1922 1181 1931 1200 ·

253 1266 309 1308 ct
331 1255 582 1320 auditor,
611 1265 790 1309 mente
815 1255 923 1323 jam
973 1269 1169 1323 capax,
1196 1254 1280 1308 cui
1318 1254 1518 1308 solidus
1554 1256 1702 1308 cibus
1727 1257 1843 1308 nul-

257 1347 361 1399 lam
397 1347 549 1401 iaciat
578 1347 1052 1417 perturbationem,
1075 1346 1269 1399 nullam
1287 1346 1840 1414 ingeratcruditatcm.

253 1440 389 1505 Quis
430 1447 518 1491 est
546 1439 662 1501 hic,
690 1446 744 1490 et
773 1439 1101 1493 laudabimus
1139 1439 1298 1493 eum?
1322 1439 1428 1493 Nec
1452 1438 1638 1493 dubito
1665 1449 1843 1493 tamen

253 1545 380 1584 esse
415 1530 624 1599 aliquos
648 1529 944 1598 spirituales
965 1572 980 1594 ,
1009 1531 1145 1584 bene
1165 1531 1458 1595 audientes,
1491 1530 1625 1585 bene
1649 1530 1845 1599 dijudi-

252 1631 445 1674 cautes
478 1640 492 1673 :
518 1620 656 1689 apud
689 1622 818 1675 istos
847 1636 949 1674 non
979 1614 1161 1675 laboro
1204 1621 1304 1674 Aut
1345 1622 1483 1674 enim
1514 1621 1736 1674 carnalis
1767 1620 1847 1673 in-

253 1711 450 1763 vcnior
481 1711 498 1741 ¹
519 1752 534 1773 ,
566 1719 619 1762 ct
654 1709 1061 1765 misericorditer
1099 1725 1304 1765 mccmn
1350 1712 1496 1781 aglt'
1525 1729 1538 1764 :
1573 1719 1663 1765 aut
1706 1713 1844 1781 capit

253 1801 402 1870 quod
450 1801 605 1862 dico,
654 1811 709 1854 et
751 1801 1146 1869 congratulatnr
1175 1802 1326 1856 mihi.

326 1891 561 1945 CAPUT
592 1890 650 1942 V.
683 1921 754 1930 -—
779 1892 830 1944 5.
856 1890 1145 1962 Intelligere
1173 1909 1272 1945 non
1310 1902 1383 1946 est
1420 1893 1515 1946 nisi
1535 1909 1704 1946 rerum
1726 1910 1843 1946 seu-

254 1983 443 2035 tientia.
491 1980 570 2034 De
616 1980 719 2035 Deo
767 1982 918 2052 falli,
975 1982 1346 2051 periculosum;
1392 1983 1621 2049 mentiri,
1668 1984 1843 2037 exilio-

257 2090 392 2126 sum.
457 2072 602 2127 Ecce
648 2088 789 2127 utine
839 2075 1047 2142 suscepi
1090 2074 1248 2127 verba
1291 2074 1474 2141 psalmi
1502 2088 1654 2142 quem
1688 2074 1844 2126 modo

254 2163 599 2216 mutavimus
625 2180 638 2215 :
675 2162 898 2215 Teuuisti
919 2179 1123 2215 manum
1148 2164 1366 2217 dexteris
1390 2181 1532 2217 meat.
1565 2165 1634 2216 Da
1652 2179 1842 2218 carna-

259 2254 366 2307 ιρω
395 2253 696 2307 auditorem
719 2269 734 2317 ;
757 2253 882 2321 quid
907 2253 1144 2323 putabit,
1175 2254 1272 2307 nisi
1322 2255 1442 2324 quia
1495 2254 1633 2309 Deus
1680 2270 1843 2324 appa-

259 2348 365 2399 r-dt
394 2346 449 2398 in
500 2344 667 2398 ferina
694 2344 944 2407 humana,
975 2345 1321 2413 apprehendit
1358 2346 1428 2399 illi
1477 2362 1687 2399 manum
1716 2350 1847 2401 dex-

261 2448 452 2499 teram,
482 2450 589 2489 nan
612 2437 900 2499 sinistram,
923 2444 978 2489 et
1000 2435 1219 2490 deduxit
1240 2436 1291 2489 in
1321 2452 1471 2490 suam
1499 2438 1842 2497 voluntatem.

260 2538 311 2581 et
339 2545 443 2595 quo
482 2529 649 2579 voluit
695 2527 1094 2597 assumpsiHSi
1127 2528 1228 2580 hoc
1255 2528 1600 2592 intellexerit,
1646 2528 1751 2582 imo
1802 2529 1844 2582 si

267 2620 369 2672 hoc
395 2621 699 2688 putaverit,
729 2634 994 2687 nunquam
1023 2618 1282 2686 intelligit.
1326 2620 1423 2686 Qui
1466 2621 1608 2675 enim
1652 2622 1846 2675 intellio

264 2713 358 2775 git,
381 2726 566 2765 verum
590 2710 850 2780 intelligit.
874 2709 973 2776 Qui
989 2721 1162 2763 autem
1182 2720 1327 2780 putat
1349 2711 1556 2773 falsum,
1575 2728 1676 2765 non
1693 2714 1847 2766 inti-l-

267 2800 399 2862 ligil.
458 2799 605 2868 Ergo
645 2800 690 2853 si
745 2799 845 2854 hoc
897 2801 1156 2869 putaverit
1209 2800 1367 2854 homo
1429 2803 1683 2863 carnalis,
1728 2803 1849 2871 quia

266 2890 352 2942 Dei
385 2900 582 2943 natura
629 2899 786 2958 atque
833 2890 1124 2943 substantia
1155 2889 1401 2945 distincta
1448 2890 1700 2946 membris
1726 2903 1804 2946 est
1833 2935 1847 2958 ,

263 2982 621 3036 determinztta
665 2980 834 3035 {urina
857 3024 872 3047 ,
901 2983 1296 3052 circumscripta
1312 2984 1604 3053 quantitate
1632 2999 1852 3038 mancus

267 3075 405 3136 loco,
428 3073 556 3143 quid
579 3088 699 3125 cum
730 3072 819 3126 illo
845 3071 1013 3127 facio?
1031 3071 1084 3127 Si
1112 3071 1316 3142 dixero,
1346 3073 1458 3127 Non
1481 3082 1560 3129 est
1582 3074 1647 3127 ita
1680 3076 1813 3128 Deus-
1836 3093 1847 3127 :

268 3180 372 3217 non
394 3162 566 3232 capit.
611 3163 668 3218 Si
715 3164 934 3229 dixero,
976 3162 1049 3217 Ita
1091 3174 1208 3218 est:
1243 3164 1331 3217 ille
1353 3164 1501 3234 quasi
1546 3166 1719 3236 capit;
1759 3165 1852 3218 sed

269 3270 371 3321 ego
392 3253 630 3321 dccipio.
662 3252 775 3306 Non
799 3268 1013 3320 possum
1038 3253 1214 3308 dicere
1234 3295 1248 3319 ,
1272 3252 1347 3308 Ita
1371 3263 1452 3310 est
1480 3273 1492 3308 :
1522 3270 1586 3309 ne
1608 3257 1849 3321 mentiar;

266 3352 321 3396 et
348 3357 458 3396 non
501 3342 900 3410 undecumque,
937 3341 1031 3395 sed
1058 3342 1124 3397 de
1156 3342 1263 3397 Deo
1301 3358 1420 3398 meo
1440 3385 1455 3409 ,
1486 3344 1551 3398 de
1581 3342 1853 3399 Salvatore

266 3442 322 3485 et
360 3431 723 3500 Redemptum
772 3445 890 3485 meo
913 3471 930 3496 ,
960 3431 1027 3485 de
1054 3446 1148 3500 spe
1189 3446 1337 3496 mea,
1382 3431 1447 3485 de
1490 3432 1578 3486 illo
1606 3434 1670 3486 ad
1697 3450 1850 3502 quem

267 3522 502 3575 extendo
531 3536 744 3573 manutn
788 3536 957 3574 meam
982 3562 996 3584 ,
1039 3520 1359 3575 desiderium
1411 3536 1608 3579 meum.
1633 3522 1745 3577 Non
1774 3531 1855 3577 est

269 3629 356 3666 res
384 3611 523 3666 leris
544 3612 612 3665 de
639 3612 726 3665 tali
759 3612 988 3665 mentiri.
1024 3611 1096 3665 De
1134 3611 1220 3665 tali
1253 3612 1359 3666 l'alli
1385 3616 1665 3668 molestum
1696 3624 1776 3668 est
1803 3624 1854 3669 et

270 3703 632 3771 periculosum
655 3711 736 3757 est
760 3702 855 3757 :de
879 3702 965 3755 tali
982 3709 1154 3757 autem
1168 3703 1375 3757 mentiri
1398 3704 1679 3758 exitiosum
1697 3714 1781 3758 est
1800 3715 1855 3758 et

274 3793 660 3861 perniciosum.
691 3791 806 3846 Non
826 3792 1001 3845 omnis
1029 3791 1116 3861 qui
1139 3794 1410 3859 mentitur,
1440 3793 1659 3847 fallitur.
1687 3791 1741 3848 Si
1763 3810 1856 3847 au-

273 3895 380 3937 tem
429 3885 549 3954 ipse
581 3891 729 3954 putat
752 3897 870 3936 esse
933 3898 1114 3936 verum
1141 3924 1155 3947 ,
1184 3882 1326 3952 qttod
1375 3899 1557 3939 verum
1587 3900 1688 3937 non
1732 3893 1848 3949 est,

271 3973 476 4027 fallitur
509 3990 525 4026 :
553 3981 610 4026 et
632 3971 676 4025 si
705 3971 806 4025 hoc
830 3972 957 4025 dicit
980 3971 1120 4040 quod
1149 3987 1328 4025 verum
1365 3981 1505 4039 ριιιειι
1524 4015 1537 4037 ,
1568 3988 1671 4026 non
1701 3990 1851 4028 men-

270 4060 548 4128 titur,scd
597 4069 771 4116 tamen
821 4061 1035 4115 fallitur.
1084 4062 1223 4116 Dens
1256 4062 1417 4118 donet
1472 4063 1543 4118 illi
1581 4079 1684 4118 non
1706 4065 1850 4132 falli,

273 4154 358 4223 qui
391 4152 562 4206 noluit
589 4152 823 4207 mentiri.

339 4239 573 4297 CAPUT
613 4240 701 4295 Vl.
758 4270 829 4281 -—
875 4241 929 4296 6.
972 4240 1205 4297 Carnutis
1247 4244 1308 4296 de
1352 4243 1454 4297 Deo
1491 4247 1742 4317 cogitatio.
1799 4247 1851 4301 Si

270 4349 438 4403 ergo,
466 4345 527 4386 ut
561 4334 668 4387 dixi
690 4374 705 4395 ,
746 4334 992 4402 parvulus
1025 4334 1113 4389 ille
1142 4344 1321 4388 noster
1363 4337 1519 4390 talem
1570 4338 1854 4393 crediderit

273 4423 443 4477 Betim
467 4465 481 4486 ,
533 4423 813 4477 habentem
849 4425 1010 4478 certis
1048 4424 1289 4493 corporis
1329 4427 1409 4478 sui
1452 4425 1580 4481 locis
1616 4429 1850 4481 metnbra

272 4512 558 4581 disposita,
590 4514 1044 4582 circumscriptum
1079 4514 1262 4584 ﬁgura,
1293 4516 1628 4569 terminatum
1658 4516 1845 4580 forma,

272 4604 515 4658 localiter
539 4615 869 4669 manentem,
902 4604 1141 4657 localiter
1173 4619 1231 4657 se
1260 4616 1590 4669 moventem,
1618 4607 1766 4675 juxta
1799 4607 1851 4661 id

270 4693 417 4763 quod
437 4694 632 4748 dicitur
649 4735 663 4756 ,
696 4694 810 4760 Quo
832 4696 912 4748 ibo
941 4711 972 4747 α
1000 4695 1183 4766 spiritu
1210 4696 1334 4751 tuo?
1360 4707 1406 4749 et
1433 4714 1530 4764 quo
1558 4715 1589 4749 α
1612 4698 1741 4766 facie
1767 4710 1851 4752 tua

272 4784 514 4855 fugiam?
535 4784 594 4839 Si
622 4784 892 4838 escendero
928 4786 981 4838 in
1027 4786 1205 4840 caelum
1225 4827 1239 4851 ,
1269 4795 1320 4837 tu
1348 4786 1451 4839 illic
1470 4801 1558 4851 es;
1581 4788 1627 4839 si
1649 4788 1851 4841 descen-

268 4875 397 4925 dere
428 4874 482 4925 in
519 4872 804 4941 infernum,
824 4874 942 4927 ades
964 4872 984 4943 (
1004 4871 1148 4927 Psal.
1187 4888 1432 4927 cxxxvm
1453 4916 1468 4938 ,
1499 4876 1553 4936 7,
1584 4877 1645 4943 tt)
1674 4894 1685 4927 :
1714 4876 1757 4929 si
1799 4878 1849 4930 in

267 4965 418 5017 «elo
443 4965 580 5033 ipse,
613 4965 657 5018 si
695 4965 747 5018 in
780 4974 918 5018 terra
959 4965 1089 5033 ipse,
1119 4965 1165 5019 si
1197 4967 1248 5018 in
1276 4965 1481 5020 inferno
1508 4968 1693 5030 adest;
1724 4970 1848 5037 quid

268 5052 404 5108 iacit
430 5053 588 5108 modo
616 5054 706 5108 ille
748 5055 1035 5123 parvulus?
1062 5053 1117 5108 Si
1144 5055 1325 5120 audit,
1352 5065 1555 5125 quierat
1593 5072 1714 5111 cum
1753 5057 1851 5113 Sa-

270 5146 535 5199 maritana
580 5155 790 5201 montes
817 5156 870 5201 et
921 5146 1115 5216 templa
1163 5162 1273 5214 quo
1296 5148 1404 5201 vult
1450 5148 1528 5202 ire
1555 5148 1618 5201 ad
1648 5149 1846 5215 Deum,

267 5236 336 5290 ad
360 5234 690 5300 Jerusalem,
720 5237 785 5291 ad
824 5245 1058 5291 niontem
1099 5235 1352 5293 Samaria
1378 5236 1572 5308 (Joan.
1600 5255 1671 5304 tv,
1699 5239 1806 5309 20)
1832 5256 1843 5291 :

264 5343 376 5379 non
408 5325 475 5380 ad
516 5328 766 5396 templum
799 5328 1042 5396 visibile,
1066 5345 1170 5383 non
1214 5327 1429 5384 {estbiet
1452 5371 1466 5394 ,
1497 5346 1602 5384 non
1647 5344 1849 5401 qmcrat

260 5418 484 5487 διεφιοά
513 5419 768 5488 templum
805 5435 912 5489 quo
933 5420 1107 5475 veniat
1133 5420 1200 5474 ad
1248 5420 1432 5474 Deum.
1464 5421 1577 5491 Ipse
1617 5422 1686 5474 sit
1713 5430 1846 5475 tem-

264 5511 438 5579 plum,
468 5522 524 5564 et
558 5507 626 5563 ad
671 5509 818 5564 illum
854 5511 1030 5565 veniet
1061 5510 1219 5565 Deus.
1256 5509 1368 5564 Non
1393 5513 1712 5575 contemnit,
1743 5528 1843 5564 non

297 5664 482 5729 ’11⁷3³οέ
498 5670 579 5727 ,νον
604 5662 812 5729 carnalis
832 5677 931 5729 non,
957 5664 1185 5716 iuvenior.

306 5724 328 5752 ’
344 5721 427 5771 Sic
451 5720 477 5767 ι
497 5720 733 5775 icta-inus
754 5734 833 5775 διε.
860 5728 975 5777 aliti
999 5740 1116 5777 vero
1157 5739 1341 5777 mecum
1363 5724 1602 5790 contingit.

1576 348 1579 351 ·
1629 323 1857 379 SERMO
1898 322 2087 378 nm.

3431 340 3527 395 158

1953 439 2143 509 refugit
2171 441 2207 505 ¹,
2243 456 2349 495 non
2392 441 2741 513 dedignatur:
2774 445 2881 500 imo
2899 448 3142 517 dignatur
3161 454 3197 499 '.
3228 450 3281 502 Si
3305 466 3408 505 non
3437 453 3528 505 des

1950 530 2216 597 dignatur,
2240 530 2361 586 andi
2392 535 2734 603 pollicentem
2758 555 2770 589 :
2791 536 2911 591 audi
2938 538 3144 592 interim
3171 542 3525 608 promittendo

1950 620 2284 690 d‘gsiantem,
2338 639 2441 676 non
2487 624 2734 678 minando
2778 626 3167 698 dedignantem.
3234 630 3522 698 Veniamus,

1954 718 2148 788 inquit,
2180 720 2249 771 ad
2285 735 2397 773 eum
2422 761 2435 785 ,
2466 734 2565 789 ego
2600 730 2652 774 et
2681 720 2856 776 Pater.
2887 722 2966 777 Ad
3010 740 3129 777 cum
3172 742 3328 793 quem
3370 743 3525 794 supra

1950 808 2082 862 dixit
2108 810 2415 863 dilectorem
2446 826 2618 873 suum,
2642 810 2970 865 ohcditorcm
2996 826 3379 883 praeceptorum
3406 830 3528 869 suo-

1951 914 2097 962 rum,
2122 900 2394 953 cu-todem
2428 900 2656 954 mandati
2694 902 2803 967 sui,
2833 912 3123 956 amatorem
3167 903 3295 969 Dei,
3322 916 3526 957 amato-

1952 1006 2064 1042 rem
2107 990 2329 1057 proximi
2357 993 2458 1045 sui.
2496 991 2760 1045 l'euiemus
2781 1034 2796 1056 ,
2826 992 3023 1062 inquit,
3048 993 3116 1045 ad
3141 1010 3283 1058 eum,
3307 1005 3353 1048 et
3381 1012 3526 1048 mau-

1949 1083 2138 1133 siunem
2165 1082 2301 1151 apud
2326 1100 2433 1135 cum
2465 1083 2704 1151 faciemus
2727 1083 2905 1153 (loan.
2934 1100 3041 1149 le,
3073 1085 3189 1154 23).

2020 1172 2243 1228 CAPUT
2284 1171 2391 1226 ΠΙ.
2421 1203 2489 1214 --
2515 1175 2569 1227 7.
2612 1172 2712 1230 Cor
2756 1175 2922 1244 ﬁdelis
2969 1178 3208 1248 templum
3237 1195 3336 1231 non
3360 1195 3526 1247 angn-

1947 1274 2076 1317 stant
2114 1264 2242 1319 Deo.
2271 1265 2439 1319 Timor
2481 1266 2624 1320 habet
2680 1268 2964 1336 augustius,
3004 1286 3145 1323 amor
3191 1270 3523 1323 latitudinmu.

1947 1354 2061 1408 Non
2112 1366 2193 1408 est
2238 1367 2514 1426 angustum
2557 1373 2647 1411 cor
2701 1358 2907 1423 ﬁdelis,
2948 1360 3033 1414 cui
3088 1372 3365 1429 angustum
3435 1361 3526 1413 luit

1952 1447 2204 1515 templum
2230 1445 2552 1501 Salomonis.
2572 1447 2699 1500 Nam
2724 1457 2777 1501 et
2805 1449 2916 1516 ipse
2942 1463 3060 1502 cum
3094 1447 3374 1504 fabricaret
3397 1450 3493 1501 huc
3511 1492 3523 1511 ,

1948 1535 2082 1587 dixit
2114 1554 2125 1588 :
2154 1535 2212 1589 Si
2239 1536 2419 1588 crelum
2446 1537 2559 1589 (mli
2582 1554 2679 1589 non
2702 1537 2880 1606 suﬁicit
2908 1538 2996 1590 tibi
3022 1539 3037 1608 (
3060 1538 3099 1592 ΙΙ
3130 1536 3253 1592 Par.
3287 1555 3366 1600 Vl.
3401 1541 3465 1593 l8
3484 1542 3524 1607 ).

1952 1625 2016 1678 Et
2036 1637 2180 1679 Certe
2205 1628 2444 1696 tcmplum
2466 1627 2555 1680 Dei
2578 1639 2803 1682 sanctum
2832 1639 2920 1693 cst,
2943 1632 3076 1700 quod
3095 1632 3207 1685 estis
3228 1648 3309 1684 vos
3340 1634 3378 1702 (Ι
3409 1633 3525 1685 Cor.

1950 1732 2024 1780 tu,
2049 1716 2158 1789 Η).
2180 1716 2289 1771 Nos
2311 1720 2461 1781 enim,
2484 1721 2553 1772 ait
2576 1720 2677 1773 alio
2698 1721 2830 1785 loco,
2856 1722 3092 1793 templum
3117 1721 3211 1776 Dei
3224 1725 3317 1776 viri
3331 1740 3527 1779 sumus.

1949 1807 2017 1861 Et
2043 1808 2140 1861 hoc
2165 1806 2302 1861 unde
2330 1810 2539 1877 probas,
2571 1819 2814 1880 tanquam
2838 1812 2884 1866 ei
2912 1811 3372 1868 diceretur?Sicut
3400 1817 3525 1868 srri.

1948 1912 2085 1971 ptum
2107 1913 2199 1967 est,
2227 1903 2414 1972 inquit,
2454 1902 2701 1957 llabitabo
2728 1905 2777 1957 in
2800 1911 2891 1959 cis.
2918 1905 2970 1961 Si
2992 1906 3079 1959 tibi
3098 1907 3285 1974 aliquis
3306 1922 3528 1976 magnus

1947 2005 2200 2062 patronus
2256 1996 2491 2060 diceret,
2546 1996 2801 2051 liahitabo
2841 1997 2976 2065 apud
3012 2006 3089 2063 te,
3121 1997 3243 2066 quid
3294 1998 3531 2051 facerm?

1948 2090 2076 2139 (tum
2124 2097 2341 2155 angusta
2386 2087 2574 2140 domus
2614 2099 2781 2150 esset,
2810 2088 2986 2155 procul
3015 2089 3172 2141 dubio
3201 2090 3484 2142 turbaretie
3512 2132 3522 2147 .

1947 2177 2160 2229 omnino
2183 2179 2474 2241 terrereris,
2506 2184 2717 2246 Optares
2764 2192 2831 2232 ne
2858 2177 3027 2232 ﬁeret.
3046 2178 3219 2231 Nolles
3239 2179 3378 2230 enim
3408 2196 3526 2230 esse

1951 2267 2000 2318 in
2033 2267 2284 2335 angustiis
2316 2267 2577 2335 recipiens
2599 2283 2865 2334 magnum.
2887 2267 3037 2332 cujus
3067 2266 3316 2321 adventui
3338 2266 3526 2320 demus

1952 2366 2035 2408 tua
2068 2358 2381 2424 paupercula
2419 2371 2521 2409 non
2559 2358 2843 2411 suiticeret.
2883 2356 3000 2411 Noli
3029 2356 3215 2411 timere
3240 2358 3524 2412 adventum

1951 2448 2043 2501 Dei
2068 2447 2138 2500 tui
2163 2490 2176 2511 ,
2209 2447 2312 2500 noli
2356 2448 2544 2502 timere
2570 2446 2814 2501 allectum
2863 2447 2954 2501 Dei
2982 2447 3054 2500 tui
3087 2464 3099 2499 :
3131 2463 3235 2501 non
3268 2455 3319 2501 te
3358 2462 3524 2516 angu-

1950 2548 2083 2602 stat,
2129 2555 2247 2593 cum
2291 2543 2523 2601 venerit;
2555 2539 2661 2593 imo
2695 2538 2957 2595 veniendo
2998 2538 3235 2593 dilatahit
3269 2549 3340 2594 te.
3390 2537 3523 2594 Nam

1953 2643 2009 2684 ut
2038 2633 2203 2695 scias,
2232 2632 2477 2699 quoniam
2510 2631 2745 2684 dilatabit
2791 2641 2839 2683 te
2860 2672 2875 2695 ,
2910 2647 3014 2683 non
3047 2630 3217 2684 solum
3244 2631 3526 2685 adventum

1952 2739 2105 2776 suum
2133 2722 2403 2791 promisit,
2438 2720 2688 2774 Habitabo
2722 2722 2772 2774 in
2795 2723 2863 2775 eis
2886 2739 2905 2774 :
2934 2720 3024 2775 sed
3061 2722 3226 2790 ipsam
3268 2721 3425 2775 etiam
3455 2722 3529 2789 la-

1953 2814 2257 2878 titudinem,
2284 2812 2541 2877 addendo,
2578 2812 2638 2865 Et
2677 2811 3001 2865 deambulabo
3033 2812 3107 2881 (ll
3137 2810 3253 2865 Cor.
3287 2827 3370 2876 Vl,
3402 2795 3525 2881 i6).

1954 2903 2309 2958 Latitudinem
2350 2902 2501 2956 istam
2526 2945 2540 2965 ,
2569 2903 2611 2956 si
2652 2902 2824 2973 diligis
2845 2945 2858 2965 ,
2893 2902 3060 2957 vides.
3093 2901 3273 2955 Timor
3296 2912 3528 2958 tormen-

1956 3004 2063 3049 tum
2093 2995 2279 3060 habet,
2303 3010 2429 3065 ergo
2471 2996 2735 3064 angustias
2778 2994 2934 3049 habet
2966 3013 2979 3049 :
3009 3009 3071 3049 ac
3103 3009 3196 3063 per
3234 2993 3336 3049 hoc
3378 3010 3530 3049 amor

1956 3085 2280 3139 hititudincm
2326 3087 2500 3138 habet.
2540 3083 2665 3137 Vide
2689 3085 3014 3139 latitudinem
3045 3084 3355 3140 charitatis:
3386 3085 3527 3150 Quo-

1956 3177 2091 3229 niam
2136 3176 2352 3228 charitas
2384 3174 2475 3228 Dei
2515 3174 2699 3241 (li/fusa
2727 3183 2828 3240 est,
2861 3174 3058 3244 inquit,
3090 3175 3142 3228 in
3172 3173 3403 3229 cordibus
3431 3191 3526 3228 no—

1932 3270 2069 3323 Χιςινὶε
2098 3267 2279 3338 (Rom.
2309 3283 2359 3329 ι’,
2384 3267 2414 3320 5

2024 3357 2249 3411 CAPUT
2296 3354 2423 3409 Vill.
2464 3357 2605 3409 —-8.
2666 3356 2905 3410 Dilatatio
2959 3358 3123 3411 cordis
3162 3375 3223 3411 ex
3264 3358 3525 3421 cItaritatr,

1956 3467 2068 3521 qua:
2119 3460 2162 3502 et
2218 3451 2369 3501 mrito
2422 3449 2603 3501 dicitur
2667 3459 2713 3502 et
2785 3450 2983 3519 pignus.
3039 3449 3205 3502 Arrha
3259 3459 3306 3501 et
3352 3449 3528 3519 pignus

1955 3557 2052 3612 quo
2105 3540 2359 3606 differant.
2402 3540 2506 3594 Sed
2556 3549 2608 3593 lu
2649 3541 2695 3592 ei
2745 3540 3017 3608 quaerebas
3059 3540 3251 3594 locum.
3294 3538 3411 3607 Ipse
3440 3541 3521 3591 in-

1958 3634 2219 3688 habitator
2264 3635 2488 3688 dilatet:
2524 3631 2725 3697 Diﬂ'usa
2772 3641 2843 3684 est
2895 3632 3033 3684 enim
3073 3632 3292 3684 charitas
3329 3631 3382 3682 in
3419 3648 3528 3682 cor-

1956 3726 2100 3777 dibus
2150 3725 2361 3788 nostris,
2400 3738 2501 3775 non
2551 3731 2724 3775 tamen
2776 3737 2837 3774 ex
2884 3720 3182 3782 uobis,sed
3226 3737 3313 3787 per
3358 3722 3527 3790 Spiri-

1957 3827 2060 3868 tum
2093 3825 2319 3868 sanctum
2355 3815 2440 3883 qui
2488 3815 2634 3867 datus
2663 3823 2731 3867 est
2765 3813 2923 3867 nobis.
2952 3815 3007 3866 Si
3042 3812 3227 3867 dilTusa
3257 3825 3333 3867 est
3359 3814 3531 3867 chari-

1960 3917 2037 3959 tas
2069 3906 2117 3958 in
2143 3907 2392 3960 cordibus
2423 3905 2647 3967 nostris,
2678 3914 2733 3958 et
2760 3902 2898 3957 Deus
2919 3901 3146 3958 cbaritas
3174 3913 3256 3958 est
3286 3903 3341 3974 (i
3370 3902 3527 3955 Jomt.

1958 4013 2027 4063 tv,
2056 3998 2319 4068 8);ecce
2356 3997 2463 4065 jam
2516 4011 2578 4050 ex
2630 3996 3104 4064 quantulocumque
3153 3996 3372 4065 pignore
3426 3998 3523 4046 de-

1956 4089 2190 4141 ambulat
2249 4087 2385 4141 Deus
2444 4088 2493 4139 in
2545 4087 2711 4139 nobis.
2768 4085 2961 4155 Pignus
3008 4085 3147 4139 enim
3204 4087 3525 4153 accepiiims.

1954 4178 2090 4244 Quid
2143 4177 2267 4231 illud
2320 4185 2436 4241 est,
2475 4178 2626 4245 cujus
2671 4176 2855 4245 pignus
2903 4176 3008 4231 tale
3063 4175 3524 4245 estiQuanquam

1957 4271 2147 4325 melius
2176 4270 2367 4323 habent
2394 4268 2624 4330 codices,
2657 4270 2744 4338 qui
2776 4268 2967 4323 habent
2990 4268 3225 4333 arrham,
3253 4284 3409 4338 quam
3442 4272 3528 4329 qui

1958 4362 2152 4416 habent
2174 4360 2378 4431 pignus.
2404 4358 2655 4414 Eatudem
2672 4359 2867 4429 quippe
2890 4373 2999 4414 rem
3018 4360 3332 4428 interpretes
3350 4358 3530 4413 dicere

1956 4451 2255 4505 \oluernnt.
2306 4450 2527 4504 Interest
2574 4460 2746 4503 tamen
2795 4448 2990 4518 aliquid
3041 4449 3090 4502 in
3138 4449 3384 4518 loquendi
3433 4466 3528 4502 usu

1956 4541 2094 4596 inter
2132 4542 2340 4593 arrham
2368 4550 2421 4593 et
2448 4539 2653 4608 pignus.
2699 4540 2894 4610 Pignus
2920 4540 3060 4593 enim
3100 4539 3312 4607 quando
3339 4539 3526 4604 datur,

1955 4646 2073 4688 cum
2117 4633 2296 4685 datum
2347 4632 2502 4686 fuerit
2530 4641 2748 4701 promer
2771 4631 2909 4699 quod
2956 4633 3143 4701 pignus
3185 4631 3361 4685 datum
3412 4642 3525 4692 est.

1957 4724 2142 4792 pignus
2175 4722 2432 4777 aufertur.
2462 4721 2576 4775 1am
2604 4723 2800 4775 nniltos
2817 4732 3049 4775 vestrum
3077 4722 3401 4776 intellexisse
3424 4739 3527 4774 non

1955 4814 2157 4865 dubito.
2184 4812 2294 4867 Non
2326 4812 2479 4864 video
2502 4852 2516 4873 ,
2547 4811 2639 4865 scd
2686 4826 2749 4865 et
2797 4811 3145 4864 colloculione
3168 4852 3183 4875 ,
3214 4813 3335 4879 quia
3357 4811 3528 4878 loqui.

1956 4906 2083 4960 mini
2110 4906 2174 4957 ad
2197 4907 2526 4967 alterutrum,
2552 4903 2724 4955 sentin
2753 4916 2847 4956 eos
2867 4904 2952 4972 qui
2972 4902 3362 4963 intellexerunt,
3383 4903 3525 4954 velle

1955 5011 2220 5066 exponere
2244 4995 2308 5047 iis
2337 4994 2423 5062 qui
2452 4994 2686 5047 nondum
2720 4995 3111 5049 intellexerunt.
3156 4995 3292 5062 Ergo
3322 4995 3528 5062 planius

1955 5089 2218 5156 aliquanto
2264 5086 2473 5147 dicam,
2508 5095 2565 5137 ut
2594 5083 2658 5137 ad
2705 5099 2890 5137 omnes
2940 5084 3233 5151 perveniat.
3284 5084 3525 5152 Accipis,

1955 5177 2099 5231 verbi
2135 5174 2331 5245 gratia,
2356 5175 2598 5229 codicem
2640 5173 2708 5228 ab
2736 5173 2910 5227 amico
2932 5181 3021 5226 tuo
3045 5188 3058 5236 ;
3089 5181 3145 5226 ut
3172 5172 3261 5226 tibi
3288 5173 3404 5234 det,
3433 5174 3525 5227 das

1955 5267 2165 5337 aliquod
2193 5266 2379 5337 pignus
2409 5283 2423 5319 :
2454 5280 2574 5318 cum
2607 5263 2903 5319 reddideris
2931 5262 3072 5334 quod
3098 5264 3379 5333 accepisti,
3407 5279 3529 5333 pro-

1956 5369 2071 5426 pter
2098 5356 2237 5427 quod
2266 5357 2456 5426 pignus
2493 5355 2743 5425 posuisti,
2775 5354 2861 5409 ille
2886 5354 3023 5425 quod
3047 5354 3337 5409 reddideris
3361 5354 3526 5407 habe-

1955 5450 2026 5501 bit
2043 5491 2056 5515 ,
2083 5459 2137 5504 tu
2162 5450 2346 5519 pignus
2373 5448 2595 5518 recipies
2628 5466 2641 5503 :
2675 5463 2781 5503 non
2803 5447 2942 5503 enim
2971 5446 3185 5501 habebit
3210 5446 3393 5500 ambas
3417 5460 3522 5499 res.

2018 5543 2034 5573 ι
2059 5541 2216 5590 Codex
2242 5555 2309 5598 ν..
2336 5549 2434 5590 Non
2455 5538 2705 5602 contemnit
2721 5538 2767 5591 si
2786 5538 2975 5602 reﬁgit.

2020 5606 2039 5634 ³
2064 5603 2181 5670 aditi
2203 5590 2442 5670 omittunt,
2470 5590 2565 5652 imo
2586 5590 3147 5670 dignatur.:td'addi.tum_
3173 5598 3251 5648 hic
3284 5600 3525 5670 saevieru-

1952 5666 2059 5765 riuo
2080 5663 2243 5713 codice
2266 5665 2431 5726 quisic
2453 5659 2776 5729 prosequitur,
2802 5660 2849 5711 Si
2868 5673 2961 5711 non
2985 5659 3228 5726 dignatur,
3250 5659 3370 5713 audi
3388 5659 3530 5724 polli-

1951 5738 2146 5775 crnrm.
