4024 6202
508 279 607 338 ΗΓ)

576 408 733 461 CAP.
756 406 797 460 Τ
824 406 910 461 ΙΧ.
938 437 997 445 —-
1030 405 1080 460 9.
1100 402 1333 460 Charitas
1360 402 1518 456 verius
1538 400 1690 452 urrha
1715 415 1863 469 quam
1896 398 2077 466 pignus

503 502 704 554 dicitur.
781 498 915 566 Quid
979 512 1143 566 ergo.
1191 494 1414 550 fratres?
1452 493 1505 548 Si
1550 490 1860 545 charitatem
1925 486 2081 540 mtqu

508 591 647 643 lleus
694 599 940 656 laminam
984 587 1172 656 pignus
1219 583 1363 638 dedit
1414 597 1506 650 per
1546 578 1799 650 Spiritum
1844 584 2080 629 sam-lum

511 697 661 734 Sunnt
687 721 701 737 .
731 693 850 731 cum
884 694 992 733 rem
1024 678 1187 747 ipsam
1219 673 1537 735 reddiderit,
1568 687 1666 740 qua
1710 669 1964 738 promissa
2007 668 2082 735 p3-

508 785 644 837 unus
684 770 866 823 dedit‘
894 810 908 830 .
939 768 1282 823 auferendum
1333 773 1413 819 est
1460 764 1610 818 nobis
1653 758 1880 832 pignus?
1911 758 2083 812 Absit!

508 861 612 915 Sed
661 861 800 933 quod
849 860 1027 923 dedit,
1065 859 1167 914 hoc
1211 857 1467 927 implebit.
1525 856 1662 925 Ergo
1696 853 1883 907 melius
1923 850 2078 903 arrha

508 966 663 1018 quam
697 951 903 1021 pignus.
935 948 1231 1020 Aliquando
1259 948 1400 1002 enim
1428 945 1677 1015 pretium,
1708 942 1856 997 verbi
1889 940 2079 1011 gratia,

507 1055 778 1111 prmparas
806 1040 932 1095 dare
963 1055 1057 1109 pro
1085 1054 1144 1094 ea
1173 1053 1231 1093 re
1261 1053 1416 1108 quam
1450 1044 1598 1090 tenes
1625 1032 1777 1087 bonae
1809 1030 1930 1085 fidei
1953 1045 2082 1083 con~

508 1141 705 1198 tractu,
737 1130 804 1185 de
835 1132 948 1200 ipso
971 1130 1140 1200 pretio
1169 1129 1261 1184 das
1288 1125 1515 1197 aliquid;
1546 1135 1601 1180 et
1620 1125 1722 1178 erit
1746 1125 1903 1177 arrlta
1928 1163 1943 1187 ,
1978 1135 2081 1174 non

482 1225 730 1292 pignus;
778 1220 918 1291 quod
948 1220 1015 1275 sit
1051 1219 1462 1289 complendum,
1506 1234 1609 1270 non
1657 1214 1798 1284 quod
1839 1213 2085 1266 auferen-

509 1314 654 1366 dum.
686 1312 801 1366 Jam
847 1327 972 1382 ergo
1003 1312 1255 1381 intellige.
1297 1310 1353 1365 Si
1382 1308 1594 1363 invenio
1618 1307 1924 1361 dilectorem
1951 1347 1965 1368 ,
1992 1303 2085 1357 ha-

510 1405 597 1458 hct
624 1406 833 1458 arrham
855 1447 870 1470 ,
901 1415 955 1459 ct
991 1420 1057 1459 ex
1082 1403 1239 1457 arrha
1266 1401 1531 1458 desiderat
1558 1397 1955 1470 plenitudinem.
1980 1396 2089 1448 Ar—

509 1496 663 1548 rham
685 1495 854 1563 ipsam
877 1495 1178 1549 cnosideret
1202 1513 1213 1547 :
1241 1494 1338 1547 hoc
1381 1493 1520 1546 enim
1552 1489 1921 1559 romplebitur,
1949 1488 2087 1550 unde

509 1586 664 1640 arrha
691 1586 810 1639 data
847 1596 946 1641 est.
981 1585 1148 1654 Ipsam
1177 1585 1403 1653 cogitet,
1438 1583 1601 1650 ipsam
1640 1578 1776 1649 apud
1806 1593 1864 1632 se
1909 1576 2088 1632 discu-

512 1681 605 1733 tiat
627 1721 642 1746 ,
676 1679 841 1747 ipsam
872 1679 1143 1748 inspiciat,
1174 1677 1339 1746 ipsam
1367 1675 1430 1729 de
1454 1672 1779 1744 plenitudine
1809 1671 1895 1724 illa
1929 1685 2086 1740 quam

512 1785 615 1822 non
641 1768 809 1833 videt,
836 1769 1120 1837 interroget
1152 1783 1165 1821 :
1202 1782 1267 1820 ne
1311 1764 1446 1818 forte
1483 1763 1625 1816 aliud
1676 1763 1725 1814 in
1762 1759 2089 1829 plenitudine

510 1859 806 1922 desideret,
838 1873 991 1927 quam
1032 1866 1111 1910 est
1142 1857 1190 1909 in
1228 1872 1291 1909 eo
1310 1854 1450 1925 quad
1495 1853 1717 1922 accepit.
1750 1851 1839 1905 Fot
1858 1860 1908 1905 te
1954 1850 2089 1904 Deus

510 1967 698 2004 aurum
744 1952 961 2004 daturus
992 1957 1069 2002 (Si.
1090 1990 1103 2011 ,
1134 1948 1245 2001 auri
1276 1944 1654 2015 plenitudinem
1695 1943 2084 2011 complcturns,

511 2050 565 2093 rt
608 2040 675 2093 de
720 2056 848 2092 auro
885 2038 1094 2092 arrham
1135 2037 1296 2092 dedit.
1328 2034 1665 2089 Metuendum
1706 2042 1882 2088 estne
1912 2041 1964 2085 tu
1997 2046 2091 2099 pro

511 2144 641 2182 auro
692 2130 959 2198 plumbum
999 2128 1289 2182 desideres.
1335 2126 1524 2195 Aspice
1574 2140 1704 2194 ergo
1748 2122 1995 2187 arrham;
2046 2124 2088 2176 si

514 2219 603 2271 tibi
655 2229 875 2288 potuero
928 2217 1150 2273 suadere
1215 2226 1270 2271 ut
1332 2217 1555 2286 aspicias
1608 2232 1620 2267 :
1666 2215 1801 2268 Deus
1862 2215 2092 2269 Charitas

515 2320 616 2364 est.

583 2399 805 2456 CAPUT
844 2398 905 2452 Χ.
936 2429 975 2437 -
1039 2398 1118 2452 10.
1163 2397 1300 2450 l'ous
1338 2396 1596 2451 clturitatis
1616 2412 1863 2449 summum
1887 2395 2089 2447 bonum.

517 2494 640 2550 Inde
664 2492 918 2547 habemus
947 2489 1174 2558 aliquid,
1210 2489 1332 2543 inde
1357 2488 1594 2558 adspcrsi
1616 2501 1826 2550 sumus,
1857 2486 1976 2540 inde
2020 2486 2091 2537 ἰισ

514 2585 695 2639 rorati.
726 2582 884 2652 Cujus
924 2599 1010 2635 ros
1060 2581 1178 2635 talis
1222 2588 1339 2643 est,
1384 2580 1554 2649 qualis
1600 2578 1751 2631 lima?
1801 2578 1937 2630 Rore
1994 2578 2093 2630 isto

514 2688 794 2744 aspersus,
827 2673 916 2727 sed
950 2674 1177 2741 llagrans
1205 2673 1253 2723 in
1280 2670 1476 2724 fontem
1496 2713 1511 2734 ,
1546 2670 1627 2722 dic
1654 2670 1763 2723 Deo
1795 2679 1882 2722 tuo
1917 2684 1928 2720 :
1960 2668 2095 2731 Quo-

515 2770 651 2819 niam
669 2765 809 2833 apud
828 2773 874 2816 te
899 2774 967 2816 est
994 2763 1107 2833 [ous
1135 2762 1263 2815 vitaz.
1297 2762 1351 2815 In
1377 2744 1496 2815 rore
1525 2761 1624 2813 isto
1646 2769 1822 2813 natum
1853 2768 1934 2811 est
1957 2757 2095 2810 desi-

515 2856 740 2917 derium,
774 2855 824 2907 in
852 2852 996 2907 fonte
1025 2852 1318 2905 satiaberis.
1346 2850 1422 2903 lbi
1440 2860 1523 2904 est
1542 2849 1682 2919 quod
1708 2847 1899 2902 sufficit
1921 2847 2091 2901 nobis.

521 2947 640 3000 Filii
669 2959 833 3002 autem
860 2948 1117 3000 Itomiunm
1150 2947 1198 2998 in
1236 2946 1448 3015 tegmine
1476 2943 1673 2996 alarum
1699 2952 1901 2994 tuarum
1924 2957 2097 3009 spera-

516 3039 655 3091 bunt.
678 3038 809 3108 Quid
846 3036 1208 3091 desideramus
1241 3052 1333 3103 pro
1361 3050 1551 3104 magno
1579 3049 1639 3088 ea
1678 3032 1768 3086 Dei
1800 3031 2052 3086 beneficia
2075 3071 2090 3095 ,

516 3148 632 3198 quze
671 3131 832 3184 donat
859 3141 909 3183 et
953 3128 1172 3182 bestiis?
1208 3110 1467 3180 Beneficia
1507 3123 1717 3193 quidem
1747 3123 1910 3190 ipsius
1937 3132 2053 3174 sunt
2078 3160 2091 3183 ,

517 3223 634 3291 quis
663 3222 899 3276 dubitat?
933 3222 970 3274 Α
1002 3236 1105 3287 quo
1132 3220 1273 3272 salus
1302 3219 1383 3275 vel
1415 3217 1626 3269 minima
1652 3257 1667 3280 ,
1700 3215 1796 3268 nisi
1827 3214 1891 3267 ab
1919 3213 2006 3266 illo
2031 3212 2096 3266 de

518 3330 622 3385 quo
646 3312 840 3367 dictmn
871 3324 970 3371 est,
1003 3310 1203 3363 Dantini
1228 3319 1298 3363 est
1317 3311 1455 3363 salus
1480 3306 1648 3375 (Psal.
1679 3322 1763 3373 Ill,
1787 3305 1863 3374 9).

590 3403 813 3460 CAPUT
873 3403 961 3457 XI.
1021 3432 1089 3440 —
1146 3402 1228 3453 ll.
1285 3398 1429 3452 Bona
1472 3399 1567 3468 piis
1610 3397 1834 3468 propria.
1879 3393 1982 3449 Sed
2025 3392 2099 3447 ait

522 3497 660 3549 idem
691 3493 803 3563 ipse
835 3493 1065 3563 psalmus
1085 3533 1097 3553 ,
1129 3489 1369 3543 "omines
1397 3497 1442 3540 et
1461 3491 1691 3557 jumenta
1719 3486 1882 3540 salvos
1904 3484 2057 3554 [acies
2081 3526 2094 3544 .

524 3589 765 3651 Domine,
809 3588 935 3640 sicut
965 3584 1297 3654 nutltiplicata
1325 3592 1396 3635 est
1428 3580 1767 3634 misericordia
1809 3589 1896 3630 tua
1919 3618 1935 3642 ,
1964 3575 2099 3629 Deus

523 3676 692 3743 (l’sal.
730 3692 908 3738 xxxv,
937 3674 1001 3729 10
1022 3716 1035 3736 .
1059 3674 1092 3729 8
1116 3716 1130 3739 ,
1164 3674 1240 3743 7).
1274 3671 1401 3724 'l‘am
1431 3670 1770 3739 multiplicem
1798 3666 2099 3722 misericor-

523 3771 661 3821 diam
687 3766 847 3821 habes
869 3768 909 3831 ',
930 3774 982 3819 ut
1011 3780 1112 3819 non
1139 3772 1340 3816 tantum
1362 3759 1428 3813 ad
1452 3761 1711 3823 homines,
1737 3772 1916 3813 verum
1941 3757 2097 3811 etiam

523 3860 845 3929 adiumenta
880 3855 1167 3926 perveniat.
1198 3854 1361 3907 Tanta
1410 3852 1662 3922 praerales
1705 3847 2061 3903 misericordia
2084 3889 2097 3912 ,

527 3968 575 4006 ut
610 3955 768 4008 facias
795 3951 960 4006 sulem
1001 3958 1149 4003 tuutn
1176 3946 1305 4000 oriri
1332 3960 1489 4015 super
1516 3945 1684 3997 bonos
1720 3951 1773 3996 et
1812 3940 1980 3995 malos
2002 3980 2017 4004 ,
2049 3949 2102 3993 et

527 4049 676 4115 pluas
704 4062 862 4116 super
879 4044 1052 4114 justus
1077 4050 1132 4095 et
1156 4041 1381 4109 injustos
1407 4035 1617 4111 (Matth.
1646 4051 1710 4100 v,
1738 4035 1853 4104 45).
1894 4033 2102 4087 Nihilne

530 4141 793 4205 peculiare
821 4153 849 4190 a
879 4147 930 4191 te
959 4134 1124 4190 sancti
1158 4133 1261 4197 ttti,
1290 4131 1415 4185 nihil
1448 4129 1716 4200 proiirinm
1751 4128 1865 4195 pius
1890 4126 2097 4196 accipit,

527 4230 667 4299 quod
708 4229 899 4297 impius
926 4245 1028 4280 non
1059 4225 1321 4293 accipiat?
1362 4223 1521 4276 Plane
1550 4221 1738 4290 accipit
1769 4238 1782 4274 :
1816 4220 1935 4274 audi
1962 4219 2101 4288 quod

529 4322 783 4391 sequitur.
813 4318 929 4372 Jam
956 4317 1097 4370 enim
1124 4316 1362 4377 dixerat,
1398 4312 1636 4366 "omines
1662 4323 1707 4365 et
1749 4313 1968 4375 iumenta
2001 4310 2105 4363 sal-

531 4430 614 4465 ros
646 4416 799 4482 facies
822 4450 837 4474 ,
871 4408 1111 4470 Domine,
1152 4407 1278 4459 sicut
1309 4405 1638 4471 multiplicata
1664 4415 1734 4457 cst
1766 4404 2105 4457 misericordia

532 4514 620 4554 tua
640 4541 654 4564 ,
680 4499 814 4553 Deus
840 4497 1113 4564 :adjunxit
1137 4506 1189 4549 et
1211 4496 1301 4555 ait,
1334 4494 1454 4546 Filii
1484 4504 1648 4545 autaut
1668 4494 1944 4547 hominum.
1969 4495 2103 4560 Quid

534 4605 660 4658 ergo
704 4587 857 4658 paulo
885 4596 1006 4639 ante
1033 4584 1245 4638 dixisti?
1286 4583 1538 4637 lltnuines
1568 4600 1669 4635 non
1708 4592 1857 4636 erant
1894 4584 1981 4637 lilii
2012 4585 2108 4637 hn-

536 4680 770 4735 tuinum?
803 4678 1061 4742 Homines,
1094 4677 1277 4746 inquit.
1307 4686 1353 4729 et
1369 4676 1600 4744 jumenta
1625 4676 1786 4727 salvos
1808 4676 1978 4743 ﬂtcies,
2009 4675 2110 4728 Ilo-

536 4776 667 4827 mine
697 4789 717 4826 :
738 4773 830 4842 ﬁlii
861 4783 1023 4824 autem
1062 4771 1339 4824 hominum.
1367 4768 1502 4834 Quid
1530 4768 1697 4836 ergo?
1723 4767 1815 4835 lilii
1854 4768 2109 4820 hominum

534 4868 624 4922 sub
655 4867 865 4937 tegmine
891 4865 1086 4917 alarum
1133 4872 1332 4915 tuarum
1381 4861 1667 4927 sperabunt.
1701 4858 1809 4912 Iloc
1848 4876 1949 4912 non
1992 4876 2109 4913 cum

536 4958 807 5028 protentis.
851 4956 1025 5023 Quare
1071 4969 1198 5018 ergo
1229 4952 1313 5006 isti
1361 4960 1413 5005 et
1464 4952 1533 5004 illi
1584 4949 1868 5004 homines?
1921 4952 2111 5004 Annon

538 5053 695 5103 etiam
737 5049 978 5103 homines
1016 5047 1103 5100 lilii
1153 5043 1459 5097 huminuut‘!
1505 5042 1745 5095 l’rol'ecto
1788 5049 1839 5095 et
1873 5041 2113 5095 homines

543 5144 589 5192 l'.l
620 5144 630 5193 i
666 5142 955 5193 hominum.
987 5138 1131 5192 Unde
1154 5136 1308 5202 igitur
1332 5137 1425 5188 ista
1453 5133 1741 5196 distinctio,
1770 5133 1866 5186 nisi
1888 5134 2007 5202 quia
2033 5142 2111 5186 est

543 5231 699 5285 homo
724 5231 811 5299 qui
844 5244 948 5282 non
975 5237 1087 5281 erat
1133 5228 1270 5280 filius
1303 5224 1571 5279 hominis?
1603 5225 1771 5278 "0in
1824 5241 1925 5277 non
1977 5225 2115 5277 filius

543 5320 768 5373 hominis
788 5359 803 5383 ,
837 5317 1000 5372 Adam
1030 5334 1041 5369 :
1066 5317 1223 5369 ltomo
1246 5318 1382 5370 lilius
1412 5315 1656 5378 hominis,
1683 5316 1942 5370 Christus.
1973 5316 2115 5369 Sicut

548 5415 597 5464 ia
621 5411 777 5463 Adam
800 5426 968 5464 omnes
989 5409 1285 5468 moriuntur,
1310 5410 1381 5459 sic
1406 5410 1455 5459 in
1481 5407 1677 5460 Christo
1703 5425 1871 5461 omnes
1896 5408 2117 5475 viviﬁca—

606 5522 617 5550 τ
652 5528 713 5569 tta
734 5526 779 5570 in
806 5519 1069 5581 exemplari
1104 5518 1336 5581 victoriae
1368 5525 1419 5581 et
1455 5515 1638 5565 intt‘lori
1661 5515 1965 5567 collectione.
1995 5526 2045 5567 At
2071 5518 2118 5565 in

547 5585 705 5640 enatis,
724 5582 835 5645 (ptio
857 5595 944 5646 pro
958 5578 1067 5642 ipsa
1091 5579 1256 5642 pignus
1273 5578 1428 5646 dedit.
1737 5637 1747 5646 _

610 5645 628 5674 ⁸
653 5640 1006 5701 μῆρ’κὶιιιιιιὶιιιιε
1041 5640 1117 5691 Ms.
1140 5640 1199 5689 Μ
1223 5642 1299 5691 edi
1325 5642 1355 5696 ἰ,
1382 5652 1657 5701 (ιιιιιιιιιιιηιιι
1681 5640 1950 5690 nu'sct'irors
1980 5650 2119 5697 Dettr,

549 5707 702 5752 tenuat
728 5700 1029 5763 multiplicem
1054 5703 1118 5753 mi
1142 5700 1452 5765 mirantium,
1475 5714 1573 5757 μιν,

1726 285 1781 337 S.
1824 281 1955 338 AUC
1967 278 2183 338 USTLVI
2223 277 2518 334 lil‘leOPl

3666 278 3782 334 160

2187 394 2370 444 bantur
2396 391 2446 462 (1
2478 392 2590 443 Cor.
2620 407 2704 454 xv,
2740 389 2850 453 22).
2882 390 3131 455 Qtnerunt
3152 389 3376 444 Salutem
3402 405 3520 445 cum
3544 391 3776 460 jumen-

2187 486 2251 536 tis
2279 485 2363 552 qui
2404 483 2731 544 moriuntur,
2761 490 2812 536 et
2844 497 2946 533 non
2993 481 3177 547 victuri
3211 482 3506 536 moriuntur
3534 502 3546 537 :
3578 494 3632 538 et
3658 501 3772 539 nou

2184 582 2427 643 qua-runt
2473 576 2694 633 salutem
2743 588 2863 624 rum
2897 571 3013 624 filiis
3058 570 3363 635 hominum,
3396 583 3453 626 ttt
3495 590 3773 644 mmquam

2191 666 2518 720 moriantur?

2256 757 2479 810 CAPUT
2504 755 2613 811 XII.
2636 785 2706 796 ——-
2732 755 2970 824 Eliquata
2992 766 3073 809 est
3105 755 3200 808 ista
3229 755 3512 811 distinctio.
3535 756 3610 811 ιιιῑ
3643 775 3763 823 prr-

2189 850 2354 901 tinent
2378 847 2444 901 ad
2490 847 2733 901 homines
2756 888 2769 909 ,
2800 846 2883 899 isti
2911 845 3001 899 lilii
3031 845 3302 899 hominum
3349 850 3413 900 ad
3443 847 3631 901 Filium
3665 863 3771 902 no-

2189 937 2367 991 minis.

2264 1028 2347 1082 19..
2399 1028 2634 1082 flamines
2662 1039 2708 1081 et
2750 1029 2846 1095 lilii
2874 1029 3133 1082 hominum
3184 1029 3316 1083 unde
3363 1031 3596 1084 distincti.
3629 1032 3777 1099 Quid

2189 1136 2315 1188 ergo
2364 1119 2634 1188 sequitur?
2687 1118 2807 1171 Filii
2856 1130 3021 1173 autem
3092 1120 3347 1173 hominum
3417 1122 3506 1175 sub
3555 1123 3781 1191 tegmine

2190 1213 2385 1261 alarum
2416 1220 2613 1262 tuarum
2641 1208 2929 1279 sperabunt.
2966 1210 3100 1263 Ecce
3129 1223 3308 1277 spero,
3331 1224 3455 1263 ecce
3482 1225 3603 1278 spes
3628 1230 3640 1264 :
3676 1213 3776 1265 sed

2190 1317 2307 1370 qme
2355 1299 2595 1361 videtur,
2643 1315 2744 1350 nun
2772 1309 2853 1352 est
2898 1314 3021 1367 spes
3051 1296 3222 1367 (Rom.
3256 1315 3380 1365 vtu,
3428 1299 3541 1369 9.4).
3572 1294 3776 1354 Futura

2193 1406 2316 1460 ergo
2341 1407 2459 1460 qua:
2484 1390 2878 1459 promittuntur,
2909 1389 3262 1444 inebriabunt.
3297 1388 3683 1444 lncbriahuutur
3708 1394 3778 1443 ab

2192 1480 2412 1532 ubertate
2458 1480 2639 1532 domus
2680 1488 2797 1532 tute.
2844 1477 3030 1533 Timeo
3056 1495 3120 1532 ne
3151 1478 3282 1533 forte
3326 1480 3776 1548 quemadmodum

2196 1568 2351 1638 paulo
2379 1577 2500 1622 ante
2527 1567 2762 1622 membra
2797 1569 3036 1637 corporis
3073 1569 3344 1638 quarrebat
3370 1569 3420 1622 in
3444 1570 3552 1622 Deo
3571 1610 3586 1634 ,
3611 1570 3688 1624 sic
3719 1572 3777 1623 in

2192 1658 2306 1727 ejus
2336 1658 2589 1711 ebrietate
2617 1659 2811 1728 cogitet
2836 1656 3155 1724 satietatem,
3187 1673 3289 1711 non
3313 1658 3649 1714 inell‘abilium
3675 1662 3781 1716 bo-

2196 1762 2386 1801 norum
2408 1788 2420 1808 ,
2453 1746 2545 1800 sed
2571 1747 2838 1816 crapulam
2879 1748 3167 1801 carnalium
3205 1749 3582 1804 conviviorum.
3616 1750 3779 1804 Diea-

2196 1855 2313 1892 mus
2344 1847 2554 1903 tamen,
2601 1839 2792 1907 cogitet
2818 1838 2959 1908 quod
2989 1849 3194 1910 potest,
3228 1840 3270 1893 si
3312 1841 3508 1910 majora
3546 1860 3648 1898 non
3684 1862 3783 1912 po-

2198 1937 2318 1993 test,
2353 1945 2455 1984 uon
2485 1929 2697 1983 recedat
2720 1929 2785 1985 de
2810 1931 2949 1995 sinu,
2973 1940 3144 1985 tamen
3167 1942 3371 1987 crescat
3400 1935 3434 1985 ⁸.
3458 1934 3782 2003 chnamtlt',

2196 2029 2250 2074 ct
2277 2020 2364 2089 qui
2398 2034 2678 2089 possumus
2702 2063 2715 2082 ,
2749 2031 2999 2089 quantum
3034 2036 3311 2089 possumus
3347 2025 3389 2086 ⁸,
3434 2026 3787 2094 spiritualiter

2198 2112 2538 2167 delectemur.
2571 2112 2992 2177 Inebriabuntur,
3023 2114 3223 2182 inquit,
3257 2115 3319 2169 ab
3343 2116 3558 2171 ubertate
3595 2118 3787 2172 domus

2197 2211 2329 2268 tum,
2363 2212 2408 2257 et
2448 2212 2665 2257 torrente
2690 2204 2958 2273 voluptatis
2985 2214 3086 2257 tute
3112 2207 3304 2273 potabis
3333 2224 3434 2261 eos.
3474 2208 3589 2274 Quo
3614 2210 3791 2263 vino?

2197 2308 2303 2362 quo
2334 2293 2647 2363 musto?qua
2681 2293 2814 2348 unda
2835 2294 2858 2346 ?
2881 2309 2986 2362 quo
3014 2295 3193 2349 melle?
3217 2311 3322 2364 quo
3350 2299 3596 2351 nectare?
3617 2301 3789 2364 Qum-

2198 2385 2272 2439 ris
2300 2385 2446 2453 quo?
2479 2385 2729 2451 Quoniam
2749 2386 2885 2456 apud
2915 2397 2962 2439 te
3006 2396 3074 2440 cst
3100 2387 3212 2456 [ous
3237 2390 3350 2441 vita:
3378 2386 3541 2457 (Pam.
3568 2407 3678 2444 xxx
3728 2408 3786 2451 ν.

2199 2476 2372 2547 7-10).
2398 2478 2554 2541 Bibe,
2584 2478 2626 2531 si
2659 2486 2836 2546 potes,
2867 2478 3048 2532 vitam.
3080 2478 3466 2533 Conscientiam
3495 2496 3648 2549 para,
3676 2498 3789 2537 non

2197 2567 2408 2634 gulam;
2443 2577 2672 2620 mentem
2694 2609 2707 2627 .
2743 2584 2846 2621 non
2877 2579 3140 2623 ventrem.
3184 2568 3240 2623 Si
3269 2570 3459 2623 audiin
3484 2611 3499 2634 ,
3545 2572 3587 2623 si
3618 2572 3787 2626 intel-

2199 2655 2407 2719 lexisti;
2446 2656 2489 2709 si
2531 2656 2797 2720 dilexisti,
2830 2667 3083 2725 quantum
3114 2657 3366 2725 potuisti,
3394 2658 3502 2727 jam
3538 2660 3658 2714 inde
3690 2661 3780 2713 lii—

2200 2743 2319 2798 bisti
2343 2743 2381 2798 ⁸.

2269 2833 2492 2889 CAPUT
2539 2834 2678 2889 Xlll.
2700 2865 2771 2874 —
2802 2836 2888 2888 15.
2921 2834 3150 2890 Charitas
3200 2846 3430 2900 ornatur,
3464 2853 3553 2889 nec
3613 2847 3791 2891 tamen

2198 2925 2433 2980 sentitur.
2461 2925 2689 2981 Attende
2730 2925 2854 2996 quid
2898 2926 3110 2980 biberis.
3142 2926 3460 2980 Charitalem
3490 2927 3689 2980 bibisti.
3718 2932 3778 2983 Si

2201 3016 2338 3070 nosti
2369 3017 2547 3082 illam,
2578 3016 2715 3071 Deus
2743 3017 2971 3070 Charitas
3000 3026 3082 3071 est
3118 3017 3160 3085 (Ι
3185 3016 3340 3069 Joan.
3370 3034 3441 3081 tv,
3469 3017 3545 3087 8).
3573 3020 3624 3072 Si
3655 3036 3794 3087 ergo

2199 3106 2508 3179 charitatem
2553 3106 2764 3172 bibisti,
2808 3105 2895 3161 die
2919 3106 3046 3160 mihi
3099 3107 3151 3160 in
3183 3123 3286 3176 quo
3333 3107 3448 3162 loco
3494 3108 3689 3162 bibisti.
3722 3111 3786 3163 Si

2202 3199 2341 3253 nosti
2384 3199 2524 3253 illam
2550 3239 2566 3264 ,
2603 3199 2645 3252 si
2676 3198 2851 3253 vidisti
2889 3198 3027 3253 illam
3050 3240 3064 3262 ,
3106 3199 3149 3252 si
3193 3215 3374 3260 amas,
3421 3199 3558 3253 unde
3598 3202 3791 3253 antas!

2201 3288 2466 3359 Quidquid
2494 3289 2635 3343 enim
2665 3289 2799 3344 bene
2822 3305 2990 3355 amas,
3021 3289 3279 3344 charitate
3307 3306 3476 3344 amas.
3506 3292 3795 3357 Quomodo

2202 3387 2377 3434 autem
2425 3378 2721 3433 charitate?
2763 3379 2868 3434 Aut
2928 3379 3056 3449 quid
3103 3395 3281 3443 amas,
3337 3380 3422 3448 qui
3476 3380 3795 3437 rharitatem

2202 3482 2350 3523 amas
2378 3466 2434 3521 ‘2
2465 3466 2606 3538 Ergo
2628 3467 2672 3522 si
2698 3482 2872 3530 amas,
2905 3467 3045 3522 unde
3069 3484 3216 3520 amas
3248 3468 3306 3519 οἳ
3338 3467 3489 3524 Venit
3524 3469 3587 3522 ad
3620 3479 3703 3533 te,
3735 3481 3798 3522 et

2205 3559 2346 3613 nosti
2371 3574 2488 3613 eam
2514 3600 2528 3622 ,
2557 3568 2610 3614 et
2635 3556 2784 3612 vides
2812 3573 2928 3611 eam
2956 3576 2968 3609 :
2997 3567 3051 3612 et
3081 3574 3183 3611 non
3219 3559 3269 3612 in
3300 3559 3414 3611 loco
3442 3558 3663 3622 videtur,
3690 3575 3799 3613 nec

2205 3651 2566 3721 corporalibus
2593 3650 2760 3705 oculis
2783 3650 3059 3722 qumritur,
3088 3659 3147 3704 ut
3166 3648 3526 3703 vehementius
3553 3662 3794 3713 ametur;

2207 3756 2305 3795 nec
2328 3741 2539 3795 auditur
2564 3739 2757 3805 aliam;
2797 3749 2851 3795 et
2888 3739 3100 3809 quando
3127 3739 3191 3792 ad
3238 3751 3289 3794 te
3317 3740 3453 3793 venit
3478 3781 3492 3804 ,
3526 3756 3625 3792 uou
3658 3756 3799 3792 seu-

2209 3832 2435 3886 ticbatur
2483 3832 2712 3886 incessu.
2758 3828 3020 3900 Numquid
3081 3829 3463 3884 deambulantis
3515 3830 3563 3883 in
3623 3830 3801 3887 corde

2209 3930 2300 3974 tuo
2339 3920 2623 3990 aliquando
2654 3920 2861 3990 plantas
2899 3920 3108 3974 sensisti
3138 3920 3455 3973 cltaritatis?
3483 3920 3617 3986 Quid
3658 3937 3805 3988 ergo

2207 4014 2323 4066 est?
2351 4011 2513 4079 Cujus
2538 4012 2641 4066 hoc
2665 4021 2745 4066 est
2767 4053 2782 4077 ,
2816 4011 2954 4082 quod
2980 4013 3089 4080 jam
3116 4022 3199 4065 cst
3223 4012 3273 4065 in
3305 4020 3353 4065 te
3374 4054 3387 4076 ,
3419 4021 3472 4066 et
3500 4029 3599 4064 non
3642 4015 3804 4081 capi-

2210 4109 2295 4154 tur
2326 4116 2355 4155 a
2384 4099 2477 4155 te?
2503 4101 2590 4156 Sic
2618 4101 2765 4155 disce
2794 4117 2973 4157 amare
2996 4102 3182 4155 Deum.

2279 4192 2503 4247 CAPUT
2549 4192 2688 4246 XIV.
2714 4223 2784 4231 —
2815 4192 2898 4246 Η.
2933 4190 3070 4246 Deus
3096 4192 3345 4261 quomodo
3372 4192 3451 4245 hic
3497 4190 3663 4262 Moysi
3697 4210 3804 4263 ap-

2212 4286 2396 4353 paruit.
2425 4284 2528 4339 Sed
2556 4283 2914 4338 deambulavit
2949 4283 2999 4337 in
3030 4282 3272 4352 paradiso
3302 4281 3451 4353 (Gen.
3481 4298 3556 4346 ιιι.
3585 4283 3662 4349 8).
3694 4284 3800 4338 Sed

2212 4376 2355 4429 visus
2385 4384 2466 4429 est
2494 4376 2557 4429 ad
2592 4376 2763 4430 ilicem
2805 4374 3038 4429 Mambrc
3078 4373 3182 4447 (Ib.
3215 4390 3366 4440 xvnt,
3400 4374 3474 4441 Ι),
3505 4374 3597 4428 sed
3644 4375 3807 4430 locu-

2214 4477 2298 4523 tus
2324 4477 2404 4523 est
2429 4483 2547 4522 cum
2581 4467 2761 4537 Moyse
2803 4468 2853 4521 in
2898 4476 3076 4521 monte
3106 4467 3232 4521 Sina
3262 4482 3324 4531 os
3352 4466 3416 4519 ad
3444 4480 3524 4519 os.
3573 4466 3635 4519 Et
3666 4469 3805 4534 quid

2216 4558 2377 4611 inde?
2406 4556 2543 4612 Ecce
2568 4557 2654 4625 qui
2682 4554 2889 4611 videtur
2913 4557 2963 4610 in
2993 4556 3129 4619 loco.
3164 4573 3266 4610 non
3292 4557 3514 4610 sentitur
3560 4557 3806 4611 incessu.

2217 4649 2308 4703 \iis
2351 4648 2530 4702 audire
2575 4647 2745 4716 ipsum
2786 4646 3031 4718 Moysen,
3067 4662 3133 4701 ne
3168 4647 3298 4701 mihi
3322 4646 3562 4717 quamvis
3590 4649 3813 4704 nutrire

2215 4741 2443 4808 cupienti
2489 4739 2750 4807 inquietus
2799 4738 2970 4794 htfaus
3011 4737 3222 4792 tzedium
3253 4736 3452 4793 facias?
3484 4738 3640 4793 Visne
3666 4753 3813 4807 ergo

2216 4833 2400 4885 audire
2428 4832 2596 4901 ipsum
2631 4830 2886 4900 Moysen?
2909 4830 3065 4884 Certe
3094 4830 3408 4898 quucbatur
3431 4840 3483 4882 et
3512 4829 3619 4883 Deo
3642 4844 3709 4884 os
3731 4831 3812 4885 ad

2218 4940 2297 4977 os.
2326 4924 2420 4977 Cui
2447 4940 2575 4991 ergo
2600 4923 2827 4983 dicebat,
2853 4922 2949 4976 nisi
2981 4922 3078 4991 ipsi
3104 4938 3225 4975 cum
3247 4938 3353 4991 quo
3375 4922 3707 4991 l0quebatur,
3740 4924 3813 4977 Si

2220 5014 2383 5066 iuueni
2420 5014 2635 5083 gratiam
2674 5024 2791 5067 ante
2818 5024 2898 5077 te,
2938 5013 3142 5067 ostende
3180 5013 3304 5065 mihi
3330 5022 3375 5065 te
3412 5012 3574 5079 ipsum
3599 5011 3809 5076 (Exod.

2222 5123 2392 5159 χχχιιι
2414 5149 2427 5171 ,
2475 5108 2529 5160 ll
2558 5148 2572 5171 ,
2604 5106 2730 5174 l5)?
2759 5106 3016 5176 Loquitur
3043 5121 3162 5160 cum
3194 5107 3310 5175 ipso
3333 5121 3395 5159 os
3422 5106 3487 5158 ad
3518 5121 3579 5160 os
3599 5144 3618 5169 ,
3661 5106 3814 5161 sicut

2222 5197 2341 5264 quis
2367 5197 2593 5265 loquitur
2619 5195 2685 5249 ad
2707 5197 2936 5251 amicum
2957 5211 3147 5261 suum,
3181 5208 3234 5251 et
3260 5196 3385 5251 dicit
3421 5196 3467 5249 ei
3490 5238 3504 5257 ,
3537 5196 3596 5249 Si
3636 5197 3819 5251 inveni

2287 5332 2301 5360 ί
2335 5330 2595 5379 \ictorinus
2616 5336 2716 5387 Ms,
2742 5343 2852 5379 cum
2872 5328 3058 5381 crescit.

2287 5394 2305 5421 ²
2330 5392 2400 5439 sic
2423 5399 2445 5436 κ
2460 5392 2687 5441 ictorinus
2706 5398 2787 5440 us.
2811 5400 2866 5442 Αι
2887 5399 3016 5452 tota,
3038 5396 3083 5441 et
3105 5403 3201 5453 qua
3221 5404 3482 5455 possumus.
3507 5397 3552 5440 et
3573 5399 3825 5453 quantuni

2285 5464 2485 5501 SSIIMNS.

2285 5469 2307 5497 .‘
2335 5466 2348 5498 ι
2476 5490 2485 5499 .

2224 5466 2760 5570 Ροῖδιίιηῗέῗιιυιείιιοῇιδη
2788 5512 2837 5562 si
2849 5512 2959 5575 jam
2980 5512 3092 5564 inde
3118 5511 3307 5573 bibisti;
3327 5512 3537 5573 attende,
3563 5522 3658 5564 etc.

2290 5586 2307 5638 ξ
2336 5577 2598 5638 Victorinus
2623 5584 2721 5633 διδ..
2747 5574 2983 5638 Quomodo
3005 5581 3162 5625 autem
3183 5575 3415 5625 chm‘itatr
3438 5574 3623 5638 aliquid
3647 5590 3824 5633 imus.

2226 5635 2307 5700 qui
2330 5636 2606 5700 rharitatem
2630 5649 2719 5684 non
2744 5649 2876 5685 amas
2897 5635 2920 5700 3

2291 5701 2310 5731 δ
2338 5706 2356 5742 \
2372 5698 2597 5746 ietorinus
2617 5704 2719 5757 31s.,
2743 5705 2863 5760 Ergo
2884 5696 2924 5747 si
2946 5709 3097 5757 muas,
3119 5696 3231 5747 bene
3254 5711 3402 5745 anuis.
