4076 6198
276 271 365 326 liii

263 385 481 456 gratiam
501 393 619 436 ante
649 394 725 451 te,
757 384 961 438 ostende
986 386 1109 439 milii
1136 396 1182 440 te
1206 387 1371 456 ipsum
1411 392 1690 463 manifeste.
1724 393 1859 459 Quid

263 479 500 542 videbat,
533 487 588 531 et
614 476 742 547 quid
773 477 975 531 sciclmt
1005 476 1135 533 ‘?Si
1167 493 1269 532 non
1293 490 1405 534 erat
1430 481 1566 551 ipse,
1595 486 1862 553 quomodo

261 570 308 624 ei
334 568 534 621 dicitur
557 610 573 627 ,
609 568 831 621 Ostende
857 568 982 620 mihi
1005 578 1052 621 te
1087 569 1250 638 ipsum
1278 570 1304 622 2’
1327 570 1441 625 Non
1480 588 1759 642 possumus
1785 578 1863 631 di-

262 674 391 714 cere
418 660 560 728 quod
591 675 695 713 non
722 670 836 713 erat
864 660 999 729 ipse.
1028 659 1082 714 Si
1115 676 1216 714 non
1243 674 1384 717 esset
1414 664 1548 733 ipse,
1578 665 1677 721 hoc
1706 669 1752 722 ei
1784 670 1865 723 di-

262 760 410 803 ceret
437 791 451 809 .
479 746 720 804 Ostende
750 749 879 801 mihi
912 750 1094 802 lteunt.
1138 750 1270 804 Cum
1299 752 1427 807 dicit
1454 769 1609 825 ergo,
1646 756 1863 813 Ostende

267 840 391 892 mihi
418 849 469 893 tc
490 840 657 909 ipsum
678 880 691 898 ,
724 841 1028 893 manifestat
1068 841 1209 908 quod
1251 842 1363 911 ipse
1399 854 1514 898 erat
1534 886 1547 907 ,
1576 862 1730 915 quem
1758 849 1860 904 sibi

269 931 482 985 volebat
504 930 733 985 ostendi.
762 931 1101 1001 Loqueltatur
1122 943 1174 987 et
1205 949 1323 987 cum
1354 951 1419 991 eo
1444 953 1505 991 os
1525 938 1589 991 ad
1612 953 1692 1003 os,
1726 942 1864 994 sicut

267 1022 390 1092 quis
414 1022 650 1092 loquitur
674 1021 739 1074 ad
770 1024 1000 1091 amicum
1044 1038 1217 1077 suum.
1252 1025 1342 1078 Vis
1382 1041 1508 1095 ergo
1544 1030 1765 1084 audire?
1806 1030 1859 1085 Si

268 1112 447 1180 capis,
480 1113 622 1165 Deus
659 1110 824 1182 Moysi
845 1112 1136 1180 apparebat
1165 1114 1354 1170 latens.
1388 1116 1443 1170 Si
1465 1118 1604 1171 enim
1636 1135 1741 1173 non
1770 1137 1864 1190 ap-

269 1212 504 1270 pareret,
526 1216 631 1255 non
656 1211 801 1256 esset
826 1217 947 1257 cum
977 1217 1083 1272 quo
1112 1218 1173 1257 os
1199 1204 1263 1258 ad
1291 1220 1352 1260 os
1376 1206 1595 1277 loquens
1620 1210 1821 1265 diceret
1842 1254 1855 1273 ,

270 1291 492 1346 Ostende
527 1293 651 1345 mihi
693 1294 1024 1361 temetipsum.
1059 1291 1114 1347 Si
1144 1305 1318 1349 autem
1358 1312 1461 1350 non
1496 1298 1707 1365 lateret,
1756 1318 1859 1354 nun

264 1383 445 1439 adhuc
466 1394 730 1453 qumreret
753 1383 933 1439 videre
952 1385 1197 1445 eumdem
1224 1387 1414 1456 ipsum.
1444 1388 1497 1444 Si
1519 1406 1647 1460 ergo
1673 1395 1819 1461 capis
1842 1435 1857 1458 ,

264 1475 307 1527 si
340 1473 619 1546 intelligis,
649 1484 820 1544 potest
845 1476 928 1529 hic
952 1476 1093 1531 Deus
1120 1477 1279 1532 simul
1309 1495 1568 1549 apparere
1596 1492 1648 1536 et
1672 1485 1857 1552 latere;

266 1583 540 1637 apparere
567 1569 772 1638 Specie,
800 1568 963 1623 latere
992 1578 1196 1624 natura.

333 1657 571 1714 CAPUT
597 1658 712 1714 XV.
732 1661 900 1728 —l,5.
917 1658 1054 1714 Deus
1078 1661 1263 1731 absque
1288 1665 1369 1717 sui
1397 1668 1668 1722 mutatione
1697 1687 1861 1738 appa-

261 1749 369 1801 nit
390 1766 452 1803 αι
479 1752 646 1821 specie
665 1767 760 1821 qua
779 1751 949 1805 coluit.
977 1752 1086 1806 Hoc
1107 1752 1171 1815 si,
1202 1763 1255 1807 ut
1276 1756 1509 1822 potuisti,
1531 1758 1856 1823 intellexisti;

263 1838 388 1893 vide
411 1855 486 1893 nc
511 1841 769 1895 subintret
797 1840 909 1904 tibi,
927 1843 1068 1912 quod
1095 1842 1229 1897 Deus
1251 1854 1304 1897 ut
1328 1859 1598 1914 appareat,
1625 1850 1673 1902 in
1699 1867 1856 1918 quam

263 1931 380 1984 vult
407 1931 643 2000 speciem
683 1943 924 1987 naturam
955 1948 1103 1986 suam
1136 1937 1416 1989 convertit.
1447 1938 1857 1996 lncomnmtabi-

262 2023 330 2075 lis
358 2031 441 2076 est
462 2023 626 2090 Deus,
652 2039 756 2077 non
788 2033 989 2078 tantum
1022 2025 1197 2090 Pater,
1226 2026 1320 2081 scd
1346 2027 1505 2083 Pater
1533 2039 1584 2083 et
1615 2032 1779 2086 Filius
1805 2044 1859 2087 et

259 2112 495 2184 Spiritus
522 2127 756 2170 sanctus.
790 2114 815 2168 Ι
823 2134 854 2169 ιι
880 2117 1129 2186 principio
1155 2127 1261 2170 erat
1298 2117 1507 2173 Verbum
1528 2162 1540 2172 .
1568 2134 1613 2174 ct
1648 2122 1857 2178 Verbum

258 2212 371 2255 erat
412 2205 556 2272 apud
584 2204 747 2259 Deum
770 2248 784 2270 ,
816 2217 862 2258 et
901 2205 1038 2260 Deus
1067 2218 1169 2260 erat
1204 2207 1415 2262 Verbum
1474 2211 1629 2267 Joan.
1679 2232 1691 2267 ι
1717 2257 1731 2279 ,
1774 2220 1787 2270 l
1816 2221 1852 2287 ).

263 2292 445 2360 Ipsum
472 2293 706 2348 Verbum
736 2297 874 2351 Deus
918 2297 1367 2355 incommutabilis
1393 2314 1502 2366 est,
1547 2307 1685 2360 sicut
1716 2308 1856 2363 Deus

263 2381 401 2450 apud
432 2399 596 2451 quem
635 2395 718 2440 est
748 2386 905 2440 Deus.
953 2386 1087 2441 Nihil
1123 2388 1173 2442 in
1206 2390 1311 2443 ttlla
1346 2407 1569 2459 persona
1606 2398 1625 2425 ²
1656 2400 1854 2465 rogites

264 2475 751 2538 detrimenti,~nihil
777 2480 1223 2535 commntationis.
1258 2482 1399 2536 Deus
1427 2485 1567 2538 enim
1603 2498 1748 2554 pater
1771 2490 1851 2542 In-

264 2567 465 2620 minam
486 2610 502 2633 ,
530 2568 672 2637 apud
712 2586 855 2639 quem
885 2587 984 2624 non
1008 2583 1078 2626 est
1112 2575 1432 2628 commutatio
1453 2619 1467 2641 ,
1495 2594 1585 2631 nec
1620 2584 1853 2636 momenti

264 2660 580 2714 obumbratio
616 2646 816 2731 (Jacobi
862 2679 930 2729 ιι,
974 2663 1086 2735 l7).
1130 2666 1186 2719 Si
1229 2682 1357 2736 ergo
1409 2668 1852 2728 incommutabilis

263 2759 362 2811 est,
390 2751 591 2820 inquis,
620 2753 746 2822 quid
775 2763 857 2808 est
886 2753 973 2808 illa
996 2758 1220 2824 species.
1252 2759 1302 2810 in
1332 2775 1433 2828 qua
1466 2770 1520 2816 ut
1546 2764 1728 2825 voluit,
1763 2767 1848 2819 cui

266 2844 449 2906 voluit,
480 2848 743 2913 apparuit,
770 2846 1180 2914 deambulando,
1204 2850 1465 2918 sonando,
1490 2854 1573 2909 vel
1604 2870 1661 2909 se
1689 2858 1849 2912 etiam

263 2936 389 3001 ipsis
416 2935 725 2992 carnalibus
752 2937 919 2992 oculis
947 2939 1291 2994 exhibendo?
1320 2940 1527 3008 Quaeris
1550 2959 1580 2997 ιι
1608 2961 1694 3000 me
1724 2948 1849 3015 quid

262 3026 356 3085 sit,
392 3026 537 3079 unde
568 3028 722 3081 iaciat
750 3027 890 3082 Deus
920 3030 1256 3096 prtesentiam
1282 3032 1363 3085 sui
1389 3048 1403 3097 ;
1429 3034 1579 3102 quasi
1615 3035 1725 3103 jam
1752 3054 1847 3089 ex-

260 3116 462 3182 plicare
492 3118 690 3183 possim
742 3117 882 3172 unde
926 3116 1112 3173 fecerit
1155 3121 1406 3176 mundum
1432 3163 1446 3185 ,
1495 3125 1636 3180 unde
1663 3125 1849 3182 fecerit

258 3212 457 3263 caelum
477 3251 491 3273 ,
527 3208 667 3263 tunde
696 3208 877 3264 fecerit
900 3220 1096 3265 terram
1117 3252 1131 3276 ,
1155 3212 1294 3268 unde
1316 3213 1497 3270 fecerit
1525 3226 1594 3271 te.
1622 3217 1738 3272 Jam
1769 3222 1847 3272 vi-

259 3300 359 3354 deo
379 3340 395 3362 ,
423 3300 755 3368 respondes,
791 3301 864 3354 De
893 3301 1039 3354 limo.
1071 3302 1209 3357 Ecce
1249 3313 1300 3357 te
1327 3304 1393 3359 de
1420 3305 1545 3360 limo
1571 3325 1583 3359 :
1618 3309 1756 3362 unde
1782 3311 1844 3364 li-

261 3390 445 3443 mum?
466 3391 814 3459 Respondes,
849 3394 921 3446 Ite
952 3402 1110 3446 terra.
1144 3392 1249 3448 Sed
1270 3436 1286 3458 ,
1327 3406 1484 3462 puto,
1516 3414 1620 3451 nou
1651 3398 1717 3452 de
1761 3401 1845 3455 illa

260 3492 398 3536 terra
430 3497 592 3551 quam
630 3482 768 3537 alter
792 3481 947 3548 fecit;
978 3483 1072 3537 sed
1113 3484 1181 3538 de
1219 3485 1307 3539 illa
1353 3496 1492 3541 terra
1536 3503 1694 3557 quam
1725 3489 1848 3543 fet-it

256 3574 346 3641 qui
374 3572 500 3626 fecit
527 3572 724 3627 coelum
754 3580 808 3627 et
837 3581 1051 3627 terram.
1082 3573 1233 3629 Unde
1272 3591 1398 3646 ergo
1431 3587 1484 3632 et
1514 3578 1621 3647 ipsa
1664 3582 1847 3635 terra?

260 3663 403 3717 Diin
422 3704 438 3723 .
467 3675 514 3715 et
541 3664 678 3731 facta
700 3673 819 3717 sunt
849 3662 1017 3731 (Psal.
1060 3679 1279 3729 cxmn,
1307 3668 1379 3732 5).
1425 3668 1566 3723 Bene
1585 3711 1599 3732 ,
1647 3672 1845 3738 optimc

259 3754 556 3823 respondes
577 3794 594 3819 ,
637 3755 882 3825 agnoscis
914 3772 925 3807 :
954 3753 1096 3808 Dixit
1116 3798 1129 3819 ,
1160 3768 1204 3809 et
1234 3757 1369 3825 facta
1393 3769 1507 3811 sunt
1531 3775 1548 3812 :
1574 3760 1697 3813 nihil
1729 3765 1845 3830 plus

259 3860 463 3911 (ιιι-οπο.
491 3842 601 3897 Sed
644 3844 909 3914 quomodo
933 3860 1053 3898 cum
1099 3855 1151 3898 tu
1197 3847 1361 3910 dicis,
1404 3847 1583 3914 Dixit,
1626 3860 1670 3902 et
1711 3852 1843 3917 [artu

260 3945 417 3998 sunt;
444 3950 549 4004 ego
573 3935 700 3988 nihil
743 3935 858 4003 plus
880 3951 1062 4005 quierit
1085 3952 1098 3988 :
1128 3938 1203 3989 sic
1229 3954 1325 3991 nec
1355 3949 1408 3990 tu
1454 3940 1569 4007 plus
1597 3957 1802 4008 qtta'l'as
1825 3983 1841 4006 ,

259 4042 376 4078 cum
406 4027 552 4086 dico,
581 4024 773 4089 Voluit,
804 4027 1136 4096 ctapparuit.

326 4115 559 4171 CAPUT
591 4114 728 4170 XVI.
754 4117 914 4172 —16.
951 4117 1084 4171 Deus
1104 4136 1136 4172 ιι
1164 4120 1283 4186 ﬁliis
1308 4120 1551 4173 ridebitur
1575 4122 1722 4175 sicuti
1750 4134 1839 4177 est.

263 4211 551 4282 Apparuit,
573 4212 712 4265 sicut
726 4226 1015 4281 Congruum
1032 4211 1334 4281 judicabat;
1362 4214 1527 4276 latuit,
1546 4215 1681 4269 sicut
1706 4225 1838 4269 erat.

265 4301 433 4355 Verus
444 4300 670 4355 aﬂectns
688 4317 790 4354 non
810 4302 1037 4367 videtur,
1054 4318 1157 4357 non
1174 4302 1382 4357 videtur
1392 4320 1561 4368 amor,
1578 4320 1680 4358 non
1702 4308 1844 4360 vidc-

263 4405 348 4446 tnr
373 4393 610 4448 dilectio.
654 4394 730 4448 De
777 4395 864 4446 illo
893 4396 1109 4463 pignore
1156 4396 1206 4447 in
1239 4394 1289 4448 id
1316 4404 1506 4450 atsluet
1545 4395 1586 4459 ³,
1622 4397 1672 4450 in
1700 4399 1838 4466 quod

261 4484 518 4537 :rsttmhat
544 4492 596 4538 et
640 4484 882 4553 Moyses,
909 4486 996 4554 qni
1043 4485 1090 4538 ci
1121 4500 1276 4554 quem
1306 4485 1516 4540 videbat
1535 4529 1548 4550 ,
1594 4487 1803 4542 diccbat
1822 4531 1838 4553 ,

262 4572 484 4627 Ostende
509 4574 636 4626 mihi
660 4575 995 4642 temetipsum.
1028 4574 1082 4629 Si
1125 4574 1225 4629 hoc
1251 4591 1376 4643 ergo
1404 4577 1690 4644 qua-rimus
1708 4620 1721 4637 ,
1751 4578 1838 4633 lilii

261 4666 423 4731 ipsius
448 4678 657 4718 sumus.
692 4662 816 4716 Filii
842 4665 981 4718 enim
1015 4664 1103 4716 Dei
1124 4681 1297 4718 sumus
1315 4707 1328 4729 ,
1361 4675 1405 4718 et
1432 4667 1654 4720 nondum
1675 4685 1841 4738 appa-

258 4758 354 4806 rnit
390 4755 517 4825 quid
541 4754 746 4806 crinitis.
791 4754 992 4807 Scimus
1021 4754 1138 4822 quia
1166 4770 1276 4807 cum
1303 4758 1628 4823 apparuerit,
1655 4758 1840 4811 similes

255 4847 300 4899 ei
343 4848 533 4898 trituris
555 4884 569 4905 ,
597 4845 834 4913 quoniam
873 4845 1143 4899 videbimus
1172 4862 1285 4899 eum
1311 4847 1458 4899 sicuti
1500 4856 1569 4900 est
1612 4848 1651 4920 (Ι
1682 4848 1835 4903 Joan.

255 4952 332 5001 ιιι,
348 4936 429 4998 2).
458 4936 573 4990 Non
595 4936 731 4989 sicut
755 4936 900 4990 visus
920 4946 1001 4990 cst
1019 4936 1086 4989 ad
1108 4937 1279 4990 ilicem
1300 4936 1553 5003 Membro,
1578 4954 1680 4992 non
1705 4940 1841 4994 sicut

256 5030 403 5082 visus
426 5039 512 5084 est
535 5028 733 5098 Moysi,
765 5039 823 5080 ut
850 5028 1022 5082 adlmc
1051 5028 1098 5083 ei
1124 5029 1362 5084 dicamus
1384 5072 1398 5093 ,
1438 5029 1655 5085 Ostende
1688 5034 1840 5087 nubis

256 5122 574 5188 tentetipsum
606 5119 735 5171 :sed
763 5118 1033 5171 ridebimus
1063 5135 1174 5172 eum
1198 5121 1342 5175 sicuti
1364 5131 1455 5174 est.
1478 5121 1595 5187 Quo
1621 5123 1843 5176 merito?

253 5212 388 5276 Quia
413 5210 513 5279 [itii
535 5208 634 5262 Dei
656 5224 847 5262 sumus.
883 5207 948 5263 Et
976 5208 1077 5262 hoc
1116 5225 1221 5264 noa
1265 5226 1329 5264 ex
1362 5213 1556 5264 nostris
1595 5214 1798 5267 meritis
1820 5255 1835 5277 ,

252 5301 348 5355 sed
370 5300 543 5371 gratia
571 5300 711 5353 illius
740 5298 1134 5354 misericordias
1170 5297 1403 5354 Pluviam
1444 5302 1586 5355 cnim
1613 5303 1841 5356 volunta-

254 5394 383 5444 riam
412 5405 683 5459 segregans
700 5430 715 5452 ,
740 5386 897 5454 Deus,
924 5389 1205 5444 hwreditati
1235 5400 1371 5444 tute:
1399 5402 1442 5444 et
1469 5392 1724 5459 infirmata
1743 5406 1837 5456 est,

256 5500 359 5536 anu
390 5482 458 5536 de
488 5498 546 5535 se
576 5480 946 5550 pratsumeudo
980 5480 1161 5536 videre
1202 5481 1340 5550 quod
1387 5497 1490 5536 nou
1533 5483 1722 5548 videt,
1746 5484 1838 5538 sed

316 5600 333 5628 ι
363 5594 631 5663 stagnans
649 5599 750 5663 us.
778 5590 1175 5663 madente:
1195 5591 1566 5663 ηυίάίιςςίρῡιιςβ

315 5660 337 5688 ι
458 5656 509 5704 in
526 5655 764 5719 δίεισι-ιω
788 5661 868 5703 διε.
894 5661 949 5704 At
971 5655 1097 5719 apud
1113 5653 1242 5712 LovL,
1268 5653 1395 5704 nihil
1417 5654 1467 5705 in
1490 5654 1574 5704 illa
1591 5669 1790 5719 persona

318 5718 343 5751 ³
368 5716 642 5778 macrinus
657 5722 760 5774 tus...
792 5723 940 5778 Verus
962 5716 1174 5777 affectus,
1203 5721 1359 5767 noster
1382 5730 1517 5765 amor
1536 5756 1548 5778 ,
1586 5716 1743 5768 nostra
1769 5718 1842 5768 di-

254 5777 394 5830 lectio
414 5792 465 5828 ιιι
490 5776 573 5827 illo
594 5775 809 5842 pignore,
834 5774 955 5827 inid
978 5774 1157 5828 a‘stuet.

540 5898 567 5913 ρ,

544 5918 559 5933 ,ε

1723 279 1953 337 SEDMO
1997 283 2175 338 XXIV.

3432 304 3551 359 ‘lo-l

1946 400 2232 453 credendo
2259 411 2395 470 quod
2423 405 2598 460 \iderc
2627 408 2793 461 desid.
2814 422 2892 464 rat
2917 433 2927 464 :
2958 425 3007 466 tu
3033 431 3146 468 rere
3169 420 3419 487 prrft't'isti
3440 440 3547 474 cum

1968 488 2133 558 (Psal.
2177 508 2318 546 uvtt
2344 536 2357 557 ,
2388 496 2497 564 l0).
2535 497 2769 555 Perfecta
2794 519 2918 573 ergo
2942 504 3219 562 hmrrditas
3240 512 3354 577 ejus
3379 524 3429 566 et
3460 516 3546 567 ltltl

1966 580 2100 649 ejus,
2133 581 2407 636 videbimus
2429 604 2540 638 eum
2570 589 2715 642 sicuti
2744 602 2832 644 est.

2037 671 2261 727 mror
2300 673 2460 729 xvu.
2489 708 2557 721 -η
2585 680 2665 732 t7.
2701 679 2910 752 Paciﬁci
2936 687 3029 753 ﬁlii
3060 687 3166 741 Dei.
3198 690 3301 744 Sed
3330 693 3394 746 de
3426 695 3546 751 libis

1965 762 2089 829 quid
2119 763 2250 817 dixit
2291 765 2582 822 Dominus?
2608 769 2753 824 Beati
2788 777 2987 842 paci/ici
3006 819 3020 841 ,
3050 781 3286 847 quoniam
3313 784 3412 852 ipsi
3452 787 3547 854 ﬁni

1966 850 2062 905 Dei
2090 856 2398 910 vocabuntur
2429 859 2636 929 (Matth.
2688 880 2738 926 ι’,
2773 864 2847 935 9).
2902 866 3040 937 Ergo
3082 870 3148 924 de
3198 882 3301 926 tam
3333 850 3550 931 abditis

1964 942 2395 1017 dil'ticillimisque
2422 953 2803 1019 qumstionibus
2825 999 2838 1021 ,
2865 961 2906 1009 si
2940 961 3067 1027 quid
3095 963 3271 1017 minus
3298 966 3517 1035 intelligi
3536 1000 3548 1009 ο

1966 1050 2102 1101 mus,
2134 1038 2350 1105 pacifice
2379 1044 2727 1110 requiramus.
2756 1046 2873 1102 Non
2902 1051 3107 1120 inﬂrtur
3125 1055 3254 1108 alter
3277 1076 3368 1125 pro
3390 1061 3553 1113 allt’t‘u

1965 1128 2200 1179 adversus
2233 1131 2445 1184 alterunt
2472 1134 2513 1203 (1
2544 1133 2661 1190 Cor.
2689 1153 2759 1203 tv,
2790 1137 2865 1209 6).
2903 1140 3036 1195 .Vam
3065 1145 3109 1197 si
3135 1146 3295 1199 zelum
3317 1166 3493 1204 amara
3505 1173 3549 1205 ιιι

1965 1216 2155 1270 habetis
2174 1260 2187 1281 ,
2218 1229 2263 1271 et
2293 1225 2631 1279 contentiones
2660 1228 2710 1280 in
2736 1231 2870 1283 vobis
2905 1243 3063 1297 sunt;
3098 1252 3197 1289 non
3226 1248 3296 1291 est
3338 1241 3433 1293 ista
3470 1261 3551 1294 su-

1965 1308 2151 1372 pientia
2189 1312 2446 1367 desursum
2482 1317 2820 1386 descendens;
2862 1325 2952 1377 sed
2995 1336 3222 1392 terrena,
3270 1332 3505 1386 animalis
3534 1376 3546 1391 .

1965 1397 2211 1453 diabolica
2239 1401 2439 1469 (Jacobi
2466 1423 2558 1473 ιιι,
2586 1409 2672 1473 Η,
2700 1410 2807 1483 l5).
2833 1413 2950 1468 Filii
2981 1432 3106 1485 ergo
3139 1419 3227 1473 Dei
3250 1437 3460 1483 sumus;
3495 1436 3544 1479 et

1963 1492 2297 1555 agnoscimus
2327 1496 2463 1563 quod
2494 1502 2610 1565 ejus
2640 1500 2730 1553 lilii
2772 1517 2954 1559 sumus
2974 1548 2988 1568 ,
3036 1524 3134 1561 nec
3173 1515 3539 1579 agnosciumr,

1967 1581 2061 1633 nisi
2093 1583 2292 1650 paciliri
2322 1587 2591 1644 fuerimus.
2619 1592 2748 1647 Nam
2781 1596 2918 1651 unde
2948 1599 3218 1655 videamus
3251 1606 3411 1658 Deum
3439 1625 3543 1661 mn

1966 1669 2307 1737 htthcbittttts,
2354 1678 2394 1729 si
2424 1681 2792 1737 Contendeudo
2836 1685 2885 1739 in
2917 1688 3072 1743 nobis
3117 1691 3288 1760 ipsum
3332 1699 3542 1750 ut‘llittltl

1962 1763 2394 1822 cvstinxerimns.

2060 1857 2142 1909 18.
2196 1856 2329 1910 Deus
2380 1864 2578 1916 nonnisi
2635 1882 2667 1918 a
2717 1870 2943 1938 paciﬁcis
2995 1873 3253 1928 videbitur.
3316 1880 3543 1934 Attende

1960 1945 2085 2014 quid
2127 1946 2299 2014 dicat,
2331 1966 2424 2004 cur
2470 1956 2661 2010 timens
2700 1968 2754 2012 et
2799 1969 3033 2017 tremens
3066 1965 3253 2035 loquor
3287 1970 3323 2022 ¹,
3363 1969 3543 2023 Parem

1958 2041 2216 2093 sectamini
2243 2058 2354 2094 cum
2399 2047 2627 2100 omnibus
2647 2088 2661 2112 ,
2694 2060 2739 2101 et
2779 2054 3226 2121 sanctiﬁcationem
3249 2062 3274 2117 ,'
3303 2061 3409 2112 sine
3446 2079 3542 2130 quit

1960 2150 2103 2188 nemo
2143 2140 2320 2205 poterit
2361 2142 2525 2195 videre
2555 2143 2716 2199 Deum
2748 2146 2930 2217 (Hebr.
2968 2168 3074 2212 xu.
3120 2156 3227 2223 l4).
3267 2150 3542 2225 Quomodo

1962 2228 2147 2280 terruit
2193 2235 2498 2286 amatores?
2526 2233 2639 2289 Non
2688 2240 2874 2293 terruit
2915 2243 3012 2297 uisi
3064 2258 3347 2302 amatores.
3378 2251 3541 2327 Nam:

1957 2320 2081 2386 quid
2105 2320 2272 2390 dixit,
2301 2323 2490 2379 Pacem
2519 2331 2792 2385 sectamini
2820 2349 2942 2388 cum
2970 2339 3151 2391 omuib
3190 2356 3244 2406 s,
3272 2350 3325 2395 et
3350 2348 3541 2397 sanctb

1960 2410 2282 2479 lieationrm,
2307 2432 2462 2485 quam
2484 2422 2570 2489 qui
2602 2437 2703 2474 non
2729 2423 2989 2489 habuerit,
3020 2428 3070 2482 in
3093 2429 3265 2499 ignem
3287 2436 3538 2496 mittetur,

1958 2516 2160 2557 :etrrno
2187 2505 2305 2576 igne
2334 2511 2674 2579 crnciabitur,
2701 2515 3111 2586 infatigabilibns
3139 2527 3425 2580 tortoribus
3454 2530 3541 2581 da-

1958 2592 2133 2647 bitur?
2159 2595 2225 2650 Et
2249 2613 2368 2652 vera
2391 2611 2533 2667 sunt,
2568 2613 2620 2656 et
2651 2603 2762 2660 ha-c
2791 2623 2896 2662 non
2928 2611 3079 2664 dixit.

2024 2685 2250 2743 CAPUT
2292 2689 2477 2745 XVlll.
2502 2724 2572 2733 —-
2603 2696 2905 2754 Amatorem
2939 2710 2989 2756 te
3014 2705 3178 2759 voluit
3226 2722 3343 2762 esse
3375 2709 3535 2774 boni,

1956 2791 2057 2829 non
2083 2778 2476 2837 liirmidaturem
2505 2787 2659 2841 mali:
2693 2799 2745 2843 et
2770 2805 2833 2844 ex
2860 2806 2926 2846 eo
2954 2793 3068 2862 ipso
3092 2798 3231 2865 quod
3261 2800 3536 2854 desidera-

1955 2868 2046 2920 bas
2072 2912 2085 2932 ,
2130 2871 2252 2925 inde
2280 2883 2328 2926 te
2358 2877 2562 2931 terruit.
2597 2879 2757 2937 Deum
2788 2882 2990 2937 videbis
3012 2887 3030 2916 ’
3067 2904 3078 2938 :
3106 2898 3379 2957 propterea
3411 2909 3537 2944 (‘ntt-

1954 2960 2161 3025 temnis,
2190 2975 2466 3031 propterea
2500 2968 2669 3035 rixas,
2696 2977 2973 3042 pr'Opterea
2997 2978 3177 3031 turbas
3206 2997 3382 3034 Intm's
3439 2981 3537 3034 Pu-

1951 3063 2058 3102 ccm
2080 3054 2340 3107 sectamini
2381 3073 2497 3109 cum
2535 3060 2764 3113 omnibus
2784 3103 2798 3128 ,
2846 3074 2893 3115 et
2920 3067 3367 3135 sancti/irationem
3390 3115 3401 3134 ,
3431 3075 3536 3125 sine

1928 3154 2048 3208 ,qua
2071 3157 2214 3195 nemo
2243 3146 2423 3214 poterit
2456 3147 2622 3202 videre
2648 3148 2830 3205 Deum.
2863 3155 3029 3220 Quam
3052 3159 3194 3213 stulti
3224 3170 3406 3216 essent
3428 3164 3534 3217 dun

1950 3231 2187 3286 volentes
2215 3234 2395 3290 videre
2415 3239 2580 3293 solem
2602 3241 2880 3311 oriturum,
2911 3246 2953 3300 si
2983 3251 3368 3307 contenderent
3399 3256 3536 3310 inter

1948 3338 2040 3387 se,
2071 3341 2171 3394 qua
2203 3339 2351 3395 parte
2377 3332 2609 3387 oriturus
2646 3347 2819 3401 esset,
2843 3348 2895 3392 et
2925 3343 3191 3408 quomodo
3221 3346 3385 3400 videri
3415 3365 3535 3418 pos—

1947 3425 2061 3478 set,
2092 3428 2143 3471 et
2167 3428 2286 3472 nata
2319 3422 2456 3475 inter
2480 3438 2538 3477 se
2567 3431 2925 3483 controversia
2958 3432 3221 3503 litigarem
3240 3477 3254 3501 ,
3281 3438 3531 3508 litigaudn

1947 3522 2005 3561 se
2042 3511 2340 3580 cmdrrcnt,
2368 3516 2620 3571 ca-dendo
2644 3520 2830 3577 oculos
2865 3537 2990 3577 suos
3019 3529 3410 3598 exstinguercnt
3430 3574 3444 3596 ,
3480 3544 3536 3586 ut

1949 3600 2094 3653 illum
2127 3612 2299 3656 ortum
2329 3606 2507 3661 videre
2536 3626 2638 3662 non
2671 3614 2924 3678 possent?
2958 3615 3102 3686 Ergo
3146 3628 3202 3672 ut
3248 3621 3410 3675 Deum
3457 3625 3535 3676 vi-

1946 3689 2072 3743 dcre
2104 3694 2384 3760 possimus,
2418 3696 2518 3750 tide
2546 3700 2705 3753 corda
2736 3703 3070 3771 nmmlemus,
3098 3709 3355 3764 charitate
3376 3727 3535 3766 sane--

1948 3797 2064 3833 mus
2085 3822 2098 3843 ,
2135 3799 2261 3852 pare
2293 3784 2560 3843 lirmcmus
2590 3805 2602 3841 :
2633 3791 2751 3857 quia
2781 3792 2880 3847 hoc
2929 3795 3098 3864 ipsum
3130 3799 3268 3857 unde
3310 3804 3530 3859 invicem

1944 3873 2211 3944 diligimus
2232 3918 2244 3940 ,
2274 3876 2381 3943 jam
2404 3895 2465 3931 ex
2505 3881 2593 3933 illo
2620 3893 2694 3935 est
2720 3924 2732 3941 .
2756 3900 2913 3953 quem
2944 3889 3122 3945 videre
3146 3892 3529 3950 desideramus.

2435 3990 2664 4045 Sicano
2705 3993 2871 4048 xxw
2901 4002 2918 4018 ν
2942 3998 3040 4069 (a).
3131 4038 3138 4045 .

1947 4080 2023 4135 De
2049 4101 2188 4135 versu
2218 4086 2247 4135 1’
2285 4083 2477 4138 Psalmi
2503 4104 2696 4151 vavu,
2732 4090 2888 4154 Deus,
2921 4096 3036 4161 quis
3067 4096 3251 4151 similis
3280 4101 3371 4153 tibi
3406 4103 3479 4171 (ὁ)
3508 4108 3529 4154 ζ’

2037 4176 2085 4227 1.
2149 4174 2445 4229 Gratulatur
2505 4179 2738 4246 ﬁdelibus
2788 4181 2880 4235 Dei
2933 4186 3039 4238 zelo
3088 4189 3301 4244 incensis
3353 4208 3527 4250 contra

1943 4267 2100 4318 idola.
2142 4268 2349 4321 Gratias
2400 4271 2620 4324 llutuinu
2663 4274 2770 4327 Deo
2812 4287 3015 4343 nostra,
3058 4262 3112 4334 cl
3156 4282 3527 4341 abundantiam

1946 4357 2112 4410 laudis
2141 4358 2214 4411 illi
2248 4359 2378 4426 Deo,
2412 4377 2568 4428 quem
2600 4364 2753 4418 decet
2797 4365 3026 4439 hymnus
3055 4372 3106 4425 in
3139 4373 3283 4428 Sion.
3319 4375 3527 4435 Gratizrs

1945 4446 2041 4508 illi,
2084 4450 2167 4501 cui
2197 4450 2371 4503 cordis
2413 4461 2464 4504 et
2511 4453 2618 4505 uris
2647 4454 2930 4513 devotione
2962 4465 3309 4530 mutavimus,
3353 4468 3483 4524 Deus
3509 4515 3522 4533 ,

1942 4537 2053 4605 quis
2090 4538 2268 4591 similis
2308 4540 2437 4593 tibi?
2465 4543 2603 4610 quod
2634 4545 2748 4613 ejus
2781 4557 3016 4603 sanctam
3044 4551 3355 4611 charitalem
3393 4560 3527 4614 invi~

1942 4638 2201 4682 socratam
2223 4632 2477 4686 sentimus
2501 4635 2749 4690 cordibus
2773 4639 2967 4693 nostris
2998 4659 3011 4694 :
3040 4644 3180 4712 quod
3209 4646 3379 4715 ipsum
3410 4660 3523 4704 lan-

1942 4736 2100 4787 quam
2146 4721 2419 4775 Dominnm
2465 4724 2691 4789 timetis,
2744 4736 2988 4798 tanquam
3040 4734 3248 4791 Patrem
3289 4738 3523 4810 diligitis.

1943 4812 2150 4866 Gratias
2194 4814 2286 4879 illi,
2338 4815 2424 4883 qui
2468 4814 2803 4871 desideratur
2839 4831 3118 4890 antequam
3167 4827 3426 4896 videatur,
3475 4844 3528 4885 et

1942 4918 2179 4973 prtescns
2205 4905 2448 4971 sentitur,
2479 4916 2532 4960 et
2557 4907 2761 4961 futurus
2791 4923 3049 4978 speratur.
3079 4914 3288 4971 Gratias
3319 4920 3410 4983 illi,
3437 4941 3529 4973 tlt-

1937 4994 2025 5062 jns
2056 4995 2296 5047 timorem
2335 5010 2437 5048 non
2481 4999 2682 5050 excutit
2726 5016 2895 5065 amor,
2943 5005 3093 5072 cujus
3136 5022 3374 5063 amorem
3419 5030 3523 5066 non

1943 5085 2161 5155 impedit
2204 5087 2381 5142 timor.
2432 5089 2602 5157 lpsum
2648 5090 3030 5160 bcuedicimus,
3079 5097 3249 5166 ipsum
3296 5102 3526 5159 honor..-

1944 5193 2083 5246 mus,
2117 5190 2168 5233 et
2212 5195 2307 5249 pro
2332 5182 2482 5235 nobis
2514 5183 2645 5236 etin
2671 5184 2822 5238 nobis
2851 5188 2945 5257 (c).
2978 5187 3241 5260 Templum
3264 5198 3394 5251 enim
3431 5199 3525 5251 ltci

1943 5281 2174 5323 sanctum
2200 5281 2290 5335 est,
2319 5274 2453 5341 quod
2479 5273 2595 5326 estis
2623 5289 2707 5326 vos
2745 5273 2785 5344 (Ι
2809 5273 2926 5328 Cor.
2959 5294 3036 5342 nt,
3070 5280 3177 5352 l'i).
3207 5284 3322 5339 Jan]
3352 5289 3525 5345 vidi-te

1942 5474 1984 5516 8!
2007 5408 2031 5517 ιι
2048 5407 2121 5455 sic
2143 5408 2408 5457 Victorinus
2430 5417 2509 5458 Ms.
2552 5418 2607 5461 At
2641 5418 2772 5472 Lov.,
2796 5412 2912 5475 quid
2946 5413 3118 5467 timens
3146 5413 3375 5481 [armatur
3399 5436 3520 5482 apo-

1985 5482 2014 5516 ο
2034 5481 2105 5517 us.

1985 5481 2105 5517 οιιιδ.

2006 5532 2025 5561 ³
2048 5536 2179 5590 t.ov.,
2203 5543 2297 5580 non
2312 5529 2509 5581 videbis.
2530 5533 2692 5592 Abest,
2716 5548 2828 5593 non,
2852 5549 2879 5584 a
2906 5538 3136 5587 \ictnr‘no
3169 5538 3306 5588 libro.

2004 5595 2549 5658 ‘f-ts‘onhrepertus‘uisi
2588 5597 2635 5658 in
2678 5610 2721 5644 v.
2749 5608 2799 5646 et
2822 5600 2944 5658 apud
2967 5601 3102 5647 sirm.

2006 5653 2077 5718 (ιι)
2104 5651 2297 5709 Αιίιιε.’ϐ
2320 5669 2383 5703 ex
2407 5656 2758 5705 sirmoudianis.

2007 5715 2076 5775 (ὁ)
2102 5718 2247 5776 ltujus
2263 5718 2501 5787 sermonis
2534 5719 2750 5787 ιιιυιιιίιιὶι
2762 5720 2996 5787 Possidius
3031 5723 3078 5770 in
3109 5737 3214 5787 cap.
3238 5724 3270 5774 9
3313 5726 3432 5777 ludit
3444 5728 3529 5780 ιιι.

2009 5780 2076 5838 (ι’)
2104 5781 2259 5836 t-‘orte,
2284 5790 2372 5840 pro
2397 5778 2519 5829 vobis
2534 5785 2577 5827 el
2602 5778 2647 5828 in
2670 5781 2812 5831 rotis.
