  <div class='ocr_page' id='page_1' title='image "/cluster/home/n/w/nwhite01/storage/ocr_20150623/38/hvd.32044096580600/087.png"; bbox 0 0 4076 6198; ppageno 0'>
   <div class='ocr_carea' id='block_1_1' title="bbox 504 262 606 315">
    <p class='ocr_par' dir='ltr' id='par_1_1' title="bbox 504 262 606 315">
     <span class='ocr_line' id='line_1_1' title="bbox 504 262 606 315; baseline 0 -1"><span class='ocrx_word' id='word_1_1' title='bbox 504 262 606 315; x_wconf 69' lang='lat' dir='ltr'><strong>M3</strong></span> 
     </span>
    </p>
   </div>
   <div class='ocr_carea' id='block_1_2' title="bbox 502 357 2081 445">
    <p class='ocr_par' dir='ltr' id='par_1_2' title="bbox 502 357 2081 445">
     <span class='ocr_line' id='line_1_2' title="bbox 502 357 2081 445; baseline -0.011 -16"><span class='ocrx_word' id='word_1_2' title='bbox 502 385 755 445; x_wconf 80' lang='lat' dir='ltr'><strong>quantum</strong></span> <span class='ocrx_word' id='word_1_3' title='bbox 774 374 863 429; x_wconf 87' lang='lat' dir='ltr'><strong>ille</strong></span> <span class='ocrx_word' id='word_1_4' title='bbox 891 372 1049 434; x_wconf 69' lang='lat' dir='ltr'><strong>vivat,</strong></span> <span class='ocrx_word' id='word_1_5' title='bbox 1073 368 1153 422; x_wconf 74' lang='lat' dir='ltr'><strong>vel</strong></span> <span class='ocrx_word' id='word_1_6' title='bbox 1171 364 1434 435; x_wconf 57' lang='lat' dir='ltr'><strong>quomoda</strong></span> <span class='ocrx_word' id='word_1_7' title='bbox 1463 365 1618 418; x_wconf 63' lang='lat' dir='ltr'><strong>Vivat.</strong></span> <span class='ocrx_word' id='word_1_8' title='bbox 1645 359 1858 430; x_wconf 87' lang='lat' dir='ltr'><strong>quando</strong></span> <span class='ocrx_word' id='word_1_9' title='bbox 1880 357 2081 426; x_wconf 77' lang='lat' dir='ltr'><strong>lapides</strong></span> 
     </span>
    </p>
   </div>
   <div class='ocr_carea' id='block_1_3' title="bbox 505 448 2082 534">
    <p class='ocr_par' dir='ltr' id='par_1_3' title="bbox 505 448 2082 534">
     <span class='ocr_line' id='line_1_3' title="bbox 505 448 2082 534; baseline -0.012 -15"><span class='ocrx_word' id='word_1_10' title='bbox 505 466 682 534; x_wconf 88' lang='lat' dir='ltr'><strong>templi</strong></span> <span class='ocrx_word' id='word_1_11' title='bbox 707 464 821 533; x_wconf 85' lang='lat' dir='ltr'><strong>ejus</strong></span> <span class='ocrx_word' id='word_1_12' title='bbox 850 463 927 516; x_wconf 90' lang='lat' dir='ltr'><strong>sic</strong></span> <span class='ocrx_word' id='word_1_13' title='bbox 953 460 1151 511; x_wconf 68' lang='lat' dir='ltr'><strong>vivunt.</strong></span> <span class='ocrx_word' id='word_1_14' title='bbox 1181 454 1439 525; x_wconf 76' lang='lat' dir='ltr'><strong>Cogitate.</strong></span> <span class='ocrx_word' id='word_1_15' title='bbox 1469 452 1681 515; x_wconf 83' lang='lat' dir='ltr'><strong>fratres,</strong></span> <span class='ocrx_word' id='word_1_16' title='bbox 1721 449 1846 520; x_wconf 84' lang='lat' dir='ltr'><strong>qurd</strong></span> <span class='ocrx_word' id='word_1_17' title='bbox 1873 448 2082 508; x_wconf 84' lang='lat' dir='ltr'><strong>dicatis,</strong></span> 
     </span>
    </p>
   </div>
   <div class='ocr_carea' id='block_1_4' title="bbox 503 542 2084 617">
    <p class='ocr_par' dir='ltr' id='par_1_4' title="bbox 503 542 2084 617">
     <span class='ocr_line' id='line_1_4' title="bbox 503 542 2084 617; baseline -0.01 -7"><span class='ocrx_word' id='word_1_18' title='bbox 503 568 553 609; x_wconf 84' lang='grc' dir='ltr'><strong>ιι</strong></span> <span class='ocrx_word' id='word_1_19' title='bbox 584 557 669 610; x_wconf 89' lang='lat' dir='ltr'><strong>cui</strong></span> <span class='ocrx_word' id='word_1_20' title='bbox 707 552 915 617; x_wconf 80' lang='lat' dir='ltr'><strong>dicatis,</strong></span> <span class='ocrx_word' id='word_1_21' title='bbox 965 549 1124 614; x_wconf 78' lang='lat' dir='ltr'><strong>Deus,</strong></span> <span class='ocrx_word' id='word_1_22' title='bbox 1169 549 1278 617; x_wconf 87' lang='lat' dir='ltr'><strong>quis</strong></span> <span class='ocrx_word' id='word_1_23' title='bbox 1323 546 1502 602; x_wconf 83' lang='lat' dir='ltr'><strong>similis</strong></span> <span class='ocrx_word' id='word_1_24' title='bbox 1547 543 1679 597; x_wconf 84' lang='lat' dir='ltr'><strong>tibi?</strong></span> <span class='ocrx_word' id='word_1_25' title='bbox 1729 542 1956 611; x_wconf 76' lang='lat' dir='ltr'><strong>Lapides</strong></span> <span class='ocrx_word' id='word_1_26' title='bbox 1986 542 2084 594; x_wconf 64' lang='lat' dir='ltr'><strong>vixi</strong></span> 
     </span>
    </p>
   </div>
   <div class='ocr_carea' id='block_1_5' title="bbox 506 632 2088 707">
    <p class='ocr_par' dir='ltr' id='par_1_5' title="bbox 506 632 2088 707">
     <span class='ocr_line' id='line_1_5' title="bbox 506 632 2088 707; baseline -0.009 -9"><span class='ocrx_word' id='word_1_27' title='bbox 506 649 683 701; x_wconf 78' lang='lat' dir='ltr'><strong>dicunt</strong></span> <span class='ocrx_word' id='word_1_28' title='bbox 715 641 994 697; x_wconf 85' lang='lat' dir='ltr'><strong>babitatori</strong></span> <span class='ocrx_word' id='word_1_29' title='bbox 1016 655 1134 703; x_wconf 90' lang='lat' dir='ltr'><strong>suo,</strong></span> <span class='ocrx_word' id='word_1_30' title='bbox 1164 638 1320 701; x_wconf 66' lang='lat' dir='ltr'><strong>Deus,</strong></span> <span class='ocrx_word' id='word_1_31' title='bbox 1345 638 1453 707; x_wconf 88' lang='lat' dir='ltr'><strong>quis</strong></span> <span class='ocrx_word' id='word_1_32' title='bbox 1479 634 1659 689; x_wconf 86' lang='lat' dir='ltr'><strong>similis</strong></span> <span class='ocrx_word' id='word_1_33' title='bbox 1681 632 1810 687; x_wconf 83' lang='lat' dir='ltr'><strong>tibi?</strong></span> <span class='ocrx_word' id='word_1_34' title='bbox 1836 632 2088 687; x_wconf 83' lang='lat' dir='ltr'><strong>Occurrat</strong></span> 
     </span>
    </p>
   </div>
   <div class='ocr_carea' id='block_1_6' title="bbox 504 722 2087 792">
    <p class='ocr_par' dir='ltr' id='par_1_6' title="bbox 504 722 2087 792">
     <span class='ocr_line' id='line_1_6' title="bbox 504 722 2087 792; baseline -0.008 -5"><span class='ocrx_word' id='word_1_35' title='bbox 504 735 754 789; x_wconf 80' lang='lat' dir='ltr'><strong>cordibus</strong></span> <span class='ocrx_word' id='word_1_36' title='bbox 770 734 962 789; x_wconf 71' lang='lat' dir='ltr'><strong>vestris</strong></span> <span class='ocrx_word' id='word_1_37' title='bbox 977 731 1219 785; x_wconf 78' lang='lat' dir='ltr'><strong>universa</strong></span> <span class='ocrx_word' id='word_1_38' title='bbox 1247 737 1486 783; x_wconf 87' lang='lat' dir='ltr'><strong>creatura</strong></span> <span class='ocrx_word' id='word_1_39' title='bbox 1509 742 1523 791; x_wconf 85' lang='lat'><strong>;</strong></span> <span class='ocrx_word' id='word_1_40' title='bbox 1546 736 1682 779; x_wconf 87' lang='lat' dir='ltr'><strong>terra</strong></span> <span class='ocrx_word' id='word_1_41' title='bbox 1700 732 1752 776; x_wconf 90' lang='lat' dir='ltr'><strong>et</strong></span> <span class='ocrx_word' id='word_1_42' title='bbox 1767 722 2020 792; x_wconf 77' lang='lat' dir='ltr'><strong>quidquid</strong></span> <span class='ocrx_word' id='word_1_43' title='bbox 2037 726 2087 775; x_wconf 89' lang='lat' dir='ltr'><strong>in</strong></span> 
     </span>
    </p>
   </div>
   <div class='ocr_carea' id='block_1_7' title="bbox 507 813 2084 896">
    <p class='ocr_par' dir='ltr' id='par_1_7' title="bbox 507 813 2084 896">
     <span class='ocr_line' id='line_1_7' title="bbox 507 813 2084 896; baseline -0.013 -15"><span class='ocrx_word' id='word_1_44' title='bbox 507 840 669 893; x_wconf 87' lang='lat' dir='ltr'><strong>terra,</strong></span> <span class='ocrx_word' id='word_1_45' title='bbox 691 842 834 882; x_wconf 88' lang='lat' dir='ltr'><strong>mare</strong></span> <span class='ocrx_word' id='word_1_46' title='bbox 848 835 900 881; x_wconf 89' lang='lat' dir='ltr'><strong>et</strong></span> <span class='ocrx_word' id='word_1_47' title='bbox 916 824 1169 896; x_wconf 85' lang='lat' dir='ltr'><strong>quidquid</strong></span> <span class='ocrx_word' id='word_1_48' title='bbox 1186 822 1236 874; x_wconf 92' lang='lat' dir='ltr'><strong>in</strong></span> <span class='ocrx_word' id='word_1_49' title='bbox 1260 821 1413 883; x_wconf 83' lang='lat' dir='ltr'><strong>mari,</strong></span> <span class='ocrx_word' id='word_1_50' title='bbox 1432 833 1524 871; x_wconf 81' lang='lat' dir='ltr'><strong>uer</strong></span> <span class='ocrx_word' id='word_1_51' title='bbox 1540 814 1855 886; x_wconf 87' lang='lat' dir='ltr'><strong>etquidquid</strong></span> <span class='ocrx_word' id='word_1_52' title='bbox 1875 813 1926 867; x_wconf 92' lang='lat' dir='ltr'><strong>in</strong></span> <span class='ocrx_word' id='word_1_53' title='bbox 1941 828 2084 876; x_wconf 66' lang='lat' dir='ltr'><strong>aere,</strong></span> 
     </span>
    </p>
   </div>
   <div class='ocr_carea' id='block_1_8' title="bbox 505 904 2090 988">
    <p class='ocr_par' dir='ltr' id='par_1_8' title="bbox 505 904 2090 988">
     <span class='ocr_line' id='line_1_8' title="bbox 505 904 2090 988; baseline -0.013 -15"><span class='ocrx_word' id='word_1_54' title='bbox 505 921 696 974; x_wconf 82' lang='lat' dir='ltr'><strong>coelum</strong></span> <span class='ocrx_word' id='word_1_55' title='bbox 711 926 765 971; x_wconf 86' lang='lat' dir='ltr'><strong>et</strong></span> <span class='ocrx_word' id='word_1_56' title='bbox 779 915 1029 988; x_wconf 77' lang='lat' dir='ltr'><strong>quidquid</strong></span> <span class='ocrx_word' id='word_1_57' title='bbox 1045 917 1097 969; x_wconf 92' lang='lat' dir='ltr'><strong>in</strong></span> <span class='ocrx_word' id='word_1_58' title='bbox 1115 913 1251 968; x_wconf 62' lang='lat' dir='ltr'><strong>coelo</strong></span> <span class='ocrx_word' id='word_1_59' title='bbox 1270 927 1282 963; x_wconf 89' lang='lat'><strong>:</strong></span> <span class='ocrx_word' id='word_1_60' title='bbox 1297 909 1418 982; x_wconf 78' lang='lat' dir='ltr'><strong>Ipse</strong></span> <span class='ocrx_word' id='word_1_61' title='bbox 1434 909 1579 972; x_wconf 67' lang='lat' dir='ltr'><strong>dixit,</strong></span> <span class='ocrx_word' id='word_1_62' title='bbox 1601 918 1645 962; x_wconf 89' lang='lat' dir='ltr'><strong>et</strong></span> <span class='ocrx_word' id='word_1_63' title='bbox 1658 910 1794 976; x_wconf 78' lang='lat' dir='ltr'><strong>facta</strong></span> <span class='ocrx_word' id='word_1_64' title='bbox 1812 916 1928 958; x_wconf 82' lang='lat' dir='ltr'><strong>sunt</strong></span> <span class='ocrx_word' id='word_1_65' title='bbox 1948 904 2090 973; x_wconf 66' lang='lat' dir='ltr'><strong>;ip.;c</strong></span> 
     </span>
    </p>
   </div>
   <div class='ocr_carea' id='block_1_9' title="bbox 507 995 2087 1077">
    <p class='ocr_par' dir='ltr' id='par_1_9' title="bbox 507 995 2087 1077">
     <span class='ocr_line' id='line_1_9' title="bbox 507 995 2087 1077; baseline -0.011 -12"><span class='ocrx_word' id='word_1_66' title='bbox 507 1012 783 1073; x_wconf 79' lang='lat' dir='ltr'><strong>mandavit,</strong></span> <span class='ocrx_word' id='word_1_67' title='bbox 810 1020 855 1062; x_wconf 74' lang='lat' dir='ltr'><strong>et</strong></span> <span class='ocrx_word' id='word_1_68' title='bbox 874 1020 1040 1061; x_wconf 82' lang='lat' dir='ltr'><strong>creata</strong></span> <span class='ocrx_word' id='word_1_69' title='bbox 1059 1016 1174 1059; x_wconf 86' lang='lat' dir='ltr'><strong>sunt</strong></span> <span class='ocrx_word' id='word_1_70' title='bbox 1204 1003 1376 1077; x_wconf 84' lang='lat' dir='ltr'><strong>(Psal.</strong></span> <span class='ocrx_word' id='word_1_71' title='bbox 1397 1017 1611 1065; x_wconf 73' lang='lat' dir='ltr'><strong>cxu&#39;ttt,</strong></span> <span class='ocrx_word' id='word_1_72' title='bbox 1640 996 1717 1071; x_wconf 76' lang='grc'><strong>5).</strong></span> <span class='ocrx_word' id='word_1_73' title='bbox 1746 998 1905 1067; x_wconf 77' lang='lat' dir='ltr'><strong>Ergo,</strong></span> <span class='ocrx_word' id='word_1_74' title='bbox 1932 995 2087 1057; x_wconf 62' lang='lat' dir='ltr'><strong>Deus,</strong></span> 
     </span>
    </p>
   </div>
   <div class='ocr_carea' id='block_1_10' title="bbox 504 1090 2089 1177">
    <p class='ocr_par' dir='ltr' id='par_1_10' title="bbox 504 1090 2089 1177">
     <span class='ocr_line' id='line_1_10' title="bbox 504 1090 2089 1177; baseline -0.012 -17"><span class='ocrx_word' id='word_1_75' title='bbox 504 1118 616 1177; x_wconf 81' lang='lat' dir='ltr'><strong>quis</strong></span> <span class='ocrx_word' id='word_1_76' title='bbox 656 1105 835 1160; x_wconf 82' lang='lat' dir='ltr'><strong>similis</strong></span> <span class='ocrx_word' id='word_1_77' title='bbox 860 1101 988 1155; x_wconf 82' lang='lat' dir='ltr'><strong>tibi?</strong></span> <span class='ocrx_word' id='word_1_78' title='bbox 1016 1101 1157 1155; x_wconf 91' lang='lat' dir='ltr'><strong>dicat</strong></span> <span class='ocrx_word' id='word_1_79' title='bbox 1193 1099 1496 1152; x_wconf 84' lang='lat' dir='ltr'><strong>universum</strong></span> <span class='ocrx_word' id='word_1_80' title='bbox 1529 1108 1641 1156; x_wconf 86' lang='lat' dir='ltr'><strong>cor,</strong></span> <span class='ocrx_word' id='word_1_81' title='bbox 1674 1092 1815 1146; x_wconf 88' lang='lat' dir='ltr'><strong>dicat</strong></span> <span class='ocrx_word' id='word_1_82' title='bbox 1844 1090 2089 1143; x_wconf 67' lang='lat' dir='ltr'><strong>universa</strong></span> 
     </span>
    </p>
   </div>
   <div class='ocr_carea' id='block_1_11' title="bbox 507 1182 2093 1266">
    <p class='ocr_par' dir='ltr' id='par_1_11' title="bbox 507 1182 2093 1266">
     <span class='ocr_line' id='line_1_11' title="bbox 507 1182 2093 1266; baseline -0.011 -15"><span class='ocrx_word' id='word_1_83' title='bbox 507 1200 760 1254; x_wconf 81' lang='lat' dir='ltr'><strong>obediens</strong></span> <span class='ocrx_word' id='word_1_84' title='bbox 782 1198 980 1266; x_wconf 78' lang='lat' dir='ltr'><strong>lingua,</strong></span> <span class='ocrx_word' id='word_1_85' title='bbox 1007 1193 1148 1248; x_wconf 85' lang='lat' dir='ltr'><strong>dicat</strong></span> <span class='ocrx_word' id='word_1_86' title='bbox 1167 1191 1342 1246; x_wconf 82' lang='lat' dir='ltr'><strong>omnis</strong></span> <span class='ocrx_word' id='word_1_87' title='bbox 1360 1188 1547 1243; x_wconf 80' lang='lat' dir='ltr'><strong>devota</strong></span> <span class='ocrx_word' id='word_1_88' title='bbox 1583 1186 1928 1246; x_wconf 72' lang='lat' dir='ltr'><strong>conscientia,</strong></span> <span class='ocrx_word' id='word_1_89' title='bbox 1950 1182 2093 1234; x_wconf 73' lang='lat' dir='ltr'><strong>dicat</strong></span> 
     </span>
    </p>
   </div>
   <div class='ocr_carea' id='block_1_12' title="bbox 508 1273 2092 1357">
    <p class='ocr_par' dir='ltr' id='par_1_12' title="bbox 508 1273 2092 1357">
     <span class='ocr_line' id='line_1_12' title="bbox 508 1273 2092 1357; baseline -0.018 -8"><span class='ocrx_word' id='word_1_90' title='bbox 508 1306 714 1353; x_wconf 76' lang='lat' dir='ltr'><strong>secura,</strong></span> <span class='ocrx_word' id='word_1_91' title='bbox 750 1289 905 1355; x_wconf 71' lang='lat' dir='ltr'><strong>Deus,</strong></span> <span class='ocrx_word' id='word_1_92' title='bbox 934 1286 1045 1357; x_wconf 83' lang='lat' dir='ltr'><strong>quis</strong></span> <span class='ocrx_word' id='word_1_93' title='bbox 1069 1284 1247 1339; x_wconf 78' lang='lat' dir='ltr'><strong>similis</strong></span> <span class='ocrx_word' id='word_1_94' title='bbox 1276 1280 1404 1334; x_wconf 83' lang='lat' dir='ltr'><strong>tibi?</strong></span> <span class='ocrx_word' id='word_1_95' title='bbox 1432 1279 1511 1332; x_wconf 85' lang='lat' dir='ltr'><strong>illi</strong></span> <span class='ocrx_word' id='word_1_96' title='bbox 1539 1277 1680 1332; x_wconf 89' lang='lat' dir='ltr'><strong>enim</strong></span> <span class='ocrx_word' id='word_1_97' title='bbox 1712 1275 1861 1335; x_wconf 83' lang='lat' dir='ltr'><strong>dicit,</strong></span> <span class='ocrx_word' id='word_1_98' title='bbox 1895 1273 1963 1326; x_wconf 91' lang='lat' dir='ltr'><strong>de</strong></span> <span class='ocrx_word' id='word_1_99' title='bbox 1988 1290 2092 1340; x_wconf 76' lang='grc' dir='ltr'>(ιιιί</span> 
     </span>
    </p>
   </div>
   <div class='ocr_carea' id='block_1_13' title="bbox 511 1364 2089 1449">
    <p class='ocr_par' dir='ltr' id='par_1_13' title="bbox 511 1364 2089 1449">
     <span class='ocr_line' id='line_1_13' title="bbox 511 1364 2089 1449; baseline -0.019 -8"><span class='ocrx_word' id='word_1_100' title='bbox 511 1404 613 1441; x_wconf 86' lang='lat' dir='ltr'><strong>non</strong></span> <span class='ocrx_word' id='word_1_101' title='bbox 635 1381 917 1439; x_wconf 85' lang='lat' dir='ltr'><strong>erubescit.</strong></span> <span class='ocrx_word' id='word_1_102' title='bbox 937 1380 1160 1449; x_wconf 76' lang='lat' dir='ltr'><strong>Dignum</strong></span> <span class='ocrx_word' id='word_1_103' title='bbox 1187 1382 1267 1429; x_wconf 84' lang='lat' dir='ltr'><strong>est</strong></span> <span class='ocrx_word' id='word_1_104' title='bbox 1285 1371 1404 1436; x_wconf 81' lang='lat' dir='ltr'><strong>hoc,</strong></span> <span class='ocrx_word' id='word_1_105' title='bbox 1424 1369 1575 1425; x_wconf 90' lang='lat' dir='ltr'><strong>decet</strong></span> <span class='ocrx_word' id='word_1_106' title='bbox 1596 1367 1697 1422; x_wconf 87' lang='lat' dir='ltr'><strong>hoc</strong></span> <span class='ocrx_word' id='word_1_107' title='bbox 1708 1364 1910 1434; x_wconf 87' lang='lat' dir='ltr'><strong>lapides</strong></span> <span class='ocrx_word' id='word_1_108' title='bbox 1923 1365 2089 1416; x_wconf 71' lang='lat' dir='ltr'><strong>viVos.</strong></span> 
     </span>
    </p>
   </div>
   <div class='ocr_carea' id='block_1_14' title="bbox 577 1455 2095 1534">
    <p class='ocr_par' dir='ltr' id='par_1_14' title="bbox 577 1455 2095 1534">
     <span class='ocr_line' id='line_1_14' title="bbox 577 1455 2095 1534; baseline -0.02 -2"><span class='ocrx_word' id='word_1_109' title='bbox 577 1480 633 1531; x_wconf 68' lang='lat'><strong>2.</strong></span> <span class='ocrx_word' id='word_1_110' title='bbox 691 1475 1091 1530; x_wconf 79' lang='lat' dir='ltr'><strong>Christianorum</strong></span> <span class='ocrx_word' id='word_1_111' title='bbox 1140 1469 1192 1520; x_wconf 81' lang='lat' dir='ltr'><strong>in</strong></span> <span class='ocrx_word' id='word_1_112' title='bbox 1241 1465 1479 1534; x_wconf 81' lang='lat' dir='ltr'><strong>Paganos</strong></span> <span class='ocrx_word' id='word_1_113' title='bbox 1517 1460 1692 1529; x_wconf 82' lang='lat' dir='ltr'><strong>pietas.</strong></span> <span class='ocrx_word' id='word_1_114' title='bbox 1726 1457 1854 1511; x_wconf 80' lang='lat' dir='ltr'><strong>Nam</strong></span> <span class='ocrx_word' id='word_1_115' title='bbox 1896 1455 2095 1523; x_wconf 57' lang='lat' dir='ltr'><strong>lapid-ns</strong></span> 
     </span>
    </p>
   </div>
   <div class='ocr_carea' id='block_1_15' title="bbox 513 1544 2096 1621">
    <p class='ocr_par' dir='ltr' id='par_1_15' title="bbox 513 1544 2096 1621">
     <span class='ocr_line' id='line_1_15' title="bbox 513 1544 2096 1621; baseline -0.017 0"><span class='ocrx_word' id='word_1_116' title='bbox 513 1567 702 1621; x_wconf 85' lang='lat' dir='ltr'><strong>mortui</strong></span> <span class='ocrx_word' id='word_1_117' title='bbox 772 1564 971 1618; x_wconf 90' lang='lat' dir='ltr'><strong>utinam</strong></span> <span class='ocrx_word' id='word_1_118' title='bbox 1036 1557 1267 1612; x_wconf 87' lang='lat' dir='ltr'><strong>sentiant</strong></span> <span class='ocrx_word' id='word_1_119' title='bbox 1324 1554 1375 1606; x_wconf 91' lang='lat' dir='ltr'><strong>in</strong></span> <span class='ocrx_word' id='word_1_120' title='bbox 1428 1567 1488 1605; x_wconf 92' lang='lat' dir='ltr'><strong>se</strong></span> <span class='ocrx_word' id='word_1_121' title='bbox 1539 1548 1959 1601; x_wconf 77' lang='lat' dir='ltr'><strong>misericordiam</strong></span> <span class='ocrx_word' id='word_1_122' title='bbox 2023 1544 2096 1595; x_wconf 25' lang='lat' dir='ltr'><strong>las-</strong></span> 
     </span>
    </p>
   </div>
   <div class='ocr_carea' id='block_1_16' title="bbox 512 1634 2097 1729">
    <p class='ocr_par' dir='ltr' id='par_1_16' title="bbox 512 1634 2097 1729">
     <span class='ocr_line' id='line_1_16' title="bbox 512 1634 2097 1729; baseline -0.017 -16"><span class='ocrx_word' id='word_1_123' title='bbox 512 1661 691 1729; x_wconf 90' lang='lat' dir='ltr'><strong>pidum</strong></span> <span class='ocrx_word' id='word_1_124' title='bbox 748 1655 1010 1708; x_wconf 77' lang='lat' dir='ltr'><strong>vivorum.</strong></span> <span class='ocrx_word' id='word_1_125' title='bbox 1062 1647 1299 1704; x_wconf 71' lang='lat' dir='ltr'><strong>Mortuus</strong></span> <span class='ocrx_word' id='word_1_126' title='bbox 1354 1642 1512 1704; x_wconf 87' lang='lat' dir='ltr'><strong>dico,</strong></span> <span class='ocrx_word' id='word_1_127' title='bbox 1573 1654 1680 1693; x_wconf 89' lang='lat' dir='ltr'><strong>non</strong></span> <span class='ocrx_word' id='word_1_128' title='bbox 1726 1637 1852 1729; x_wconf 78' lang='lat' dir='ltr'><strong>illos</strong></span> <span class='ocrx_word' id='word_1_129' title='bbox 1904 1634 2097 1729; x_wconf 72' lang='lat' dir='ltr'><strong>quibus</strong></span> 
     </span>
    </p>
   </div>
   <div class='ocr_carea' id='block_1_17' title="bbox 516 1726 2095 1807">
    <p class='ocr_par' dir='ltr' id='par_1_17' title="bbox 516 1726 2095 1807">
     <span class='ocr_line' id='line_1_17' title="bbox 516 1726 2095 1807; baseline -0.018 -3"><span class='ocrx_word' id='word_1_130' title='bbox 516 1726 729 1804; x_wconf 75' lang='lat' dir='ltr'><strong>l&#39;abricze</strong></span> <span class='ocrx_word' id='word_1_131' title='bbox 789 1745 904 1799; x_wconf 75' lang='lat' dir='ltr'><strong>ista:</strong></span> <span class='ocrx_word' id='word_1_132' title='bbox 960 1743 1316 1807; x_wconf 76' lang='lat' dir='ltr'><strong>consurgunt,</strong></span> <span class='ocrx_word' id='word_1_133' title='bbox 1377 1746 1476 1787; x_wconf 89' lang='lat' dir='ltr'><strong>nec</strong></span> <span class='ocrx_word' id='word_1_134' title='bbox 1532 1732 1584 1783; x_wconf 92' lang='lat' dir='ltr'><strong>in</strong></span> <span class='ocrx_word' id='word_1_135' title='bbox 1649 1727 1842 1797; x_wconf 86' lang='lat' dir='ltr'><strong>quibus</strong></span> <span class='ocrx_word' id='word_1_136' title='bbox 1900 1726 2095 1778; x_wconf 77' lang='lat' dir='ltr'><strong>ferrum</strong></span> 
     </span>
    </p>
   </div>
   <div class='ocr_carea' id='block_1_18' title="bbox 515 1813 2098 1900">
    <p class='ocr_par' dir='ltr' id='par_1_18' title="bbox 515 1813 2098 1900">
     <span class='ocr_line' id='line_1_18' title="bbox 515 1813 2098 1900; baseline -0.018 -7"><span class='ocrx_word' id='word_1_137' title='bbox 515 1838 774 1892; x_wconf 89' lang='lat' dir='ltr'><strong>artilicmn</strong></span> <span class='ocrx_word' id='word_1_138' title='bbox 822 1839 1092 1900; x_wconf 83' lang='lat' dir='ltr'><strong>operatur,</strong></span> <span class='ocrx_word' id='word_1_139' title='bbox 1138 1841 1234 1881; x_wconf 88' lang='lat' dir='ltr'><strong>nec</strong></span> <span class='ocrx_word' id='word_1_140' title='bbox 1276 1838 1412 1894; x_wconf 87' lang='lat' dir='ltr'><strong>quos</strong></span> <span class='ocrx_word' id='word_1_141' title='bbox 1458 1820 1679 1887; x_wconf 76' lang='lat' dir='ltr'><strong>sculpsit</strong></span> <span class='ocrx_word' id='word_1_142' title='bbox 1725 1818 1905 1876; x_wconf 87' lang='lat' dir='ltr'><strong>homo,</strong></span> <span class='ocrx_word' id='word_1_143' title='bbox 1938 1822 1994 1867; x_wconf 91' lang='lat' dir='ltr'><strong>ut</strong></span> <span class='ocrx_word' id='word_1_144' title='bbox 2027 1813 2098 1865; x_wconf 72' lang='lat' dir='ltr'><strong>dii</strong></span> 
     </span>
    </p>
   </div>
   <div class='ocr_carea' id='block_1_19' title="bbox 516 1906 2096 1991">
    <p class='ocr_par' dir='ltr' id='par_1_19' title="bbox 516 1906 2096 1991">
     <span class='ocr_line' id='line_1_19' title="bbox 516 1906 2096 1991; baseline -0.018 -8"><span class='ocrx_word' id='word_1_145' title='bbox 516 1932 655 1991; x_wconf 84' lang='lat' dir='ltr'><strong>sint;</strong></span> <span class='ocrx_word' id='word_1_146' title='bbox 688 1928 793 1980; x_wconf 91' lang='lat' dir='ltr'><strong>imo</strong></span> <span class='ocrx_word' id='word_1_147' title='bbox 835 1923 1059 1991; x_wconf 81' lang='lat' dir='ltr'><strong>sculpsit</strong></span> <span class='ocrx_word' id='word_1_148' title='bbox 1105 1918 1286 1972; x_wconf 79' lang='lat' dir='ltr'><strong>homo.</strong></span> <span class='ocrx_word' id='word_1_149' title='bbox 1319 1923 1377 1967; x_wconf 91' lang='lat' dir='ltr'><strong>ut</strong></span> <span class='ocrx_word' id='word_1_150' title='bbox 1421 1919 1678 1966; x_wconf 80' lang='lat' dir='ltr'><strong>vocentur</strong></span> <span class='ocrx_word' id='word_1_151' title='bbox 1704 1918 1756 1960; x_wconf 84' lang='lat' dir='ltr'><strong>et</strong></span> <span class='ocrx_word' id='word_1_152' title='bbox 1802 1921 1906 1959; x_wconf 90' lang='lat' dir='ltr'><strong>non</strong></span> <span class='ocrx_word' id='word_1_153' title='bbox 1955 1906 2096 1966; x_wconf 84' lang='lat' dir='ltr'><strong>sint;</strong></span> 
     </span>
    </p>
   </div>
   <div class='ocr_carea' id='block_1_20' title="bbox 518 1997 2101 2089">
    <p class='ocr_par' dir='ltr' id='par_1_20' title="bbox 518 1997 2101 2089">
     <span class='ocr_line' id='line_1_20' title="bbox 518 1997 2101 2089; baseline -0.018 -12"><span class='ocrx_word' id='word_1_154' title='bbox 518 2038 622 2076; x_wconf 90' lang='lat' dir='ltr'><strong>non</strong></span> <span class='ocrx_word' id='word_1_155' title='bbox 661 2022 802 2089; x_wconf 86' lang='lat' dir='ltr'><strong>ipsos</strong></span> <span class='ocrx_word' id='word_1_156' title='bbox 842 2016 962 2068; x_wconf 81' lang='lat' dir='ltr'><strong>dico</strong></span> <span class='ocrx_word' id='word_1_157' title='bbox 1001 2022 1242 2067; x_wconf 82' lang='lat' dir='ltr'><strong>mortuos</strong></span> <span class='ocrx_word' id='word_1_158' title='bbox 1282 2004 1525 2075; x_wconf 83' lang='lat' dir='ltr'><strong>lapides:</strong></span> <span class='ocrx_word' id='word_1_159' title='bbox 1555 2002 1646 2056; x_wconf 86' lang='lat' dir='ltr'><strong>sed</strong></span> <span class='ocrx_word' id='word_1_160' title='bbox 1695 2000 1937 2053; x_wconf 84' lang='lat' dir='ltr'><strong>homines</strong></span> <span class='ocrx_word' id='word_1_161' title='bbox 1983 1997 2101 2049; x_wconf 85' lang='lat' dir='ltr'><strong>dico</strong></span> 
     </span>
    </p>
   </div>
   <div class='ocr_carea' id='block_1_21' title="bbox 518 2090 2099 2176">
    <p class='ocr_par' dir='ltr' id='par_1_21' title="bbox 518 2090 2099 2176">
     <span class='ocr_line' id='line_1_21' title="bbox 518 2090 2099 2176; baseline -0.017 -8"><span class='ocrx_word' id='word_1_162' title='bbox 518 2121 756 2167; x_wconf 87' lang='lat' dir='ltr'><strong>mortuos</strong></span> <span class='ocrx_word' id='word_1_163' title='bbox 778 2107 977 2176; x_wconf 80' lang='lat' dir='ltr'><strong>lapides</strong></span> <span class='ocrx_word' id='word_1_164' title='bbox 1001 2106 1039 2166; x_wconf 59' lang='grc' dir='ltr'>ις</span> <span class='ocrx_word' id='word_1_165' title='bbox 1058 2102 1247 2170; x_wconf 81' lang='lat' dir='ltr'><strong>quibus</strong></span> <span class='ocrx_word' id='word_1_166' title='bbox 1267 2100 1337 2151; x_wconf 91' lang='lat' dir='ltr'><strong>dii</strong></span> <span class='ocrx_word' id='word_1_167' title='bbox 1361 2096 1563 2150; x_wconf 86' lang='lat' dir='ltr'><strong>similes</strong></span> <span class='ocrx_word' id='word_1_168' title='bbox 1585 2102 1725 2147; x_wconf 89' lang='lat' dir='ltr'><strong>sunt.</strong></span> <span class='ocrx_word' id='word_1_169' title='bbox 1756 2091 1979 2159; x_wconf 87' lang='lat' dir='ltr'><strong>Lapides</strong></span> <span class='ocrx_word' id='word_1_170' title='bbox 2000 2090 2099 2141; x_wconf 75' lang='lat' dir='ltr'><strong>vivi</strong></span> 
     </span>
    </p>
   </div>
   <div class='ocr_carea' id='block_1_22' title="bbox 518 2180 2103 2270">
    <p class='ocr_par' dir='ltr' id='par_1_22' title="bbox 518 2180 2103 2270">
     <span class='ocr_line' id='line_1_22' title="bbox 518 2180 2103 2270; baseline -0.017 -11"><span class='ocrx_word' id='word_1_171' title='bbox 518 2213 662 2270; x_wconf 87' lang='lat' dir='ltr'><strong>sunt,</strong></span> <span class='ocrx_word' id='word_1_172' title='bbox 708 2215 840 2270; x_wconf 87' lang='lat' dir='ltr'><strong>quos</strong></span> <span class='ocrx_word' id='word_1_173' title='bbox 868 2195 1150 2263; x_wconf 77' lang='lat' dir='ltr'><strong>alloquitur</strong></span> <span class='ocrx_word' id='word_1_174' title='bbox 1191 2188 1463 2259; x_wconf 53' lang='lat' dir='ltr'><strong>apostolus</strong></span> <span class='ocrx_word' id='word_1_175' title='bbox 1499 2186 1706 2242; x_wconf 86' lang='lat' dir='ltr'><strong>Petrus,</strong></span> <span class='ocrx_word' id='word_1_176' title='bbox 1739 2190 1793 2236; x_wconf 86' lang='lat' dir='ltr'><strong>et</strong></span> <span class='ocrx_word' id='word_1_177' title='bbox 1828 2182 1956 2235; x_wconf 85' lang='lat' dir='ltr'><strong>dicit</strong></span> <span class='ocrx_word' id='word_1_178' title='bbox 1989 2199 2000 2233; x_wconf 92' lang='lat'>:</span> <span class='ocrx_word' id='word_1_179' title='bbox 2039 2180 2103 2233; x_wconf 78' lang='lat' dir='ltr'><strong>Et</strong></span> 
     </span>
    </p>
   </div>
   <div class='ocr_carea' id='block_1_23' title="bbox 518 2275 2103 2364">
    <p class='ocr_par' dir='ltr' id='par_1_23' title="bbox 518 2275 2103 2364">
     <span class='ocr_line' id='line_1_23' title="bbox 518 2275 2103 2364; baseline -0.018 -13"><span class='ocrx_word' id='word_1_180' title='bbox 518 2313 626 2362; x_wconf 81' lang='lat' dir='ltr'><strong>vos,</strong></span> <span class='ocrx_word' id='word_1_181' title='bbox 651 2295 850 2364; x_wconf 76' lang='lat' dir='ltr'><strong>fratres,</strong></span> <span class='ocrx_word' id='word_1_182' title='bbox 878 2300 1113 2357; x_wconf 79' lang='lat' dir='ltr'><strong>tauquam</strong></span> <span class='ocrx_word' id='word_1_183' title='bbox 1135 2281 1329 2349; x_wconf 62' lang='lat' dir='ltr'><strong>lapides</strong></span> <span class='ocrx_word' id='word_1_184' title='bbox 1343 2281 1437 2334; x_wconf 79' lang='lat' dir='ltr'><strong>vivi</strong></span> <span class='ocrx_word' id='word_1_185' title='bbox 1458 2275 1841 2345; x_wconf 73' lang='lat' dir='ltr'><strong>eamdi/immitti</strong></span> <span class='ocrx_word' id='word_1_186' title='bbox 1863 2275 2103 2343; x_wconf 72' lang='lat' dir='ltr'><strong>tetttplttm</strong></span> 
     </span>
    </p>
   </div>
   <div class='ocr_carea' id='block_1_24' title="bbox 522 2363 2101 2447">
    <p class='ocr_par' dir='ltr' id='par_1_24' title="bbox 522 2363 2101 2447">
     <span class='ocr_line' id='line_1_24' title="bbox 522 2363 2101 2447; baseline -0.017 -5"><span class='ocrx_word' id='word_1_187' title='bbox 522 2387 617 2442; x_wconf 77' lang='lat' dir='ltr'><strong>Dei</strong></span> <span class='ocrx_word' id='word_1_188' title='bbox 646 2363 874 2439; x_wconf 85' lang='lat' dir='ltr'><strong>sanctum</strong></span> <span class='ocrx_word' id='word_1_189' title='bbox 908 2378 948 2447; x_wconf 89' lang='grc' dir='ltr'><strong>(ι</strong></span> <span class='ocrx_word' id='word_1_190' title='bbox 977 2376 1119 2431; x_wconf 81' lang='lat' dir='ltr'><strong>Petr.</strong></span> <span class='ocrx_word' id='word_1_191' title='bbox 1149 2389 1204 2433; x_wconf 85' lang='lat' dir='ltr'><strong>tt,</strong></span> <span class='ocrx_word' id='word_1_192' title='bbox 1236 2373 1312 2439; x_wconf 76' lang='grc'><strong>5).</strong></span> <span class='ocrx_word' id='word_1_193' title='bbox 1346 2369 1555 2424; x_wconf 84' lang='lat' dir='ltr'><strong>Utinam</strong></span> <span class='ocrx_word' id='word_1_194' title='bbox 1582 2382 1730 2436; x_wconf 75' lang='lat' dir='ltr'><strong>ergo,</strong></span> <span class='ocrx_word' id='word_1_195' title='bbox 1767 2366 1952 2418; x_wconf 81' lang='lat' dir='ltr'><strong>fratres</strong></span> <span class='ocrx_word' id='word_1_196' title='bbox 1976 2363 2101 2425; x_wconf 76' lang='lat' dir='ltr'><strong>mei,</strong></span> 
     </span>
    </p>
   </div>
   <div class='ocr_carea' id='block_1_25' title="bbox 521 2455 2102 2539">
    <p class='ocr_par' dir='ltr' id='par_1_25' title="bbox 521 2455 2102 2539">
     <span class='ocr_line' id='line_1_25' title="bbox 521 2455 2102 2539; baseline -0.018 -6"><span class='ocrx_word' id='word_1_197' title='bbox 521 2478 753 2533; x_wconf 82' lang='lat' dir='ltr'><strong>sentiant</strong></span> <span class='ocrx_word' id='word_1_198' title='bbox 788 2470 988 2539; x_wconf 60' lang='lat' dir='ltr'><strong>laplles</strong></span> <span class='ocrx_word' id='word_1_199' title='bbox 1018 2463 1212 2519; x_wconf 87' lang='lat' dir='ltr'><strong>mortui</strong></span> <span class='ocrx_word' id='word_1_200' title='bbox 1255 2458 1673 2515; x_wconf 87' lang='lat' dir='ltr'><strong>misericordiam</strong></span> <span class='ocrx_word' id='word_1_201' title='bbox 1702 2458 1752 2508; x_wconf 84' lang='lat' dir='ltr'><strong>in</strong></span> <span class='ocrx_word' id='word_1_202' title='bbox 1784 2472 1841 2510; x_wconf 89' lang='lat' dir='ltr'><strong>se</strong></span> <span class='ocrx_word' id='word_1_203' title='bbox 1872 2455 2102 2523; x_wconf 86' lang='lat' dir='ltr'><strong>lapidum</strong></span> 
     </span>
    </p>
   </div>
   <div class='ocr_carea' id='block_1_26' title="bbox 520 2545 2103 2627">
    <p class='ocr_par' dir='ltr' id='par_1_26' title="bbox 520 2545 2103 2627">
     <span class='ocr_line' id='line_1_26' title="bbox 520 2545 2103 2627; baseline -0.016 -5"><span class='ocrx_word' id='word_1_204' title='bbox 520 2564 800 2622; x_wconf 77' lang='lat' dir='ltr'><strong>vivorum!</strong></span> <span class='ocrx_word' id='word_1_205' title='bbox 846 2558 980 2627; x_wconf 86' lang='lat' dir='ltr'><strong>Quid</strong></span> <span class='ocrx_word' id='word_1_206' title='bbox 1030 2556 1171 2610; x_wconf 86' lang='lat' dir='ltr'><strong>enim</strong></span> <span class='ocrx_word' id='word_1_207' title='bbox 1215 2550 1539 2621; x_wconf 73' lang='lat' dir='ltr'><strong>satagimus?</strong></span> <span class='ocrx_word' id='word_1_208' title='bbox 1571 2546 1699 2618; x_wconf 86' lang='lat' dir='ltr'><strong>quid</strong></span> <span class='ocrx_word' id='word_1_209' title='bbox 1725 2546 1900 2601; x_wconf 81' lang='lat' dir='ltr'><strong>cordis</strong></span> <span class='ocrx_word' id='word_1_210' title='bbox 1941 2545 2103 2598; x_wconf 83' lang='lat' dir='ltr'><strong>nostri</strong></span> 
     </span>
    </p>
   </div>
   <div class='ocr_carea' id='block_1_27' title="bbox 522 2636 2107 2725">
    <p class='ocr_par' dir='ltr' id='par_1_27' title="bbox 522 2636 2107 2725">
     <span class='ocr_line' id='line_1_27' title="bbox 522 2636 2107 2725; baseline -0.018 -11"><span class='ocrx_word' id='word_1_211' title='bbox 522 2659 606 2714; x_wconf 76' lang='lat' dir='ltr'><strong>vel</strong></span> <span class='ocrx_word' id='word_1_212' title='bbox 649 2653 891 2725; x_wconf 72' lang='lat' dir='ltr'><strong>angustia</strong></span> <span class='ocrx_word' id='word_1_213' title='bbox 932 2650 1015 2703; x_wconf 81' lang='lat' dir='ltr'><strong>vel</strong></span> <span class='ocrx_word' id='word_1_214' title='bbox 1047 2643 1318 2699; x_wconf 76' lang='lat' dir='ltr'><strong>latitudine</strong></span> <span class='ocrx_word' id='word_1_215' title='bbox 1365 2638 1761 2710; x_wconf 82' lang='lat' dir='ltr'><strong>percurrimus?</strong></span> <span class='ocrx_word' id='word_1_216' title='bbox 1791 2636 1917 2705; x_wconf 85' lang='lat' dir='ltr'><strong>quid</strong></span> <span class='ocrx_word' id='word_1_217' title='bbox 1956 2651 2107 2689; x_wconf 83' lang='lat' dir='ltr'><strong>cura-</strong></span> 
     </span>
    </p>
   </div>
   <div class='ocr_carea' id='block_1_28' title="bbox 526 2727 2107 2815">
    <p class='ocr_par' dir='ltr' id='par_1_28' title="bbox 526 2727 2107 2815">
     <span class='ocr_line' id='line_1_28' title="bbox 526 2727 2107 2815; baseline -0.006 -30"><span class='ocrx_word' id='word_1_218' title='bbox 526 2764 666 2811; x_wconf 56' lang='lat' dir='ltr'><strong>mus,</strong></span> <span class='ocrx_word' id='word_1_219' title='bbox 696 2743 821 2815; x_wconf 68' lang='grc' dir='ltr'>(μιίά</span> <span class='ocrx_word' id='word_1_220' title='bbox 851 2740 1142 2799; x_wconf 54' lang='grc' dir='ltr'>ςιιιιιριιιιιε,</span> <span class='ocrx_word' id='word_1_221' title='bbox 1172 2733 1274 2788; x_wconf 68' lang='lat' dir='ltr'><strong>nisi</strong></span> <span class='ocrx_word' id='word_1_222' title='bbox 1317 2742 1376 2786; x_wconf 88' lang='lat' dir='ltr'><strong>ut</strong></span> <span class='ocrx_word' id='word_1_223' title='bbox 1404 2729 1628 2798; x_wconf 85' lang='lat' dir='ltr'><strong>lapidem</strong></span> <span class='ocrx_word' id='word_1_224' title='bbox 1660 2729 1949 2784; x_wconf 86' lang='lat' dir='ltr'><strong>liberemus</strong></span> <span class='ocrx_word' id='word_1_225' title='bbox 1977 2740 2004 2779; x_wconf 89' lang='lat' dir='ltr'><strong>a</strong></span> <span class='ocrx_word' id='word_1_226' title='bbox 2033 2727 2107 2780; x_wconf 82' lang='lat' dir='ltr'><strong>la-</strong></span> 
     </span>
    </p>
   </div>
   <div class='ocr_carea' id='block_1_29' title="bbox 524 2820 2108 2912">
    <p class='ocr_par' dir='ltr' id='par_1_29' title="bbox 524 2820 2108 2912">
     <span class='ocr_line' id='line_1_29' title="bbox 524 2820 2108 2912; baseline -0.02 -16"><span class='ocrx_word' id='word_1_227' title='bbox 524 2842 682 2912; x_wconf 84' lang='lat' dir='ltr'><strong>pide?</strong></span> <span class='ocrx_word' id='word_1_228' title='bbox 715 2835 938 2906; x_wconf 82' lang='lat' dir='ltr'><strong>Lapides</strong></span> <span class='ocrx_word' id='word_1_229' title='bbox 958 2833 1097 2887; x_wconf 88' lang='lat' dir='ltr'><strong>enim</strong></span> <span class='ocrx_word' id='word_1_230' title='bbox 1120 2829 1218 2883; x_wconf 76' lang='lat' dir='ltr'><strong>vivi</strong></span> <span class='ocrx_word' id='word_1_231' title='bbox 1240 2826 1424 2883; x_wconf 88' lang='lat' dir='ltr'><strong>oculos</strong></span> <span class='ocrx_word' id='word_1_232' title='bbox 1445 2824 1640 2877; x_wconf 86' lang='lat' dir='ltr'><strong>habent</strong></span> <span class='ocrx_word' id='word_1_233' title='bbox 1660 2830 1713 2875; x_wconf 89' lang='lat' dir='ltr'><strong>et</strong></span> <span class='ocrx_word' id='word_1_234' title='bbox 1734 2820 1933 2883; x_wconf 78' lang='lat' dir='ltr'><strong>vident,</strong></span> <span class='ocrx_word' id='word_1_235' title='bbox 1955 2834 2108 2870; x_wconf 70' lang='lat' dir='ltr'><strong>aures</strong></span> 
     </span>
    </p>
   </div>
   <div class='ocr_carea' id='block_1_30' title="bbox 529 2909 2107 2987">
    <p class='ocr_par' dir='ltr' id='par_1_30' title="bbox 529 2909 2107 2987">
     <span class='ocr_line' id='line_1_30' title="bbox 529 2909 2107 2987; baseline -0.018 0"><span class='ocrx_word' id='word_1_236' title='bbox 529 2909 723 2987; x_wconf 80' lang='lat' dir='ltr'><strong>habent</strong></span> <span class='ocrx_word' id='word_1_237' title='bbox 747 2938 803 2983; x_wconf 90' lang='lat' dir='ltr'><strong>et</strong></span> <span class='ocrx_word' id='word_1_238' title='bbox 826 2924 1065 2985; x_wconf 84' lang='lat' dir='ltr'><strong>audiunt,</strong></span> <span class='ocrx_word' id='word_1_239' title='bbox 1098 2933 1284 2974; x_wconf 82' lang='lat' dir='ltr'><strong>manus</strong></span> <span class='ocrx_word' id='word_1_240' title='bbox 1313 2916 1508 2970; x_wconf 83' lang='lat' dir='ltr'><strong>habent</strong></span> <span class='ocrx_word' id='word_1_241' title='bbox 1529 2920 1586 2969; x_wconf 85' lang='lat' dir='ltr'><strong>et</strong></span> <span class='ocrx_word' id='word_1_242' title='bbox 1610 2922 1915 2980; x_wconf 82' lang='lat' dir='ltr'><strong>operantur,</strong></span> <span class='ocrx_word' id='word_1_243' title='bbox 1949 2909 2107 2978; x_wconf 76' lang='lat' dir='ltr'><strong>ped-es</strong></span> 
     </span>
    </p>
   </div>
   <div class='ocr_carea' id='block_1_31' title="bbox 529 3003 2105 3079">
    <p class='ocr_par' dir='ltr' id='par_1_31' title="bbox 529 3003 2105 3079">
     <span class='ocr_line' id='line_1_31' title="bbox 529 3003 2105 3079; baseline -0.018 0"><span class='ocrx_word' id='word_1_244' title='bbox 529 3024 794 3079; x_wconf 82' lang='lat' dir='ltr'><strong>babentet</strong></span> <span class='ocrx_word' id='word_1_245' title='bbox 814 3016 1087 3071; x_wconf 88' lang='lat' dir='ltr'><strong>ambulant</strong></span> <span class='ocrx_word' id='word_1_246' title='bbox 1112 3029 1125 3065; x_wconf 86' lang='lat'><strong>:</strong></span> <span class='ocrx_word' id='word_1_247' title='bbox 1148 3009 1345 3066; x_wconf 88' lang='lat' dir='ltr'><strong>etenim</strong></span> <span class='ocrx_word' id='word_1_248' title='bbox 1367 3012 1630 3060; x_wconf 79' lang='lat' dir='ltr'><strong>noverunt</strong></span> <span class='ocrx_word' id='word_1_249' title='bbox 1651 3003 1906 3057; x_wconf 77' lang='lat' dir='ltr'><strong>factorem</strong></span> <span class='ocrx_word' id='word_1_250' title='bbox 1932 3016 2105 3054; x_wconf 83' lang='lat' dir='ltr'><strong>suum.</strong></span> 
     </span>
    </p>
   </div>
   <div class='ocr_carea' id='block_1_32' title="bbox 530 3089 2117 3171">
    <p class='ocr_par' dir='ltr' id='par_1_32' title="bbox 530 3089 2117 3171">
     <span class='ocr_line' id='line_1_32' title="bbox 530 3089 2117 3171; baseline -0.021 -4"><span class='ocrx_word' id='word_1_251' title='bbox 530 3115 597 3167; x_wconf 68' lang='lat' dir='ltr'><strong>At</strong></span> <span class='ocrx_word' id='word_1_252' title='bbox 627 3123 753 3163; x_wconf 80' lang='lat' dir='ltr'><strong>vero</strong></span> <span class='ocrx_word' id='word_1_253' title='bbox 779 3102 982 3171; x_wconf 85' lang='lat' dir='ltr'><strong>lapides</strong></span> <span class='ocrx_word' id='word_1_254' title='bbox 1008 3098 1224 3163; x_wconf 89' lang='lat' dir='ltr'><strong>mortui,</strong></span> <span class='ocrx_word' id='word_1_255' title='bbox 1254 3096 1430 3148; x_wconf 74' lang='lat' dir='ltr'><strong>sciunt</strong></span> <span class='ocrx_word' id='word_1_256' title='bbox 1457 3091 1660 3162; x_wconf 85' lang='lat' dir='ltr'><strong>lapides</strong></span> <span class='ocrx_word' id='word_1_257' title='bbox 1689 3103 1837 3155; x_wconf 87' lang='lat' dir='ltr'><strong>suos,</strong></span> <span class='ocrx_word' id='word_1_258' title='bbox 1878 3089 2008 3143; x_wconf 87' lang='lat' dir='ltr'><strong>deos</strong></span> <span class='ocrx_word' id='word_1_259' title='bbox 2033 3097 2117 3146; x_wconf 79' lang='lat' dir='ltr'><strong>:u._</strong></span> 
     </span>
    </p>
   </div>
   <div class='ocr_carea' id='block_1_33' title="bbox 531 3178 2103 3265">
    <p class='ocr_par' dir='ltr' id='par_1_33' title="bbox 531 3178 2103 3265">
     <span class='ocr_line' id='line_1_33' title="bbox 531 3178 2103 3265; baseline -0.017 -9"><span class='ocrx_word' id='word_1_260' title='bbox 531 3203 774 3265; x_wconf 85' lang='lat' dir='ltr'><strong>tendunt,</strong></span> <span class='ocrx_word' id='word_1_261' title='bbox 788 3198 1032 3255; x_wconf 80' lang='lat' dir='ltr'><strong>adorant,</strong></span> <span class='ocrx_word' id='word_1_262' title='bbox 1044 3204 1093 3247; x_wconf 87' lang='lat' dir='ltr'><strong>et</strong></span> <span class='ocrx_word' id='word_1_263' title='bbox 1108 3196 1498 3260; x_wconf 81' lang='lat' dir='ltr'><strong>cognoscuntur</strong></span> <span class='ocrx_word' id='word_1_264' title='bbox 1511 3184 1622 3257; x_wconf 73' lang='lat' dir='ltr'><strong>(a);</strong></span> <span class='ocrx_word' id='word_1_265' title='bbox 1644 3180 1959 3237; x_wconf 80' lang='lat' dir='ltr'><strong>sacriﬁcium</strong></span> <span class='ocrx_word' id='word_1_266' title='bbox 1976 3178 2103 3232; x_wconf 82' lang='lat' dir='ltr'><strong>infe-</strong></span> 
     </span>
    </p>
   </div>
   <div class='ocr_carea' id='block_1_34' title="bbox 530 3271 2109 3358">
    <p class='ocr_par' dir='ltr' id='par_1_34' title="bbox 530 3271 2109 3358">
     <span class='ocr_line' id='line_1_34' title="bbox 530 3271 2109 3358; baseline -0.02 -8"><span class='ocrx_word' id='word_1_267' title='bbox 530 3302 674 3358; x_wconf 85' lang='lat' dir='ltr'><strong>ruut,</strong></span> <span class='ocrx_word' id='word_1_268' title='bbox 703 3303 757 3348; x_wconf 89' lang='lat' dir='ltr'><strong>et</strong></span> <span class='ocrx_word' id='word_1_269' title='bbox 780 3288 1094 3346; x_wconf 69' lang='lat' dir='ltr'><strong>sacrificium</strong></span> <span class='ocrx_word' id='word_1_270' title='bbox 1128 3284 1223 3353; x_wconf 85' lang='lat' dir='ltr'><strong>ipsi</strong></span> <span class='ocrx_word' id='word_1_271' title='bbox 1249 3279 1460 3337; x_wconf 84' lang='lat' dir='ltr'><strong>diabolo</strong></span> <span class='ocrx_word' id='word_1_272' title='bbox 1491 3277 1643 3332; x_wconf 80' lang='lat' dir='ltr'><strong>ﬁunt.</strong></span> <span class='ocrx_word' id='word_1_273' title='bbox 1674 3273 1823 3342; x_wconf 85' lang='lat' dir='ltr'><strong>Quod</strong></span> <span class='ocrx_word' id='word_1_274' title='bbox 1849 3274 1969 3341; x_wconf 90' lang='lat' dir='ltr'><strong>ipsi,</strong></span> <span class='ocrx_word' id='word_1_275' title='bbox 2009 3271 2109 3325; x_wconf 75' lang='lat' dir='ltr'><strong>fra-</strong></span> 
     </span>
    </p>
   </div>
   <div class='ocr_carea' id='block_1_35' title="bbox 532 3364 2110 3453">
    <p class='ocr_par' dir='ltr' id='par_1_35' title="bbox 532 3364 2110 3453">
     <span class='ocr_line' id='line_1_35' title="bbox 532 3364 2110 3453; baseline -0.019 -9"><span class='ocrx_word' id='word_1_276' title='bbox 532 3405 659 3453; x_wconf 74' lang='lat' dir='ltr'><strong>tres,</strong></span> <span class='ocrx_word' id='word_1_277' title='bbox 704 3388 746 3440; x_wconf 89' lang='lat' dir='ltr'><strong>si</strong></span> <span class='ocrx_word' id='word_1_278' title='bbox 775 3395 827 3440; x_wconf 90' lang='lat' dir='ltr'><strong>et</strong></span> <span class='ocrx_word' id='word_1_279' title='bbox 851 3381 1032 3437; x_wconf 87' lang='lat' dir='ltr'><strong>oculos</strong></span> <span class='ocrx_word' id='word_1_280' title='bbox 1059 3378 1316 3432; x_wconf 84' lang='lat' dir='ltr'><strong>haberent</strong></span> <span class='ocrx_word' id='word_1_281' title='bbox 1337 3373 1404 3427; x_wconf 82' lang='lat' dir='ltr'><strong>ad</strong></span> <span class='ocrx_word' id='word_1_282' title='bbox 1442 3368 1749 3429; x_wconf 76' lang='lat' dir='ltr'><strong>videndum,</strong></span> <span class='ocrx_word' id='word_1_283' title='bbox 1782 3375 1835 3421; x_wconf 87' lang='lat' dir='ltr'><strong>et</strong></span> <span class='ocrx_word' id='word_1_284' title='bbox 1865 3381 2018 3418; x_wconf 81' lang='lat' dir='ltr'><strong>aures</strong></span> <span class='ocrx_word' id='word_1_285' title='bbox 2046 3364 2110 3415; x_wconf 87' lang='lat' dir='ltr'><strong>ad</strong></span> 
     </span>
    </p>
   </div>
   <div class='ocr_carea' id='block_1_36' title="bbox 531 3454 2115 3542">
    <p class='ocr_par' dir='ltr' id='par_1_36' title="bbox 531 3454 2115 3542">
     <span class='ocr_line' id='line_1_36' title="bbox 531 3454 2115 3542; baseline -0.02 -7"><span class='ocrx_word' id='word_1_286' title='bbox 531 3477 873 3539; x_wconf 82' lang='lat' dir='ltr'><strong>audiendum,</strong></span> <span class='ocrx_word' id='word_1_287' title='bbox 902 3479 1154 3542; x_wconf 85' lang='lat' dir='ltr'><strong>quantum</strong></span> <span class='ocrx_word' id='word_1_288' title='bbox 1177 3473 1292 3520; x_wconf 84' lang='lat' dir='ltr'><strong>erat</strong></span> <span class='ocrx_word' id='word_1_289' title='bbox 1318 3463 1501 3517; x_wconf 74' lang='lat' dir='ltr'><strong>videre</strong></span> <span class='ocrx_word' id='word_1_290' title='bbox 1530 3459 1733 3527; x_wconf 86' lang='lat' dir='ltr'><strong>impleri</strong></span> <span class='ocrx_word' id='word_1_291' title='bbox 1763 3454 1958 3510; x_wconf 69' lang='lat' dir='ltr'><strong>Chrisai</strong></span> <span class='ocrx_word' id='word_1_292' title='bbox 1994 3470 2115 3522; x_wconf 47' lang='lat' dir='ltr'><strong>prn-</strong></span> 
     </span>
    </p>
   </div>
   <div class='ocr_carea' id='block_1_37' title="bbox 534 3547 2117 3641">
    <p class='ocr_par' dir='ltr' id='par_1_37' title="bbox 534 3547 2117 3641">
     <span class='ocr_line' id='line_1_37' title="bbox 534 3547 2117 3641; baseline -0.019 -19"><span class='ocrx_word' id='word_1_293' title='bbox 534 3567 775 3641; x_wconf 61' lang='lat' dir='ltr'><strong>ptieiias?</strong></span> <span class='ocrx_word' id='word_1_294' title='bbox 802 3566 1067 3633; x_wconf 86' lang='lat' dir='ltr'><strong>Quantum</strong></span> <span class='ocrx_word' id='word_1_295' title='bbox 1094 3566 1209 3613; x_wconf 86' lang='lat' dir='ltr'><strong>erat</strong></span> <span class='ocrx_word' id='word_1_296' title='bbox 1234 3552 1509 3609; x_wconf 86' lang='lat' dir='ltr'><strong>attendere</strong></span> <span class='ocrx_word' id='word_1_297' title='bbox 1530 3551 1791 3605; x_wconf 77' lang='lat' dir='ltr'><strong>veridicos</strong></span> <span class='ocrx_word' id='word_1_298' title='bbox 1811 3547 2042 3609; x_wconf 77' lang='lat' dir='ltr'><strong>codices,</strong></span> <span class='ocrx_word' id='word_1_299' title='bbox 2065 3554 2117 3593; x_wconf 70' lang='lat' dir='ltr'><strong>rt</strong></span> 
     </span>
    </p>
   </div>
   <div class='ocr_carea' id='block_1_38' title="bbox 532 3635 2116 3721">
    <p class='ocr_par' dir='ltr' id='par_1_38' title="bbox 532 3635 2116 3721">
     <span class='ocr_line' id='line_1_38' title="bbox 532 3635 2116 3721; baseline -0.016 -7"><span class='ocrx_word' id='word_1_300' title='bbox 532 3635 765 3721; x_wconf 73' lang='lat' dir='ltr'><strong>oracula,</strong></span> <span class='ocrx_word' id='word_1_301' title='bbox 958 3668 1061 3707; x_wconf 87' lang='lat' dir='ltr'><strong>non</strong></span> <span class='ocrx_word' id='word_1_302' title='bbox 1106 3646 1344 3703; x_wconf 77' lang='lat' dir='ltr'><strong>fallacia?</strong></span> <span class='ocrx_word' id='word_1_303' title='bbox 1397 3643 1491 3697; x_wconf 85' lang='lat' dir='ltr'><strong>sed</strong></span> <span class='ocrx_word' id='word_1_304' title='bbox 1537 3656 1701 3711; x_wconf 81' lang='lat' dir='ltr'><strong>quare</strong></span> <span class='ocrx_word' id='word_1_305' title='bbox 1743 3654 1845 3691; x_wconf 83' lang='lat' dir='ltr'><strong>non</strong></span> <span class='ocrx_word' id='word_1_306' title='bbox 1894 3635 2116 3688; x_wconf 72' lang='lat' dir='ltr'><strong>vident?</strong></span> 
     </span>
    </p>
   </div>
   <div class='ocr_carea' id='block_1_39' title="bbox 534 3729 2117 3825">
    <p class='ocr_par' dir='ltr' id='par_1_39' title="bbox 534 3729 2117 3825">
     <span class='ocr_line' id='line_1_39' title="bbox 534 3729 2117 3825; baseline -0.018 -17"><span class='ocrx_word' id='word_1_307' title='bbox 534 3769 697 3825; x_wconf 82' lang='lat' dir='ltr'><strong>quare</strong></span> <span class='ocrx_word' id='word_1_308' title='bbox 726 3764 829 3804; x_wconf 91' lang='lat' dir='ltr'><strong>non</strong></span> <span class='ocrx_word' id='word_1_309' title='bbox 856 3743 1114 3802; x_wconf 86' lang='lat' dir='ltr'><strong>audiunt?</strong></span> <span class='ocrx_word' id='word_1_310' title='bbox 1140 3741 1270 3808; x_wconf 84' lang='lat' dir='ltr'><strong>Quia</strong></span> <span class='ocrx_word' id='word_1_311' title='bbox 1297 3747 1352 3792; x_wconf 91' lang='lat' dir='ltr'><strong>et</strong></span> <span class='ocrx_word' id='word_1_312' title='bbox 1381 3737 1465 3790; x_wconf 89' lang='lat' dir='ltr'><strong>hic</strong></span> <span class='ocrx_word' id='word_1_313' title='bbox 1489 3733 1764 3803; x_wconf 72' lang='lat' dir='ltr'><strong>prophetia</strong></span> <span class='ocrx_word' id='word_1_314' title='bbox 1786 3730 1933 3787; x_wconf 84' lang='lat' dir='ltr'><strong>dicit.</strong></span> <span class='ocrx_word' id='word_1_315' title='bbox 1956 3729 2117 3783; x_wconf 79' lang='lat' dir='ltr'><strong>Simi—</strong></span> 
     </span>
    </p>
   </div>
   <div class='ocr_carea' id='block_1_40' title="bbox 536 3821 2119 3902">
    <p class='ocr_par' dir='ltr' id='par_1_40' title="bbox 536 3821 2119 3902">
     <span class='ocr_line' id='line_1_40' title="bbox 536 3821 2119 3902; baseline -0.017 -5"><span class='ocrx_word' id='word_1_316' title='bbox 536 3821 605 3897; x_wconf 37' lang='lat' dir='ltr'><strong>lus</strong></span> <span class='ocrx_word' id='word_1_317' title='bbox 620 3842 834 3896; x_wconf 82' lang='lat' dir='ltr'><strong>sinlillis</strong></span> <span class='ocrx_word' id='word_1_318' title='bbox 855 3838 1078 3889; x_wconf 77' lang='lat' dir='ltr'><strong>homines</strong></span> <span class='ocrx_word' id='word_1_319' title='bbox 1093 3833 1177 3901; x_wconf 82' lang='lat' dir='ltr'><strong>qui</strong></span> <span class='ocrx_word' id='word_1_320' title='bbox 1206 3830 1393 3902; x_wconf 78' lang='lat' dir='ltr'><strong>fucimtt</strong></span> <span class='ocrx_word' id='word_1_321' title='bbox 1425 3844 1504 3888; x_wconf 79' lang='lat' dir='ltr'><strong>cu,</strong></span> <span class='ocrx_word' id='word_1_322' title='bbox 1531 3835 1571 3876; x_wconf 78' lang='lat' dir='ltr'><strong>et</strong></span> <span class='ocrx_word' id='word_1_323' title='bbox 1594 3822 1945 3891; x_wconf 62' lang='lat' dir='ltr'><strong>quinm/idum</strong></span> <span class='ocrx_word' id='word_1_324' title='bbox 1968 3821 2019 3871; x_wconf 80' lang='lat' dir='ltr'><strong>in</strong></span> <span class='ocrx_word' id='word_1_325' title='bbox 2050 3822 2119 3870; x_wconf 74' lang='lat' dir='ltr'><strong>ris</strong></span> 
     </span>
    </p>
   </div>
   <div class='ocr_carea' id='block_1_41' title="bbox 540 3911 2120 3997">
    <p class='ocr_par' dir='ltr' id='par_1_41' title="bbox 540 3911 2120 3997">
     <span class='ocr_line' id='line_1_41' title="bbox 540 3911 2120 3997; baseline -0.02 -4"><span class='ocrx_word' id='word_1_326' title='bbox 540 3935 708 3993; x_wconf 80' lang='lat' dir='ltr'><strong>(Psal.</strong></span> <span class='ocrx_word' id='word_1_327' title='bbox 736 3947 882 3993; x_wconf 75' lang='lat' dir='ltr'><strong>cxnt,</strong></span> <span class='ocrx_word' id='word_1_328' title='bbox 906 3930 984 3997; x_wconf 87' lang='lat'><strong>8).</strong></span> <span class='ocrx_word' id='word_1_329' title='bbox 1013 3926 1158 3993; x_wconf 77' lang='lat' dir='ltr'><strong>Ergo</strong></span> <span class='ocrx_word' id='word_1_330' title='bbox 1178 3917 1445 3989; x_wconf 83' lang='lat' dir='ltr'><strong>deSperati</strong></span> <span class='ocrx_word' id='word_1_331' title='bbox 1475 3924 1531 3969; x_wconf 89' lang='lat' dir='ltr'><strong>et</strong></span> <span class='ocrx_word' id='word_1_332' title='bbox 1559 3912 1912 3982; x_wconf 71' lang='lat' dir='ltr'><strong>desperant“?</strong></span> <span class='ocrx_word' id='word_1_333' title='bbox 1947 3911 2120 3962; x_wconf 66' lang='lat' dir='ltr'><strong>Absit!</strong></span> 
     </span>
    </p>
   </div>
   <div class='ocr_carea' id='block_1_42' title="bbox 541 4002 2123 4095">
    <p class='ocr_par' dir='ltr' id='par_1_42' title="bbox 541 4002 2123 4095">
     <span class='ocr_line' id='line_1_42' title="bbox 541 4002 2123 4095; baseline -0.018 -14"><span class='ocrx_word' id='word_1_334' title='bbox 541 4028 606 4081; x_wconf 69' lang='lat' dir='ltr'><strong>Et</strong></span> <span class='ocrx_word' id='word_1_335' title='bbox 630 4024 753 4095; x_wconf 85' lang='lat' dir='ltr'><strong>quid</strong></span> <span class='ocrx_word' id='word_1_336' title='bbox 785 4018 1102 4092; x_wconf 87' lang='lat' dir='ltr'><strong>sperandum</strong></span> <span class='ocrx_word' id='word_1_337' title='bbox 1132 4012 1301 4068; x_wconf 84' lang='lat' dir='ltr'><strong>estde</strong></span> <span class='ocrx_word' id='word_1_338' title='bbox 1327 4007 1589 4078; x_wconf 83' lang='lat' dir='ltr'><strong>lapidibus</strong></span> <span class='ocrx_word' id='word_1_339' title='bbox 1610 4002 2016 4095; x_wconf 83' lang='lat' dir='ltr'><strong>mortuis?Quid</strong></span> <span class='ocrx_word' id='word_1_340' title='bbox 2038 4018 2123 4068; x_wconf 69' lang='lat' dir='ltr'><strong>ptt~</strong></span> 
     </span>
    </p>
   </div>
   <div class='ocr_carea' id='block_1_43' title="bbox 540 4093 2121 4183">
    <p class='ocr_par' dir='ltr' id='par_1_43' title="bbox 540 4093 2121 4183">
     <span class='ocr_line' id='line_1_43' title="bbox 540 4093 2121 4183; baseline -0.019 -12"><span class='ocrx_word' id='word_1_341' title='bbox 540 4093 1055 4183; x_wconf 72' lang='lat' dir='ltr'><strong>tatis,nisiqnodjam</strong></span> <span class='ocrx_word' id='word_1_342' title='bbox 1076 4106 1145 4177; x_wconf 85' lang='lat' dir='ltr'><strong>(b)</strong></span> <span class='ocrx_word' id='word_1_343' title='bbox 1162 4105 1413 4171; x_wconf 83' lang='lat' dir='ltr'><strong>scriptum</strong></span> <span class='ocrx_word' id='word_1_344' title='bbox 1435 4113 1691 4158; x_wconf 62' lang='lat' dir='ltr'><strong>teucrum,</strong></span> <span class='ocrx_word' id='word_1_345' title='bbox 1707 4095 1888 4147; x_wconf 65' lang='lat' dir='ltr'><strong>Potens</strong></span> <span class='ocrx_word' id='word_1_346' title='bbox 1901 4105 1970 4146; x_wconf 85' lang='lat' dir='ltr'><strong>est</strong></span> <span class='ocrx_word' id='word_1_347' title='bbox 1992 4093 2121 4143; x_wconf 58' lang='lat' dir='ltr'><strong>(Irus</strong></span> 
     </span>
    </p>
   </div>
   <div class='ocr_carea' id='block_1_44' title="bbox 540 4184 2123 4278">
    <p class='ocr_par' dir='ltr' id='par_1_44' title="bbox 540 4184 2123 4278">
     <span class='ocr_line' id='line_1_44' title="bbox 540 4184 2123 4278; baseline -0.018 -15"><span class='ocrx_word' id='word_1_348' title='bbox 540 4211 602 4263; x_wconf 83' lang='lat' dir='ltr'><strong>de</strong></span> <span class='ocrx_word' id='word_1_349' title='bbox 624 4206 874 4278; x_wconf 74' lang='lat' dir='ltr'><strong>lapidibus</strong></span> <span class='ocrx_word' id='word_1_350' title='bbox 897 4202 1004 4256; x_wconf 89' lang='lat' dir='ltr'><strong>istis</strong></span> <span class='ocrx_word' id='word_1_351' title='bbox 1035 4198 1274 4251; x_wconf 79' lang='lat' dir='ltr'><strong>suscitare</strong></span> <span class='ocrx_word' id='word_1_352' title='bbox 1293 4194 1425 4263; x_wconf 77' lang='lat' dir='ltr'><strong>ﬁlios</strong></span> <span class='ocrx_word' id='word_1_353' title='bbox 1440 4184 1888 4278; x_wconf 33' lang='lat' dir='ltr'><strong>Amic/usquead...</strong></span> <span class='ocrx_word' id='word_1_354' title='bbox 1919 4201 1996 4241; x_wconf 83' lang='grc' dir='ltr'>ιιι,</span> <span class='ocrx_word' id='word_1_355' title='bbox 2018 4184 2123 4276; x_wconf 27' lang='lat' dir='ltr'><strong>nil)?</strong></span> 
     </span>
    </p>
   </div>
   <div class='ocr_carea' id='block_1_45' title="bbox 604 4268 2122 4347">
    <p class='ocr_par' dir='ltr' id='par_1_45' title="bbox 604 4268 2122 4347">
     <span class='ocr_line' id='line_1_45' title="bbox 604 4268 2122 4347; baseline -0.018 -1"><span class='ocrx_word' id='word_1_356' title='bbox 604 4268 801 4347; x_wconf 47' lang='lat' dir='ltr'><strong>&#39;3.&#39;Deo</strong></span> <span class='ocrx_word' id='word_1_357' title='bbox 830 4301 942 4340; x_wconf 83' lang='lat' dir='ltr'><strong>vero</strong></span> <span class='ocrx_word' id='word_1_358' title='bbox 972 4298 1060 4335; x_wconf 75' lang='lat' dir='ltr'><strong>nec</strong></span> <span class='ocrx_word' id='word_1_359' title='bbox 1089 4280 1236 4332; x_wconf 80' lang='lat' dir='ltr'><strong>homo</strong></span> <span class='ocrx_word' id='word_1_360' title='bbox 1265 4272 1548 4343; x_wconf 79' lang='lat' dir='ltr'><strong>comparari</strong></span> <span class='ocrx_word' id='word_1_361' title='bbox 1578 4269 1738 4330; x_wconf 78' lang='lat' dir='ltr'><strong>debet,</strong></span> <span class='ocrx_word' id='word_1_362' title='bbox 1776 4268 1932 4321; x_wconf 87' lang='lat' dir='ltr'><strong>multo</strong></span> <span class='ocrx_word' id='word_1_363' title='bbox 1960 4269 2122 4318; x_wconf 73' lang='lat' dir='ltr'><strong>minus</strong></span> 
     </span>
    </p>
   </div>
   <div class='ocr_carea' id='block_1_46' title="bbox 543 4359 2117 4438">
    <p class='ocr_par' dir='ltr' id='par_1_46' title="bbox 543 4359 2117 4438">
     <span class='ocr_line' id='line_1_46' title="bbox 543 4359 2117 4438; baseline -0.017 -3"><span class='ocrx_word' id='word_1_364' title='bbox 543 4381 732 4435; x_wconf 84' lang='lat' dir='ltr'><strong>idolum</strong></span> <span class='ocrx_word' id='word_1_365' title='bbox 804 4372 1072 4431; x_wconf 82' lang='lat' dir='ltr'><strong>Herculis,</strong></span> <span class='ocrx_word' id='word_1_366' title='bbox 1129 4368 1272 4438; x_wconf 84' lang='lat' dir='ltr'><strong>cujus</strong></span> <span class='ocrx_word' id='word_1_367' title='bbox 1337 4364 1511 4417; x_wconf 80' lang='lat' dir='ltr'><strong>titulus</strong></span> <span class='ocrx_word' id='word_1_368' title='bbox 1573 4359 1839 4431; x_wconf 75' lang='lat' dir='ltr'><strong>refellitur.</strong></span> <span class='ocrx_word' id='word_1_369' title='bbox 1902 4359 2117 4428; x_wconf 86' lang='lat' dir='ltr'><strong>itaque,</strong></span> 
     </span>
    </p>
   </div>
   <div class='ocr_carea' id='block_1_47' title="bbox 542 4450 2121 4535">
    <p class='ocr_par' dir='ltr' id='par_1_47' title="bbox 542 4450 2121 4535">
     <span class='ocr_line' id='line_1_47' title="bbox 542 4450 2121 4535; baseline -0.015 -9"><span class='ocrx_word' id='word_1_370' title='bbox 542 4469 860 4529; x_wconf 73' lang='lat' dir='ltr'><strong>citatissimi,</strong></span> <span class='ocrx_word' id='word_1_371' title='bbox 893 4462 1141 4535; x_wconf 84' lang='lat' dir='ltr'><strong>quoniam</strong></span> <span class='ocrx_word' id='word_1_372' title='bbox 1189 4458 1356 4512; x_wconf 85' lang='lat' dir='ltr'><strong>nostis</strong></span> <span class='ocrx_word' id='word_1_373' title='bbox 1399 4456 1482 4509; x_wconf 93' lang='lat' dir='ltr'><strong>cui</strong></span> <span class='ocrx_word' id='word_1_374' title='bbox 1524 4457 1630 4508; x_wconf 77' lang='lat' dir='ltr'><strong>Deo</strong></span> <span class='ocrx_word' id='word_1_375' title='bbox 1661 4453 1914 4518; x_wconf 79' lang='lat' dir='ltr'><strong>diximus,</strong></span> <span class='ocrx_word' id='word_1_376' title='bbox 1947 4450 2083 4505; x_wconf 83' lang='lat' dir='ltr'><strong>Deus</strong></span> <span class='ocrx_word' id='word_1_377' title='bbox 2107 4492 2121 4513; x_wconf 94' lang='lat'><strong>,</strong></span> 
     </span>
    </p>
   </div>
   <div class='ocr_carea' id='block_1_48' title="bbox 544 4545 2125 4631">
    <p class='ocr_par' dir='ltr' id='par_1_48' title="bbox 544 4545 2125 4631">
     <span class='ocr_line' id='line_1_48' title="bbox 544 4545 2125 4631; baseline -0.013 -16"><span class='ocrx_word' id='word_1_378' title='bbox 544 4564 655 4631; x_wconf 79' lang='lat' dir='ltr'><strong>quis</strong></span> <span class='ocrx_word' id='word_1_379' title='bbox 694 4559 873 4613; x_wconf 84' lang='lat' dir='ltr'><strong>similis</strong></span> <span class='ocrx_word' id='word_1_380' title='bbox 936 4552 1064 4607; x_wconf 82' lang='lat' dir='ltr'><strong>tibi?</strong></span> <span class='ocrx_word' id='word_1_381' title='bbox 1117 4549 1183 4606; x_wconf 89' lang='lat' dir='ltr'><strong>de</strong></span> <span class='ocrx_word' id='word_1_382' title='bbox 1222 4565 1329 4620; x_wconf 89' lang='lat' dir='ltr'><strong>quo</strong></span> <span class='ocrx_word' id='word_1_383' title='bbox 1379 4563 1483 4602; x_wconf 90' lang='lat' dir='ltr'><strong>non</strong></span> <span class='ocrx_word' id='word_1_384' title='bbox 1535 4545 1935 4608; x_wconf 81' lang='lat' dir='ltr'><strong>erubesrimus,</strong></span> <span class='ocrx_word' id='word_1_385' title='bbox 1976 4546 2125 4608; x_wconf 80' lang='lat' dir='ltr'><strong>cujus</strong></span> 
     </span>
    </p>
   </div>
   <div class='ocr_carea' id='block_1_49' title="bbox 548 4633 2125 4712">
    <p class='ocr_par' dir='ltr' id='par_1_49' title="bbox 548 4633 2125 4712">
     <span class='ocr_line' id='line_1_49' title="bbox 548 4633 2125 4712; baseline -0.019 -4"><span class='ocrx_word' id='word_1_386' title='bbox 548 4655 750 4708; x_wconf 78' lang='lat' dir='ltr'><strong>titulum</strong></span> <span class='ocrx_word' id='word_1_387' title='bbox 797 4664 900 4703; x_wconf 90' lang='lat' dir='ltr'><strong>non</strong></span> <span class='ocrx_word' id='word_1_388' title='bbox 950 4650 999 4700; x_wconf 86' lang='lat' dir='ltr'><strong>in</strong></span> <span class='ocrx_word' id='word_1_389' title='bbox 1053 4642 1225 4712; x_wconf 87' lang='lat' dir='ltr'><strong>lapide</strong></span> <span class='ocrx_word' id='word_1_390' title='bbox 1286 4640 1541 4709; x_wconf 81' lang='lat' dir='ltr'><strong>legimus,</strong></span> <span class='ocrx_word' id='word_1_391' title='bbox 1587 4635 1678 4689; x_wconf 80' lang='lat' dir='ltr'><strong>sed</strong></span> <span class='ocrx_word' id='word_1_392' title='bbox 1719 4635 1770 4688; x_wconf 88' lang='lat' dir='ltr'><strong>in</strong></span> <span class='ocrx_word' id='word_1_393' title='bbox 1817 4633 1976 4689; x_wconf 85' lang='lat' dir='ltr'><strong>corde</strong></span> <span class='ocrx_word' id='word_1_394' title='bbox 2032 4650 2125 4703; x_wconf 56' lang='lat' dir='ltr'><strong>gn»</strong></span> 
     </span>
    </p>
   </div>
   <div class='ocr_carea' id='block_1_50' title="bbox 548 4726 2123 4809">
    <p class='ocr_par' dir='ltr' id='par_1_50' title="bbox 548 4726 2123 4809">
     <span class='ocr_line' id='line_1_50' title="bbox 548 4726 2123 4809; baseline -0.011 -16"><span class='ocrx_word' id='word_1_395' title='bbox 548 4756 752 4799; x_wconf 53' lang='lat' dir='ltr'><strong>stamus</strong></span> <span class='ocrx_word' id='word_1_396' title='bbox 786 4760 800 4797; x_wconf 72' lang='grc' dir='ltr'><strong>ε</strong></span> <span class='ocrx_word' id='word_1_397' title='bbox 832 4740 984 4809; x_wconf 81' lang='lat' dir='ltr'><strong>cujus</strong></span> <span class='ocrx_word' id='word_1_398' title='bbox 1037 4748 1230 4788; x_wconf 87' lang='lat' dir='ltr'><strong>nomen</strong></span> <span class='ocrx_word' id='word_1_399' title='bbox 1279 4740 1334 4787; x_wconf 90' lang='lat' dir='ltr'><strong>et</strong></span> <span class='ocrx_word' id='word_1_400' title='bbox 1388 4739 1568 4783; x_wconf 87' lang='lat' dir='ltr'><strong>notum</strong></span> <span class='ocrx_word' id='word_1_401' title='bbox 1625 4736 1707 4781; x_wconf 88' lang='lat' dir='ltr'><strong>est</strong></span> <span class='ocrx_word' id='word_1_402' title='bbox 1748 4726 2026 4789; x_wconf 84' lang='lat' dir='ltr'><strong>omnibus,</strong></span> <span class='ocrx_word' id='word_1_403' title='bbox 2075 4734 2123 4776; x_wconf 89' lang='lat' dir='ltr'><strong>et</strong></span> 
     </span>
    </p>
   </div>
   <div class='ocr_carea' id='block_1_51' title="bbox 545 4816 2129 4890">
    <p class='ocr_par' dir='ltr' id='par_1_51' title="bbox 545 4816 2129 4890">
     <span class='ocr_line' id='line_1_51' title="bbox 545 4816 2129 4890; baseline -0.014 -3"><span class='ocrx_word' id='word_1_404' title='bbox 545 4837 675 4890; x_wconf 74' lang='lat' dir='ltr'><strong>viwt</strong></span> <span class='ocrx_word' id='word_1_405' title='bbox 708 4834 759 4887; x_wconf 92' lang='lat' dir='ltr'><strong>in</strong></span> <span class='ocrx_word' id='word_1_406' title='bbox 799 4826 1158 4888; x_wconf 85' lang='lat' dir='ltr'><strong>credentibus,</strong></span> <span class='ocrx_word' id='word_1_407' title='bbox 1189 4823 1393 4878; x_wconf 85' lang='lat' dir='ltr'><strong>habitat</strong></span> <span class='ocrx_word' id='word_1_408' title='bbox 1431 4820 1481 4872; x_wconf 91' lang='lat' dir='ltr'><strong>in</strong></span> <span class='ocrx_word' id='word_1_409' title='bbox 1507 4817 1755 4882; x_wconf 83' lang='lat' dir='ltr'><strong>subditis,</strong></span> <span class='ocrx_word' id='word_1_410' title='bbox 1787 4816 2019 4870; x_wconf 86' lang='lat' dir='ltr'><strong>debellat</strong></span> <span class='ocrx_word' id='word_1_411' title='bbox 2043 4829 2129 4866; x_wconf 86' lang='lat' dir='ltr'><strong>sn-</strong></span> 
     </span>
    </p>
   </div>
   <div class='ocr_carea' id='block_1_52' title="bbox 548 4907 2127 5000">
    <p class='ocr_par' dir='ltr' id='par_1_52' title="bbox 548 4907 2127 5000">
     <span class='ocr_line' id='line_1_52' title="bbox 548 4907 2127 5000; baseline -0.016 -18"><span class='ocrx_word' id='word_1_412' title='bbox 548 4926 741 5000; x_wconf 87' lang='lat' dir='ltr'><strong>pcrbos</strong></span> <span class='ocrx_word' id='word_1_413' title='bbox 768 4942 782 4975; x_wconf 76' lang='grc' dir='ltr'><strong><em>τ</em></strong></span> <span class='ocrx_word' id='word_1_414' title='bbox 810 4920 1058 4993; x_wconf 86' lang='lat' dir='ltr'><strong>quoniam</strong></span> <span class='ocrx_word' id='word_1_415' title='bbox 1082 4915 1326 4969; x_wconf 86' lang='lat' dir='ltr'><strong>novimus</strong></span> <span class='ocrx_word' id='word_1_416' title='bbox 1351 4912 1435 4967; x_wconf 89' lang='lat' dir='ltr'><strong>cui</strong></span> <span class='ocrx_word' id='word_1_417' title='bbox 1457 4911 1708 4973; x_wconf 80' lang='lat' dir='ltr'><strong>diximus,</strong></span> <span class='ocrx_word' id='word_1_418' title='bbox 1743 4907 1897 4972; x_wconf 79' lang='lat' dir='ltr'><strong>Deus,</strong></span> <span class='ocrx_word' id='word_1_419' title='bbox 1919 4908 2028 4976; x_wconf 84' lang='lat' dir='ltr'><strong>quis</strong></span> <span class='ocrx_word' id='word_1_420' title='bbox 2056 4908 2127 4958; x_wconf 71' lang='lat' dir='ltr'><strong>si-</strong></span> 
     </span>
    </p>
   </div>
   <div class='ocr_carea' id='block_1_53' title="bbox 549 4998 2125 5089">
    <p class='ocr_par' dir='ltr' id='par_1_53' title="bbox 549 4998 2125 5089">
     <span class='ocr_line' id='line_1_53' title="bbox 549 4998 2125 5089; baseline -0.019 -14"><span class='ocrx_word' id='word_1_421' title='bbox 549 4998 680 5074; x_wconf 80' lang='lat' dir='ltr'><strong>milis</strong></span> <span class='ocrx_word' id='word_1_422' title='bbox 725 5016 851 5089; x_wconf 65' lang='lat' dir='ltr'><strong>tibi;l</strong></span> <span class='ocrx_word' id='word_1_423' title='bbox 879 5028 980 5067; x_wconf 92' lang='lat' dir='ltr'><strong>non</strong></span> <span class='ocrx_word' id='word_1_424' title='bbox 1012 5024 1108 5063; x_wconf 91' lang='lat' dir='ltr'><strong>nos</strong></span> <span class='ocrx_word' id='word_1_425' title='bbox 1148 5014 1397 5061; x_wconf 84' lang='lat' dir='ltr'><strong>moveant</strong></span> <span class='ocrx_word' id='word_1_426' title='bbox 1420 5002 1485 5056; x_wconf 93' lang='lat' dir='ltr'><strong>ad</strong></span> <span class='ocrx_word' id='word_1_427' title='bbox 1529 5001 1706 5055; x_wconf 91' lang='lat' dir='ltr'><strong>odium</strong></span> <span class='ocrx_word' id='word_1_428' title='bbox 1736 5000 1816 5053; x_wconf 89' lang='lat' dir='ltr'><strong>sui</strong></span> <span class='ocrx_word' id='word_1_429' title='bbox 1846 4998 2087 5052; x_wconf 73' lang='lat' dir='ltr'><strong>homines</strong></span> <span class='ocrx_word' id='word_1_430' title='bbox 2112 5037 2125 5059; x_wconf 93' lang='lat'><strong>,</strong></span> 
     </span>
    </p>
   </div>
   <div class='ocr_carea' id='block_1_54' title="bbox 547 5088 2128 5181">
    <p class='ocr_par' dir='ltr' id='par_1_54' title="bbox 547 5088 2128 5181">
     <span class='ocr_line' id='line_1_54' title="bbox 547 5088 2128 5181; baseline -0.016 -16"><span class='ocrx_word' id='word_1_431' title='bbox 547 5124 682 5181; x_wconf 85' lang='lat' dir='ltr'><strong>quos</strong></span> <span class='ocrx_word' id='word_1_432' title='bbox 708 5108 831 5162; x_wconf 80' lang='lat' dir='ltr'><strong>fecit</strong></span> <span class='ocrx_word' id='word_1_433' title='bbox 854 5104 1016 5166; x_wconf 89' lang='lat' dir='ltr'><strong>Deus,</strong></span> <span class='ocrx_word' id='word_1_434' title='bbox 1046 5096 1138 5156; x_wconf 87' lang='lat' dir='ltr'><strong>sed</strong></span> <span class='ocrx_word' id='word_1_435' title='bbox 1162 5108 1369 5152; x_wconf 83' lang='lat' dir='ltr'><strong>moveat</strong></span> <span class='ocrx_word' id='word_1_436' title='bbox 1394 5094 1460 5149; x_wconf 89' lang='lat' dir='ltr'><strong>ad</strong></span> <span class='ocrx_word' id='word_1_437' title='bbox 1481 5092 1659 5147; x_wconf 90' lang='lat' dir='ltr'><strong>odium</strong></span> <span class='ocrx_word' id='word_1_438' title='bbox 1686 5091 1767 5144; x_wconf 88' lang='lat' dir='ltr'><strong>sui</strong></span> <span class='ocrx_word' id='word_1_439' title='bbox 1797 5088 2048 5158; x_wconf 77' lang='lat' dir='ltr'><strong>quidquid</strong></span> <span class='ocrx_word' id='word_1_440' title='bbox 2078 5089 2128 5140; x_wconf 83' lang='lat' dir='ltr'><strong>in</strong></span> 
     </span>
    </p>
   </div>
   <div class='ocr_carea' id='block_1_55' title="bbox 551 5179 2126 5256">
    <p class='ocr_par' dir='ltr' id='par_1_55' title="bbox 551 5179 2126 5256">
     <span class='ocr_line' id='line_1_55' title="bbox 551 5179 2126 5256; baseline -0.016 0"><span class='ocrx_word' id='word_1_441' title='bbox 551 5179 762 5256; x_wconf 84' lang='lat' dir='ltr'><strong>homine</strong></span> <span class='ocrx_word' id='word_1_442' title='bbox 789 5199 924 5252; x_wconf 84' lang='lat' dir='ltr'><strong>bene</strong></span> <span class='ocrx_word' id='word_1_443' title='bbox 946 5196 1084 5249; x_wconf 75' lang='lat' dir='ltr'><strong>facto</strong></span> <span class='ocrx_word' id='word_1_444' title='bbox 1108 5209 1136 5244; x_wconf 93' lang='lat' dir='ltr'><strong>a</strong></span> <span class='ocrx_word' id='word_1_445' title='bbox 1162 5190 1270 5245; x_wconf 85' lang='lat' dir='ltr'><strong>Deo</strong></span> <span class='ocrx_word' id='word_1_446' title='bbox 1297 5188 1434 5243; x_wconf 90' lang='lat' dir='ltr'><strong>male</strong></span> <span class='ocrx_word' id='word_1_447' title='bbox 1465 5186 1587 5240; x_wconf 79' lang='lat' dir='ltr'><strong>fecit</strong></span> <span class='ocrx_word' id='word_1_448' title='bbox 1610 5184 1724 5251; x_wconf 83' lang='lat' dir='ltr'><strong>ipse</strong></span> <span class='ocrx_word' id='word_1_449' title='bbox 1754 5182 1931 5235; x_wconf 88' lang='lat' dir='ltr'><strong>homo.</strong></span> <span class='ocrx_word' id='word_1_450' title='bbox 1958 5179 2126 5234; x_wconf 59' lang='lat' dir='ltr'><strong>Horn.)</strong></span> 
     </span>
    </p>
   </div>
   <div class='ocr_carea' id='block_1_56' title="bbox 552 5272 2129 5349">
    <p class='ocr_par' dir='ltr' id='par_1_56' title="bbox 552 5272 2129 5349">
     <span class='ocr_line' id='line_1_56' title="bbox 552 5272 2129 5349; baseline -0.02 -2"><span class='ocrx_word' id='word_1_451' title='bbox 552 5307 743 5347; x_wconf 84' lang='lat' dir='ltr'><strong>nomen</strong></span> <span class='ocrx_word' id='word_1_452' title='bbox 784 5302 944 5341; x_wconf 84' lang='lat' dir='ltr'><strong>unum</strong></span> <span class='ocrx_word' id='word_1_453' title='bbox 986 5293 1086 5337; x_wconf 80' lang='lat' dir='ltr'><strong>est.</strong></span> <span class='ocrx_word' id='word_1_454' title='bbox 1120 5281 1289 5349; x_wconf 80' lang='lat' dir='ltr'><strong>Ilujus</strong></span> <span class='ocrx_word' id='word_1_455' title='bbox 1331 5288 1589 5332; x_wconf 75' lang='lat' dir='ltr'><strong>creatura:</strong></span> <span class='ocrx_word' id='word_1_456' title='bbox 1630 5272 1885 5327; x_wconf 86' lang='lat' dir='ltr'><strong>artitlccm</strong></span> <span class='ocrx_word' id='word_1_457' title='bbox 1916 5287 2129 5341; x_wconf 59' lang='lat' dir='ltr'><strong>quaero,</strong></span> 
     </span>
    </p>
   </div>
   <div class='ocr_carea' id='block_1_57' title="bbox 554 5363 2133 5444">
    <p class='ocr_par' dir='ltr' id='par_1_57' title="bbox 554 5363 2133 5444">
     <span class='ocr_line' id='line_1_57' title="bbox 554 5363 2133 5444; baseline -0.016 -4"><span class='ocrx_word' id='word_1_458' title='bbox 554 5388 692 5440; x_wconf 82' lang='lat' dir='ltr'><strong>Dens</strong></span> <span class='ocrx_word' id='word_1_459' title='bbox 718 5389 817 5437; x_wconf 87' lang='lat' dir='ltr'><strong>est.</strong></span> <span class='ocrx_word' id='word_1_460' title='bbox 841 5374 1232 5444; x_wconf 78' lang='lat' dir='ltr'><strong>Numquidnam</strong></span> <span class='ocrx_word' id='word_1_461' title='bbox 1262 5369 1491 5423; x_wconf 83' lang='lat' dir='ltr'><strong>hominis</strong></span> <span class='ocrx_word' id='word_1_462' title='bbox 1533 5363 1896 5419; x_wconf 82' lang='lat' dir='ltr'><strong>tantummodo</strong></span> <span class='ocrx_word' id='word_1_463' title='bbox 1925 5374 2133 5417; x_wconf 77' lang='lat' dir='ltr'><strong>creator</strong></span> 
     </span>
    </p>
   </div>
   <div class='ocr_carea' id='block_1_58' title="bbox 616 5474 2133 5547">
    <p class='ocr_par' dir='ltr' id='par_1_58' title="bbox 616 5474 2133 5547">
     <span class='ocr_line' id='line_1_58' title="bbox 616 5474 2133 5547; baseline -0.016 1"><span class='ocrx_word' id='word_1_464' title='bbox 616 5501 631 5529; x_wconf 81' lang='grc'>¹</span> <span class='ocrx_word' id='word_1_465' title='bbox 658 5499 801 5547; x_wconf 74' lang='lat' dir='ltr'><strong>Sicin</strong></span> <span class='ocrx_word' id='word_1_466' title='bbox 821 5490 1055 5543; x_wconf 70' lang='lat' dir='ltr'><strong>victoriuo</strong></span> <span class='ocrx_word' id='word_1_467' title='bbox 1088 5495 1154 5547; x_wconf 56' lang='lat' dir='ltr'><strong>ius</strong></span> <span class='ocrx_word' id='word_1_468' title='bbox 1204 5492 1258 5547; x_wconf 64' lang='lat' dir='ltr'><strong>tit</strong></span> <span class='ocrx_word' id='word_1_469' title='bbox 1294 5484 1343 5531; x_wconf 89' lang='lat' dir='ltr'><strong>in</strong></span> <span class='ocrx_word' id='word_1_470' title='bbox 1381 5481 1525 5532; x_wconf 86' lang='lat' dir='ltr'><strong>editis</strong></span> <span class='ocrx_word' id='word_1_471' title='bbox 1562 5490 1789 5529; x_wconf 59' lang='lat' dir='ltr'><strong>consum</strong></span> <span class='ocrx_word' id='word_1_472' title='bbox 1834 5474 2008 5533; x_wconf 68' lang='lat' dir='ltr'><strong>fuerat,</strong></span> <span class='ocrx_word' id='word_1_473' title='bbox 2051 5476 2133 5524; x_wconf 61' lang='lat' dir='ltr'><strong>sed</strong></span> 
     </span>
    </p>
   </div>
   <div class='ocr_carea' id='block_1_59' title="bbox 554 5545 2045 5609">
    <p class='ocr_par' dir='ltr' id='par_1_59' title="bbox 554 5545 2045 5609">
     <span class='ocr_line' id='line_1_59' title="bbox 554 5545 2045 5609; baseline -0.021 -1"><span class='ocrx_word' id='word_1_474' title='bbox 554 5545 762 5608; x_wconf 66' lang='lat' dir='ltr'><strong>timentes</strong></span> <span class='ocrx_word' id='word_1_475' title='bbox 785 5554 893 5604; x_wconf 81' lang='lat' dir='ltr'><strong>dico</strong></span> <span class='ocrx_word' id='word_1_476' title='bbox 909 5557 1115 5601; x_wconf 72' lang='lat' dir='ltr'><strong>mortuos</strong></span> <span class='ocrx_word' id='word_1_477' title='bbox 1130 5545 1332 5609; x_wconf 60' lang='lat' dir='ltr'><strong>limites.</strong></span> <span class='ocrx_word' id='word_1_478' title='bbox 2033 5562 2045 5571; x_wconf 85' lang='lat'><strong>.</strong></span> 
     </span>
    </p>
   </div>
   <div class='ocr_carea' id='block_1_60' title="bbox 616 5613 1362 5687">
    <p class='ocr_par' dir='ltr' id='par_1_60' title="bbox 616 5613 1362 5687">
     <span class='ocr_line' id='line_1_60' title="bbox 616 5613 1362 5687; baseline -0.017 -20"><span class='ocrx_word' id='word_1_479' title='bbox 616 5620 688 5687; x_wconf 71' lang='grc' dir='ltr'>(τι)</span> <span class='ocrx_word' id='word_1_480' title='bbox 709 5624 862 5687; x_wconf 70' lang='lat' dir='ltr'><strong>Forte,</strong></span> <span class='ocrx_word' id='word_1_481' title='bbox 889 5627 979 5687; x_wconf 66' lang='lat' dir='ltr'><strong>non</strong></span> <span class='ocrx_word' id='word_1_482' title='bbox 1005 5613 1362 5675; x_wconf 73' lang='lat' dir='ltr'><strong>cognoscuntur.</strong></span> 
     </span>
    </p>
   </div>
   <div class='ocr_carea' id='block_1_61' title="bbox 619 5681 1051 5735">
    <p class='ocr_par' dir='ltr' id='par_1_61' title="bbox 619 5681 1051 5735">
     <span class='ocr_line' id='line_1_61' title="bbox 619 5681 1051 5735; baseline -0.025 -4"><span class='ocrx_word' id='word_1_483' title='bbox 619 5681 688 5735; x_wconf 74' lang='grc' dir='ltr'><strong>(ι)</strong></span> <span class='ocrx_word' id='word_1_484' title='bbox 723 5684 877 5729; x_wconf 74' lang='lat' dir='ltr'><strong>Forte,</strong></span> <span class='ocrx_word' id='word_1_485' title='bbox 894 5681 1051 5723; x_wconf 63' lang='lat' dir='ltr'><strong>eluant.</strong></span> 
     </span>
    </p>
   </div>
   <div class='ocr_carea' id='block_1_62' title="bbox 1699 240 2504 301">
    <p class='ocr_par' dir='ltr' id='par_1_62' title="bbox 1699 240 2504 301">
     <span class='ocr_line' id='line_1_62' title="bbox 1699 240 2504 301; baseline -0.005 -1"><span class='ocrx_word' id='word_1_486' title='bbox 1699 245 1760 301; x_wconf 87' lang='lat' dir='ltr'><strong>S.</strong></span> <span class='ocrx_word' id='word_1_487' title='bbox 1803 240 2165 300; x_wconf 77' lang='lat' dir='ltr'><strong>AUGUSTlNl</strong></span> <span class='ocrx_word' id='word_1_488' title='bbox 2208 241 2504 298; x_wconf 81' lang='lat' dir='ltr'><strong>EPlSCOPI</strong></span> 
     </span>
    </p>
   </div>
   <div class='ocr_carea' id='block_1_63' title="bbox 3679 250 3779 305">
    <p class='ocr_par' dir='ltr' id='par_1_63' title="bbox 3679 250 3779 305">
     <span class='ocr_line' id='line_1_63' title="bbox 3679 250 3779 305; baseline 0.03 -3"><span class='ocrx_word' id='word_1_489' title='bbox 3679 250 3779 305; x_wconf 18' lang='lat' dir='ltr'><strong>ltili</strong></span> 
     </span>
    </p>
   </div>
   <div class='ocr_carea' id='block_1_64' title="bbox 2200 358 3777 431">
    <p class='ocr_par' dir='ltr' id='par_1_64' title="bbox 2200 358 3777 431">
     <span class='ocr_line' id='line_1_64' title="bbox 2200 358 3777 431; baseline 0.003 -20"><span class='ocrx_word' id='word_1_490' title='bbox 2200 358 2334 412; x_wconf 85' lang='lat' dir='ltr'><strong>Deus</strong></span> <span class='ocrx_word' id='word_1_491' title='bbox 2354 359 2378 412; x_wconf 67' lang='grc' dir='ltr'><strong><em>ἲ</em></strong></span> <span class='ocrx_word' id='word_1_492' title='bbox 2400 358 2581 413; x_wconf 83' lang='lat' dir='ltr'><strong>Nonne</strong></span> <span class='ocrx_word' id='word_1_493' title='bbox 2607 369 2655 414; x_wconf 88' lang='lat' dir='ltr'><strong>et</strong></span> <span class='ocrx_word' id='word_1_494' title='bbox 2680 359 2906 430; x_wconf 78' lang='lat' dir='ltr'><strong>pecoris,</strong></span> <span class='ocrx_word' id='word_1_495' title='bbox 2944 369 2994 413; x_wconf 90' lang='lat' dir='ltr'><strong>et</strong></span> <span class='ocrx_word' id='word_1_496' title='bbox 3019 361 3200 431; x_wconf 85' lang='lat' dir='ltr'><strong>piscis,</strong></span> <span class='ocrx_word' id='word_1_497' title='bbox 3236 372 3286 415; x_wconf 89' lang='lat' dir='ltr'><strong>et</strong></span> <span class='ocrx_word' id='word_1_498' title='bbox 3318 363 3567 427; x_wconf 74' lang='lat' dir='ltr'><strong>volatilis,</strong></span> <span class='ocrx_word' id='word_1_499' title='bbox 3600 374 3651 418; x_wconf 90' lang='lat' dir='ltr'><strong>et</strong></span> <span class='ocrx_word' id='word_1_500' title='bbox 3678 382 3777 418; x_wconf 64' lang='lat' dir='ltr'><strong>an-</strong></span> 
     </span>
    </p>
   </div>
   <div class='ocr_carea' id='block_1_65' title="bbox 2191 449 3776 519">
    <p class='ocr_par' dir='ltr' id='par_1_65' title="bbox 2191 449 3776 519">
     <span class='ocr_line' id='line_1_65' title="bbox 2191 449 3776 519; baseline 0.001 -15"><span class='ocrx_word' id='word_1_501' title='bbox 2191 449 2313 518; x_wconf 78' lang='lat' dir='ltr'><strong>geli,</strong></span> <span class='ocrx_word' id='word_1_502' title='bbox 2348 458 2402 504; x_wconf 89' lang='lat' dir='ltr'><strong>et</strong></span> <span class='ocrx_word' id='word_1_503' title='bbox 2427 451 2571 517; x_wconf 72' lang='lat' dir='ltr'><strong>cudi,</strong></span> <span class='ocrx_word' id='word_1_504' title='bbox 2602 460 2653 503; x_wconf 86' lang='lat' dir='ltr'><strong>et</strong></span> <span class='ocrx_word' id='word_1_505' title='bbox 2685 462 2859 514; x_wconf 70' lang='lat' dir='ltr'><strong>terrm,</strong></span> <span class='ocrx_word' id='word_1_506' title='bbox 2893 462 2945 505; x_wconf 87' lang='lat' dir='ltr'><strong>et</strong></span> <span class='ocrx_word' id='word_1_507' title='bbox 2970 451 3223 514; x_wconf 77' lang='lat' dir='ltr'><strong>siderum,</strong></span> <span class='ocrx_word' id='word_1_508' title='bbox 3256 462 3308 505; x_wconf 87' lang='lat' dir='ltr'><strong>et</strong></span> <span class='ocrx_word' id='word_1_509' title='bbox 3336 453 3485 519; x_wconf 88' lang='lat' dir='ltr'><strong>solis,</strong></span> <span class='ocrx_word' id='word_1_510' title='bbox 3516 461 3573 508; x_wconf 88' lang='lat' dir='ltr'><strong>et</strong></span> <span class='ocrx_word' id='word_1_511' title='bbox 3598 453 3736 507; x_wconf 65' lang='lat' dir='ltr'><strong>luunt</strong></span> <span class='ocrx_word' id='word_1_512' title='bbox 3761 495 3776 518; x_wconf 92' lang='lat'><strong>,</strong></span> 
     </span>
    </p>
   </div>
   <div class='ocr_carea' id='block_1_66' title="bbox 2194 543 3770 615">
    <p class='ocr_par' dir='ltr' id='par_1_66' title="bbox 2194 543 3770 615">
     <span class='ocr_line' id='line_1_66' title="bbox 2194 543 3770 615; baseline 0.001 -21"><span class='ocrx_word' id='word_1_513' title='bbox 2194 552 2247 595; x_wconf 85' lang='lat' dir='ltr'><strong>et</strong></span> <span class='ocrx_word' id='word_1_514' title='bbox 2274 543 2510 596; x_wconf 83' lang='lat' dir='ltr'><strong>omnium</strong></span> <span class='ocrx_word' id='word_1_515' title='bbox 2545 557 2700 611; x_wconf 84' lang='lat' dir='ltr'><strong>supra</strong></span> <span class='ocrx_word' id='word_1_516' title='bbox 2733 543 2969 612; x_wconf 78' lang='lat' dir='ltr'><strong>infraque</strong></span> <span class='ocrx_word' id='word_1_517' title='bbox 3005 543 3335 596; x_wconf 76' lang='lat' dir='ltr'><strong>Conditorutn</strong></span> <span class='ocrx_word' id='word_1_518' title='bbox 3375 553 3429 598; x_wconf 92' lang='lat' dir='ltr'><strong>et</strong></span> <span class='ocrx_word' id='word_1_519' title='bbox 3457 555 3770 615; x_wconf 84' lang='lat' dir='ltr'><strong>temperato-</strong></span> 
     </span>
    </p>
   </div>
   <div class='ocr_carea' id='block_1_67' title="bbox 2192 635 3779 703">
    <p class='ocr_par' dir='ltr' id='par_1_67' title="bbox 2192 635 3779 703">
     <span class='ocr_line' id='line_1_67' title="bbox 2192 635 3779 703; baseline 0 -15"><span class='ocrx_word' id='word_1_520' title='bbox 2192 650 2329 699; x_wconf 88' lang='lat' dir='ltr'><strong>rum,</strong></span> <span class='ocrx_word' id='word_1_521' title='bbox 2361 635 2587 689; x_wconf 85' lang='lat' dir='ltr'><strong>imorum</strong></span> <span class='ocrx_word' id='word_1_522' title='bbox 2616 643 2774 703; x_wconf 90' lang='lat' dir='ltr'><strong>atque</strong></span> <span class='ocrx_word' id='word_1_523' title='bbox 2793 650 3142 699; x_wconf 90' lang='lat' dir='ltr'><strong>summorum,</strong></span> <span class='ocrx_word' id='word_1_524' title='bbox 3172 635 3389 689; x_wconf 82' lang='lat' dir='ltr'><strong>unitatis</strong></span> <span class='ocrx_word' id='word_1_525' title='bbox 3413 636 3623 690; x_wconf 73' lang='lat' dir='ltr'><strong>vinculo</strong></span> <span class='ocrx_word' id='word_1_526' title='bbox 3647 651 3779 690; x_wconf 82' lang='lat' dir='ltr'><strong>cen-</strong></span> 
     </span>
    </p>
   </div>
   <div class='ocr_carea' id='block_1_68' title="bbox 2195 724 3777 789">
    <p class='ocr_par' dir='ltr' id='par_1_68' title="bbox 2195 724 3777 789">
     <span class='ocr_line' id='line_1_68' title="bbox 2195 724 3777 789; baseline 0.003 -13"><span class='ocrx_word' id='word_1_527' title='bbox 2195 741 2448 779; x_wconf 78' lang='lat' dir='ltr'><strong>nexnrum</strong></span> <span class='ocrx_word' id='word_1_528' title='bbox 2475 742 2489 789; x_wconf 87' lang='lat'><strong>;</strong></span> <span class='ocrx_word' id='word_1_529' title='bbox 2522 740 2699 780; x_wconf 88' lang='lat' dir='ltr'><strong>nonne</strong></span> <span class='ocrx_word' id='word_1_530' title='bbox 2729 726 2945 778; x_wconf 89' lang='lat' dir='ltr'><strong>istorum</strong></span> <span class='ocrx_word' id='word_1_531' title='bbox 2977 724 3210 778; x_wconf 74' lang='lat' dir='ltr'><strong>euntium</strong></span> <span class='ocrx_word' id='word_1_532' title='bbox 3242 725 3431 781; x_wconf 81' lang='lat' dir='ltr'><strong>artifex</strong></span> <span class='ocrx_word' id='word_1_533' title='bbox 3463 727 3636 782; x_wconf 84' lang='lat' dir='ltr'><strong>Deus?</strong></span> <span class='ocrx_word' id='word_1_534' title='bbox 3669 726 3777 781; x_wconf 79' lang='lat' dir='ltr'><strong>Sed</strong></span> 
     </span>
    </p>
   </div>
   <div class='ocr_carea' id='block_1_69' title="bbox 2195 815 3782 884">
    <p class='ocr_par' dir='ltr' id='par_1_69' title="bbox 2195 815 3782 884">
     <span class='ocr_line' id='line_1_69' title="bbox 2195 815 3782 884; baseline 0.001 -16"><span class='ocrx_word' id='word_1_535' title='bbox 2195 817 2462 871; x_wconf 87' lang='lat' dir='ltr'><strong>hominem</strong></span> <span class='ocrx_word' id='word_1_536' title='bbox 2494 815 2560 869; x_wconf 90' lang='lat' dir='ltr'><strong>ad</strong></span> <span class='ocrx_word' id='word_1_537' title='bbox 2611 816 2894 884; x_wconf 82' lang='lat' dir='ltr'><strong>imaginem</strong></span> <span class='ocrx_word' id='word_1_538' title='bbox 2938 826 2988 870; x_wconf 91' lang='lat' dir='ltr'><strong>et</strong></span> <span class='ocrx_word' id='word_1_539' title='bbox 3021 816 3417 871; x_wconf 89' lang='lat' dir='ltr'><strong>similitudinem</strong></span> <span class='ocrx_word' id='word_1_540' title='bbox 3461 832 3610 872; x_wconf 89' lang='lat' dir='ltr'><strong>suam</strong></span> <span class='ocrx_word' id='word_1_541' title='bbox 3657 817 3782 874; x_wconf 74' lang='lat' dir='ltr'><strong>fecit</strong></span> 
     </span>
    </p>
   </div>
   <div class='ocr_carea' id='block_1_70' title="bbox 2195 903 3780 977">
    <p class='ocr_par' dir='ltr' id='par_1_70' title="bbox 2195 903 3780 977">
     <span class='ocr_line' id='line_1_70' title="bbox 2195 903 3780 977; baseline 0.002 -19"><span class='ocrx_word' id='word_1_542' title='bbox 2195 905 2346 976; x_wconf 81' lang='lat' dir='ltr'><strong>(Gen.</strong></span> <span class='ocrx_word' id='word_1_543' title='bbox 2382 923 2421 970; x_wconf 90' lang='lat' dir='ltr'><strong>t,</strong></span> <span class='ocrx_word' id='word_1_544' title='bbox 2463 906 2557 969; x_wconf 64' lang='lat'><strong>26,</strong></span> <span class='ocrx_word' id='word_1_545' title='bbox 2587 903 2702 977; x_wconf 62' lang='grc' dir='ltr'><strong>Ἦ).</strong></span> <span class='ocrx_word' id='word_1_546' title='bbox 2730 905 3036 960; x_wconf 87' lang='lat' dir='ltr'><strong>Similitudo</strong></span> <span class='ocrx_word' id='word_1_547' title='bbox 3080 908 3252 976; x_wconf 85' lang='lat' dir='ltr'><strong>aliqua</strong></span> <span class='ocrx_word' id='word_1_548' title='bbox 3282 907 3477 961; x_wconf 85' lang='lat' dir='ltr'><strong>dicitur</strong></span> <span class='ocrx_word' id='word_1_549' title='bbox 3509 910 3687 971; x_wconf 82' lang='lat' dir='ltr'><strong>homo,</strong></span> <span class='ocrx_word' id='word_1_550' title='bbox 3726 917 3780 962; x_wconf 79' lang='lat' dir='ltr'><strong>et</strong></span> 
     </span>
    </p>
   </div>
   <div class='ocr_carea' id='block_1_71' title="bbox 2194 995 3780 1066">
    <p class='ocr_par' dir='ltr' id='par_1_71' title="bbox 2194 995 3780 1066">
     <span class='ocr_line' id='line_1_71' title="bbox 2194 995 3780 1066; baseline -0.001 -16"><span class='ocrx_word' id='word_1_551' title='bbox 2194 1006 2385 1065; x_wconf 88' lang='lat' dir='ltr'><strong>quanta</strong></span> <span class='ocrx_word' id='word_1_552' title='bbox 2413 996 2475 1050; x_wconf 88' lang='lat' dir='ltr'><strong>ad</strong></span> <span class='ocrx_word' id='word_1_553' title='bbox 2507 995 2799 1066; x_wconf 88' lang='lat' dir='ltr'><strong>quantum?</strong></span> <span class='ocrx_word' id='word_1_554' title='bbox 2824 996 2949 1066; x_wconf 89' lang='lat' dir='ltr'><strong>quid</strong></span> <span class='ocrx_word' id='word_1_555' title='bbox 2970 995 3034 1051; x_wconf 88' lang='lat' dir='ltr'><strong>ad</strong></span> <span class='ocrx_word' id='word_1_556' title='bbox 3066 997 3266 1066; x_wconf 82' lang='lat' dir='ltr'><strong>quem?</strong></span> <span class='ocrx_word' id='word_1_557' title='bbox 3292 998 3450 1052; x_wconf 81' lang='lat' dir='ltr'><strong>homo</strong></span> <span class='ocrx_word' id='word_1_558' title='bbox 3476 998 3539 1050; x_wconf 89' lang='lat' dir='ltr'><strong>ad</strong></span> <span class='ocrx_word' id='word_1_559' title='bbox 3572 998 3733 1052; x_wconf 84' lang='lat' dir='ltr'><strong>Deum</strong></span> <span class='ocrx_word' id='word_1_560' title='bbox 3758 996 3780 1049; x_wconf 79' lang='lat'>?</span> 
     </span>
    </p>
   </div>
   <div class='ocr_carea' id='block_1_72' title="bbox 2195 1085 3780 1157">
    <p class='ocr_par' dir='ltr' id='par_1_72' title="bbox 2195 1085 3780 1157">
     <span class='ocr_line' id='line_1_72' title="bbox 2195 1085 3780 1157; baseline 0.001 -20"><span class='ocrx_word' id='word_1_561' title='bbox 2195 1085 2330 1152; x_wconf 91' lang='lat' dir='ltr'><strong>Quid</strong></span> <span class='ocrx_word' id='word_1_562' title='bbox 2357 1095 2437 1138; x_wconf 75' lang='lat' dir='ltr'><strong>est</strong></span> <span class='ocrx_word' id='word_1_563' title='bbox 2463 1088 2643 1151; x_wconf 89' lang='lat' dir='ltr'><strong>homo,</strong></span> <span class='ocrx_word' id='word_1_564' title='bbox 2674 1087 2771 1141; x_wconf 87' lang='lat' dir='ltr'><strong>nisi</strong></span> <span class='ocrx_word' id='word_1_565' title='bbox 2800 1086 2937 1155; x_wconf 90' lang='lat' dir='ltr'><strong>quod</strong></span> <span class='ocrx_word' id='word_1_566' title='bbox 2977 1101 3182 1140; x_wconf 79' lang='lat' dir='ltr'><strong>memor</strong></span> <span class='ocrx_word' id='word_1_567' title='bbox 3213 1102 3270 1140; x_wconf 62' lang='lat' dir='ltr'><strong>es</strong></span> <span class='ocrx_word' id='word_1_568' title='bbox 3298 1087 3413 1155; x_wconf 90' lang='lat' dir='ltr'><strong>ejus</strong></span> <span class='ocrx_word' id='word_1_569' title='bbox 3445 1086 3611 1157; x_wconf 78' lang='lat' dir='ltr'><strong>(Ps-al.</strong></span> <span class='ocrx_word' id='word_1_570' title='bbox 3646 1103 3737 1140; x_wconf 77' lang='lat' dir='ltr'><strong>\‘tll</strong></span> <span class='ocrx_word' id='word_1_571' title='bbox 3766 1128 3780 1146; x_wconf 91' lang='lat'><strong>.</strong></span> 
     </span>
    </p>
   </div>
   <div class='ocr_carea' id='block_1_73' title="bbox 2197 1177 3781 1248">
    <p class='ocr_par' dir='ltr' id='par_1_73' title="bbox 2197 1177 3781 1248">
     <span class='ocr_line' id='line_1_73' title="bbox 2197 1177 3781 1248; baseline 0.001 -18"><span class='ocrx_word' id='word_1_572' title='bbox 2197 1177 2294 1247; x_wconf 82' lang='lat'><strong>5)?</strong></span> <span class='ocrx_word' id='word_1_573' title='bbox 2326 1177 2572 1231; x_wconf 80' lang='lat' dir='ltr'><strong>Dieantus</strong></span> <span class='ocrx_word' id='word_1_574' title='bbox 2593 1191 2720 1248; x_wconf 78' lang='lat' dir='ltr'><strong>ergo</strong></span> <span class='ocrx_word' id='word_1_575' title='bbox 2750 1178 2815 1232; x_wconf 89' lang='lat' dir='ltr'><strong>ad</strong></span> <span class='ocrx_word' id='word_1_576' title='bbox 2845 1178 3124 1248; x_wconf 83' lang='lat' dir='ltr'><strong>imaginem</strong></span> <span class='ocrx_word' id='word_1_577' title='bbox 3156 1188 3206 1232; x_wconf 87' lang='lat' dir='ltr'><strong>et</strong></span> <span class='ocrx_word' id='word_1_578' title='bbox 3229 1178 3627 1233; x_wconf 74' lang='lat' dir='ltr'><strong>similitudinmn</strong></span> <span class='ocrx_word' id='word_1_579' title='bbox 3661 1181 3781 1232; x_wconf 64' lang='lat' dir='ltr'><strong>lacti</strong></span> 
     </span>
    </p>
   </div>
   <div class='ocr_carea' id='block_1_74' title="bbox 2197 1268 3787 1339">
    <p class='ocr_par' dir='ltr' id='par_1_74' title="bbox 2197 1268 3787 1339">
     <span class='ocr_line' id='line_1_74' title="bbox 2197 1268 3787 1339; baseline 0.002 -18"><span class='ocrx_word' id='word_1_580' title='bbox 2197 1268 2385 1337; x_wconf 89' lang='lat' dir='ltr'><strong>ipsius,</strong></span> <span class='ocrx_word' id='word_1_581' title='bbox 2422 1271 2528 1323; x_wconf 67' lang='lat' dir='ltr'><strong>lico</strong></span> <span class='ocrx_word' id='word_1_582' title='bbox 2559 1278 2742 1323; x_wconf 83' lang='lat' dir='ltr'><strong>uestro</strong></span> <span class='ocrx_word' id='word_1_583' title='bbox 2777 1270 3035 1335; x_wconf 88' lang='lat' dir='ltr'><strong>dicamus,</strong></span> <span class='ocrx_word' id='word_1_584' title='bbox 3082 1269 3235 1334; x_wconf 82' lang='lat' dir='ltr'><strong>Deus,</strong></span> <span class='ocrx_word' id='word_1_585' title='bbox 3281 1271 3391 1339; x_wconf 81' lang='lat' dir='ltr'><strong>quis</strong></span> <span class='ocrx_word' id='word_1_586' title='bbox 3434 1271 3612 1324; x_wconf 75' lang='lat' dir='ltr'><strong>similis</strong></span> <span class='ocrx_word' id='word_1_587' title='bbox 3656 1272 3787 1324; x_wconf 82' lang='lat' dir='ltr'><strong>tibi?</strong></span> 
     </span>
    </p>
   </div>
   <div class='ocr_carea' id='block_1_75' title="bbox 2198 1361 3783 1435">
    <p class='ocr_par' dir='ltr' id='par_1_75' title="bbox 2198 1361 3783 1435">
     <span class='ocr_line' id='line_1_75' title="bbox 2198 1361 3783 1435; baseline 0.003 -22"><span class='ocrx_word' id='word_1_588' title='bbox 2198 1361 2415 1414; x_wconf 84' lang='lat' dir='ltr'><strong>Addidit</strong></span> <span class='ocrx_word' id='word_1_589' title='bbox 2440 1363 2603 1427; x_wconf 88' lang='lat' dir='ltr'><strong>enim,</strong></span> <span class='ocrx_word' id='word_1_590' title='bbox 2630 1362 2881 1416; x_wconf 79' lang='lat' dir='ltr'><strong>Memento</strong></span> <span class='ocrx_word' id='word_1_591' title='bbox 2919 1363 3036 1431; x_wconf 85' lang='lat' dir='ltr'><strong>quia</strong></span> <span class='ocrx_word' id='word_1_592' title='bbox 3075 1363 3239 1433; x_wconf 82' lang='lat' dir='ltr'><strong>pulvis</strong></span> <span class='ocrx_word' id='word_1_593' title='bbox 3276 1380 3445 1417; x_wconf 82' lang='lat' dir='ltr'><strong>smnus</strong></span> <span class='ocrx_word' id='word_1_594' title='bbox 3474 1362 3640 1435; x_wconf 80' lang='lat' dir='ltr'><strong>(Psul.</strong></span> <span class='ocrx_word' id='word_1_595' title='bbox 3671 1380 3738 1419; x_wconf 86' lang='lat' dir='ltr'><strong>cu</strong></span> <span class='ocrx_word' id='word_1_596' title='bbox 3768 1407 3783 1425; x_wconf 91' lang='lat'><strong>,</strong></span> 
     </span>
    </p>
   </div>
   <div class='ocr_carea' id='block_1_76' title="bbox 2201 1452 3784 1522">
    <p class='ocr_par' dir='ltr' id='par_1_76' title="bbox 2201 1452 3784 1522">
     <span class='ocr_line' id='line_1_76' title="bbox 2201 1452 3784 1522; baseline 0.001 -16"><span class='ocrx_word' id='word_1_597' title='bbox 2201 1452 2312 1522; x_wconf 68' lang='grc'><strong>14).</strong></span> <span class='ocrx_word' id='word_1_598' title='bbox 2344 1452 2432 1507; x_wconf 90' lang='lat' dir='ltr'><strong>Sic</strong></span> <span class='ocrx_word' id='word_1_599' title='bbox 2460 1453 2612 1522; x_wconf 78' lang='lat' dir='ltr'><strong>longe</strong></span> <span class='ocrx_word' id='word_1_600' title='bbox 2639 1466 2697 1506; x_wconf 83' lang='lat' dir='ltr'><strong>es</strong></span> <span class='ocrx_word' id='word_1_601' title='bbox 2727 1469 2756 1505; x_wconf 91' lang='lat' dir='ltr'><strong>a</strong></span> <span class='ocrx_word' id='word_1_602' title='bbox 2797 1453 3141 1507; x_wconf 87' lang='lat' dir='ltr'><strong>similitudine</strong></span> <span class='ocrx_word' id='word_1_603' title='bbox 3173 1453 3282 1507; x_wconf 89' lang='lat' dir='ltr'><strong>Dei.</strong></span> <span class='ocrx_word' id='word_1_604' title='bbox 3317 1453 3486 1508; x_wconf 86' lang='lat' dir='ltr'><strong>liomo</strong></span> <span class='ocrx_word' id='word_1_605' title='bbox 3527 1456 3689 1508; x_wconf 78' lang='lat' dir='ltr'><strong>factus</strong></span> <span class='ocrx_word' id='word_1_606' title='bbox 3717 1456 3784 1508; x_wconf 85' lang='lat' dir='ltr'><strong>ad</strong></span> 
     </span>
    </p>
   </div>
   <div class='ocr_carea' id='block_1_77' title="bbox 2199 1542 3786 1613">
    <p class='ocr_par' dir='ltr' id='par_1_77' title="bbox 2199 1542 3786 1613">
     <span class='ocr_line' id='line_1_77' title="bbox 2199 1542 3786 1613; baseline 0 -16"><span class='ocrx_word' id='word_1_607' title='bbox 2199 1542 2599 1597; x_wconf 72' lang='lat' dir='ltr'><strong>similiuulinem</strong></span> <span class='ocrx_word' id='word_1_608' title='bbox 2640 1543 2731 1597; x_wconf 86' lang='lat' dir='ltr'><strong>Dei</strong></span> <span class='ocrx_word' id='word_1_609' title='bbox 2763 1560 2775 1595; x_wconf 95' lang='lat'>:</span> <span class='ocrx_word' id='word_1_610' title='bbox 2804 1543 2896 1597; x_wconf 90' lang='lat' dir='ltr'><strong>sed</strong></span> <span class='ocrx_word' id='word_1_611' title='bbox 2937 1543 3048 1613; x_wconf 78' lang='lat' dir='ltr'><strong>ipsa</strong></span> <span class='ocrx_word' id='word_1_612' title='bbox 3075 1544 3366 1598; x_wconf 79' lang='lat' dir='ltr'><strong>similitudo</strong></span> <span class='ocrx_word' id='word_1_613' title='bbox 3395 1545 3473 1599; x_wconf 90' lang='lat' dir='ltr'><strong>sic</strong></span> <span class='ocrx_word' id='word_1_614' title='bbox 3513 1545 3691 1606; x_wconf 85' lang='lat' dir='ltr'><strong>distat,</strong></span> <span class='ocrx_word' id='word_1_615' title='bbox 3729 1558 3786 1597; x_wconf 82' lang='grc' dir='ltr'><strong>ιιι</strong></span> 
     </span>
    </p>
   </div>
   <div class='ocr_carea' id='block_1_78' title="bbox 2202 1634 3789 1700">
    <p class='ocr_par' dir='ltr' id='par_1_78' title="bbox 2202 1634 3789 1700">
     <span class='ocr_line' id='line_1_78' title="bbox 2202 1634 3789 1700; baseline -0.001 -13"><span class='ocrx_word' id='word_1_616' title='bbox 2202 1648 2318 1687; x_wconf 86' lang='lat' dir='ltr'><strong>eam</strong></span> <span class='ocrx_word' id='word_1_617' title='bbox 2342 1634 2639 1700; x_wconf 86' lang='lat' dir='ltr'><strong>comparari</strong></span> <span class='ocrx_word' id='word_1_618' title='bbox 2660 1650 2762 1687; x_wconf 88' lang='lat' dir='ltr'><strong>non</strong></span> <span class='ocrx_word' id='word_1_619' title='bbox 2796 1634 3000 1688; x_wconf 79' lang='lat' dir='ltr'><strong>deceat.</strong></span> <span class='ocrx_word' id='word_1_620' title='bbox 3025 1635 3090 1688; x_wconf 83' lang='lat' dir='ltr'><strong>Et</strong></span> <span class='ocrx_word' id='word_1_621' title='bbox 3116 1645 3288 1688; x_wconf 87' lang='lat' dir='ltr'><strong>tamen</strong></span> <span class='ocrx_word' id='word_1_622' title='bbox 3310 1649 3401 1688; x_wconf 88' lang='lat' dir='ltr'><strong>cor</strong></span> <span class='ocrx_word' id='word_1_623' title='bbox 3428 1634 3674 1695; x_wconf 87' lang='lat' dir='ltr'><strong>hominis,</strong></span> <span class='ocrx_word' id='word_1_624' title='bbox 3694 1650 3789 1688; x_wconf 56' lang='lat' dir='ltr'><strong>cur</strong></span> 
     </span>
    </p>
   </div>
   <div class='ocr_carea' id='block_1_79' title="bbox 2201 1723 3789 1793">
    <p class='ocr_par' dir='ltr' id='par_1_79' title="bbox 2201 1723 3789 1793">
     <span class='ocr_line' id='line_1_79' title="bbox 2201 1723 3789 1793; baseline -0.001 -15"><span class='ocrx_word' id='word_1_625' title='bbox 2201 1723 2496 1786; x_wconf 87' lang='lat' dir='ltr'><strong>christiani,</strong></span> <span class='ocrx_word' id='word_1_626' title='bbox 2520 1723 2608 1791; x_wconf 89' lang='lat' dir='ltr'><strong>qui</strong></span> <span class='ocrx_word' id='word_1_627' title='bbox 2632 1738 2733 1776; x_wconf 88' lang='lat' dir='ltr'><strong>non</strong></span> <span class='ocrx_word' id='word_1_628' title='bbox 2754 1732 2929 1793; x_wconf 88' lang='lat' dir='ltr'><strong>potest</strong></span> <span class='ocrx_word' id='word_1_629' title='bbox 2946 1725 3146 1787; x_wconf 88' lang='lat' dir='ltr'><strong>dicere,</strong></span> <span class='ocrx_word' id='word_1_630' title='bbox 3174 1724 3381 1777; x_wconf 84' lang='lat' dir='ltr'><strong>Homini</strong></span> <span class='ocrx_word' id='word_1_631' title='bbox 3402 1725 3535 1789; x_wconf 87' lang='lat' dir='ltr'><strong>deo;</strong></span> <span class='ocrx_word' id='word_1_632' title='bbox 3563 1724 3789 1779; x_wconf 86' lang='lat' dir='ltr'><strong>libenter</strong></span> 
     </span>
    </p>
   </div>
   <div class='ocr_carea' id='block_1_80' title="bbox 2204 1814 3788 1885">
    <p class='ocr_par' dir='ltr' id='par_1_80' title="bbox 2204 1814 3788 1885">
     <span class='ocr_line' id='line_1_80' title="bbox 2204 1814 3788 1885; baseline -0.001 -16"><span class='ocrx_word' id='word_1_633' title='bbox 2204 1815 2348 1884; x_wconf 79' lang='lat' dir='ltr'><strong>legit,</strong></span> <span class='ocrx_word' id='word_1_634' title='bbox 2382 1814 2590 1869; x_wconf 80' lang='lat' dir='ltr'><strong>Herculi</strong></span> <span class='ocrx_word' id='word_1_635' title='bbox 2626 1815 2747 1870; x_wconf 87' lang='lat' dir='ltr'><strong>deo.</strong></span> <span class='ocrx_word' id='word_1_636' title='bbox 2778 1815 2984 1869; x_wconf 88' lang='lat' dir='ltr'><strong>Titulus</strong></span> <span class='ocrx_word' id='word_1_637' title='bbox 3007 1831 3111 1869; x_wconf 86' lang='lat' dir='ltr'><strong>non</strong></span> <span class='ocrx_word' id='word_1_638' title='bbox 3141 1816 3394 1885; x_wconf 87' lang='lat' dir='ltr'><strong>loquitur,</strong></span> <span class='ocrx_word' id='word_1_639' title='bbox 3428 1817 3520 1872; x_wconf 85' lang='lat' dir='ltr'><strong>sed</strong></span> <span class='ocrx_word' id='word_1_640' title='bbox 3548 1818 3630 1872; x_wconf 86' lang='lat' dir='ltr'><strong>vel</strong></span> <span class='ocrx_word' id='word_1_641' title='bbox 3654 1817 3788 1884; x_wconf 79' lang='lat' dir='ltr'><strong>legi-</strong></span> 
     </span>
    </p>
   </div>
   <div class='ocr_carea' id='block_1_81' title="bbox 2204 1904 3790 1975">
    <p class='ocr_par' dir='ltr' id='par_1_81' title="bbox 2204 1904 3790 1975">
     <span class='ocr_line' id='line_1_81' title="bbox 2204 1904 3790 1975; baseline -0.001 -17"><span class='ocrx_word' id='word_1_642' title='bbox 2204 1913 2309 1969; x_wconf 91' lang='lat' dir='ltr'><strong>tur,</strong></span> <span class='ocrx_word' id='word_1_643' title='bbox 2343 1905 2554 1959; x_wconf 83' lang='lat' dir='ltr'><strong>Herculi</strong></span> <span class='ocrx_word' id='word_1_644' title='bbox 2594 1905 2713 1959; x_wconf 90' lang='lat' dir='ltr'><strong>deo.</strong></span> <span class='ocrx_word' id='word_1_645' title='bbox 2765 1905 2838 1960; x_wconf 90' lang='lat' dir='ltr'><strong>De</strong></span> <span class='ocrx_word' id='word_1_646' title='bbox 2865 1920 2969 1975; x_wconf 85' lang='lat' dir='ltr'><strong>quo</strong></span> <span class='ocrx_word' id='word_1_647' title='bbox 3009 1904 3209 1959; x_wconf 83' lang='lat' dir='ltr'><strong>dictum</strong></span> <span class='ocrx_word' id='word_1_648' title='bbox 3247 1906 3364 1960; x_wconf 82' lang='lat' dir='ltr'><strong>est?</strong></span> <span class='ocrx_word' id='word_1_649' title='bbox 3399 1904 3516 1975; x_wconf 80' lang='lat' dir='ltr'><strong>Ipse</strong></span> <span class='ocrx_word' id='word_1_650' title='bbox 3544 1905 3683 1960; x_wconf 89' lang='lat' dir='ltr'><strong>dicat</strong></span> <span class='ocrx_word' id='word_1_651' title='bbox 3721 1907 3790 1958; x_wconf 84' lang='lat' dir='ltr'><strong>de</strong></span> 
     </span>
    </p>
   </div>
   <div class='ocr_carea' id='block_1_82' title="bbox 2203 1995 3787 2065">
    <p class='ocr_par' dir='ltr' id='par_1_82' title="bbox 2203 1995 3787 2065">
     <span class='ocr_line' id='line_1_82' title="bbox 2203 1995 3787 2065; baseline -0.002 -17"><span class='ocrx_word' id='word_1_652' title='bbox 2203 2011 2309 2065; x_wconf 86' lang='lat' dir='ltr'><strong>quo</strong></span> <span class='ocrx_word' id='word_1_653' title='bbox 2328 1997 2546 2050; x_wconf 87' lang='lat' dir='ltr'><strong>dictum.</strong></span> <span class='ocrx_word' id='word_1_654' title='bbox 2577 1995 2872 2064; x_wconf 85' lang='lat' dir='ltr'><strong>Utrumque</strong></span> <span class='ocrx_word' id='word_1_655' title='bbox 2893 2004 3116 2062; x_wconf 87' lang='lat' dir='ltr'><strong>mutum,</strong></span> <span class='ocrx_word' id='word_1_656' title='bbox 3138 2004 3420 2064; x_wconf 90' lang='lat' dir='ltr'><strong>utrumque</strong></span> <span class='ocrx_word' id='word_1_657' title='bbox 3439 1996 3787 2049; x_wconf 88' lang='lat' dir='ltr'><strong>insensatum:</strong></span> 
     </span>
    </p>
   </div>
   <div class='ocr_carea' id='block_1_83' title="bbox 2203 2086 3794 2158">
    <p class='ocr_par' dir='ltr' id='par_1_83' title="bbox 2203 2086 3794 2158">
     <span class='ocr_line' id='line_1_83' title="bbox 2203 2086 3794 2158; baseline -0.002 -17"><span class='ocrx_word' id='word_1_658' title='bbox 2203 2102 2360 2156; x_wconf 74' lang='lat' dir='ltr'><strong>supra</strong></span> <span class='ocrx_word' id='word_1_659' title='bbox 2394 2089 2746 2147; x_wconf 77' lang='lat' dir='ltr'><strong>mendacium,</strong></span> <span class='ocrx_word' id='word_1_660' title='bbox 2778 2086 2913 2141; x_wconf 76' lang='lat' dir='ltr'><strong>infra</strong></span> <span class='ocrx_word' id='word_1_661' title='bbox 2941 2088 3267 2158; x_wconf 78' lang='lat' dir='ltr'><strong>ﬁgmentum.</strong></span> <span class='ocrx_word' id='word_1_662' title='bbox 3299 2088 3504 2142; x_wconf 86' lang='lat' dir='ltr'><strong>Titulus</strong></span> <span class='ocrx_word' id='word_1_663' title='bbox 3529 2101 3794 2142; x_wconf 83' lang='lat' dir='ltr'><strong>accusans</strong></span> 
     </span>
    </p>
   </div>
   <div class='ocr_carea' id='block_1_84' title="bbox 2205 2176 3796 2248">
    <p class='ocr_par' dir='ltr' id='par_1_84' title="bbox 2205 2176 3796 2248">
     <span class='ocr_line' id='line_1_84' title="bbox 2205 2176 3796 2248; baseline -0.003 -15"><span class='ocrx_word' id='word_1_664' title='bbox 2205 2178 2538 2248; x_wconf 86' lang='lat' dir='ltr'><strong>scriptorem,</strong></span> <span class='ocrx_word' id='word_1_665' title='bbox 2561 2178 2893 2232; x_wconf 81' lang='lat' dir='ltr'><strong>confundens</strong></span> <span class='ocrx_word' id='word_1_666' title='bbox 2911 2178 3268 2232; x_wconf 85' lang='lat' dir='ltr'><strong>adoratorem.</strong></span> <span class='ocrx_word' id='word_1_667' title='bbox 3296 2176 3504 2239; x_wconf 85' lang='lat' dir='ltr'><strong>Titulus</strong></span> <span class='ocrx_word' id='word_1_668' title='bbox 3523 2194 3626 2231; x_wconf 88' lang='lat' dir='ltr'><strong>non</strong></span> <span class='ocrx_word' id='word_1_669' title='bbox 3649 2193 3796 2231; x_wconf 82' lang='lat' dir='ltr'><strong>com-</strong></span> 
     </span>
    </p>
   </div>
   <div class='ocr_carea' id='block_1_85' title="bbox 2206 2267 3793 2337">
    <p class='ocr_par' dir='ltr' id='par_1_85' title="bbox 2206 2267 3793 2337">
     <span class='ocr_line' id='line_1_85' title="bbox 2206 2267 3793 2337; baseline -0.001 -15"><span class='ocrx_word' id='word_1_670' title='bbox 2206 2269 2464 2324; x_wconf 85' lang='lat' dir='ltr'><strong>mendans</strong></span> <span class='ocrx_word' id='word_1_671' title='bbox 2493 2267 2724 2337; x_wconf 84' lang='lat' dir='ltr'><strong>lapidem</strong></span> <span class='ocrx_word' id='word_1_672' title='bbox 2753 2267 2933 2332; x_wconf 89' lang='lat' dir='ltr'><strong>deum,</strong></span> <span class='ocrx_word' id='word_1_673' title='bbox 2962 2268 3057 2321; x_wconf 89' lang='lat' dir='ltr'><strong>sed</strong></span> <span class='ocrx_word' id='word_1_674' title='bbox 3097 2268 3332 2322; x_wconf 89' lang='lat' dir='ltr'><strong>indicans</strong></span> <span class='ocrx_word' id='word_1_675' title='bbox 3359 2267 3627 2321; x_wconf 86' lang='lat' dir='ltr'><strong>hominem</strong></span> <span class='ocrx_word' id='word_1_676' title='bbox 3656 2268 3793 2321; x_wconf 82' lang='lat' dir='ltr'><strong>stul-</strong></span> 
     </span>
    </p>
   </div>
   <div class='ocr_carea' id='block_1_86' title="bbox 2211 2358 3794 2429">
    <p class='ocr_par' dir='ltr' id='par_1_86' title="bbox 2211 2358 3794 2429">
     <span class='ocr_line' id='line_1_86' title="bbox 2211 2358 3794 2429; baseline -0.001 -14"><span class='ocrx_word' id='word_1_677' title='bbox 2211 2372 2341 2415; x_wconf 90' lang='lat' dir='ltr'><strong>tum.</strong></span> <span class='ocrx_word' id='word_1_678' title='bbox 2372 2360 2578 2413; x_wconf 86' lang='lat' dir='ltr'><strong>Titulus</strong></span> <span class='ocrx_word' id='word_1_679' title='bbox 2605 2375 2795 2413; x_wconf 89' lang='lat' dir='ltr'><strong>nomen</strong></span> <span class='ocrx_word' id='word_1_680' title='bbox 2822 2358 2906 2413; x_wconf 90' lang='lat' dir='ltr'><strong>dei</strong></span> <span class='ocrx_word' id='word_1_681' title='bbox 2926 2360 3204 2428; x_wconf 79' lang='lat' dir='ltr'><strong>imponens</strong></span> <span class='ocrx_word' id='word_1_682' title='bbox 3232 2359 3501 2429; x_wconf 79' lang='lat' dir='ltr'><strong>ﬁgmento,</strong></span> <span class='ocrx_word' id='word_1_683' title='bbox 3521 2366 3572 2412; x_wconf 90' lang='lat' dir='ltr'><strong>et</strong></span> <span class='ocrx_word' id='word_1_684' title='bbox 3600 2374 3794 2413; x_wconf 79' lang='lat' dir='ltr'><strong>nomen</strong></span> 
     </span>
    </p>
   </div>
   <div class='ocr_carea' id='block_1_87' title="bbox 2209 2449 3791 2522">
    <p class='ocr_par' dir='ltr' id='par_1_87' title="bbox 2209 2449 3791 2522">
     <span class='ocr_line' id='line_1_87' title="bbox 2209 2449 3791 2522; baseline 0 -18"><span class='ocrx_word' id='word_1_685' title='bbox 2209 2452 2427 2505; x_wconf 87' lang='lat' dir='ltr'><strong>cultoris</strong></span> <span class='ocrx_word' id='word_1_686' title='bbox 2465 2451 2647 2506; x_wconf 81' lang='lat' dir='ltr'><strong>dolens</strong></span> <span class='ocrx_word' id='word_1_687' title='bbox 2673 2450 2741 2522; x_wconf 75' lang='lat' dir='ltr'><strong>de</strong></span> <span class='ocrx_word' id='word_1_688' title='bbox 2770 2450 2906 2504; x_wconf 83' lang='lat' dir='ltr'><strong>libro</strong></span> <span class='ocrx_word' id='word_1_689' title='bbox 2938 2451 3244 2503; x_wconf 73' lang='lat' dir='ltr'><strong>viventium.</strong></span> <span class='ocrx_word' id='word_1_690' title='bbox 3276 2449 3441 2517; x_wconf 88' lang='lat' dir='ltr'><strong>Quam</strong></span> <span class='ocrx_word' id='word_1_691' title='bbox 3481 2450 3791 2520; x_wconf 82' lang='lat' dir='ltr'><strong>particulam</strong></span> 
     </span>
    </p>
   </div>
   <div class='ocr_carea' id='block_1_88' title="bbox 2211 2536 2901 2595">
    <p class='ocr_par' dir='ltr' id='par_1_88' title="bbox 2211 2536 2901 2595">
     <span class='ocr_line' id='line_1_88' title="bbox 2211 2536 2901 2595; baseline -0.003 -1"><span class='ocrx_word' id='word_1_692' title='bbox 2211 2557 2399 2595; x_wconf 57' lang='lat' dir='ltr'><strong>scmus</strong></span> <span class='ocrx_word' id='word_1_693' title='bbox 2428 2543 2477 2593; x_wconf 88' lang='lat' dir='ltr'><strong>in</strong></span> <span class='ocrx_word' id='word_1_694' title='bbox 2504 2556 2561 2594; x_wconf 90' lang='lat' dir='ltr'><strong>se</strong></span> <span class='ocrx_word' id='word_1_695' title='bbox 2588 2541 2793 2595; x_wconf 78' lang='lat' dir='ltr'><strong>sentit?</strong></span> <span class='ocrx_word' id='word_1_696' title='bbox 2888 2536 2901 2543; x_wconf 73' lang='grc'><em>’</em></span> 
     </span>
    </p>
   </div>
   <div class='ocr_carea' id='block_1_89' title="bbox 2284 2632 3799 2699">
    <p class='ocr_par' dir='ltr' id='par_1_89' title="bbox 2284 2632 3799 2699">
     <span class='ocr_line' id='line_1_89' title="bbox 2284 2632 3799 2699; baseline -0.003 -13"><span class='ocrx_word' id='word_1_697' title='bbox 2284 2634 2335 2686; x_wconf 66' lang='grc'><strong>4.</strong></span> <span class='ocrx_word' id='word_1_698' title='bbox 2383 2632 2647 2698; x_wconf 77' lang='lat' dir='ltr'><strong>Quomodo</strong></span> <span class='ocrx_word' id='word_1_699' title='bbox 2707 2632 2890 2698; x_wconf 73' lang='lat' dir='ltr'><strong>petitur</strong></span> <span class='ocrx_word' id='word_1_700' title='bbox 2937 2641 2990 2682; x_wconf 85' lang='lat' dir='ltr'><strong>ut</strong></span> <span class='ocrx_word' id='word_1_701' title='bbox 3036 2647 3097 2683; x_wconf 74' lang='lat' dir='ltr'><strong>ne</strong></span> <span class='ocrx_word' id='word_1_702' title='bbox 3135 2640 3321 2693; x_wconf 79' lang='lat' dir='ltr'><strong>taceat,</strong></span> <span class='ocrx_word' id='word_1_703' title='bbox 3374 2647 3527 2699; x_wconf 67' lang='lat' dir='ltr'><strong>neque</strong></span> <span class='ocrx_word' id='word_1_704' title='bbox 3572 2632 3799 2684; x_wconf 82' lang='lat' dir='ltr'><strong>mitescat</strong></span> 
     </span>
    </p>
   </div>
   <div class='ocr_carea' id='block_1_90' title="bbox 2217 2720 3799 2791">
    <p class='ocr_par' dir='ltr' id='par_1_90' title="bbox 2217 2720 3799 2791">
     <span class='ocr_line' id='line_1_90' title="bbox 2217 2720 3799 2791; baseline 0 -19"><span class='ocrx_word' id='word_1_705' title='bbox 2217 2721 2367 2775; x_wconf 70' lang='lat' dir='ltr'><strong>Deus.</strong></span> <span class='ocrx_word' id='word_1_706' title='bbox 2409 2721 2540 2789; x_wconf 83' lang='lat' dir='ltr'><strong>Quia</strong></span> <span class='ocrx_word' id='word_1_707' title='bbox 2588 2730 2760 2774; x_wconf 84' lang='lat' dir='ltr'><strong>tamen</strong></span> <span class='ocrx_word' id='word_1_708' title='bbox 2794 2730 2981 2788; x_wconf 87' lang='lat' dir='ltr'><strong>potens</strong></span> <span class='ocrx_word' id='word_1_709' title='bbox 3004 2720 3250 2774; x_wconf 80' lang='lat' dir='ltr'><strong>estDeus</strong></span> <span class='ocrx_word' id='word_1_710' title='bbox 3291 2720 3355 2774; x_wconf 91' lang='lat' dir='ltr'><strong>de</strong></span> <span class='ocrx_word' id='word_1_711' title='bbox 3382 2721 3642 2791; x_wconf 88' lang='lat' dir='ltr'><strong>lapidibus</strong></span> <span class='ocrx_word' id='word_1_712' title='bbox 3681 2722 3799 2775; x_wconf 72' lang='lat' dir='ltr'><strong>istis</strong></span> 
     </span>
    </p>
   </div>
   <div class='ocr_carea' id='block_1_91' title="bbox 2213 2809 3798 2880">
    <p class='ocr_par' dir='ltr' id='par_1_91' title="bbox 2213 2809 3798 2880">
     <span class='ocr_line' id='line_1_91' title="bbox 2213 2809 3798 2880; baseline -0.002 -16"><span class='ocrx_word' id='word_1_713' title='bbox 2213 2813 2454 2865; x_wconf 70' lang='lat' dir='ltr'><strong>excitare</strong></span> <span class='ocrx_word' id='word_1_714' title='bbox 2499 2810 2637 2864; x_wconf 79' lang='lat' dir='ltr'><strong>ﬁlios</strong></span> <span class='ocrx_word' id='word_1_715' title='bbox 2680 2809 2970 2874; x_wconf 51' lang='lat' dir='ltr'><strong>Abraham,</strong></span> <span class='ocrx_word' id='word_1_716' title='bbox 3023 2810 3255 2863; x_wconf 90' lang='lat' dir='ltr'><strong>attendat</strong></span> <span class='ocrx_word' id='word_1_717' title='bbox 3304 2810 3372 2862; x_wconf 86' lang='lat' dir='ltr'><strong>ibi</strong></span> <span class='ocrx_word' id='word_1_718' title='bbox 3413 2810 3553 2880; x_wconf 87' lang='lat' dir='ltr'><strong>quod</strong></span> <span class='ocrx_word' id='word_1_719' title='bbox 3595 2810 3717 2864; x_wconf 81' lang='lat' dir='ltr'><strong>fecit</strong></span> <span class='ocrx_word' id='word_1_720' title='bbox 3745 2810 3798 2862; x_wconf 90' lang='lat' dir='ltr'><strong>in</strong></span> 
     </span>
    </p>
   </div>
   <div class='ocr_carea' id='block_1_92' title="bbox 2216 2899 3801 2971">
    <p class='ocr_par' dir='ltr' id='par_1_92' title="bbox 2216 2899 3801 2971">
     <span class='ocr_line' id='line_1_92' title="bbox 2216 2899 3801 2971; baseline -0.003 -15"><span class='ocrx_word' id='word_1_721' title='bbox 2216 2904 2446 2956; x_wconf 81' lang='lat' dir='ltr'><strong>homine.</strong></span> <span class='ocrx_word' id='word_1_722' title='bbox 2486 2902 2610 2970; x_wconf 62' lang='lat' dir='ltr'><strong>«ipse</strong></span> <span class='ocrx_word' id='word_1_723' title='bbox 2643 2902 2799 2964; x_wconf 66' lang='grc' dir='ltr'><strong>Ιὶιειιε,</strong></span> <span class='ocrx_word' id='word_1_724' title='bbox 2849 2901 2933 2953; x_wconf 89' lang='lat' dir='ltr'><strong>cui</strong></span> <span class='ocrx_word' id='word_1_725' title='bbox 2982 2900 3232 2965; x_wconf 77' lang='lat' dir='ltr'><strong>diximus,</strong></span> <span class='ocrx_word' id='word_1_726' title='bbox 3280 2899 3436 2961; x_wconf 83' lang='lat' dir='ltr'><strong>Deus,</strong></span> <span class='ocrx_word' id='word_1_727' title='bbox 3468 2900 3579 2971; x_wconf 85' lang='lat' dir='ltr'><strong>quis</strong></span> <span class='ocrx_word' id='word_1_728' title='bbox 3617 2899 3801 2953; x_wconf 84' lang='lat' dir='ltr'><strong>similis</strong></span> 
     </span>
    </p>
   </div>
   <div class='ocr_carea' id='block_1_93' title="bbox 2213 2988 3799 3059">
    <p class='ocr_par' dir='ltr' id='par_1_93' title="bbox 2213 2988 3799 3059">
     <span class='ocr_line' id='line_1_93' title="bbox 2213 2988 3799 3059; baseline 0.001 -16"><span class='ocrx_word' id='word_1_729' title='bbox 2213 2993 2340 3047; x_wconf 69' lang='lat' dir='ltr'><strong>tibi!</strong></span> <span class='ocrx_word' id='word_1_730' title='bbox 2365 2991 2601 3045; x_wconf 85' lang='lat' dir='ltr'><strong>attendat</strong></span> <span class='ocrx_word' id='word_1_731' title='bbox 2637 2991 2689 3042; x_wconf 89' lang='lat' dir='ltr'><strong>in</strong></span> <span class='ocrx_word' id='word_1_732' title='bbox 2714 2991 2928 3043; x_wconf 83' lang='lat' dir='ltr'><strong>homine</strong></span> <span class='ocrx_word' id='word_1_733' title='bbox 2957 2990 3072 3059; x_wconf 86' lang='lat' dir='ltr'><strong>ipso</strong></span> <span class='ocrx_word' id='word_1_734' title='bbox 3099 2989 3238 3058; x_wconf 90' lang='lat' dir='ltr'><strong>quod</strong></span> <span class='ocrx_word' id='word_1_735' title='bbox 3271 2988 3414 3051; x_wconf 80' lang='lat' dir='ltr'><strong>fecit,</strong></span> <span class='ocrx_word' id='word_1_736' title='bbox 3442 2989 3617 3044; x_wconf 87' lang='lat' dir='ltr'><strong>deleat</strong></span> <span class='ocrx_word' id='word_1_737' title='bbox 3656 2992 3799 3059; x_wconf 84' lang='lat' dir='ltr'><strong>quod</strong></span> 
     </span>
    </p>
   </div>
   <div class='ocr_carea' id='block_1_94' title="bbox 2214 3081 3798 3152">
    <p class='ocr_par' dir='ltr' id='par_1_94' title="bbox 2214 3081 3798 3152">
     <span class='ocr_line' id='line_1_94' title="bbox 2214 3081 3798 3152; baseline -0.001 -16"><span class='ocrx_word' id='word_1_738' title='bbox 2214 3085 2281 3137; x_wconf 87' lang='lat' dir='ltr'><strong>ab</strong></span> <span class='ocrx_word' id='word_1_739' title='bbox 2311 3084 2425 3152; x_wconf 85' lang='lat' dir='ltr'><strong>ipso</strong></span> <span class='ocrx_word' id='word_1_740' title='bbox 2461 3082 2673 3135; x_wconf 85' lang='lat' dir='ltr'><strong>homine</strong></span> <span class='ocrx_word' id='word_1_741' title='bbox 2700 3081 2890 3135; x_wconf 76' lang='lat' dir='ltr'><strong>factum</strong></span> <span class='ocrx_word' id='word_1_742' title='bbox 2918 3089 2999 3135; x_wconf 70' lang='lat' dir='ltr'><strong>est</strong></span> <span class='ocrx_word' id='word_1_743' title='bbox 3023 3092 3205 3134; x_wconf 86' lang='lat' dir='ltr'><strong>contra</strong></span> <span class='ocrx_word' id='word_1_744' title='bbox 3236 3097 3379 3144; x_wconf 85' lang='lat' dir='ltr'><strong>eum,</strong></span> <span class='ocrx_word' id='word_1_745' title='bbox 3410 3082 3496 3149; x_wconf 88' lang='lat' dir='ltr'><strong>qui</strong></span> <span class='ocrx_word' id='word_1_746' title='bbox 3531 3082 3798 3135; x_wconf 81' lang='lat' dir='ltr'><strong>hominem</strong></span> 
     </span>
    </p>
   </div>
   <div class='ocr_carea' id='block_1_95' title="bbox 2218 3169 3798 3235">
    <p class='ocr_par' dir='ltr' id='par_1_95' title="bbox 2218 3169 3798 3235">
     <span class='ocr_line' id='line_1_95' title="bbox 2218 3169 3798 3235; baseline -0.003 -7"><span class='ocrx_word' id='word_1_747' title='bbox 2218 3177 2360 3229; x_wconf 88' lang='lat' dir='ltr'><strong>lecit.</strong></span> <span class='ocrx_word' id='word_1_748' title='bbox 2396 3174 2660 3228; x_wconf 77' lang='lat' dir='ltr'><strong>Percutiat</strong></span> <span class='ocrx_word' id='word_1_749' title='bbox 2680 3182 2735 3227; x_wconf 90' lang='lat' dir='ltr'><strong>et</strong></span> <span class='ocrx_word' id='word_1_750' title='bbox 2758 3180 2929 3235; x_wconf 82' lang='lat' dir='ltr'><strong>sanet,</strong></span> <span class='ocrx_word' id='word_1_751' title='bbox 2948 3171 3155 3226; x_wconf 85' lang='lat' dir='ltr'><strong>occidat</strong></span> <span class='ocrx_word' id='word_1_752' title='bbox 3177 3180 3232 3225; x_wconf 89' lang='lat' dir='ltr'><strong>et</strong></span> <span class='ocrx_word' id='word_1_753' title='bbox 3257 3170 3504 3225; x_wconf 76' lang='lat' dir='ltr'><strong>viviﬁeel.</strong></span> <span class='ocrx_word' id='word_1_754' title='bbox 3530 3169 3627 3224; x_wconf 85' lang='lat' dir='ltr'><strong>Cui</strong></span> <span class='ocrx_word' id='word_1_755' title='bbox 3656 3171 3798 3223; x_wconf 72' lang='lat' dir='ltr'><strong>enim</strong></span> 
     </span>
    </p>
   </div>
   <div class='ocr_carea' id='block_1_96' title="bbox 2215 3261 3804 3333">
    <p class='ocr_par' dir='ltr' id='par_1_96' title="bbox 2215 3261 3804 3333">
     <span class='ocr_line' id='line_1_96' title="bbox 2215 3261 3804 3333; baseline -0.006 -12"><span class='ocrx_word' id='word_1_756' title='bbox 2215 3268 2368 3328; x_wconf 85' lang='lat' dir='ltr'><strong>dixit,</strong></span> <span class='ocrx_word' id='word_1_757' title='bbox 2397 3265 2628 3331; x_wconf 70' lang='lat' dir='ltr'><strong>Domine,</strong></span> <span class='ocrx_word' id='word_1_758' title='bbox 2651 3265 2760 3333; x_wconf 78' lang='lat' dir='ltr'><strong>quis</strong></span> <span class='ocrx_word' id='word_1_759' title='bbox 2780 3263 2961 3316; x_wconf 79' lang='lat' dir='ltr'><strong>similis</strong></span> <span class='ocrx_word' id='word_1_760' title='bbox 2983 3263 3100 3327; x_wconf 75' lang='lat' dir='ltr'><strong>tibi,</strong></span> <span class='ocrx_word' id='word_1_761' title='bbox 3125 3262 3174 3315; x_wconf 91' lang='lat' dir='ltr'><strong>ei</strong></span> <span class='ocrx_word' id='word_1_762' title='bbox 3200 3271 3588 3330; x_wconf 73' lang='lat' dir='ltr'><strong>consequenter</strong></span> <span class='ocrx_word' id='word_1_763' title='bbox 3608 3261 3804 3326; x_wconf 82' lang='lat' dir='ltr'><strong>adjun-</strong></span> 
     </span>
    </p>
   </div>
   <div class='ocr_carea' id='block_1_97' title="bbox 2219 3350 3799 3423">
    <p class='ocr_par' dir='ltr' id='par_1_97' title="bbox 2219 3350 3799 3423">
     <span class='ocr_line' id='line_1_97' title="bbox 2219 3350 3799 3423; baseline -0.004 -13"><span class='ocrx_word' id='word_1_764' title='bbox 2219 3359 2312 3419; x_wconf 76' lang='lat' dir='ltr'><strong>xit,</strong></span> <span class='ocrx_word' id='word_1_765' title='bbox 2361 3354 2442 3408; x_wconf 80' lang='lat' dir='ltr'><strong>Ne</strong></span> <span class='ocrx_word' id='word_1_766' title='bbox 2470 3366 2652 3415; x_wconf 72' lang='lat' dir='ltr'><strong>taceas,</strong></span> <span class='ocrx_word' id='word_1_767' title='bbox 2699 3369 2856 3423; x_wconf 85' lang='lat' dir='ltr'><strong>neque</strong></span> <span class='ocrx_word' id='word_1_768' title='bbox 2888 3354 3136 3416; x_wconf 84' lang='lat' dir='ltr'><strong>mitescas,</strong></span> <span class='ocrx_word' id='word_1_769' title='bbox 3171 3350 3325 3405; x_wconf 76' lang='lat' dir='ltr'><strong>Deus.</strong></span> <span class='ocrx_word' id='word_1_770' title='bbox 3374 3351 3511 3419; x_wconf 83' lang='lat' dir='ltr'><strong>Quid</strong></span> <span class='ocrx_word' id='word_1_771' title='bbox 3540 3352 3708 3405; x_wconf 74' lang='lat' dir='ltr'><strong>Vero?</strong></span> <span class='ocrx_word' id='word_1_772' title='bbox 3742 3351 3799 3403; x_wconf 83' lang='lat' dir='ltr'><strong>lu</strong></span> 
     </span>
    </p>
   </div>
   <div class='ocr_carea' id='block_1_98' title="bbox 2221 3442 3800 3510">
    <p class='ocr_par' dir='ltr' id='par_1_98' title="bbox 2221 3442 3800 3510">
     <span class='ocr_line' id='line_1_98' title="bbox 2221 3442 3800 3510; baseline -0.006 -9"><span class='ocrx_word' id='word_1_773' title='bbox 2221 3450 2320 3501; x_wconf 61' lang='lat' dir='ltr'><strong>isto</strong></span> <span class='ocrx_word' id='word_1_774' title='bbox 2359 3446 2588 3507; x_wconf 83' lang='lat' dir='ltr'><strong>cantico,</strong></span> <span class='ocrx_word' id='word_1_775' title='bbox 2636 3446 2825 3498; x_wconf 83' lang='lat' dir='ltr'><strong>fratres</strong></span> <span class='ocrx_word' id='word_1_776' title='bbox 2870 3443 2994 3508; x_wconf 86' lang='lat' dir='ltr'><strong>mei,</strong></span> <span class='ocrx_word' id='word_1_777' title='bbox 3025 3442 3089 3496; x_wconf 91' lang='lat' dir='ltr'><strong>ad</strong></span> <span class='ocrx_word' id='word_1_778' title='bbox 3123 3442 3447 3496; x_wconf 80' lang='lat' dir='ltr'><strong>iracundiam</strong></span> <span class='ocrx_word' id='word_1_779' title='bbox 3477 3442 3640 3497; x_wconf 78' lang='lat' dir='ltr'><strong>Deum</strong></span> <span class='ocrx_word' id='word_1_780' title='bbox 3672 3454 3800 3510; x_wconf 72' lang='lat' dir='ltr'><strong>pro-</strong></span> 
     </span>
    </p>
   </div>
   <div class='ocr_carea' id='block_1_99' title="bbox 2221 3532 3798 3601">
    <p class='ocr_par' dir='ltr' id='par_1_99' title="bbox 2221 3532 3798 3601">
     <span class='ocr_line' id='line_1_99' title="bbox 2221 3532 3798 3601; baseline -0.002 -12"><span class='ocrx_word' id='word_1_781' title='bbox 2221 3537 2545 3599; x_wconf 73' lang='lat' dir='ltr'><strong>mravimus,</strong></span> <span class='ocrx_word' id='word_1_782' title='bbox 2581 3536 2665 3588; x_wconf 80' lang='lat' dir='ltr'><strong>cui</strong></span> <span class='ocrx_word' id='word_1_783' title='bbox 2713 3533 2964 3597; x_wconf 70' lang='lat' dir='ltr'><strong>diximus,</strong></span> <span class='ocrx_word' id='word_1_784' title='bbox 3012 3532 3096 3585; x_wconf 81' lang='lat' dir='ltr'><strong>Ne</strong></span> <span class='ocrx_word' id='word_1_785' title='bbox 3138 3533 3308 3596; x_wconf 77' lang='lat' dir='ltr'><strong>sileas,</strong></span> <span class='ocrx_word' id='word_1_786' title='bbox 3350 3549 3510 3601; x_wconf 80' lang='lat' dir='ltr'><strong>neque</strong></span> <span class='ocrx_word' id='word_1_787' title='bbox 3550 3534 3798 3597; x_wconf 78' lang='lat' dir='ltr'><strong>milesrus,</strong></span> 
     </span>
    </p>
   </div>
   <div class='ocr_carea' id='block_1_100' title="bbox 2223 3624 3802 3697">
    <p class='ocr_par' dir='ltr' id='par_1_100' title="bbox 2223 3624 3802 3697">
     <span class='ocr_line' id='line_1_100' title="bbox 2223 3624 3802 3697; baseline -0.005 -14"><span class='ocrx_word' id='word_1_788' title='bbox 2223 3629 2401 3683; x_wconf 63' lang='lat' dir='ltr'><strong>Deus?</strong></span> <span class='ocrx_word' id='word_1_789' title='bbox 2424 3628 2625 3697; x_wconf 83' lang='lat' dir='ltr'><strong>Nempe</strong></span> <span class='ocrx_word' id='word_1_790' title='bbox 2654 3636 2745 3680; x_wconf 86' lang='lat' dir='ltr'><strong>aut</strong></span> <span class='ocrx_word' id='word_1_791' title='bbox 2781 3627 2868 3681; x_wconf 89' lang='lat' dir='ltr'><strong>ille</strong></span> <span class='ocrx_word' id='word_1_792' title='bbox 2896 3626 2984 3695; x_wconf 85' lang='lat' dir='ltr'><strong>qui</strong></span> <span class='ocrx_word' id='word_1_793' title='bbox 3013 3625 3176 3687; x_wconf 87' lang='lat' dir='ltr'><strong>misit,</strong></span> <span class='ocrx_word' id='word_1_794' title='bbox 3208 3633 3298 3678; x_wconf 89' lang='lat' dir='ltr'><strong>aut</strong></span> <span class='ocrx_word' id='word_1_795' title='bbox 3326 3624 3413 3678; x_wconf 89' lang='lat' dir='ltr'><strong>ille</strong></span> <span class='ocrx_word' id='word_1_796' title='bbox 3452 3626 3564 3693; x_wconf 88' lang='lat' dir='ltr'><strong>ipse</strong></span> <span class='ocrx_word' id='word_1_797' title='bbox 3589 3626 3675 3692; x_wconf 83' lang='lat' dir='ltr'><strong>qui</strong></span> <span class='ocrx_word' id='word_1_798' title='bbox 3710 3641 3802 3676; x_wconf 67' lang='grc' dir='ltr'><strong>γυ-</strong></span> 
     </span>
    </p>
   </div>
   <div class='ocr_carea' id='block_1_101' title="bbox 2221 3700 3803 3786">
    <p class='ocr_par' dir='ltr' id='par_1_101' title="bbox 2221 3700 3803 3786">
     <span class='ocr_line' id='line_1_101' title="bbox 2221 3700 3803 3786; baseline -0.008 -11"><span class='ocrx_word' id='word_1_799' title='bbox 2221 3724 2319 3786; x_wconf 88' lang='lat' dir='ltr'><strong>nit,</strong></span> <span class='ocrx_word' id='word_1_800' title='bbox 2346 3700 2406 3774; x_wconf 85' lang='lat' dir='ltr'><strong>et</strong></span> <span class='ocrx_word' id='word_1_801' title='bbox 2426 3722 2519 3784; x_wconf 90' lang='lat' dir='ltr'><strong>ait,</strong></span> <span class='ocrx_word' id='word_1_802' title='bbox 2552 3718 2739 3771; x_wconf 81' lang='lat' dir='ltr'><strong>Discite</strong></span> <span class='ocrx_word' id='word_1_803' title='bbox 2759 3734 2789 3769; x_wconf 89' lang='lat' dir='ltr'><strong>a</strong></span> <span class='ocrx_word' id='word_1_804' title='bbox 2814 3732 2892 3770; x_wconf 82' lang='lat' dir='ltr'><strong>me</strong></span> <span class='ocrx_word' id='word_1_805' title='bbox 2923 3718 3042 3785; x_wconf 78' lang='lat' dir='ltr'><strong>quia</strong></span> <span class='ocrx_word' id='word_1_806' title='bbox 3069 3718 3199 3770; x_wconf 82' lang='lat' dir='ltr'><strong>mitis</strong></span> <span class='ocrx_word' id='word_1_807' title='bbox 3226 3732 3335 3769; x_wconf 82' lang='lat' dir='ltr'><strong>sum</strong></span> <span class='ocrx_word' id='word_1_808' title='bbox 3358 3726 3404 3767; x_wconf 66' lang='lat' dir='ltr'><strong>et</strong></span> <span class='ocrx_word' id='word_1_809' title='bbox 3430 3716 3631 3769; x_wconf 83' lang='lat' dir='ltr'><strong>Immitis</strong></span> <span class='ocrx_word' id='word_1_810' title='bbox 3652 3716 3803 3768; x_wconf 58' lang='lat' dir='ltr'><strong>corde</strong></span> 
     </span>
    </p>
   </div>
   <div class='ocr_carea' id='block_1_102' title="bbox 2224 3806 3800 3882">
    <p class='ocr_par' dir='ltr' id='par_1_102' title="bbox 2224 3806 3800 3882">
     <span class='ocr_line' id='line_1_102' title="bbox 2224 3806 3800 3882; baseline -0.003 -19"><span class='ocrx_word' id='word_1_811' title='bbox 2224 3814 2434 3882; x_wconf 72' lang='lat' dir='ltr'><strong>(.llutth.</strong></span> <span class='ocrx_word' id='word_1_812' title='bbox 2487 3828 2564 3877; x_wconf 75' lang='lat' dir='ltr'><strong>XI,</strong></span> <span class='ocrx_word' id='word_1_813' title='bbox 2615 3811 2731 3881; x_wconf 77' lang='grc'><strong>9-9).</strong></span> <span class='ocrx_word' id='word_1_814' title='bbox 2778 3809 2916 3863; x_wconf 79' lang='lat' dir='ltr'><strong>Mitis</strong></span> <span class='ocrx_word' id='word_1_815' title='bbox 2956 3819 3006 3863; x_wconf 81' lang='lat' dir='ltr'><strong>et</strong></span> <span class='ocrx_word' id='word_1_816' title='bbox 3058 3809 3271 3861; x_wconf 85' lang='lat' dir='ltr'><strong>humilis</strong></span> <span class='ocrx_word' id='word_1_817' title='bbox 3314 3807 3474 3862; x_wconf 84' lang='lat' dir='ltr'><strong>corde</strong></span> <span class='ocrx_word' id='word_1_818' title='bbox 3515 3806 3677 3862; x_wconf 89' lang='lat' dir='ltr'><strong>Filius</strong></span> <span class='ocrx_word' id='word_1_819' title='bbox 3709 3808 3800 3860; x_wconf 71' lang='lat' dir='ltr'><strong>Dei</strong></span> 
     </span>
    </p>
   </div>
   <div class='ocr_carea' id='block_1_103' title="bbox 2223 3898 3802 3971">
    <p class='ocr_par' dir='ltr' id='par_1_103' title="bbox 2223 3898 3802 3971">
     <span class='ocr_line' id='line_1_103' title="bbox 2223 3898 3802 3971; baseline -0.006 -11"><span class='ocrx_word' id='word_1_820' title='bbox 2223 3906 2486 3960; x_wconf 74' lang='lat' dir='ltr'><strong>(ihrislus.</strong></span> <span class='ocrx_word' id='word_1_821' title='bbox 2514 3903 2649 3970; x_wconf 82' lang='lat' dir='ltr'><strong>Quid</strong></span> <span class='ocrx_word' id='word_1_822' title='bbox 2677 3901 2838 3971; x_wconf 78' lang='lat' dir='ltr'><strong>ergo?</strong></span> <span class='ocrx_word' id='word_1_823' title='bbox 2870 3902 2962 3955; x_wconf 86' lang='lat' dir='ltr'><strong>ille</strong></span> <span class='ocrx_word' id='word_1_824' title='bbox 2987 3900 3138 3964; x_wconf 68' lang='lat' dir='ltr'><strong>dixit,</strong></span> <span class='ocrx_word' id='word_1_825' title='bbox 3177 3900 3362 3953; x_wconf 80' lang='lat' dir='ltr'><strong>Discite</strong></span> <span class='ocrx_word' id='word_1_826' title='bbox 3392 3915 3423 3951; x_wconf 79' lang='grc' dir='ltr'>(ι</span> <span class='ocrx_word' id='word_1_827' title='bbox 3453 3916 3529 3952; x_wconf 84' lang='lat' dir='ltr'><strong>me</strong></span> <span class='ocrx_word' id='word_1_828' title='bbox 3556 3898 3673 3968; x_wconf 84' lang='lat' dir='ltr'><strong>quia</strong></span> <span class='ocrx_word' id='word_1_829' title='bbox 3709 3902 3802 3950; x_wconf 84' lang='lat' dir='ltr'><strong>mi-</strong></span> 
     </span>
    </p>
   </div>
   <div class='ocr_carea' id='block_1_104' title="bbox 2226 3988 3798 4053">
    <p class='ocr_par' dir='ltr' id='par_1_104' title="bbox 2226 3988 3798 4053">
     <span class='ocr_line' id='line_1_104' title="bbox 2226 3988 3798 4053; baseline -0.006 -4"><span class='ocrx_word' id='word_1_830' title='bbox 2226 4000 2287 4049; x_wconf 69' lang='lat' dir='ltr'><strong>(is</strong></span> <span class='ocrx_word' id='word_1_831' title='bbox 2313 4014 2421 4050; x_wconf 85' lang='lat' dir='ltr'><strong>sum</strong></span> <span class='ocrx_word' id='word_1_832' title='bbox 2445 4006 2489 4048; x_wconf 76' lang='lat' dir='ltr'><strong>rt</strong></span> <span class='ocrx_word' id='word_1_833' title='bbox 2512 3994 2715 4047; x_wconf 81' lang='lat' dir='ltr'><strong>Itmuilis</strong></span> <span class='ocrx_word' id='word_1_834' title='bbox 2740 3993 2887 4046; x_wconf 84' lang='lat' dir='ltr'><strong>corde</strong></span> <span class='ocrx_word' id='word_1_835' title='bbox 2908 4009 2926 4046; x_wconf 90' lang='lat'><em>:</em></span> <span class='ocrx_word' id='word_1_836' title='bbox 2950 4002 3002 4047; x_wconf 87' lang='lat' dir='ltr'><strong>et</strong></span> <span class='ocrx_word' id='word_1_837' title='bbox 3042 4007 3140 4045; x_wconf 86' lang='lat' dir='ltr'><strong>nos</strong></span> <span class='ocrx_word' id='word_1_838' title='bbox 3160 3992 3206 4044; x_wconf 87' lang='lat' dir='ltr'><strong>ei</strong></span> <span class='ocrx_word' id='word_1_839' title='bbox 3234 3991 3482 4053; x_wconf 80' lang='lat' dir='ltr'><strong>diximus,</strong></span> <span class='ocrx_word' id='word_1_840' title='bbox 3514 3988 3595 4043; x_wconf 81' lang='lat' dir='ltr'><strong>Ne</strong></span> <span class='ocrx_word' id='word_1_841' title='bbox 3615 3999 3798 4051; x_wconf 74' lang='lat' dir='ltr'><strong>taceas,</strong></span> 
     </span>
    </p>
   </div>
   <div class='ocr_carea' id='block_1_105' title="bbox 2226 4082 3799 4156">
    <p class='ocr_par' dir='ltr' id='par_1_105' title="bbox 2226 4082 3799 4156">
     <span class='ocr_line' id='line_1_105' title="bbox 2226 4082 3799 4156; baseline -0.006 -16"><span class='ocrx_word' id='word_1_842' title='bbox 2226 4105 2382 4156; x_wconf 62' lang='lat' dir='ltr'><strong>neque</strong></span> <span class='ocrx_word' id='word_1_843' title='bbox 2404 4088 2650 4151; x_wconf 83' lang='lat' dir='ltr'><strong>mitescus,</strong></span> <span class='ocrx_word' id='word_1_844' title='bbox 2682 4084 2852 4138; x_wconf 80' lang='lat' dir='ltr'><strong>Deus?</strong></span> <span class='ocrx_word' id='word_1_845' title='bbox 2875 4084 2979 4139; x_wconf 89' lang='lat' dir='ltr'><strong>Sed</strong></span> <span class='ocrx_word' id='word_1_846' title='bbox 3004 4084 3317 4152; x_wconf 75' lang='lat' dir='ltr'><strong>respondeat</strong></span> <span class='ocrx_word' id='word_1_847' title='bbox 3345 4084 3531 4137; x_wconf 84' lang='lat' dir='ltr'><strong>nobis:</strong></span> <span class='ocrx_word' id='word_1_848' title='bbox 3556 4082 3599 4138; x_wconf 89' lang='grc'>0</span> <span class='ocrx_word' id='word_1_849' title='bbox 3618 4085 3799 4142; x_wconf 71' lang='lat' dir='ltr'><strong>beato,</strong></span> 
     </span>
    </p>
   </div>
   <div class='ocr_carea' id='block_1_106' title="bbox 2231 4174 3803 4246">
    <p class='ocr_par' dir='ltr' id='par_1_106' title="bbox 2231 4174 3803 4246">
     <span class='ocr_line' id='line_1_106' title="bbox 2231 4174 3803 4246; baseline -0.004 -15"><span class='ocrx_word' id='word_1_850' title='bbox 2231 4196 2412 4246; x_wconf 64' lang='lat' dir='ltr'><strong>rarum</strong></span> <span class='ocrx_word' id='word_1_851' title='bbox 2443 4187 2523 4231; x_wconf 89' lang='lat' dir='ltr'><strong>est</strong></span> <span class='ocrx_word' id='word_1_852' title='bbox 2557 4178 2677 4246; x_wconf 85' lang='lat' dir='ltr'><strong>quia</strong></span> <span class='ocrx_word' id='word_1_853' title='bbox 2707 4186 2758 4228; x_wconf 89' lang='lat' dir='ltr'><strong>tu</strong></span> <span class='ocrx_word' id='word_1_854' title='bbox 2791 4193 2895 4228; x_wconf 86' lang='lat' dir='ltr'><strong>non</strong></span> <span class='ocrx_word' id='word_1_855' title='bbox 2923 4190 2951 4227; x_wconf 76' lang='grc' dir='ltr'><strong>ιι</strong></span> <span class='ocrx_word' id='word_1_856' title='bbox 2978 4189 3063 4229; x_wconf 85' lang='lat' dir='ltr'><strong>me</strong></span> <span class='ocrx_word' id='word_1_857' title='bbox 3088 4174 3248 4227; x_wconf 82' lang='lat' dir='ltr'><strong>discis</strong></span> <span class='ocrx_word' id='word_1_858' title='bbox 3271 4183 3326 4227; x_wconf 85' lang='lat' dir='ltr'><strong>ut</strong></span> <span class='ocrx_word' id='word_1_859' title='bbox 3352 4174 3426 4227; x_wconf 88' lang='lat' dir='ltr'><strong>sis</strong></span> <span class='ocrx_word' id='word_1_860' title='bbox 3453 4175 3610 4237; x_wconf 87' lang='lat' dir='ltr'><strong>mitis,</strong></span> <span class='ocrx_word' id='word_1_861' title='bbox 3644 4183 3697 4225; x_wconf 84' lang='lat' dir='ltr'><strong>et</strong></span> <span class='ocrx_word' id='word_1_862' title='bbox 3716 4190 3803 4225; x_wconf 80' lang='lat' dir='ltr'><strong>nu:</strong></span> 
     </span>
    </p>
   </div>
   <div class='ocr_carea' id='block_1_107' title="bbox 2229 4262 3801 4324">
    <p class='ocr_par' dir='ltr' id='par_1_107' title="bbox 2229 4262 3801 4324">
     <span class='ocr_line' id='line_1_107' title="bbox 2229 4262 3801 4324; baseline -0.005 -5"><span class='ocrx_word' id='word_1_863' title='bbox 2229 4270 2305 4320; x_wconf 67' lang='lat' dir='ltr'><strong>\is</strong></span> <span class='ocrx_word' id='word_1_864' title='bbox 2346 4269 2538 4320; x_wconf 86' lang='lat' dir='ltr'><strong>ducere</strong></span> <span class='ocrx_word' id='word_1_865' title='bbox 2582 4282 2648 4320; x_wconf 84' lang='lat' dir='ltr'><strong>ne</strong></span> <span class='ocrx_word' id='word_1_866' title='bbox 2684 4267 2783 4318; x_wconf 89' lang='lat' dir='ltr'><strong>sim</strong></span> <span class='ocrx_word' id='word_1_867' title='bbox 2812 4264 2990 4318; x_wconf 84' lang='lat' dir='ltr'><strong>mitis?</strong></span> <span class='ocrx_word' id='word_1_868' title='bbox 3034 4263 3237 4324; x_wconf 83' lang='lat' dir='ltr'><strong>Videte,</strong></span> <span class='ocrx_word' id='word_1_869' title='bbox 3268 4264 3478 4319; x_wconf 76' lang='lat' dir='ltr'><strong>fratres.</strong></span> <span class='ocrx_word' id='word_1_870' title='bbox 3509 4262 3760 4315; x_wconf 81' lang='lat' dir='ltr'><strong>intendite</strong></span> <span class='ocrx_word' id='word_1_871' title='bbox 3787 4304 3801 4323; x_wconf 83' lang='lat'><strong>,</strong></span> 
     </span>
    </p>
   </div>
   <div class='ocr_carea' id='block_1_108' title="bbox 2227 4353 3806 4427">
    <p class='ocr_par' dir='ltr' id='par_1_108' title="bbox 2227 4353 3806 4427">
     <span class='ocr_line' id='line_1_108' title="bbox 2227 4353 3806 4427; baseline -0.005 -16"><span class='ocrx_word' id='word_1_872' title='bbox 2227 4360 2472 4427; x_wconf 78' lang='lat' dir='ltr'><strong>adjuvate</strong></span> <span class='ocrx_word' id='word_1_873' title='bbox 2502 4370 2616 4417; x_wconf 86' lang='lat' dir='ltr'><strong>nos,</strong></span> <span class='ocrx_word' id='word_1_874' title='bbox 2670 4366 2725 4408; x_wconf 91' lang='lat' dir='ltr'><strong>ut</strong></span> <span class='ocrx_word' id='word_1_875' title='bbox 2758 4369 3009 4410; x_wconf 80' lang='lat' dir='ltr'><strong>exeannts</strong></span> <span class='ocrx_word' id='word_1_876' title='bbox 3050 4355 3100 4407; x_wconf 91' lang='lat' dir='ltr'><strong>in</strong></span> <span class='ocrx_word' id='word_1_877' title='bbox 3140 4354 3255 4422; x_wconf 84' lang='lat' dir='ltr'><strong>ejus</strong></span> <span class='ocrx_word' id='word_1_878' title='bbox 3297 4354 3508 4406; x_wconf 88' lang='lat' dir='ltr'><strong>nomine</strong></span> <span class='ocrx_word' id='word_1_879' title='bbox 3537 4353 3806 4423; x_wconf 74' lang='lat' dir='ltr'><strong>(adjuvate</strong></span> 
     </span>
    </p>
   </div>
   <div class='ocr_carea' id='block_1_109' title="bbox 2230 4444 3804 4515">
    <p class='ocr_par' dir='ltr' id='par_1_109' title="bbox 2230 4444 3804 4515">
     <span class='ocr_line' id='line_1_109' title="bbox 2230 4444 3804 4515; baseline -0.002 -15"><span class='ocrx_word' id='word_1_880' title='bbox 2230 4463 2327 4500; x_wconf 79' lang='lat' dir='ltr'><strong>nos</strong></span> <span class='ocrx_word' id='word_1_881' title='bbox 2368 4448 2451 4515; x_wconf 82' lang='lat' dir='ltr'><strong>pia</strong></span> <span class='ocrx_word' id='word_1_882' title='bbox 2479 4446 2792 4510; x_wconf 83' lang='lat' dir='ltr'><strong>intentione,</strong></span> <span class='ocrx_word' id='word_1_883' title='bbox 2835 4453 2980 4498; x_wconf 81' lang='lat' dir='ltr'><strong>easta</strong></span> <span class='ocrx_word' id='word_1_884' title='bbox 3020 4444 3279 4513; x_wconf 80' lang='lat' dir='ltr'><strong>oratione)</strong></span> <span class='ocrx_word' id='word_1_885' title='bbox 3310 4459 3372 4498; x_wconf 78' lang='lat' dir='ltr'><strong>ex</strong></span> <span class='ocrx_word' id='word_1_886' title='bbox 3406 4444 3487 4495; x_wconf 90' lang='lat' dir='ltr'><strong>bis</strong></span> <span class='ocrx_word' id='word_1_887' title='bbox 3525 4445 3804 4513; x_wconf 82' lang='lat' dir='ltr'><strong>angustiis.</strong></span> 
     </span>
    </p>
   </div>
   <div class='ocr_carea' id='block_1_110' title="bbox 2234 4536 3809 4608">
    <p class='ocr_par' dir='ltr' id='par_1_110' title="bbox 2234 4536 3809 4608">
     <span class='ocr_line' id='line_1_110' title="bbox 2234 4536 3809 4608; baseline -0.001 -16"><span class='ocrx_word' id='word_1_888' title='bbox 2234 4540 2460 4608; x_wconf 77' lang='lat' dir='ltr'><strong>Lit-.gare</strong></span> <span class='ocrx_word' id='word_1_889' title='bbox 2483 4537 2725 4591; x_wconf 69' lang='lat' dir='ltr'><strong>videntur</strong></span> <span class='ocrx_word' id='word_1_890' title='bbox 2739 4536 2913 4590; x_wconf 85' lang='lat' dir='ltr'><strong>divina</strong></span> <span class='ocrx_word' id='word_1_891' title='bbox 2935 4536 3142 4606; x_wconf 85' lang='lat' dir='ltr'><strong>eloquia</strong></span> <span class='ocrx_word' id='word_1_892' title='bbox 3169 4554 3185 4590; x_wconf 87' lang='lat'><strong>:</strong></span> <span class='ocrx_word' id='word_1_893' title='bbox 3209 4536 3533 4590; x_wconf 89' lang='lat' dir='ltr'><strong>contrarium</strong></span> <span class='ocrx_word' id='word_1_894' title='bbox 3558 4545 3809 4605; x_wconf 78' lang='lat' dir='ltr'><strong>putantur</strong></span> 
     </span>
    </p>
   </div>
   <div class='ocr_carea' id='block_1_111' title="bbox 2231 4625 3810 4695">
    <p class='ocr_par' dir='ltr' id='par_1_111' title="bbox 2231 4625 3810 4695">
     <span class='ocr_line' id='line_1_111' title="bbox 2231 4625 3810 4695; baseline -0.001 -16"><span class='ocrx_word' id='word_1_895' title='bbox 2231 4642 2440 4690; x_wconf 63' lang='lat' dir='ltr'><strong>sonare,</strong></span> <span class='ocrx_word' id='word_1_896' title='bbox 2471 4626 2573 4681; x_wconf 87' lang='lat' dir='ltr'><strong>nisi</strong></span> <span class='ocrx_word' id='word_1_897' title='bbox 2603 4625 2739 4680; x_wconf 87' lang='lat' dir='ltr'><strong>adsit</strong></span> <span class='ocrx_word' id='word_1_898' title='bbox 2780 4626 3098 4692; x_wconf 86' lang='lat' dir='ltr'><strong>intellectus,</strong></span> <span class='ocrx_word' id='word_1_899' title='bbox 3143 4637 3197 4680; x_wconf 85' lang='lat' dir='ltr'><strong>et</strong></span> <span class='ocrx_word' id='word_1_900' title='bbox 3224 4627 3574 4695; x_wconf 83' lang='lat' dir='ltr'><strong>suscipiamus</strong></span> <span class='ocrx_word' id='word_1_901' title='bbox 3613 4630 3680 4680; x_wconf 86' lang='lat' dir='ltr'><strong>ab</strong></span> <span class='ocrx_word' id='word_1_902' title='bbox 3718 4626 3810 4680; x_wconf 86' lang='lat' dir='ltr'><strong>illo</strong></span> 
     </span>
    </p>
   </div>
   <div class='ocr_carea' id='block_1_112' title="bbox 2233 4717 3812 4789">
    <p class='ocr_par' dir='ltr' id='par_1_112' title="bbox 2233 4717 3812 4789">
     <span class='ocr_line' id='line_1_112' title="bbox 2233 4717 3812 4789; baseline -0.001 -16"><span class='ocrx_word' id='word_1_903' title='bbox 2233 4722 2367 4789; x_wconf 63' lang='lat' dir='ltr'><strong>ipso,</strong></span> <span class='ocrx_word' id='word_1_904' title='bbox 2397 4720 2479 4774; x_wconf 89' lang='lat' dir='ltr'><strong>cui</strong></span> <span class='ocrx_word' id='word_1_905' title='bbox 2510 4720 2762 4782; x_wconf 63' lang='lat' dir='ltr'><strong>«inimus,</strong></span> <span class='ocrx_word' id='word_1_906' title='bbox 2786 4717 2943 4784; x_wconf 83' lang='lat' dir='ltr'><strong>Deus,</strong></span> <span class='ocrx_word' id='word_1_907' title='bbox 2966 4720 3075 4788; x_wconf 81' lang='lat' dir='ltr'><strong>quis</strong></span> <span class='ocrx_word' id='word_1_908' title='bbox 3095 4719 3273 4773; x_wconf 81' lang='lat' dir='ltr'><strong>similis</strong></span> <span class='ocrx_word' id='word_1_909' title='bbox 3299 4720 3426 4773; x_wconf 79' lang='lat' dir='ltr'><strong>tibi?</strong></span> <span class='ocrx_word' id='word_1_910' title='bbox 3447 4719 3587 4789; x_wconf 86' lang='lat' dir='ltr'><strong>quod</strong></span> <span class='ocrx_word' id='word_1_911' title='bbox 3618 4728 3670 4773; x_wconf 91' lang='lat' dir='ltr'><strong>et</strong></span> <span class='ocrx_word' id='word_1_912' title='bbox 3696 4719 3812 4788; x_wconf 74' lang='lat' dir='ltr'><strong>ipse</strong></span> 
     </span>
    </p>
   </div>
   <div class='ocr_carea' id='block_1_113' title="bbox 2231 4808 3809 4879">
    <p class='ocr_par' dir='ltr' id='par_1_113' title="bbox 2231 4808 3809 4879">
     <span class='ocr_line' id='line_1_113' title="bbox 2231 4808 3809 4879; baseline -0.002 -16"><span class='ocrx_word' id='word_1_913' title='bbox 2231 4813 2383 4873; x_wconf 66' lang='lat' dir='ltr'><strong>dixit,</strong></span> <span class='ocrx_word' id='word_1_914' title='bbox 2428 4809 2745 4863; x_wconf 58' lang='lat' dir='ltr'><strong>Intellectum</strong></span> <span class='ocrx_word' id='word_1_915' title='bbox 2774 4810 2859 4862; x_wconf 81' lang='lat' dir='ltr'><strong>tibi</strong></span> <span class='ocrx_word' id='word_1_916' title='bbox 2884 4809 3012 4863; x_wconf 80' lang='lat' dir='ltr'><strong>dabo</strong></span> <span class='ocrx_word' id='word_1_917' title='bbox 3043 4808 3213 4879; x_wconf 80' lang='lat' dir='ltr'><strong>(Psul.</strong></span> <span class='ocrx_word' id='word_1_918' title='bbox 3245 4825 3389 4872; x_wconf 75' lang='lat' dir='ltr'><strong>XXXI,</strong></span> <span class='ocrx_word' id='word_1_919' title='bbox 3419 4809 3501 4879; x_wconf 84' lang='lat'><strong>8),</strong></span> <span class='ocrx_word' id='word_1_920' title='bbox 3549 4809 3809 4878; x_wconf 79' lang='lat' dir='ltr'><strong>suscipia—</strong></span> 
     </span>
    </p>
   </div>
   <div class='ocr_carea' id='block_1_114' title="bbox 2235 4899 3812 4971">
    <p class='ocr_par' dir='ltr' id='par_1_114' title="bbox 2235 4899 3812 4971">
     <span class='ocr_line' id='line_1_114' title="bbox 2235 4899 3812 4971; baseline 0 -18"><span class='ocrx_word' id='word_1_921' title='bbox 2235 4917 2371 4954; x_wconf 85' lang='lat' dir='ltr'><strong>mus.</strong></span> <span class='ocrx_word' id='word_1_922' title='bbox 2398 4900 2646 4954; x_wconf 82' lang='lat' dir='ltr'><strong>Novimos</strong></span> <span class='ocrx_word' id='word_1_923' title='bbox 2672 4900 2772 4953; x_wconf 87' lang='lat' dir='ltr'><strong>hoc</strong></span> <span class='ocrx_word' id='word_1_924' title='bbox 2804 4918 2817 4953; x_wconf 87' lang='lat'><strong>:</strong></span> <span class='ocrx_word' id='word_1_925' title='bbox 2851 4900 3037 4954; x_wconf 82' lang='lat' dir='ltr'><strong>Pacem</strong></span> <span class='ocrx_word' id='word_1_926' title='bbox 3061 4917 3219 4953; x_wconf 82' lang='lat' dir='ltr'><strong>meam</strong></span> <span class='ocrx_word' id='word_1_927' title='bbox 3240 4902 3305 4953; x_wconf 87' lang='lat' dir='ltr'><strong>do</strong></span> <span class='ocrx_word' id='word_1_928' title='bbox 3325 4901 3459 4955; x_wconf 75' lang='lat' dir='ltr'><strong>vobis</strong></span> <span class='ocrx_word' id='word_1_929' title='bbox 3484 4899 3661 4971; x_wconf 61' lang='lat' dir='ltr'><strong>(Joan,</strong></span> <span class='ocrx_word' id='word_1_930' title='bbox 3690 4916 3812 4961; x_wconf 73' lang='lat' dir='ltr'><strong>xtr,</strong></span> 
     </span>
    </p>
   </div>
   <div class='ocr_carea' id='block_1_115' title="bbox 2231 4991 3813 5065">
    <p class='ocr_par' dir='ltr' id='par_1_115' title="bbox 2231 4991 3813 5065">
     <span class='ocr_line' id='line_1_115' title="bbox 2231 4991 3813 5065; baseline -0.003 -17"><span class='ocrx_word' id='word_1_931' title='bbox 2231 4995 2346 5065; x_wconf 65' lang='lat'><strong>27).</strong></span> <span class='ocrx_word' id='word_1_932' title='bbox 2383 4994 2516 5046; x_wconf 81' lang='lat' dir='ltr'><strong>Dicit</strong></span> <span class='ocrx_word' id='word_1_933' title='bbox 2544 4991 2807 5054; x_wconf 78' lang='lat' dir='ltr'><strong>Christus,</strong></span> <span class='ocrx_word' id='word_1_934' title='bbox 2840 4999 2898 5045; x_wconf 89' lang='lat' dir='ltr'><strong>nt</strong></span> <span class='ocrx_word' id='word_1_935' title='bbox 2936 4993 3075 5047; x_wconf 88' lang='lat' dir='ltr'><strong>inter</strong></span> <span class='ocrx_word' id='word_1_936' title='bbox 3100 5008 3159 5048; x_wconf 86' lang='lat' dir='ltr'><strong>se</strong></span> <span class='ocrx_word' id='word_1_937' title='bbox 3189 5007 3371 5063; x_wconf 86' lang='lat' dir='ltr'><strong>pacem</strong></span> <span class='ocrx_word' id='word_1_938' title='bbox 3405 4992 3634 5048; x_wconf 80' lang='lat' dir='ltr'><strong>habeant</strong></span> <span class='ocrx_word' id='word_1_939' title='bbox 3660 4991 3813 5046; x_wconf 84' lang='lat' dir='ltr'><strong>Chri-</strong></span> 
     </span>
    </p>
   </div>
   <div class='ocr_carea' id='block_1_116' title="bbox 2235 5082 3814 5154">
    <p class='ocr_par' dir='ltr' id='par_1_116' title="bbox 2235 5082 3814 5154">
     <span class='ocr_line' id='line_1_116' title="bbox 2235 5082 3814 5154; baseline 0 -17"><span class='ocrx_word' id='word_1_940' title='bbox 2235 5084 2411 5138; x_wconf 77' lang='lat' dir='ltr'><strong>stiani.</strong></span> <span class='ocrx_word' id='word_1_941' title='bbox 2443 5083 2721 5152; x_wconf 83' lang='lat' dir='ltr'><strong>Quomodo</strong></span> <span class='ocrx_word' id='word_1_942' title='bbox 2765 5083 3150 5138; x_wconf 77' lang='lat' dir='ltr'><strong>imitabantur?</strong></span> <span class='ocrx_word' id='word_1_943' title='bbox 3190 5084 3456 5154; x_wconf 85' lang='lat' dir='ltr'><strong>quomodo</strong></span> <span class='ocrx_word' id='word_1_944' title='bbox 3485 5082 3719 5148; x_wconf 81' lang='lat' dir='ltr'><strong>audient,</strong></span> <span class='ocrx_word' id='word_1_945' title='bbox 3767 5085 3814 5138; x_wconf 79' lang='lat' dir='ltr'><strong>si</strong></span> 
     </span>
    </p>
   </div>
   <div class='ocr_carea' id='block_1_117' title="bbox 2238 5174 3813 5245">
    <p class='ocr_par' dir='ltr' id='par_1_117' title="bbox 2238 5174 3813 5245">
     <span class='ocr_line' id='line_1_117' title="bbox 2238 5174 3813 5245; baseline -0.001 -15"><span class='ocrx_word' id='word_1_946' title='bbox 2238 5177 2349 5243; x_wconf 87' lang='lat' dir='ltr'><strong>ipsa</strong></span> <span class='ocrx_word' id='word_1_947' title='bbox 2368 5175 2544 5228; x_wconf 70' lang='lat' dir='ltr'><strong>divina</strong></span> <span class='ocrx_word' id='word_1_948' title='bbox 2565 5174 2770 5245; x_wconf 83' lang='lat' dir='ltr'><strong>eloquia</strong></span> <span class='ocrx_word' id='word_1_949' title='bbox 2794 5190 2975 5244; x_wconf 83' lang='lat' dir='ltr'><strong>pacem</strong></span> <span class='ocrx_word' id='word_1_950' title='bbox 2997 5177 3134 5232; x_wconf 88' lang='lat' dir='ltr'><strong>inter</strong></span> <span class='ocrx_word' id='word_1_951' title='bbox 3148 5191 3207 5231; x_wconf 87' lang='lat' dir='ltr'><strong>se</strong></span> <span class='ocrx_word' id='word_1_952' title='bbox 3230 5176 3423 5231; x_wconf 77' lang='lat' dir='ltr'><strong>habere</strong></span> <span class='ocrx_word' id='word_1_953' title='bbox 3444 5190 3547 5230; x_wconf 86' lang='lat' dir='ltr'><strong>non</strong></span> <span class='ocrx_word' id='word_1_954' title='bbox 3571 5175 3813 5245; x_wconf 73' lang='lat' dir='ltr'><strong>possunt?</strong></span> 
     </span>
    </p>
   </div>
   <div class='ocr_carea' id='block_1_118' title="bbox 2240 5264 3811 5335">
    <p class='ocr_par' dir='ltr' id='par_1_118' title="bbox 2240 5264 3811 5335">
     <span class='ocr_line' id='line_1_118' title="bbox 2240 5264 3811 5335; baseline 0 -17"><span class='ocrx_word' id='word_1_955' title='bbox 2240 5264 2533 5328; x_wconf 85' lang='lat' dir='ltr'><strong>lntendite,</strong></span> <span class='ocrx_word' id='word_1_956' title='bbox 2582 5265 2756 5320; x_wconf 81' lang='lat' dir='ltr'><strong>videte</strong></span> <span class='ocrx_word' id='word_1_957' title='bbox 2805 5267 2953 5335; x_wconf 85' lang='lat' dir='ltr'><strong>quasi</strong></span> <span class='ocrx_word' id='word_1_958' title='bbox 2996 5267 3352 5322; x_wconf 82' lang='lat' dir='ltr'><strong>resonantiam</strong></span> <span class='ocrx_word' id='word_1_959' title='bbox 3404 5266 3811 5321; x_wconf 76' lang='lat' dir='ltr'><strong>contrariortmt.</strong></span> 
     </span>
    </p>
   </div>
   <div class='ocr_carea' id='block_1_119' title="bbox 2248 5354 3816 5425">
    <p class='ocr_par' dir='ltr' id='par_1_119' title="bbox 2248 5354 3816 5425">
     <span class='ocr_line' id='line_1_119' title="bbox 2248 5354 3816 5425; baseline 0.001 -18"><span class='ocrx_word' id='word_1_960' title='bbox 2248 5354 2421 5408; x_wconf 80' lang='lat' dir='ltr'><strong>Venite</strong></span> <span class='ocrx_word' id='word_1_961' title='bbox 2467 5354 2533 5407; x_wconf 74' lang='lat' dir='ltr'><strong>uel</strong></span> <span class='ocrx_word' id='word_1_962' title='bbox 2570 5371 2685 5419; x_wconf 79' lang='lat' dir='ltr'><strong>me;</strong></span> <span class='ocrx_word' id='word_1_963' title='bbox 2726 5364 2800 5421; x_wconf 79' lang='lat' dir='ltr'><strong>et,</strong></span> <span class='ocrx_word' id='word_1_964' title='bbox 2848 5355 3036 5409; x_wconf 79' lang='lat' dir='ltr'><strong>Discite</strong></span> <span class='ocrx_word' id='word_1_965' title='bbox 3062 5370 3216 5412; x_wconf 73' lang='lat' dir='ltr'><strong>ante.</strong></span> <span class='ocrx_word' id='word_1_966' title='bbox 3266 5355 3442 5425; x_wconf 79' lang='lat' dir='ltr'><strong>Quid?</strong></span> <span class='ocrx_word' id='word_1_967' title='bbox 3483 5356 3651 5425; x_wconf 84' lang='lat' dir='ltr'><strong>primo</strong></span> <span class='ocrx_word' id='word_1_968' title='bbox 3697 5372 3816 5425; x_wconf 75' lang='lat' dir='ltr'><strong>qus</strong></span> 
     </span>
    </p>
   </div>
   <div class='ocr_carea' id='block_1_120' title="bbox 2238 5447 3815 5531">
    <p class='ocr_par' dir='ltr' id='par_1_120' title="bbox 2238 5447 3815 5531">
     <span class='ocr_line' id='line_1_120' title="bbox 2238 5447 3815 5531; baseline 0.001 -32"><span class='ocrx_word' id='word_1_969' title='bbox 2238 5447 2434 5531; x_wconf 65' lang='lat' dir='ltr'><strong>vocat?</strong></span> <span class='ocrx_word' id='word_1_970' title='bbox 2460 5462 2618 5517; x_wconf 88' lang='lat' dir='ltr'><strong>quem</strong></span> <span class='ocrx_word' id='word_1_971' title='bbox 2652 5448 2848 5502; x_wconf 71' lang='lat' dir='ltr'><strong>vocat?</strong></span> <span class='ocrx_word' id='word_1_972' title='bbox 2874 5448 2940 5502; x_wconf 80' lang='lat' dir='ltr'><strong>ad</strong></span> <span class='ocrx_word' id='word_1_973' title='bbox 2965 5447 3087 5518; x_wconf 85' lang='lat' dir='ltr'><strong>quid</strong></span> <span class='ocrx_word' id='word_1_974' title='bbox 3116 5449 3307 5504; x_wconf 62' lang='lat' dir='ltr'><strong>ruent?</strong></span> <span class='ocrx_word' id='word_1_975' title='bbox 3333 5449 3464 5503; x_wconf 81' lang='lat' dir='ltr'><strong>Audi</strong></span> <span class='ocrx_word' id='word_1_976' title='bbox 3496 5449 3614 5517; x_wconf 84' lang='lat' dir='ltr'><strong>quis</strong></span> <span class='ocrx_word' id='word_1_977' title='bbox 3640 5457 3815 5502; x_wconf 69' lang='lat' dir='ltr'><strong>vocat.</strong></span> 
     </span>
    </p>
   </div>
   <div class='ocr_carea' id='block_1_121' title="bbox 2240 5535 3821 5608">
    <p class='ocr_par' dir='ltr' id='par_1_121' title="bbox 2240 5535 3821 5608">
     <span class='ocr_line' id='line_1_121' title="bbox 2240 5535 3821 5608; baseline -0.002 -16"><span class='ocrx_word' id='word_1_978' title='bbox 2240 5535 2614 5605; x_wconf 72' lang='lat' dir='ltr'><strong>Conﬁteor-tibi,</strong></span> <span class='ocrx_word' id='word_1_979' title='bbox 2645 5535 2820 5600; x_wconf 72' lang='lat' dir='ltr'><strong>Pater,</strong></span> <span class='ocrx_word' id='word_1_980' title='bbox 2851 5537 3062 5593; x_wconf 71' lang='lat' dir='ltr'><strong>Domine</strong></span> <span class='ocrx_word' id='word_1_981' title='bbox 3082 5539 3196 5593; x_wconf 66' lang='lat' dir='ltr'><strong>«eli</strong></span> <span class='ocrx_word' id='word_1_982' title='bbox 3217 5551 3263 5593; x_wconf 74' lang='lat' dir='ltr'><strong>et</strong></span> <span class='ocrx_word' id='word_1_983' title='bbox 3279 5549 3443 5604; x_wconf 63' lang='lat' dir='ltr'><strong>terra,</strong></span> <span class='ocrx_word' id='word_1_984' title='bbox 3466 5542 3585 5608; x_wconf 60' lang='lat' dir='ltr'><strong>quia</strong></span> <span class='ocrx_word' id='word_1_985' title='bbox 3606 5539 3821 5592; x_wconf 76' lang='lat' dir='ltr'><strong>abscon-</strong></span> 
     </span>
    </p>
   </div>
   <div class='ocr_carea' id='block_1_122' title="bbox 2242 5630 3822 5698">
    <p class='ocr_par' dir='ltr' id='par_1_122' title="bbox 2242 5630 3822 5698">
     <span class='ocr_line' id='line_1_122' title="bbox 2242 5630 3822 5698; baseline -0.001 -15"><span class='ocrx_word' id='word_1_986' title='bbox 2242 5630 2358 5684; x_wconf 81' lang='lat' dir='ltr'><strong>disti</strong></span> <span class='ocrx_word' id='word_1_987' title='bbox 2398 5630 2503 5684; x_wconf 76' lang='lat' dir='ltr'><strong>lucc</strong></span> <span class='ocrx_word' id='word_1_988' title='bbox 2541 5646 2570 5682; x_wconf 77' lang='lat' dir='ltr'><strong>rt</strong></span> <span class='ocrx_word' id='word_1_989' title='bbox 2601 5630 2906 5698; x_wconf 55' lang='lat' dir='ltr'><strong>sapientibus</strong></span> <span class='ocrx_word' id='word_1_990' title='bbox 2949 5640 2991 5683; x_wconf 75' lang='lat' dir='ltr'><strong>ct</strong></span> <span class='ocrx_word' id='word_1_991' title='bbox 3016 5633 3362 5695; x_wconf 62' lang='grc' dir='ltr'><strong>ιηιείθηξὶινιιε,</strong></span> <span class='ocrx_word' id='word_1_992' title='bbox 3415 5641 3458 5684; x_wconf 75' lang='lat' dir='ltr'><strong>et</strong></span> <span class='ocrx_word' id='word_1_993' title='bbox 3497 5631 3723 5686; x_wconf 65' lang='grc' dir='ltr'><strong>ηιααωί</strong></span> <span class='ocrx_word' id='word_1_994' title='bbox 3762 5647 3822 5682; x_wconf 77' lang='grc' dir='ltr'>ω</span> 
     </span>
    </p>
   </div>
  </div>
