  <div class='ocr_page' id='page_1' title='image "/cluster/home/n/w/nwhite01/storage/ocr_20150623/38/hvd.32044096580600/089.png"; bbox 0 0 4024 6202; ppageno 0'>
   <div class='ocr_carea' id='block_1_1' title="bbox 556 207 653 261">
    <p class='ocr_par' dir='ltr' id='par_1_1' title="bbox 556 207 653 261">
     <span class='ocr_line' id='line_1_1' title="bbox 556 207 653 261; baseline 0 0"><span class='ocrx_word' id='word_1_1' title='bbox 556 207 653 261; x_wconf 72' lang='lat' dir='ltr'><strong>lii?</strong></span> 
     </span>
    </p>
   </div>
   <div class='ocr_carea' id='block_1_2' title="bbox 557 308 2129 384">
    <p class='ocr_par' dir='ltr' id='par_1_2' title="bbox 557 308 2129 384">
     <span class='ocr_line' id='line_1_2' title="bbox 557 308 2129 384; baseline -0.008 -12"><span class='ocrx_word' id='word_1_2' title='bbox 557 321 735 381; x_wconf 78' lang='lat' dir='ltr'><strong>tnodo,</strong></span> <span class='ocrx_word' id='word_1_3' title='bbox 777 317 858 381; x_wconf 72' lang='lat' dir='ltr'><strong>cui</strong></span> <span class='ocrx_word' id='word_1_4' title='bbox 894 318 1001 370; x_wconf 79' lang='lat' dir='ltr'><strong>Deo</strong></span> <span class='ocrx_word' id='word_1_5' title='bbox 1032 316 1221 384; x_wconf 62' lang='lat' dir='ltr'><strong>degant</strong></span> <span class='ocrx_word' id='word_1_6' title='bbox 1262 312 1441 366; x_wconf 59' lang='lat' dir='ltr'><strong>fideles</strong></span> <span class='ocrx_word' id='word_1_7' title='bbox 1485 320 1537 364; x_wconf 81' lang='lat' dir='ltr'><strong>et</strong></span> <span class='ocrx_word' id='word_1_8' title='bbox 1582 311 1776 368; x_wconf 81' lang='lat' dir='ltr'><strong>dicant,</strong></span> <span class='ocrx_word' id='word_1_9' title='bbox 1821 308 1977 373; x_wconf 81' lang='lat' dir='ltr'><strong>Deus,</strong></span> <span class='ocrx_word' id='word_1_10' title='bbox 2018 308 2129 376; x_wconf 85' lang='lat' dir='ltr'><strong>quis</strong></span> 
     </span>
    </p>
   </div>
   <div class='ocr_carea' id='block_1_3' title="bbox 553 401 2130 469">
    <p class='ocr_par' dir='ltr' id='par_1_3' title="bbox 553 401 2130 469">
     <span class='ocr_line' id='line_1_3' title="bbox 553 401 2130 469; baseline -0.009 -1"><span class='ocrx_word' id='word_1_11' title='bbox 553 415 728 469; x_wconf 78' lang='lat' dir='ltr'><strong>similis</strong></span> <span class='ocrx_word' id='word_1_12' title='bbox 756 411 888 464; x_wconf 83' lang='lat' dir='ltr'><strong>tibi?</strong></span> <span class='ocrx_word' id='word_1_13' title='bbox 916 407 997 461; x_wconf 80' lang='lat' dir='ltr'><strong>Ne</strong></span> <span class='ocrx_word' id='word_1_14' title='bbox 1021 408 1188 466; x_wconf 81' lang='lat' dir='ltr'><strong>sileas.</strong></span> <span class='ocrx_word' id='word_1_15' title='bbox 1221 422 1308 458; x_wconf 81' lang='lat' dir='ltr'><strong>nec</strong></span> <span class='ocrx_word' id='word_1_16' title='bbox 1348 406 1593 466; x_wconf 77' lang='lat' dir='ltr'><strong>ntitescas,</strong></span> <span class='ocrx_word' id='word_1_17' title='bbox 1624 402 1781 457; x_wconf 84' lang='lat' dir='ltr'><strong>Deus.</strong></span> <span class='ocrx_word' id='word_1_18' title='bbox 1815 401 1924 455; x_wconf 79' lang='lat' dir='ltr'><strong>IInc</strong></span> <span class='ocrx_word' id='word_1_19' title='bbox 1951 415 2130 454; x_wconf 79' lang='lat' dir='ltr'><strong>susce-</strong></span> 
     </span>
    </p>
   </div>
   <div class='ocr_carea' id='block_1_4' title="bbox 552 491 2134 574">
    <p class='ocr_par' dir='ltr' id='par_1_4' title="bbox 552 491 2134 574">
     <span class='ocr_line' id='line_1_4' title="bbox 552 491 2134 574; baseline -0.008 -18"><span class='ocrx_word' id='word_1_20' title='bbox 552 521 732 574; x_wconf 77' lang='lat' dir='ltr'><strong>perant</strong></span> <span class='ocrx_word' id='word_1_21' title='bbox 752 546 764 567; x_wconf 90' lang='lat'><strong>,</strong></span> <span class='ocrx_word' id='word_1_22' title='bbox 792 498 1058 572; x_wconf 82' lang='lat' dir='ltr'><strong>quomodo</strong></span> <span class='ocrx_word' id='word_1_23' title='bbox 1086 514 1189 553; x_wconf 89' lang='lat' dir='ltr'><strong>non</strong></span> <span class='ocrx_word' id='word_1_24' title='bbox 1218 498 1488 567; x_wconf 55' lang='lat' dir='ltr'><strong>mitescat,</strong></span> <span class='ocrx_word' id='word_1_25' title='bbox 1521 512 1623 549; x_wconf 90' lang='lat' dir='ltr'><strong>non</strong></span> <span class='ocrx_word' id='word_1_26' title='bbox 1652 492 1939 559; x_wconf 79' lang='lat' dir='ltr'><strong>evertenda</strong></span> <span class='ocrx_word' id='word_1_27' title='bbox 1962 491 2134 546; x_wconf 86' lang='lat' dir='ltr'><strong>homi-</strong></span> 
     </span>
    </p>
   </div>
   <div class='ocr_carea' id='block_1_5' title="bbox 554 579 2129 656">
    <p class='ocr_par' dir='ltr' id='par_1_5' title="bbox 554 579 2129 656">
     <span class='ocr_line' id='line_1_5' title="bbox 554 579 2129 656; baseline -0.011 -6"><span class='ocrx_word' id='word_1_28' title='bbox 554 612 667 656; x_wconf 88' lang='lat' dir='ltr'><strong>nes,</strong></span> <span class='ocrx_word' id='word_1_29' title='bbox 714 592 808 647; x_wconf 86' lang='lat' dir='ltr'><strong>sed</strong></span> <span class='ocrx_word' id='word_1_30' title='bbox 861 604 1091 646; x_wconf 85' lang='lat' dir='ltr'><strong>errores.</strong></span> <span class='ocrx_word' id='word_1_31' title='bbox 1134 589 1245 642; x_wconf 66' lang='lat' dir='ltr'><strong>Non</strong></span> <span class='ocrx_word' id='word_1_32' title='bbox 1297 587 1543 648; x_wconf 88' lang='lat' dir='ltr'><strong>mitescit,</strong></span> <span class='ocrx_word' id='word_1_33' title='bbox 1585 600 1710 654; x_wconf 80' lang='lat' dir='ltr'><strong>ergo</strong></span> <span class='ocrx_word' id='word_1_34' title='bbox 1745 584 1987 638; x_wconf 65' lang='lat' dir='ltr'><strong>irascitur</strong></span> <span class='ocrx_word' id='word_1_35' title='bbox 2029 599 2043 635; x_wconf 91' lang='lat'><strong>:</strong></span> <span class='ocrx_word' id='word_1_36' title='bbox 2087 579 2129 633; x_wconf 83' lang='lat' dir='ltr'><strong>si</strong></span> 
     </span>
    </p>
   </div>
   <div class='ocr_carea' id='block_1_6' title="bbox 553 673 2128 751">
    <p class='ocr_par' dir='ltr' id='par_1_6' title="bbox 553 673 2128 751">
     <span class='ocr_line' id='line_1_6' title="bbox 553 673 2128 751; baseline -0.011 -13"><span class='ocrx_word' id='word_1_37' title='bbox 553 686 693 738; x_wconf 84' lang='lat' dir='ltr'><strong>mitis</strong></span> <span class='ocrx_word' id='word_1_38' title='bbox 721 692 824 745; x_wconf 87' lang='lat' dir='ltr'><strong>est,</strong></span> <span class='ocrx_word' id='word_1_39' title='bbox 851 697 979 751; x_wconf 89' lang='lat' dir='ltr'><strong>ergo</strong></span> <span class='ocrx_word' id='word_1_40' title='bbox 1020 688 1074 734; x_wconf 91' lang='lat' dir='ltr'><strong>ct</strong></span> <span class='ocrx_word' id='word_1_41' title='bbox 1111 679 1411 733; x_wconf 78' lang='lat' dir='ltr'><strong>miseretur.</strong></span> <span class='ocrx_word' id='word_1_42' title='bbox 1445 675 1689 729; x_wconf 92' lang='lat' dir='ltr'><strong>Irascitur</strong></span> <span class='ocrx_word' id='word_1_43' title='bbox 1712 684 1769 728; x_wconf 88' lang='lat' dir='ltr'><strong>et</strong></span> <span class='ocrx_word' id='word_1_44' title='bbox 1804 673 2084 726; x_wconf 72' lang='lat' dir='ltr'><strong>miseretur</strong></span> <span class='ocrx_word' id='word_1_45' title='bbox 2115 686 2128 721; x_wconf 91' lang='lat'><strong>:</strong></span> 
     </span>
    </p>
   </div>
   <div class='ocr_carea' id='block_1_7' title="bbox 554 760 2130 839">
    <p class='ocr_par' dir='ltr' id='par_1_7' title="bbox 554 760 2130 839">
     <span class='ocr_line' id='line_1_7' title="bbox 554 760 2130 839; baseline -0.008 -14"><span class='ocrx_word' id='word_1_46' title='bbox 554 774 793 827; x_wconf 78' lang='lat' dir='ltr'><strong>irascitur</strong></span> <span class='ocrx_word' id='word_1_47' title='bbox 830 771 894 825; x_wconf 88' lang='lat' dir='ltr'><strong>ad</strong></span> <span class='ocrx_word' id='word_1_48' title='bbox 931 767 1351 839; x_wconf 84' lang='lat' dir='ltr'><strong>percutiendum,</strong></span> <span class='ocrx_word' id='word_1_49' title='bbox 1384 766 1664 819; x_wconf 76' lang='lat' dir='ltr'><strong>tttiseretur</strong></span> <span class='ocrx_word' id='word_1_50' title='bbox 1701 763 1767 817; x_wconf 90' lang='lat' dir='ltr'><strong>ad</strong></span> <span class='ocrx_word' id='word_1_51' title='bbox 1805 760 2130 823; x_wconf 82' lang='lat' dir='ltr'><strong>sanandum;</strong></span> 
     </span>
    </p>
   </div>
   <div class='ocr_carea' id='block_1_8' title="bbox 555 850 2133 920">
    <p class='ocr_par' dir='ltr' id='par_1_8' title="bbox 555 850 2133 920">
     <span class='ocr_line' id='line_1_8' title="bbox 555 850 2133 920; baseline -0.011 -2"><span class='ocrx_word' id='word_1_52' title='bbox 555 865 800 918; x_wconf 74' lang='lat' dir='ltr'><strong>irascitur</strong></span> <span class='ocrx_word' id='word_1_53' title='bbox 840 862 902 916; x_wconf 92' lang='lat' dir='ltr'><strong>ad</strong></span> <span class='ocrx_word' id='word_1_54' title='bbox 948 858 1391 920; x_wconf 83' lang='lat' dir='ltr'><strong>utortilicandum.</strong></span> <span class='ocrx_word' id='word_1_55' title='bbox 1436 858 1722 910; x_wconf 84' lang='lat' dir='ltr'><strong>miseretur</strong></span> <span class='ocrx_word' id='word_1_56' title='bbox 1760 851 1823 905; x_wconf 86' lang='lat' dir='ltr'><strong>ad</strong></span> <span class='ocrx_word' id='word_1_57' title='bbox 1865 850 2133 905; x_wconf 79' lang='lat' dir='ltr'><strong>Vtvilican—</strong></span> 
     </span>
    </p>
   </div>
   <div class='ocr_carea' id='block_1_9' title="bbox 554 940 2134 1012">
    <p class='ocr_par' dir='ltr' id='par_1_9' title="bbox 554 940 2134 1012">
     <span class='ocr_line' id='line_1_9' title="bbox 554 940 2134 1012; baseline -0.009 -5"><span class='ocrx_word' id='word_1_58' title='bbox 554 957 699 1010; x_wconf 86' lang='lat' dir='ltr'><strong>dum.</strong></span> <span class='ocrx_word' id='word_1_59' title='bbox 751 953 806 1007; x_wconf 86' lang='lat' dir='ltr'><strong>lit</strong></span> <span class='ocrx_word' id='word_1_60' title='bbox 857 970 961 1007; x_wconf 87' lang='lat' dir='ltr'><strong>uno</strong></span> <span class='ocrx_word' id='word_1_61' title='bbox 1019 952 1230 1005; x_wconf 85' lang='lat' dir='ltr'><strong>homine</strong></span> <span class='ocrx_word' id='word_1_62' title='bbox 1285 949 1407 1003; x_wconf 82' lang='lat' dir='ltr'><strong>facit</strong></span> <span class='ocrx_word' id='word_1_63' title='bbox 1455 947 1587 1000; x_wconf 66' lang='lat' dir='ltr'><strong>haec.</strong></span> <span class='ocrx_word' id='word_1_64' title='bbox 1635 946 1748 999; x_wconf 78' lang='lat' dir='ltr'><strong>Non</strong></span> <span class='ocrx_word' id='word_1_65' title='bbox 1801 943 1950 1012; x_wconf 87' lang='lat' dir='ltr'><strong>quasi</strong></span> <span class='ocrx_word' id='word_1_66' title='bbox 2000 940 2134 994; x_wconf 89' lang='lat' dir='ltr'><strong>alios</strong></span> 
     </span>
    </p>
   </div>
   <div class='ocr_carea' id='block_1_10' title="bbox 554 1032 2136 1104">
    <p class='ocr_par' dir='ltr' id='par_1_10' title="bbox 554 1032 2136 1104">
     <span class='ocr_line' id='line_1_10' title="bbox 554 1032 2136 1104; baseline -0.009 -7"><span class='ocrx_word' id='word_1_67' title='bbox 554 1046 899 1104; x_wconf 86' lang='lat' dir='ltr'><strong>tuortilicans.</strong></span> <span class='ocrx_word' id='word_1_68' title='bbox 931 1044 1063 1096; x_wconf 90' lang='lat' dir='ltr'><strong>alios</strong></span> <span class='ocrx_word' id='word_1_69' title='bbox 1097 1040 1374 1095; x_wconf 77' lang='lat' dir='ltr'><strong>viviﬁcans</strong></span> <span class='ocrx_word' id='word_1_70' title='bbox 1412 1058 1425 1092; x_wconf 90' lang='lat'><strong>:</strong></span> <span class='ocrx_word' id='word_1_71' title='bbox 1455 1038 1548 1093; x_wconf 90' lang='lat' dir='ltr'><strong>sed</strong></span> <span class='ocrx_word' id='word_1_72' title='bbox 1591 1038 1645 1091; x_wconf 92' lang='lat' dir='ltr'><strong>in</strong></span> <span class='ocrx_word' id='word_1_73' title='bbox 1679 1034 1879 1089; x_wconf 81' lang='lat' dir='ltr'><strong>eisdem</strong></span> <span class='ocrx_word' id='word_1_74' title='bbox 1920 1032 2049 1102; x_wconf 88' lang='lat' dir='ltr'><strong>ipsis</strong></span> <span class='ocrx_word' id='word_1_75' title='bbox 2081 1039 2136 1084; x_wconf 89' lang='lat' dir='ltr'><strong>et</strong></span> 
     </span>
    </p>
   </div>
   <div class='ocr_carea' id='block_1_11' title="bbox 559 1123 2137 1200">
    <p class='ocr_par' dir='ltr' id='par_1_11' title="bbox 559 1123 2137 1200">
     <span class='ocr_line' id='line_1_11' title="bbox 559 1123 2137 1200; baseline -0.01 -10"><span class='ocrx_word' id='word_1_76' title='bbox 559 1139 820 1200; x_wconf 77' lang='lat' dir='ltr'><strong>irascitur,</strong></span> <span class='ocrx_word' id='word_1_77' title='bbox 867 1144 913 1189; x_wconf 90' lang='lat' dir='ltr'><strong>et</strong></span> <span class='ocrx_word' id='word_1_78' title='bbox 958 1136 1101 1188; x_wconf 90' lang='lat' dir='ltr'><strong>mitis</strong></span> <span class='ocrx_word' id='word_1_79' title='bbox 1137 1142 1238 1187; x_wconf 69' lang='lat' dir='ltr'><strong>est.</strong></span> <span class='ocrx_word' id='word_1_80' title='bbox 1285 1131 1530 1186; x_wconf 85' lang='lat' dir='ltr'><strong>Irascitur</strong></span> <span class='ocrx_word' id='word_1_81' title='bbox 1573 1127 1867 1191; x_wconf 85' lang='lat' dir='ltr'><strong>erroribus,</strong></span> <span class='ocrx_word' id='word_1_82' title='bbox 1908 1123 2137 1178; x_wconf 79' lang='lat' dir='ltr'><strong>mitescit</strong></span> 
     </span>
    </p>
   </div>
   <div class='ocr_carea' id='block_1_12' title="bbox 555 1214 2135 1293">
    <p class='ocr_par' dir='ltr' id='par_1_12' title="bbox 555 1214 2135 1293">
     <span class='ocr_line' id='line_1_12' title="bbox 555 1214 2135 1293; baseline -0.01 -11"><span class='ocrx_word' id='word_1_83' title='bbox 555 1228 811 1282; x_wconf 85' lang='lat' dir='ltr'><strong>correctis</strong></span> <span class='ocrx_word' id='word_1_84' title='bbox 841 1225 1096 1279; x_wconf 89' lang='lat' dir='ltr'><strong>moribus.</strong></span> <span class='ocrx_word' id='word_1_85' title='bbox 1131 1222 1241 1293; x_wconf 78' lang='lat' dir='ltr'><strong>Ego</strong></span> <span class='ocrx_word' id='word_1_86' title='bbox 1273 1222 1563 1291; x_wconf 85' lang='lat' dir='ltr'><strong>percutiant,</strong></span> <span class='ocrx_word' id='word_1_87' title='bbox 1595 1227 1640 1272; x_wconf 91' lang='lat' dir='ltr'><strong>et</strong></span> <span class='ocrx_word' id='word_1_88' title='bbox 1669 1233 1759 1288; x_wconf 85' lang='lat' dir='ltr'><strong>ego</strong></span> <span class='ocrx_word' id='word_1_89' title='bbox 1782 1214 1968 1270; x_wconf 80' lang='lat' dir='ltr'><strong>sonabo</strong></span> <span class='ocrx_word' id='word_1_90' title='bbox 2001 1229 2018 1268; x_wconf 90' lang='lat'><strong><em>:</em></strong></span> <span class='ocrx_word' id='word_1_91' title='bbox 2046 1228 2135 1282; x_wconf 88' lang='lat' dir='ltr'><strong>ego</strong></span> 
     </span>
    </p>
   </div>
   <div class='ocr_carea' id='block_1_13' title="bbox 555 1304 2136 1387">
    <p class='ocr_par' dir='ltr' id='par_1_13' title="bbox 555 1304 2136 1387">
     <span class='ocr_line' id='line_1_13' title="bbox 555 1304 2136 1387; baseline -0.009 -16"><span class='ocrx_word' id='word_1_92' title='bbox 555 1321 798 1382; x_wconf 78' lang='lat' dir='ltr'><strong>occidam,</strong></span> <span class='ocrx_word' id='word_1_93' title='bbox 826 1327 872 1370; x_wconf 89' lang='lat' dir='ltr'><strong>et</strong></span> <span class='ocrx_word' id='word_1_94' title='bbox 900 1332 990 1387; x_wconf 85' lang='lat' dir='ltr'><strong>ego</strong></span> <span class='ocrx_word' id='word_1_95' title='bbox 1018 1317 1176 1369; x_wconf 78' lang='lat' dir='ltr'><strong>vivere</strong></span> <span class='ocrx_word' id='word_1_96' title='bbox 1205 1315 1388 1385; x_wconf 76' lang='lat' dir='ltr'><strong>faciam</strong></span> <span class='ocrx_word' id='word_1_97' title='bbox 1405 1311 1585 1384; x_wconf 84' lang='lat' dir='ltr'><strong>(Deut.</strong></span> <span class='ocrx_word' id='word_1_98' title='bbox 1618 1324 1795 1375; x_wconf 76' lang='lat' dir='ltr'><strong>xxx&quot;,</strong></span> <span class='ocrx_word' id='word_1_99' title='bbox 1818 1307 1931 1378; x_wconf 80' lang='lat'><strong>&#39;59).</strong></span> <span class='ocrx_word' id='word_1_100' title='bbox 1963 1304 2136 1362; x_wconf 89' lang='lat' dir='ltr'><strong>Unum</strong></span> 
     </span>
    </p>
   </div>
   <div class='ocr_carea' id='block_1_14' title="bbox 556 1395 2133 1476">
    <p class='ocr_par' dir='ltr' id='par_1_14' title="bbox 556 1395 2133 1476">
     <span class='ocr_line' id='line_1_14' title="bbox 556 1395 2133 1476; baseline -0.01 -14"><span class='ocrx_word' id='word_1_101' title='bbox 556 1408 796 1471; x_wconf 83' lang='lat' dir='ltr'><strong>Saulum,</strong></span> <span class='ocrx_word' id='word_1_102' title='bbox 847 1414 1028 1476; x_wconf 88' lang='lat' dir='ltr'><strong>postea</strong></span> <span class='ocrx_word' id='word_1_103' title='bbox 1076 1404 1315 1465; x_wconf 84' lang='lat' dir='ltr'><strong>Paulum.</strong></span> <span class='ocrx_word' id='word_1_104' title='bbox 1368 1412 1423 1457; x_wconf 92' lang='lat' dir='ltr'><strong>ct</strong></span> <span class='ocrx_word' id='word_1_105' title='bbox 1475 1400 1777 1470; x_wconf 89' lang='lat' dir='ltr'><strong>prostravit,</strong></span> <span class='ocrx_word' id='word_1_106' title='bbox 1825 1405 1881 1451; x_wconf 90' lang='lat' dir='ltr'><strong>et</strong></span> <span class='ocrx_word' id='word_1_107' title='bbox 1922 1395 2133 1450; x_wconf 82' lang='lat' dir='ltr'><strong>erexit:</strong></span> 
     </span>
    </p>
   </div>
   <div class='ocr_carea' id='block_1_15' title="bbox 556 1485 2137 1567">
    <p class='ocr_par' dir='ltr' id='par_1_15' title="bbox 556 1485 2137 1567">
     <span class='ocr_line' id='line_1_15' title="bbox 556 1485 2137 1567; baseline -0.01 -14"><span class='ocrx_word' id='word_1_108' title='bbox 556 1498 841 1567; x_wconf 83' lang='lat' dir='ltr'><strong>prostravit</strong></span> <span class='ocrx_word' id='word_1_109' title='bbox 879 1496 1166 1560; x_wconf 82' lang='lat' dir='ltr'><strong>inﬁdelem,</strong></span> <span class='ocrx_word' id='word_1_110' title='bbox 1208 1493 1378 1548; x_wconf 73' lang='lat' dir='ltr'><strong>erexit</strong></span> <span class='ocrx_word' id='word_1_111' title='bbox 1417 1491 1657 1547; x_wconf 79' lang='lat' dir='ltr'><strong>fidelem:</strong></span> <span class='ocrx_word' id='word_1_112' title='bbox 1699 1485 1982 1557; x_wconf 72' lang='lat' dir='ltr'><strong>prostravit</strong></span> <span class='ocrx_word' id='word_1_113' title='bbox 2020 1499 2137 1554; x_wconf 88' lang='lat' dir='ltr'><strong>per-</strong></span> 
     </span>
    </p>
   </div>
   <div class='ocr_carea' id='block_1_16' title="bbox 557 1576 2136 1655">
    <p class='ocr_par' dir='ltr' id='par_1_16' title="bbox 557 1576 2136 1655">
     <span class='ocr_line' id='line_1_16' title="bbox 557 1576 2136 1655; baseline -0.009 -12"><span class='ocrx_word' id='word_1_114' title='bbox 557 1599 890 1653; x_wconf 83' lang='lat' dir='ltr'><strong>secutorem,</strong></span> <span class='ocrx_word' id='word_1_115' title='bbox 941 1586 1110 1643; x_wconf 76' lang='lat' dir='ltr'><strong>erexit</strong></span> <span class='ocrx_word' id='word_1_116' title='bbox 1154 1584 1576 1655; x_wconf 65' lang='lat' dir='ltr'><strong>praedicatorem.</strong></span> <span class='ocrx_word' id='word_1_117' title='bbox 1623 1579 1678 1634; x_wconf 89' lang='lat' dir='ltr'><strong>Si</strong></span> <span class='ocrx_word' id='word_1_118' title='bbox 1723 1593 1827 1633; x_wconf 87' lang='lat' dir='ltr'><strong>non</strong></span> <span class='ocrx_word' id='word_1_119' title='bbox 1874 1576 2136 1640; x_wconf 84' lang='lat' dir='ltr'><strong>irascitur,</strong></span> 
     </span>
    </p>
   </div>
   <div class='ocr_carea' id='block_1_17' title="bbox 560 1668 2142 1738">
    <p class='ocr_par' dir='ltr' id='par_1_17' title="bbox 560 1668 2142 1738">
     <span class='ocr_line' id='line_1_17' title="bbox 560 1668 2142 1738; baseline -0.007 -6"><span class='ocrx_word' id='word_1_120' title='bbox 560 1680 699 1734; x_wconf 87' lang='lat' dir='ltr'><strong>unde</strong></span> <span class='ocrx_word' id='word_1_121' title='bbox 745 1679 955 1733; x_wconf 87' lang='lat' dir='ltr'><strong>Ilerculi</strong></span> <span class='ocrx_word' id='word_1_122' title='bbox 1006 1678 1165 1731; x_wconf 81' lang='lat' dir='ltr'><strong>barba</strong></span> <span class='ocrx_word' id='word_1_123' title='bbox 1209 1692 1328 1731; x_wconf 85' lang='lat' dir='ltr'><strong>rasa</strong></span> <span class='ocrx_word' id='word_1_124' title='bbox 1374 1674 1499 1730; x_wconf 87' lang='lat' dir='ltr'><strong>est?</strong></span> <span class='ocrx_word' id='word_1_125' title='bbox 1541 1672 1691 1727; x_wconf 86' lang='lat' dir='ltr'><strong>Fecit</strong></span> <span class='ocrx_word' id='word_1_126' title='bbox 1726 1671 1867 1726; x_wconf 88' lang='lat' dir='ltr'><strong>enim</strong></span> <span class='ocrx_word' id='word_1_127' title='bbox 1903 1668 2005 1723; x_wconf 88' lang='lat' dir='ltr'><strong>hoc</strong></span> <span class='ocrx_word' id='word_1_128' title='bbox 2046 1683 2142 1738; x_wconf 89' lang='lat' dir='ltr'><strong>per</strong></span> 
     </span>
    </p>
   </div>
   <div class='ocr_carea' id='block_1_18' title="bbox 561 1767 2142 1836">
    <p class='ocr_par' dir='ltr' id='par_1_18' title="bbox 561 1767 2142 1836">
     <span class='ocr_line' id='line_1_18' title="bbox 561 1767 2142 1836; baseline -0.008 -13"><span class='ocrx_word' id='word_1_129' title='bbox 561 1770 747 1825; x_wconf 87' lang='lat' dir='ltr'><strong>tldeles</strong></span> <span class='ocrx_word' id='word_1_130' title='bbox 784 1783 932 1835; x_wconf 90' lang='lat' dir='ltr'><strong>suos,</strong></span> <span class='ocrx_word' id='word_1_131' title='bbox 972 1782 1066 1836; x_wconf 89' lang='lat' dir='ltr'><strong>per</strong></span> <span class='ocrx_word' id='word_1_132' title='bbox 1101 1767 1433 1821; x_wconf 88' lang='lat' dir='ltr'><strong>Christianos</strong></span> <span class='ocrx_word' id='word_1_133' title='bbox 1470 1778 1615 1828; x_wconf 91' lang='lat' dir='ltr'><strong>suos,</strong></span> <span class='ocrx_word' id='word_1_134' title='bbox 1656 1776 1750 1830; x_wconf 88' lang='lat' dir='ltr'><strong>per</strong></span> <span class='ocrx_word' id='word_1_135' title='bbox 1787 1768 2076 1830; x_wconf 88' lang='lat' dir='ltr'><strong>potestates</strong></span> <span class='ocrx_word' id='word_1_136' title='bbox 2109 1772 2142 1811; x_wconf 83' lang='lat' dir='ltr'><strong>a</strong></span> 
     </span>
    </p>
   </div>
   <div class='ocr_carea' id='block_1_19' title="bbox 560 1848 2136 1924">
    <p class='ocr_par' dir='ltr' id='par_1_19' title="bbox 560 1848 2136 1924">
     <span class='ocr_line' id='line_1_19' title="bbox 560 1848 2136 1924; baseline -0.005 -13"><span class='ocrx_word' id='word_1_137' title='bbox 560 1877 620 1912; x_wconf 83' lang='lat' dir='ltr'><strong>se</strong></span> <span class='ocrx_word' id='word_1_138' title='bbox 662 1860 931 1913; x_wconf 87' lang='lat' dir='ltr'><strong>ordinatas</strong></span> <span class='ocrx_word' id='word_1_139' title='bbox 970 1867 1023 1911; x_wconf 88' lang='lat' dir='ltr'><strong>et</strong></span> <span class='ocrx_word' id='word_1_140' title='bbox 1067 1855 1260 1911; x_wconf 86' lang='lat' dir='ltr'><strong>Christi</strong></span> <span class='ocrx_word' id='word_1_141' title='bbox 1300 1857 1427 1924; x_wconf 82' lang='lat' dir='ltr'><strong>jugo</strong></span> <span class='ocrx_word' id='word_1_142' title='bbox 1472 1853 1580 1923; x_wconf 88' lang='lat' dir='ltr'><strong>jam</strong></span> <span class='ocrx_word' id='word_1_143' title='bbox 1626 1850 1883 1905; x_wconf 87' lang='lat' dir='ltr'><strong>subditas.</strong></span> <span class='ocrx_word' id='word_1_144' title='bbox 1935 1848 2136 1920; x_wconf 76' lang='lat' dir='ltr'><strong>Itaque,</strong></span> 
     </span>
    </p>
   </div>
   <div class='ocr_carea' id='block_1_20' title="bbox 564 1939 2142 2012">
    <p class='ocr_par' dir='ltr' id='par_1_20' title="bbox 564 1939 2142 2012">
     <span class='ocr_line' id='line_1_20' title="bbox 564 1939 2142 2012; baseline -0.006 -12"><span class='ocrx_word' id='word_1_145' title='bbox 564 1951 771 2010; x_wconf 83' lang='lat' dir='ltr'><strong>fratres,</strong></span> <span class='ocrx_word' id='word_1_146' title='bbox 824 1947 924 2000; x_wconf 90' lang='lat' dir='ltr'><strong>boc</strong></span> <span class='ocrx_word' id='word_1_147' title='bbox 972 1945 1155 2000; x_wconf 84' lang='lat' dir='ltr'><strong>libenti</strong></span> <span class='ocrx_word' id='word_1_148' title='bbox 1199 1946 1379 2002; x_wconf 83' lang='lat' dir='ltr'><strong>animo</strong></span> <span class='ocrx_word' id='word_1_149' title='bbox 1421 1942 1681 2012; x_wconf 83' lang='lat' dir='ltr'><strong>accipite;</strong></span> <span class='ocrx_word' id='word_1_150' title='bbox 1733 1948 1788 1993; x_wconf 88' lang='lat' dir='ltr'><strong>et</strong></span> <span class='ocrx_word' id='word_1_151' title='bbox 1830 1939 1884 1994; x_wconf 89' lang='lat' dir='ltr'><strong>in</strong></span> <span class='ocrx_word' id='word_1_152' title='bbox 1934 1939 2142 1994; x_wconf 89' lang='lat' dir='ltr'><strong>Domini</strong></span> 
     </span>
    </p>
   </div>
   <div class='ocr_carea' id='block_1_21' title="bbox 562 2034 1765 2106">
    <p class='ocr_par' dir='ltr' id='par_1_21' title="bbox 562 2034 1765 2106">
     <span class='ocr_line' id='line_1_21' title="bbox 562 2034 1765 2106; baseline -0.005 -14"><span class='ocrx_word' id='word_1_153' title='bbox 562 2039 823 2106; x_wconf 70' lang='lat' dir='ltr'><strong>adiutorio</strong></span> <span class='ocrx_word' id='word_1_154' title='bbox 847 2046 1040 2091; x_wconf 59' lang='lat' dir='ltr'><strong>ca‘lcra</strong></span> <span class='ocrx_word' id='word_1_155' title='bbox 1070 2035 1375 2106; x_wconf 79' lang='lat' dir='ltr'><strong>prOSperius</strong></span> <span class='ocrx_word' id='word_1_156' title='bbox 1399 2034 1510 2103; x_wconf 88' lang='lat' dir='ltr'><strong>jam</strong></span> <span class='ocrx_word' id='word_1_157' title='bbox 1536 2040 1765 2102; x_wconf 85' lang='lat' dir='ltr'><strong>sperate.</strong></span> 
     </span>
    </p>
   </div>
   <div class='ocr_carea' id='block_1_22' title="bbox 1070 2144 1647 2214">
    <p class='ocr_par' dir='ltr' id='par_1_22' title="bbox 1070 2144 1647 2214">
     <span class='ocr_line' id='line_1_22' title="bbox 1070 2144 1647 2214; baseline -0.01 -12"><span class='ocrx_word' id='word_1_158' title='bbox 1070 2144 1300 2202; x_wconf 75' lang='lat' dir='ltr'><strong>SERMO</strong></span> <span class='ocrx_word' id='word_1_159' title='bbox 1336 2144 1520 2199; x_wconf 50' lang='lat' dir='ltr'><strong>xxv;</strong></span> <span class='ocrx_word' id='word_1_160' title='bbox 1550 2145 1647 2214; x_wconf 78' lang='grc' dir='ltr'><strong>(η).</strong></span> 
     </span>
    </p>
   </div>
   <div class='ocr_carea' id='block_1_23' title="bbox 564 2255 2145 2325">
    <p class='ocr_par' dir='ltr' id='par_1_23' title="bbox 564 2255 2145 2325">
     <span class='ocr_line' id='line_1_23' title="bbox 564 2255 2145 2325; baseline -0.004 -10"><span class='ocrx_word' id='word_1_161' title='bbox 564 2260 644 2315; x_wconf 84' lang='lat' dir='ltr'><strong>De</strong></span> <span class='ocrx_word' id='word_1_162' title='bbox 671 2260 910 2314; x_wconf 76' lang='lat' dir='ltr'><strong>versiculo</strong></span> <span class='ocrx_word' id='word_1_163' title='bbox 951 2258 1017 2312; x_wconf 75' lang='lat' dir='ltr'><strong>l2</strong></span> <span class='ocrx_word' id='word_1_164' title='bbox 1046 2257 1243 2313; x_wconf 82' lang='lat' dir='ltr'><strong>Psalmi</strong></span> <span class='ocrx_word' id='word_1_165' title='bbox 1281 2272 1426 2322; x_wconf 80' lang='lat' dir='ltr'><strong>xcm,</strong></span> <span class='ocrx_word' id='word_1_166' title='bbox 1467 2256 1658 2310; x_wconf 87' lang='lat' dir='ltr'><strong>Beatus</strong></span> <span class='ocrx_word' id='word_1_167' title='bbox 1696 2255 1855 2308; x_wconf 87' lang='lat' dir='ltr'><strong>homo</strong></span> <span class='ocrx_word' id='word_1_168' title='bbox 1892 2270 2051 2325; x_wconf 86' lang='lat' dir='ltr'><strong>quem</strong></span> <span class='ocrx_word' id='word_1_169' title='bbox 2089 2263 2145 2308; x_wconf 91' lang='lat' dir='ltr'><strong>tu</strong></span> 
     </span>
    </p>
   </div>
   <div class='ocr_carea' id='block_1_24' title="bbox 1029 2346 1703 2414">
    <p class='ocr_par' dir='ltr' id='par_1_24' title="bbox 1029 2346 1703 2414">
     <span class='ocr_line' id='line_1_24' title="bbox 1029 2346 1703 2414; baseline -0.006 -12"><span class='ocrx_word' id='word_1_170' title='bbox 1029 2348 1308 2414; x_wconf 85' lang='lat' dir='ltr'><strong>erudieris,</strong></span> <span class='ocrx_word' id='word_1_171' title='bbox 1340 2346 1580 2412; x_wconf 88' lang='lat' dir='ltr'><strong>Domine,</strong></span> <span class='ocrx_word' id='word_1_172' title='bbox 1610 2355 1703 2399; x_wconf 89' lang='lat' dir='ltr'><strong>etc.</strong></span> 
     </span>
    </p>
   </div>
   <div class='ocr_carea' id='block_1_25' title="bbox 638 2456 2149 2528">
    <p class='ocr_par' dir='ltr' id='par_1_25' title="bbox 638 2456 2149 2528">
     <span class='ocr_line' id='line_1_25' title="bbox 638 2456 2149 2528; baseline -0.004 -13"><span class='ocrx_word' id='word_1_173' title='bbox 638 2459 858 2516; x_wconf 75' lang='lat' dir='ltr'><strong>CAPUT</strong></span> <span class='ocrx_word' id='word_1_174' title='bbox 917 2456 1195 2515; x_wconf 71' lang='lat' dir='ltr'><strong>PRIMUM.</strong></span> <span class='ocrx_word' id='word_1_175' title='bbox 1246 2488 1318 2498; x_wconf 97' lang='lat'><strong>—</strong></span> <span class='ocrx_word' id='word_1_176' title='bbox 1362 2458 1412 2511; x_wconf 79' lang='lat' dir='ltr'><strong>I.</strong></span> <span class='ocrx_word' id='word_1_177' title='bbox 1467 2456 1800 2528; x_wconf 80' lang='lat' dir='ltr'><strong>Evangelium</strong></span> <span class='ocrx_word' id='word_1_178' title='bbox 1851 2458 1931 2511; x_wconf 79' lang='lat' dir='ltr'><strong>lea:</strong></span> <span class='ocrx_word' id='word_1_179' title='bbox 1980 2456 2149 2511; x_wconf 82' lang='lat' dir='ltr'><strong>Testa-</strong></span> 
     </span>
    </p>
   </div>
   <div class='ocr_carea' id='block_1_26' title="bbox 573 2547 2148 2621">
    <p class='ocr_par' dir='ltr' id='par_1_26' title="bbox 573 2547 2148 2621">
     <span class='ocr_line' id='line_1_26' title="bbox 573 2547 2148 2621; baseline -0.003 -17"><span class='ocrx_word' id='word_1_180' title='bbox 573 2553 723 2606; x_wconf 81' lang='lat' dir='ltr'><strong>utenti</strong></span> <span class='ocrx_word' id='word_1_181' title='bbox 746 2550 899 2604; x_wconf 81' lang='lat' dir='ltr'><strong>Novi.</strong></span> <span class='ocrx_word' id='word_1_182' title='bbox 936 2547 1082 2621; x_wconf 82' lang='lat' dir='ltr'><strong>Legis</strong></span> <span class='ocrx_word' id='word_1_183' title='bbox 1119 2550 1293 2603; x_wconf 71' lang='lat' dir='ltr'><strong>tuteris</strong></span> <span class='ocrx_word' id='word_1_184' title='bbox 1327 2548 1571 2617; x_wconf 84' lang='lat' dir='ltr'><strong>promissa</strong></span> <span class='ocrx_word' id='word_1_185' title='bbox 1606 2547 1932 2617; x_wconf 78' lang='lat' dir='ltr'><strong>spiritualiter</strong></span> <span class='ocrx_word' id='word_1_186' title='bbox 1965 2547 2148 2602; x_wconf 83' lang='lat' dir='ltr'><strong>intelli-</strong></span> 
     </span>
    </p>
   </div>
   <div class='ocr_carea' id='block_1_27' title="bbox 568 2635 2148 2713">
    <p class='ocr_par' dir='ltr' id='par_1_27' title="bbox 568 2635 2148 2713">
     <span class='ocr_line' id='line_1_27' title="bbox 568 2635 2148 2713; baseline -0.001 -19"><span class='ocrx_word' id='word_1_187' title='bbox 568 2641 750 2713; x_wconf 84' lang='lat' dir='ltr'><strong>genda.</strong></span> <span class='ocrx_word' id='word_1_188' title='bbox 817 2640 949 2694; x_wconf 83' lang='lat' dir='ltr'><strong>Cum</strong></span> <span class='ocrx_word' id='word_1_189' title='bbox 1001 2649 1335 2713; x_wconf 60' lang='lat' dir='ltr'><strong>cantaremus</strong></span> <span class='ocrx_word' id='word_1_190' title='bbox 1400 2637 1541 2703; x_wconf 87' lang='lat' dir='ltr'><strong>Deo,</strong></span> <span class='ocrx_word' id='word_1_191' title='bbox 1586 2637 1814 2690; x_wconf 80' lang='lat' dir='ltr'><strong>diximus</strong></span> <span class='ocrx_word' id='word_1_192' title='bbox 1851 2636 1919 2703; x_wconf 88' lang='lat' dir='ltr'><strong>ei,</strong></span> <span class='ocrx_word' id='word_1_193' title='bbox 1964 2635 2148 2693; x_wconf 82' lang='lat' dir='ltr'><strong>Beatus</strong></span> 
     </span>
    </p>
   </div>
   <div class='ocr_carea' id='block_1_28' title="bbox 571 2727 2149 2799">
    <p class='ocr_par' dir='ltr' id='par_1_28' title="bbox 571 2727 2149 2799">
     <span class='ocr_line' id='line_1_28' title="bbox 571 2727 2149 2799; baseline -0.001 -15"><span class='ocrx_word' id='word_1_194' title='bbox 571 2734 719 2785; x_wconf 80' lang='lat' dir='ltr'><strong>homo</strong></span> <span class='ocrx_word' id='word_1_195' title='bbox 740 2746 883 2798; x_wconf 82' lang='lat' dir='ltr'><strong>quem</strong></span> <span class='ocrx_word' id='word_1_196' title='bbox 905 2739 958 2782; x_wconf 92' lang='lat' dir='ltr'><strong>tu</strong></span> <span class='ocrx_word' id='word_1_197' title='bbox 984 2728 1249 2792; x_wconf 83' lang='lat' dir='ltr'><strong>erudieris,</strong></span> <span class='ocrx_word' id='word_1_198' title='bbox 1277 2727 1506 2792; x_wconf 82' lang='lat' dir='ltr'><strong>Domine,</strong></span> <span class='ocrx_word' id='word_1_199' title='bbox 1534 2738 1581 2781; x_wconf 82' lang='lat' dir='ltr'><strong>et</strong></span> <span class='ocrx_word' id='word_1_200' title='bbox 1607 2743 1669 2780; x_wconf 77' lang='lat' dir='ltr'><strong>ea:</strong></span> <span class='ocrx_word' id='word_1_201' title='bbox 1686 2728 1793 2799; x_wconf 78' lang='lat' dir='ltr'><strong>lege</strong></span> <span class='ocrx_word' id='word_1_202' title='bbox 1813 2738 1899 2779; x_wconf 92' lang='lat' dir='ltr'><strong>tua</strong></span> <span class='ocrx_word' id='word_1_203' title='bbox 1923 2727 2149 2783; x_wconf 81' lang='lat' dir='ltr'><strong>docueris</strong></span> 
     </span>
    </p>
   </div>
   <div class='ocr_carea' id='block_1_29' title="bbox 571 2819 2151 2891">
    <p class='ocr_par' dir='ltr' id='par_1_29' title="bbox 571 2819 2151 2891">
     <span class='ocr_line' id='line_1_29' title="bbox 571 2819 2151 2891; baseline -0.001 -16"><span class='ocrx_word' id='word_1_204' title='bbox 571 2840 703 2875; x_wconf 79' lang='lat' dir='ltr'><strong>eum.</strong></span> <span class='ocrx_word' id='word_1_205' title='bbox 729 2821 870 2891; x_wconf 84' lang='lat' dir='ltr'><strong>Ergo</strong></span> <span class='ocrx_word' id='word_1_206' title='bbox 892 2821 983 2876; x_wconf 87' lang='lat' dir='ltr'><strong>Dei</strong></span> <span class='ocrx_word' id='word_1_207' title='bbox 1005 2820 1347 2890; x_wconf 79' lang='lat' dir='ltr'><strong>Evangelinm</strong></span> <span class='ocrx_word' id='word_1_208' title='bbox 1374 2820 1599 2885; x_wconf 85' lang='lat' dir='ltr'><strong>sonavit,</strong></span> <span class='ocrx_word' id='word_1_209' title='bbox 1623 2819 1906 2873; x_wconf 71' lang='lat' dir='ltr'><strong>Zacchusns</strong></span> <span class='ocrx_word' id='word_1_210' title='bbox 1929 2819 2151 2874; x_wconf 87' lang='lat' dir='ltr'><strong>cleento-</strong></span> 
     </span>
    </p>
   </div>
   <div class='ocr_carea' id='block_1_30' title="bbox 574 2911 2147 2983">
    <p class='ocr_par' dir='ltr' id='par_1_30' title="bbox 574 2911 2147 2983">
     <span class='ocr_line' id='line_1_30' title="bbox 574 2911 2147 2983; baseline -0.001 -17"><span class='ocrx_word' id='word_1_211' title='bbox 574 2927 731 2983; x_wconf 67' lang='lat' dir='ltr'><strong>syttas</strong></span> <span class='ocrx_word' id='word_1_212' title='bbox 762 2912 903 2966; x_wconf 86' lang='lat' dir='ltr'><strong>fecit.</strong></span> <span class='ocrx_word' id='word_1_213' title='bbox 936 2912 1152 2965; x_wconf 84' lang='lat' dir='ltr'><strong>Discite.</strong></span> <span class='ocrx_word' id='word_1_214' title='bbox 1183 2912 1310 2977; x_wconf 76' lang='lat' dir='ltr'><strong>Qua:</strong></span> <span class='ocrx_word' id='word_1_215' title='bbox 1341 2911 1530 2965; x_wconf 87' lang='lat' dir='ltr'><strong>melior</strong></span> <span class='ocrx_word' id='word_1_216' title='bbox 1560 2911 1699 2964; x_wconf 85' lang='lat' dir='ltr'><strong>enim</strong></span> <span class='ocrx_word' id='word_1_217' title='bbox 1732 2911 1815 2964; x_wconf 75' lang='lat' dir='ltr'><strong>lex</strong></span> <span class='ocrx_word' id='word_1_218' title='bbox 1847 2911 1957 2974; x_wconf 86' lang='lat' dir='ltr'><strong>Dei,</strong></span> <span class='ocrx_word' id='word_1_219' title='bbox 1991 2927 2147 2980; x_wconf 86' lang='lat' dir='ltr'><strong>quam</strong></span> 
     </span>
    </p>
   </div>
   <div class='ocr_carea' id='block_1_31' title="bbox 574 3003 2146 3074">
    <p class='ocr_par' dir='ltr' id='par_1_31' title="bbox 574 3003 2146 3074">
     <span class='ocr_line' id='line_1_31' title="bbox 574 3003 2146 3074; baseline -0.001 -16"><span class='ocrx_word' id='word_1_220' title='bbox 574 3015 810 3059; x_wconf 77' lang='lat' dir='ltr'><strong>sanctum</strong></span> <span class='ocrx_word' id='word_1_221' title='bbox 852 3003 1359 3074; x_wconf 78' lang='lat' dir='ltr'><strong>Evangelium?Lex</strong></span> <span class='ocrx_word' id='word_1_222' title='bbox 1397 3004 1539 3057; x_wconf 88' lang='lat' dir='ltr'><strong>enim</strong></span> <span class='ocrx_word' id='word_1_223' title='bbox 1579 3003 1903 3057; x_wconf 84' lang='lat' dir='ltr'><strong>&#39;I&#39;estamenti</strong></span> <span class='ocrx_word' id='word_1_224' title='bbox 1944 3003 2073 3057; x_wconf 81' lang='lat' dir='ltr'><strong>Novi</strong></span> <span class='ocrx_word' id='word_1_225' title='bbox 2108 3007 2146 3070; x_wconf 76' lang='grc' dir='ltr'><strong>ι,</strong></span> 
     </span>
    </p>
   </div>
   <div class='ocr_carea' id='block_1_32' title="bbox 573 3094 2152 3166">
    <p class='ocr_par' dir='ltr' id='par_1_32' title="bbox 573 3094 2152 3166">
     <span class='ocr_line' id='line_1_32' title="bbox 573 3094 2152 3166; baseline -0.001 -16"><span class='ocrx_word' id='word_1_226' title='bbox 573 3097 639 3151; x_wconf 93' lang='lat' dir='ltr'><strong>de</strong></span> <span class='ocrx_word' id='word_1_227' title='bbox 673 3113 778 3166; x_wconf 89' lang='lat' dir='ltr'><strong>quo</strong></span> <span class='ocrx_word' id='word_1_228' title='bbox 815 3098 1067 3166; x_wconf 82' lang='lat' dir='ltr'><strong>propheta</strong></span> <span class='ocrx_word' id='word_1_229' title='bbox 1109 3112 1227 3149; x_wconf 86' lang='lat' dir='ltr'><strong>cum</strong></span> <span class='ocrx_word' id='word_1_230' title='bbox 1268 3097 1551 3165; x_wconf 80' lang='lat' dir='ltr'><strong>legeretur,</strong></span> <span class='ocrx_word' id='word_1_231' title='bbox 1592 3096 1810 3148; x_wconf 88' lang='lat' dir='ltr'><strong>audistis</strong></span> <span class='ocrx_word' id='word_1_232' title='bbox 1840 3112 1854 3149; x_wconf 90' lang='lat'><strong>:</strong></span> <span class='ocrx_word' id='word_1_233' title='bbox 1891 3094 2020 3149; x_wconf 77' lang='lat' dir='ltr'><strong>Ecce</strong></span> <span class='ocrx_word' id='word_1_234' title='bbox 2047 3096 2152 3149; x_wconf 81' lang='lat' dir='ltr'><strong>dies</strong></span> 
     </span>
    </p>
   </div>
   <div class='ocr_carea' id='block_1_33' title="bbox 574 3184 2151 3255">
    <p class='ocr_par' dir='ltr' id='par_1_33' title="bbox 574 3184 2151 3255">
     <span class='ocr_line' id='line_1_33' title="bbox 574 3184 2151 3255; baseline -0.001 -17"><span class='ocrx_word' id='word_1_235' title='bbox 574 3187 789 3252; x_wconf 72' lang='lat' dir='ltr'><strong>ueniunt,</strong></span> <span class='ocrx_word' id='word_1_236' title='bbox 833 3186 951 3239; x_wconf 83' lang='lat' dir='ltr'><strong>dicit</strong></span> <span class='ocrx_word' id='word_1_237' title='bbox 992 3184 1258 3249; x_wconf 75' lang='lat' dir='ltr'><strong>Dominus,</strong></span> <span class='ocrx_word' id='word_1_238' title='bbox 1299 3196 1344 3237; x_wconf 86' lang='lat' dir='ltr'><strong>et</strong></span> <span class='ocrx_word' id='word_1_239' title='bbox 1384 3184 1732 3238; x_wconf 67' lang='lat' dir='ltr'><strong>consumitwa</strong></span> <span class='ocrx_word' id='word_1_240' title='bbox 1766 3202 1915 3255; x_wconf 82' lang='lat' dir='ltr'><strong>super</strong></span> <span class='ocrx_word' id='word_1_241' title='bbox 1951 3192 2151 3239; x_wconf 85' lang='lat' dir='ltr'><strong>domum</strong></span> 
     </span>
    </p>
   </div>
   <div class='ocr_carea' id='block_1_34' title="bbox 573 3276 2154 3333">
    <p class='ocr_par' dir='ltr' id='par_1_34' title="bbox 573 3276 2154 3333">
     <span class='ocr_line' id='line_1_34' title="bbox 573 3276 2154 3333; baseline 0.001 -3"><span class='ocrx_word' id='word_1_242' title='bbox 573 3279 733 3332; x_wconf 75' lang='lat' dir='ltr'><strong>Iacob</strong></span> <span class='ocrx_word' id='word_1_243' title='bbox 767 3278 1133 3333; x_wconf 84' lang='lat' dir='ltr'><strong>Testamentum</strong></span> <span class='ocrx_word' id='word_1_244' title='bbox 1173 3293 1353 3331; x_wconf 84' lang='lat' dir='ltr'><strong>novum</strong></span> <span class='ocrx_word' id='word_1_245' title='bbox 1382 3294 1400 3331; x_wconf 92' lang='lat'><strong><em>:</em></strong></span> <span class='ocrx_word' id='word_1_246' title='bbox 1429 3295 1528 3331; x_wconf 85' lang='lat' dir='ltr'><strong>non</strong></span> <span class='ocrx_word' id='word_1_247' title='bbox 1566 3277 1836 3331; x_wconf 84' lang='lat' dir='ltr'><strong>secundum</strong></span> <span class='ocrx_word' id='word_1_248' title='bbox 1865 3276 2154 3332; x_wconf 84' lang='lat' dir='ltr'><strong>Testamen—</strong></span> 
     </span>
    </p>
   </div>
   <div class='ocr_carea' id='block_1_35' title="bbox 576 3368 2155 3440">
    <p class='ocr_par' dir='ltr' id='par_1_35' title="bbox 576 3368 2155 3440">
     <span class='ocr_line' id='line_1_35' title="bbox 576 3368 2155 3440; baseline 0 -17"><span class='ocrx_word' id='word_1_249' title='bbox 576 3383 679 3423; x_wconf 85' lang='lat' dir='ltr'><strong>tum</strong></span> <span class='ocrx_word' id='word_1_250' title='bbox 718 3371 852 3440; x_wconf 74' lang='lat' dir='ltr'><strong>quod</strong></span> <span class='ocrx_word' id='word_1_251' title='bbox 878 3371 1028 3423; x_wconf 83' lang='lat' dir='ltr'><strong>statui</strong></span> <span class='ocrx_word' id='word_1_252' title='bbox 1068 3368 1293 3440; x_wconf 78' lang='lat' dir='ltr'><strong>patribus</strong></span> <span class='ocrx_word' id='word_1_253' title='bbox 1318 3386 1507 3431; x_wconf 87' lang='lat' dir='ltr'><strong>eorum,</strong></span> <span class='ocrx_word' id='word_1_254' title='bbox 1538 3385 1650 3422; x_wconf 86' lang='lat' dir='ltr'><strong>cum</strong></span> <span class='ocrx_word' id='word_1_255' title='bbox 1688 3370 1947 3422; x_wconf 85' lang='lat' dir='ltr'><strong>educerem</strong></span> <span class='ocrx_word' id='word_1_256' title='bbox 1984 3386 2065 3422; x_wconf 84' lang='lat' dir='ltr'><strong>eos</strong></span> <span class='ocrx_word' id='word_1_257' title='bbox 2094 3370 2155 3424; x_wconf 87' lang='lat' dir='ltr'><strong>de</strong></span> 
     </span>
    </p>
   </div>
   <div class='ocr_carea' id='block_1_36' title="bbox 572 3459 2152 3532">
    <p class='ocr_par' dir='ltr' id='par_1_36' title="bbox 572 3459 2152 3532">
     <span class='ocr_line' id='line_1_36' title="bbox 572 3459 2152 3532; baseline 0.001 -19"><span class='ocrx_word' id='word_1_258' title='bbox 572 3473 707 3515; x_wconf 81' lang='lat' dir='ltr'><strong>terra</strong></span> <span class='ocrx_word' id='word_1_259' title='bbox 747 3462 964 3532; x_wconf 66' lang='lat' dir='ltr'><strong>A&#39;Iggpti</strong></span> <span class='ocrx_word' id='word_1_260' title='bbox 995 3460 1208 3531; x_wconf 82' lang='lat' dir='ltr'><strong>(Jerem.</strong></span> <span class='ocrx_word' id='word_1_261' title='bbox 1237 3477 1396 3522; x_wconf 75' lang='lat' dir='ltr'><strong>XXXI.</strong></span> <span class='ocrx_word' id='word_1_262' title='bbox 1444 3461 1500 3515; x_wconf 79' lang='grc'><strong>51</strong></span> <span class='ocrx_word' id='word_1_263' title='bbox 1534 3471 1580 3513; x_wconf 87' lang='lat' dir='ltr'><strong>et</strong></span> <span class='ocrx_word' id='word_1_264' title='bbox 1621 3461 1730 3530; x_wconf 67' lang='lat'><strong>52).</strong></span> <span class='ocrx_word' id='word_1_265' title='bbox 1760 3459 2152 3514; x_wconf 81' lang='lat' dir='ltr'><strong>TeStatnentum</strong></span> 
     </span>
    </p>
   </div>
   <div class='ocr_carea' id='block_1_37' title="bbox 578 3551 2155 3620">
    <p class='ocr_par' dir='ltr' id='par_1_37' title="bbox 578 3551 2155 3620">
     <span class='ocr_line' id='line_1_37' title="bbox 578 3551 2155 3620; baseline -0.001 -16"><span class='ocrx_word' id='word_1_266' title='bbox 578 3553 645 3605; x_wconf 87' lang='lat' dir='ltr'><strong>ibi</strong></span> <span class='ocrx_word' id='word_1_267' title='bbox 690 3555 1026 3620; x_wconf 65' lang='lat' dir='ltr'><strong>promiSsum,</strong></span> <span class='ocrx_word' id='word_1_268' title='bbox 1073 3551 1159 3606; x_wconf 89' lang='lat' dir='ltr'><strong>ltic</strong></span> <span class='ocrx_word' id='word_1_269' title='bbox 1196 3552 1490 3613; x_wconf 87' lang='lat' dir='ltr'><strong>redditum;</strong></span> <span class='ocrx_word' id='word_1_270' title='bbox 1535 3552 1849 3620; x_wconf 87' lang='lat' dir='ltr'><strong>promissum</strong></span> <span class='ocrx_word' id='word_1_271' title='bbox 1895 3567 1989 3619; x_wconf 81' lang='lat' dir='ltr'><strong>per</strong></span> <span class='ocrx_word' id='word_1_272' title='bbox 2026 3552 2155 3605; x_wconf 87' lang='lat' dir='ltr'><strong>Pro-</strong></span> 
     </span>
    </p>
   </div>
   <div class='ocr_carea' id='block_1_38' title="bbox 579 3640 2157 3710">
    <p class='ocr_par' dir='ltr' id='par_1_38' title="bbox 579 3640 2157 3710">
     <span class='ocr_line' id='line_1_38' title="bbox 579 3640 2157 3710; baseline 0.003 -20"><span class='ocrx_word' id='word_1_273' title='bbox 579 3644 810 3709; x_wconf 71' lang='lat' dir='ltr'><strong>phetam,</strong></span> <span class='ocrx_word' id='word_1_274' title='bbox 843 3642 1100 3695; x_wconf 87' lang='lat' dir='ltr'><strong>redditum</strong></span> <span class='ocrx_word' id='word_1_275' title='bbox 1135 3658 1227 3709; x_wconf 88' lang='lat' dir='ltr'><strong>per</strong></span> <span class='ocrx_word' id='word_1_276' title='bbox 1256 3642 1534 3695; x_wconf 87' lang='lat' dir='ltr'><strong>Dominum</strong></span> <span class='ocrx_word' id='word_1_277' title='bbox 1558 3640 1958 3710; x_wconf 84' lang='lat' dir='ltr'><strong>Prophetarum.</strong></span> <span class='ocrx_word' id='word_1_278' title='bbox 1978 3641 2157 3695; x_wconf 86' lang='lat' dir='ltr'><strong>Testa-</strong></span> 
     </span>
    </p>
   </div>
   <div class='ocr_carea' id='block_1_39' title="bbox 580 3733 2152 3804">
    <p class='ocr_par' dir='ltr' id='par_1_39' title="bbox 580 3733 2152 3804">
     <span class='ocr_line' id='line_1_39' title="bbox 580 3733 2152 3804; baseline 0.003 -19"><span class='ocrx_word' id='word_1_279' title='bbox 580 3746 814 3787; x_wconf 83' lang='lat' dir='ltr'><strong>mentum</strong></span> <span class='ocrx_word' id='word_1_280' title='bbox 864 3735 987 3789; x_wconf 91' lang='lat' dir='ltr'><strong>illud</strong></span> <span class='ocrx_word' id='word_1_281' title='bbox 1028 3736 1167 3804; x_wconf 88' lang='lat' dir='ltr'><strong>quod</strong></span> <span class='ocrx_word' id='word_1_282' title='bbox 1205 3735 1398 3788; x_wconf 89' lang='lat' dir='ltr'><strong>dicitur</strong></span> <span class='ocrx_word' id='word_1_283' title='bbox 1425 3733 1606 3798; x_wconf 77' lang='lat' dir='ltr'><strong>Vetus,</strong></span> <span class='ocrx_word' id='word_1_284' title='bbox 1652 3737 1826 3804; x_wconf 85' lang='lat' dir='ltr'><strong>legite,</strong></span> <span class='ocrx_word' id='word_1_285' title='bbox 1868 3745 1922 3789; x_wconf 90' lang='lat' dir='ltr'><strong>et</strong></span> <span class='ocrx_word' id='word_1_286' title='bbox 1961 3736 2152 3790; x_wconf 83' lang='lat' dir='ltr'><strong>videte.</strong></span> 
     </span>
    </p>
   </div>
   <div class='ocr_carea' id='block_1_40' title="bbox 579 3823 2156 3895">
    <p class='ocr_par' dir='ltr' id='par_1_40' title="bbox 579 3823 2156 3895">
     <span class='ocr_line' id='line_1_40' title="bbox 579 3823 2156 3895; baseline 0.001 -18"><span class='ocrx_word' id='word_1_287' title='bbox 579 3823 683 3877; x_wconf 78' lang='lat' dir='ltr'><strong>Lex</strong></span> <span class='ocrx_word' id='word_1_288' title='bbox 715 3825 802 3878; x_wconf 82' lang='lat' dir='ltr'><strong>Dei</strong></span> <span class='ocrx_word' id='word_1_289' title='bbox 828 3824 946 3877; x_wconf 87' lang='lat' dir='ltr'><strong>data</strong></span> <span class='ocrx_word' id='word_1_290' title='bbox 975 3835 1049 3877; x_wconf 89' lang='lat' dir='ltr'><strong>est</strong></span> <span class='ocrx_word' id='word_1_291' title='bbox 1078 3826 1233 3878; x_wconf 87' lang='lat' dir='ltr'><strong>ctiattt</strong></span> <span class='ocrx_word' id='word_1_292' title='bbox 1258 3835 1400 3886; x_wconf 89' lang='lat' dir='ltr'><strong>tunc,</strong></span> <span class='ocrx_word' id='word_1_293' title='bbox 1431 3825 1606 3893; x_wconf 77' lang='lat' dir='ltr'><strong>legite,</strong></span> <span class='ocrx_word' id='word_1_294' title='bbox 1636 3826 1717 3879; x_wconf 84' lang='lat' dir='ltr'><strong>vel</strong></span> <span class='ocrx_word' id='word_1_295' title='bbox 1744 3826 1921 3879; x_wconf 88' lang='lat' dir='ltr'><strong>audite</strong></span> <span class='ocrx_word' id='word_1_296' title='bbox 1946 3826 2156 3895; x_wconf 89' lang='lat' dir='ltr'><strong>quando</strong></span> 
     </span>
    </p>
   </div>
   <div class='ocr_carea' id='block_1_41' title="bbox 582 3915 2155 3984">
    <p class='ocr_par' dir='ltr' id='par_1_41' title="bbox 582 3915 2155 3984">
     <span class='ocr_line' id='line_1_41' title="bbox 582 3915 2155 3984; baseline 0.001 -16"><span class='ocrx_word' id='word_1_297' title='bbox 582 3918 788 3984; x_wconf 76' lang='lat' dir='ltr'><strong>legitur,</strong></span> <span class='ocrx_word' id='word_1_298' title='bbox 819 3925 872 3969; x_wconf 92' lang='lat' dir='ltr'><strong>ct</strong></span> <span class='ocrx_word' id='word_1_299' title='bbox 902 3915 1073 3969; x_wconf 82' lang='lat' dir='ltr'><strong>videte</strong></span> <span class='ocrx_word' id='word_1_300' title='bbox 1104 3930 1220 3983; x_wconf 72' lang='lat' dir='ltr'><strong>quae</strong></span> <span class='ocrx_word' id='word_1_301' title='bbox 1248 3915 1315 3966; x_wconf 85' lang='lat' dir='ltr'><strong>ibi</strong></span> <span class='ocrx_word' id='word_1_302' title='bbox 1349 3915 1603 3983; x_wconf 85' lang='lat' dir='ltr'><strong>promissa</strong></span> <span class='ocrx_word' id='word_1_303' title='bbox 1637 3915 1853 3969; x_wconf 84' lang='lat' dir='ltr'><strong>fuerint.</strong></span> <span class='ocrx_word' id='word_1_304' title='bbox 1888 3916 2155 3970; x_wconf 85' lang='lat' dir='ltr'><strong>Promissa</strong></span> 
     </span>
    </p>
   </div>
   <div class='ocr_carea' id='block_1_42' title="bbox 577 4004 2155 4070">
    <p class='ocr_par' dir='ltr' id='par_1_42' title="bbox 577 4004 2155 4070">
     <span class='ocr_line' id='line_1_42' title="bbox 577 4004 2155 4070; baseline 0.001 -12"><span class='ocrx_word' id='word_1_305' title='bbox 577 4018 658 4059; x_wconf 84' lang='lat' dir='ltr'><strong>est</strong></span> <span class='ocrx_word' id='word_1_306' title='bbox 690 4006 780 4060; x_wconf 91' lang='lat' dir='ltr'><strong>tibi</strong></span> <span class='ocrx_word' id='word_1_307' title='bbox 812 4017 950 4061; x_wconf 85' lang='lat' dir='ltr'><strong>terra</strong></span> <span class='ocrx_word' id='word_1_308' title='bbox 985 4017 1168 4070; x_wconf 64' lang='lat' dir='ltr'><strong>territt;</strong></span> <span class='ocrx_word' id='word_1_309' title='bbox 1211 4015 1349 4059; x_wconf 85' lang='lat' dir='ltr'><strong>terra</strong></span> <span class='ocrx_word' id='word_1_310' title='bbox 1388 4004 1556 4058; x_wconf 81' lang='lat' dir='ltr'><strong>ﬂuens</strong></span> <span class='ocrx_word' id='word_1_311' title='bbox 1598 4005 1731 4059; x_wconf 89' lang='lat' dir='ltr'><strong>lacte</strong></span> <span class='ocrx_word' id='word_1_312' title='bbox 1761 4019 1812 4059; x_wconf 85' lang='lat' dir='ltr'><strong>et</strong></span> <span class='ocrx_word' id='word_1_313' title='bbox 1843 4007 2029 4069; x_wconf 86' lang='lat' dir='ltr'><strong>melle;</strong></span> <span class='ocrx_word' id='word_1_314' title='bbox 2063 4006 2155 4061; x_wconf 90' lang='lat' dir='ltr'><strong>sed</strong></span> 
     </span>
    </p>
   </div>
   <div class='ocr_carea' id='block_1_43' title="bbox 582 4096 2155 4165">
    <p class='ocr_par' dir='ltr' id='par_1_43' title="bbox 582 4096 2155 4165">
     <span class='ocr_line' id='line_1_43' title="bbox 582 4096 2155 4165; baseline 0 -15"><span class='ocrx_word' id='word_1_315' title='bbox 582 4108 755 4150; x_wconf 84' lang='lat' dir='ltr'><strong>tamen</strong></span> <span class='ocrx_word' id='word_1_316' title='bbox 803 4106 960 4151; x_wconf 82' lang='lat' dir='ltr'><strong>terra.</strong></span> <span class='ocrx_word' id='word_1_317' title='bbox 1005 4096 1378 4151; x_wconf 83' lang='lat' dir='ltr'><strong>Verumtamen</strong></span> <span class='ocrx_word' id='word_1_318' title='bbox 1423 4097 1467 4149; x_wconf 83' lang='lat' dir='ltr'><strong>si</strong></span> <span class='ocrx_word' id='word_1_319' title='bbox 1516 4096 1869 4163; x_wconf 76' lang='lat' dir='ltr'><strong>intelligamus</strong></span> <span class='ocrx_word' id='word_1_320' title='bbox 1906 4098 2155 4165; x_wconf 83' lang='lat' dir='ltr'><strong>Spiritua-</strong></span> 
     </span>
    </p>
   </div>
   <div class='ocr_carea' id='block_1_44' title="bbox 581 4186 2152 4258">
    <p class='ocr_par' dir='ltr' id='par_1_44' title="bbox 581 4186 2152 4258">
     <span class='ocr_line' id='line_1_44' title="bbox 581 4186 2152 4258; baseline 0.001 -19"><span class='ocrx_word' id='word_1_321' title='bbox 581 4187 698 4240; x_wconf 86' lang='lat' dir='ltr'><strong>liter</strong></span> <span class='ocrx_word' id='word_1_322' title='bbox 741 4186 981 4258; x_wconf 89' lang='lat' dir='ltr'><strong>(quando</strong></span> <span class='ocrx_word' id='word_1_323' title='bbox 1025 4203 1128 4239; x_wconf 86' lang='lat' dir='ltr'><strong>non</strong></span> <span class='ocrx_word' id='word_1_324' title='bbox 1178 4188 1260 4239; x_wconf 91' lang='lat' dir='ltr'><strong>illa</strong></span> <span class='ocrx_word' id='word_1_325' title='bbox 1309 4198 1445 4241; x_wconf 87' lang='lat' dir='ltr'><strong>terra</strong></span> <span class='ocrx_word' id='word_1_326' title='bbox 1491 4187 1640 4240; x_wconf 76' lang='lat' dir='ltr'><strong>lluxit</strong></span> <span class='ocrx_word' id='word_1_327' title='bbox 1678 4188 1811 4241; x_wconf 82' lang='lat' dir='ltr'><strong>lacte</strong></span> <span class='ocrx_word' id='word_1_328' title='bbox 1851 4197 1906 4240; x_wconf 88' lang='lat' dir='ltr'><strong>et</strong></span> <span class='ocrx_word' id='word_1_329' title='bbox 1945 4186 2152 4257; x_wconf 88' lang='lat' dir='ltr'><strong>melle),</strong></span> 
     </span>
    </p>
   </div>
   <div class='ocr_carea' id='block_1_45' title="bbox 579 4276 2156 4345">
    <p class='ocr_par' dir='ltr' id='par_1_45' title="bbox 579 4276 2156 4345">
     <span class='ocr_line' id='line_1_45' title="bbox 579 4276 2156 4345; baseline -0.001 -15"><span class='ocrx_word' id='word_1_330' title='bbox 579 4280 679 4331; x_wconf 90' lang='lat' dir='ltr'><strong>alia</strong></span> <span class='ocrx_word' id='word_1_331' title='bbox 720 4286 801 4331; x_wconf 83' lang='lat' dir='ltr'><strong>est</strong></span> <span class='ocrx_word' id='word_1_332' title='bbox 839 4288 976 4331; x_wconf 87' lang='lat' dir='ltr'><strong>terra</strong></span> <span class='ocrx_word' id='word_1_333' title='bbox 1014 4292 1129 4345; x_wconf 68' lang='lat' dir='ltr'><strong>qua-</strong></span> <span class='ocrx_word' id='word_1_334' title='bbox 1161 4276 1285 4330; x_wconf 84' lang='lat' dir='ltr'><strong>lluet</strong></span> <span class='ocrx_word' id='word_1_335' title='bbox 1323 4280 1453 4331; x_wconf 88' lang='lat' dir='ltr'><strong>lacte</strong></span> <span class='ocrx_word' id='word_1_336' title='bbox 1488 4283 1540 4330; x_wconf 84' lang='lat' dir='ltr'><strong>et</strong></span> <span class='ocrx_word' id='word_1_337' title='bbox 1583 4280 1765 4338; x_wconf 81' lang='lat' dir='ltr'><strong>melle;</strong></span> <span class='ocrx_word' id='word_1_338' title='bbox 1797 4290 1930 4332; x_wconf 78' lang='lat' dir='ltr'><strong>terra</strong></span> <span class='ocrx_word' id='word_1_339' title='bbox 1977 4279 2061 4331; x_wconf 88' lang='lat' dir='ltr'><strong>illa</strong></span> <span class='ocrx_word' id='word_1_340' title='bbox 2092 4279 2156 4331; x_wconf 83' lang='lat' dir='ltr'><strong>de</strong></span> 
     </span>
    </p>
   </div>
   <div class='ocr_carea' id='block_1_46' title="bbox 582 4365 2157 4435">
    <p class='ocr_par' dir='ltr' id='par_1_46' title="bbox 582 4365 2157 4435">
     <span class='ocr_line' id='line_1_46' title="bbox 582 4365 2157 4435; baseline 0.002 -18"><span class='ocrx_word' id='word_1_341' title='bbox 582 4384 683 4434; x_wconf 86' lang='lat' dir='ltr'><strong>qua</strong></span> <span class='ocrx_word' id='word_1_342' title='bbox 714 4367 925 4432; x_wconf 79' lang='lat' dir='ltr'><strong>dicitur,</strong></span> <span class='ocrx_word' id='word_1_343' title='bbox 958 4365 1088 4433; x_wconf 85' lang='lat' dir='ltr'><strong>Spes</strong></span> <span class='ocrx_word' id='word_1_344' title='bbox 1116 4382 1225 4418; x_wconf 81' lang='lat' dir='ltr'><strong>mea</strong></span> <span class='ocrx_word' id='word_1_345' title='bbox 1253 4384 1301 4417; x_wconf 83' lang='lat' dir='ltr'><strong>es</strong></span> <span class='ocrx_word' id='word_1_346' title='bbox 1330 4374 1401 4428; x_wconf 89' lang='lat' dir='ltr'><strong>tu,</strong></span> <span class='ocrx_word' id='word_1_347' title='bbox 1434 4368 1594 4435; x_wconf 83' lang='lat' dir='ltr'><strong>portio</strong></span> <span class='ocrx_word' id='word_1_348' title='bbox 1617 4384 1730 4419; x_wconf 80' lang='lat' dir='ltr'><strong>mea</strong></span> <span class='ocrx_word' id='word_1_349' title='bbox 1760 4371 1808 4419; x_wconf 86' lang='lat' dir='ltr'><strong>in</strong></span> <span class='ocrx_word' id='word_1_350' title='bbox 1836 4380 1967 4420; x_wconf 84' lang='lat' dir='ltr'><strong>terra</strong></span> <span class='ocrx_word' id='word_1_351' title='bbox 1997 4370 2157 4420; x_wconf 72' lang='lat' dir='ltr'><strong>elven-</strong></span> 
     </span>
    </p>
   </div>
   <div class='ocr_carea' id='block_1_47' title="bbox 582 4456 2152 4528">
    <p class='ocr_par' dir='ltr' id='par_1_47' title="bbox 582 4456 2152 4528">
     <span class='ocr_line' id='line_1_47' title="bbox 582 4456 2152 4528; baseline 0.001 -20"><span class='ocrx_word' id='word_1_352' title='bbox 582 4461 703 4508; x_wconf 84' lang='lat' dir='ltr'><strong>tinm</strong></span> <span class='ocrx_word' id='word_1_353' title='bbox 734 4456 901 4528; x_wconf 66' lang='grc' dir='ltr'><strong>(υκαι.</strong></span> <span class='ocrx_word' id='word_1_354' title='bbox 926 4472 1067 4521; x_wconf 80' lang='lat' dir='ltr'><strong>cht,</strong></span> <span class='ocrx_word' id='word_1_355' title='bbox 1097 4456 1173 4523; x_wconf 85' lang='lat' dir='ltr'><strong>ti).</strong></span> <span class='ocrx_word' id='word_1_356' title='bbox 1210 4456 1330 4509; x_wconf 81' lang='lat' dir='ltr'><strong>llu-c</strong></span> <span class='ocrx_word' id='word_1_357' title='bbox 1360 4457 1499 4509; x_wconf 89' lang='lat' dir='ltr'><strong>enim</strong></span> <span class='ocrx_word' id='word_1_358' title='bbox 1529 4465 1666 4509; x_wconf 87' lang='lat' dir='ltr'><strong>terra</strong></span> <span class='ocrx_word' id='word_1_359' title='bbox 1698 4460 2030 4511; x_wconf 84' lang='lat' dir='ltr'><strong>nmrieutium</strong></span> <span class='ocrx_word' id='word_1_360' title='bbox 2053 4470 2152 4511; x_wconf 73' lang='lat' dir='ltr'><strong>est.</strong></span> 
     </span>
    </p>
   </div>
   <div class='ocr_carea' id='block_1_48' title="bbox 653 4546 2157 4615">
    <p class='ocr_par' dir='ltr' id='par_1_48' title="bbox 653 4546 2157 4615">
     <span class='ocr_line' id='line_1_48' title="bbox 653 4546 2157 4615; baseline -0.001 -13"><span class='ocrx_word' id='word_1_361' title='bbox 653 4546 878 4603; x_wconf 70' lang='lat' dir='ltr'><strong>CAPUT</strong></span> <span class='ocrx_word' id='word_1_362' title='bbox 924 4547 985 4601; x_wconf 90' lang='lat' dir='ltr'><strong>ll.</strong></span> <span class='ocrx_word' id='word_1_363' title='bbox 1030 4577 1099 4588; x_wconf 68' lang='grc' dir='ltr'><strong>-υ-</strong></span> <span class='ocrx_word' id='word_1_364' title='bbox 1137 4546 1242 4600; x_wconf 87' lang='lat' dir='ltr'><strong>Lac</strong></span> <span class='ocrx_word' id='word_1_365' title='bbox 1284 4556 1336 4599; x_wconf 84' lang='lat' dir='ltr'><strong>et</strong></span> <span class='ocrx_word' id='word_1_366' title='bbox 1383 4547 1485 4599; x_wconf 88' lang='lat' dir='ltr'><strong>tttel</strong></span> <span class='ocrx_word' id='word_1_367' title='bbox 1541 4549 1819 4615; x_wconf 65' lang='lat' dir='ltr'><strong>qttieritis?</strong></span> <span class='ocrx_word' id='word_1_368' title='bbox 1862 4548 2066 4601; x_wconf 76' lang='lat' dir='ltr'><strong>Gustata</strong></span> <span class='ocrx_word' id='word_1_369' title='bbox 2110 4561 2157 4601; x_wconf 79' lang='lat' dir='ltr'><strong>et</strong></span> 
     </span>
    </p>
   </div>
   <div class='ocr_carea' id='block_1_49' title="bbox 585 4636 2155 4707">
    <p class='ocr_par' dir='ltr' id='par_1_49' title="bbox 585 4636 2155 4707">
     <span class='ocr_line' id='line_1_49' title="bbox 585 4636 2155 4707; baseline 0.001 -17"><span class='ocrx_word' id='word_1_370' title='bbox 585 4642 741 4692; x_wconf 68' lang='lat' dir='ltr'><strong>videte</strong></span> <span class='ocrx_word' id='word_1_371' title='bbox 760 4656 908 4707; x_wconf 81' lang='lat' dir='ltr'><strong>quant</strong></span> <span class='ocrx_word' id='word_1_372' title='bbox 930 4637 1096 4693; x_wconf 78' lang='lat' dir='ltr'><strong>suavis</strong></span> <span class='ocrx_word' id='word_1_373' title='bbox 1119 4646 1187 4690; x_wconf 83' lang='lat' dir='ltr'><strong>est</strong></span> <span class='ocrx_word' id='word_1_374' title='bbox 1212 4636 1456 4689; x_wconf 83' lang='lat' dir='ltr'><strong>Dominus</strong></span> <span class='ocrx_word' id='word_1_375' title='bbox 1478 4637 1643 4705; x_wconf 78' lang='lat' dir='ltr'><strong>(Psal.</strong></span> <span class='ocrx_word' id='word_1_376' title='bbox 1674 4654 1858 4701; x_wconf 64' lang='lat' dir='ltr'><strong>xum,</strong></span> <span class='ocrx_word' id='word_1_377' title='bbox 1882 4641 1955 4706; x_wconf 83' lang='lat'><strong>9).</strong></span> <span class='ocrx_word' id='word_1_378' title='bbox 1979 4640 2155 4693; x_wconf 76' lang='lat' dir='ltr'><strong>Gratia</strong></span> 
     </span>
    </p>
   </div>
   <div class='ocr_carea' id='block_1_50' title="bbox 585 4730 2159 4799">
    <p class='ocr_par' dir='ltr' id='par_1_50' title="bbox 585 4730 2159 4799">
     <span class='ocr_line' id='line_1_50' title="bbox 585 4730 2159 4799; baseline 0.001 -16"><span class='ocrx_word' id='word_1_379' title='bbox 585 4732 701 4799; x_wconf 74' lang='lat' dir='ltr'><strong>ejus</strong></span> <span class='ocrx_word' id='word_1_380' title='bbox 727 4730 1013 4799; x_wconf 80' lang='lat' dir='ltr'><strong>significata</strong></span> <span class='ocrx_word' id='word_1_381' title='bbox 1044 4739 1122 4783; x_wconf 82' lang='lat' dir='ltr'><strong>cst</strong></span> <span class='ocrx_word' id='word_1_382' title='bbox 1152 4731 1364 4783; x_wconf 74' lang='lat' dir='ltr'><strong>nomine</strong></span> <span class='ocrx_word' id='word_1_383' title='bbox 1404 4730 1553 4782; x_wconf 76' lang='lat' dir='ltr'><strong>lactis</strong></span> <span class='ocrx_word' id='word_1_384' title='bbox 1580 4740 1625 4782; x_wconf 86' lang='lat' dir='ltr'><strong>et</strong></span> <span class='ocrx_word' id='word_1_385' title='bbox 1662 4731 1829 4782; x_wconf 60' lang='lat' dir='ltr'><strong>mellis</strong></span> <span class='ocrx_word' id='word_1_386' title='bbox 1865 4749 1875 4782; x_wconf 92' lang='lat'>:</span> <span class='ocrx_word' id='word_1_387' title='bbox 1909 4732 2077 4783; x_wconf 78' lang='lat' dir='ltr'><strong>duit-is</strong></span> <span class='ocrx_word' id='word_1_388' title='bbox 2107 4741 2159 4784; x_wconf 76' lang='lat' dir='ltr'><strong>et</strong></span> 
     </span>
    </p>
   </div>
   <div class='ocr_carea' id='block_1_51' title="bbox 587 4821 2161 4890">
    <p class='ocr_par' dir='ltr' id='par_1_51' title="bbox 587 4821 2161 4890">
     <span class='ocr_line' id='line_1_51' title="bbox 587 4821 2161 4890; baseline -0.001 -13"><span class='ocrx_word' id='word_1_389' title='bbox 587 4824 860 4877; x_wconf 80' lang='lat' dir='ltr'><strong>ttutt&#39;itoria</strong></span> <span class='ocrx_word' id='word_1_390' title='bbox 887 4832 987 4876; x_wconf 80' lang='lat' dir='ltr'><strong>est.</strong></span> <span class='ocrx_word' id='word_1_391' title='bbox 1014 4821 1137 4875; x_wconf 62' lang='lat' dir='ltr'><strong>Ilaec</strong></span> <span class='ocrx_word' id='word_1_392' title='bbox 1160 4830 1335 4874; x_wconf 84' lang='lat' dir='ltr'><strong>autem</strong></span> <span class='ocrx_word' id='word_1_393' title='bbox 1358 4822 1520 4890; x_wconf 76' lang='lat' dir='ltr'><strong>gratia</strong></span> <span class='ocrx_word' id='word_1_394' title='bbox 1551 4823 1599 4873; x_wconf 88' lang='lat' dir='ltr'><strong>in</strong></span> <span class='ocrx_word' id='word_1_395' title='bbox 1619 4821 2161 4876; x_wconf 65' lang='lat' dir='ltr'><strong>VetereTestantento</strong></span> 
     </span>
    </p>
   </div>
   <div class='ocr_carea' id='block_1_52' title="bbox 589 4913 1501 4987">
    <p class='ocr_par' dir='ltr' id='par_1_52' title="bbox 589 4913 1501 4987">
     <span class='ocr_line' id='line_1_52' title="bbox 589 4913 1501 4987; baseline -0.003 -19"><span class='ocrx_word' id='word_1_396' title='bbox 589 4916 827 4984; x_wconf 77' lang='lat' dir='ltr'><strong>figurata,</strong></span> <span class='ocrx_word' id='word_1_397' title='bbox 855 4914 907 4967; x_wconf 89' lang='lat' dir='ltr'><strong>itt</strong></span> <span class='ocrx_word' id='word_1_398' title='bbox 927 4913 1075 4968; x_wconf 82' lang='lat' dir='ltr'><strong>Novo</strong></span> <span class='ocrx_word' id='word_1_399' title='bbox 1104 4913 1351 4967; x_wconf 60' lang='lat' dir='ltr'><strong>revelata.</strong></span> <span class='ocrx_word' id='word_1_400' title='bbox 1497 4974 1501 4987; x_wconf 20' lang='grc' dir='ltr'>μ</span> 
     </span>
    </p>
   </div>
   <div class='ocr_carea' id='block_1_53' title="bbox 658 5001 2159 5077">
    <p class='ocr_par' dir='ltr' id='par_1_53' title="bbox 658 5001 2159 5077">
     <span class='ocr_line' id='line_1_53' title="bbox 658 5001 2159 5077; baseline -0.003 -18"><span class='ocrx_word' id='word_1_401' title='bbox 658 5009 709 5059; x_wconf 71' lang='grc'>2.</span> <span class='ocrx_word' id='word_1_402' title='bbox 750 5006 893 5077; x_wconf 80' lang='lat' dir='ltr'><strong>Legis</strong></span> <span class='ocrx_word' id='word_1_403' title='bbox 946 5005 1118 5059; x_wconf 70' lang='lat' dir='ltr'><strong>ueteris</strong></span> <span class='ocrx_word' id='word_1_404' title='bbox 1164 5005 1391 5061; x_wconf 69' lang='lat' dir='ltr'><strong>scrritus.</strong></span> <span class='ocrx_word' id='word_1_405' title='bbox 1420 5021 1530 5055; x_wconf 77' lang='lat' dir='ltr'><strong>cum</strong></span> <span class='ocrx_word' id='word_1_406' title='bbox 1577 5001 1712 5056; x_wconf 75' lang='lat' dir='ltr'><strong>Deus</strong></span> <span class='ocrx_word' id='word_1_407' title='bbox 1740 5004 1920 5057; x_wconf 83' lang='lat' dir='ltr'><strong>colitur</strong></span> <span class='ocrx_word' id='word_1_408' title='bbox 1960 5015 2159 5074; x_wconf 69' lang='lat' dir='ltr'><strong>promer</strong></span> 
     </span>
    </p>
   </div>
   <div class='ocr_carea' id='block_1_54' title="bbox 592 5095 2158 5165">
    <p class='ocr_par' dir='ltr' id='par_1_54' title="bbox 592 5095 2158 5165">
     <span class='ocr_line' id='line_1_54' title="bbox 592 5095 2158 5165; baseline -0.003 -17"><span class='ocrx_word' id='word_1_409' title='bbox 592 5106 807 5150; x_wconf 69' lang='lat' dir='ltr'><strong>terrena.</strong></span> <span class='ocrx_word' id='word_1_410' title='bbox 868 5097 1101 5165; x_wconf 73' lang='lat' dir='ltr'><strong>[leuique</strong></span> <span class='ocrx_word' id='word_1_411' title='bbox 1153 5095 1259 5150; x_wconf 76' lang='lat' dir='ltr'><strong>Lex</strong></span> <span class='ocrx_word' id='word_1_412' title='bbox 1315 5096 1437 5156; x_wconf 80' lang='lat' dir='ltr'><strong>illa,</strong></span> <span class='ocrx_word' id='word_1_413' title='bbox 1491 5103 1702 5162; x_wconf 69' lang='lat' dir='ltr'><strong>propter</strong></span> <span class='ocrx_word' id='word_1_414' title='bbox 1755 5109 1847 5148; x_wconf 78' lang='lat' dir='ltr'><strong>eos</strong></span> <span class='ocrx_word' id='word_1_415' title='bbox 1890 5096 1978 5160; x_wconf 73' lang='lat' dir='ltr'><strong>(tui</strong></span> <span class='ocrx_word' id='word_1_416' title='bbox 2039 5112 2158 5149; x_wconf 59' lang='lat' dir='ltr'><strong>cat“-</strong></span> 
     </span>
    </p>
   </div>
   <div class='ocr_carea' id='block_1_55' title="bbox 653 5246 2158 5311">
    <p class='ocr_par' dir='ltr' id='par_1_55' title="bbox 653 5246 2158 5311">
     <span class='ocr_line' id='line_1_55' title="bbox 653 5246 2158 5311; baseline 0.001 -14"><span class='ocrx_word' id='word_1_417' title='bbox 653 5253 666 5282; x_wconf 82' lang='grc'>¹</span> <span class='ocrx_word' id='word_1_418' title='bbox 697 5250 831 5306; x_wconf 76' lang='lat' dir='ltr'><strong>Bttiti,</strong></span> <span class='ocrx_word' id='word_1_419' title='bbox 860 5259 952 5296; x_wconf 72' lang='lat' dir='ltr'><strong>(ea:</strong></span> <span class='ocrx_word' id='word_1_420' title='bbox 968 5260 1093 5297; x_wconf 79' lang='lat' dir='ltr'><strong>enim</strong></span> <span class='ocrx_word' id='word_1_421' title='bbox 1115 5253 1490 5311; x_wconf 60' lang='lat' dir='ltr'><strong>prttrsagz&#39;unest</strong></span> <span class='ocrx_word' id='word_1_422' title='bbox 1508 5255 1784 5311; x_wconf 69' lang='lat' dir='ltr'><strong>“testamenti</strong></span> <span class='ocrx_word' id='word_1_423' title='bbox 1807 5246 1932 5311; x_wconf 67' lang='lat' dir='ltr'><strong>Novi.</strong></span> <span class='ocrx_word' id='word_1_424' title='bbox 1962 5256 2014 5296; x_wconf 85' lang='grc' dir='ltr'><strong>Αι</strong></span> <span class='ocrx_word' id='word_1_425' title='bbox 2035 5249 2158 5310; x_wconf 86' lang='lat' dir='ltr'><strong>opti-</strong></span> 
     </span>
    </p>
   </div>
   <div class='ocr_carea' id='block_1_56' title="bbox 591 5307 2159 5372">
    <p class='ocr_par' dir='ltr' id='par_1_56' title="bbox 591 5307 2159 5372">
     <span class='ocr_line' id='line_1_56' title="bbox 591 5307 2159 5372; baseline -0.002 -11"><span class='ocrx_word' id='word_1_426' title='bbox 591 5324 682 5361; x_wconf 66' lang='lat' dir='ltr'><strong>ttite</strong></span> <span class='ocrx_word' id='word_1_427' title='bbox 720 5307 1203 5372; x_wconf 10' lang='lat' dir='ltr'><strong>tiotaagcermaneusis</strong></span> <span class='ocrx_word' id='word_1_428' title='bbox 1224 5307 1305 5372; x_wconf 61' lang='lat' dir='ltr'><strong>ais.</strong></span> <span class='ocrx_word' id='word_1_429' title='bbox 1330 5321 1423 5355; x_wconf 85' lang='lat' dir='ltr'><strong>non</strong></span> <span class='ocrx_word' id='word_1_430' title='bbox 1457 5308 1635 5372; x_wconf 73' lang='lat' dir='ltr'><strong>habet,</strong></span> <span class='ocrx_word' id='word_1_431' title='bbox 1662 5307 1950 5372; x_wconf 65' lang='lat' dir='ltr'><strong>praesagium</strong></span> <span class='ocrx_word' id='word_1_432' title='bbox 1971 5307 2080 5372; x_wconf 58' lang='lat' dir='ltr'><strong>est.‘</strong></span> <span class='ocrx_word' id='word_1_433' title='bbox 2096 5316 2159 5358; x_wconf 73' lang='lat' dir='ltr'><strong>t-Lx</strong></span> 
     </span>
    </p>
   </div>
   <div class='ocr_carea' id='block_1_57' title="bbox 589 5369 2159 5482">
    <p class='ocr_par' dir='ltr' id='par_1_57' title="bbox 589 5369 2159 5482">
     <span class='ocr_line' id='line_1_57' title="bbox 589 5369 2159 5482; baseline -0.002 -61"><span class='ocrx_word' id='word_1_434' title='bbox 589 5387 685 5482; x_wconf 52' lang='lat' dir='ltr'><strong>(me</strong></span> <span class='ocrx_word' id='word_1_435' title='bbox 717 5370 996 5478; x_wconf 53' lang='grc' dir='ltr'><strong>ἱιιιυιιίρχῗῖιειἸ</strong></span> <span class='ocrx_word' id='word_1_436' title='bbox 1017 5376 1194 5432; x_wconf 69' lang='lat' dir='ltr'><strong>Legem</strong></span> <span class='ocrx_word' id='word_1_437' title='bbox 1228 5369 1306 5418; x_wconf 83' lang='lat' dir='ltr'><strong>hic</strong></span> <span class='ocrx_word' id='word_1_438' title='bbox 1347 5370 1639 5417; x_wconf 80' lang='lat' dir='ltr'><strong>&#39;I‘cstamenti</strong></span> <span class='ocrx_word' id='word_1_439' title='bbox 1665 5369 2159 5433; x_wconf 24' lang='lat' dir='ltr'><strong>&#39;ts‘ovi,wﬁvangelitun</strong></span> 
     </span>
     <span class='ocr_line' id='line_1_58' title="bbox 611 5443 1014 5482; baseline -0.012 0"><span class='ocrx_word' id='word_1_440' title='bbox 611 5449 744 5482; x_wconf 68' lang='lat' dir='ltr'><strong>LSIIIII</strong></span> <span class='ocrx_word' id='word_1_441' title='bbox 767 5445 891 5482; x_wconf 73' lang='lat' dir='ltr'><strong>antu,</strong></span> <span class='ocrx_word' id='word_1_442' title='bbox 929 5443 1014 5480; x_wconf 86' lang='lat' dir='ltr'><strong>art.</strong></span> 
     </span>
    </p>
   </div>
   <div class='ocr_carea' id='block_1_58' title="bbox 637 5443 1014 5492">
    <p class='ocr_par' dir='ltr' id='par_1_58' title="bbox 637 5443 1014 5492">
     <span class='ocr_line' id='line_1_59' title="bbox 637 5443 1014 5492; baseline -0.013 -10"><span class='ocrx_word' id='word_1_443' title='bbox 637 5449 744 5482; x_wconf 68' lang='lat' dir='ltr'><strong>8H&quot;!</strong></span> <span class='ocrx_word' id='word_1_444' title='bbox 767 5443 1014 5492; x_wconf 60' lang='grc' dir='ltr'><strong>αιηηιιιειιί.</strong></span> 
     </span>
    </p>
   </div>
   <div class='ocr_carea' id='block_1_59' title="bbox 610 5450 2164 5555">
    <p class='ocr_par' dir='ltr' id='par_1_59' title="bbox 610 5450 2164 5555">
     <span class='ocr_line' id='line_1_60' title="bbox 652 5450 1014 5481; baseline 0.011 -8"><span class='ocrx_word' id='word_1_445' title='bbox 652 5450 659 5456; x_wconf 79' lang='lat'><strong><em>’</em></strong></span> <span class='ocrx_word' id='word_1_446' title='bbox 767 5465 780 5481; x_wconf 66' lang='grc' dir='ltr'>α</span> <span class='ocrx_word' id='word_1_447' title='bbox 816 5450 828 5476; x_wconf 77' lang='grc'><strong>)</strong></span> <span class='ocrx_word' id='word_1_448' title='bbox 849 5450 979 5479; x_wconf 57' lang='grc' dir='ltr'><strong>ΗᾸΙἍΓ</strong></span> <span class='ocrx_word' id='word_1_449' title='bbox 1005 5468 1014 5477; x_wconf 87' lang='grc'>.</span> 
     </span>
     <span class='ocr_line' id='line_1_61' title="bbox 610 5450 2164 5555; baseline 0.013 -23"><span class='ocrx_word' id='word_1_450' title='bbox 610 5450 912 5544; x_wconf 43' lang='grc' dir='ltr'><strong>ι’ξιητςιῖέἓιιιιι</strong></span> <span class='ocrx_word' id='word_1_451' title='bbox 958 5450 1207 5541; x_wconf 64' lang='lat' dir='ltr'><strong>hlahuiiuus</strong></span> <span class='ocrx_word' id='word_1_452' title='bbox 1229 5498 1307 5539; x_wconf 78' lang='lat' dir='ltr'><strong>Ms.</strong></span> <span class='ocrx_word' id='word_1_453' title='bbox 1336 5491 1586 5555; x_wconf 63' lang='lat' dir='ltr'><strong>exemplar</strong></span> <span class='ocrx_word' id='word_1_454' title='bbox 1623 5505 1696 5555; x_wconf 80' lang='lat' dir='ltr'><strong>gr.</strong></span> <span class='ocrx_word' id='word_1_455' title='bbox 1724 5498 1901 5553; x_wconf 51' lang='lat' dir='ltr'><strong>prater</strong></span> <span class='ocrx_word' id='word_1_456' title='bbox 1926 5493 2164 5543; x_wconf 69' lang='grc' dir='ltr'><strong>θιῒίιίωῑιεὶ</strong></span> 
     </span>
    </p>
   </div>
   <div class='ocr_carea' id='block_1_60' title="bbox 594 5554 1060 5604">
    <p class='ocr_par' dir='ltr' id='par_1_60' title="bbox 594 5554 1060 5604">
     <span class='ocr_line' id='line_1_62' title="bbox 594 5554 1060 5604; baseline -0.004 -1"><span class='ocrx_word' id='word_1_457' title='bbox 594 5554 727 5603; x_wconf 78' lang='lat' dir='ltr'><strong>L‘lim.</strong></span> <span class='ocrx_word' id='word_1_458' title='bbox 754 5564 851 5602; x_wconf 62' lang='lat' dir='ltr'><strong>t‘ar.</strong></span> <span class='ocrx_word' id='word_1_459' title='bbox 880 5563 930 5604; x_wconf 83' lang='lat' dir='ltr'><strong>et</strong></span> <span class='ocrx_word' id='word_1_460' title='bbox 952 5563 1060 5602; x_wconf 71' lang='lat' dir='ltr'><strong>Lor.</strong></span> 
     </span>
    </p>
   </div>
   <div class='ocr_carea' id='block_1_61' title="bbox 654 5615 1291 5675">
    <p class='ocr_par' dir='ltr' id='par_1_61' title="bbox 654 5615 1291 5675">
     <span class='ocr_line' id='line_1_63' title="bbox 654 5615 1291 5675; baseline -0.006 -10"><span class='ocrx_word' id='word_1_461' title='bbox 654 5620 724 5675; x_wconf 78' lang='lat' dir='ltr'><strong>(ul</strong></span> <span class='ocrx_word' id='word_1_462' title='bbox 758 5615 884 5674; x_wconf 54' lang='lat' dir='ltr'><strong>sliat,</strong></span> <span class='ocrx_word' id='word_1_463' title='bbox 902 5618 964 5663; x_wconf 79' lang='lat' dir='ltr'><strong>de</strong></span> <span class='ocrx_word' id='word_1_464' title='bbox 991 5616 1193 5664; x_wconf 68' lang='lat' dir='ltr'><strong>bivet‘sis</strong></span> <span class='ocrx_word' id='word_1_465' title='bbox 1221 5617 1291 5663; x_wconf 78' lang='lat' dir='ltr'><strong>ID.</strong></span> 
     </span>
    </p>
   </div>
   <div class='ocr_carea' id='block_1_62' title="bbox 1781 190 2582 271">
    <p class='ocr_par' dir='ltr' id='par_1_62' title="bbox 1781 190 2582 271">
     <span class='ocr_line' id='line_1_64' title="bbox 1781 190 2582 271; baseline -0.006 -23"><span class='ocrx_word' id='word_1_466' title='bbox 1781 195 1836 248; x_wconf 89' lang='lat' dir='ltr'><strong>s.</strong></span> <span class='ocrx_word' id='word_1_467' title='bbox 1881 191 2239 249; x_wconf 71' lang='lat' dir='ltr'><strong>.wcusrtau</strong></span> <span class='ocrx_word' id='word_1_468' title='bbox 2281 190 2582 271; x_wconf 70' lang='lat' dir='ltr'><strong>EPISCOPI</strong></span> 
     </span>
    </p>
   </div>
   <div class='ocr_carea' id='block_1_63' title="bbox 3718 190 3823 248">
    <p class='ocr_par' dir='ltr' id='par_1_63' title="bbox 3718 190 3823 248">
     <span class='ocr_line' id='line_1_65' title="bbox 3718 190 3823 248; baseline -0.057 -1"><span class='ocrx_word' id='word_1_469' title='bbox 3718 190 3823 248; x_wconf 76' lang='lat' dir='ltr'><strong>I68</strong></span> 
     </span>
    </p>
   </div>
   <div class='ocr_carea' id='block_1_64' title="bbox 2244 294 3824 374">
    <p class='ocr_par' dir='ltr' id='par_1_64' title="bbox 2244 294 3824 374">
     <span class='ocr_line' id='line_1_66' title="bbox 2244 294 3824 374; baseline 0.001 -14"><span class='ocrx_word' id='word_1_470' title='bbox 2244 305 2433 360; x_wconf 83' lang='lat' dir='ltr'><strong>naliter</strong></span> <span class='ocrx_word' id='word_1_471' title='bbox 2474 309 2703 373; x_wconf 83' lang='lat' dir='ltr'><strong>sapiunt,</strong></span> <span class='ocrx_word' id='word_1_472' title='bbox 2749 315 2797 358; x_wconf 86' lang='lat' dir='ltr'><strong>et</strong></span> <span class='ocrx_word' id='word_1_473' title='bbox 2841 304 2959 357; x_wconf 88' lang='lat' dir='ltr'><strong>talia</strong></span> <span class='ocrx_word' id='word_1_474' title='bbox 3022 304 3235 374; x_wconf 70' lang='lat' dir='ltr'><strong>praemia</strong></span> <span class='ocrx_word' id='word_1_475' title='bbox 3288 294 3528 373; x_wconf 64' lang='lat' dir='ltr'><strong>qtta&#39;t&#39;tttti</strong></span> <span class='ocrx_word' id='word_1_476' title='bbox 3578 320 3607 358; x_wconf 84' lang='lat' dir='ltr'><strong>a</strong></span> <span class='ocrx_word' id='word_1_477' title='bbox 3666 305 3775 361; x_wconf 71' lang='lat' dir='ltr'><strong>lico</strong></span> <span class='ocrx_word' id='word_1_478' title='bbox 3803 348 3824 374; x_wconf 81' lang='lat'><strong>,</strong></span> 
     </span>
    </p>
   </div>
   <div class='ocr_carea' id='block_1_65' title="bbox 2239 394 3823 471">
    <p class='ocr_par' dir='ltr' id='par_1_65' title="bbox 2239 394 3823 471">
     <span class='ocr_line' id='line_1_67' title="bbox 2239 394 3823 471; baseline 0.001 -21"><span class='ocrx_word' id='word_1_479' title='bbox 2239 406 2321 471; x_wconf 21' lang='lat' dir='ltr'><strong>et.</strong></span> <span class='ocrx_word' id='word_1_480' title='bbox 2349 405 2565 465; x_wconf 75' lang='lat' dir='ltr'><strong>propter</strong></span> <span class='ocrx_word' id='word_1_481' title='bbox 2613 395 2698 447; x_wconf 86' lang='lat' dir='ltr'><strong>illa</strong></span> <span class='ocrx_word' id='word_1_482' title='bbox 2755 395 2916 449; x_wconf 86' lang='lat' dir='ltr'><strong>Deum</strong></span> <span class='ocrx_word' id='word_1_483' title='bbox 2973 395 3152 448; x_wconf 80' lang='lat' dir='ltr'><strong>colere</strong></span> <span class='ocrx_word' id='word_1_484' title='bbox 3194 394 3376 448; x_wconf 86' lang='lat' dir='ltr'><strong>volunt</strong></span> <span class='ocrx_word' id='word_1_485' title='bbox 3421 411 3539 465; x_wconf 75' lang='lat' dir='ltr'><strong>qua:</strong></span> <span class='ocrx_word' id='word_1_486' title='bbox 3586 396 3666 452; x_wconf 81' lang='lat' dir='ltr'><strong>ibi</strong></span> <span class='ocrx_word' id='word_1_487' title='bbox 3696 414 3823 468; x_wconf 75' lang='lat' dir='ltr'><strong>pro-</strong></span> 
     </span>
    </p>
   </div>
   <div class='ocr_carea' id='block_1_66' title="bbox 2241 485 3819 557">
    <p class='ocr_par' dir='ltr' id='par_1_66' title="bbox 2241 485 3819 557">
     <span class='ocr_line' id='line_1_68' title="bbox 2241 485 3819 557; baseline 0.001 -18"><span class='ocrx_word' id='word_1_488' title='bbox 2241 488 2399 541; x_wconf 80' lang='lat' dir='ltr'><strong>missa</strong></span> <span class='ocrx_word' id='word_1_489' title='bbox 2440 495 2585 547; x_wconf 84' lang='lat' dir='ltr'><strong>sunt,</strong></span> <span class='ocrx_word' id='word_1_490' title='bbox 2628 485 2811 541; x_wconf 85' lang='lat' dir='ltr'><strong>audire</strong></span> <span class='ocrx_word' id='word_1_491' title='bbox 2852 486 3043 539; x_wconf 85' lang='lat' dir='ltr'><strong>meruit</strong></span> <span class='ocrx_word' id='word_1_492' title='bbox 3081 485 3148 537; x_wconf 85' lang='lat' dir='ltr'><strong>ab</strong></span> <span class='ocrx_word' id='word_1_493' title='bbox 3189 485 3434 554; x_wconf 75' lang='lat' dir='ltr'><strong>:qmstolo</strong></span> <span class='ocrx_word' id='word_1_494' title='bbox 3473 486 3655 552; x_wconf 84' lang='lat' dir='ltr'><strong>Paulo,</strong></span> <span class='ocrx_word' id='word_1_495' title='bbox 3693 492 3819 557; x_wconf 81' lang='lat' dir='ltr'><strong>quia</strong></span> 
     </span>
    </p>
   </div>
   <div class='ocr_carea' id='block_1_67' title="bbox 2239 573 3824 647">
    <p class='ocr_par' dir='ltr' id='par_1_67' title="bbox 2239 573 3824 647">
     <span class='ocr_line' id='line_1_69' title="bbox 2239 573 3824 647; baseline 0.003 -18"><span class='ocrx_word' id='word_1_496' title='bbox 2239 577 2303 629; x_wconf 75' lang='lat' dir='ltr'><strong>ad</strong></span> <span class='ocrx_word' id='word_1_497' title='bbox 2349 578 2658 631; x_wconf 76' lang='lat' dir='ltr'><strong>servitutem</strong></span> <span class='ocrx_word' id='word_1_498' title='bbox 2702 586 2924 644; x_wconf 81' lang='lat' dir='ltr'><strong>generat</strong></span> <span class='ocrx_word' id='word_1_499' title='bbox 2951 573 3145 647; x_wconf 76' lang='lat' dir='ltr'><strong>(Galat.</strong></span> <span class='ocrx_word' id='word_1_500' title='bbox 3190 591 3261 640; x_wconf 89' lang='lat' dir='ltr'><strong>tv,</strong></span> <span class='ocrx_word' id='word_1_501' title='bbox 3291 574 3402 645; x_wconf 69' lang='grc'><strong>24).</strong></span> <span class='ocrx_word' id='word_1_502' title='bbox 3445 575 3658 643; x_wconf 79' lang='lat' dir='ltr'><strong>Quare?</strong></span> <span class='ocrx_word' id='word_1_503' title='bbox 3685 579 3824 645; x_wconf 85' lang='lat' dir='ltr'><strong>Quia</strong></span> 
     </span>
    </p>
   </div>
   <div class='ocr_carea' id='block_1_68' title="bbox 2239 667 3830 739">
    <p class='ocr_par' dir='ltr' id='par_1_68' title="bbox 2239 667 3830 739">
     <span class='ocr_line' id='line_1_70' title="bbox 2239 667 3830 739; baseline 0.004 -19"><span class='ocrx_word' id='word_1_504' title='bbox 2239 671 2524 722; x_wconf 83' lang='lat' dir='ltr'><strong>carnaliter</strong></span> <span class='ocrx_word' id='word_1_505' title='bbox 2574 670 2882 736; x_wconf 81' lang='lat' dir='ltr'><strong>intelligitur</strong></span> <span class='ocrx_word' id='word_1_506' title='bbox 2934 682 2962 721; x_wconf 88' lang='lat' dir='ltr'><strong>a</strong></span> <span class='ocrx_word' id='word_1_507' title='bbox 3018 667 3238 723; x_wconf 67' lang='lat' dir='ltr'><strong>Judaeis.</strong></span> <span class='ocrx_word' id='word_1_508' title='bbox 3291 667 3426 722; x_wconf 85' lang='lat' dir='ltr'><strong>Nam</strong></span> <span class='ocrx_word' id='word_1_509' title='bbox 3480 670 3830 739; x_wconf 75' lang='lat' dir='ltr'><strong>Spiritualiter</strong></span> 
     </span>
    </p>
   </div>
   <div class='ocr_carea' id='block_1_69' title="bbox 2240 759 3826 834">
    <p class='ocr_par' dir='ltr' id='par_1_69' title="bbox 2240 759 3826 834">
     <span class='ocr_line' id='line_1_71' title="bbox 2240 759 3826 834; baseline 0.003 -21"><span class='ocrx_word' id='word_1_510' title='bbox 2240 759 2527 821; x_wconf 73' lang='lat' dir='ltr'><strong>intellecta,</strong></span> <span class='ocrx_word' id='word_1_511' title='bbox 2564 759 2899 829; x_wconf 80' lang='lat' dir='ltr'><strong>Evangelium</strong></span> <span class='ocrx_word' id='word_1_512' title='bbox 2927 768 3028 814; x_wconf 89' lang='lat' dir='ltr'><strong>est.</strong></span> <span class='ocrx_word' id='word_1_513' title='bbox 3065 760 3207 830; x_wconf 83' lang='lat' dir='ltr'><strong>Ergo</strong></span> <span class='ocrx_word' id='word_1_514' title='bbox 3237 760 3290 815; x_wconf 91' lang='lat' dir='ltr'><strong>in</strong></span> <span class='ocrx_word' id='word_1_515' title='bbox 3318 762 3626 818; x_wconf 80' lang='lat' dir='ltr'><strong>servitutem</strong></span> <span class='ocrx_word' id='word_1_516' title='bbox 3662 778 3826 834; x_wconf 66' lang='lat' dir='ltr'><strong>getae.</strong></span> 
     </span>
    </p>
   </div>
   <div class='ocr_carea' id='block_1_70' title="bbox 2243 851 3826 922">
    <p class='ocr_par' dir='ltr' id='par_1_70' title="bbox 2243 851 3826 922">
     <span class='ocr_line' id='line_1_72' title="bbox 2243 851 3826 922; baseline 0.005 -19"><span class='ocrx_word' id='word_1_517' title='bbox 2243 861 2341 905; x_wconf 87' lang='lat' dir='ltr'><strong>rat.</strong></span> <span class='ocrx_word' id='word_1_518' title='bbox 2371 852 2553 917; x_wconf 82' lang='lat' dir='ltr'><strong>Quos?</strong></span> <span class='ocrx_word' id='word_1_519' title='bbox 2580 851 2680 919; x_wconf 86' lang='lat' dir='ltr'><strong>Qui</strong></span> <span class='ocrx_word' id='word_1_520' title='bbox 2724 860 2940 922; x_wconf 86' lang='lat' dir='ltr'><strong>propter</strong></span> <span class='ocrx_word' id='word_1_521' title='bbox 2978 854 3114 908; x_wconf 90' lang='lat' dir='ltr'><strong>bona</strong></span> <span class='ocrx_word' id='word_1_522' title='bbox 3164 861 3375 908; x_wconf 88' lang='lat' dir='ltr'><strong>terrena</strong></span> <span class='ocrx_word' id='word_1_523' title='bbox 3416 854 3527 910; x_wconf 87' lang='lat' dir='ltr'><strong>Deo</strong></span> <span class='ocrx_word' id='word_1_524' title='bbox 3562 858 3826 913; x_wconf 84' lang='lat' dir='ltr'><strong>serviunt.</strong></span> 
     </span>
    </p>
   </div>
   <div class='ocr_carea' id='block_1_71' title="bbox 2236 942 3825 1014">
    <p class='ocr_par' dir='ltr' id='par_1_71' title="bbox 2236 942 3825 1014">
     <span class='ocr_line' id='line_1_73' title="bbox 2236 942 3825 1014; baseline 0.006 -21"><span class='ocrx_word' id='word_1_525' title='bbox 2236 942 2462 1009; x_wconf 79' lang='lat' dir='ltr'><strong>Quando</strong></span> <span class='ocrx_word' id='word_1_526' title='bbox 2501 942 2605 997; x_wconf 90' lang='lat' dir='ltr'><strong>illis</strong></span> <span class='ocrx_word' id='word_1_527' title='bbox 2643 943 2854 1005; x_wconf 89' lang='lat' dir='ltr'><strong>adsunt,</strong></span> <span class='ocrx_word' id='word_1_528' title='bbox 2891 944 3088 1013; x_wconf 77' lang='lat' dir='ltr'><strong>gratias</strong></span> <span class='ocrx_word' id='word_1_529' title='bbox 3124 952 3323 1013; x_wconf 79' lang='lat' dir='ltr'><strong>agunt;</strong></span> <span class='ocrx_word' id='word_1_530' title='bbox 3361 945 3572 1014; x_wconf 83' lang='lat' dir='ltr'><strong>quando</strong></span> <span class='ocrx_word' id='word_1_531' title='bbox 3607 945 3825 1008; x_wconf 85' lang='lat' dir='ltr'><strong>desunt.</strong></span> 
     </span>
    </p>
   </div>
   <div class='ocr_carea' id='block_1_72' title="bbox 2242 1033 3828 1103">
    <p class='ocr_par' dir='ltr' id='par_1_72' title="bbox 2242 1033 3828 1103">
     <span class='ocr_line' id='line_1_74' title="bbox 2242 1033 3828 1103; baseline 0.005 -17"><span class='ocrx_word' id='word_1_532' title='bbox 2242 1033 2628 1102; x_wconf 77' lang='lat' dir='ltr'><strong>blaSpbemaut.</strong></span> <span class='ocrx_word' id='word_1_533' title='bbox 2652 1033 2749 1099; x_wconf 88' lang='lat' dir='ltr'><strong>Qui</strong></span> <span class='ocrx_word' id='word_1_534' title='bbox 2770 1035 2912 1089; x_wconf 90' lang='lat' dir='ltr'><strong>enim</strong></span> <span class='ocrx_word' id='word_1_535' title='bbox 2941 1043 3156 1103; x_wconf 89' lang='lat' dir='ltr'><strong>propter</strong></span> <span class='ocrx_word' id='word_1_536' title='bbox 3178 1050 3241 1089; x_wconf 89' lang='lat' dir='ltr'><strong>ea</strong></span> <span class='ocrx_word' id='word_1_537' title='bbox 3273 1035 3381 1091; x_wconf 85' lang='lat' dir='ltr'><strong>Deo</strong></span> <span class='ocrx_word' id='word_1_538' title='bbox 3407 1037 3663 1100; x_wconf 83' lang='lat' dir='ltr'><strong>serviunt,</strong></span> <span class='ocrx_word' id='word_1_539' title='bbox 3697 1054 3828 1094; x_wconf 79' lang='lat' dir='ltr'><strong>vero</strong></span> 
     </span>
    </p>
   </div>
   <div class='ocr_carea' id='block_1_73' title="bbox 2240 1125 3828 1202">
    <p class='ocr_par' dir='ltr' id='par_1_73' title="bbox 2240 1125 3828 1202">
     <span class='ocr_line' id='line_1_75' title="bbox 2240 1125 3828 1202; baseline 0.003 -22"><span class='ocrx_word' id='word_1_540' title='bbox 2240 1126 2403 1181; x_wconf 86' lang='lat' dir='ltr'><strong>corde</strong></span> <span class='ocrx_word' id='word_1_541' title='bbox 2429 1125 2635 1181; x_wconf 76' lang='lat' dir='ltr'><strong>servire</strong></span> <span class='ocrx_word' id='word_1_542' title='bbox 2682 1141 2786 1181; x_wconf 91' lang='lat' dir='ltr'><strong>non</strong></span> <span class='ocrx_word' id='word_1_543' title='bbox 2826 1135 3064 1196; x_wconf 84' lang='lat' dir='ltr'><strong>possunt.</strong></span> <span class='ocrx_word' id='word_1_544' title='bbox 3097 1127 3396 1183; x_wconf 80' lang='lat' dir='ltr'><strong>Attendunt</strong></span> <span class='ocrx_word' id='word_1_545' title='bbox 3437 1130 3577 1184; x_wconf 90' lang='lat' dir='ltr'><strong>enim</strong></span> <span class='ocrx_word' id='word_1_546' title='bbox 3606 1145 3703 1185; x_wconf 85' lang='lat' dir='ltr'><strong>eos</strong></span> <span class='ocrx_word' id='word_1_547' title='bbox 3736 1134 3828 1202; x_wconf 87' lang='lat' dir='ltr'><strong>qui</strong></span> 
     </span>
    </p>
   </div>
   <div class='ocr_carea' id='block_1_74' title="bbox 2243 1216 3831 1276">
    <p class='ocr_par' dir='ltr' id='par_1_74' title="bbox 2243 1216 3831 1276">
     <span class='ocr_line' id='line_1_76' title="bbox 2243 1216 3831 1276; baseline 0.004 -6"><span class='ocrx_word' id='word_1_548' title='bbox 2243 1216 2354 1270; x_wconf 89' lang='lat' dir='ltr'><strong>Deo</strong></span> <span class='ocrx_word' id='word_1_549' title='bbox 2394 1226 2577 1271; x_wconf 87' lang='lat' dir='ltr'><strong>nostro</strong></span> <span class='ocrx_word' id='word_1_550' title='bbox 2609 1231 2714 1271; x_wconf 91' lang='lat' dir='ltr'><strong>non</strong></span> <span class='ocrx_word' id='word_1_551' title='bbox 2754 1217 2995 1272; x_wconf 87' lang='lat' dir='ltr'><strong>serviunt</strong></span> <span class='ocrx_word' id='word_1_552' title='bbox 3031 1234 3044 1270; x_wconf 91' lang='lat'><strong>:</strong></span> <span class='ocrx_word' id='word_1_553' title='bbox 3090 1218 3272 1274; x_wconf 88' lang='lat' dir='ltr'><strong>vident</strong></span> <span class='ocrx_word' id='word_1_554' title='bbox 3310 1220 3454 1274; x_wconf 88' lang='lat' dir='ltr'><strong>enim</strong></span> <span class='ocrx_word' id='word_1_555' title='bbox 3497 1235 3591 1276; x_wconf 85' lang='lat' dir='ltr'><strong>eos</strong></span> <span class='ocrx_word' id='word_1_556' title='bbox 3627 1221 3831 1276; x_wconf 86' lang='lat' dir='ltr'><strong>habere</strong></span> 
     </span>
    </p>
   </div>
   <div class='ocr_carea' id='block_1_75' title="bbox 2242 1308 3832 1379">
    <p class='ocr_par' dir='ltr' id='par_1_75' title="bbox 2242 1308 3832 1379">
     <span class='ocr_line' id='line_1_77' title="bbox 2242 1308 3832 1379; baseline 0.005 -19"><span class='ocrx_word' id='word_1_557' title='bbox 2242 1316 2465 1379; x_wconf 79' lang='lat' dir='ltr'><strong>propter</strong></span> <span class='ocrx_word' id='word_1_558' title='bbox 2489 1308 2629 1375; x_wconf 90' lang='lat' dir='ltr'><strong>quod</strong></span> <span class='ocrx_word' id='word_1_559' title='bbox 2675 1308 2773 1377; x_wconf 75' lang='lat' dir='ltr'><strong>ipsi</strong></span> <span class='ocrx_word' id='word_1_560' title='bbox 2804 1309 2913 1363; x_wconf 89' lang='lat' dir='ltr'><strong>Deo</strong></span> <span class='ocrx_word' id='word_1_561' title='bbox 2950 1308 3222 1374; x_wconf 80' lang='lat' dir='ltr'><strong>serviunt;</strong></span> <span class='ocrx_word' id='word_1_562' title='bbox 3250 1319 3305 1364; x_wconf 91' lang='lat' dir='ltr'><strong>et</strong></span> <span class='ocrx_word' id='word_1_563' title='bbox 3343 1310 3526 1367; x_wconf 89' lang='lat' dir='ltr'><strong>dicunt</strong></span> <span class='ocrx_word' id='word_1_564' title='bbox 3567 1313 3618 1366; x_wconf 91' lang='lat' dir='ltr'><strong>in</strong></span> <span class='ocrx_word' id='word_1_565' title='bbox 3662 1313 3832 1368; x_wconf 82' lang='lat' dir='ltr'><strong>conte</strong></span> 
     </span>
    </p>
   </div>
   <div class='ocr_carea' id='block_1_76' title="bbox 2242 1399 3830 1474">
    <p class='ocr_par' dir='ltr' id='par_1_76' title="bbox 2242 1399 3830 1474">
     <span class='ocr_line' id='line_1_78' title="bbox 2242 1399 3830 1474; baseline 0.003 -22"><span class='ocrx_word' id='word_1_566' title='bbox 2242 1414 2361 1464; x_wconf 90' lang='lat' dir='ltr'><strong>suo,</strong></span> <span class='ocrx_word' id='word_1_567' title='bbox 2400 1399 2538 1469; x_wconf 88' lang='lat' dir='ltr'><strong>Quid</strong></span> <span class='ocrx_word' id='word_1_568' title='bbox 2574 1399 2702 1454; x_wconf 88' lang='lat' dir='ltr'><strong>mihi</strong></span> <span class='ocrx_word' id='word_1_569' title='bbox 2747 1399 2961 1469; x_wconf 83' lang='lat' dir='ltr'><strong>prodest</strong></span> <span class='ocrx_word' id='word_1_570' title='bbox 2996 1400 3118 1470; x_wconf 87' lang='lat' dir='ltr'><strong>quia</strong></span> <span class='ocrx_word' id='word_1_571' title='bbox 3160 1400 3268 1455; x_wconf 82' lang='lat' dir='ltr'><strong>Deo</strong></span> <span class='ocrx_word' id='word_1_572' title='bbox 3305 1402 3525 1457; x_wconf 82' lang='lat' dir='ltr'><strong>servio?</strong></span> <span class='ocrx_word' id='word_1_573' title='bbox 3560 1402 3830 1474; x_wconf 82' lang='lat' dir='ltr'><strong>Numquid</strong></span> 
     </span>
    </p>
   </div>
   <div class='ocr_carea' id='block_1_77' title="bbox 2245 1489 3833 1563">
    <p class='ocr_par' dir='ltr' id='par_1_77' title="bbox 2245 1489 3833 1563">
     <span class='ocr_line' id='line_1_79' title="bbox 2245 1489 3833 1563; baseline 0.003 -20"><span class='ocrx_word' id='word_1_574' title='bbox 2245 1489 2417 1545; x_wconf 87' lang='lat' dir='ltr'><strong>habeo</strong></span> <span class='ocrx_word' id='word_1_575' title='bbox 2442 1499 2667 1553; x_wconf 87' lang='lat' dir='ltr'><strong>tantum,</strong></span> <span class='ocrx_word' id='word_1_576' title='bbox 2688 1500 2943 1560; x_wconf 87' lang='lat' dir='ltr'><strong>quantum</strong></span> <span class='ocrx_word' id='word_1_577' title='bbox 2969 1490 3060 1545; x_wconf 89' lang='lat' dir='ltr'><strong>ille</strong></span> <span class='ocrx_word' id='word_1_578' title='bbox 3079 1491 3168 1561; x_wconf 91' lang='lat' dir='ltr'><strong>qui</strong></span> <span class='ocrx_word' id='word_1_579' title='bbox 3191 1491 3428 1561; x_wconf 89' lang='lat' dir='ltr'><strong>quotidie</strong></span> <span class='ocrx_word' id='word_1_580' title='bbox 3454 1493 3786 1563; x_wconf 83' lang='lat' dir='ltr'><strong>blasphemat</strong></span> <span class='ocrx_word' id='word_1_581' title='bbox 3808 1497 3833 1548; x_wconf 64' lang='grc' dir='ltr'><em>ἲ</em></span> 
     </span>
    </p>
   </div>
   <div class='ocr_carea' id='block_1_78' title="bbox 2244 1581 3828 1651">
    <p class='ocr_par' dir='ltr' id='par_1_78' title="bbox 2244 1581 3828 1651">
     <span class='ocr_line' id='line_1_80' title="bbox 2244 1581 3828 1651; baseline 0.001 -14"><span class='ocrx_word' id='word_1_582' title='bbox 2244 1581 2398 1645; x_wconf 85' lang='lat' dir='ltr'><strong>Orat,</strong></span> <span class='ocrx_word' id='word_1_583' title='bbox 2431 1591 2485 1636; x_wconf 90' lang='lat' dir='ltr'><strong>et</strong></span> <span class='ocrx_word' id='word_1_584' title='bbox 2524 1583 2729 1646; x_wconf 84' lang='lat' dir='ltr'><strong>esurit;</strong></span> <span class='ocrx_word' id='word_1_585' title='bbox 2770 1582 3132 1651; x_wconf 85' lang='lat' dir='ltr'><strong>blasphemat,</strong></span> <span class='ocrx_word' id='word_1_586' title='bbox 3163 1593 3219 1636; x_wconf 88' lang='lat' dir='ltr'><strong>et</strong></span> <span class='ocrx_word' id='word_1_587' title='bbox 3254 1592 3446 1637; x_wconf 86' lang='lat' dir='ltr'><strong>ructat.</strong></span> <span class='ocrx_word' id='word_1_588' title='bbox 3477 1583 3576 1650; x_wconf 88' lang='lat' dir='ltr'><strong>Qui</strong></span> <span class='ocrx_word' id='word_1_589' title='bbox 3614 1584 3680 1637; x_wconf 86' lang='lat' dir='ltr'><strong>ad</strong></span> <span class='ocrx_word' id='word_1_590' title='bbox 3728 1584 3828 1639; x_wconf 79' lang='lat' dir='ltr'><strong>ista</strong></span> 
     </span>
    </p>
   </div>
   <div class='ocr_carea' id='block_1_79' title="bbox 2244 1671 3829 1735">
    <p class='ocr_par' dir='ltr' id='par_1_79' title="bbox 2244 1671 3829 1735">
     <span class='ocr_line' id='line_1_81' title="bbox 2244 1671 3829 1735; baseline 0.003 -7"><span class='ocrx_word' id='word_1_591' title='bbox 2244 1672 2489 1735; x_wconf 81' lang='lat' dir='ltr'><strong>attendit,</strong></span> <span class='ocrx_word' id='word_1_592' title='bbox 2518 1672 2678 1727; x_wconf 88' lang='lat' dir='ltr'><strong>homo</strong></span> <span class='ocrx_word' id='word_1_593' title='bbox 2715 1682 2830 1734; x_wconf 85' lang='lat' dir='ltr'><strong>est;</strong></span> <span class='ocrx_word' id='word_1_594' title='bbox 2859 1671 3019 1727; x_wconf 87' lang='lat' dir='ltr'><strong>Itnm&#39;o</strong></span> <span class='ocrx_word' id='word_1_595' title='bbox 3044 1682 3126 1727; x_wconf 91' lang='lat' dir='ltr'><strong>est</strong></span> <span class='ocrx_word' id='word_1_596' title='bbox 3151 1672 3219 1728; x_wconf 89' lang='lat' dir='ltr'><strong>de</strong></span> <span class='ocrx_word' id='word_1_597' title='bbox 3248 1671 3593 1729; x_wconf 84' lang='lat' dir='ltr'><strong>Testamento</strong></span> <span class='ocrx_word' id='word_1_598' title='bbox 3620 1674 3829 1732; x_wconf 80' lang='lat' dir='ltr'><strong>Veteri.</strong></span> 
     </span>
    </p>
   </div>
   <div class='ocr_carea' id='block_1_80' title="bbox 2246 1761 3828 1829">
    <p class='ocr_par' dir='ltr' id='par_1_80' title="bbox 2246 1761 3828 1829">
     <span class='ocr_line' id='line_1_82' title="bbox 2246 1761 3828 1829; baseline 0.004 -14"><span class='ocrx_word' id='word_1_599' title='bbox 2246 1762 2344 1829; x_wconf 89' lang='lat' dir='ltr'><strong>Qui</strong></span> <span class='ocrx_word' id='word_1_600' title='bbox 2392 1777 2519 1817; x_wconf 85' lang='lat' dir='ltr'><strong>vero</strong></span> <span class='ocrx_word' id='word_1_601' title='bbox 2570 1763 2623 1816; x_wconf 93' lang='lat' dir='ltr'><strong>in</strong></span> <span class='ocrx_word' id='word_1_602' title='bbox 2663 1762 3009 1817; x_wconf 83' lang='lat' dir='ltr'><strong>Testamento</strong></span> <span class='ocrx_word' id='word_1_603' title='bbox 3036 1761 3183 1817; x_wconf 86' lang='lat' dir='ltr'><strong>Novo</strong></span> <span class='ocrx_word' id='word_1_604' title='bbox 3218 1764 3380 1818; x_wconf 89' lang='lat' dir='ltr'><strong>Deum</strong></span> <span class='ocrx_word' id='word_1_605' title='bbox 3423 1764 3584 1825; x_wconf 89' lang='lat' dir='ltr'><strong>colit,</strong></span> <span class='ocrx_word' id='word_1_606' title='bbox 3631 1782 3828 1821; x_wconf 76' lang='lat' dir='ltr'><strong>novam</strong></span> 
     </span>
    </p>
   </div>
   <div class='ocr_carea' id='block_1_81' title="bbox 2250 1851 3827 1922">
    <p class='ocr_par' dir='ltr' id='par_1_81' title="bbox 2250 1851 3827 1922">
     <span class='ocr_line' id='line_1_83' title="bbox 2250 1851 3827 1922; baseline 0.004 -17"><span class='ocrx_word' id='word_1_607' title='bbox 2250 1852 2610 1907; x_wconf 81' lang='lat' dir='ltr'><strong>haereditatem</strong></span> <span class='ocrx_word' id='word_1_608' title='bbox 2638 1851 2798 1906; x_wconf 84' lang='lat' dir='ltr'><strong>debet</strong></span> <span class='ocrx_word' id='word_1_609' title='bbox 2841 1867 3077 1922; x_wconf 85' lang='lat' dir='ltr'><strong>sperare,</strong></span> <span class='ocrx_word' id='word_1_610' title='bbox 3128 1867 3231 1907; x_wconf 90' lang='lat' dir='ltr'><strong>non</strong></span> <span class='ocrx_word' id='word_1_611' title='bbox 3261 1864 3515 1910; x_wconf 84' lang='lat' dir='ltr'><strong>veterem.</strong></span> <span class='ocrx_word' id='word_1_612' title='bbox 3551 1856 3606 1911; x_wconf 87' lang='lat' dir='ltr'><strong>Si</strong></span> <span class='ocrx_word' id='word_1_613' title='bbox 3632 1873 3827 1912; x_wconf 75' lang='lat' dir='ltr'><strong>novant</strong></span> 
     </span>
    </p>
   </div>
   <div class='ocr_carea' id='block_1_82' title="bbox 2249 1941 3833 2012">
    <p class='ocr_par' dir='ltr' id='par_1_82' title="bbox 2249 1941 3833 2012">
     <span class='ocr_line' id='line_1_84' title="bbox 2249 1941 3833 2012; baseline 0.005 -15"><span class='ocrx_word' id='word_1_614' title='bbox 2249 1941 2606 1997; x_wconf 68' lang='lat' dir='ltr'><strong>ltaareditatetn</strong></span> <span class='ocrx_word' id='word_1_615' title='bbox 2655 1957 2869 2012; x_wconf 82' lang='lat' dir='ltr'><strong>speras,</strong></span> <span class='ocrx_word' id='word_1_616' title='bbox 2924 1953 3118 1997; x_wconf 88' lang='lat' dir='ltr'><strong>terram</strong></span> <span class='ocrx_word' id='word_1_617' title='bbox 3168 1945 3369 2010; x_wconf 86' lang='lat' dir='ltr'><strong>transi,</strong></span> <span class='ocrx_word' id='word_1_618' title='bbox 3415 1947 3559 2001; x_wconf 85' lang='lat' dir='ltr'><strong>calca</strong></span> <span class='ocrx_word' id='word_1_619' title='bbox 3599 1950 3833 2005; x_wconf 82' lang='lat' dir='ltr'><strong>vertices</strong></span> 
     </span>
    </p>
   </div>
   <div class='ocr_carea' id='block_1_83' title="bbox 2249 2031 3832 2105">
    <p class='ocr_par' dir='ltr' id='par_1_83' title="bbox 2249 2031 3832 2105">
     <span class='ocr_line' id='line_1_85' title="bbox 2249 2031 3832 2105; baseline 0.004 -18"><span class='ocrx_word' id='word_1_620' title='bbox 2249 2033 2504 2087; x_wconf 87' lang='lat' dir='ltr'><strong>montium</strong></span> <span class='ocrx_word' id='word_1_621' title='bbox 2530 2048 2544 2095; x_wconf 89' lang='lat'><strong>;</strong></span> <span class='ocrx_word' id='word_1_622' title='bbox 2578 2031 2678 2086; x_wconf 91' lang='lat' dir='ltr'><strong>hoc</strong></span> <span class='ocrx_word' id='word_1_623' title='bbox 2708 2041 2822 2095; x_wconf 91' lang='lat' dir='ltr'><strong>est,</strong></span> <span class='ocrx_word' id='word_1_624' title='bbox 2851 2042 3132 2087; x_wconf 82' lang='lat' dir='ltr'><strong>contemne</strong></span> <span class='ocrx_word' id='word_1_625' title='bbox 3161 2033 3424 2103; x_wconf 83' lang='lat' dir='ltr'><strong>fastigium</strong></span> <span class='ocrx_word' id='word_1_626' title='bbox 3452 2038 3832 2105; x_wconf 82' lang='lat' dir='ltr'><strong>superborum.</strong></span> 
     </span>
    </p>
   </div>
   <div class='ocr_carea' id='block_1_84' title="bbox 2319 2122 3835 2201">
    <p class='ocr_par' dir='ltr' id='par_1_84' title="bbox 2319 2122 3835 2201">
     <span class='ocr_line' id='line_1_86' title="bbox 2319 2122 3835 2201; baseline -0.003 -24"><span class='ocrx_word' id='word_1_627' title='bbox 2319 2122 2541 2179; x_wconf 78' lang='lat' dir='ltr'><strong>CAPUT</strong></span> <span class='ocrx_word' id='word_1_628' title='bbox 2571 2122 2655 2176; x_wconf 92' lang='lat' dir='ltr'><strong>Ill.</strong></span> <span class='ocrx_word' id='word_1_629' title='bbox 2699 2122 2915 2177; x_wconf 85' lang='lat' dir='ltr'><strong>Sursum</strong></span> <span class='ocrx_word' id='word_1_630' title='bbox 2959 2140 3063 2176; x_wconf 85' lang='lat' dir='ltr'><strong>cor.</strong></span> <span class='ocrx_word' id='word_1_631' title='bbox 3106 2124 3213 2179; x_wconf 87' lang='lat' dir='ltr'><strong>Sed</strong></span> <span class='ocrx_word' id='word_1_632' title='bbox 3242 2127 3450 2192; x_wconf 77' lang='lat' dir='ltr'><strong>quando</strong></span> <span class='ocrx_word' id='word_1_633' title='bbox 3487 2139 3835 2201; x_wconf 54' lang='lat' dir='ltr'><strong>conti-tique.</strong></span> 
     </span>
    </p>
   </div>
   <div class='ocr_carea' id='block_1_85' title="bbox 2251 2212 3830 2279">
    <p class='ocr_par' dir='ltr' id='par_1_85' title="bbox 2251 2212 3830 2279">
     <span class='ocr_line' id='line_1_87' title="bbox 2251 2212 3830 2279; baseline 0.004 -11"><span class='ocrx_word' id='word_1_634' title='bbox 2251 2216 2326 2269; x_wconf 90' lang='lat' dir='ltr'><strong>ris</strong></span> <span class='ocrx_word' id='word_1_635' title='bbox 2352 2223 2407 2267; x_wconf 90' lang='lat' dir='ltr'><strong>et</strong></span> <span class='ocrx_word' id='word_1_636' title='bbox 2432 2214 2741 2277; x_wconf 72' lang='lat' dir='ltr'><strong>calcaveris,</strong></span> <span class='ocrx_word' id='word_1_637' title='bbox 2770 2212 2985 2268; x_wconf 85' lang='lat' dir='ltr'><strong>humilis</strong></span> <span class='ocrx_word' id='word_1_638' title='bbox 3018 2225 3154 2279; x_wconf 89' lang='lat' dir='ltr'><strong>esto,</strong></span> <span class='ocrx_word' id='word_1_639' title='bbox 3171 2230 3237 2269; x_wconf 89' lang='lat' dir='ltr'><strong>ne</strong></span> <span class='ocrx_word' id='word_1_640' title='bbox 3256 2214 3325 2271; x_wconf 87' lang='lat' dir='ltr'><strong>de</strong></span> <span class='ocrx_word' id='word_1_641' title='bbox 3342 2217 3620 2274; x_wconf 84' lang='lat' dir='ltr'><strong>altitudine</strong></span> <span class='ocrx_word' id='word_1_642' title='bbox 3638 2220 3830 2276; x_wconf 77' lang='lat' dir='ltr'><strong>cadas.</strong></span> 
     </span>
    </p>
   </div>
   <div class='ocr_carea' id='block_1_86' title="bbox 2250 2304 3841 2370">
    <p class='ocr_par' dir='ltr' id='par_1_86' title="bbox 2250 2304 3841 2370">
     <span class='ocr_line' id='line_1_88' title="bbox 2250 2304 3841 2370; baseline 0.004 -10"><span class='ocrx_word' id='word_1_643' title='bbox 2250 2304 2409 2370; x_wconf 84' lang='lat' dir='ltr'><strong>Audi,</strong></span> <span class='ocrx_word' id='word_1_644' title='bbox 2425 2304 2646 2359; x_wconf 85' lang='lat' dir='ltr'><strong>Sursqu</strong></span> <span class='ocrx_word' id='word_1_645' title='bbox 2664 2305 2890 2360; x_wconf 64' lang='lat' dir='ltr'><strong>caused</strong></span> <span class='ocrx_word' id='word_1_646' title='bbox 2911 2306 2977 2358; x_wconf 83' lang='lat' dir='ltr'><strong>ad</strong></span> <span class='ocrx_word' id='word_1_647' title='bbox 3000 2306 3302 2369; x_wconf 87' lang='lat' dir='ltr'><strong>Dominum,</strong></span> <span class='ocrx_word' id='word_1_648' title='bbox 3325 2323 3430 2363; x_wconf 82' lang='lat' dir='ltr'><strong>non</strong></span> <span class='ocrx_word' id='word_1_649' title='bbox 3452 2316 3637 2364; x_wconf 83' lang='lat' dir='ltr'><strong>contra</strong></span> <span class='ocrx_word' id='word_1_650' title='bbox 3660 2308 3814 2366; x_wconf 87' lang='lat' dir='ltr'><strong>Domi</strong></span> <span class='ocrx_word' id='word_1_651' title='bbox 3834 2344 3841 2349; x_wconf 90' lang='lat'><strong>-</strong></span> 
     </span>
    </p>
   </div>
   <div class='ocr_carea' id='block_1_87' title="bbox 2251 2394 3833 2465">
    <p class='ocr_par' dir='ltr' id='par_1_87' title="bbox 2251 2394 3833 2465">
     <span class='ocr_line' id='line_1_89' title="bbox 2251 2394 3833 2465; baseline 0.004 -15"><span class='ocrx_word' id='word_1_652' title='bbox 2251 2412 2398 2451; x_wconf 87' lang='lat' dir='ltr'><strong>num.</strong></span> <span class='ocrx_word' id='word_1_653' title='bbox 2428 2394 2626 2451; x_wconf 85' lang='lat' dir='ltr'><strong>Omnes</strong></span> <span class='ocrx_word' id='word_1_654' title='bbox 2662 2396 2876 2465; x_wconf 88' lang='lat' dir='ltr'><strong>superbi</strong></span> <span class='ocrx_word' id='word_1_655' title='bbox 2914 2411 3120 2451; x_wconf 88' lang='lat' dir='ltr'><strong>sursunt</strong></span> <span class='ocrx_word' id='word_1_656' title='bbox 3150 2412 3244 2451; x_wconf 89' lang='lat' dir='ltr'><strong>cor</strong></span> <span class='ocrx_word' id='word_1_657' title='bbox 3272 2397 3490 2463; x_wconf 76' lang='lat' dir='ltr'><strong>habent,</strong></span> <span class='ocrx_word' id='word_1_658' title='bbox 3519 2400 3615 2455; x_wconf 81' lang='lat' dir='ltr'><strong>sed</strong></span> <span class='ocrx_word' id='word_1_659' title='bbox 3642 2411 3833 2456; x_wconf 82' lang='lat' dir='ltr'><strong>contra</strong></span> 
     </span>
    </p>
   </div>
   <div class='ocr_carea' id='block_1_88' title="bbox 2254 2485 3827 2556">
    <p class='ocr_par' dir='ltr' id='par_1_88' title="bbox 2254 2485 3827 2556">
     <span class='ocr_line' id='line_1_90' title="bbox 2254 2485 3827 2556; baseline 0.003 -14"><span class='ocrx_word' id='word_1_660' title='bbox 2254 2487 2557 2542; x_wconf 78' lang='lat' dir='ltr'><strong>hominum.</strong></span> <span class='ocrx_word' id='word_1_661' title='bbox 2583 2485 2640 2542; x_wconf 90' lang='lat' dir='ltr'><strong>Si</strong></span> <span class='ocrx_word' id='word_1_662' title='bbox 2666 2496 2844 2541; x_wconf 89' lang='lat' dir='ltr'><strong>autem</strong></span> <span class='ocrx_word' id='word_1_663' title='bbox 2874 2487 2956 2540; x_wconf 84' lang='lat' dir='ltr'><strong>vis</strong></span> <span class='ocrx_word' id='word_1_664' title='bbox 2993 2497 3047 2541; x_wconf 92' lang='lat' dir='ltr'><strong>tu</strong></span> <span class='ocrx_word' id='word_1_665' title='bbox 3075 2502 3200 2542; x_wconf 86' lang='lat' dir='ltr'><strong>vere</strong></span> <span class='ocrx_word' id='word_1_666' title='bbox 3223 2502 3435 2543; x_wconf 84' lang='lat' dir='ltr'><strong>sursum</strong></span> <span class='ocrx_word' id='word_1_667' title='bbox 3470 2505 3564 2544; x_wconf 85' lang='lat' dir='ltr'><strong>cor</strong></span> <span class='ocrx_word' id='word_1_668' title='bbox 3592 2488 3827 2556; x_wconf 79' lang='lat' dir='ltr'><strong>habere;</strong></span> 
     </span>
    </p>
   </div>
   <div class='ocr_carea' id='block_1_89' title="bbox 2252 2578 3836 2637">
    <p class='ocr_par' dir='ltr' id='par_1_89' title="bbox 2252 2578 3836 2637">
     <span class='ocr_line' id='line_1_91' title="bbox 2252 2578 3836 2637; baseline 0.002 -4"><span class='ocrx_word' id='word_1_669' title='bbox 2252 2578 2318 2633; x_wconf 85' lang='lat' dir='ltr'><strong>ad</strong></span> <span class='ocrx_word' id='word_1_670' title='bbox 2362 2579 2636 2633; x_wconf 86' lang='lat' dir='ltr'><strong>Dominum</strong></span> <span class='ocrx_word' id='word_1_671' title='bbox 2680 2578 2837 2634; x_wconf 85' lang='lat' dir='ltr'><strong>habe.</strong></span> <span class='ocrx_word' id='word_1_672' title='bbox 2876 2578 2930 2634; x_wconf 91' lang='lat' dir='ltr'><strong>Si</strong></span> <span class='ocrx_word' id='word_1_673' title='bbox 2978 2580 3121 2633; x_wconf 88' lang='lat' dir='ltr'><strong>enim</strong></span> <span class='ocrx_word' id='word_1_674' title='bbox 3158 2579 3225 2633; x_wconf 89' lang='lat' dir='ltr'><strong>ad</strong></span> <span class='ocrx_word' id='word_1_675' title='bbox 3263 2580 3542 2635; x_wconf 87' lang='lat' dir='ltr'><strong>Dominum</strong></span> <span class='ocrx_word' id='word_1_676' title='bbox 3581 2580 3836 2637; x_wconf 75' lang='lat' dir='ltr'><strong>habueris</strong></span> 
     </span>
    </p>
   </div>
   <div class='ocr_carea' id='block_1_90' title="bbox 2252 2669 3831 2739">
    <p class='ocr_par' dir='ltr' id='par_1_90' title="bbox 2252 2669 3831 2739">
     <span class='ocr_line' id='line_1_92' title="bbox 2252 2669 3831 2739; baseline 0.003 -15"><span class='ocrx_word' id='word_1_677' title='bbox 2252 2684 2348 2725; x_wconf 84' lang='lat' dir='ltr'><strong>cur</strong></span> <span class='ocrx_word' id='word_1_678' title='bbox 2372 2683 2603 2734; x_wconf 90' lang='lat' dir='ltr'><strong>sursum,</strong></span> <span class='ocrx_word' id='word_1_679' title='bbox 2632 2669 2744 2739; x_wconf 83' lang='lat' dir='ltr'><strong>ipse</strong></span> <span class='ocrx_word' id='word_1_680' title='bbox 2770 2676 2913 2724; x_wconf 87' lang='lat' dir='ltr'><strong>tenet</strong></span> <span class='ocrx_word' id='word_1_681' title='bbox 2937 2685 3033 2724; x_wconf 85' lang='lat' dir='ltr'><strong>cor</strong></span> <span class='ocrx_word' id='word_1_682' title='bbox 3059 2680 3227 2737; x_wconf 86' lang='lat' dir='ltr'><strong>tuum,</strong></span> <span class='ocrx_word' id='word_1_683' title='bbox 3258 2686 3322 2724; x_wconf 88' lang='lat' dir='ltr'><strong>ne</strong></span> <span class='ocrx_word' id='word_1_684' title='bbox 3346 2670 3502 2725; x_wconf 86' lang='lat' dir='ltr'><strong>cadat</strong></span> <span class='ocrx_word' id='word_1_685' title='bbox 3523 2670 3575 2725; x_wconf 91' lang='lat' dir='ltr'><strong>in</strong></span> <span class='ocrx_word' id='word_1_686' title='bbox 3605 2681 3831 2728; x_wconf 87' lang='lat' dir='ltr'><strong>terram.</strong></span> 
     </span>
    </p>
   </div>
   <div class='ocr_carea' id='block_1_91' title="bbox 2329 2763 3831 2836">
    <p class='ocr_par' dir='ltr' id='par_1_91' title="bbox 2329 2763 3831 2836">
     <span class='ocr_line' id='line_1_93' title="bbox 2329 2763 3831 2836; baseline 0.003 -19"><span class='ocrx_word' id='word_1_687' title='bbox 2329 2765 2380 2820; x_wconf 77' lang='lat'><strong>3.</strong></span> <span class='ocrx_word' id='word_1_688' title='bbox 2426 2763 2542 2817; x_wconf 85' lang='lat' dir='ltr'><strong>Dies</strong></span> <span class='ocrx_word' id='word_1_689' title='bbox 2561 2764 2769 2835; x_wconf 86' lang='lat' dir='ltr'><strong>maligni</strong></span> <span class='ocrx_word' id='word_1_690' title='bbox 2803 2766 2867 2818; x_wconf 86' lang='lat' dir='ltr'><strong>ab</strong></span> <span class='ocrx_word' id='word_1_691' title='bbox 2897 2765 3037 2817; x_wconf 87' lang='lat' dir='ltr'><strong>initio</strong></span> <span class='ocrx_word' id='word_1_692' title='bbox 3082 2765 3289 2834; x_wconf 83' lang='lat' dir='ltr'><strong>peccati.</strong></span> <span class='ocrx_word' id='word_1_693' title='bbox 3335 2764 3522 2824; x_wconf 86' lang='lat' dir='ltr'><strong>Beatus</strong></span> <span class='ocrx_word' id='word_1_694' title='bbox 3553 2781 3685 2836; x_wconf 81' lang='lat' dir='ltr'><strong>ergo</strong></span> <span class='ocrx_word' id='word_1_695' title='bbox 3732 2768 3831 2832; x_wconf 74' lang='lat' dir='ltr'><strong>vir.</strong></span> 
     </span>
    </p>
   </div>
   <div class='ocr_carea' id='block_1_92' title="bbox 2254 2854 3831 2929">
    <p class='ocr_par' dir='ltr' id='par_1_92' title="bbox 2254 2854 3831 2929">
     <span class='ocr_line' id='line_1_94' title="bbox 2254 2854 3831 2929; baseline 0 -17"><span class='ocrx_word' id='word_1_696' title='bbox 2254 2857 2437 2912; x_wconf 75' lang='lat' dir='ltr'><strong>Beatus</strong></span> <span class='ocrx_word' id='word_1_697' title='bbox 2457 2857 2605 2910; x_wconf 83' lang='lat' dir='ltr'><strong>homo</strong></span> <span class='ocrx_word' id='word_1_698' title='bbox 2627 2872 2771 2926; x_wconf 83' lang='lat' dir='ltr'><strong>quem</strong></span> <span class='ocrx_word' id='word_1_699' title='bbox 2801 2866 2852 2909; x_wconf 90' lang='lat' dir='ltr'><strong>tu</strong></span> <span class='ocrx_word' id='word_1_700' title='bbox 2869 2856 3128 2917; x_wconf 80' lang='lat' dir='ltr'><strong>entdieris,</strong></span> <span class='ocrx_word' id='word_1_701' title='bbox 3162 2854 3397 2910; x_wconf 84' lang='lat' dir='ltr'><strong>Domine.</strong></span> <span class='ocrx_word' id='word_1_702' title='bbox 3426 2856 3562 2912; x_wconf 82' lang='lat' dir='ltr'><strong>Ecce</strong></span> <span class='ocrx_word' id='word_1_703' title='bbox 3597 2857 3793 2929; x_wconf 83' lang='lat' dir='ltr'><strong>loquor</strong></span> <span class='ocrx_word' id='word_1_704' title='bbox 3815 2901 3831 2922; x_wconf 93' lang='lat'><strong>,</strong></span> 
     </span>
    </p>
   </div>
   <div class='ocr_carea' id='block_1_93' title="bbox 2255 2947 3833 3019">
    <p class='ocr_par' dir='ltr' id='par_1_93' title="bbox 2255 2947 3833 3019">
     <span class='ocr_line' id='line_1_95' title="bbox 2255 2947 3833 3019; baseline 0.001 -17"><span class='ocrx_word' id='word_1_705' title='bbox 2255 2963 2382 3002; x_wconf 87' lang='lat' dir='ltr'><strong>ecce</strong></span> <span class='ocrx_word' id='word_1_706' title='bbox 2404 2948 2575 3001; x_wconf 84' lang='lat' dir='ltr'><strong>clamo</strong></span> <span class='ocrx_word' id='word_1_707' title='bbox 2593 2988 2609 3013; x_wconf 92' lang='lat'><strong>,</strong></span> <span class='ocrx_word' id='word_1_708' title='bbox 2633 2963 2757 3001; x_wconf 84' lang='lat' dir='ltr'><strong>cecc</strong></span> <span class='ocrx_word' id='word_1_709' title='bbox 2785 2962 3008 3014; x_wconf 80' lang='lat' dir='ltr'><strong>expono.</strong></span> <span class='ocrx_word' id='word_1_710' title='bbox 3050 2947 3151 3014; x_wconf 90' lang='lat' dir='ltr'><strong>Qui</strong></span> <span class='ocrx_word' id='word_1_711' title='bbox 3177 2962 3260 3002; x_wconf 89' lang='lat' dir='ltr'><strong>me</strong></span> <span class='ocrx_word' id='word_1_712' title='bbox 3278 2948 3537 3002; x_wconf 82' lang='lat' dir='ltr'><strong>audiunt?</strong></span> <span class='ocrx_word' id='word_1_713' title='bbox 3567 2947 3697 3004; x_wconf 83' lang='lat' dir='ltr'><strong>Scio</strong></span> <span class='ocrx_word' id='word_1_714' title='bbox 3744 2953 3833 3019; x_wconf 85' lang='lat' dir='ltr'><strong>qui</strong></span> 
     </span>
    </p>
   </div>
   <div class='ocr_carea' id='block_1_94' title="bbox 2257 3038 3835 3108">
    <p class='ocr_par' dir='ltr' id='par_1_94' title="bbox 2257 3038 3835 3108">
     <span class='ocr_line' id='line_1_96' title="bbox 2257 3038 3835 3108; baseline 0.001 -13"><span class='ocrx_word' id='word_1_715' title='bbox 2257 3057 2343 3096; x_wconf 85' lang='lat' dir='ltr'><strong>me</strong></span> <span class='ocrx_word' id='word_1_716' title='bbox 2372 3040 2592 3094; x_wconf 87' lang='lat' dir='ltr'><strong>audiunt</strong></span> <span class='ocrx_word' id='word_1_717' title='bbox 2615 3058 2629 3093; x_wconf 91' lang='lat'>:</span> <span class='ocrx_word' id='word_1_718' title='bbox 2657 3039 2842 3093; x_wconf 81' lang='lat' dir='ltr'><strong>Beatus</strong></span> <span class='ocrx_word' id='word_1_719' title='bbox 2862 3039 3009 3091; x_wconf 82' lang='lat' dir='ltr'><strong>Immo</strong></span> <span class='ocrx_word' id='word_1_720' title='bbox 3024 3055 3170 3108; x_wconf 82' lang='lat' dir='ltr'><strong>quem</strong></span> <span class='ocrx_word' id='word_1_721' title='bbox 3197 3049 3250 3092; x_wconf 82' lang='lat' dir='ltr'><strong>tu</strong></span> <span class='ocrx_word' id='word_1_722' title='bbox 3272 3039 3532 3103; x_wconf 70' lang='lat' dir='ltr'><strong>et&#39;udien&#39;s,</strong></span> <span class='ocrx_word' id='word_1_723' title='bbox 3572 3038 3835 3105; x_wconf 79' lang='lat' dir='ltr'><strong>Domine;</strong></span> 
     </span>
    </p>
   </div>
   <div class='ocr_carea' id='block_1_95' title="bbox 2256 3129 3836 3202">
    <p class='ocr_par' dir='ltr' id='par_1_95' title="bbox 2256 3129 3836 3202">
     <span class='ocr_line' id='line_1_97' title="bbox 2256 3129 3836 3202; baseline 0.001 -17"><span class='ocrx_word' id='word_1_724' title='bbox 2256 3131 2342 3185; x_wconf 90' lang='lat' dir='ltr'><strong>cui</strong></span> <span class='ocrx_word' id='word_1_725' title='bbox 2375 3133 2508 3183; x_wconf 84' lang='lat' dir='ltr'><strong>Deus</strong></span> <span class='ocrx_word' id='word_1_726' title='bbox 2534 3131 2585 3183; x_wconf 91' lang='lat' dir='ltr'><strong>in</strong></span> <span class='ocrx_word' id='word_1_727' title='bbox 2611 3132 2771 3184; x_wconf 89' lang='lat' dir='ltr'><strong>corde</strong></span> <span class='ocrx_word' id='word_1_728' title='bbox 2798 3129 3046 3199; x_wconf 83' lang='lat' dir='ltr'><strong>loquitur,</strong></span> <span class='ocrx_word' id='word_1_729' title='bbox 3080 3139 3133 3183; x_wconf 89' lang='lat' dir='ltr'><strong>et</strong></span> <span class='ocrx_word' id='word_1_730' title='bbox 3153 3130 3363 3199; x_wconf 77' lang='lat' dir='ltr'><strong>quando</strong></span> <span class='ocrx_word' id='word_1_731' title='bbox 3380 3144 3480 3201; x_wconf 80' lang='lat' dir='ltr'><strong>ego</strong></span> <span class='ocrx_word' id='word_1_732' title='bbox 3504 3139 3655 3185; x_wconf 88' lang='lat' dir='ltr'><strong>taceo</strong></span> <span class='ocrx_word' id='word_1_733' title='bbox 3682 3174 3699 3194; x_wconf 93' lang='lat'><strong>,</strong></span> <span class='ocrx_word' id='word_1_734' title='bbox 3722 3131 3836 3202; x_wconf 73' lang='lat' dir='ltr'><strong>ipse</strong></span> 
     </span>
    </p>
   </div>
   <div class='ocr_carea' id='block_1_96' title="bbox 2256 3218 3838 3293">
    <p class='ocr_par' dir='ltr' id='par_1_96' title="bbox 2256 3218 3838 3293">
     <span class='ocr_line' id='line_1_98' title="bbox 2256 3218 3838 3293; baseline 0.001 -17"><span class='ocrx_word' id='word_1_735' title='bbox 2256 3232 2336 3276; x_wconf 88' lang='lat' dir='ltr'><strong>cst</strong></span> <span class='ocrx_word' id='word_1_736' title='bbox 2359 3221 2526 3275; x_wconf 84' lang='lat' dir='ltr'><strong>beatus</strong></span> <span class='ocrx_word' id='word_1_737' title='bbox 2550 3236 2691 3290; x_wconf 88' lang='lat' dir='ltr'><strong>quem</strong></span> <span class='ocrx_word' id='word_1_738' title='bbox 2735 3229 2788 3272; x_wconf 91' lang='lat' dir='ltr'><strong>tu</strong></span> <span class='ocrx_word' id='word_1_739' title='bbox 2817 3219 3076 3284; x_wconf 71' lang='lat' dir='ltr'><strong>audieris,</strong></span> <span class='ocrx_word' id='word_1_740' title='bbox 3127 3218 3342 3273; x_wconf 74' lang='lat' dir='ltr'><strong>Domine</strong></span> <span class='ocrx_word' id='word_1_741' title='bbox 3367 3259 3384 3284; x_wconf 84' lang='lat'><strong>,</strong></span> <span class='ocrx_word' id='word_1_742' title='bbox 3436 3231 3483 3276; x_wconf 76' lang='lat' dir='ltr'><strong>et</strong></span> <span class='ocrx_word' id='word_1_743' title='bbox 3510 3237 3571 3276; x_wconf 74' lang='lat' dir='ltr'><strong>ex</strong></span> <span class='ocrx_word' id='word_1_744' title='bbox 3596 3222 3710 3293; x_wconf 84' lang='lat' dir='ltr'><strong>lege</strong></span> <span class='ocrx_word' id='word_1_745' title='bbox 3754 3231 3838 3277; x_wconf 83' lang='lat' dir='ltr'><strong>tua</strong></span> 
     </span>
    </p>
   </div>
   <div class='ocr_carea' id='block_1_97' title="bbox 2259 3310 3834 3381">
    <p class='ocr_par' dir='ltr' id='par_1_97' title="bbox 2259 3310 3834 3381">
     <span class='ocr_line' id='line_1_99' title="bbox 2259 3310 3834 3381; baseline 0.001 -15"><span class='ocrx_word' id='word_1_746' title='bbox 2259 3314 2486 3366; x_wconf 81' lang='lat' dir='ltr'><strong>docueris</strong></span> <span class='ocrx_word' id='word_1_747' title='bbox 2511 3329 2645 3365; x_wconf 83' lang='lat' dir='ltr'><strong>euin.</strong></span> <span class='ocrx_word' id='word_1_748' title='bbox 2670 3310 2806 3377; x_wconf 88' lang='lat' dir='ltr'><strong>Quid</strong></span> <span class='ocrx_word' id='word_1_749' title='bbox 2821 3311 3099 3380; x_wconf 86' lang='lat' dir='ltr'><strong>sequitur?</strong></span> <span class='ocrx_word' id='word_1_750' title='bbox 3128 3311 3237 3365; x_wconf 91' lang='lat' dir='ltr'><strong>Iluc</strong></span> <span class='ocrx_word' id='word_1_751' title='bbox 3263 3327 3428 3381; x_wconf 86' lang='lat' dir='ltr'><strong>usque</strong></span> <span class='ocrx_word' id='word_1_752' title='bbox 3452 3313 3787 3367; x_wconf 83' lang='lat' dir='ltr'><strong>catttavimus</strong></span> <span class='ocrx_word' id='word_1_753' title='bbox 3820 3331 3834 3367; x_wconf 90' lang='lat'><strong>:</strong></span> 
     </span>
    </p>
   </div>
   <div class='ocr_carea' id='block_1_98' title="bbox 2259 3399 3838 3473">
    <p class='ocr_par' dir='ltr' id='par_1_98' title="bbox 2259 3399 3838 3473">
     <span class='ocr_line' id='line_1_100' title="bbox 2259 3399 3838 3473; baseline -0.001 -17"><span class='ocrx_word' id='word_1_754' title='bbox 2259 3403 2326 3457; x_wconf 80' lang='lat' dir='ltr'><strong>Et</strong></span> <span class='ocrx_word' id='word_1_755' title='bbox 2349 3403 2533 3473; x_wconf 76' lang='lat' dir='ltr'><strong>exlege</strong></span> <span class='ocrx_word' id='word_1_756' title='bbox 2564 3412 2649 3455; x_wconf 86' lang='lat' dir='ltr'><strong>tua</strong></span> <span class='ocrx_word' id='word_1_757' title='bbox 2675 3402 2901 3454; x_wconf 84' lang='lat' dir='ltr'><strong>docueris</strong></span> <span class='ocrx_word' id='word_1_758' title='bbox 2929 3416 3060 3454; x_wconf 85' lang='lat' dir='ltr'><strong>eum.</strong></span> <span class='ocrx_word' id='word_1_759' title='bbox 3097 3399 3163 3453; x_wconf 88' lang='lat' dir='ltr'><strong>Ut</strong></span> <span class='ocrx_word' id='word_1_760' title='bbox 3210 3401 3408 3471; x_wconf 76' lang='lat' dir='ltr'><strong>mitiges</strong></span> <span class='ocrx_word' id='word_1_761' title='bbox 3450 3417 3562 3454; x_wconf 81' lang='lat' dir='ltr'><strong>eum</strong></span> <span class='ocrx_word' id='word_1_762' title='bbox 3586 3418 3618 3452; x_wconf 88' lang='lat' dir='ltr'><strong>a</strong></span> <span class='ocrx_word' id='word_1_763' title='bbox 3662 3402 3838 3459; x_wconf 77' lang='lat' dir='ltr'><strong>diebus</strong></span> 
     </span>
    </p>
   </div>
   <div class='ocr_carea' id='block_1_99' title="bbox 2259 3489 3837 3564">
    <p class='ocr_par' dir='ltr' id='par_1_99' title="bbox 2259 3489 3837 3564">
     <span class='ocr_line' id='line_1_101' title="bbox 2259 3489 3837 3564; baseline -0.002 -16"><span class='ocrx_word' id='word_1_764' title='bbox 2259 3494 2515 3564; x_wconf 83' lang='lat' dir='ltr'><strong>malignis,</strong></span> <span class='ocrx_word' id='word_1_765' title='bbox 2541 3493 2697 3545; x_wconf 83' lang='lat' dir='ltr'><strong>donec</strong></span> <span class='ocrx_word' id='word_1_766' title='bbox 2724 3492 2951 3560; x_wconf 74' lang='lat' dir='ltr'><strong>fodiatur</strong></span> <span class='ocrx_word' id='word_1_767' title='bbox 2972 3491 3218 3560; x_wconf 84' lang='lat' dir='ltr'><strong>peccatori</strong></span> <span class='ocrx_word' id='word_1_768' title='bbox 3261 3491 3423 3559; x_wconf 71' lang='lat' dir='ltr'><strong>fovea.</strong></span> <span class='ocrx_word' id='word_1_769' title='bbox 3456 3489 3573 3560; x_wconf 74' lang='lat' dir='ltr'><strong>Ipse</strong></span> <span class='ocrx_word' id='word_1_770' title='bbox 3618 3503 3712 3546; x_wconf 83' lang='lat' dir='ltr'><strong>est</strong></span> <span class='ocrx_word' id='word_1_771' title='bbox 3761 3493 3837 3546; x_wconf 84' lang='lat' dir='ltr'><strong>vir</strong></span> 
     </span>
    </p>
   </div>
   <div class='ocr_carea' id='block_1_100' title="bbox 2259 3580 3836 3656">
    <p class='ocr_par' dir='ltr' id='par_1_100' title="bbox 2259 3580 3836 3656">
     <span class='ocr_line' id='line_1_102' title="bbox 2259 3580 3836 3656; baseline -0.001 -17"><span class='ocrx_word' id='word_1_772' title='bbox 2259 3586 2348 3656; x_wconf 90' lang='lat' dir='ltr'><strong>qui</strong></span> <span class='ocrx_word' id='word_1_773' title='bbox 2374 3583 2612 3638; x_wconf 85' lang='lat' dir='ltr'><strong>eruditur</strong></span> <span class='ocrx_word' id='word_1_774' title='bbox 2641 3597 2670 3634; x_wconf 90' lang='lat' dir='ltr'><strong>a</strong></span> <span class='ocrx_word' id='word_1_775' title='bbox 2701 3581 2923 3635; x_wconf 85' lang='lat' dir='ltr'><strong>Domino</strong></span> <span class='ocrx_word' id='word_1_776' title='bbox 2941 3621 2957 3646; x_wconf 92' lang='lat'><strong>,</strong></span> <span class='ocrx_word' id='word_1_777' title='bbox 2998 3582 3111 3649; x_wconf 88' lang='lat' dir='ltr'><strong>ipse</strong></span> <span class='ocrx_word' id='word_1_778' title='bbox 3134 3589 3216 3635; x_wconf 90' lang='lat' dir='ltr'><strong>est</strong></span> <span class='ocrx_word' id='word_1_779' title='bbox 3243 3580 3333 3651; x_wconf 89' lang='lat' dir='ltr'><strong>qui</strong></span> <span class='ocrx_word' id='word_1_780' title='bbox 3358 3596 3425 3634; x_wconf 81' lang='lat' dir='ltr'><strong>ex</strong></span> <span class='ocrx_word' id='word_1_781' title='bbox 3451 3581 3569 3652; x_wconf 76' lang='lat' dir='ltr'><strong>lege</strong></span> <span class='ocrx_word' id='word_1_782' title='bbox 3595 3582 3697 3637; x_wconf 81' lang='lat' dir='ltr'><strong>Dei</strong></span> <span class='ocrx_word' id='word_1_783' title='bbox 3725 3583 3836 3637; x_wconf 87' lang='lat' dir='ltr'><strong>dis-</strong></span> 
     </span>
    </p>
   </div>
   <div class='ocr_carea' id='block_1_101' title="bbox 2224 3672 3838 3744">
    <p class='ocr_par' dir='ltr' id='par_1_101' title="bbox 2224 3672 3838 3744">
     <span class='ocr_line' id='line_1_103' title="bbox 2224 3672 3838 3744; baseline -0.001 -13"><span class='ocrx_word' id='word_1_784' title='bbox 2224 3674 2334 3731; x_wconf 84' lang='lat' dir='ltr'><strong>’cit</strong></span> <span class='ocrx_word' id='word_1_785' title='bbox 2357 3692 2386 3729; x_wconf 87' lang='lat' dir='ltr'><strong>a</strong></span> <span class='ocrx_word' id='word_1_786' title='bbox 2417 3676 2660 3740; x_wconf 90' lang='lat' dir='ltr'><strong>Domino,</strong></span> <span class='ocrx_word' id='word_1_787' title='bbox 2692 3676 2779 3744; x_wconf 86' lang='lat' dir='ltr'><strong>qui</strong></span> <span class='ocrx_word' id='word_1_788' title='bbox 2802 3674 3069 3744; x_wconf 83' lang='lat' dir='ltr'><strong>mitigatur</strong></span> <span class='ocrx_word' id='word_1_789' title='bbox 3097 3688 3127 3727; x_wconf 91' lang='lat' dir='ltr'><strong>a</strong></span> <span class='ocrx_word' id='word_1_790' title='bbox 3155 3672 3343 3728; x_wconf 87' lang='lat' dir='ltr'><strong>diebus</strong></span> <span class='ocrx_word' id='word_1_791' title='bbox 3371 3674 3633 3743; x_wconf 81' lang='lat' dir='ltr'><strong>malignis,</strong></span> <span class='ocrx_word' id='word_1_792' title='bbox 3666 3675 3838 3733; x_wconf 83' lang='lat' dir='ltr'><strong>donec</strong></span> 
     </span>
    </p>
   </div>
   <div class='ocr_carea' id='block_1_102' title="bbox 2262 3764 3834 3836">
    <p class='ocr_par' dir='ltr' id='par_1_102' title="bbox 2262 3764 3834 3836">
     <span class='ocr_line' id='line_1_104' title="bbox 2262 3764 3834 3836; baseline -0.003 -13"><span class='ocrx_word' id='word_1_793' title='bbox 2262 3770 2489 3824; x_wconf 88' lang='lat' dir='ltr'><strong>fodiatur</strong></span> <span class='ocrx_word' id='word_1_794' title='bbox 2518 3765 2778 3836; x_wconf 87' lang='lat' dir='ltr'><strong>peecatori</strong></span> <span class='ocrx_word' id='word_1_795' title='bbox 2805 3766 2975 3819; x_wconf 86' lang='lat' dir='ltr'><strong>fovea.</strong></span> <span class='ocrx_word' id='word_1_796' title='bbox 2994 3766 3185 3820; x_wconf 82' lang='lat' dir='ltr'><strong>Audite</strong></span> <span class='ocrx_word' id='word_1_797' title='bbox 3210 3764 3334 3835; x_wconf 87' lang='lat' dir='ltr'><strong>quid</strong></span> <span class='ocrx_word' id='word_1_798' title='bbox 3360 3765 3449 3818; x_wconf 92' lang='lat' dir='ltr'><strong>sit.</strong></span> <span class='ocrx_word' id='word_1_799' title='bbox 3478 3764 3692 3835; x_wconf 76' lang='lat' dir='ltr'><strong>Maligni</strong></span> <span class='ocrx_word' id='word_1_800' title='bbox 3720 3766 3834 3821; x_wconf 85' lang='lat' dir='ltr'><strong>dies</strong></span> 
     </span>
    </p>
   </div>
   <div class='ocr_carea' id='block_1_103' title="bbox 2261 3855 3835 3927">
    <p class='ocr_par' dir='ltr' id='par_1_103' title="bbox 2261 3855 3835 3927">
     <span class='ocr_line' id='line_1_105' title="bbox 2261 3855 3835 3927; baseline -0.004 -12"><span class='ocrx_word' id='word_1_801' title='bbox 2261 3870 2400 3915; x_wconf 91' lang='lat' dir='ltr'><strong>sunt.</strong></span> <span class='ocrx_word' id='word_1_802' title='bbox 2453 3858 2713 3927; x_wconf 82' lang='lat' dir='ltr'><strong>Numquid</strong></span> <span class='ocrx_word' id='word_1_803' title='bbox 2759 3855 2932 3921; x_wconf 85' lang='lat' dir='ltr'><strong>isthic,</strong></span> <span class='ocrx_word' id='word_1_804' title='bbox 2961 3871 3025 3910; x_wconf 77' lang='lat' dir='ltr'><strong>ex</strong></span> <span class='ocrx_word' id='word_1_805' title='bbox 3053 3872 3158 3925; x_wconf 89' lang='lat' dir='ltr'><strong>quo</strong></span> <span class='ocrx_word' id='word_1_806' title='bbox 3195 3856 3261 3911; x_wconf 90' lang='lat' dir='ltr'><strong>de</strong></span> <span class='ocrx_word' id='word_1_807' title='bbox 3307 3856 3559 3910; x_wconf 84' lang='lat' dir='ltr'><strong>Paradiso</strong></span> <span class='ocrx_word' id='word_1_808' title='bbox 3610 3857 3835 3924; x_wconf 82' lang='lat' dir='ltr'><strong>projccti</strong></span> 
     </span>
    </p>
   </div>
   <div class='ocr_carea' id='block_1_104' title="bbox 2260 3945 3837 4017">
    <p class='ocr_par' dir='ltr' id='par_1_104' title="bbox 2260 3945 3837 4017">
     <span class='ocr_line' id='line_1_106' title="bbox 2260 3945 3837 4017; baseline -0.004 -11"><span class='ocrx_word' id='word_1_809' title='bbox 2260 3966 2471 4011; x_wconf 88' lang='lat' dir='ltr'><strong>sumus,</strong></span> <span class='ocrx_word' id='word_1_810' title='bbox 2525 3949 2780 4017; x_wconf 79' lang='lat' dir='ltr'><strong>malignos</strong></span> <span class='ocrx_word' id='word_1_811' title='bbox 2822 3948 2935 4001; x_wconf 81' lang='lat' dir='ltr'><strong>dies</strong></span> <span class='ocrx_word' id='word_1_812' title='bbox 2982 3947 3225 4015; x_wconf 87' lang='lat' dir='ltr'><strong>agimus?</strong></span> <span class='ocrx_word' id='word_1_813' title='bbox 3271 3945 3336 3998; x_wconf 78' lang='lat' dir='ltr'><strong>Et</strong></span> <span class='ocrx_word' id='word_1_814' title='bbox 3379 3947 3606 4011; x_wconf 74' lang='lat' dir='ltr'><strong>majores</strong></span> <span class='ocrx_word' id='word_1_815' title='bbox 3669 3947 3837 3999; x_wconf 52' lang='grc' dir='ltr'><strong>θυμω-ἰ</strong></span> 
     </span>
    </p>
   </div>
   <div class='ocr_carea' id='block_1_105' title="bbox 2264 4037 3837 4113">
    <p class='ocr_par' dir='ltr' id='par_1_105' title="bbox 2264 4037 3837 4113">
     <span class='ocr_line' id='line_1_107' title="bbox 2264 4037 3837 4113; baseline -0.003 -17"><span class='ocrx_word' id='word_1_816' title='bbox 2264 4044 2577 4113; x_wconf 73' lang='lat' dir='ltr'><strong>planxerunt</strong></span> <span class='ocrx_word' id='word_1_817' title='bbox 2600 4040 2711 4092; x_wconf 88' lang='lat' dir='ltr'><strong>dies</strong></span> <span class='ocrx_word' id='word_1_818' title='bbox 2740 4053 2881 4097; x_wconf 77' lang='lat' dir='ltr'><strong>suos.</strong></span> <span class='ocrx_word' id='word_1_819' title='bbox 2911 4046 2964 4091; x_wconf 87' lang='lat' dir='ltr'><strong>et</strong></span> <span class='ocrx_word' id='word_1_820' title='bbox 3008 4039 3089 4091; x_wconf 81' lang='lat' dir='ltr'><strong>avi</strong></span> <span class='ocrx_word' id='word_1_821' title='bbox 3138 4053 3320 4090; x_wconf 82' lang='lat' dir='ltr'><strong>eorum</strong></span> <span class='ocrx_word' id='word_1_822' title='bbox 3368 4037 3686 4105; x_wconf 71' lang='lat' dir='ltr'><strong>planxerunt</strong></span> <span class='ocrx_word' id='word_1_823' title='bbox 3726 4038 3837 4091; x_wconf 76' lang='lat' dir='ltr'><strong>dies</strong></span> 
     </span>
    </p>
   </div>
   <div class='ocr_carea' id='block_1_106' title="bbox 2261 4127 3836 4194">
    <p class='ocr_par' dir='ltr' id='par_1_106' title="bbox 2261 4127 3836 4194">
     <span class='ocr_line' id='line_1_108' title="bbox 2261 4127 3836 4194; baseline -0.004 -9"><span class='ocrx_word' id='word_1_824' title='bbox 2261 4148 2408 4186; x_wconf 83' lang='lat' dir='ltr'><strong>suos.</strong></span> <span class='ocrx_word' id='word_1_825' title='bbox 2432 4128 2603 4184; x_wconf 83' lang='lat' dir='ltr'><strong>Nullis</strong></span> <span class='ocrx_word' id='word_1_826' title='bbox 2639 4128 2938 4181; x_wconf 85' lang='lat' dir='ltr'><strong>hominibus</strong></span> <span class='ocrx_word' id='word_1_827' title='bbox 2966 4127 3078 4179; x_wconf 62' lang='lat' dir='ltr'><strong>dies</strong></span> <span class='ocrx_word' id='word_1_828' title='bbox 3112 4127 3436 4193; x_wconf 71' lang='lat' dir='ltr'><strong>placuerunt,</strong></span> <span class='ocrx_word' id='word_1_829' title='bbox 3470 4142 3604 4194; x_wconf 84' lang='lat' dir='ltr'><strong>quos</strong></span> <span class='ocrx_word' id='word_1_830' title='bbox 3650 4127 3836 4180; x_wconf 80' lang='lat' dir='ltr'><strong>viven-</strong></span> 
     </span>
    </p>
   </div>
   <div class='ocr_carea' id='block_1_107' title="bbox 2261 4215 3837 4290">
    <p class='ocr_par' dir='ltr' id='par_1_107' title="bbox 2261 4215 3837 4290">
     <span class='ocr_line' id='line_1_109' title="bbox 2261 4215 3837 4290; baseline -0.004 -15"><span class='ocrx_word' id='word_1_831' title='bbox 2261 4224 2329 4275; x_wconf 88' lang='lat' dir='ltr'><strong>do</strong></span> <span class='ocrx_word' id='word_1_832' title='bbox 2358 4230 2598 4290; x_wconf 82' lang='lat' dir='ltr'><strong>egerunt.</strong></span> <span class='ocrx_word' id='word_1_833' title='bbox 2629 4217 2730 4271; x_wconf 76' lang='lat' dir='ltr'><strong>Sed</strong></span> <span class='ocrx_word' id='word_1_834' title='bbox 2764 4216 2985 4285; x_wconf 82' lang='lat' dir='ltr'><strong>posteris</strong></span> <span class='ocrx_word' id='word_1_835' title='bbox 3025 4216 3233 4284; x_wconf 80' lang='lat' dir='ltr'><strong>placent</strong></span> <span class='ocrx_word' id='word_1_836' title='bbox 3277 4215 3392 4268; x_wconf 86' lang='lat' dir='ltr'><strong>dies</strong></span> <span class='ocrx_word' id='word_1_837' title='bbox 3435 4215 3696 4283; x_wconf 84' lang='lat' dir='ltr'><strong>majorum</strong></span> <span class='ocrx_word' id='word_1_838' title='bbox 3728 4234 3744 4270; x_wconf 85' lang='lat'><strong>;</strong></span> <span class='ocrx_word' id='word_1_839' title='bbox 3787 4223 3837 4268; x_wconf 86' lang='lat' dir='ltr'><strong>et</strong></span> 
     </span>
    </p>
   </div>
   <div class='ocr_carea' id='block_1_108' title="bbox 2263 4307 3836 4375">
    <p class='ocr_par' dir='ltr' id='par_1_108' title="bbox 2263 4307 3836 4375">
     <span class='ocr_line' id='line_1_110' title="bbox 2263 4307 3836 4375; baseline -0.004 -9"><span class='ocrx_word' id='word_1_840' title='bbox 2263 4313 2366 4366; x_wconf 90' lang='lat' dir='ltr'><strong>illis</strong></span> <span class='ocrx_word' id='word_1_841' title='bbox 2394 4315 2582 4366; x_wconf 88' lang='lat' dir='ltr'><strong>iterum</strong></span> <span class='ocrx_word' id='word_1_842' title='bbox 2614 4310 2687 4362; x_wconf 84' lang='lat' dir='ltr'><strong>illi</strong></span> <span class='ocrx_word' id='word_1_843' title='bbox 2718 4309 2831 4361; x_wconf 82' lang='lat' dir='ltr'><strong>dies</strong></span> <span class='ocrx_word' id='word_1_844' title='bbox 2861 4308 3155 4375; x_wconf 84' lang='lat' dir='ltr'><strong>placebant,</strong></span> <span class='ocrx_word' id='word_1_845' title='bbox 3179 4320 3311 4375; x_wconf 85' lang='lat' dir='ltr'><strong>quos</strong></span> <span class='ocrx_word' id='word_1_846' title='bbox 3360 4307 3453 4373; x_wconf 88' lang='lat' dir='ltr'><strong>ipsi</strong></span> <span class='ocrx_word' id='word_1_847' title='bbox 3489 4322 3592 4359; x_wconf 92' lang='lat' dir='ltr'><strong>non</strong></span> <span class='ocrx_word' id='word_1_848' title='bbox 3637 4309 3836 4361; x_wconf 76' lang='lat' dir='ltr'><strong>sentie-</strong></span> 
     </span>
    </p>
   </div>
   <div class='ocr_carea' id='block_1_109' title="bbox 2262 4395 3835 4471">
    <p class='ocr_par' dir='ltr' id='par_1_109' title="bbox 2262 4395 3835 4471">
     <span class='ocr_line' id='line_1_111' title="bbox 2262 4395 3835 4471; baseline -0.006 -16"><span class='ocrx_word' id='word_1_849' title='bbox 2262 4403 2406 4465; x_wconf 86' lang='lat' dir='ltr'><strong>bant,</strong></span> <span class='ocrx_word' id='word_1_850' title='bbox 2442 4411 2494 4454; x_wconf 91' lang='lat' dir='ltr'><strong>ct</strong></span> <span class='ocrx_word' id='word_1_851' title='bbox 2542 4401 2659 4454; x_wconf 87' lang='lat' dir='ltr'><strong>ideo</strong></span> <span class='ocrx_word' id='word_1_852' title='bbox 2706 4399 2997 4466; x_wconf 63' lang='lat' dir='ltr'><strong>(iacebant.</strong></span> <span class='ocrx_word' id='word_1_853' title='bbox 3049 4396 3200 4464; x_wconf 82' lang='lat' dir='ltr'><strong>Quod</strong></span> <span class='ocrx_word' id='word_1_854' title='bbox 3247 4395 3382 4471; x_wconf 74' lang='lat' dir='ltr'><strong>enim</strong></span> <span class='ocrx_word' id='word_1_855' title='bbox 3433 4410 3670 4463; x_wconf 63' lang='lat' dir='ltr'><strong>pra-sons</strong></span> <span class='ocrx_word' id='word_1_856' title='bbox 3722 4406 3835 4457; x_wconf 84' lang='lat' dir='ltr'><strong>cst,</strong></span> 
     </span>
    </p>
   </div>
   <div class='ocr_carea' id='block_1_110' title="bbox 2261 4485 3834 4556">
    <p class='ocr_par' dir='ltr' id='par_1_110' title="bbox 2261 4485 3834 4556">
     <span class='ocr_line' id='line_1_112' title="bbox 2261 4485 3834 4556; baseline -0.004 -9"><span class='ocrx_word' id='word_1_857' title='bbox 2261 4511 2436 4549; x_wconf 77' lang='lat' dir='ltr'><strong>acrem</strong></span> <span class='ocrx_word' id='word_1_858' title='bbox 2470 4493 2626 4547; x_wconf 87' lang='lat' dir='ltr'><strong>habet</strong></span> <span class='ocrx_word' id='word_1_859' title='bbox 2651 4506 2886 4545; x_wconf 81' lang='lat' dir='ltr'><strong>sensum.</strong></span> <span class='ocrx_word' id='word_1_860' title='bbox 2916 4489 3030 4542; x_wconf 85' lang='lat' dir='ltr'><strong>Non</strong></span> <span class='ocrx_word' id='word_1_861' title='bbox 3057 4488 3088 4541; x_wconf 92' lang='lat' dir='ltr'><strong>d</strong></span> <span class='ocrx_word' id='word_1_862' title='bbox 3113 4504 3173 4540; x_wconf 87' lang='lat' dir='ltr'><strong>co</strong></span> <span class='ocrx_word' id='word_1_863' title='bbox 3198 4529 3213 4553; x_wconf 89' lang='lat'><strong>,</strong></span> <span class='ocrx_word' id='word_1_864' title='bbox 3248 4486 3457 4556; x_wconf 83' lang='lat' dir='ltr'><strong>propius</strong></span> <span class='ocrx_word' id='word_1_865' title='bbox 3486 4485 3834 4549; x_wconf 79' lang='lat' dir='ltr'><strong>admovetur;</strong></span> 
     </span>
    </p>
   </div>
   <div class='ocr_carea' id='block_1_111' title="bbox 2263 4578 3835 4655">
    <p class='ocr_par' dir='ltr' id='par_1_111' title="bbox 2263 4578 3835 4655">
     <span class='ocr_line' id='line_1_113' title="bbox 2263 4578 3835 4655; baseline -0.008 -11"><span class='ocrx_word' id='word_1_866' title='bbox 2263 4589 2356 4651; x_wconf 81' lang='lat' dir='ltr'><strong>sed</strong></span> <span class='ocrx_word' id='word_1_867' title='bbox 2385 4606 2477 4641; x_wconf 82' lang='lat' dir='ltr'><strong>cur</strong></span> <span class='ocrx_word' id='word_1_868' title='bbox 2525 4585 2690 4655; x_wconf 81' lang='lat' dir='ltr'><strong>tangit</strong></span> <span class='ocrx_word' id='word_1_869' title='bbox 2717 4584 2967 4653; x_wconf 85' lang='lat' dir='ltr'><strong>quotidie.</strong></span> <span class='ocrx_word' id='word_1_870' title='bbox 2995 4581 3147 4634; x_wconf 85' lang='lat' dir='ltr'><strong>Omni</strong></span> <span class='ocrx_word' id='word_1_871' title='bbox 3177 4593 3316 4633; x_wconf 90' lang='lat' dir='ltr'><strong>anno</strong></span> <span class='ocrx_word' id='word_1_872' title='bbox 3361 4578 3667 4646; x_wconf 70' lang='lat' dir='ltr'><strong>plerumque</strong></span> <span class='ocrx_word' id='word_1_873' title='bbox 3707 4579 3835 4632; x_wconf 74' lang='lat' dir='ltr'><strong>ilici-</strong></span> 
     </span>
    </p>
   </div>
   <div class='ocr_carea' id='block_1_112' title="bbox 2264 4670 3836 4749">
    <p class='ocr_par' dir='ltr' id='par_1_112' title="bbox 2264 4670 3836 4749">
     <span class='ocr_line' id='line_1_114' title="bbox 2264 4670 3836 4749; baseline -0.009 -14"><span class='ocrx_word' id='word_1_874' title='bbox 2264 4696 2383 4735; x_wconf 91' lang='lat' dir='ltr'><strong>mus</strong></span> <span class='ocrx_word' id='word_1_875' title='bbox 2430 4677 2640 4749; x_wconf 85' lang='lat' dir='ltr'><strong>quando</strong></span> <span class='ocrx_word' id='word_1_876' title='bbox 2690 4675 2855 4745; x_wconf 75' lang='lat' dir='ltr'><strong>frigus</strong></span> <span class='ocrx_word' id='word_1_877' title='bbox 2879 4673 3173 4736; x_wconf 88' lang='lat' dir='ltr'><strong>sentimus,</strong></span> <span class='ocrx_word' id='word_1_878' title='bbox 3229 4672 3501 4741; x_wconf 70' lang='lat' dir='ltr'><strong>Nunquam</strong></span> <span class='ocrx_word' id='word_1_879' title='bbox 3559 4671 3679 4723; x_wconf 75' lang='lat' dir='ltr'><strong>fecit</strong></span> <span class='ocrx_word' id='word_1_880' title='bbox 3736 4670 3836 4722; x_wconf 88' lang='lat' dir='ltr'><strong>tale</strong></span> 
     </span>
    </p>
   </div>
   <div class='ocr_carea' id='block_1_113' title="bbox 2267 4764 3851 4851">
    <p class='ocr_par' dir='ltr' id='par_1_113' title="bbox 2267 4764 3851 4851">
     <span class='ocr_line' id='line_1_115' title="bbox 2267 4764 3851 4851; baseline -0.008 -23"><span class='ocrx_word' id='word_1_881' title='bbox 2267 4776 2427 4845; x_wconf 77' lang='lat' dir='ltr'><strong>frigus</strong></span> <span class='ocrx_word' id='word_1_882' title='bbox 2481 4772 2804 4839; x_wconf 73' lang='lat' dir='ltr'><strong>:Nunquam</strong></span> <span class='ocrx_word' id='word_1_883' title='bbox 2836 4768 2959 4822; x_wconf 86' lang='lat' dir='ltr'><strong>fecit</strong></span> <span class='ocrx_word' id='word_1_884' title='bbox 3011 4766 3143 4819; x_wconf 82' lang='lat' dir='ltr'><strong>tales</strong></span> <span class='ocrx_word' id='word_1_885' title='bbox 3184 4776 3365 4819; x_wconf 72' lang='lat' dir='ltr'><strong>aestus.</strong></span> <span class='ocrx_word' id='word_1_886' title='bbox 3444 4766 3665 4832; x_wconf 77' lang='lat' dir='ltr'><strong>Semper</strong></span> <span class='ocrx_word' id='word_1_887' title='bbox 3718 4764 3851 4851; x_wconf 36' lang='lat' dir='ltr'><strong>tacit‘</strong></span> 
     </span>
    </p>
   </div>
   <div class='ocr_carea' id='block_1_114' title="bbox 2260 4851 3829 4933">
    <p class='ocr_par' dir='ltr' id='par_1_114' title="bbox 2260 4851 3829 4933">
     <span class='ocr_line' id='line_1_116' title="bbox 2260 4851 3829 4933; baseline -0.012 -12"><span class='ocrx_word' id='word_1_888' title='bbox 2260 4867 2378 4933; x_wconf 59' lang='lat' dir='ltr'><strong>ipa:</strong></span> <span class='ocrx_word' id='word_1_889' title='bbox 2404 4863 2491 4932; x_wconf 90' lang='lat' dir='ltr'><strong>qtti</strong></span> <span class='ocrx_word' id='word_1_890' title='bbox 2523 4861 2700 4915; x_wconf 68' lang='lat' dir='ltr'><strong>I&#39;acit‘.</strong></span> <span class='ocrx_word' id='word_1_891' title='bbox 2733 4858 2834 4914; x_wconf 85' lang='lat' dir='ltr'><strong>Sed</strong></span> <span class='ocrx_word' id='word_1_892' title='bbox 2865 4857 3035 4910; x_wconf 74' lang='lat' dir='ltr'><strong>beatus</strong></span> <span class='ocrx_word' id='word_1_893' title='bbox 3068 4856 3141 4909; x_wconf 81' lang='lat' dir='ltr'><strong>vir</strong></span> <span class='ocrx_word' id='word_1_894' title='bbox 3166 4871 3311 4922; x_wconf 83' lang='lat' dir='ltr'><strong>quem</strong></span> <span class='ocrx_word' id='word_1_895' title='bbox 3342 4863 3391 4905; x_wconf 86' lang='lat' dir='ltr'><strong>tu</strong></span> <span class='ocrx_word' id='word_1_896' title='bbox 3422 4853 3687 4915; x_wconf 78' lang='lat' dir='ltr'><strong>erudieris,</strong></span> <span class='ocrx_word' id='word_1_897' title='bbox 3726 4851 3829 4904; x_wconf 81' lang='lat' dir='ltr'><strong>Do-</strong></span> 
     </span>
    </p>
   </div>
   <div class='ocr_carea' id='block_1_115' title="bbox 2266 4945 3840 5020">
    <p class='ocr_par' dir='ltr' id='par_1_115' title="bbox 2266 4945 3840 5020">
     <span class='ocr_line' id='line_1_117' title="bbox 2266 4945 3840 5020; baseline -0.008 -12"><span class='ocrx_word' id='word_1_898' title='bbox 2266 4959 2397 5008; x_wconf 77' lang='lat' dir='ltr'><strong>mine</strong></span> <span class='ocrx_word' id='word_1_899' title='bbox 2419 4970 2436 5007; x_wconf 91' lang='lat'><strong><em>:</em></strong></span> <span class='ocrx_word' id='word_1_900' title='bbox 2459 4964 2512 5006; x_wconf 86' lang='lat' dir='ltr'><strong>ut</strong></span> <span class='ocrx_word' id='word_1_901' title='bbox 2542 4952 2734 5020; x_wconf 83' lang='lat' dir='ltr'><strong>mitiges</strong></span> <span class='ocrx_word' id='word_1_902' title='bbox 2758 4966 2871 5002; x_wconf 86' lang='lat' dir='ltr'><strong>eum</strong></span> <span class='ocrx_word' id='word_1_903' title='bbox 2902 4965 2932 5000; x_wconf 87' lang='lat' dir='ltr'><strong>a</strong></span> <span class='ocrx_word' id='word_1_904' title='bbox 2957 4948 3130 5000; x_wconf 78' lang='lat' dir='ltr'><strong>diebus</strong></span> <span class='ocrx_word' id='word_1_905' title='bbox 3152 4946 3405 5015; x_wconf 83' lang='lat' dir='ltr'><strong>nmlignis,</strong></span> <span class='ocrx_word' id='word_1_906' title='bbox 3439 4945 3592 4996; x_wconf 79' lang='lat' dir='ltr'><strong>donec</strong></span> <span class='ocrx_word' id='word_1_907' title='bbox 3615 4945 3840 5013; x_wconf 76' lang='lat' dir='ltr'><strong>fodiatur</strong></span> 
     </span>
    </p>
   </div>
   <div class='ocr_carea' id='block_1_116' title="bbox 2269 5047 2700 5117">
    <p class='ocr_par' dir='ltr' id='par_1_116' title="bbox 2269 5047 2700 5117">
     <span class='ocr_line' id='line_1_118' title="bbox 2269 5047 2700 5117; baseline -0.009 -20"><span class='ocrx_word' id='word_1_908' title='bbox 2269 5047 2514 5117; x_wconf 71' lang='lat' dir='ltr'><strong>peccaturi</strong></span> <span class='ocrx_word' id='word_1_909' title='bbox 2541 5048 2700 5114; x_wconf 78' lang='lat' dir='ltr'><strong>fovea.</strong></span> 
     </span>
    </p>
   </div>
   <div class='ocr_carea' id='block_1_117' title="bbox 2336 5125 3835 5204">
    <p class='ocr_par' dir='ltr' id='par_1_117' title="bbox 2336 5125 3835 5204">
     <span class='ocr_line' id='line_1_119' title="bbox 2336 5125 3835 5204; baseline -0.013 -10"><span class='ocrx_word' id='word_1_910' title='bbox 2336 5138 2558 5194; x_wconf 74' lang='lat' dir='ltr'><strong>CAPUT</strong></span> <span class='ocrx_word' id='word_1_911' title='bbox 2601 5137 2686 5191; x_wconf 73' lang='lat' dir='ltr'><strong>IV.</strong></span> <span class='ocrx_word' id='word_1_912' title='bbox 2716 5166 2787 5174; x_wconf 95' lang='lat'><strong>—</strong></span> <span class='ocrx_word' id='word_1_913' title='bbox 2810 5137 2861 5190; x_wconf 69' lang='grc'><strong>4.</strong></span> <span class='ocrx_word' id='word_1_914' title='bbox 2884 5131 3098 5204; x_wconf 79' lang='lat' dir='ltr'><strong>.llaligni</strong></span> <span class='ocrx_word' id='word_1_915' title='bbox 3120 5132 3223 5184; x_wconf 84' lang='lat' dir='ltr'><strong>dies</strong></span> <span class='ocrx_word' id='word_1_916' title='bbox 3255 5131 3405 5184; x_wconf 85' lang='lat' dir='ltr'><strong>tmdc.</strong></span> <span class='ocrx_word' id='word_1_917' title='bbox 3451 5127 3658 5196; x_wconf 72' lang='lat' dir='ltr'><strong>Maligui</strong></span> <span class='ocrx_word' id='word_1_918' title='bbox 3704 5125 3735 5176; x_wconf 83' lang='lat' dir='ltr'><strong>(l</strong></span> <span class='ocrx_word' id='word_1_919' title='bbox 3755 5139 3835 5178; x_wconf 58' lang='lat' dir='ltr'><strong>es.</strong></span> 
     </span>
    </p>
   </div>
   <div class='ocr_carea' id='block_1_118' title="bbox 2268 5205 3843 5299">
    <p class='ocr_par' dir='ltr' id='par_1_118' title="bbox 2268 5205 3843 5299">
     <span class='ocr_line' id='line_1_120' title="bbox 2268 5205 3843 5299; baseline -0.012 -15"><span class='ocrx_word' id='word_1_920' title='bbox 2268 5228 2530 5299; x_wconf 81' lang='lat' dir='ltr'><strong>Numquid</strong></span> <span class='ocrx_word' id='word_1_921' title='bbox 2561 5228 2644 5281; x_wconf 80' lang='lat' dir='ltr'><strong>isti</strong></span> <span class='ocrx_word' id='word_1_922' title='bbox 2672 5226 2786 5281; x_wconf 81' lang='lat' dir='ltr'><strong>dies</strong></span> <span class='ocrx_word' id='word_1_923' title='bbox 2812 5205 3021 5295; x_wconf 86' lang='lat' dir='ltr'><strong>maligni</strong></span> <span class='ocrx_word' id='word_1_924' title='bbox 3059 5233 3209 5287; x_wconf 89' lang='lat' dir='ltr'><strong>sunt,</strong></span> <span class='ocrx_word' id='word_1_925' title='bbox 3241 5238 3373 5290; x_wconf 83' lang='lat' dir='ltr'><strong>quos</strong></span> <span class='ocrx_word' id='word_1_926' title='bbox 3396 5221 3558 5289; x_wconf 79' lang='lat' dir='ltr'><strong>agitat</strong></span> <span class='ocrx_word' id='word_1_927' title='bbox 3609 5216 3843 5271; x_wconf 76' lang='lat' dir='ltr'><strong>circulus</strong></span> 
     </span>
    </p>
   </div>
   <div class='ocr_carea' id='block_1_119' title="bbox 2268 5307 3840 5385">
    <p class='ocr_par' dir='ltr' id='par_1_119' title="bbox 2268 5307 3840 5385">
     <span class='ocr_line' id='line_1_121' title="bbox 2268 5307 3840 5385; baseline -0.01 -13"><span class='ocrx_word' id='word_1_928' title='bbox 2268 5320 2437 5372; x_wconf 83' lang='lat' dir='ltr'><strong>solis?</strong></span> <span class='ocrx_word' id='word_1_929' title='bbox 2472 5318 2693 5373; x_wconf 84' lang='lat' dir='ltr'><strong>Faciunt</strong></span> <span class='ocrx_word' id='word_1_930' title='bbox 2720 5317 2974 5385; x_wconf 79' lang='lat' dir='ltr'><strong>malignos</strong></span> <span class='ocrx_word' id='word_1_931' title='bbox 3000 5315 3113 5369; x_wconf 86' lang='lat' dir='ltr'><strong>dies</strong></span> <span class='ocrx_word' id='word_1_932' title='bbox 3139 5310 3348 5380; x_wconf 80' lang='lat' dir='ltr'><strong>maligni</strong></span> <span class='ocrx_word' id='word_1_933' title='bbox 3378 5307 3622 5361; x_wconf 83' lang='lat' dir='ltr'><strong>homines</strong></span> <span class='ocrx_word' id='word_1_934' title='bbox 3645 5325 3657 5360; x_wconf 92' lang='lat'>:</span> <span class='ocrx_word' id='word_1_935' title='bbox 3685 5315 3739 5360; x_wconf 88' lang='lat' dir='ltr'><strong>et</strong></span> <span class='ocrx_word' id='word_1_936' title='bbox 3764 5309 3840 5358; x_wconf 80' lang='lat' dir='ltr'><strong>sit:</strong></span> 
     </span>
    </p>
   </div>
   <div class='ocr_carea' id='block_1_120' title="bbox 2269 5400 3841 5480">
    <p class='ocr_par' dir='ltr' id='par_1_120' title="bbox 2269 5400 3841 5480">
     <span class='ocr_line' id='line_1_122' title="bbox 2269 5400 3841 5480; baseline -0.01 -15"><span class='ocrx_word' id='word_1_937' title='bbox 2269 5422 2345 5466; x_wconf 88' lang='lat' dir='ltr'><strong>est</strong></span> <span class='ocrx_word' id='word_1_938' title='bbox 2395 5425 2556 5480; x_wconf 87' lang='lat' dir='ltr'><strong>prope</strong></span> <span class='ocrx_word' id='word_1_939' title='bbox 2606 5420 2744 5463; x_wconf 90' lang='lat' dir='ltr'><strong>totus</strong></span> <span class='ocrx_word' id='word_1_940' title='bbox 2784 5407 3029 5461; x_wconf 86' lang='lat' dir='ltr'><strong>ntumlns.</strong></span> <span class='ocrx_word' id='word_1_941' title='bbox 3083 5405 3225 5459; x_wconf 90' lang='lat' dir='ltr'><strong>Inter</strong></span> <span class='ocrx_word' id='word_1_942' title='bbox 3272 5403 3452 5457; x_wconf 85' lang='lat' dir='ltr'><strong>turbas</strong></span> <span class='ocrx_word' id='word_1_943' title='bbox 3494 5400 3841 5469; x_wconf 81' lang='lat' dir='ltr'><strong>malignorum</strong></span> 
     </span>
    </p>
   </div>
   <div class='ocr_carea' id='block_1_121' title="bbox 2268 5487 3848 5572">
    <p class='ocr_par' dir='ltr' id='par_1_121' title="bbox 2268 5487 3848 5572">
     <span class='ocr_line' id='line_1_123' title="bbox 2268 5487 3848 5572; baseline -0.01 -15"><span class='ocrx_word' id='word_1_944' title='bbox 2268 5506 2431 5572; x_wconf 81' lang='lat' dir='ltr'><strong>gemit</strong></span> <span class='ocrx_word' id='word_1_945' title='bbox 2470 5501 2702 5570; x_wconf 74' lang='lat' dir='ltr'><strong>paucitas</strong></span> <span class='ocrx_word' id='word_1_946' title='bbox 2752 5501 3150 5552; x_wconf 84' lang='lat' dir='ltr'><strong>frtunentorum.</strong></span> <span class='ocrx_word' id='word_1_947' title='bbox 3205 5494 3535 5547; x_wconf 71' lang='lat' dir='ltr'><strong>Revocemus</strong></span> <span class='ocrx_word' id='word_1_948' title='bbox 3596 5487 3661 5544; x_wconf 83' lang='lat' dir='ltr'><strong>ad</strong></span> <span class='ocrx_word' id='word_1_949' title='bbox 3699 5488 3848 5559; x_wconf 59' lang='lat' dir='ltr'><strong>ipsos</strong></span> 
     </span>
    </p>
   </div>
   <div class='ocr_carea' id='block_1_122' title="bbox 2345 5606 3317 5672">
    <p class='ocr_par' dir='ltr' id='par_1_122' title="bbox 2345 5606 3317 5672">
     <span class='ocr_line' id='line_1_124' title="bbox 2345 5606 3317 5672; baseline -0.005 -10"><span class='ocrx_word' id='word_1_950' title='bbox 2345 5615 2359 5645; x_wconf 75' lang='grc' dir='ltr'>ι</span> <span class='ocrx_word' id='word_1_951' title='bbox 2382 5613 2715 5662; x_wconf 79' lang='lat' dir='ltr'><strong>Germauensis</strong></span> <span class='ocrx_word' id='word_1_952' title='bbox 2737 5617 2835 5667; x_wconf 61' lang='lat' dir='ltr'><strong>sis,</strong></span> <span class='ocrx_word' id='word_1_953' title='bbox 2866 5610 2965 5672; x_wconf 80' lang='lat' dir='ltr'><strong>ipse</strong></span> <span class='ocrx_word' id='word_1_954' title='bbox 2986 5616 3054 5659; x_wconf 68' lang='lat' dir='ltr'><strong>est</strong></span> <span class='ocrx_word' id='word_1_955' title='bbox 3078 5608 3159 5670; x_wconf 75' lang='lat' dir='ltr'><strong>qui</strong></span> <span class='ocrx_word' id='word_1_956' title='bbox 3182 5606 3317 5666; x_wconf 49' lang='lat' dir='ltr'><strong>facit.</strong></span> 
     </span>
    </p>
   </div>
  </div>
