4024 6202
484 394 606 449 dite
636 391 1083 464 illum'jacetitem
1109 389 1207 449 Sub
1250 390 1481 461 porticu;
1537 388 1789 445 attendite
1831 386 2066 443 esurien-

472 500 603 546 *tem
621 531 639 558 ,
672 486 930 549 attendite
959 485 1126 559 frigus
1147 487 1467 558 patientem,
1521 482 1780 543 attendite
1807 497 2063 553 egenum,

492 574 757 637 attendite
790 576 1176 652 peregrinum.
1226 575 1404 633 Facite
1455 574 1598 646 quod
1625 573 1812 630 soletis
1843 613 1859 643 ,
1915 572 2071 628 facite

461 686 469 694 '
492 666 636 741 quod
660 676 766 725 non
794 660 1047 724 soletis".
1075 667 1282 726 Crescit
1308 666 1589 733 doctrina,
1610 672 1857 722 crescant
1906 678 2069 736 opera

491 761 646 818 bona.
680 758 929 816 Laudatis
948 766 1279 826 sementem,
1321 757 1568 815 exhibete
1585 770 1834 817 messem.
1874 755 2064 812 Amen.

988 890 1219 949 suam
1253 889 1572 964 XXVl‘(a).

466 1006 568 1063 θῦε
590 1000 1129 1071 υειὺὶείΡεπιπιὶἹοιγ,
1148 1002 1375 1071 'Venite,
1405 1002 1688 1059 adoremus
1730 1010 1784 1058 et
1826 1008 2067 1075 proster-

544 1107 749 1152 namur
771 1096 841 1162 ei,
859 1094 1086 1151 ﬂeamus
1099 1101 1224 1150 ante
1246 1093 1531 1149 Dominum
1561 1092 1653 1163 qui
1678 1107 1778 1147 nos
1803 1091 1944 1156 fecit,
1966 1099 2062 1146 etc.

562 1188 717 1243 Erae
737 1187 900 1242 verbis
932 1186 1160 1258 Apostoli
1184 1183 1252 1238 ad
1290 1182 1461 1239 Galat.
1493 1198 1607 1255 cap.
1635 1181 1674 1237 2
1695 1223 1710 1250 ,
1741 1182 1873 1237 Nam
1902 1181 1946 1237 si
1973 1195 2068 1251 per

562 1280 755 1351 Legem
782 1276 1014 1349 inelitiaz,
1045 1284 1168 1343 etc.,
1194 1285 1242 1331 et
1283 1289 1400 1347 cap.
1423 1275 1477 1343 5,
1499 1274 1555 1330 Si
1582 1274 1725 1329 enim
1753 1272 1873 1328 data
1925 1279 2069 1327 esset

559 1374 664 1427 Lex
688 1386 811 1443 qua:
838 1370 1006 1442 possit
1033 1366 1339 1425 viviﬁcare':
1365 1374 1413 1422 et
1458 1367 1527 1421 ad
1578 1365 1729 1421 Rom.
1775 1381 1889 1435 cap.
1918 1363 1972 1430 9,
2023 1360 2068 1420 Ο

548 1454 798 1518 homo“!
826 1460 945 1532 quis
980 1474 1061 1526 es,
1088 1466 1209 1525 εει..
1240 1466 1416 1529 etcap.
1441 1457 1501 1512 li
1527 1499 1541 1522 ,
1595 1455 1639 1512 0
1668 1454 1921 1511 altitudo!
1969 1462 2062 1507 etc.

561 1556 753 1608 Contra
767 1552 999 1608 haeresim
1023 1547 1421 1622 Pelagianorum
1451 1545 1545 1621 (ὁ).

553 1664 780 1724 CAPUT
812 1660 1193 1722 ~PRIﬂUM..—-
1240 1664 1293 1718 l.
1331 1659 1553 1716 Homoa
1601 1659 1714 1715 Deo
1758 1672 1996 1726 creatus,
2033 1674 2066 1712 ιι

468 1757 614 1825 ‘Deo,
658 1764 772 1813 cum
817 1755 985 1826 ipsum
1003 1760 1145 1826 rogat
1167 1793 1184 1821 ,
1227 1768 1328 1807 non
1346 1750 1609 1806 deseritur.
1635 1749 1875 1805 Psalmus
1906 1763 2064 1820 quem

459 1844 811 1905 'eantavimus
837 1845 969 1914 Deo,
1022 1853 1075 1902 et
1100 1847 1198 1899 nos
1226 1841 1452 1898 invicem
1478 1839 1747 1896 exhortati-
1776 1854 1981 1903 sumus.
2010 1847 2067 1896 ut

483 1934 757 1995 adoremus
773 1954 907 2005 cum,
925 1943 972 1992 et
983 1944 1359 2010 prosternamur
1382 1932 1480 1998 illi,
1511 1941 1561 1991 et
1581 1934 1796 2002 ﬂeamus
1817 1942 1937 1992 ante
1958 1930 2064 1985 Do.

484 2035 676 2087 minans
703 2031 791 2102 qui
832 2028 1081 2100 nos'fecil,
1110 2025 1363 2081 admonet
1391 2039 1634 2095 qumrere
1672 2022 1942 2094 aliquanto
1977 2021 2065 2077 di-

464 2124 752 2196 «ilgentlus,
774 2118 903 2193 quid
926 2114 1029 2176 sibi
1072 2114 1197 2174 velit
1225 2114 1368 2188 quod
1392 2115 1483 2182 ait,
1517 2115 1616 2184 Qui
1644 2131 1736 2195 nos
1754 2115 1889 2186 fecit.
1912 2114 2064 2183 Quod

481 2215 625 2270 enim
646 2216 819 2268 homo
853 2226 885 2265 a
928 2210 1039 2266 Deo
1062 2216 1274 2265 creatus
1298 2215 1400 2273 est,
1426 2205 1601 2261 nouus
1633 2200 1843 2260 dubitat
1878 2203 2062 2271 homo,

484 2300 589 2360 nisi
618 2301 707 2374 qui
728 2296 963 2372 ingratus
982 2306 1085 2354 est.
1113 2295 1367 2352 Novimus
1393 2293 1557 2362 enim,
1579 2292 1702 2364 quia
1724 2293 1794 2348 ita
1818 2288 2061 2371 legimus,

463 2404 542 2449 “et
562 2370 651 2448 itav
670 2370 1017 2455 credidimus,
1063 2384 1205 2457 quod
1235 2382 1364 2443 fecit
1401 2384 1543 2441 Deus
1572 2383 1865 2450 hominem,
1924 2370 2065 2439 inter

466 2484 649 2541 multa
676 2495 796 2555 qua
824 2480 967 2545 feeit,
991 2477 1059 2535 ad
1084 2478 1366 2549 imaginem
1421 2490 1573 2531 suam
1594 2473 1747 2547 (Gen.
1774 2491 1812 2543 ι,
1830 2472 1920 2542 26,
1944 2473 2060 2548 27).

471 2576 616 2631 *iiaee
660 2572 895 2630 hominis
919 2579 1001 2626 est
1044 2569 1214 2640 prima
1250 2567 1504 2634 conditio,
1547 2565 1663 2622 haec
1700 2575 1784 2622 est
1830 2565 2063 2623 humana

473 2667 655 2737 ‘privna
692 2668 957 2719 creatura.
993 2657 1111 2715 Non
1165 2667 1341 2714 tamen
1386 2654 1634 2721 arbitror,
1686 2654 1788 2710 hoc
1823 2669 1921 2710 nos
1967 2670 2064 2725 pro

482 2770 678 2829 magno
706 2753 939 2809 voluisse
958 2763 1297 2807 commonere
1317 2746 1572 2819 Spiritum
1608 2754 1850 2802 sanetum
1880 2747 1931 2800 in
1961 2742 2064 2803 hoc

475 2848 711 2918 psalmo,
731 2844 875 2916 quod
898 2843 992 2908 ait,
1015 2839 1253 2896 Fleamus
1271 2849 1386 2894 ante
1408 2837 1680 2893 Dominum
1695 2837 1781 2911 qui
1800 2854 1889 2892 nos
1908 2835 2060 2907 fecit:

483 2937 588 2990 alio
611 2935 754 2991 enim
792 2928 910 2987 luco
933 2930 1084 2994 dicit,
1114 2927 1238 3000 Ipse
1263 2928 1381 2999 fecit
1424 2943 1533 2996 nos,
1584 2936 1631 2982 et
1685 2943 1786 2981 non
1832 2924 1932 2997 ipsi
1972 2942 2063 2982 nos

480 3025 660 3099 (Psal.
712 3038 856 3093 seu,
905 3021 984 3095 ὅ).
1031 3018 1183 3079 Unde
1227 3016 1462 3090 quidem,
1486 3026 1543 3077 ut
1560 3018 1692 3089 dixi,
1744 3016 2064 3076 cbrisﬁanus

482 3116 696 3173 dubitat
719 3124 876 3171 nemo
900 3126 918 3169 ξ
944 3111 1069 3184 quia
1098 3123 1204 3167 non
1237 3109 1410 3167 solum
1436 3109 1580 3166 Deus
1604 3109 1804 3165 creavit
1836 3108 2063 3179 primum

487 3208 778 3275 hominem,
805 3188 873 3262 ei
900 3218 1006 3276 quo
1020 3217 1209 3259 omnes
1232 3200 1494 3268 homines,
1522 3200 1615 3255 sed
1640 3196 1779 3254 Deus
1805 3196 2065 3271 hodieque

481 3303 636 3353 creat
680 3294 918 3366 singulos
952 3291 1226 3356 homines;
1271 3286 1359 3346 ille
1401 3289 1490 3359 qui
1532 3289 1606 3343 ait
1632 3288 1840 3344 cuidam
1881 3296 2065 3343 sancto

494 3402 618 3456 suo,
653 3384 958 3456 Priusquam
996 3393 1045 3439 te
1068 3386 1337 3454 formarem
1368 3380 1422 3434 in
1450 3389 1608 3445 utero,
1650 3379 1765 3433 novi
1783 3386 1829 3433 te
1853 3377 2063 3450 (Jercm.

482 3496 527 3547 ι,
557 3481 636 3551 ii).
667 3478 817 3534 Prius
841 3490 970 3548 ergo
997 3473 1199 3530 creavit
1219 3468 1487 3527 hominem
1509 3469 1625 3525 sine
1653 3469 1889 3551 homine,
1910 3469 2067 3524 modo

484 3579 636 3628 creat
660 3568 932 3624 hominem
959 3579 1026 3621 ex
1055 3562 1289 3619 homine.
1311 3560 1511 3617 Tamen
1533 3561 1649 3615 sive
1670 3559 1934 3614 hominem
1953 3559 2068 3614 siue

491 3661 728 3726 hemina,
756 3658 869 3714 sive
893 3654 1165 3711 hominem
1193 3668 1259 3708 ex
1285 3650 1521 3717 homine,
1548 3648 1669 3721 Ipse
1715 3649 1830 3719 fecit
1861 3664 1972 3715 nos,
2021 3656 2069 3703 et

491 3766 596 3807 non
624 3749 727 3821 ipsi
746 3762 857 3802 nos.
880 3745 961 3802 Ad
990 3744 1151 3800 istum
1178 3743 1357 3814 itaque
1384 3741 1610 3811 primum
1632 3736 1913 3794 verborum
1942 3738 2071 3793 isto-

490 3856 611 3899 rum
637 3846 692 3898 et
719 3840 923 3896 facilem
952 3850 1191 3902 sensum,
1218 3834 1313 3889 sed
1358 3843 1532 3888 tamen
1570 3840 1773 3896 verum,
1805 3832 2070 3885 adoremus

492 3950 626 4003 eunt,
661 3934 868 3999 intres,
896 3937 943 3985 et
968 3935 1343 3999 prosternamur
1360 3923 1423 3988 ei,
1450 3933 1495 3977 et
1519 3921 1771 3992 ploremus
1798 3930 1911 3974 ante
1956 3918 2069 3973 Do-
2122 3926 2129 3933 '

494 4028 686 4080 minam
713 4023 798 4095 qui
843 4037 933 4075 nos
953 4019 1089 4091 fecit.
1114 4014 1229 4071 Non
1268 4014 1410 4070 enim
1436 4009 1580 4078 fecit,
1604 4020 1658 4067 et
1684 4010 1881 4067 deserit
1912 4028 1925 4064 :
1963 4026 2068 4067 non

495 4118 641 4173 enim
659 4109 1075 4175 curavitfaccre,
1104 4117 1158 4164 et
1187 4122 1289 4163 non
1316 4113 1466 4161 curat
1485 4103 1773 4160 custodire.
1805 4102 2071 4158 Ptoret‘nus

495 4216 612 4265 ante
640 4204 935 4267 Dominum,
979 4201 1066 4271 qui
1115 4214 1208 4252 nos
1240 4196 1361 4266 fecit
1383 4213 1403 4250 :
1430 4196 1550 4266 quia
1590 4202 1697 4249 non
1744 4194 2072 4265 ploravimus

501 4296 713 4366 errando
738 4308 837 4349 nos
856 4291 1003 4355 fecit,
1027 4297 1081 4344 ct
1109 4297 1286 4342 tamen
1312 4287 1453 4342 liccit.
1484 4284 1583 4352 Qui
1605 4300 1732 4356 ergo
1769 4286 1892 4341 fecit
1919 4295 2073 4340 ante-

498 4394 659 4459 quam
676 4389 977 4454 rogaretur,
999 4377 1198 4434 deserit
1216 4391 1338 4431 cum
1364 4374 1618 4445 rogatur?
1644 4375 1915 4447 Tanquam
1947 4390 2073 4446 ergo

498 4472 767 4532 maritaret
800 4472 964 4526 homo
1009 4475 1184 4524 utrum
1212 4465 1555 4522 exaudiretur
1593 4474 1771 4531 orans,
1803 4467 2074 4521 admonuit

499 4577 619 4625 eum
672 4564 966 4634 Scriptura,
1011 4570 1133 4615 eum
1170 4558 1319 4625 dicit,
1375 4555 1640 4611 Ploremns
1659 4570 1774 4612 ante
1803 4552 2076 4613 Dominum

500 4660 584 4730 qni
616 4670 707 4712 nos
744 4654 878 4728 fecit.
908 4651 1103 4721 Utique
1147 4647 1363 4705 exaudit
1399 4662 1531 4718 quos
1571 4646 1693 4702 fecit
1722 4666 1735 4703 :
1764 4650 1943 4721 utique
1972 4666 2078 4707 nun

502 4760 671 4824 potem
696 4762 801 4803 non
830 4754 1018 4801 curare
1042 4756 1173 4813 quos
1198 4741 1339 4796 fecit.

569 4837 795 4898 CAPUT
832 4836 895 4893 ll.
938 4862 1012 4877 --
1046 4834 1105 4888 2.
1152 4830 1541 4904 Pelagianorum
1578 4834 1754 4897 error,
1805 4844 1858 4888 se
1900 4846 1932 4889 a
1974 4835 2080 4889 Deo

506 4940 662 4993 factos
687 4932 930 4999 homines,
974 4944 1007 4983 a
1051 4943 1105 4982 se
1155 4937 1322 4981 autem
1345 4930 1532 4996 justas.
1581 4925 1957 4984 Verumtamen
2000 4930 2080 4985 ai-

567 5065 945 5125 tcermanensts
967 5065 1080 5108 Msa
1108 5054 1268 5111 Facite
1292 5054 1375 5120 qui
1394 5054 1572 5117 soletis,
1594 5057 1737 5121 facite
1758 5056 1855 5125 qui,
1873 5072 1969 5111 ηοιι
2008 5074 2085 5121 ευ.

968 5186 1022 5245 at
1032 5178 1093 5245 η
1108 5177 1474 5245 mandavimus
1491 5178 1551 5228 ad
1567 5186 1673 5245 tres
1690 5176 1866 5241 bti.,ad
1878 5192 2085 5245 quatuor

502 5246 564 5299 cl.
584 5252 637 5299 et
656 5243 715 5294 ad
738 5255 783 5293 a.
799 5248 889 5291 (st.
905 5241 983 5304 qh.
1000 5240 1033 5289 f.
1049 5239 1107 5291 is.
1127 5254 1177 5304 g.
1195 5240 1254 5288 ir.
1274 5251 1339 5289 m.
1358 5252 1428 5303 pr.
1447 5252 1535 5293 rm.
1556 5241 1633 5304 vd.
1647 5250 1748 5304 Ain.
1765 5239 1836 5293 Er.
1855 5239 1955 5295 Ρςίτ.
1976 5256 2083 5299 ιον.

564 5294 795 5374 ιιῖνθᾳξιῖί
833 5294 1000 5374 epdice
1017 5294 1238 5374 ⁸βοιιξιιο
1257 5294 1591 5374 εξιξεειιιιιοιιί
1611 5294 1807 5356 ιιιιίεὲϐ
1838 5294 2087 5373 ριέείίὶιιιιι

504 5377 607 5435 est.
623 5362 905 5435 .HWs‘"
927 5361 1128 5435 ωιιίβεά

566 5422 619 5486 (ἃ
656 5429 797 5487 Alias,
818 5425 883 5479 de
906 5426 1069 5483 verbis
1089 5432 1119 5473 Α
1150 5474 1155 5477 .
1184 5474 1187 5479 ,
1260 5422 1295 5474 li
1318 5424 1394 5475 11..

568 5432 641 5554 to;
670 5493 851 5540 Citatur
868 5500 898 5554 a
916 5487 1053 5538 Floro
1073 5431 1294 5536 me
1318 5484 1434 5554 iuet
1454 5484 1502 5554 9.
1535 5487 1734 5554 Habitus
1756 5488 1846 5542 fuit
1874 5493 1919 5543 di

547 5484 641 5561 ω
670 5484 898 5561 mature
916 5487 1053 5561 πισιςο
1073 5484 1139 5536 ad
1166 5490 1294 5561 ηοω-
1318 5484 1434 5561 εει
1454 5484 1502 5561 9;
1535 5487 1734 5561 "abies
1756 5488 1846 5542 run
1874 5493 1959 5561 (περ
1978 5510 2089 5560 pro-

510 5548 642 5601 me
663 5551 891 5613 sequelli
912 5556 1025 5659 ιῖοιι
1039 5560 1318 5600 sermonem
1342 5548 1449 5609 156,
1471 5548 1537 5598 de
1559 5551 1722 5601 verbis
1754 5548 2091 5633 Αῃρειοιίξρίι-

511 5627 575 5659 no
594 5613 703 5659 M7.
726 5618 809 5659 aut
832 5623 923 5659 uau
944 5625 972 5659 ο
995 5618 1127 5659 nmt.
1166 5621 1228 5659 eo
1250 5611 1358 5659 fere
1380 5615 1600 5659 tempore
1621 5626 1719 5659 auo
1739 5626 1947 5659 sin-unm
1968 5621 2091 5659 inhor-

594 5611 972 5721 ggBaaudtlpaumlo
995 5618 1127 5675 post,
1166 5621 1228 5662 eo
1250 5611 1358 5663 fere
1380 5615 1600 5675 tempore
1621 5626 1719 5677 quo
1739 5611 1947 5679 sci-imus
1968 5611 2091 5673 liner-

1730 268 1790 324 S.
1829 263 2192 322 AUGUSTINI
2229 264 2527 325 EPISCOPI

3596 250 3617 285 ί
3655 276 3766 331 ne

2158 364 2315 441 itiore
2360 387 2649 456 intellectu,
2686 400 2761 456 et,
2788 402 3042 463 quantum
3064 394 3333 463 existimo,
3360 396 3595 464 utiliore,
3625 402 3764 458 vidit

2177 475 2431 545 quosdam
2458 477 2686 548 Spiritus
2717 492 2932 539 sanctus
2962 483 3200 540 dicentes
3225 485 3307 539 vel
3348 486 3580 545 dicturos
3608 493 3762 562 quod

2177 564 2319 621 Deus
2349 565 2535 625 fecerit
2581 585 2675 627 eos
2719 571 2981 641 homines,
3023 576 3199 645 justas
3240 585 3418 633 autem
3457 579 3560 649 ipsi
3581 595 3642 638 sc
3669 581 3761 639 fa-

2174 654 2356 711 ciant:
2392 659 2634 728 prtevidit
2661 677 2774 730 eos,
2818 663 3095 720 admonuit
3121 681 3237 734 eos,
3283 677 3345 726 et
3363 668 3431 724 ab
3461 668 3559 727 hac
3575 675 3759 730 cxtol-

2174 744 2342 801 lentia
2394 750 2661 805 revocavit
2696 767 2810 819 eos,
2859 753 3062 821 dicens,
3107 755 3229 827 Ipse
3278 759 3397 830 fecit
3434 776 3547 829 nos,
3573 772 3622 819 et
3648 781 3757 821 non

2172 834 2405 906 ipsinos.
2445 838 2621 907 Quare
2665 837 2807 898 enim
2846 845 3071 913 addidit,
3119 843 3310 902 Etnon
3330 849 3432 920 ipsi
3470 869 3587 919 nos,
3625 871 3755 912 cum

2172 924 2447 983 sufﬁceret
2465 926 2664 995 dicere,
2695 928 2818 1003 Ipse
2840 933 2958 1002 fecit
2988 951 3080 989 nos
3104 938 3128 991 .9
3148 937 3249 993 nisi
3267 940 3389 1008 quia
3411 940 3551 999 illam
3577 944 3753 1002 factu-

2172 1030 2286 1073 ram
2330 1018 2498 1073 voluit
2521 1019 2830 1088 admonere,
2857 1025 2945 1081 ubi
2973 1025 3157 1083 dicunt
3179 1028 3441 1097 homines,
3464 1032 3569 1101 ipsi
3618 1037 3752 1094 feci~

2171 1121 2292 1162 mus
2312 1121 2437 1174 nos;
2466 1108 2519 1169 id
2545 1119 2648 1177 est,
2675 1120 2733 1167 ut
2773 1114 2905 1183 justi
2949 1130 3212 1182 essemus,
3234 1118 3410 1189 justos
3449 1138 3547 1179 nos
3578 1125 3753 1182 libera

2173 1199 2441 1257 voluntate
2480 1200 2738 1259 fecimus:
2766 1205 2976 1275 quando
3026 1208 3226 1264 conditi
3279 1225 3484 1282 sumus,
3518 1215 3753 1276 liberum

2171 1289 2449 1347 arbitrium
2473 1294 2809 1364 accepimus;
2840 1306 2897 1352 ut
2932 1312 3061 1368 ergo
3080 1299 3207 1369 justi
3238 1300 3427 1370 simus,
3481 1304 3650 1363 libero
3696 1310 3751 1363 id

2170 1380 2389 1438 arbitrio
2427 1384 2653 1454 agimus.
2700 1386 2836 1455 Quid
2878 1388 3052 1446 adhuc
3100 1391 3267 1448 Deum
3313 1395 3638 1467 invocamus,
3691 1410 3752 1456 ut

2165 1469 2342 1541 justus
2371 1488 2470 1531 nos
2495 1473 2672 1544 faciat,
2713 1479 2855 1548 quod
2880 1478 3139 1538 habemus
3173 1483 3224 1537 in
3254 1494 3537 1558 potestate,
3562 1498 3623 1545 ut
3648 1507 3752 1547 nos

2173 1562 2273 1633 ipsi
2296 1563 2471 1634 justos
2502 1566 2791 1624 faciamus?
2821 1571 3038 1641 Audite,
3066 1577 3246 1630 audite
3271 1594 3284 1632 :
3312 1586 3367 1633 et
3387 1579 3562 1649 justus
3586 1592 3640 1639 et
3661 1584 3751 1639 in-

2164 1652 2361 1725 justos,
2388 1654 2512 1728 Ipse
2536 1658 2657 1730 fecit
2676 1676 2788 1727 nos,
2808 1670 2854 1715 et
2875 1678 2976 1718 non
3004 1665 3103 1734 ipsi
3130 1681 3241 1722 nos.
3271 1667 3491 1726 Creatus
3513 1679 3598 1727 est
3635 1675 3751 1743 pri—

2170 1762 2288 1807 mus
2312 1746 2472 1805 homo
2577 1761 2768 1809 natura
2796 1753 2915 1810 sine
2940 1755 3112 1826 culpa,
3139 1759 3190 1812 in
3219 1768 3403 1814 natura
3430 1761 3547 1818 sine
3576 1765 3747 1822 vitio:

2169 1848 2381 1899 creatus
2399 1850 2482 1897 est
2503 1851 2706 1912 rectus,
2729 1859 2833 1900 non
2860 1842 3058 1903 sefecit
3077 1859 3299 1905 rectum.
3321 1850 3459 1918 Quid
3478 1868 3537 1910 se
3563 1867 3749 1915 autem

2170 1931 2287 2000 ipse
2308 1932 2512 2000 fcerit,
2541 1944 2724 1990 notum
2744 1946 2867 1993 est:
2896 1938 3092 1995 cadens
3119 1956 3151 1996 a
3180 1957 3339 1998 manu
3372 1943 3515 2015 ﬁguli
3540 1945 3747 2005 fractus

2167 2031 2270 2079 est.
2299 2023 2534 2095 llegcbat
2560 2025 2701 2081 enim
2737 2042 2859 2083 eum
2895 2027 3008 2100 ipse
3035 2031 3125 2100 qui
3154 2029 3372 2101 fecerat,
3398 2036 3566 2092 voluit
3585 2037 3751 2095 dese-

2168 2128 2288 2169 rere
2304 2129 2335 2169 a
2353 2130 2458 2184 quo
2478 2114 2800 2188 factuserat;
2830 2120 3071 2189 permisit
3094 2121 3251 2185 Deus,
3273 2131 3520 2195 tanquam
3535 2125 3747 2195 dicens,

2170 2203 2388 2258 Deserat
2411 2219 2517 2268 me,
2548 2214 2602 2260 et
2629 2206 2861 2264 inveniat
2878 2222 2955 2275 se,
2983 2218 3039 2267 et
3058 2210 3271 2267 miseria
3297 2227 3389 2268 sua
3411 2215 3599 2285 probet
3621 2219 3751 2288 quia

2168 2293 2299 2350 nihil
2323 2303 2497 2365 potest
2519 2295 2632 2351 sine
2658 2312 2763 2353 ma.

2237 2383 2463 2441 CAPUT
2524 2384 2609 2441 lll.
2640 2416 2713 2428 —
2762 2384 2815 2444 3.
2872 2387 3103 2445 Liberum
3159 2393 3425 2450 arbitrium
3473 2397 3583 2452 sine
3634 2399 3748 2457 Des

2166 2475 2288 2546 quid
2312 2478 2494 2531 valeat.
2526 2472 2648 2561 lloc
2702 2479 2861 2535 modo
2917 2495 3045 2552 ergo
3077 2483 3360 2541 ostendere
3391 2486 3554 2543 voluit
3602 2489 3751 2547 Deus

2166 2562 2368 2619 homini
2407 2565 2532 2636 quid
2571 2567 2744 2623 valeat
2784 2568 3010 2625 liberum
3051 2572 3327 2628 arbitrium
3369 2576 3484 2633 sine
3527 2577 3659 2633 Deo.
3701 2580 3749 2635 0

2165 2655 2363 2711 malum
2403 2652 2625 2717 liberum
2666 2656 2946 2714 arbitrium
2979 2660 3096 2715 sine
3129 2661 3271 2718 Deo!
3310 2663 3525 2735 Experti
3560 2681 3748 2725 sumus

2166 2746 2291 2818 quid
2321 2746 2496 2804 valeat
2522 2749 2639 2804 sine
2667 2748 2795 2805 Deo.
2827 2748 2955 2806 ideo
2990 2752 3169 2807 miseri
3209 2752 3329 2810 facti
3365 2770 3585 2826 sumus,
3620 2762 3749 2830 quia

2167 2836 2283 2893 sine
2309 2838 2416 2893 Deo
2439 2837 2565 2908 quid
2591 2839 2761 2894 valeat
2783 2841 2989 2910 experti
3014 2858 3215 2898 sumus.
3247 2844 3463 2917 Experti
3484 2863 3610 2920 ergo
3628 2859 3752 2906 tan-

2166 2926 2288 2982 dem
2318 2924 2597 3000 aliquando
2626 2931 2931 2988 noverimus
2952 2972 2967 3000 ,
2998 2941 3056 2990 et
3080 2935 3271 3007 venite,
3303 2936 3569 2996 adoremus
3592 2956 3708 2996 eum
3728 2984 3747 3010 ,

2167 3029 2214 3074 et
2240 3030 2618 3091 prosternamur
2640 3020 2706 3075 ei.
2745 3019 2917 3101 Venite
2950 3022 3217 3080 adoremus
3235 3066 3249 3090 ,
3286 3035 3333 3080 et
3368 3037 3754 3098 prosternamur

2167 3108 2265 3174 illi,
2289 3118 2337 3164 et
2356 3110 2569 3182 fleamus
2593 3127 2762 3167 coram
2787 3109 3004 3168 Domino
3022 3115 3111 3185 qui
3135 3132 3225 3169 nos
3249 3116 3404 3187 fecit;
3430 3129 3483 3173 ut
3511 3121 3751 3190 perditos

2169 3214 2267 3253 nos
2301 3214 2395 3269 per
2431 3214 2563 3264 nos,
2604 3199 2807 3256 reﬁciat
2839 3217 2937 3257 nos
2977 3202 3064 3274 qui
3101 3203 3223 3260 fecit
3261 3222 3378 3262 nos.
3409 3206 3547 3264 Ecce
3575 3211 3752 3268 bonus

2169 3286 2337 3343 factus
2363 3296 2447 3343 est
2475 3289 2635 3345 homo
2653 3332 2667 3355 ,
2706 3299 2760 3346 et
2787 3306 2883 3363 per
2907 3290 3131 3362 liberum
3163 3295 3436 3353 arbitrium
3466 3298 3636 3357 factus
3664 3313 3754 3359 est

2170 3376 2339 3433 malus
2362 3377 2522 3434 homo
2553 3379 2801 3451 :quando
2837 3380 3067 3438 facturus
3105 3395 3187 3440 est
3223 3386 3423 3444 bonum
3474 3388 3751 3450 hominem

2170 3469 2342 3524 malus
2369 3468 2530 3525 homo
2559 3485 2653 3540 per
2681 3472 2904 3527 liberum
2943 3473 3216 3530 arbitrium
3253 3476 3507 3536 deserens
3542 3483 3754 3539 Deum?

2169 3558 2394 3615 Servare
2421 3575 2481 3617 se
2510 3576 2614 3616 non
2645 3563 2816 3631 potuit
2841 3563 3013 3627 bonus
3041 3565 3237 3622 bonum
3257 3609 3273 3634 ,
3313 3578 3366 3625 et
3394 3569 3628 3628 facturus
3666 3585 3757 3631 est

2173 3667 2231 3705 se
2261 3651 2432 3707 malus
2455 3650 2693 3709 bonum?
2729 3653 2863 3709 Cum
2889 3665 3033 3711 esset
3060 3656 3263 3724 bonus,
3305 3675 3409 3716 non
3435 3677 3495 3718 se
3518 3668 3758 3721 servavit

2171 3732 2403 3812 bonum;
2452 3753 2506 3799 et
2543 3760 2665 3800 cum
2704 3746 2772 3802 sit
2815 3747 2983 3801 malus
3020 3746 3178 3815 dicit,
3220 3748 3377 3808 Facio
3406 3770 3489 3810 me
3515 3753 3757 3817 bonum?

2172 3832 2306 3900 Quid
2323 3832 2464 3915 facis
2484 3834 2676 3903 malus,
2698 3836 2785 3905 qui
2810 3837 2990 3906 peristi
3016 3836 3206 3907 bonus,
3229 3841 3326 3897 nisi
3351 3842 3555 3905 reﬁciat
3578 3854 3629 3901 te
3656 3850 3756 3919 qui

2174 3933 2447 3995 permanet
2473 3924 2680 3981 bonus?
3482 3980 3487 3988 λ

2244 3994 2297 4048 ι.
2342 3993 2583 4049 Homines
2608 3995 2742 4064 quod
2763 4012 2968 4063 sumas,
3013 3996 3119 4053 Deo
3155 4011 3359 4057 auctore
3392 4020 3581 4062 sumus.
3613 4006 3759 4063 Gra-

2176 4084 2245 4137 tia
2283 4083 2564 4138 creatiom‘s.
2598 4082 2788 4140 [lectio
2825 4084 2940 4140 Dei.
2967 4116 3036 4128 —-
3065 4087 3186 4159 Ipse
3220 4107 3347 4162 ergo
3389 4095 3508 4166 fecit
3530 4114 3652 4164 nos,
3706 4111 3761 4155 et

2168 4188 2276 4226 nera
2301 4172 2405 4244 ipsi
2430 4187 2542 4227 nos.
2584 4171 2700 4227 Nos
2730 4185 2895 4229 autem
2923 4179 3143 4247 populna
3174 4181 3289 4252 eius
3323 4190 3369 4236 et
3403 4200 3515 4241 oves
3550 4203 3763 4258 pascua

2175 4263 2284 4331 ejus
2317 4259 2485 4331 (Prol.
2511 4276 2663 4328 xciv,
2690 4262 2748 4330 ϐ,
2778 4262 2869 4336 7).
2911 4264 3045 4320 Ecce
3082 4264 3208 4322 fecit
3244 4282 3343 4324 nos
3380 4271 3626 4331 homines
3654 4292 3766 4348 po-

2179 4351 2360 4421 pulum
2385 4360 2560 4419 suum,
2588 4352 2677 4422 qui
2705 4364 2802 4408 nos
2827 4350 2969 4409 fecit.
3002 4355 3114 4410 Non
3141 4359 3279 4412 enim
3316 4364 3476 4415 crati
3509 4361 3761 4424 homines

2175 4442 2283 4512 jam
2310 4440 2540 4512 populus
2564 4443 2681 4512 ejus
2708 4456 2942 4500 eramus.
2971 4444 3191 4516 Videte,
3222 4446 3407 4506 fratres
3436 4452 3572 4521 mei,
3604 4464 3661 4513 et
3688 4459 3768 4516 de

2182 4532 2347 4604 ipsius
2396 4533 2590 4588 Psalmi
2640 4532 2816 4590 verbis
2863 4537 3150 4606 attendite,
3193 4539 3332 4596 unde
3368 4542 3593 4613 dixerit,
3636 4546 3771 4620 Ipse

2182 4621 2298 4698 fecit
2336 4630 2463 4692 nos,
2493 4635 2542 4681 et
2582 4638 2682 4682 non
2716 4626 2817 4698 ipsi
2857 4642 2967 4684 nos.
3007 4623 3143 4685 Hinc
3185 4630 3344 4698 dixit,
3381 4632 3525 4689 Fecit
3548 4652 3674 4706 nos,
3716 4650 3770 4696 et

2184 4734 2284 4773 non
2316 4718 2416 4791 ipsi
2449 4735 2569 4784 nos,
2610 4726 2671 4773 ut
2702 4717 2868 4774 simus
2902 4720 3121 4791 populna
3160 4725 3268 4795 ejus
3308 4733 3355 4778 et
3401 4740 3516 4780 om
3558 4743 3774 4797 pascua:

2184 4813 2312 4883 ejus.
2358 4810 2479 4883 Ipse
2521 4810 2635 4882 fecit
2677 4826 2786 4864 nos.
2833 4808 2965 4866 Nam
3010 4823 3061 4869 et
3112 4813 3303 4885 ἤιεθηί
3351 4829 3658 4888 nascuntur,
3711 4836 3773 4879 et

2186 4916 2372 4958 omnes
2415 4901 2594 4971 impii,
2648 4912 2835 4957 omnes
2880 4903 3166 4958 adversarii
3212 4904 3460 4963 Ecclesia:
3501 4907 3619 4980 ejus
3640 4954 3655 4979 ,
3708 4925 3775 4970 ut

2188 5001 2553 5057 nascerentur,
2601 4990 2715 5060 ipse
2756 4990 2880 5047 fecit
2920 5007 3032 5049 eos.
3082 4992 3196 5050 Non
3248 4997 3392 5052 enim
3437 4997 3574 5053 alias
3623 5000 3776 5060 Deus

2187 5085 2389 5139 creavit
2424 5097 2538 5138 eos.
2577 5083 2678 5149 Qui
2713 5083 2782 5138 de
2811 5084 3037 5154 Paganie
3064 5097 3370 5153 nascuntur,
3399 5090 3471 5144 ab
3498 5091 3617 5160 ipso
3647 5096 3782 5151 facti

2188 5183 2344 5241 sunt,
2387 5174 2455 5229 ab
2492 5175 2607 5243 ipso
2641 5176 2805 5259 creati
2832 5183 2993 5242 sunt;
3026 5182 3081 5232 et
3108 5194 3218 5233 non
3244 5189 3369 5235 sunt
3399 5183 3621 5253 populus
3652 5185 3786 5254 ejus

2192 5280 2292 5320 nec
2316 5281 2443 5320 oves
2474 5274 2681 5336 pascuae
2705 5267 2840 5334 ejus.

2258 5356 2488 5412 CAPUT
2528 5355 2614 5411 IV.
2636 5384 2705 5397 --
2725 5357 3034 5416 Communis
3061 5363 3410 5418 estot'tmibus
3432 5370 3640 5429 natura,
3667 5381 3785 5421 non

2193 5447 2379 5516 gratia“.
2419 5444 2619 5502 Natura
2656 5463 2760 5500 mm
2799 5457 3016 5517 putetur
3046 5452 3211 5519 gratia
3241 5469 3254 5505 :
3282 5452 3376 5506 sed
3404 5460 3457 5508 et
3483 5454 3528 5507 si
3559 5462 3785 5523 putetur

2196 5537 2386 5607 gratia,
2406 5537 2525 5591 ideo
2540 5546 2758 5606 putetur
2776 5538 2966 5608 gentia,
2989 5541 3112 5609 quia
3133 5550 3187 5595 et
3204 5541 3318 5611 ipsa
3337 5543 3498 5612 gratis
3517 5557 3789 5604 concessa

2198 5641 2296 5687 est.
2327 5628 2443 5685 Non
2469 5627 2610 5685 enim
2637 5629 2795 5687 homo
2819 5630 2907 5702 qui
2934 5646 3043 5687 non
3071 5641 3185 5688 erat
3208 5634 3495 5703 promeruit
3526 5646 3584 5690 ut
3614 5647 3788 5694 esset.
