4076 6198
386 387 490 442 1ῗὸ

377 501 435 554 Si
463 496 754 572 promeruit
778 535 792 560 ,
825 493 935 563 jam
967 501 1079 547 erat
1109 535 1120 546 .
1152 491 1244 546 sed
1275 490 1508 545 nondum
1543 500 1672 544 erat.
1707 488 1845 558 Ergo
1873 487 1970 556 qni

380 597 799 662 prOBICl‘el‘Cilll',
833 600 940 638 11011
969 593 1118 649 crat;
1149 592 1203 637 υἱ
1233 592 1404 636 tamen
1437 583 1602 635 factus
1630 589 1711 634 est
1738 597 1752 633 Ξ
1784 594 1884 633 DCC
1912 587 1969 631 ιιι

379 695 575 751 pecora
597 679 766 733 lactus
789 686 886 742 est,
905 691 1005 730 nec
1028 685 1084 729 ut
1103 675 1262 729 arbor
1281 673 1448 728 factus
1467 680 1569 740 est,
1594 687 1691 726 nec
1705 680 1761 726 ut
1780 686 1965 726 saxum

377 771 551 826 factus
580 777 691 835 est;
720 766 815 822 sed
843 769 1011 821 lactus
1035 775 1114 820 est
1142 765 1207 819 ad
1236 765 1516 834 imaginem
1535 761 1823 817 Creatoris.
1855 760 1966 816 lloc

377 862 698 919 beneficium
729 861 846 930 quis
875 858 1060 914 dedit?
1088 858 1227 912 Deus
1266 857 1354 926 qui
1394 865 1539 922 erat,
1577 864 1631 910 et
1666 870 1728 910 ex
1766 863 1966 909 mteruo

380 963 514 1011 erat.
543 952 642 1008 Cui
670 950 858 1007 dedit?
893 949 1102 1005 Homini
1132 948 1221 1019 qui
1248 947 1482 1002 nondum
1519 954 1653 1002 erat.
1686 945 1839 1001 Dedit
1876 946 1966 1015 qni

377 1056 516 1112 erat,
541 1045 746 1114 accepit
772 1043 859 1114 qui
891 1059 994 1097 non
1021 1050 1155 1096 erat.
1183 1041 1310 1108 Quis
1339 1048 1514 1095 autem
1541 1038 1643 1094 hoc
1673 1038 1846 1092 facere
1869 1052 1966 1107 po-

377 1139 500 1201 tuit,
529 1137 628 1190 nisi
659 1134 746 1206 qul
773 1142 925 1188 vocat
950 1148 1015 1187 ea
1037 1148 1152 1202 qua:
1178 1147 1285 1186 non
1312 1141 1453 1196 sunt,
1480 1138 1729 1199 tanquam
1759 1143 1821 1183 ea
1847 1143 1965 1198 quae

377 1239 504 1284 sunt
533 1229 704 1299 (Rem.
735 1243 806 1291 iv,
854 1225 979 1293 £7)?
1022 1224 1095 1279 De
1131 1238 1235 1296 quo
1259 1224 1386 1278 dicit
1414 1223 1716 1292 Apostolus,
1749 1221 1848 1288 Qui
1876 1237 1966 1276 nos

375 1320 530 1389 elegit
569 1328 684 1371 ante
721 1317 897 1369 mundi
935 1316 1338 1368 constitutionem
1365 1313 1578 1384 (Ephes.
1607 1330 1660 1378 ι,
1691 1312 1767 1386 4).
1798 1311 1968 1383 Elegit

373 1420 502 1462 ante
523 1407 694 1467 mundi
719 1406 1121 1460 constitutionem
1143 1420 1162 1458 :
1186 1404 1238 1459 in
1267 1404 1466 1459 mundo
1491 1405 1593 1459 isto
1616 1401 1739 1459 facti
1759 1418 1963 1469 sumus,

377 1513 488 1552 nec
528 1495 752 1551 mundus
791 1503 905 1550 erat
947 1493 1157 1564 quando
1199 1493 1354 1548 electi
1397 1509 1602 1549 sumus.
1642 1491 1964 1560 lneifabilia,

376 1590 646 1644 mirabilia
664 1630 680 1653 ,
711 1588 900 1642 fratres
927 1587 1064 1642 mei!
1088 1587 1218 1655 Quis
1244 1586 1345 1642 hoc
1372 1588 1637 1658 explicare
1665 1586 1966 1642 suffecerit?

373 1680 503 1746 quis
536 1678 723 1732 saltem
764 1677 904 1747 quod
946 1676 1206 1746 explicet,
1250 1665 1521 1746 cogitare?
1560 1675 1837 1746 Eligantur
1875 1677 1966 1745 qui

375 1787 493 1824 non
520 1778 644 1824 sunt
669 1787 684 1821 :
711 1784 806 1823 nec
833 1777 975 1824 errat
1001 1770 1091 1838 qui
1117 1769 1262 1837 eligit
1281 1809 1295 1833 ,
1328 1784 1426 1823 nec
1451 1783 1582 1823 vane
1609 1757 1775 1839 eligit.
1808 1767 1968 1839 Eligit

376 1873 584 1921 tamen.
628 1870 680 1914 et
724 1859 882 1914 habet
907 1859 1139 1925 electos,
1179 1873 1312 1928 quos
1337 1867 1612 1913 creaturos
1649 1865 1732 1913 est
1761 1858 1962 1928 eligen-

373 1952 479 2004 dos
508 1967 521 2002 :
555 1950 712 2004 habet
737 1959 914 2003 autem
943 1949 1080 2018 apud
1102 1964 1160 2004 se
1185 1949 1355 2019 ipsum
1373 1990 1388 2014 ,
1415 1963 1520 2003 non
1547 1949 1599 2003 in
1627 1955 1817 2003 natura
1845 1963 1960 2015 sua,

375 2041 478 2094 sed
506 2040 558 2094 in
586 2040 918 2109 praescientia
942 2053 1056 2094 sua.

445 2133 504 2188 5.
548 2131 753 2185 Fideles
827 2131 878 2184 si
916 2146 1116 2195 sumus,
1165 2129 1262 2185 Dei
1334 2131 1498 2201 gratia
1573 2147 1765 2186 sumus.
1823 2131 1964 2200 Ergo

375 2225 548 2278 nolite
595 2223 826 2278 extolli:
862 2221 1104 2276 homines
1150 2233 1366 2287 Sumus;
1412 2221 1533 2292 Ipse
1582 2223 1698 2300 fecit
1739 2238 1850 2276 nos.
1899 2221 1966 2277 Et

377 2315 568 2370 fideles
609 2330 824 2378 sumus;
875 2314 918 2368 si
969 2323 1145 2369 tamen
1190 2330 1405 2378 smnus,
1447 2315 1656 2384 quando
1693 2315 1790 2369 ista
1833 2330 1963 2369 con-

376 2418 460 2462 tra
505 2407 733 2477 gratiam
777 2406 1107 2475 disputamus
1146 2423 1158 2458 :
1202 2406 1297 2460 sed
1344 2420 1470 2460 cccc
1516 2407 1698 2461 fideles
1745 2421 1960 2472 sumus;

375 2499 539 2552 etiam
569 2497 785 2561 fideles,
815 2497 973 2551 etiam
997 2495 1203 2563 justas,
1240 2496 1360 2564 quia
1391 2496 1567 2566 justus
1599 2511 1664 2549 ex
1699 2493 1803 2549 fide
1839 2496 1966 2551 vivit

377 2585 559 2655 (Rom.
593 2602 645 2652 ι,
679 2586 772 2656 17)
793 2629 808 2651 ,
838 2583 960 2655 Ipse
992 2589 1106 2655 fecit
1145 2603 1267 2650 nos,
1304 2597 1350 2638 et
1379 2603 1476 2638 non
1506 2586 1604 2654 ipsi
1634 2603 1741 2640 nos.
1772 2585 1964 2654 Quazro

376 2678 504 2746 quid
551 2691 652 2731 nos
691 2676 912 2730 fecerit?
953 2676 1195 2730 Dicturus
1237 2691 1328 2740 cs,
1372 2675 1642 2730 Homines.
1686 2676 1800 2731 Non
1843 2676 1965 2732 inde

376 2767 625 2822 Psalmus
660 2767 991 2837 loquebatur,
1039 2765 1166 2820 illud
1207 2767 1404 2822 scimus
1425 2808 1440 2831 ,
1483 2767 1608 2821 illud
1638 2777 1820 2822 notum
1850 2777 1961 2833 est,

374 2859 508 2914 illud
539 2867 682 2928 patet
712 2877 725 2912 :
759 2874 856 2912 nec
884 2874 1092 2928 magna,
1136 2866 1192 2912 ut
1222 2859 1320 2911 hoc.
1350 2859 1683 2926 noverimus,
1722 2861 1962 2916 doctrina

369 2949 701 3020 indigemus,
731 2949 851 3018 quia
882 2949 1121 3004 homines
1149 2949 1261 3017 ipse
1291 2963 1386 3003 nos
1415 2949 1555 3004 fecit.
1677 2941 1680 2944 ’

442 3037 677 3094 CAPUT
715 3038 778 3092 V.
810 3068 880 3078 —
908 3037 1016 3093 Sed
1056 3039 1193 3093 unde
1241 3039 1578 3108 loquebatur,
1627 3040 1748 3096 vide
1791 3059 1804 3095 :
1847 3041 1966 3112 Ipse

367 3131 650 3200 (Mm,
681 3138 852 3182 etnon
881 3127 979 3198 ipsi
1016 3145 1125 3181 nos.
1169 3128 1306 3195 Quid
1349 3145 1447 3183 nos
1492 3129 1642 3194 fecit,
1684 3130 1783 3185 nisi
1822 3132 1963 3201 quod

369 3220 601 3275 almus?
638 3220 773 3286 Quid
812 3229 987 3274 autem
1025 3221 1252 3274 sumus?
1287 3220 1398 3275 Nos
1434 3232 1619 3275 autem.
1662 3223 1800 3280 Ecce
1835 3223 1964 3296 quid

367 3326 584 3368 ιιιιιιιιε.
607 3311 794 3380 Quid?
837 3311 1066 3382 Populus
1099 3313 1206 3383 ejus
1231 3321 1278 3366 et
1305 3328 1418 3367 oues
1443 3331 1645 3382 pascua:
1681 3317 1810 3386 ejus.
1851 3316 1965 3387 lpse

369 3416 480 3458 nos
519 3402 644 3458 fecit
673 3402 931 3471 populum
967 3417 1152 3467 suum,
1190 3403 1302 3472 ipse
1331 3419 1430 3458 nos
1455 3404 1577 3458 fecit
1603 3421 1734 3461 ores
1756 3422 1965 3477 pascuae

375 3503 514 3546 κίε.
561 3491 661 3556 Qui
707 3492 850 3550 misit
889 3491 1233 3561 jugulandam
1278 3508 1432 3550 ovem
1483 3495 1790 3562 innoxiam,
1843 3495 1966 3552 fecit

367 3599 508 3639 ores
536 3583 605 3639 de
632 3584 790 3652 lupis.
822 3585 944 3649 [huc
971 3594 1052 3640 est
1079 3586 1266 3654 gratia.
1297 3587 1526 3656 Excepta
1569 3589 1658 3643 illa
1693 3591 1963 3645 communi

367 3675 548 3742 {ratio
583 3684 827 3737 naturae,
868 3691 967 3744 qua
1005 3675 1249 3738 homines
1287 3678 1405 3732 facti
1445 3693 1662 3744 smnus,
1695 3695 1795 3735 nec
1823 3681 1964 3750 digni

630 3765 752 3836 quia
771 3783 891 3822 non
915 3769 1106 3830 miluus
1133 3786 1148 3822 :
1176 3779 1396 3839 excepta
1425 3770 1510 3824 illa
1535 3772 1722 3842 gratia,
1741 3773 1860 3828 hec
1885 3783 1966 3829 est

369 3855 557 3921 Iunior
597 3857 764 3924 gratia
809 3873 910 3927 qua
956 3859 1074 3918 laeti
1117 3875 1300 3914 sutnus
1342 3863 1562 3931 populus
1607 3865 1716 3931 eius
1761 3875 1812 3918 et
1853 3881 1965 3923 ores

371 3961 591 4015 patriae
617 3947 740 4016 ῥυ,
770 3964 864 4016 per
889 3948 1068 4002 Iesum
1093 3950 1360 4004 Christum
1394 3952 1674 4007 [htminum
1702 3963 1961 4009 nostrum.

451 4037 508 4091 6.
531 4034 736 4092 Gratia.
769 4038 878 4093 Sed
918 4039 1047 4094 dicit
1086 4040 1310 4110 aliquis:
1335 4042 1436 4097 Der
1472 4041 1650 4102 Iestun
1697 4045 1963 4100 Christum

377 4126 506 4181 laeti
532 4143 738 4190 sumus,
763 4139 821 4184 ut
847 4131 1004 4184 etiam
1033 4130 1276 4187 homines
1299 4149 1558 4194 essemus.
1592 4135 1662 4188 Ita
1690 4152 1837 4202 rem,
1871 4153 1966 4207 per

371 4218 567 4277 Iesum
583 4218 854 4276 Christum
873 4221 1000 4277 εειιιιί
1022 4233 1148 4284 sunt
1167 4233 1222 4280 et
1240 4225 1452 4295 Pagani.
1472 4226 1606 4280 Nam
1615 4226 1835 4298 Pagani,
1859 4245 1964 4284 non

375 4320 443 4367 ut
464 4319 646 4368 essent
670 4309 899 4380 Pagani,
942 4313 1036 4366 sed
1064 4324 1120 4368 ut
1143 4325 1322 4369 essent
1351 4316 1590 4372 homines
1608 4359 1622 4382 ,
1649 4334 1760 4388 per
1785 4319 1964 4374 Iesum

378 4400 652 4462 Christum
695 4401 824 4457 facti.
857 4414 998 4459 ειιιιι.
1033 4404 1165 4472 Quis
1203 4417 1284 4462 est
1327 4408 1467 4464 enim
1510 4409 1664 4463 .lesus
1701 4411 1960 4476 Christus,

374 4490 487 4546 nisi
525 4491 581 4544 in
623 4493 874 4562 principio
908 4505 1020 4548 erat
1061 4495 1310 4558 Verbum.
1354 4508 1402 4551 et
1452 4498 1664 4554 Verbum
1682 4513 1798 4555 erat
1826 4505 1966 4573 apud

378 4580 585 4648 Θαίδι,
620 4594 670 4637 st
705 4583 846 4639 Deus
885 4595 988 4642 erat
1037 4586 1290 4643 Verbum?
1331 4589 1441 4644 [Ioc
1473 4603 1586 4646 erat
1629 4594 1679 4646 in
1719 4595 1964 4665 principio

376 4673 525 4739 apud
545 4671 726 4728 Deum.
755 4672 942 4730 Omnia
961 4694 1048 4745 per
1065 4677 1234 4747 ipsum
1256 4665 1389 4750 facta
1414 4681 1729 4754 sum
1753 4699 1796 4750 ι,
1829 4686 1962 4756 1-5).

375 4758 458 4815 Illi
489 4777 620 4831 ergo
635 4763 837 4819 debent
873 4775 928 4820 et
950 4766 1146 4835 Pagani
1186 4769 1324 4838 quod
1360 4770 1600 4827 homines
1619 4776 1779 4829 creati
1809 4785 1961 4843 sunt;

371 4862 430 4907 et
458 4862 612 4908 tanto
641 4857 809 4926 nugis
837 4859 1120 4926 puniendi,
1159 4861 1278 4934 quia
1309 4862 1630 4923 dimiserunt
1653 4877 1774 4921 clm
1800 4883 1830 4921 ιι
1858 4885 1964 4938 quo

377 4943 506 4997 tacti
535 4955 680 5006 sunt,
708 4956 760 5002 et
785 4950 1062 5004 coluerunt
1088 4967 1206 5020 qum
1231 4951 1332 5020 ipsi
1361 4953 1616 5010 fecerunt.

449 5031 681 5092 CAPUT
703 5035 785 5090 Vl.
801 5067 872 5100 -έ-
888 5038 939 5092 7.
959 5037 1139 5106 Gratia
1154 5041 1344 5096 Christi.
1361 5044 1666 5099 mediatoris.
1691 5045 1960 5104 Mediam:

378 5123 616 5193 Excepu
642 5141 769 5197 ergo
804 5127 893 5181 illa
939 5131 1137 5199 gratia,
1173 5147 1274 5201 qna
1329 5134 1540 5189 condita
1595 5145 1678 5192 est
1735 5137 1962 5194 humana

376 5224 570 5274 natura
595 5217 754 5289 (haec
777 5219 919 5283 enim
945 5220 1260 5282 Christianis
1299 5224 1632 5296 Paganisque
1665 5231 1964 5286 communis

375 5306 508 5375 εει),
537 5307 652 5362 base
676 5318 758 5364 est
785 5311 954 5378 major
977 5313 1162 5382 gratia,
1183 5327 1297 5372 ,ιιοιι
1325 5316 1465 5384 quod
1489 5332 1588 5388 per
1618 5318 1843 5374 Verbum
1865 5319 1965 5375 lto-

374 5398 556 5472 ynines
579 5401 743 5468 creati
773 5416 977 5470 suetus,
1023 5403 1115 5466 sed
1158 5405 1300 5476 quod
1342 5421 1436 5476 per
1481 5407 1708 5465 Verbum
1744 5427 1961 5468 carnem

378 5488 577 5545 factum
605 5490 787 5548 fideles
817 5493 936 5547 facti
967 5509 1170 5550 sumus.
1202 5495 1352 5562 Unus
1378 5499 1520 5555 enim
1555 5500 1712 5574 Deus,
1741 5513 1799 5557 et
1829 5521 1962 5559 uatis

376 5583 646 5639 mediator
685 5583 776 5648 Dei
805 5595 858 5639 et
889 5585 1159 5652 hominum
1192 5589 1352 5646 homo
1383 5587 1624 5647 Christus
1667 5591 1854 5657 Iesus,
1911 5597 1960 5649 in

374 5674 642 5742 principio
683 5684 815 5729 erat
836 5675 1088 5732 Verbum.
1121 5679 1360 5734 Nondum
1396 5691 1505 5734 erat
1537 5682 1695 5737 homo
1721 5684 1963 5740 Christus

381 5763 551 5831 Iesus,
585 5775 638 5818 ct
669 5765 894 5822 Verbum
917 5780 1029 5822 erat
1053 5770 1188 5841 apud
1221 5771 1405 5837 Deum,
1428 5783 1479 5825 ct
1505 5773 1640 5827 Deus
1672 5787 1786 5830 erat
1835 5776 1962 5832 Ver-

1795 373 2024 428 SEIKMO
2069 372 2251 428 XXVI.

3555 380 3658 434 1⁸η

2083 486 2148 540 hu
2157 503 2226 541 ιιι.
2244 489 2358 557 Ipse
2370 490 2596 546 mundus
2611 507 2714 546 non
2733 503 2864 557 erat,
2884 492 3092 562 quando
3109 493 3246 548 Deus
3266 503 3378 548 erat
3398 493 3649 550 Verbum.

2073 578 2258 632 Omnia
2289 590 2385 650 per
2405 582 2576 651 ipsum
2601 582 2734 637 facta
2757 591 2897 646 sunt,
2931 594 2984 638 et
3007 584 3233 638 mundus
3261 600 3355 653 per
3373 585 3544 654 ipsum
3571 585 3651 639 ia-

2073 678 2188 724 ctus
2207 679 2308 725 est.
2332 669 2475 741 Ergo
2495 682 2621 727 tunc
2641 673 2854 743 quando
2879 687 2975 728 nos
2996 674 3138 740 fecit,
3164 683 3218 728 ut
3240 675 3479 730 homines
3507 693 3653 732 esse.

2075 777 2212 828 mus,
2239 763 2474 818 nondum
2498 774 2618 820 erat
2644 765 2822 820 homo.
2851 765 3011 835 Magis
3033 767 3048 798 ¹
3077 767 3228 820 istam
3257 768 3477 836 gratiam
3503 783 3651 822 com-

2073 851 2288 906 mendat
2314 853 2597 922 Apostolus
2628 854 2971 920 Christianis,
3011 855 3100 910 ubi
3138 857 3292 921 dicit,
3339 856 3483 911 Unus
3519 859 3650 912 civim

2075 942 2231 1010 Deus,
2255 954 2301 998 et
2320 962 2451 1000 unus
2469 947 2716 1002 mediator
2735 947 2830 1004 Dei
2851 958 2898 1002 et
2922 949 3196 1002 hominum.
3224 937 3338 1003 Non
3369 953 3472 1014 ait,
3497 951 3651 1005 Chri~

2073 1043 2187 1090 stus
2214 1035 2400 1101 Iesus;
2429 1052 2497 1092 ne
2522 1047 2576 1092 tu
2604 1047 2816 1108 putares
2843 1039 3132 1096 secundum
3157 1039 3387 1096 Verbum
3413 1040 3650 1106 dictum;

2072 1125 2165 1180 sed
2204 1125 2434 1194 addidit,
2474 1128 2621 1182 homo
2650 1144 2670 1182 :
2701 1128 2953 1184 Hediator
2988 1128 3084 1183 Dei
3110 1139 3157 1183 et
3184 1130 3469 1194 hominum,
3503 1132 3651 1184 Inoino

2073 1214 2300 1270 Christus
2323 1217 2473 1272 .Icsns
2505 1219 2544 1290 (Ι
2566 1219 2700 1272 Tim.
2730 1237 2799 1286 ιι,
2828 1219 2904 1290 5).
2950 1221 3086 1288 Quid
3107 1230 3188 1276 est
3209 1211 3507 1276 mediator?
3550 1223 3652 1278 Per

2072 1321 2229 1376 quem
2273 1310 2741 1380 conjungeremur,
2792 1327 2890 1382 per
2932 1328 3088 1383 quem
3140 1315 3651 1370 reconciliarentur:

2071 1399 2192 1468 quia
2233 1401 2462 1469 peccatis
2495 1403 2723 1472 propriis
2753 1405 2980 1473 separati
3015 1404 3356 1472 jacebzttnus,
3399 1406 3448 1459 in
3481 1417 3652 1461 morte

2073 1504 2304 1556 eratnus,
2328 1506 2548 1560 prorsus
2570 1493 2912 1562 perieramus.
2938 1492 3052 1546 Non
3076 1502 3190 1547 erat
3207 1493 3450 1548 Christus
3472 1495 3651 1559 homo,

2071 1579 2284 1648 quando
2325 1590 2534 1636 creatus
2580 1590 2662 1637 est
2703 1582 2863 1636 homo
2911 1600 2923 1634 ι
2975 1598 3042 1637 ne
3083 1585 3282 1654 periret
3325 1584 3517 1652 homo,
3566 1586 3654 1641 illc

2072 1668 2250 1724 factus.
2271 1680 2350 1725 est
2380 1671 2540 1727 homo
2559 1674 2602 1725 ⁸.

2140 1761 2368 1818 CAPUT
2408 1763 2512 1817 V'll.
2535 1794 2606 1804 —
2626 1764 2676 1819 8.
2709 1761 2987 1836 Pelagiana
3022 1765 3229 1821 heresis
3265 1767 3493 1822 exoriens
3532 1768 3654 1821 hor.

2069 1862 2224 1921 retur,
2282 1864 2328 1908 et
2393 1857 2608 1926 gratiam
2670 1857 2766 1912 Dei
2805 1859 3066 1912 admittere
3131 1875 3188 1913 se
3231 1860 3456 1914 simulat.
3533 1861 3656 1914 "ait:

2069 1947 2225 2001 vobis
2261 1957 2444 2002 contra
2488 1950 2748 2003 novellam
2790 1950 3068 2016 haeresim,
3111 1966 3232 2022 qua:
3273 1961 3440 2006 tcntat
3476 1968 3656 2028 assur-

2069 2051 2232 2107 gere,
2287 2055 2429 2109 stupe
2478 2040 2750 2110 disputare
2797 2043 3036 2111 cogimur
3079 2059 3094 2095 :
3148 2041 3272 2112 quia
3325 2059 3419 2098 vos
3472 2045 3654 2097 firmos

2069 2129 2318 2183 volumus
2346 2145 2466 2184 esse
2503 2131 2556 2185 in
2590 2131 2759 2194 bono,
2803 2131 3038 2202 integros
3063 2141 3239 2186 autem
3269 2147 3297 2185 a
3327 2133 3488 2190 malo.
3532 2133 3655 2188 [lare

2069 2217 2212 2271 enim
2253 2227 2346 2274 est
2377 2219 2663 2288 disputatio
2705 2234 2894 2274 comm
2919 2261 2934 2284 ,
2983 2221 3198 2290 quando
3239 2222 3410 2290 primo
3458 2224 3653 2278 exoriri

2069 2316 2372 2378 cmpertmt,
2412 2317 2466 2363 ct
2504 2317 2686 2364 contra
2713 2311 2936 2382 gratiam
2963 2307 3270 2382 disputare,
3303 2313 3528 2368 multum
3556 2314 3654 2367 tri-

2069 2397 2292 2453 buentes
2318 2399 2682 2456 non‘libertati
2712 2401 2944 2460 hominis
2966 2444 2981 2468 ,
3012 2403 3462 2470 sed=iullrmitati;
3493 2415 3541 2459 et
3568 2406 3655 2474 ja-

2068 2497 2276 2544 centem
2305 2490 2557 2546 miserum
2583 2490 2852 2550 hominem
2889 2493 3014 2554 ideo
3034 2493 3374 2562 extollentes,
3403 2511 3471 2550 ne
3493 2513 3652 2550 manu

2068 2579 2167 2635 sibi
2188 2579 2418 2650 desuper
2440 2568 2687 2650 porrecta
2708 2582 2879 2637 valeat
2905 2598 3143 2653 surgere.
3171 2585 3506 2654 Disputautes
3523 2603 3655 2656 ergo

2067 2681 2253 2726 contra
2293 2673 2516 2742 gratiam
2559 2688 2656 2742 pro
2694 2673 2863 2730 libero
2890 2674 3144 2741 arbitrio,
3178 2676 3412 2732 fecerunt
3436 2679 3655 2734 auribus

2071 2762 2170 2832 piis
2193 2772 2247 2818 et
2269 2763 2545 2820 catholicis
2568 2764 2940 2830 offensionem.
2973 2765 3263 2838 Caper-unt
3286 2769 3514 2834 horrori,
3540 2785 3654 2826 ιω-

2071 2863 2261 2924 pprnnt
2287 2865 2346 2910 ut
2371 2867 2515 2914 certa
2545 2858 2808 2928 pernicies
2833 2859 3086 2928 devitari,
3125 2862 3289 2931 cepit
3317 2863 3384 2916 de
3415 2865 3520 2918 illis
3547 2865 3652 2922 dici

2069 2943 2210 3014 quod
2235 2954 2416 3004 contra
2439 2947 2661 3016 gratiam
2678 2946 3040 3018 disputarem:
3067 2952 3540 3011 etiut'cnenuntad
3567 2969 3654 3010 re-

2068 3035 2348 3094 velndatn
2377 3035 2531 3096 istam
2559 3037 2810 3097 invidiam
2843 3040 2946 3098 tale
2974 3051 3358 3118 commeatum.
3389 3043 3504 3100 Non
3527 3087 3540 3108 ,
3574 3046 3655 3102 in-

2069 3126 2218 3196 quit,
2257 3136 2439 3188 contra
2480 3129 2702 3199 gratiam
2743 3131 2838 3188 Dei
2873 3131 3106 3202 disputo.
3141 3133 3292 3192 Unde
3319 3137 3548 3205 probas?
3579 3138 3655 3194 Eo

2070 3217 2186 3288 ipso
2206 3261 2221 3286 ,
2267 3215 2468 3295 iamut,
2515 3236 2622 3282 non
2650 3231 2834 3284 contra
2863 3225 3087 3293 gratiam
3120 3225 3214 3286 Dei
3243 3226 3484 3297 disputo,
3512 3231 3652 3300 ψιηὰ

2070 3310 2293 3370 liberum
2323 3312 2598 3370 arbitrium
2634 3314 2885 3372 defendo.
2916 3317 3106 3376 Videte
3143 3333 3398 3388 acumen,
3437 3323 3534 3378 sed
3576 3325 3653 3377 vi~

2071 3411 2262 3460 treum.
2292 3404 2455 3471 Quasi
2496 3405 2638 3464 lucet
2679 3409 2939 3482 vanitate,
2979 3410 3076 3466 sed
3114 3409 3377 3482 fs'angitur
3405 3415 3650 3471 verit-ate.

2070 3493 2341 3549 Attendite
2380 3511 2537 3565 quam
2565 3497 2634 3551 sit
2659 3499 2811 3568 quasi
2841 3507 2996 3556 acute
3019 3503 3372 3572 excogitatum
3401 3505 3540 3572 quod
3567 3506 3652 3559 di-

2070 3598 2191 3642 cere
2223 3585 2521 3642 voluerunt.
2552 3587 2663 3644 lloc
2693 3588 2838 3658 ipso,
2878 3589 3074 3661 inquit,
3115 3592 3235 3664 quia
3264 3593 3485 3662 liberum
3513 3595 3654 3662 arbi-

2073 3675 2228 3732 trium
2257 3675 2487 3732 hominis
2525 3676 2782 3740 defendo,
2827 3688 2882 3736 et
2918 3681 3038 3736 dico
3079 3683 3203 3748 quia
3242 3681 3467 3742 liberum
3513 3685 3653 3742 arbi-

2066 3763 2230 3821 trium
2272 3762 2541 3820 sufficicns
2566 3773 2650 3828 est
2681 3775 2736 3822 ut
2759 3766 2934 3836 justus
2967 3769 3065 3824 sim
3099 3770 3137 3836 ³,
3183 3786 3286 3834 non
3328 3771 3443 3832 sine
3484 3777 3651 3844 gratia

2073 3851 2164 3906 Dei
2203 3853 2341 3908 dico.
2389 3855 2590 3909 Erertm
2631 3865 2755 3910 sunt
2792 3873 2949 3914 aures
2992 3860 3196 3928 piorum
3233 3862 3381 3931 :jam
3423 3865 3508 3934 qui
3554 3866 3651 3921 ista

2071 3943 2240 4006 audit,
2289 3943 2471 4016 incipit
2511 3947 2786 4016 gratulari.
2835 3948 2941 4002 Deo
2981 3951 3197 4020 gratias.
3239 3951 3352 4006 Non
3398 3954 3514 4012 sine
3561 3957 3648 4014 Dei

2070 4032 2234 4101 gratia
2263 4031 2501 4087 defendit
2529 4025 2752 4102 liberum
2784 4037 3082 4096 arbitrium.
3123 4040 3219 4102 Est
3255 4042 3396 4112 enim
3428 4043 3649 4116 liberum

2071 4123 2380 4190 arbitrium,
2422 4125 2514 4177 sed
2555 4126 2688 4179 nihil
2730 4127 2867 4182 valet
2907 4129 3021 4188 sine
3063 4129 3153 4186 Dei
3187 4133 3375 4205 gratia.
3420 4133 3478 4189 Si
3524 4152 3653 4206 ergo

2073 4212 2293 4268 liberum
2339 4213 2610 4270 arbitrium
2661 4230 2764 4269 non
2810 4216 2926 4271 sine
2976 4217 3068 4274 Dei
3115 4217 3282 4290 gratia
3325 4222 3646 4291 defendunt,

2066 4305 2193 4375 quid
2222 4306 2344 4360 mali
2373 4305 2585 4361 dicunt?
2609 4307 2828 4378 Expone
2853 4325 2980 4380 ergo
3007 4311 3178 4377 nobis,
3204 4330 3236 4368 o
3257 4313 3464 4383 doctor,
3491 4333 3648 4388 quam

2073 4395 2216 4456 dicas
2242 4398 2634 4470 gratiam.Cum
2661 4399 2801 4467 dico,
2833 4401 3020 4472 inquit,
3052 4405 3272 4461 liberum
3298 4399 3532 4482 hominis
3561 4399 3645 4478 ar-

2071 4488 2314 4555 bitrinm;
2340 4489 2464 4546 vide
2491 4491 2612 4562 quia
2644 4491 2872 4562 hominis
2910 4493 3050 4549 dico.
3091 4497 3226 4567 Quid
3274 4493 3499 4556 deinde?
3542 4502 3648 4556 llo-

2071 4580 2266 4648 minem
2294 4582 2413 4652 quis
2435 4583 2668 4654 creavit?
2697 4583 2856 4640 Deus.
2886 4583 3016 4660 Quis
3034 4587 3088 4642 ei
3119 4589 3341 4644 liberum
3370 4592 3648 4658 arbitrium

2069 4670 2247 4725 dedit?
2289 4673 2446 4728 Deus.
2488 4673 2545 4742 Si
2583 4689 2710 4747 ergo
2751 4676 3019 4740 hominem
3055 4680 3194 4742 Deus
3222 4683 3440 4748 creavit,
3471 4694 3524 4740 et
3551 4684 3647 4738 ho-

2070 4764 2196 4817 mini
2219 4763 2357 4818 Deus
2371 4765 2601 4824 liberum
2623 4763 2837 4834 donavit
2859 4763 3167 4835 arbitrium;
3191 4773 3446 4844 quidquid
3476 4785 3651 4846 potesr.

2066 4851 2230 4908 homo
2268 4855 2335 4908 de
2365 4856 2536 4910 libero
2569 4851 2814 4924 arbitrio,
2849 4860 3002 4929 cujus
3037 4863 3221 4930 gratia:
3259 4863 3497 4930 debetur,
3546 4867 3648 4921 nisi

2068 4949 2185 5016 ejus
2221 4946 2308 5018 qui
2348 4961 2469 5001 eum
2510 4947 2745 5004 condidit
2785 4964 2910 5008 cum
2956 4951 3124 5010 libero
3161 4955 3412 5014 arbitrio?
3451 4957 3515 5022 Et
3549 4957 3648 5027 hoc

2068 5037 2218 5110 quasi
2249 5046 2403 5114 acute
2428 5038 2495 5092 ab
2525 5037 2651 5112 ipsis
2679 5038 2897 5098 dictum.

2138 5124 2362 5183 CAPUT
2396 5127 2525 5182 Vill.
2547 5128 2690 5196 5—9.
2717 5127 2892 5200 Gratia
2917 5131 3103 5210 Christi
3131 5144 3314 5206 mater
3339 5146 3576 5210 naturam
3601 5150 3645 5194 et

2069 5219 2225 5288 legem
2268 5219 2547 5284 necessaria
2589 5218 2788 5288 admitti
2835 5221 2997 5287 debet.
3217 5213 3285 5288 ad
3335 5229 3456 5306 quid
3505 5230 3645 5290 datu.

2070 5307 2258 5365 Videte
2285 5319 2480 5377 tamen,
2512 5311 2697 5380 fratres
2725 5313 2850 5382 mei,
2871 5307 3140 5386 quomodo
3168 5317 3312 5376 illam
3341 5307 3646 5394 generalem

2134 5483 2148 5514 ¹
2175 5483 2246 5533 sic
2268 5491 2372 5534 Mss.
2395 5484 2510 5534 [diti
2534 5499 2667 5544 vero,
2693 5500 2772 5536 ma

2131 5545 2414 5619 "mittitur.
2436 5554 2489 5596 et
2509 5549 2652 5607 tom,
2665 5545 2873 5619 λᾳηᾳῐιασ
2889 5556 3080 5619 creatus
3096 5557 3166 5619 est
3187 5552 3358 5612 Ιιοιηο,
3382 5554 3469 5619 sed
3489 5564 3652 5619 postea

2069 5606 2481 5682 ῦφῖιφβθυξονηρν
2494 5606 2762 5682 ct
2776 5611 2920 5682 homo
2936 5609 3015 5672 ille
3037 5612 3120 5678 qui
3132 5615 3287 5682 factus
3302 5606 3372 5680 est
3394 5606 3548 5678 Itonia.
3570 5622 3650 5672 ttlc

2070 5679 2158 5738 nos
2172 5675 2276 5738 itm,
2303 5675 2376 5716 Er.
2398 5675 2456 5738 et
2477 5670 2691 5738 urgueris
2708 5670 3194 5738 nouemanuscr'ipiis
3211 5670 3525 5730 ’inhairernus.

2136 5729 2158 5803 ἢ
2171 5727 2498 5803 ιιιιιιιεειιιεεη
2517 5729 2664 5803 libero
2685 5730 2906 5803 arbitrio
2926 5727 3164 5803 suﬁiqie'ns
3188 5745 3258 5789 est
3302 5746 3352 5790 ut
3382 5727 3544 5803 ﬁestits
3564 5738 3641 5791 sil.

2067 5791 2315 5841 causentit
2339 5797 2433 5847 Er.,
2459 5798 2668 5852 excepto
2689 5795 2814 5855 quod
2830 5791 3126 5855 haliet,'sim.
