4024 6202
426 333 559 390 Ἆτῆ

453 448 678 521 gratiam
710 443 994 517 przedicent
1018 483 1032 507 ,
1060 455 1163 513 qua
1189 449 1402 496 creatus
1427 447 1512 496 est
1535 439 1720 514 homo,
1741 456 1844 511 qua
1867 439 2036 494 homi-

454 556 553 596 nes
578 552 800 596 sumus:
828 545 882 590 et
912 535 1092 604 utique
1119 541 1174 588 et
1199 548 1320 590 eum
1350 531 1524 603 impiis
1553 530 1795 586 homines
1831 546 2034 595 sumus,

455 630 549 686 sed
573 644 677 684 non
702 641 823 681 cum
851 624 1028 694 impiis
1051 623 1323 679 christiani
1351 636 1554 678 sumus.
1585 621 1734 676 lianc
1760 635 1888 692 ergo
1910 635 2035 692 gra-

455 724 581 778 tiam
604 734 706 791 qua
736 717 1012 774 christiani
1033 732 1238 784 sumus,
1263 715 1433 788 ipsam
1455 714 1702 770 volumus
1723 712 2032 785 prmdiccnt,

435 816 622 882 .ipsam
661 811 908 866 volumus
948 815 1275 880 agnoscant;
1314 807 1481 877 ipsam
1525 805 1802 868 volumus,
1833 803 1900 858 de
1927 819 2032 872 qua

428 903 582 969 .dicit
604 902 911 972 Apostolus,
945 897 1067 954 Non
1099 898 1295 952 irritam
1331 897 1464 968 facio
1502 898 1718 972 gratiam
1742 895 1856 949 Dei.
1893 894 2034 948 Nam

449 996 606 1062 super
633 993 810 1066 Legem
836 991 1061 1059 iustitia;
1089 1006 1208 1060 ergo
1243 987 1471 1043 Christus
1503 987 1659 1058 gratis
1697 995 1924 1039 mortuus
1961 995 2034 1040 est

433 1085 644 1155 (ﬂutat.
665 1100 722 1150 tt,
754 1084 871 1152 21).
906 1081 1091 1137 Videte
1117 1080 1256 1135 unde
1292 1079 1425 1135 dixit
1451 1078 1758 1150 Apostolus.
1788 1078 1863 1134 De
1893 1076 2032 1148 Lege

445 1178 577 1232 dixit
605 1195 618 1231 :
651 1176 712 1232 Si
739 1193 826 1246 per
841 1173 1037 1246 Legem
1048 1174 1252 1244 justitia
1268 1189 1290 1238 ,'
1309 1190 1428 1244 ergo
1456 1172 1684 1227 Christus
1711 1171 1868 1243 gratis
1892 1187 2031 1224 mor-

449 1283 566 1326 tuus
608 1279 700 1326 est.
729 1269 861 1336 Quia
894 1284 1022 1340 ergo
1059 1284 1123 1323 ex
1163 1267 1303 1338 Lege
1340 1282 1445 1321 non
1488 1274 1602 1321 erat
1635 1264 1875 1335 justitia,
1910 1263 2030 1318 ideo

434 1371 689 1416 mortuus
718 1369 799 1415 est
827 1359 1089 1423 Christus,
1118 1367 1176 1412 ut
1217 1373 1311 1428 per
1353 1357 1512 1412 (idem
1535 1355 1910 1426 justiliccntur,
1939 1355 2030 1425 qui

447 1470 512 1508 ex
537 1453 679 1523 Lege
709 1467 814 1506 non
833 1451 1279 1521 justifieahantur.
1303 1449 1365 1505 Si
1385 1451 1536 1514 enim,
1558 1449 1746 1520 inquit,
1765 1447 1887 1503 data
1905 1457 2032 1502 esset

429 1543 558 1597 σιω
577 1558 690 1613 qua:
713 1543 869 1613 possit
892 1542 1163 1610 vivi/icore,
1194 1542 1399 1594 omnino
1420 1556 1482 1594 ea:
1502 1539 1632 1610 Lege
1651 1549 1774 1594 esset
1785 1539 1987 1610 justitia
2005 1555 2024 1594 :

445 1634 587 1706 quod
626 1635 786 1688 etiam
830 1633 1079 1689 hesterno
1118 1631 1204 1688 die
1245 1629 1779 1686 commemoravimus
1820 1629 2027 1702 (Serm.

447 1724 574 1798 156)
600 1725 722 1780 :sed
758 1725 1002 1780 conclusit
1041 1724 1312 1795 Scriptura
1353 1727 1523 1780 omnia
1567 1724 1660 1778 sub
1707 1731 1909 1793 peccato
1928 1762 1944 1789 ,
1976 1730 2031 1776 ut

429 1817 750 1887 .promissio;
795 1816 1100 1886 promissio,
1138 1831 1244 1870 non
1291 1813 1602 1886 prmdictio:
1630 1814 1720 1884 qui
1749 1812 2026 1884 promisit,

449 1912 562 1980 ipse
585 1909 711 1965 facit
735 1928 748 1963 :
772 1919 826 1963 ut
846 1909 1134 1980 promissio,
1166 1907 1356 1979 inquit,
1377 1924 1440 1962 eo:
1459 1908 1562 1976 [ide
1578 1905 1613 1961 Ι
1617 1923 1704 1962 esu
1723 1905 1908 1962 Christi
1929 1907 2026 1961 da-

444 2013 584 2057 retur
615 2001 948 2057 credentibus.
983 2001 1123 2057 Ecce
1149 2000 1334 2071 quales
1351 2016 1457 2056 nos
1484 1999 1687 2056 invenit
1711 1999 1879 2070 gratia
1906 1999 2028 2056 Sal-

446 2097 644 2150 vatoris
661 2135 677 2161 ,
704 2109 840 2164 quos
866 2109 966 2150 nec
991 2093 1101 2149 Lex
1130 2108 1290 2148 sanos
1316 2091 1489 2148 facere
1516 2093 1702 2162 potuit.
1730 2091 1907 2159 Quare
1930 2108 2027 2147 au-

445 2197 552 2242 tem
575 2186 800 2240 dabatur
822 2184 953 2249 Lex,
980 2184 1025 2239 si
1053 2183 1352 2240 sufficiebat
1378 2182 1601 2237 natura?
1630 2182 1697 2236 Et
1726 2191 1902 2237 tamen
1929 2197 2029 2239 nec

444 2278 556 2333 Lex
573 2276 821 2334 sufficere
841 2277 1032 2347 potuit,
1051 2276 1123 2331 ita
1153 2274 1359 2330 infirma
1385 2283 1500 2330 erat
1520 2274 1632 2346 ipsa
1654 2284 1842 2329 natura
1867 2292 1881 2328 :
1905 2275 2027 2330 data

443 2381 528 2424 est
557 2370 697 2434 Lex,
727 2369 820 2424 sed
860 2383 968 2423 non
1007 2383 1127 2438 qua:
1166 2375 1347 2437 posset
1382 2365 1669 2422 viviticare.
1697 2366 1873 2433 Quare
1899 2382 2027 2438 ergo

441 2462 564 2516 data
583 2470 666 2515 est
692 2459 839 2514 Lex?
862 2457 1000 2523 Lex,
1036 2458 1204 2528 inquit
1246 2457 1565 2526 Apostolus,
1597 2457 2027 2528 prmaricationis

441 2555 606 2625 gratia
631 2553 754 2607 data
777 2561 850 2606 est
868 2551 1066 2622 (fiatut.
1093 2567 1170 2618 ιιι,
1191 2550 1283 2618 21,
1306 2550 1400 2617 22,
1423 2547 1511 2622 19)
1539 2568 1552 2605 :
1576 2551 2028 2620 przevaricatiouis

441 2649 608 2719 gratia
627 2649 800 2719 posita
825 2657 926 2716 est,
947 2656 1006 2703 ut
1026 2656 1079 2704 te
1098 2647 1299 2704 faceret
1320 2650 1802 2717 prevaricatorem.
1827 2650 2024 2716 Quare,

444 2749 497 2792 ut
527 2754 614 2793 me
634 2739 830 2793 faceret
849 2737 1350 2808 praevaricatorem?
1371 2737 1508 2804 Quia
1533 2748 1755 2794 noverat
1777 2739 1917 2794 Deus
1938 2753 2028 2794 su-

444 2832 682 2902 perbiam
727 2842 906 2887 tuam:
936 2839 1157 2887 noverat
1191 2831 1312 2902 quia
1338 2830 1593 2899 dicebas,
1639 2829 1684 2887 0
1726 2831 1770 2886 si
1820 2832 1889 2886 sit
1937 2831 2026 2902 qui

424 2927 662 2983 vdoceatl
691 2942 726 2983 ο
752 2927 797 2982 si
835 2927 906 2983 sit
943 2926 1035 2997 qui
1075 2927 1207 2982 mihi
1243 2927 1521 2983 ostendat!
1570 2927 1708 2983 Ecce
1746 2927 1856 2982 Lex
1897 2927 2026 2983 dicit

433 3019 567 3086 sibi,
604 3019 726 3074 Non
765 3020 1103 3090 concupisces.
1135 3018 1439 3089 Coguovisti
1486 3019 1682 3088 Legem
1721 3018 2022 3087 dicentem,

441 3109 566 3166 Non
593 3112 931 3182 concupisces.
965 3109 1209 3167 Surrexit
1231 3109 1660 3180 concupiscentia
1678 3151 1693 3176 ,
1722 3124 1880 3179 quam
1917 3124 2025 3165 non

443 3220 699 3271 noveras;
724 3205 895 3260 iuerat
913 3205 1076 3269 enim,
1102 3201 1194 3258 sed
1216 3202 1552 3259 nesciebatur
1577 3201 1820 3272 :ctepisti
1843 3201 2026 3256 conari

441 3297 655 3351 vincere
681 3295 821 3365 quod
852 3295 1040 3359 inerat,
1065 3303 1118 3349 et
1146 3295 1388 3364 apparuit
1415 3293 1554 3364 quod
1581 3294 1795 3349 latebat.
1823 3293 2026 3364 Super-

431 3388 529 3453 be,
560 3403 654 3458 per
672 3387 866 3457 Legem
894 3385 1063 3440 factus
1087 3400 1148 3441 es
1178 3385 1551 3456 praevaricator
1577 3387 1592 3417 ¹
1618 3399 1632 3437 :
1657 3399 1884 3455 agnosce
1907 3400 2028 3454 gra-

439 3490 591 3546 tiam,
612 3488 672 3535 et
699 3487 814 3534 esto
841 3477 1100 3534 laudator.

510 3591 740 3649 CAPUT
754 3591 1010 3648 1Χ.-10.
1027 3590 1426 3648 Manichaeorum
1443 3593 1646 3648 haeresis
1665 3593 1728 3648 de
1742 3595 1915 3649 veteris
1930 3593 2030 3647 Le-

441 3683 518 3754 gis
537 3693 758 3737 auctore.
772 3682 876 3739 Sed
894 3682 1109 3753 Legem,
1124 3683 1316 3754 inquis,
1336 3684 1454 3754 quis
1469 3683 1641 3740 dedit?
1652 3685 1781 3754 Quia
1795 3684 2028 3740 811111110-

442 3773 615 3830 miues
632 3775 771 3841 vani,
789 3783 842 3828 et
859 3774 1008 3844 pejus
1027 3775 1192 3844 impii,
1208 3776 1297 3846 qui
1323 3776 1507 3830 dicunt
1522 3776 1714 3846 Legem
1731 3778 1798 3831 ab
1819 3779 1922 3832 alio
1934 3778 2026 3833 da-

443 3875 572 3929 tam,
591 3867 811 3934 gratiam
835 3880 960 3920 vero
984 3880 1077 3934 per
1098 3865 1377 3921 Dominum
1407 3875 1645 3920 nostrum
1660 3867 1844 3922 .lesum
1865 3869 2024 3922 Chri-

442 3964 616 4022 stum;
643 3955 793 4026 quasi
815 3955 1010 4026 Legem
1039 3955 1263 4022 malam,
1295 3957 1442 4026 quasi
1474 3955 1667 4027 Legem
1697 3973 2023 4028 perversam,

441 4048 664 4118 gratiam
688 4064 813 4104 vero
834 4057 1030 4104 rectam
1053 4068 1065 4103 :
1085 4057 1138 4104 et
1155 4049 1340 4104 volunt
1360 4050 1426 4104 ita
1448 4048 1753 4106 discernere
1779 4050 1884 4106 duo
1907 4051 2027 4107 Tes-

443 4148 698 4207 tamenta,
713 4141 936 4197 utVetus
947 4141 1342 4197 Testamentum
1355 4141 1534 4196 dicant
1549 4157 1667 4198 esse
1681 4158 1712 4198 a
1729 4143 1910 4200 nescio
1923 4159 2027 4213 quo

445 4233 681 4303 principe
695 4233 1053 4298 tenebrarum;
1067 4233 1270 4287 Novum
1283 4244 1457 4288 autem
1472 4235 1867 4292 Testamentum
1881 4254 1908 4290 a
1926 4238 2028 4290 Do-

442 4323 588 4377 mino
607 4323 875 4378 DcoPatre
893 4323 1099 4377 Domini
1123 4323 1286 4378 nostri
1305 4323 1430 4378 .lesu
1449 4326 1663 4381 Christi.
1684 4327 1859 4398 Ipsum
1885 4330 1924 4383 Α
1935 4345 2028 4398 po-

443 4415 636 4469 stolum
664 4413 880 4468 Paulum
908 4412 1050 4468 audi.
1081 4411 1134 4468 Si
1159 4421 1436 4483 propterea
1460 4424 1611 4485 putas
1632 4417 1826 4488 Legem
1849 4420 2024 4474 datam

441 4505 512 4559 ab
531 4504 656 4571 alio,
679 4519 782 4559 non
811 4519 840 4556 a
869 4503 996 4571 Deo,
1016 4503 1134 4574 quia
1155 4519 1250 4573 per
1265 4503 1408 4558 illam
1427 4505 1596 4562 factus
1623 4522 1682 4562 es
1713 4511 2026 4578 praevarica-

445 4606 558 4658 tor;
587 4594 708 4650 audi
739 4594 910 4664 ipsum
938 4594 1248 4665 Apostolum
1270 4595 1425 4667 Legis
1448 4596 1794 4654 laudatorem.
1821 4599 2022 4672 Itaque,

443 4685 634 4754 inquit,
651 4683 760 4740 Lex
776 4685 974 4753 quidem
993 4694 1189 4748 sancta,
1209 4695 1255 4739 et
1276 4685 1571 4740 mandatum
1592 4698 1820 4744 sanctum
1834 4707 1853 4746 :
1867 4691 2023 4760 addc,

441 4775 900 4848 etjustum;adhuc
914 4776 1119 4845 adde,ct
1139 4779 1340 4833 bonum.
1359 4776 1506 4845 Quod
1521 4796 1638 4852 ergo
1659 4782 1842 4836 bonum
1854 4784 2028 4848 est,in-

442 4869 574 4941 quit,
590 4869 712 4923 mihi
731 4873 919 4940 factum
940 4878 1012 4924 est
1034 4871 1206 4925 mors?
1224 4871 1364 4926 Absit
1377 4872 1492 4927 :scd
1515 4883 1772 4945 peccatum
1792 4886 1844 4930 ut
1859 4895 2025 4948 appa-

437 4969 546 5014 reat
564 4968 820 5029 peccatum
834 4959 1163 5029 (Rom.vu,7,
1180 4960 1304 5016 12a
1321 4963 1405 5032 15)
1417 4963 1713 5020 .Eratenim
1727 4977 2021 5037 peccatum,

440 5049 534 5104 sed
561 5049 758 5106 latebat
773 5059 1070 5124 peccatum.
1085 5050 1307 5122 Quando
1323 5053 1518 5110 latebat
1537 5067 1809 5126 peccatum
1822 5061 1846 5113 τ
1857 5061 2025 5126 Quan-

442 5139 584 5194 dote
608 5128 968 5198 adversarium
987 5142 1220 5201 nondum
1243 5145 1560 5213 patiebatur.
1583 5145 1804 5220 pristi
1820 5152 2022 5216 conari,

452 5241 506 5283 (ιι
547 5231 790 5302 apparuit
814 5233 904 5303 qui
934 5233 1164 5288 tenebat.
1192 5233 1416 5301 Quando
1435 5237 1763 5308 sequebaris,
1781 5250 2024 5296 catenam

446 5342 549 5378 mu
580 5323 849 5380 sentiebas
878 5340 891 5376 :
919 5324 1154 5394 quaesisti
1181 5325 1462 5397 refugium,
1492 5341 1546 5384 et
1568 5333 1812 5400 apparuit
1835 5333 2023 5389 vincu-

445 5415 586 5479 lum;
637 5415 852 5470 voluisti
892 5414 1110 5485 fugere,
1159 5427 1214 5472 et
1261 5419 1468 5489 C(Bpisli
1518 5421 1673 5476 trahi.
1717 5423 1851 5493 Quia
1893 5442 2020 5498 ergo

441 5507 647 5573 empiin
701 5508 1202 5574 trah'i,-subveniat
1248 5510 1338 5566 tibi
1389 5514 1478 5584 qui
1525 5530 1630 5570 non
1677 5526 1760 5571 est
1808 5518 2020 5589 ligatus.

441 5595 571 5662 Quis
621 5613 723 5652 non
772 5607 854 5656 est
911 5599 1131 5673 ligatus,
1192 5603 1290 5656 nisi
1326 5605 1413 5674 qui
1448 5604 1602 5668 dixit,
1662 5606 1723 5662 Si
1768 5608 2024 5664 invenistis

506 5769 523 5799 ί
549 5767 768 5830 Plerique
790 5767 899 5820 Mss.
919 5783 931 5820 :
952 5773 1176 5835 superbe,
1204 5783 1334 5834 [βακε
1353 5777 1507 5837 tectus
1531 5792 1580 5829 rs
1605 5789 1960 5842 pra‘rarrcator.

1691 324 1748 379 S.
1792 321 2155 381 AUGUSTINI
2192 322 2498 390 EPISCOPl

3639 357 3739 417 178

2146 438 2200 493 in
2225 456 2304 495 me
2332 452 2588 512 peccatum
2610 485 2626 510 ,
2655 443 2804 498 dicite
2825 446 2846 517 (
2859 444 3014 499 Joan.
3050 462 3139 501 vm
3162 490 3176 514 ,
3207 448 3338 518 46)?
3361 451 3492 519 Quis
3519 469 3626 512 non
3655 465 3743 516 est

2147 530 2360 602 ligatus,
2393 534 2492 588 nisi
2520 536 2609 605 qui
2636 535 2788 602 dixit,
2820 534 2956 590 Ecce
2981 539 3109 592 venit
3130 539 3366 610 princeps
3390 543 3586 613 mundi,
3608 554 3658 600 et
3681 549 3736 602 in

2144 639 2223 676 me
2241 623 2368 678 nihil
2388 625 2643 680 inveniet?
2667 626 2842 694 Quare
2871 643 2956 682 me
2981 630 3188 684 occidat
3205 673 3220 696 ,
3247 632 3381 687 nihil
3415 632 3649 691 inveniet
3677 639 3690 670 '
3718 655 3734 692 ε

2143 714 2263 784 quia
2294 730 2438 770 mors
2464 726 2682 786 peccato
2701 718 2846 788 jnste
2873 718 3101 774 debetur
3125 723 3169 775 '.
3196 721 3372 790 Quare
3398 740 3526 796 ergo
3553 741 3731 782 more-

2145 805 2256 859 ris?
2285 804 2353 860 Ut
2393 809 2576 874 sciant,
2601 809 2802 879 inquit,
2841 827 3011 865 onmos
3042 812 3170 882 quia
3212 814 3518 870 voluntatem
3563 817 3736 872 Patris

2143 898 2241 950 mei
2263 899 2398 969 facio
2425 897 2474 971 (1
2482 900 2534 954 d.
2569 916 2681 967 xtv,
2707 901 2794 966 30,
2823 901 2938 973 51).
2960 902 3075 974 Ipse
3099 904 3278 973 solvit,
3300 907 3390 977 qui
3416 907 3605 979 ligatus
3627 927 3731 966 non

2141 997 2223 1044 est
2245 1005 2258 1041 :
2284 989 2397 1059 ipse
2419 1005 2450 1044 a
2477 991 2700 1047 mortuis
2727 992 2937 1061 liberat,
2961 994 3049 1064 qui
3075 1003 3157 1050 est
3182 996 3234 1050 in
3262 999 3487 1054 mortuis
3518 999 3675 1056 liber.

2212 1080 2437 1136 CAPUT
2481 1081 2550 1136 X.
2573 1083 2746 1138 -11.
2786 1082 2934 1156 Legis
2971 1085 3106 1139 dates
3141 1087 3524 1157 insulicienlia;
3552 1093 3732 1161 gratia:

2140 1173 2405 1226 necessitas
2443 1173 2495 1227 in
2523 1171 2712 1228 Elisteo
2745 1176 2984 1247 ﬁgurata.
3025 1175 3131 1232 Sed
3176 1178 3289 1249 ipse
3334 1179 3480 1235 misit
3526 1192 3581 1236 et
3631 1183 3706 1239 Le

2138 1280 2257 1335 gem
2287 1265 2326 1318 ³.
2351 1265 2454 1320 Per
2481 1282 2692 1322 servum
2720 1283 2872 1323 suum
2899 1269 3094 1340 Legem
3115 1311 3132 1337 ,
3158 1287 3254 1342 per
3292 1288 3350 1328 se
3391 1275 3562 1344 ipsum
3601 1291 3721 1347 gra-

2141 1355 2290 1410 tiam.
2329 1357 2560 1413 Attende
2593 1356 2844 1414 Eliszeum
2876 1360 2929 1414 in
2961 1377 3152 1432 magno
3189 1364 3403 1434 altoque
3443 1369 3720 1438 mysterio,

2140 1455 2387 1518 tanquam
2415 1448 2746 1519 pr0phetam,
2780 1451 2986 1520 agendo
3011 1455 3474 1523 praenuntiantcm,
3504 1474 3609 1514 non
3633 1474 3726 1512 so-

2137 1537 2244 1594 lum
2292 1539 2574 1615 loquendo.
2629 1541 2865 1598 Mortuus
2909 1553 3026 1599 erat
3071 1544 3209 1602 filius
3251 1546 3480 1619 hospita:
3536 1550 3724 1620 ipsius.

2136 1628 2274 1697 Quid
2299 1630 2633 1703 signiﬁcabat
2671 1641 2915 1690 mortuus
2952 1651 3105 1706 puer,
3135 1637 3235 1692 nisi
3265 1638 3478 1694 Adam?
3502 1641 3728 1697 Nuntia-

2138 1729 2248 1776 tum
2287 1730 2370 1776 est
2393 1721 2415 1754 ⁸
2441 1731 2626 1778 saneto
2665 1723 2980 1794 Prophetas,
3005 1730 3210 1796 gerenti
3239 1729 3291 1784 in
3320 1731 3597 1803 pr0phetia
3636 1745 3725 1807 ty-

2135 1827 2261 1882 pum
2303 1812 2514 1868 Domini
2559 1814 2726 1870 nostri
2755 1814 2881 1871 Jesu
2909 1816 3106 1874 Christi
3136 1835 3149 1872 :
3183 1820 3326 1876 misit
3373 1837 3470 1892 per
3508 1839 3722 1880 servum

2134 1904 2380 1960 baculum
2425 1918 2617 1971 suum,
2648 1915 2703 1961 et
2740 1907 2816 1962 ait
2858 1908 2964 1975 illi,
3010 1909 3175 1978 Vade,
3202 1915 3352 1978 vade,
3396 1933 3527 1986 pone
3567 1935 3725 1984 super

2136 2010 2348 2063 puerum
2370 2002 2639 2050 mortuum.
2669 1996 2910 2054 Perrexit
2952 1999 3072 2068 ille,
3111 2010 3356 2074 tanquam
3383 2019 3566 2061 servus
3590 2011 3724 2064 obc-

2133 2083 2305 2139 diens.
2333 2084 2545 2141 Sciebat
2563 2085 2830 2158 Propheta
2856 2090 2983 2160 quid
3012 2091 3236 2150 fecerat.
3261 2095 3446 2152 Posuit
3473 2097 3722 2156 baculum

2134 2190 2294 2248 supra
2323 2166 2608 2244 mortuum,
2639 2194 2747 2235 non
2775 2183 3028 2238 surrexit.
3057 2182 3120 2238 Si
3144 2186 3276 2239 enim
3304 2187 3426 2241 data
3457 2199 3582 2244 esset
3615 2191 3724 2246 Lex

2133 2282 2246 2337 qute
2272 2269 2425 2336 possit
2443 2269 2716 2338 viviﬁcare,
2745 2273 2951 2325 omnino
2970 2289 3033 2327 e1:
3053 2272 3184 2345 Lege
3210 2286 3336 2330 esset
3348 2278 3566 2347 justitia.
3600 2280 3718 2336 Non

2134 2373 2262 2429 ergo
2283 2359 2454 2430 potuit
2477 2359 2585 2416 Lex
2614 2360 2902 2417 viviﬁcare.
2931 2362 3088 2419 Venit
3122 2365 3235 2435 ipse
3261 2368 3478 2438 grandis
3500 2369 3565 2423 ad
3598 2386 3720 2440 par-

2134 2448 2346 2514 vulum,
2374 2449 2606 2505 salvator
2641 2449 2707 2506 ad
2750 2451 3090 2521 salvandum,
3123 2454 3271 2510 vivus
3299 2456 3365 2510 ad
3402 2467 3666 2514 mortuum
3701 2479 3718 2514 :

2132 2539 2277 2594 venit
2303 2539 2437 2609 ipse.
2470 2539 2540 2595 Et
2563 2540 2688 2610 quid
2709 2540 2868 2596 fecit?
2885 2541 3144 2599 iuvenilia
3170 2545 3407 2601 membra
3431 2550 3717 2620 contraxit,

2135 2638 2382 2701 tanquam
2413 2646 2474 2686 se
2498 2631 2672 2701 ipsum
2701 2632 3047 2700 exinanicus,
3079 2644 3137 2690 ut
3166 2637 3387 2692 formam
3412 2640 3549 2694 servi
3577 2641 3719 2696 acci-

2133 2732 2284 2793 peret
2330 2721 2587 2794 (Philipp.
2621 2740 2688 2790 u,
2721 2723 2800 2795 7).
2826 2724 3086 2782 Juvenilia
3126 2743 3254 2799 ergo
3298 2730 3534 2785 membra
3579 2746 3717 2787 cono

2133 2813 2313 2878 traxit,
2343 2828 2562 2884 parvum
2589 2829 2647 2870 se
2674 2830 2838 2886 parvo
2861 2819 3158 2888 coaptavit,
3187 2829 3242 2875 ut
3262 2821 3498 2879 alliceret
3519 2837 3719 2894 corpus

2139 2903 2453 2959 humilitatis
2478 2914 2674 2960 nostra:
2697 2905 2972 2963 conformo
3001 2911 3212 2980 corpori
3249 2911 3432 2982 gloria:
3469 2928 3579 2970 sua:
3601 2914 3718 2987 (Id.

2132 3008 2227 3059 nt,
2256 2993 2368 3064 21).
2402 2993 2582 3066 itaque
2629 2995 2682 3050 in
2729 2995 2832 3050 isto
2875 3004 3000 3068 typo
3035 2997 3231 3056 Christi
3274 3003 3580 3074 prophetica
3616 3021 3719 3061 ex-

2133 3098 2321 3154 presso
2361 3085 2646 3139 suscitatus
2692 3094 2776 3141 est
2818 3097 3057 3143 mortuus
3096 3089 3194 3162 (iV
3227 3089 3356 3164 Reg.
3392 3109 3469 3161 tv,
3496 3096 3716 3166 l8-57),

2134 3184 2382 3246 tanquam
2407 3175 2724 3246 justilicatus
2749 3185 2833 3233 est
2859 3178 3070 3250 impius.

2202 3285 2426 3342 CAPUT
2455 3286 2546 3342 XI.
2568 3289 2740 3344 -12.
2779 3289 2958 3346 Gratia
2983 3291 3401 3351 Christianorum.
3420 3297 3520 3354 ista
3545 3301 3716 3370 gratia

2133 3379 2470 3449 praedicetur,
2491 3379 2589 3434 ista
2604 3390 2685 3436 est
2709 3382 3302 3452 gratiaChristianorum
3329 3403 3422 3458 per
3448 3389 3718 3446 hominem

2132 3468 2494 3534 Mediatorem,
2514 3485 2608 3539 per
2636 3486 2848 3540 passum
2867 3483 2923 3529 et
2945 3476 3338 3542 resuscitatum,
3368 3480 3456 3547 qui
3478 3481 3722 3537 ascemlit

2132 3557 2186 3612 in
2203 3558 2416 3624 caelum,
2431 3567 2488 3614 et
2501 3560 2781 3628 captivavit
2801 3564 3156 3632 captivitatem
3176 3608 3191 3634 ,
3217 3574 3272 3621 et
3293 3566 3441 3622 dedit
3458 3567 3598 3624 dona
3619 3569 3722 3626 ho-

2131 3649 2383 3706 minibus.
2433 3649 2572 3717 ista,
2629 3652 2878 3723 inquam,
2919 3657 3088 3726 gratia
3145 3658 3490 3728 praedicetur,
3529 3674 3720 3719 contra

2133 3740 2288 3796 istam
2309 3742 2529 3812 gratiam
2555 3743 2623 3798 ab
2644 3745 2862 3814 ingratis
2881 3762 2987 3801 non
3013 3748 3327 3818 disputetur.
3350 3751 3572 3809 Baculus
3595 3771 3722 3825 pro-

2134 3832 2381 3903 pheticus
2406 3843 2615 3890 mortuo
2644 3851 2748 3890 non
2773 3836 3011 3892 sull'ecit:
3034 3839 3145 3908 ipsa
3169 3851 3377 3896 mortua
3403 3853 3588 3899 natura
3608 3847 3723 3900 suf-

2135 3923 2355 3979 ﬁceret?
2385 3924 2454 3979 Et
2496 3925 2652 3980 istam
2681 3942 2783 3996 qua
2808 3929 3008 3983 conditi
3050 3946 3262 3997 sumus,
3289 3949 3586 4006 quanquam
3615 3936 3724 3993 hoc

2134 4016 2348 4070 nomine
2391 4017 2709 4086 appellatam
2751 4019 2969 4074 minime
3014 4020 3333 4092 legerimus,
3379 4033 3552 4081 tamen
3590 4029 3722 4098 quia

2132 4105 2296 4175 gratis
2337 4105 2454 4160 data
2501 4110 2864 4177 est,gratiam
2903 4110 3178 4166 fateamur.
3225 4114 3328 4169 Sed
3375 4117 3724 4175 ostendamus

2133 4195 2284 4249 vobis
2313 4197 2567 4264 majorem
2594 4213 2716 4254 esse
2736 4199 2890 4254 istan]
2911 4242 2926 4265 ,
2959 4217 3061 4270 qua
3089 4203 3363 4260 christiani
3391 4223 3572 4262 smnus
3596 4225 3610 4262 :
3636 4220 3725 4265 at-

2135 4285 2352 4340 tendite.
2381 4288 2679 4357 Antequam
2705 4289 2902 4344 conditi
2930 4306 3190 4360 essemus,
3224 4295 3357 4350 nihil
3383 4297 3510 4352 boni
3539 4315 3723 4354 mere-

2132 4376 2352 4441 bamur;
2401 4386 2458 4432 et
2497 4377 2618 4434 ideo
2661 4381 2850 4450 gratia,
2899 4397 3003 4452 qua
3051 4385 3250 4441 conditi
3288 4402 3476 4443 sumus
3504 4390 3544 4456 ⁸,
3589 4406 3723 4446 cuni

2135 4464 2260 4521 boni
2302 4466 2432 4521 nihil
2479 4483 2826 4525 mercremur.
2875 4472 2931 4527 Si
2973 4487 3101 4544 ergo
3146 4491 3334 4546 magna
3382 4488 3465 4534 est
3491 4483 3715 4551 gratia,

2136 4555 2349 4626 quando
2392 4556 2522 4612 nihil
2566 4557 2688 4612 boni
2737 4561 3103 4631 merebantur;
3143 4577 3339 4635 quanta
3382 4570 3551 4638 gratia
3593 4583 3722 4640 est,

2135 4649 2347 4721 quando
2379 4659 2579 4707 tantum
2616 4653 2742 4707 mali
2761 4653 3134 4711 morabamur?
3159 4658 3257 4725 Qui
3294 4661 3526 4716 nondum
3563 4675 3717 4728 erat,

2134 4741 2272 4798 bene
2287 4757 2390 4798 non
2403 4743 2733 4810 merebatur;
2754 4752 3001 4815 peccator
3013 4756 3067 4803 et
3085 4749 3224 4804 male
3245 4752 3563 4829 merebatur.
3584 4753 3722 4809 Νυιις

2133 4831 2259 4889 dum
2281 4842 2396 4889 erat
2409 4834 2497 4904 qui
2520 4832 2688 4890 factus
2701 4845 2802 4901 est,
2818 4837 3050 4894 nondum
3065 4850 3179 4894 erat
3195 4857 3210 4906 ;
3237 4842 3330 4898 sed
3356 4857 3457 4898 nec
3480 4846 3729 4901 ottende~

2135 4931 2235 4978 rat.
2260 4922 2502 4978 Nondum
2521 4935 2655 4988 erat,
2685 4935 2739 4980 et
2757 4925 2926 4982 factus
2941 4937 3021 4984 est
3040 4946 3053 4981 :
3072 4927 3310 4997 οσεηάἓι,
3327 4942 3381 4987 et
3409 4935 3588 4988 salvus
3612 4946 3731 4993 est.

2135 5014 2236 5082 Qui
2286 5013 2521 5072 nondum
2579 5025 2724 5085 erat,
2784 5019 2912 5073 nihil
2955 5020 3235 5091 sperabat;
3295 5021 3460 5079 lactus
3517 5035 3600 5080 est
3645 5027 3668 5058 ⁸
3709 5047 3728 5082 :

2201 5210 2217 5284 ξ
2243 5209 2358 5259 Bditi
2386 5224 2398 5258 :
2424 5219 2578 5282 auare
2599 5209 2721 5284 nihil
2735 5210 2955 5284 juveniet
2971 5213 2996 5265 .’
3023 5217 3219 5279 omisso,
3246 5232 3324 5271 me
3355 5218 3563 5281 occidat,
3587 5223 3735 5284 (mos!

2136 5283 2226 5336 nos
2249 5284 2311 5336 ex
2331 5273 2667 5336 tuauuscriptis
2687 5275 2966 5336 adjecimus.

2197 5335 2216 5363 ²
2237 5333 2309 5380 sic
2333 5339 2434 5380 Mss.
2460 5340 2514 5381 At
2538 5333 2674 5394 editi,
2687 5333 2824 5394 justo
2845 5335 3057 5389 debetur.

2133 5394 2219 5502 ui
2405 5394 2468 5444 ud
2504 5400 2614 5444 ων.
2637 5394 2844 5459 additur,
2855 5405 2914 5449 ‘ct
2927 5399 3171 5464 gratiam;
3203 5404 3329 5466 quod
3353 5405 3415 5454 ab
3438 5413 3541 5456 Mss.
3569 5415 3624 5458 et
3657 5410 3736 5461 ab

2195 5492 2207 5502 .
2232 5463 2387 5504 abest.

2198 5515 2215 5547 δ
2239 5523 2286 5564 tn
2312 5524 2431 5576 δέει,
2455 5517 2697 5569 nuntiatus
2715 5525 2805 5570 est.

2195 5579 2214 5610 δ
2238 5580 2310 5627 sic
2331 5585 2404 5627 Er.
2433 5586 2483 5648 et
2506 5580 2728 5652 plerique
2766 5588 2879 5652 Mss.
2901 5591 2954 5634 Αι
2992 5591 3123 5644 ιον..
3163 5586 3372 5652 gratiam
3407 5602 3504 5652 qua
3539 5592 3738 5645 rendus

2130 5652 2292 5688 sumus
2314 5647 2596 5716 accepimus.
2620 5647 2912 5695 Fossateusis
2927 5655 3023 5707 tls.,
3043 5647 3248 5710 gratiam
3264 5647 3494 5702 nauarent
3511 5655 3738 5716 τωρωι...

2131 5713 2235 5749 mus
2259 5715 2351 5764 qua
2374 5703 2552 5752 (auditi
2566 5717 2743 5754 sumus.

2196 5764 2214 5794 ⁶
2240 5765 2382 5824 L‘diti,
2407 5765 2560 5826 factus
2584 5765 2745 5828 lapsus
2777 5773 2862 5818 cst.
2902 5770 3060 5831 abest,
3095 5771 3272 5835 lapsus,
3298 5785 3325 5822 a
3347 5778 3602 5838 manuscri;
3622 5779 3712 5828 tis.
