3988 6190
372 293 481 349 I77

365 411 548 480 lapsus
575 413 750 459 autem
776 400 1168 456 damnationem
1199 396 1568 470 exspectabat,
1615 407 1666 451 et
1707 397 1958 453 liberatus

363 514 468 558 est.
523 499 647 554 lla‘c
687 506 768 552 cst
807 494 972 566 gratia
1014 508 1108 564 per
1142 490 1322 546 Jesum
1375 490 1644 546 Christmn
1677 489 1960 544 Dominum

365 603 631 647 nostrum.
661 587 779 658 Ipse
809 583 932 639 fecit
954 599 1069 647 nos,
1091 591 1144 636 et
1167 590 1449 651 antequam
1477 595 1717 636 essemus
1744 580 1962 634 omnino

365 685 482 755 ipse
512 681 639 737 fecit
661 693 790 742 nos;
817 684 869 732 et
907 675 1073 730 factos
1111 682 1166 728 et
1206 673 1384 743 lapsos
1413 671 1525 742 ipse
1552 678 1608 726 et
1630 669 1807 742 justos
1836 669 1963 726 fecit

367 789 490 838 nos,
521 779 572 825 et
597 785 703 825 non
727 767 825 836 ipsi
855 780 971 820 nos.

438 859 669 917 CAPUT
699 857 816 913 ΧΗ.
840 889 907 898 —
928 857 982 911 Si
1017 871 1119 927 qua
1156 854 1314 926 igitur
1335 853 1387 907 in
1415 852 1624 908 Christo
1649 865 1786 908 nova
1813 865 1964 906 crea-

371 966 510 1015 tura,
547 952 696 1022 lapsa
724 958 807 1003 est
827 958 999 1014 vetus,
1035 949 1166 1000 facta
1194 954 1275 1001 est
1300 959 1456 1000 nova.

444 1045 530 1099 15.
567 1041 746 1095 Massa
774 1037 1068 1108 perditionis
1088 1078 1104 1104 ,
1135 1035 1270 1090 unde
1289 1035 1430 1090 electi
1457 1049 1646 1088 sumus.
1678 1032 1872 1086 Electio
1900 1049 1964 1086 ea:

372 1131 672 1203 perditionis
713 1146 882 1183 massa
927 1124 1302 1194 investigabilis.
1334 1123 1449 1179 Una
1477 1130 1594 1178 erat
1635 1137 1807 1177 massa
1842 1137 1964 1192 per-

367 1225 591 1279 ditionis
617 1237 681 1278 cx
711 1220 900 1284 Adam,
933 1217 1016 1272 cui
1045 1216 1255 1271 nonnisi
1285 1214 1600 1284 supplicium
1628 1213 1957 1268 debebatur:

368 1316 506 1369 facta
552 1322 673 1369 sunt
716 1325 840 1364 vasa
884 1309 1008 1364 inde
1054 1308 1104 1361 in
1152 1306 1408 1360 honorem
1444 1319 1510 1359 ex
1548 1303 1732 1358 eadem
1764 1316 1958 1356 massa.

373 1406 545 1460 "abet
570 1405 706 1460 enim
737 1411 1031 1472 potestatem
1071 1398 1257 1469 ﬁgulus
1293 1396 1412 1462 luti,
1457 1411 1519 1449 ea:
1559 1395 1734 1448 eadem
1771 1409 1958 1448 massa.

367 1503 489 1568 Qua
521 1497 726 1552 massa?
751 1495 906 1550 Certe
929 1493 1038 1562 jam
1063 1489 1328 1561 perierat,
1357 1495 1505 1543 certe
1529 1487 1638 1556 jam
1668 1485 1742 1539 illi
1773 1499 1963 1539 massae

361 1594 509 1663 justi
531 1588 802 1645 damnatio
829 1585 1138 1640 debebatur.
1158 1580 1456 1644 Gratulare,
1482 1579 1600 1648 quia
1629 1587 1682 1632 tu
1705 1575 1918 1632 evasisti
1945 1594 1958 1629 :

366 1693 604 1738 mortem
631 1680 823 1750 quippe
863 1675 1092 1729 debitam
1129 1671 1374 1736 evasisti,
1407 1680 1460 1724 et
1503 1669 1666 1722 vitam
1709 1685 1813 1722 non
1862 1667 1961 1721 de-

367 1775 544 1829 bitam
599 1769 860 1840 reperisti.
923 1765 1088 1820 liabet
1144 1771 1436 1834 potestatem
1486 1761 1674 1831 ﬁgulus
1726 1759 1852 1823 luti,
1900 1774 1966 1812 ea:

364 1865 550 1920 eadem
605 1877 770 1914 massa
825 1863 991 1929 facere
1040 1855 1182 1909 aliud
1225 1852 1426 1921 quidem
1472 1867 1557 1904 ras
1594 1851 1646 1903 in
1702 1849 1957 1913 honorem,

365 1954 515 2007 aliud
560 1955 611 2005 in
668 1949 1040 2004 contumeliam.
1089 1943 1197 2001 Sed
1272 1942 1427 2006 dicis,
1478 1941 1559 1995 Me
1623 1954 1788 2010 quare
1839 1939 1964 1994 fecit

367 2048 422 2100 in
458 2044 746 2106 honorem,
778 2049 832 2094 et
858 2038 1016 2092 alium
1046 2037 1096 2090 in
1120 2032 1532 2091 contumeliam?
1559 2030 1696 2099 Quid
1736 2044 1963 2099 resron-

365 2151 532 2190 surus
560 2133 718 2188 sum?
739 2131 1029 2186 Auditurus
1049 2142 1108 2183 es
1137 2124 1510 2196 Augustinum,
1531 2122 1619 2192 qui
1645 2136 1749 2176 non
1771 2120 1964 2175 audisti

368 2227 688 2298 Apostolum
716 2224 978 2279 dicentem
997 2263 1010 2287 ,
1047 2220 1091 2274 0
1121 2219 1300 2283 homo,
1331 2226 1385 2271 tu
1411 2215 1526 2287 quis
1550 2232 1602 2269 es
1623 2215 1710 2285 qui
1750 2230 1962 2285 respon-

366 2317 493 2370 deas
521 2315 629 2368 Deo
661 2314 834 2388 (Rom.
867 2329 920 2367 Ix
943 2354 955 2376 ,
985 2311 1076 2375 2|,
1108 2308 1243 2381 20)?
1270 2308 1385 2363 Duo
1426 2306 1627 2376 parvuli
1655 2305 1759 2359 nati
1790 2313 1959 2359 sunt':

368 2410 415 2462 si
444 2407 687 2462 debitum
709 2419 938 2475 quzeras,
956 2401 1112 2456 ambo
1137 2409 1318 2455 tenent
1338 2413 1568 2452 massam
1595 2396 1903 2466 perditionis
1921 2397 1960 2450 ¹.

367 2501 475 2556 Sed
505 2515 606 2554 cur
633 2506 803 2553 mater
822 2497 982 2550 alium
1017 2503 1191 2564 portat
1215 2493 1280 2547 ad
1311 2491 1566 2562 gratiam,
1594 2489 1756 2544 alium
1795 2495 1965 2543 mater

369 2591 649 2646 dormiens
672 2586 932 2642 sull‘ocat?
973 2585 1214 2640 Dicturus
1241 2599 1301 2637 es
1327 2581 1453 2636 mihi
1481 2580 1606 2662 quid
1647 2579 1734 2634 ille
1771 2579 1966 2633 meruit

367 2684 462 2753 qui
497 2689 738 2752 portatur
774 2677 840 2732 ad
863 2673 1249 2747 gratiam,quid
1281 2673 1366 2728 ille
1399 2671 1589 2726 meruit
1609 2684 1768 2740 quem
1795 2677 1966 2723 mater

366 2772 694 2831 dormienda
713 2770 970 2827 sut't‘ocat?
991 2768 1162 2824 Ambo
1188 2765 1320 2820 nihil
1349 2765 1471 2819 boni
1500 2769 1809 2818 meruerunt
1832 2777 1846 2814 :
1869 2760 1964 2816 sed

367 2867 522 2920 habet
550 2865 736 2936 figulus
779 2863 872 2917 luti
908 2867 1236 2932 potestatem,
1278 2872 1342 2910 ex
1385 2855 1559 2908 cadent
1597 2869 1764 2907 massa
1802 2852 1967 2922 facere

362 2957 520 3012 aliud
549 2973 634 3008 vas
662 2955 712 3009 in
744 2953 1002 3012 honorem,
1027 2949 1170 3003 aliud
1195 2949 1246 3001 in
1277 2946 1652 3000 contumeliam.
1681 2943 1961 3013 Disputare

369 3053 457 3104 vis
488 3048 736 3102 mecum?
761 3047 871 3100 lmo
901 3044 1094 3096 mirare
1125 3054 1364 3102 mecum,
1391 3045 1445 3092 et
1470 3036 1703 3090 exclama
1734 3047 1962 3098 mecum,

373 3141 423 3196 Ο
471 3139 688 3194 altitudo
731 3134 1057 3190 divitiarum!
1100 3131 1271 3187 Ambo
1311 3141 1762 3199 expavescamus,
1809 3125 1966 3181 ambo

370 3235 691 3295 clamemus,
717 3227 762 3283 0
783 3227 998 3283 altitudo
1020 3222 1344 3278 divitiarum!
1365 3221 1532 3276 Ambo
1556 3221 1606 3274 in
1630 3233 1824 3290 pavore
1843 3233 1966 3273 con.

366 3323 678 3386 cordemus,
705 3335 772 3375 ne
798 3321 850 3372 in
867 3332 1050 3372 errore
1071 3327 1368 3384 pereamus.
1389 3311 1433 3366 Ο
1447 3310 1660 3364 altitudo
1677 3309 1967 3363 divitiarum

363 3413 636 3481 sapientia:
658 3421 702 3465 et
727 3412 943 3466 scicntia:
972 3407 1090 3462 Dei!
1102 3421 1249 3476 quant
1266 3402 1612 3458 inscrutabilia
1639 3412 1754 3456 sunt
1775 3400 1966 3468 iudicia

359 3509 504 3576 ejus,
519 3515 564 3559 et
587 3501 950 3573 investigabilcs
971 3500 1061 3554 via:
1072 3500 1176 3569 ejus
1191 3498 1212 3552 !
1227 3497 1474 3552 Scrutare
1488 3493 1866 3556 inscrutabilia,
1883 3492 1965 3548 lac

365 3593 744 3664 impossibilia,
762 3605 1043 3660 corrumpe
1071 3587 1509 3658 incorruptibilia,
1529 3585 1960 3640 videinvisibilia.

437 3683 667 3740 CAPUT
697 3681 922 3736 Xlll.—
945 3681 1029 3735 Η.
1069 3678 1248 3734 Gratia
1288 3677 1510 3732 excludit
1549 3692 1696 3730 omne
1733 3677 1963 3731 meritum

366 3776 674 3848 praecedens.
700 3804 769 3830 -—,
790 3770 1149 3827 Inscrutabilia
1177 3777 1301 3824 sunt
1319 3767 1521 3839 judicia
1563 3769 1671 3836 ejus
1690 3808 1704 3831 ,
1737 3767 1959 3833 audisti,

367 3865 602 3920 sufﬁciat
625 3865 713 3918 tibi
741 3882 753 3918 :
781 3873 826 3917 et
853 3861 1216 3932 investigabiles
1244 3860 1338 3912 uia:
1367 3860 1497 3930 ejus.
1544 3857 1669 3924 Quis
1709 3857 1842 3910 enim
1878 3873 1962 3910 co-

367 3959 544 4030 gnos-it
577 3973 777 4010 sensum
816 3953 1058 4008 Domini?
1080 3960 1168 4007 aut
1195 3952 1307 4022 quis
1333 3949 1654 4004 consiliarius
1681 3949 1791 4020 ejus
1820 3950 1918 4019 fuit
1935 3949 1962 4003 2

365 4062 458 4106 aut
487 4050 598 4122 quis
625 4051 763 4121 prior
799 4048 936 4101 dedit
975 4047 1081 4111 illi,
1126 4055 1172 4099 et
1217 4044 1516 4099 retribuetur
1540 4041 1625 4096 ei?
1657 4040 1789 4112 Quis
1816 4042 1962 4111 prior

365 4141 538 4206 dedit,
565 4157 686 4196 cum
714 4149 878 4195 totum
907 4138 1072 4209 gratis
1099 4135 1343 4206 accepit?
1368 4135 1492 4205 Quis
1517 4135 1658 4205 prior
1684 4134 1820 4188 dedit
1847 4133 1926 4187 illi
1941 4173 1958 4197 ,

365 4246 415 4290 et
444 4232 743 4288 retribuetur
786 4232 868 4286 ei?
902 4231 958 4286 Si
1005 4230 1258 4286 Dominus
1285 4227 1580 4284 retribuere
1605 4227 1796 4291 vellet,
1827 4225 1958 4279 nihil

368 4327 473 4381 nisi
501 4340 708 4395 poenam
737 4322 968 4380 debitam
1016 4321 1367 4376 retribuisset.
1399 4317 1538 4374 Nihil
1585 4316 1874 4381 dederunt,
1902 4324 1958 4372 ut

375 4420 458 4474 eis
483 4417 891 4473 retribuerctur.
919 4415 1021 4470 Pro
1056 4413 1223 4471 nihilo
1253 4413 1431 4468 salvos
1458 4411 1614 4465 faciet
1637 4410 1754 4466 illos
1780 4408 1953 4482 (Psal.

370 4528 460 4576 tv,
495 4512 571 4583 8).
603 4511 726 4577 Quis
754 4508 892 4578 prior
919 4507 1054 4561 dedit
1084 4506 1181 4568 illi,
1207 4504 1358 4576 quasi
1393 4518 1611 4558 suorum
1641 4503 1813 4573 gratia
1838 4515 1956 4556 me-

369 4605 632 4658 riturum?
663 4602 788 4669 Quis
824 4601 964 4672 prior
988 4598 1127 4653 dedit
1146 4599 1246 4665 illi,
1273 4596 1393 4667 quis
1421 4595 1680 4667 prtevenit
1706 4595 1955 4666 gratiam,

365 4711 488 4764 quae
517 4695 682 4764 gratis
706 4693 894 4749 datur?
917 4691 970 4746 Si
997 4689 1195 4760 aliquid
1217 4689 1526 4746 meritorum
1548 4685 1818 4743 antevenit
1839 4701 1960 4757 gra-

368 4787 520 4849 tiam,
537 4786 644 4854 jam
677 4799 778 4838 ηομ
799 4783 963 4853 gratis
990 4782 1166 4848 datur,
1200 4779 1292 4835 sed
1322 4795 1386 4835 ex
1409 4778 1590 4833 debito
1619 4778 1875 4833 redditur.
1900 4779 1955 4834 Si

368 4885 550 4932 autem
583 4875 746 4944 gratis
785 4890 889 4926 non
934 4872 1108 4938 datur,
1135 4871 1302 4941 gratia
1332 4885 1498 4942 quare
1532 4868 1789 4924 vocatur?
1831 4869 1957 4936 Quis

369 4982 500 5036 ergo
530 4967 670 5035 prior
708 4947 845 5018 dedit
884 4963 995 5030 illi,
1041 4972 1087 5015 et
1129 4962 1427 5016 retribuetur
1469 4961 1557 5018 ei?
1599 4960 1850 5027 Quoniam
1895 4978 1958 5016 ex

367 5060 500 5128 ipsa,
523 5067 572 5110 et
598 5073 688 5127 per
711 5057 899 5126 ipsum,
932 5066 978 5113 et
1004 5056 1056 5108 in
1083 5055 1192 5126 ipso
1212 5063 1328 5110 sunt
1347 5054 1518 5110 omnia
1548 5053 1722 5125 (Rom.
1750 5071 1802 5109 χι
1823 5095 1838 5122 ,
1863 5056 1952 5121 55,

365 5149 483 5216 56).
508 5148 637 5213 Quze
661 5147 867 5216 utique,
886 5145 986 5200 nisi
1011 5145 1188 5200 omnia
1234 5145 1378 5201 bona
1415 5160 1536 5215 quae
1573 5146 1642 5200 ab
1684 5145 1775 5201 illo
1803 5161 1958 5203 acce-

369 5239 564 5306 pimus,
589 5247 642 5291 et
669 5237 969 5307 accepimus
998 5245 1057 5291 ut
1083 5235 1208 5293 boni
1239 5235 1404 5291 simus
1433 5235 1490 5288 ’2
1520 5233 1679 5291 Omne
1703 5238 1844 5292 enim
1862 5238 1959 5292 da-

365 5341 471 5384 tum
502 5331 765 5397 optimum.
794 5340 840 5384 et
866 5345 1012 5383 onme
1034 5329 1223 5382 donum
1253 5327 1527 5399 perfectum
1555 5328 1820 5384 desursum
1847 5339 1952 5397 est,

364 5421 669 5476 descendens
693 5439 724 5473 η
750 5418 902 5474 Patre
930 5419 1192 5494 luminum,
1211 5421 1349 5489 apud
1373 5436 1516 5490 quem
1546 5437 1647 5474 non
1674 5431 1747 5475 est
1773 5421 1958 5476 immu-

367 5514 513 5565 tatio.
561 5511 690 5565 Nam
735 5519 788 5565 tu
833 5512 884 5565 in
931 5511 1083 5580 pejus
1122 5520 1356 5566 mutatus
1381 5527 1439 5567 es
1466 5512 1642 5582 :apud
1666 5528 1814 5584 quem
1857 5530 1956 5566 non

432 5649 446 5679 ι
477 5652 524 5693 ta
550 5642 670 5692 Heri
691 5643 996 5700 collectione,
1023 5640 1192 5708 ambos
1207 5647 1330 5708 tenet
1354 5655 1514 5708 massa
1533 5640 1828 5708 perditionis.

429 5709 450 5740 ³
477 5709 772 5757 t-‘tasatcnsis
794 5713 894 5766 tus,
921 5711 966 5754 ct
983 5703 1108 5767 quod
1133 5703 1401 5768 accepimus
1426 5711 1476 5756 ut
1498 5701 1605 5755 boni
1618 5703 1784 5756 simus.

1797 281 2025 339 SERMO
2063 283 2275 341 XXVII.

3555 289 3696 346 178*?-

2071 408 2142 453 est
2172 401 2473 467 immutatio,
2504 401 2618 473 ipse
2643 402 2908 460 subvenit.
2942 401 3280 475 Apud‘quem
3307 417 3411 458 non
3438 410 3541 468 est,
3567 419 3660 457 nec

2068 492 2306 544 momenti
2346 490 2660 548 obumbratio
2695 492 2910 565 (Jacobi
2939 511 2991 560 ι,
3035 493 3122 564 l'i)
3149 512 3161 548 :
3186 509 3310 548 nam
3337 502 3393 549 tu
3421 491 3474 548 lo
3505 500 3669 548 tene-

2066 581 2176 636 bris
2204 583 2374 638 noctis
2407 591 2511 639 tua:
2534 584 2706 654 iaces.
2738 586 2819 642 Ab
2860 586 2951 642 illo
2989 601 3117 657 ergo
3154 585 3371 641 omnia:
3399 599 3558 642 nemo
3581 584 3662 640 illi

2067 673 2213 742 prior
2239 674 2437 743 aliquid
2473 675 2637 740 dedit,
2668 691 2825 731 nemo
2851 676 3029 748 exigat
3053 676 3313 732 debitum.
3336 674 3512 730 Gratia
3531 674 3682 730 salvi.

2067 762 2190 832 facti
2208 765 2328 818 estis
2354 781 2446 836 per
2471 767 2640 836 fidem,
2669 776 2716 821 et
2745 766 2842 821 ltoc
2861 783 2961 821 non
2988 783 3050 822 ea:
3068 767 3226 836 vobis,
3253 767 3340 822 sed
3360 765 3455 820 Dei
3469 765 3662 822 donum

2066 863 2138 909 est
2166 853 2378 927 (Ephes.
2405 873 2463 923 ιι,
2489 857 2567 930 8).

2135 947 2360 1005 CAPUT
2400 949 2534 1006 XIV.
2562 980 2636 990 ——
2662 951 2748 1006 i5.
2783 949 2930 1006 Nihil
2978 951 3120 1006 nobis
3151 951 3515 1023 arrogandum.
3547 950 3664 1006 Sed

2067 1047 2244 1095 movet
2292 1055 2398 1106 me,
2442 1041 2634 1112 inquis,
2673 1043 2813 1114 quod
2851 1043 2939 1098 ille
2983 1043 3140 1113 perit,
3178 1043 3268 1098 ille
3315 1041 3653 1112 baptizatur:

2067 1141 2244 1187 movet
2281 1148 2368 1189 me
2392 1177 2407 1202 ,
2438 1142 2616 1190 movet
2643 1144 2892 1205 tauquam
2937 1135 3228 1191 hominem.
3268 1133 3326 1190 Si
3363 1149 3548 1190 verum
3576 1133 3658 1188 vis

2066 1223 2270 1288 audire,
2317 1233 2371 1278 et
2419 1240 2505 1280 me
2543 1234 2721 1281 movet
2765 1227 2886 1296 quia
2929 1227 3090 1281 homo
3118 1241 3259 1282 sum.
3306 1225 3413 1282 Sed
3439 1226 3484 1280 si
3507 1234 3563 1280 et
3600 1233 3658 1279 tu

2067 1312 2261 1379 homo,
2309 1324 2360 1370 et
2395 1331 2496 1387 ego
2539 1316 2916 1382 homo;ambo
2962 1319 3240 1373 audiamus
3282 1316 3578 1380 dicentem,
3611 1315 3657 1369 υ

2067 1405 2249 1459 homo!
2273 1405 2465 1477 Utique
2489 1408 2533 1463 si
2565 1407 2683 1463 ideo
2709 1424 3005 1473 movemur,
3034 1408 3158 1479 quia
3181 1408 3426 1464 homines
3445 1422 3661 1470 sumus,

2068 1494 2236 1563 ipsam
2257 1505 2498 1551 naturam
2536 1498 2820 1553 humanam
2862 1498 3126 1553 infirmam
3152 1513 3216 1553 ac
3255 1497 3654 1566 debilem.Apo—

2067 1585 2234 1639 stolus
2265 1586 2568 1657 alloquitur,
2603 1589 2786 1646 dicens
2818 1608 2830 1642 :
2859 1590 2903 1644 0
2929 1589 3106 1656 homo,
3135 1599 3189 1644 tu
3215 1589 3327 1661 quis
3366 1605 3417 1643 es
3441 1589 3526 1659 qui
3571 1605 3658 1641 ταν

2067 1677 2316 1742 spondeas
2336 1677 2477 1732 Deo?
2498 1677 2763 1749 Numquid
2775 1681 2902 1734 dicit
2930 1680 3223 1752 figmentum
3244 1681 3290 1735 ei
3309 1681 3395 1749 qui
3417 1696 3470 1733 se
3485 1679 3658 1747 ﬁnxit,

2067 1765 2170 1820 Cur
2194 1785 2270 1821 mc.
2294 1769 2367 1822 sic
2388 1771 2550 1841 fecisti
2576 1770 2752 1841 (Rom:
2770 1788 2842 1838 ts,
2871 1769 2962 1844 20)
2986 1772 3079 1827 ‘lSi
3097 1779 3279 1841 posset
3302 1771 3442 1842 loqui
3470 1785 3659 1842 pecus,

2067 1868 2120 1912 et
2149 1859 2327 1915 dicere
2359 1862 2466 1916 Deo
2487 1905 2501 1929 ,
2530 1863 2705 1930 Quare
2749 1864 2908 1918 istum
2952 1863 3223 1918 hominem
3254 1863 3423 1921 iecisti
3446 1905 3462 1930 ,
3489 1872 3546 1918 ct
3569 1879 3660 1922 me

2067 1949 2368 2018 pecudem?
2394 1966 2594 2008 nonne
2617 1953 2760 2023 justo
2791 1968 3136 2010 succenseres
3159 1962 3214 2008 et
3237 1952 3464 2017 diceres.
3489 1951 3534 2008 Ο
3559 1969 3655 2023 ρετ

2065 2055 2180 2099 cus.
2200 2049 2253 2094 tu
2279 2044 2395 2112 quis
2411 2060 2468 2099 es
2489 2044 2923 2115 qui‘respondeas
2943 2045 3086 2100 Deo?
3106 2045 3174 2099 Et
3199 2053 3251 2098 tu
3274 2044 3435 2100 homo
3462 2058 3542 2111 es,
3560 2044 3655 2099 sed

2073 2133 2137 2187 ad
2161 2134 2326 2188 Deum
2356 2151 2516 2206 pecus
2537 2153 2595 2192 es
2622 2156 2635 2192 :
2654 2146 2708 2193 et
2725 2139 2924 2192 utinam
2940 2138 3014 2192 sis
3040 2151 3201 2207 pecus
3215 2138 3398 2206 ejuset
3419 2138 3534 2192 ovis
3561 2152 3655 2208 pag

2067 2239 2208 2280 seua:
2226 2227 2340 2297 ejus
2364 2230 2377 2283 !
2411 2231 2649 2300 Agnosco
2670 2231 2923 2286 beneﬁcia
2942 2232 3188 2300 pastoris,
3216 2241 3269 2286 et
3293 2247 3398 2286 non
3419 2233 3658 2302 sequeris

2069 2314 2220 2386 lupos
2246 2319 2464 2373 erroris.
2493 2319 2623 2389 Lupi
2651 2335 2865 2376 eramus
2894 2339 2906 2375 :
2942 2320 3155 2376 Fuimus
3180 2332 3227 2376 et
3249 2338 3342 2377 nos
3356 2331 3537 2376 natura
3563 2322 3658 2392 filii

2067 2407 2176 2468 ircc,
2195 2407 2322 2460 sicut
2345 2417 2390 2462 et
2414 2411 2580 2464 cwteri
2603 2410 2815 2481 (Epltes.
2849 2428 2902 2475 ιι,
2933 2413 2992 2482 '5)
3016 2428 3030 2466 :
3063 2413 3156 2467 sed
3178 2419 3385 2468 mortua
3411 2421 3494 2468 est
3517 2412 3654 2476 ovis,

2068 2504 2122 2550 et
2144 2495 2264 2551 fecit
2277 2513 2374 2552 nos
2387 2514 2532 2553 oves.
2552 2499 2680 2554 Ecce
2694 2500 2867 2573 Agnus
2886 2500 2998 2567 Dei,
3013 2502 3219 2572 eccequi
3231 2501 3363 2556 tollit
3375 2511 3657 2574 peccatum,

2069 2602 2174 2641 non
2205 2587 2364 2658 hujus
2400 2600 2491 2644 aut
2539 2590 2680 2646 illius
2705 2634 2718 2656 ,
2745 2592 2839 2647 sed
2883 2593 3062 2646 mundi
3107 2591 3285 2664 (Joan.
3315 2594 3489 2663 1,.29).
3516 2593 3654 2648 Nihil

2067 2692 2196 2748 ergo
2220 2678 2396 2746 nobis,
2429 2679 2623 2737 fratres
2651 2682 2775 2745 mei,
2799 2697 2865 2738 ex
2895 2698 2961 2738 eo
2989 2683 3130 2752 quod
3153 2683 3360 2755 aliquid
3377 2686 3656 2748 sumus,.si

2071 2769 2342 2824 tamen'iu
2383 2771 2498 2840 ejus
2535 2772 2638 2828 lide
2680 2772 2878 2844 aliquid
2922 2789 3140 2840 sumus,
3171 2784 3658 2846 quantumcumque

2069 2874 2275 2925 sumus,
2303 2860 2436 2917 nihil
2465 2863 2619 2920 nobis
2640 2880 2990 2935 arrogemus;
3024 2881 3092 2922 ne
3121 2866 3335 2937 etquod
3355 2869 3659 2936 accepimus

2074 2951 2399 3022 perdamus:
2441 2955 2552 3011 sed2
2575 2955 2626 3010 in
2662 2956 2888 3026 eoquod
2928 2959 3266 3028 accepimus,
3309 2958 3384 3014 illi
3409 2959 3655 3029 .gloriam

2069 3040 2276 3107 demus,
2309 3045 2478 3114 ipsum
2507 3045 2847 3112 honoremus,
2875 3049 3076 3103 semina
3097 3065 3192 3104 sua
3219 3049 3333 3120 ipse
3361 3051 3651 3119 compluat.

2069 3131 2206 3198 Quid
2230 3134 2459 3191 haberet
2491 3146 2628 3192 terra
2660 3148 2871 3206 nostra,
2902 3141 3004 3194 nisi
3031 3140 3522 3210 ipsc-seminasset?
3544 3143 3654 3198 Sed

2069 3222 2159 3277 dat
2188 3233 2240 3279 et
2265 3227 2512 3296 pluviam,
2543 3242 2649 3283 non
2675 3229 2874 3286 deserit
2900 3231 3042 3302 quod
3072 3233 3371 3288 seminavit.
3405 3233 3656 3288 Dominus

2070 3313 2207 3367 dabit
2240 3316 2556 3384 suavitatem,
2581 3327 2627 3373 et
2666 3327 2799 3373 terra
2841 3332 3011 3374 nostra
3051 3321 3189 3375 dabit
3247 3327 3465 3392 fructum
3507 3340 3654 3377 suum

2071 3403 2242 3475 (Psal.
2269 3423 2487 3476 Lxxxtv,
2519 3408 2630 3480 43).
2653 3409 2907 3465 Conversi
2938 3411 3002 3467 ad
3031 3412 3334 3474 Dominum.
3367 3421 3472 3469 ctc.

2517 3501 2744 3557 sermo
2797 3502 2989 3558 xxvu
3035 3509 3052 3528 ’
3103 3503 3201 3575 (η).

2068 3587 2149 3644 De
2198 3591 2343 3645 titulo
2381 3600 2429 3644 et
2484 3593 2736 3662 prioribus
2781 3595 3041 3650 uersiculis
3079 3594 3277 3650 Psalmi
3310 3612 3410 3651 xcv
3447 3611 3466 3650 :
3505 3607 3549 3650 et
3591 3599 3655 3652 de

2139 3682 2298 3737 verbis
2318 3683 2548 3753 Apostoli
2576 3685 2644 3738 ad
2684 3686 2831 3740 Rom.
2856 3703 2938 3752 ts,
2968 3687 3258 3744 Miserebor
3289 3690 3372 3744 cui
3403 3690 3652 3746 misertus

2139 3771 2307 3836 lucro,
2336 3781 2428 3826 etc.
2461 3772 2647 3828 Contra
2667 3773 2973 3845 Pelagianos
3003 3775 3100 3849 (ι).

2137 3863 2361 3919 CAPUT
2421 3864 2704 3921 PRIMUM.
2753 3897 2825 3906 —
2870 3869 2920 3923 l.
2965 3868 3158 3923 Domus
3206 3868 3322 3935 Dei,
3371 3887 3484 3939 qua
3520 3889 3652 3926 nunc

2065 3954 2370 4023 aediﬁcatur.
2421 3955 2700 4023 Quomodo
2748 3957 2908 4028 janua
2963 3958 3247 4014 introducit
3300 3960 3352 4015 in
3395 3961 3648 4027 domum,

2065 4047 2143 4101 sic
2192 4046 2372 4102 titulus
2413 4047 2609 4103 Psalmi
2661 4049 2948 4104 introducit
2997 4049 3048 4104 in
3102 4050 3445 4107 intellectum.
3504 4053 3650 4108 Praxo

2067 4145 2281 4190 notatur
2315 4137 2455 4191 enim
2499 4137 2577 4191 sic
2609 4154 2624 4192 :
2658 4136 2875 4202 Quando
2929 4139 3108 4194 domus
3151 4141 3498 4209 ludificabatur
3539 4154 3650 4213 post

2064 4227 2421 4298 captivitatem.
2465 4228 2673 4295 Quasi-is
2718 4245 2837 4298 quze
2890 4228 3101 4298 domus,
3153 4232 3352 4288 indicat
3401 4235 3494 4289 tibi
3534 4235 3647 4304 jam

2063 4317 2308 4372 Psalmus
2355 4336 2370 4372 :
2415 4317 2626 4374 Catttate
2665 4319 2885 4375 Domino
2922 4324 3174 4378 canticum
3211 4342 3428 4391 nouum;
3453 4338 3652 4383 cantate

2065 4407 2303 4475 Domino,
2327 4409 2492 4463 omnis
2528 4418 2681 4464 terra.
2726 4410 2868 4467 Ecce
2893 4429 3010 4483 qum
3038 4414 3250 4471 domus.
3279 4417 3504 4484 Quando
3531 4435 3648 4476 om-

2064 4501 2147 4557 nis
2174 4510 2311 4556 terra
2332 4510 2516 4557 cantat
2534 4503 2798 4558 canticum
2822 4521 3039 4572 novum,
3070 4507 3258 4564 domus
3280 4511 3372 4566 Dei
3392 4518 3493 4566 est.
3517 4511 3652 4568 Can-

2066 4590 2228 4645 tando
2253 4591 2547 4646 :edillcatur
2564 4633 2579 4657 ,
2607 4592 2876 4649 credendo
2907 4594 3173 4664 fundatur,
3203 4601 3468 4669 sperando
3490 4602 3649 4672 erigi—

2063 4691 2168 4748 tur,
2199 4682 2466 4754 diligendo
2505 4683 2796 4754 perﬁcitur.
2837 4685 2991 4742 Modo
3017 4703 3143 4758 ergo
3187 4690 3519 4746 aediﬁcatur:
3551 4693 3646 4748 sed

2062 4775 2118 4830 in
2140 4775 2245 4833 line
2273 4777 2451 4831 sreculi
2478 4776 2778 4833 dedicatur.
2807 4778 3138 4836 Concurrant
3155 4798 3284 4853 ergo
3313 4784 3516 4854 lapides
3543 4787 3649 4845 vivi

2061 4867 2128 4922 ad
2154 4869 2418 4923 canticum
2437 4883 2650 4931 novum.
2673 4880 2994 4926 concurrant
3021 4881 3075 4926 et
3092 4883 3405 4944 coaptentur
3421 4876 3470 4928 in
3499 4885 3644 4931 stru—

2061 4968 2266 5013 cturam
2308 4956 2490 5028 templi
2521 4958 2614 5013 Dei
2641 4977 2654 5014 :
2681 4971 2972 5031 agnoscant
2993 4962 3358 5030 Salvatorem,
3387 4966 3650 5038 recipiant

2061 5047 2432 5104 habitatorem.

2131 5137 2186 5191 2.
2253 5135 2530 5208 Captivitas
2551 5179 2567 5204 ,
2629 5137 2693 5194 de
2737 5157 2838 5208 qua
2894 5158 2983 5209 per
3039 5141 3295 5198 Christum
3351 5146 3631 5202 liberamur.

2061 5228 2273 5284 Dictum
2318 5237 2402 5284 est
2441 5243 2560 5299 quae
2603 5227 2830 5285 domus:
2873 5231 3154 5288 dicendum
3195 5246 3277 5290 est
3324 5245 3442 5306 post
3483 5253 3643 5308 quam

2067 5319 2444 5390 captivitatem.
2489 5319 2555 5374 Et
2591 5319 2695 5376 hoc
2739 5321 2831 5377 tibi
2872 5322 3073 5379 indicat
3107 5325 3384 5391 Psnlmus;
3421 5345 3646 5398 sequere

2065 5411 2371 5482 paululum:
2401 5409 2614 5468 Cantate
2641 5411 2858 5469 Domino
2896 5416 3146 5469 canticum
3184 5434 3404 5483 nouum;
3447 5429 3645 5475 cantate

2128 5523 2143 5541 ‘
2170 5523 2436 5585 Castigatus
2460 5529 2535 5595 e_st
2560 5522 2617 5572 ad
2641 5537 2813 5595 omnes
2833 5526 3025 5595 poeticos
3046 5527 3154 5587 seri;
3175 5534 3249 5577 tos
3265 5535 3316 5578 et
3340 5542 3547 5581 excuses
3566 5535 3654 5595 qui

2064 5586 2113 5634 in
2136 5597 2364 5650 sermone
2388 5585 2530 5650 modo
2550 5586 2844 5650 pyecedentj
2867 5585 3202 5650 designantur.

2149 5647 2200 5705 (ι)
2225 5645 2446 5700 Alias,de
2461 5645 2626 5694 verbis
2650 5653 2679 5693 A
2745 5645 2854 5696 stoli
2874 5647 2949 5696 20.

2127 5645 2199 5768 ξιτ)
2221 5707 2395 5756 citatus
2418 5708 2464 5755 in
2489 5705 2605 5756 t‘lori
2629 5660 2916 5758 coflgclione
2939 5725 2949 5759 :

2151 5706 2199 5769 ιτ)
2221 5707 2395 5756 citatus
2418 5708 2464 5755 in
2489 5705 2605 5756 t‘lori
2629 5705 2916 5758 collectione
2939 5710 2998 5760 ad
3024 5717 3149 5762 nom.
3177 5727 3224 5763 ιχ
3252 5721 3301 5764 et
3319 5714 3465 5766 Galat.
3491 5731 3554 5766 vt.
