4024 6202
434 269 545 324 178

424 398 651 457 iisetiam
680 396 843 451 omnis
862 404 1013 450 terra.
1052 392 1265 446 (Σκιρῖται
1296 388 1522 444 ﬂemina
1540 385 1859 453 ,‘bcnedicite
1892 402 1987 439 no-

411 496 526 546 vim
550 488 692 561 ἤθη,
718 486 854 543 ‘bene
888 485 1129 540 nuntiate
1162 483 1224 535 de
1249 484 1342 536 die
1369 482 1420 534 in
1457 478 1591 535 diem
1616 478 1841 534 sahttare
1859 479 1986 550 ejus.

412 583 723 639 hmhittiute
748 581 1062 649 intagrum
1099 573 1351 630 mirabilia
1380 573 1519 642 ejus,
1553 572 1606 625 in
1646 570 1879 639 omnibus
1900 585 1992 640 po-

412 676 547 747 pulis
566 664 778 744 gloriain
805 671 931 739 ejus.
950 666 1215 734 *Qutmiam
1251 678 1421 718 unus
1441 662 1513 719 dii
1548 660 1777 732 gentium
1799 658 1992 713 damo-

412 768 517 820 nia.
532 765 686 819 ‘Ecc’c
702 762 800 816 sub
817 771 1045 830 quorum
1071 755 1382 825 captivitate
1411 751 1610 807 latebat
1632 749 1844 805 dooms.

482 855 708 913 CAPUT
745 854 810 909 ll.
839 884 911 895 -—-
939 852 1017 907 Ex
1039 849 1207 920 prima
1249 846 1392 901 enim
1436 841 1989 914 trangressionetpri-

412 946 484 1007 ini
502 934 746 1003 hominis
766 987 781 1013 ,
804 940 1107 999 universum
1145 944 1314 1009 genus
1343 935 1628 991 humanum
1646 940 1842 987 'natum
1869 945 1990 985 cum

411 1038 734 1109 obligatione
755 1030 972 1106 peccati
995 1073 1012 1101 ,
1058 1031 1228 1085 victor
1268 1026 1513 1083 diabolus
1553 1022 1878 1096 possidebat.
1932 1022 1991 1077 Si

409 1131 554 1187 enim
571 1129 676 1185 sub
690 1125 1007 1196 captivitate
1026 1137 1138 1176 non
1159 1128 1484 1179 tenerentur,
1505 1114 1863 1184 Redemptore
1881 1126 1986 1167 non

411 1212 790 1292 indiget-eritne.
821 1214 979 1271 Venit
1006 1212 1071 1267 ad
1100 1210 1337 1280 captivos
1364 1221 1474 1262 non
1499 1213 1685 1275 captus
1714 1220 1727 1257 :
1754 1201 1992 1259 venit‘ad

409 1308 647 1383 captivos
672 1305 1011 1364 redimendos
1050 1301 1179 1357 nihil
1216 1300 1272 1357 in
1301 1315 1361 1355 se
1382 1296 1703 1367 captivitatis
1721 1336 1740 1362 ,
1766 1294 1869 1351 hoc
1886 1304 1989 1360 est,

408 1402 701 1474 iniquitatis
716 1398 954 1463 'babeos,
975 1394 1073 1450 sed
1087 1407 1248 1450 carae
1271 1389 1481 1446 mortali
1502 1387 1730 1458 pretium
1752 1394 1991 1439 nostrum

409 1498 645 1567 portans.
663 1490 889 1548 Si‘enim
914 1502 1129 1543 carnem
1153 1481 1431 1539 mortalem
1462 1494 1565 1534 non
1583 1478 1823 1541 haberet,
1853 1475 1993 1567 unde

409 1565 462 1643 in
487 1585 668 1642 Verbo
705 1580 949 1652 ninguis,
972 1591 1131 1652 quem
1168 1584 1269 1646 pro
1310 1571 1538 1642 captivis
1573 1567 1862 1624 funderet?
1898 1565 1991 1627 ille

407 1686 586 1732 autem
615 1674 706 1745 qui
739 1673 806 1727 ad
833 1668 1188 1741 captivitatem
1215 1671 1452 1720 nostram
1480 1660 1627 1717 venit
1649 1673 1772 1715 cum
1800 1656 1989 1713 simili-

408 1768 592 1824 tudine
630 1758 809 1821 carnis
832 1759 1039 1832 peccati
1063 1757 1256 1828 (Rom.
1276 1770 1391 1821 vni,
1424 1754 1500 1823 5),
1520 1766 1640 1808 rnon
1684 1765 1804 1806 cum
1830 1763 1992 1804 carne

407 1859 609 1930 peccati
637 1851 1117 1912 v‘enitiSimititudo
1136 1849 1280 1904 enim
1296 1855 1412 1902 erat
1430 1845 1520 1901 illa
1536 1843 1720 1901 carnis
1734 1843 1948 1915 peccati
1975 1860 1990 1897 :

408 1952 530 2007 Vera
559 1952 685 2003 'caro
704 1988 721 2016 ,
751 1944 845 2001 sed
860 1942 1054 1999 similis
1080 1939 1257 1996 carnis
1295 1936 1535 2008 peccati;
1564 1949 1687 1989 vera
1713 1946 1872 1998 caro,
1897 1931 1991 1987 sed

410 2021 744 2107 nonpeccati
780 2042 927 2088 curo.
971 2030 1063 2088 Ille
1084 2037 1215 2100 ungo
1252 2026 1342 2098 qui
1368 2025 1441 2080 ita
1467 2024 1652 2093 venit,
1686 2023 1805 2094 quis
1839 2021 1990 2078 erat?

407 2128 549 2183 Bene
562 2123 869 2181 Μηδικὰ
892 2123 978 2177 die
994 2123 1048 2191 in
1072 2121 1229 2176 diem.
1256 2117 1399 2173 Ecce
1425 2116 1547 2186 quis
1569 2123 1704 2169 erat.
1732 2114 1807 2169 De
1826 2113 1913 2169 die
1937 2113 1990 2167 in

404 2218 552 2273 diem
580 2224 717 2280 erat,
741 2215 882 2269 Dens
913 2211 982 2269 de
1008 2211 1121 2266 Deo
1139 2216 1257 2269 erat
1275 2249 1293 2276 ,
1314 2207 1492 2262 lumen
1519 2205 1589 2260 de
1609 2204 1809 2260 lumine
1836 2212 1952 2259 erat
1974 2221 1988 2257 :

403 2303 760 2364 adv-Verbum
798 2283 1162 2361 caro-laetum
1206 2306 1328 2365 est,
1352 2306 1411 2351 ut
1436 2295 1700 2353 habitaret
1738 2294 1794 2349 in
1841 2294 1992 2350 nobis

408 2394 592 2471 (locis.
621 2414 659 2465 ι,
679 2396 778 2468 ﬂ)
801 2411 818 2460 ;
846 2396 1018 2450 latens
1030 2391 1308 2462 maiestas,
1326 2401 1590 2459 apparens
1612 2386 1910 2453 inﬁrmitas,
1934 2394 1994 2442 ut

408 2491 667 2546 nudatur
690 2487 988 2551 in’linnitas,
1019 2489 1076 2539 et
1102 2489 1345 2538 teneatur
1368 2478 1639 2547 maiestas.

482 2578 538 2636 3.
578 2576 646 2632 In
677 2576 783 2631 Deo
826 2575 913 2647 qui
959 2574 1105 2644 cujus
1128 2571 1235 2626 vult
1270 2569 1551 2631 miseretur,
1573 2565 1716 2622 nulla
1734 2566 1989 2636 iniquitas.

400 2666 472 2731 ‘Si
500 2684 631 2744 ergo
656 2669 941 2727 universus
963 2664 1196 2723 mundus
1224 2663 1325 2718 sub
1338 2660 1648 2731 captivitate
1681 2659 1989 2724 tenebatur,

398 2766 550 2820 ‘bene
562 2764 769 2818 dictum
795 2769 897 2824 est,
933 2755 1208 2815 Hiserebor
1243 2753 1326 2809 uti
1350 2753 1581 2806 misertus
1604 2754 1762 2822 fuero
1781 2791 1796 2816 ,
1823 2759 1871 2805 et
1898 2750 1993 2803 mi-

396 2848 1010 2923 sericordim‘pwstabo
1033 2848 1117 2901 cui
1143 2846 1372 2924 misertus
1398 2844 1563 2914 fuero.
1588 2840 1646 2896 Si
1673 2841 1816 2896 enim
1847 2848 1993 2894 totus

398 2945 647 3002 mundus
662 2943 760 2999 sub
785 2940 1112 3013 captivitate,
1133 2944 1274 2993 totus
1302 2933 1532 2990 mundus
1561 2932 1613 2987 in
1640 2940 1880 3002 peccato,
1913 2942 1995 2984 to-

414 3047 501 3092 tus
530 3034 758 3092 mundus
796 3030 1089 3103 iustissime
1126 3025 1389 3096 supplicio
1429 3022 1761 3086 destinatus,
1790 3018 1885 3076 sed
1928 3035 1991 3074 ex

396 3132 568 3198 *μηδ
594 3139 700 3196 per
732 3118 1162 3177 misericordiam
1206 3115 1466 3172 liberatus
1487 3153 1502 3181 ,
1529 3112 1647 3182 quis
1684 3110 1827 3166 dicat
1846 3110 1991 3176 Deo,

396 3221 594 3288 Quare
636 3217 859 3272 damnas
899 3210 1192 3268 mundum?
1219 3205 1497 3276 Quomodo
1535 3211 1814 3260 accusatur
1833 3202 1995 3273 iudex

420 3298 592 3376 Deus;
617 3306 831 3379 quando
858 3304 1144 3363 damnatur
1174 3297 1403 3355 mundus
1439 3295 1601 3351 reus?
1626 3294 1771 3349 Reus
1809 3308 1907 3348 es:
1940 3293 1993 3351 si

419 3403 543 3476 quid
572 3400 768 3457 debeas
790 3394 1130 3458 consideres,
1163 3405 1320 3462 pinna
1340 3395 1593 3454 vocatur;
1616 3401 1719 3442 nec
1741 3400 1860 3440 cum
1886 3399 1916 3476 a
1946 3394 1997 3439 te

418 3474 655 3549 debitum
699 3489 962 3559 exigitur,
994 3492 1217 3541 praeter
1250 3480 1393 3551 iuste
1422 3476 1855 3549 reprehenditur.
1885 3474 1997 3529 Re—

421 3584 781 3657 prchcudatur
804 3586 1043 3642 exactor,
1072 3576 1118 3632 si
1153 3572 1446 3629 indebitum
1475 3568 1638 3639 exigit
1666 3584 1682 3622 :
1712 3581 1834 3623 eum
1870 3581 1997 3657 vero

419 3655 658 3734 debitum
678 3673 860 3744 exigit,
885 3669 1005 3741 quis
1028 3662 1386 3737 reprehendat
1411 3669 1737 3725 exactorem,
1758 3655 1998 3730 quamvis

421 3773 695 3836 exspectet
711 3763 1021 3824 donaturam
1036 3758 1063 3811 ‘i

492 3834 721 3917 CAPUT
776 3845 1082 3912 tit—cui
1117 3845 1221 3901 vult
1257 3843 1556 3905 miseretur,
1602 3846 1654 3892 et
1699 3853 1848 3907 quem
1895 3834 2001 3890 vult

423 3947 656 4003 obdurat.
698 3939 843 4004 ﬂicis
880 3939 1049 4007 itaque
1086 3932 1208 3987 mihi
1238 3927 1422 3995 :‘Quid
1458 3928 1624 3981 adhuc
1651 3924 2003 3996 conqueritur?

425 4048 543 4092 nam
568 4030 815 4090 voluntati
839 4030 951 4099 ejus
982 4025 1093 4097 quis
1120 4019 1343 4078 resistit?
1362 4017 1415 4072 '0
1444 4016 1613 4083 homo,
1635 4023 1688 4068 tu
1706 4014 1818 4086 quis
1842 4030 1892 4068 es
1918 4014 2003 4084 qui

414 4124 728 4200 -mpondeas
755 4121 864 4176 Deo
882 4120 906 4174 ?
924 4117 1060 4187 Quis
1085 4116 1160 4171 sit
1190 4112 1293 4168 ille
1310 4153 1327 4180 ,
1350 4108 1572 4167 attende
1599 4125 1612 4162 :
1643 4106 1762 4200 quis
1911 4113 1966 4200 tu
1984 4144 2001 4170 ,

426 4197 663 4275 attende.
687 4215 781 4275 Ille
806 4213 949 4273 Deus
976 4216 1079 4274 est,
1107 4218 1164 4262 tu
1192 4205 1373 4260 homo.
1396 4200 1502 4258 Sed
1520 4199 1786 4272 justitiam
1807 4197 1896 4254 tibi
1926 4197 2017 4252 lo-

410 4312 518 4383 τηυξ
545 4307 745 4367 videris
787 4313 878 4369 tu,
906 4309 963 4360 et
996 4299 1116 4356 fons
1159 4296 1249 4351 ille
1270 4294 1492 4365 justitize
1535 4292 1763 4383 siccatus
1801 4288 1922 4383 est?
1948 4286 2005 4344 Si

412 4381 906 4473 [ﬁnanloquerig
923 4388 1064 4445 unde
1248 4386 1356 4440 Aut
1378 4382 1633 4473 injustam
1670 4381 1927 4473 loqueris,
1944 4388 2008 4473 Det

312 4486 330 4505 '
426 4461 599 4539 debes
623 4461 800 4535 tacere
830 4496 844 4533 :
869 4482 961 4534 aut
983 4473 1183 4545 justum
1210 4466 1466 4538 loqueris,
1494 4472 1550 4520 et
1576 4478 1680 4520 non
1713 4461 1878 4521 habes
1906 4462 2006 4518 nisi

428 4575 501 4631 de
527 4573 674 4628 fonte
709 4567 927 4640 iustitia:
958 4564 1120 4623 :t‘ons
1152 4571 1332 4619 autem
1351 4555 1572 4628 iustitia:
1610 4555 1730 4628 quis
1766 4562 1880 4622 est,
1904 4554 2007 4611 nisi

431 4659 861 4721 BcusiPrimum
890 4669 1018 4726 ergo
1046 4651 1448 4715 fundamentum
1486 4645 1608 4701 lidei
1636 4660 1773 4716 pone
1802 4663 1816 4702 :
1844 4644 2008 4699 Num-

410 4754 552 4828 ~quid
570 4752 810 4824 iniquitas
827 4748 968 4821 apud
992 4746 1161 4803 Deum
1189 4743 1363 4817 (Rom.
1391 4755 1472 4809 ts,
1500 4736 1718 4812 μςεθγρ
1744 4738 1933 4802 Latere
1959 4746 2010 4794 te

428 4845 653 4917 sequius
673 4835 1015 4913 potest,'esse
1044 4836 1114 4894 ibi
1142 4832 1390 4904 iniquitas
1417 4845 1522 4893 non
1546 4837 1738 4900 potest.

499 4938 556 4994 4.
590 4935 704 4992 ~€ur
747 4931 891 4995 Deus
941 4930 1086 5002 cujus
1131 4927 1237 4983 vult
1287 4924 1546 4983 miseretur
1568 4962 1586 4990 ,
1632 4937 1812 4992 capere
1860 4921 2010 4974 homo

430 5046 532 5084 non
562 5035 740 5100 potest.
772 5023 1063 5093 Exspectas
1109 5036 1138 5073 a
1171 5032 1255 5075 me
1289 5008 1528 5073 'l'ortasse
1575 5022 1634 5069 ut
1678 5012 1848 5075 dicam
1881 5011 2009 5079 tibi,

428 5137 599 5193 quare
623 5120 704 5175 cui
728 5115 833 5173 vult
853 5116 1131 5179 miseretur,
1159 5120 1203 5166 et
1231 5125 1378 5182 quem
1405 5108 1506 5165 vult
1531 5106 1781 5166 obdurat?
1810 5103 2012 5173 Exspe-

429 5223 544 5270 etss
573 5226 603 5266 s
633 5224 742 5275 me,
773 5207 970 5262 homo?
1000 5205 1056 5261 Si
1083 5214 1137 5261 et
1164 5212 1217 5258 tu
1248 5203 1407 5256 homo
1433 5210 1488 5255 ct
1515 5213 1613 5269 ego
1637 5197 1828 5262 homo,
1855 5196 2014 5250 ambo

431 5304 709 5360 audiamus
736 5299 793 5367 ¹,
821 5296 865 5351 ο
902 5297 1073 5359 homo,
1095 5304 1149 5349 tu
1187 5293 1297 5363 quis
1321 5307 1373 5351 es
1399 5289 1487 5362 qui
1526 5287 1829 5359 respondeas
1870 5283 2015 5344 Deo!

432 5395 621 5452 Melior
663 5397 749 5449 est
794 5387 936 5445 enim
968 5384 1136 5439 lidelis
1167 5381 1460 5453 ignorantia
1487 5419 1503 5445 ,
1529 5393 1686 5450 quam
1732 5377 2009 5433 temeraria

427 5484 673 5546 scientia.
720 5482 862 5538 Deus
903 5476 1030 5539 mihi
1068 5474 1230 5537 dicit.
1261 5486 1355 5541 per
1405 5470 1714 5539 Apostulnm
1767 5466 2012 5523 Christus

436 5575 690 5646 loquitur,
726 5572 771 5628 0
811 5572 960 5625 homo
983 5611 998 5636 ,
1021 5576 1073 5622 tu
1109 5568 1219 5636 quis
1238 5552 1299 5618 οἱ
1309 5562 1395 5633 qui
1439 5559 1741 5631 respondeas
1779 5557 1880 5614 Deo
1902 5560 1926 5612 ?
1948 5560 2014 5613 Et

500 5689 516 5726 ³
543 5693 645 5742 iis.
673 5682 892 5752 plerique
912 5687 963 5734 et
984 5678 1164 5745 Florus,
1186 5673 1468 5733 audivimus.

1640 273 1696 328 s.
1738 272 2101 353 auuus'rnp
2140 272 2439 329 EPiSCOl‘l

3538 286 3676 342 ’180

2102 385 2488 459 egoiudignor.
2522 390 2640 456 quia
2670 408 2772 445 non
2814 394 2932 445 ttut‘i
2968 392 3228 462 jus:iti:un
3274 395 3408 451 Dei?
3436 397 3492 452 Si
3518 397 3679 456 homo

2092 493 2234 545 sum,
2264 494 2375 533 non
2396 478 2647 549 indigner
2674 499 2687 535 :
2715 483 2970 538 excedam
3015 486 3286 542 hominem
3313 530 3328 553 ,
3351 489 3395 543 si
3435 504 3678 560 ροςςιιιιι,

2092 576 2147 622 et
2166 566 2366 624 fontem
2404 570 2681 640 attingam.
2723 571 2828 628 Sed
2866 584 2918 627 et
2961 576 3005 629 si
3035 576 3300 646 attigero,
3334 577 3534 635 homini
3573 598 3679 637 non

2092 656 2266 714 dicam
2293 677 2310 716 :
2350 660 2579 715 excedat
2603 670 2655 715 et
2696 662 2837 734 ipse,
2864 673 2918 720 ct
2945 666 3169 737 attingat
3200 684 3429 724 mecum.
3463 655 3532 727 Et
3557 674 3679 742 quis

2092 758 2194 813 est,
2224 748 2427 818 inquis,
2469 752 2560 820 qui
2592 751 2751 807 homo
2798 753 3065 810 hominem
3103 758 3363 815 excedat?
3388 760 3527 832 Ergo
3569 779 3676 822 non

2092 839 2407 909 quibusdam
2446 842 2733 910 exprobrat
2768 844 3093 914 Apostolus,
3118 856 3173 905 et
3196 847 3360 917 dicit,
3391 850 3518 907 Cum
3545 858 3679 909 enim

2093 930 2279 993 dicitis.
2323 930 2435 1002 Ego
2473 929 2628 986 Pauli
2650 973 2666 999 ,
2694 951 2785 1006 ego
2824 935 3047 1007 Apollo,
3091 956 3256 996 nonne
3291 941 3516 999 homines
3559 947 3679 999 estis

2095 1019 2141 1099 (l
2167 1019 2290 1075 Cor.
2318 1037 2394 1087 tu,
2443 1022 2543 1093 ψ
2571 1022 2706 1090 Quid
2743 1040 2839 1081 eos
2875 1026 3049 1083 lacere
3080 1030 3321 1097 volebat,
3352 1034 3542 1102 quibus
3582 1051 3677 1090 ex-

2095 1110 2378 1180 probrabat
2400 1112 2544 1182 quod
2583 1115 2825 1171 homines
2863 1119 3053 1174 erant?
3082 1119 3255 1176 Homo
3281 1136 3340 1177 es
3362 1163 3379 1189 ,
3411 1123 3479 1179 ad
3499 1124 3671 1181 Adam

2095 1201 2682 1270 pertiucsul‘crtinead
2714 1205 2900 1262 Filium
2932 1209 3181 1266 hominis.

2152 1291 2388 1350 CAPUT
2429 1294 2687 1353 [VI—5.
2734 1298 2997 1364 Quomodo
3051 1302 3131 1356 hic
3174 1304 3344 1358 omnia
3379 1315 3499 1361 nota
3538 1312 3679 1378 facta

2093 1393 2210 1439 sunt
2262 1386 2539 1456 Apostolis.
2590 1390 2656 1445 Et
2690 1391 2831 1446 forte
2870 1391 3000 1446 dicit
3056 1394 3148 1448 tibi
3177 1412 3192 1450 :
3218 1395 3339 1451 1am
3372 1415 3474 1452 non
3510 1400 3680 1455 dicam

2094 1471 2371 1531 vos'servos
2391 1516 2407 1544 ,
2436 1478 2526 1532 sed
2562 1480 2787 1546 amicos;
2812 1483 3048 1550 quoniam
3091 1501 3204 1555 quia
3238 1488 3410 1543 audivi
3446 1507 3478 1543 a
3522 1489 3678 1547 Patre

2094 1583 2225 1632 meo,
2249 1576 2367 1622 nota
2392 1568 2529 1624 vobis
2554 1572 2654 1642 feci
2668 1571 2845 1645 (Joan.
2876 1589 2970 1637 xv,
3008 1575 3118 1647 iii).
3145 1576 3249 1633 Sed
3272 1578 3544 1651 discipulis
3576 1584 3678 1639 hoc

2094 1654 2251 1723 dixit,
2284 1657 2390 1714 illis
2423 1661 2728 1729 Apostolis,
2757 1661 2862 1717 illis
2913 1663 3014 1719 hoc
3053 1665 3185 1721 dixit
3214 1686 3229 1723 :
3278 1685 3383 1724 non
3420 1671 3678 1730 debemus

2093 1748 2415 1816 contristari,
2444 1751 2563 1821 quia
2583 1752 2820 1808 nondum
2839 1755 2970 1809 tales
2997 1772 3199 1812 sumus.
3230 1759 3493 1816 Etltamen
3515 1766 3676 1819 etiam

2096 1838 2225 1908 ipsis
2250 1841 2521 1910 quomodo
2556 1840 2659 1897 hoc
2691 1842 2863 1909 dixit,
2899 1838 3082 1900 Omnia
3110 1864 3225 1917 qua:
3257 1853 3426 1905 audivi
3460 1869 3492 1905 α
3523 1852 3680 1911 Patre

2092 1944 2236 1995 meo,
2266 1940 2386 1985 nota
2406 1932 2689 2005 vobis'fecii
2712 1935 2844 1989 Puto
2869 1938 2991 2005 quia
3020 1936 3071 1991 in
3108 1953 3203 2006 Spe
3227 1940 3359 1995 dixit
3378 1941 3479 1998 hoc
3496 1983 3511 2008 ,
3536 1961 3673 1998 non-

2096 2017 2227 2074 dnm
2267 2020 2319 2074 in
2354 2033 2604 2091 roupnto
2643 2023 2784 2093 quod
2826 2025 3059 2081 facturus
3095 2036 3204 2082 erat
3226 2070 3240 2091 ,
3273 2044 3377 2083 non
3398 2032 3537 2100 quod
3562 2032 3677 2102 jam

2095 2108 2310 2164 iecerat.
2344 2110 2408 2165 Et
2434 2110 2572 2166 unde
2598 2112 2851 2182 probatur
2869 2155 2885 2176 ,
2912 2131 3030 2170 cum
3069 2116 3159 2171 illc
3186 2117 3346 2183 dicat,
3373 2118 3511 2174 Nota
3538 2124 3678 2177 vobis

2096 2201 2230 2271 feci;
2278 2216 2386 2256 non
2422 2202 2600 2268 dicat,
2629 2203 2762 2260 Nota
2790 2206 2938 2261 vobis
2979 2205 3211 2262 iaciam?
3261 2209 3391 2277 Quia
3430 2211 3680 2269 dicuntur

2094 2291 2338 2361 quasdam
2366 2293 2417 2347 in
2449 2293 2742 2365 Scripturis
2765 2295 2832 2351 de
2855 2299 3145 2368 prattcrito,
3174 2316 3290 2368 qtuu
3317 2299 3681 2373 intelligantur
3730 2330 3739 2338 ·

2097 2382 2165 2438 de
2196 2383 2391 2439 futuro.
2423 2384 2701 2453 Quomodo
2728 2387 2975 2442 dicuntur
3002 2388 3083 2444 de
3108 2392 3377 2460 prmtcrito
3398 2434 3413 2458 ,
3442 2409 3559 2448 cum
3588 2395 3677 2449 in-

2094 2474 2401 2546 telligantur
2436 2477 2502 2532 dc
2527 2476 2746 2533 futuro?
2778 2476 3066 2546 Fuderunt,
3095 2481 3295 2552 inquit,
3322 2501 3500 2539 manus
3536 2504 3681 2542 meas

2095 2574 2141 2618 et
2166 2565 2345 2635 pedes,
2369 2565 2807 2622 dinumeraverunt
2851 2571 3020 2623 omnia
3061 2588 3175 2624 ossa
3196 2589 3303 2626 mea
3348 2571 3520 2645 (Psal.
3562 2593 3675 2642 ut,

2089 2654 2272 2710 ﬂeti
2286 2656 2361 2727 8).
2378 2655 2621 2713 Nondum
2641 2660 2831 2715 factum
2853 2669 2987 2724 erat,
3010 2671 3062 2717 et
3092 2672 3336 2733 tauquam
3364 2664 3556 2721 factum
3583 2683 3683 2723 an-

2091 2748 2434 2804 nuntiabatur
2469 2750 2610 2820 quod
2649 2750 2880 2806 futurum
2925 2763 3057 2808 erat.
3103 2755 3284 2809 Salvos
3321 2773 3411 2811 nos
3447 2759 3566 2829 fecit
3589 2775 3684 2828 per

2084 2837 2347 2892 lavacrum
2372 2842 2762 2910 regenerationis
2809 2841 2936 2910 (Tit.
2979 2858 3055 2910 tn,
3084 2844 3165 2915 5).
3206 2846 3328 2900 Alio
3360 2858 3533 2902 autem
3558 2848 3684 2905 loco

2094 2929 2210 2997 ipse
2235 2929 2362 2985 dicit
2392 2948 2405 2984 :
2431 2930 2537 3001 Spe
2556 2932 2683 2986 salvi
2703 2932 2825 3000 facti
2849 2950 3022 2989 sumus
3062 2951 3079 2989 :
3114 2953 3229 3006 spes
3262 2948 3430 2992 autem
3457 2956 3570 3009 qut:
3601 2941 3682 2994 vi-

2097 3022 2260 3087 detur,
2296 3040 2396 3077 non
2415 3034 2485 3077 est
2525 3041 2658 3094 spes.
2690 3025 2796 3096 Spe
2836 3027 2962 3081 salvi
3000 3030 3123 3100 facti
3140 3047 3345 3097 sumus,
3376 3032 3583 3086 nonnisi
3612 3032 3686 3089 de

2082 3117 2366 3186 .prmterito
2400 3116 2627 3171 dicimus
2655 3135 2668 3171 :
2699 3127 2753 3172 ct
2777 3119 3028 3188 quoniam
3058 3135 3153 3191 Spe
3173 3122 3303 3176 salvi
3329 3121 3452 3178 lacti
3471 3137 3681 3188 sumus.

2098 3206 2331 3261 nondum
2357 3222 2437 3269 re,
2472 3206 2645 3261 adhuc
2675 3209 2910 3263 futurum
2942 3217 3025 3264 est
3052 3210 3191 3281 quod
3219 3226 3514 3282 speramus.
3545 3212 3684 3268 Nam

2082 3296 2206 3366 .jam
2226 3296 2474 3351 videmus
2502 3307 2557 3352 et
2578 3306 2818 3353 tenemus
2845 3317 2859 3353 :
2889 3300 2982 3355 sed
3012 3301 3247 3356 nondum
3275 3318 3381 3368 res,
3411 3302 3503 3358 sed
3533 3320 3683 3374 spes.

2102 3387 2250 3453 Quod
2289 3388 2421 3441 enim
2460 3388 2591 3442 videt
2622 3391 2754 3457 quis,
2787 3390 2983 3460 inquit,
3015 3393 3139 3461 quid
3173 3394 3381 3462 sperat?
3416 3394 3478 3449 Si
3514 3405 3687 3449 autem

2094 3477 2235 3547 quod
2256 3494 2355 3532 non
2391 3476 2613 3532 videmus
2655 3496 2950 3549 speramus,
2976 3498 3064 3549 per
3099 3483 3390 3553 patientiam
3424 3496 3692 3555 exspectn—

2101 3570 2407 3642 mus(Ront.
2430 3586 2549 3638 mi,
2573 3571 2664 3638 εἰ,
2692 3572 2811 3643 25).
2847 3572 2911 3627 Et
2939 3582 3111 3629 tamen
3153 3576 3280 3629 salvi
3312 3574 3434 3631 faczi
3461 3593 3646 3631 sumus
3670 3620 3686 3646 ,

2100 3670 2157 3718 ot
2182 3672 2360 3718 tamen
2393 3662 2571 3718 adhuc
2614 3663 2839 3717 salutem
2888 3679 3166 3733 speramus
3202 3677 3259 3720 et
3284 3678 3687 3737 exspectamus,

2104 3751 2338 3807 nondum
2392 3760 2658 3807 tenemus.
2709 3752 2799 3808 Sic
2846 3764 2901 3808 et
2947 3754 3199 3814 Dominus
3255 3754 3530 3826 discipulis
3571 3759 3688 3823 ait,

2104 3841 2426 3912 Omniaque:
2442 3842 2672 3896 audivioa
2699 3841 2851 3897 Patre
2888 3859 3016 3907 meo,
3042 3855 3161 3898 nota
3207 3846 3343 3899 vobis
3362 3848 3477 3916 feci.
3498 3846 3549 3902 Si
3580 3847 3692 3904 hoc

2072 3962 2077 3969 ι
2098 3929 2208 4000 jam
2244 3928 2440 3985 factum
2481 3939 2614 3995 erat,
2645 3946 2809 4002 quare
2851 3930 2956 3985 alio
2993 3933 3114 3987 loco
3142 3932 3273 3988 dicit
3312 3933 3458 3989 illis:
3505 3936 3696 3990 Adlmc

2104 4019 2265 4076 multa
2280 4021 2444 4075 habeo
2481 4021 2618 4076 vobis
2645 4022 2847 4087 dicere;
2867 4022 2956 4077 sed
2994 4040 3097 4077 non
3119 4025 3320 4093 potestis
3357 4026 3449 4079 illa
3485 4036 3697 4096 portare

2105 4112 2254 4168 modo
2283 4111 2460 4187 (locu.
2483 4128 2596 4178 ιγι,
2623 4112 2761 4185 l2)?
2785 4114 2963 4179 Certe,
2989 4114 3172 4169 Onmia
3195 4133 3308 4184 qua:
3325 4118 3496 4171 audivi
3517 4136 3549 4171 α
3579 4117 3697 4173 Pa-

2108 4212 2180 4258 tre
2202 4220 2340 4269 meo,
2365 4214 2483 4258 nota
2522 4205 2656 4260 vobis
2681 4204 2777 4276 feci
2798 4222 2817 4258 :
2841 4205 2933 4260 sed
2967 4221 3083 4259 cum
3124 4207 3279 4271 dicit,
3320 4206 3440 4261 Non
3483 4211 3698 4279 potestis

2106 4294 2196 4348 illa
2218 4304 2417 4364 portare
2453 4296 2622 4359 modo,
2644 4304 2699 4350 et
2727 4295 2874 4361 dicit,
2896 4292 3070 4351 Habeo
3092 4298 3226 4353 vobis
3252 4298 3449 4365 dicere;
3471 4298 3650 4354 differt
3676 4343 3696 4367 ,

2094 4400 2214 4440 non
2239 4383 2437 4440 aufert-
2461 4384 2682 4453 Propter
2710 4396 2908 4440 certam
2931 4402 3059 4456 ergo
3079 4402 3227 4458 spem
3248 4428 3264 4453 ,
3291 4389 3412 4459 quia
3442 4389 3559 4443 sine
3583 4389 3699 4443 du—

2108 4473 2197 4528 bio
2235 4474 2434 4530 sciebat
2478 4475 2529 4529 id
2567 4490 2626 4531 se
2664 4474 2828 4532 luisse
2874 4474 3163 4543 iacturum,
3190 4478 3329 4548 apud
3371 4478 3517 4535 illum
3564 4480 3699 4535 tan-

2109 4578 2265 4633 quam
2312 4562 2507 4620 factum
2554 4566 3003 4637 computabatur:
3040 4575 3090 4622 et
3130 4567 3251 4624 ideo
3288 4568 3516 4636 dicebat,
3547 4570 3705 4627 Nota

2109 4655 2244 4711 vobis
2270 4655 2387 4726 feci.

2181 4745 2408 4803 CAPUT
2452 4746 2516 4803 γ.
2551 4778 2621 4788 -
2648 4746 2701 4804 6.
2730 4747 2972 4819 Equites
2994 4748 3091 4806 Dei
3115 4752 3260 4819 cuius
3285 4753 3391 4807 ruit
3414 4754 3705 4811 miserantis

2112 4836 2345 4890 credatur
2370 4852 2530 4904 nunc,
2555 4837 2713 4891 donec
2759 4848 2933 4909 postea
2974 4840 3218 4895 videatur.
3255 4840 3475 4912 Signum
3499 4843 3701 4899 crucis.

2115 4927 2370 4993 Quamdiu
2403 4944 2530 5000 ergo
2563 4941 2735 4984 sumus
2762 4931 2814 4985 in
2838 4946 3076 5002 corpore,
3114 4932 3490 5002 peregrinatum
3514 4948 3547 4983 a
3576 4930 3699 4985 Da.

2104 5023 2252 5077 ratino
2293 5036 2311 5075 :
2354 5038 2441 5092 per
2471 5020 2624 5091 ﬁdem
2658 5023 2794 5076 enim
2838 5021 3154 5077 ambulamus
3176 5062 3192 5088 ,
3237 5033 3282 5076 et
3314 5038 3415 5076 non
3451 5038 3540 5092 per
3576 5038 3705 5091 spe-

2114 5114 2237 5173 ciem
2269 5113 2349 5182 (.ll
2379 5112 2494 5167 Cor.
2526 5104 2645 5178 v.76
2670 5122 2715 5167 et
2745 5112 2824 5185 7).
2854 5112 3116 5181 Quantum
3144 5112 3295 5168 nobis
3316 5112 3472 5168 datur
3492 5154 3508 5178 ,
3533 5112 3706 5175 ﬁdem

2116 5210 2424 5266 teneamus,
2456 5211 2509 5259 ct
2534 5200 2601 5262 de
2622 5202 2825 5273 justitia
2846 5202 2947 5260 ‘Dei
2980 5218 3086 5257 non
3112 5200 3436 5256 dubitemus.
3491 5201 3708 5272 iniqui-

2119 5299 2276 5349 tatem
2307 5289 2445 5360 apud
2470 5290 2616 5363 illum
2641 5307 2760 5347 esse
2787 5292 3006 5357 onmino
3033 5307 3138 5346 non
3167 5290 3449 5346 credamus
3468 5333 3484 5355 ,
3531 5307 3600 5346 ne
3644 5292 3707 5351 in

2118 5399 2359 5453 magnam
2405 5384 2707 5455 voraginem
2748 5385 3045 5455 impietatis
3093 5384 3389 5439 veniamus.
3460 5382 3524 5437 Et
3573 5396 3708 5438 cum

2120 5472 2351 5546 perfecta
2407 5472 2508 5529 ﬁde
2556 5475 2923 5541 tenuerimus,
2980 5475 3179 5531 nullam
3223 5473 3365 5546 apud
3408 5488 3533 5528 eum
3577 5487 3710 5529 csse

2119 5566 2484 5638 iniquitatem;
2530 5575 2585 5623 et
2612 5568 2655 5623 si
2689 5568 2831 5623 illam
2860 5567 3019 5623 modo
3045 5581 3150 5622 non
3183 5566 3427 5622 videmus
3446 5605 3463 5632 ,
3510 5562 3563 5619 id
3590 5574 3703 5632 cst,

2121 5663 2423 5738 mquitatcm
2468 5676 2588 5731 qua:
2635 5671 2715 5716 ρει
2766 5660 2904 5738 apud
2950 5662 3120 5732 ipsum
3167 5676 3179 5712 :
3226 5658 3442 5723 ﬁniatur
3482 5658 3603 5725 via,
3650 5668 3706 5721 ct
