2012 3101
134 142 181 168 181

131 198 269 228 veniamus
297 197 332 225 ad
357 198 494 232 patriam;
523 202 575 223 non
601 199 687 230 potest
706 194 790 221 videri
809 198 927 228 tempore

133 247 213 277 fidei,
241 243 375 271 videbitur
405 247 523 277 tempore
548 240 654 276 speciei.
687 240 762 268 Nunc
786 238 858 267 enim
880 246 928 273 per

134 292 212 319 tidem
227 290 399 318 ambulamus
409 310 416 321 ,
435 294 498 315 tunc
515 295 562 322 per
575 287 703 321 speciem.
725 285 793 319 Quid
809 288 866 316 est.
880 292 928 319 per

134 334 272 371 speciem?
296 334 436 369 Speciosus
450 333 531 368 [arma
546 340 598 368 prta
612 331 674 366 ﬁliis
689 331 819 357 hominum
840 329 925 366 (Psal.

134 389 207 415 xuv,
221 380 263 415 3).
284 380 352 413 Quia
366 379 393 405 in
412 378 537 413 principio
557 382 611 403 crat
632 376 753 409 Verbum,
779 380 802 402 et
820 374 928 402 Verbum

135 431 187 454 erat
199 425 270 460 apud
283 424 383 455 Deum,
404 428 429 450 et
445 425 511 449 Deus
535 427 587 448 crat
604 421 711 448 Verbum
727 419 824 456 (Joan.
842 428 861 452 ι,
884 420 927 454 1).

139 472 187 505 Qui
200 470 281 506 diligit
296 478 352 502 me,
367 469 454 503 inquit
464 489 472 502 ,
488 467 608 494 mandata
622 475 677 493 utea
690 465 820 497 custodit;
844 469 868 491 et
887 464 929 498 qui

137 517 218 552 diligit
232 523 288 547 me,
303 515 425 549 diligetur
439 521 455 539 tt
469 512 547 539 Patre
559 520 613 539 meo
624 533 631 545 ,
647 515 670 538 et
682 519 727 547 ego
742 511 846 546 diligam
861 518 927 536 eum.

139 563 170 590 Et
182 561 243 597 quid
258 560 295 588 illi
307 559 404 587 dabis?
420 558 452 585 Et
465 558 594 597 ostmdam
606 565 645 584 me
654 557 737 591 ipsum
750 556 790 583 illi
803 554 857 591 (Id.
870 562 927 587 xtv,

135 593 197 643 νηί
208 608 271 634 Haec
284 606 337 634 erit
349 605 453 641 species
464 626 471 638 ,
491 593 597 639 qudndo
618 603 696 630 faciet
710 602 781 637 quod
795 602 879 634 dixit,
895 600 929 627 Et

137 654 268 684 utendam
286 660 327 678 me
340 652 423 686 ipsum
444 650 492 677 illi.
518 649 556 677 Ibi
578 649 730 684 teqnilatem
744 647 792 675 Dei
812 646 927 678 videbis,

137 700 172 729 fni
190 699 250 725 sine
265 698 357 725 codice
376 696 402 723 in
416 695 504 724 Verbo
524 695 606 729 leges.
630 694 699 729 Ergo
711 701 771 720 cum
785 692 930 720 viderimus

136 753 198 772 eum
222 744 299 771 sicuti
323 747 379 775 est,
405 741 460 776 jam
482 741 595 768 transiet
616 738 793 775 peregrinatio
817 742 928 765 nostra:

137 794 230 825 postea
261 795 325 816 vero
347 786 522 822 gaudebimus
547 785 644 820 gaudio
667 784 840 819 Angelorum.
868 783 931 810 llzec

135 835 210 862 enim
232 834 296 866 via,
324 832 386 867 quid
412 832 476 859 est?
502 831 579 858 Fides
604 830 678 857 est‘.
711 829 824 864 Propter
850 828 928 855 ﬁdem

139 884 216 907 tuam
242 879 325 906 factus
347 882 389 905 cst
411 877 538 906 deformis
561 876 701 907 Christus,
729 878 818 901 manet
841 877 929 900 autem

137 926 280 960 speciosus
294 924 424 951 Christus.
453 922 586 957 Spatiosas
601 923 682 956 forma
704 927 757 955 pra:
774 918 834 953 ﬁliis
847 918 929 945 homi—

138 980 199 998 num
214 969 349 997 videbitur
364 973 425 1004 post
440 966 689 1003 peregrinationem.

173 1016 288 1044 CAPUT
302 1015 347 1043 Vl.
364 1030 399 1035 ——
421 1014 499 1042 Modo
520 1017 607 1040 autent
629 1011 681 1039 (ide
702 1010 788 1045 qualis
805 1008 930 1036 videtur?

142 1062 174 1090 Et
193 1062 303 1089 vidimus
316 1070 390 1093 eum,
416 1065 438 1086 et
453 1068 502 1085 non
523 1058 627 1085 habebat
643 1057 750 1092 speciem
763 1063 841 1090 neque
857 1055 931 1082 deca-

138 1118 189 1136 rrm
211 1116 221 1135 :
243 1107 290 1135 sed
313 1107 396 1134 vultus
416 1107 472 1140 ejus
495 1105 623 1140 ubjectus,
647 1108 671 1130 et
698 1102 817 1137 deformis
841 1101 933 1136 positio

139 1156 208 1189 (jus,
228 1154 280 1180 hoc
293 1157 334 1179 est
348 1152 435 1178 virtus
448 1150 505 1185 ejus
520 1159 526 1177 :
543 1150 673 1184 despectus
686 1153 709 1175 et
724 1148 845 1183 deformis
860 1146 929 1181 posi-

138 1201 170 1226 tio
183 1200 237 1234 ejus
253 1199 275 1230 ’,
295 1200 370 1223 homo
383 1197 410 1223 in
425 1196 501 1231 plaga
513 1195 610 1231 positus
620 1215 627 1226 ,
644 1199 667 1220 et
679 1194 763 1221 sciens
778 1192 844 1227 ferre
857 1191 931 1225 inﬁr-

139 1246 235 1271 mitates
252 1242 329 1278 (lsai.
342 1250 398 1274 Lm,
414 1242 441 1274 Ξ,
454 1242 491 1277 3).
505 1240 662 1267 Dcfurmitas
672 1237 772 1266 Christi
785 1242 811 1265 te
824 1237 930 1264 format.

139 1290 186 1317 Ille
210 1289 283 1317 enim
313 1288 334 1315 si
361 1287 489 1315 deformis
512 1294 572 1314 esse
595 1285 741 1318 noluisset,
768 1288 795 1311 tu
819 1283 930 1310 formam

140 1343 216 1370 quam
242 1333 383 1369 perdidiin
405 1340 458 1359 non
481 1331 639 1366 recepisses.
664 1329 801 1358 Pendebat
819 1335 884 1363 ergo
904 1328 931 1354 in

138 1389 217 1410 cruce
238 1380 370 1408 deformis
394 1388 400 1406 :
426 1377 473 1410 sed
497 1377 652 1405 deformitas
671 1375 742 1403 illius
764 1372 932 1409 pulchritudo

139 1432 229 1454 nostra
252 1430 323 1454 erat.
351 1425 381 1452 In
404 1423 454 1450 hac
475 1431 537 1458 ergo
558 1422 611 1449 vita
633 1420 780 1449 deformem
798 1418 931 1446 Christum

139 1477 288 1501 tetu-anius.
306 1470 374 1505 Quid
388 1474 446 1501 est,
460 1468 606 1497 delormem
621 1466 773 1494 Christum?
789 1465 859 1492 Absit
871 1464 933 1491 mihi

136 1518 260 1553 gloriari,
275 1516 327 1545 nisi
340 1516 366 1542 iu
379 1523 452 1542 cruce
465 1513 567 1540 Domini
587 1513 665 1542 nostri
681 1510 744 1538 Iesu
756 1510 872 1541 \Cltristi,
889 1516 934 1544 per

138 1571 209 1598 quem
235 1561 299 1588 mihi
328 1560 438 1587 mundus
468 1558 604 1592 crucifixus
635 1560 670 1583 est
683 1576 690 1589 ,
720 1559 743 1582 et
768 1562 813 1590 ego
835 1553 933 1580 mundo

141 1607 241 1642 (ϐαιαι.
258 1615 294 1633 vi.
311 1606 367 1641 14).
393 1605 455 1632 Haec
477 1608 518 1630 est
539 1602 697 1630 deformitas
714 1600 825 1628 Christi.
851 1599 932 1626 Nutu-

140 1652 203 1687 quid
217 1652 274 1679 dixi
290 1659 336 1679 me
351 1649 450 1685 aliquid
462 1649 534 1676 scire
549 1648 574 1674 in
588 1646 663 1674 vobis
673 1667 680 1678 ,
693 1646 744 1673 nisi
763 1643 853 1672 viam?
870 1643 934 1671 Hzec

139 1703 178 1725 est
198 1696 242 1724 via
256 1717 265 1729 ,
289 1695 401 1724 credere
421 1695 447 1722 in
470 1692 634 1729 crucifixum.
657 1691 740 1725 Hujus
759 1689 934 1718 deformitatis

139 1743 245 1778 signum
270 1741 300 1769 in
327 1740 414 1767 fronte
440 1743 576 1774 portamus
602 1746 608 1764 :
633 1736 667 1764 dc
693 1737 742 1763 ista
767 1735 934 1763 deformitate

140 1787 238 1815 Christi
255 1794 312 1814 non
325 1785 526 1813 erubescamus.
543 1783 625 1810 ‘llanc
641 1781 709 1808 viam
725 1784 885 1812 teneamus,
907 1783 934 1806 et

140 1833 171 1860 ad
200 1832 323 1867 speciem
354 1830 552 1866 perveniemus.
584 1828 651 1855 Cum
674 1825 875 1862 pervenerimus
899 1824 933 1851 ad

141 1878 275 1914 sproiem,
300 1876 453 1914 aequitatem
478 1874 523 1902 Dei
550 1873 698 1900 videbimus
723 1880 730 1897 :
756 1876 784 1898 et
805 1870 859 1905 jam
880 1877 933 1897 non

140 1924 190 1951 erit
205 1923 244 1950 ibi
263 1922 374 1954 dicere,
388 1921 477 1955 Quare
496 1920 556 1949 huic
569 1918 707 1949 subvenit,
733 1921 759 1944 et
776 1916 838 1943 huic
858 1915 933 1942 non?

141 1976 222 2003 quare
237 1968 289 1999 iste
303 1967 433 1994 adductus
446 1970 486 1997 est
499 1972 512 1992 a
529 1963 721 2000 gubernatione
734 1961 791 1995 Dei,
807 1964 838 1988 ut
851 1960 934 1995 bapti-

142 2019 265 2046 uretur;
289 2012 335 2041 ille
348 2018 437 2039 autem
452 2019 512 2040 cum
527 2011 593 2038 bene
607 2009 813 2037 catecltumenus
826 2006 930 2039 vixerit,

141 2060 228 2087 subita
252 2059 331 2095 ruina
355 2062 476 2086 mortuus
499 2062 556 2090 est,
586 2060 613 2083 et
638 2055 670 2082 ad
692 2054 859 2089 'Baptismum
881 2060 932 2079 non

142 2103 287 2139 pervenit?
308 2103 353 2135 ille
376 2107 466 2130 autem
493 2109 553 2129 cum
578 2101 707 2128 scelerate
733 2098 847 2130 vixerit,
873 2105 932 2124 cum

144 2150 309 2181 luxuriosus,
324 2156 384 2175 cum
399 2147 535 2179 moechus,
550 2153 609 2173 cum
625 2145 745 2173 scenicus
756 2164 763 2177 ,
779 2151 838 2171 cum
854 2150 934 2170 vena-

145 2200 199 2228 tor,
218 2193 359 2229 a-grotavit
372 2214 379 2225 ,
397 2193 544 2227 baptizatus
558 2195 615 2225 est,
636 2190 775 2222 discessit,
794 2192 932 2223 peccatum

144 2241 169 2267 in
189 2248 223 2267 eo
243 2239 397 2266 convictum
417 2242 475 2270 est,
497 2230 634 2273 peccatum
647 2236 675 2266 in
691 2243 725 2262 eo
740 2234 857 2262 deletum
873 2232 933 2260 est?

143 2285 237 2317 Quaere
257 2283 376 2316 merita;
396 2291 448 2310 non
470 2282 604 2314 invenies,
621 2281 670 2308 nisi
685 2287 792 2315 pinnam
814 2287 821 2306 :
844 2284 933 2313 qumre

140 2330 275 2365 gratiam;
297 2329 322 2356 0
336 2327 444 2355 altitudo
458 2326 619 2354 divitiarum!
642 2326 736 2353 Petrus
749 2327 827 2359 negat
836 2343 843 2356 ,
864 2322 934 2350 latro

142 2375 225 2402 credit
235 2395 244 2408 ,
259 2374 283 2401 0
297 2373 405 2401 altitudo
420 2373 564 2400 divitiarum
576 2372 587 2398 Ι

173 2420 203 2448 '1.
218 2420 324 2446 Judicia
337 2419 385 2446 Dei
400 2419 425 2445 in
441 2418 557 2453 mysterio
572 2416 668 2452 gratim.
686 2423 735 2441 nou
750 2415 846 2441 ratione
860 2421 935 2439 scru-

141 2466 234 2497 hda,
252 2466 298 2492 sed
317 2465 486 2491 admiratione
507 2462 687 2498 prosequenda.
713 2462 768 2488 lloc
789 2468 836 2487 nos
856 2463 933 2494 putas

141 2512 303 2548 perscrutari
326 2519 423 2546 posse,
439 2510 508 2546 quod
535 2509 675 2545 Apostolus
695 2507 787 2534 beatus
812 2504 934 2539 expavit?

141 2557 174 2585 Et
194 2565 256 2584 cum
284 2561 383 2584 tantam
406 2554 610 2591 profunditatem
630 2558 655 2580 et
668 2552 832 2579 altitudinem
851 2550 933 2584 inspi-

140 2604 214 2631 ciens
233 2602 469 2632 contremiscunt,
484 2599 655 2630 exclamavit,
668 2597 691 2624 0
709 2595 815 2629 altitudo
835 2595 934 2621 divitia-

138 2658 197 2678 ηιι
213 2649 349 2685 sapientia
368 2653 391 2676 et
405 2647 517 2675 scicntia:
530 2645 595 2672 Dei!

172 2726 181 2742 '
189 2731 240 2751 Am.
247 2729 284 2751 Br.
293 2729 320 2752 et
327 2729 380 2752 Mss.
391 2731 397 2749 :
407 2722 539 2757 mecem'm
549 2721 573 2747 in
584 2721 629 2757 via.
638 2720 699 2757 Quid
707 2723 742 2757 est
751 2719 788 2745 ria
812 2719 932 2757 fudescst.

173 2758 184 2773 ’
195 2758 260 2788 Apud
272 2760 326 2782 Lov.
338 2757 444 2781 deerant
464 2755 548 2780 istth
563 2754 646 2781 verba,
659 2753 683 2776 in
705 2751 758 2777 aliis
770 2751 842 2776 editis
863 2754 889 2774 et
910 2751 933 2774 in

173 2788 426 2804 ...τε-νεηνίαιωαιιιι
440 2785 484 2804 Ιιιντ
498 2787 532 2804 ul
550 2784 623 2804 m‘rtux
637 2783 689 2804 pius
701 2789 709 2804 :
721 2782 845 2804 dasneclus
858 2784 881 2804 et
894 2779 933 2804 dt:-

145 2782 484 2819 ωιιέσιριίετιορα-ιενὴοο
498 2787 532 2810 est
550 2784 623 2810 virtus
637 2783 689 2813 ejus
701 2789 709 2806 :
721 2782 845 2813 despectus
858 2784 881 2805 et
894 2782 935 2814 dc-

145 2819 223 2852 Ws
232 2817 384 2852 positioeius.
402 2821 510 2852 puerum
522 2814 573 2840 loco
586 2815 676 2844 Florus,
694 2813 732 2838 ltlt'
750 2816 783 2838 est
797 2811 872 2837 vultus
883 2818 934 2842 qus

143 2850 264 2879 duratus
272 2853 294 2875 ct
302 2849 420 2878 dtionm's
431 2850 515 2879 positio
525 2852 584 2874 eius.

795 134 912 162 SERMO
931 133 1048 161 XXVIII.
1086 146 1089 149 -

1017 191 1129 219 CAPUT
1146 192 1198 218 Vll.
1224 192 1292 225 Quid
1312 192 1383 220 enim
1404 193 1507 220 dixerat
1525 196 1588 220 ante
1600 213 1608 227 ,
1633 198 1661 220 ut
1678 192 1710 220 ad
1724 202 1773 223 ex:

980 237 1164 265 clamationcm
1186 238 1254 265 hanc
1268 238 1468 266 venirettltcm
1482 238 1600 272 dixerat,
1621 238 1666 266 ubi
1682 238 1704 266 si
1719 246 1773 266 non

980 282 1104 309 credatur
1124 283 1194 314 Deo,
1219 283 1280 317 quia
1297 290 1350 310 non
1369 288 1410 311 est
1430 283 1555 317 iniquitas
1574 283 1644 318 apud
1669 283 1773 317 Deum,
1806 302 1809 305 -

981 327 1070 362 iniqua
1091 327 1251 362 iudicabitur
1277 329 1296 353 '.
1319 328 1449 356 Gentibus
1461 328 1581 361 diccbat,
1597 328 1717 356 ﬁdelibus
1732 328 1773 356 di-

981 375 1057 402 cebat
1071 374 1104 402 de
1124 374 1223 402 Judaeis
1239 384 1245 402 :
1262 375 1333 402 Sicut
1353 383 1410 407 vos,
1431 375 1533 410 iuquit,
1560 384 1610 403 non
1633 376 1773 403 credidistis

981 420 1053 454 Deo,
1080 429 1146 447 nunc
1165 425 1247 446 autem
1271 420 1468 447 misericordium
1487 421 1613 448 consecuti
1631 422 1691 448 estis
1711 421 1772 448 illo-

981 474 1037 492 rum
1058 465 1234 493 incredulitate
1255 473 1263 492 :
1283 466 1319 492 sic
1340 470 1363 492 et
1378 466 1404 492 Ιιί
1426 474 1477 492 non
1502 466 1659 493 cndida“qu
1682 466 1709 493 in
1731 475 1773 493 ce-

981 514 1059 537 stram
1081 510 1294 542 miscricordiam,
1319 514 1344 536 ut
1363 515 1386 537 et
1401 510 1450 545 ipsi
1474 510 1669 539 misericordiam
1684 519 1772 537 conse-

981 559 1099 589 quantur.
1116 554 1323 582 Conclusit'enim
1342 563 1426 582 omnes
1439 555 1512 583 Deus
1532 556 1560 583 in
1583 556 1773 588 incredulitate,

982 605 1009 626 ut
1030 600 1142 626 omnium
1165 600 1321 627 misereatur.
1347 600 1440 636 (Rom.
1467 609 1513 634 xt,
1541 601 1595 634 50,
1621 601 1774 636 etc.)Him:

982 649 1073 680 postea
1093 645 1189 672 Paulus
1204 645 1279 673 dixit.
1303 646 1337 673 Et
1349 654 1408 681 qua:
1432 646 1481 673 ista
1505 646 1571 674 ratio
1586 650 1626 673 est
1641 646 1779 681 aequitatis

984 694 1011 717 ct
1031 689 1141 724 justitize
1157 690 1202 717 Dei
1214 711 1221 722 ,
1246 691 1404 718 concludere
1419 698 1512 718 omnes
1528 691 1553 718 in
1577 690 1772 722 incredulitate.

983 740 1011 762 ut
1031 735 1148 762 omnium
1171 735 1347 763 misereatur?
1371 736 1475 770 Quaeris
1499 741 1526 762 tu
1549 736 1697 767 rationein,
1723 743 1773 771 ego

982 787 1130 814 expavesco
1143 780 1319 808 altitudinem.
1343 780 1365 808 0
1379 781 1486 807 altitudo
1507 781 1652 808 divitiarum
1670 781 1772 815 sapien-

983 826 1024 852 tiw
1043 830 1067 853 et
1084 826 1195 853 scientiae
1209 826 1275 853 Dei!
1299 826 1339 854 Tu
1360 827 1535 860 ratiocinarc,
1557 834 1606 861 ego
1619 827 1719 858 mirer;
1745 830 1774 853 tu

982 872 1086 906 disputa
1098 892 1104 903 ,
1121 879 1171 906 ego
1184 872 1309 903 credam;
1325 871 1489 899 altitudinem
1507 872 1600 903 video,
1617 871 1649 899 ad
1666 870 1773 905 profun-

985 917 1046 943 dttm
1071 924 1123 943 non
1149 916 1283 950 pervenio.
1311 917 1332 943 0
1354 916 1460 943 altitudo
1475 916 1619 943 diuitiarum
1643 916 1773 951 sapientia:

982 967 1004 989 ct
1018 963 1129 990 scientiis
1143 962 1192 989 Dei
1202 963 1212 989 !
1238 971 1312 997 quant
1321 962 1498 990 .inscrutoltilia
1512 967 1570 989 sunt
1591 962 1690 998 judicia
1705 962 1771 996 ejus,

982 1012 1005 1034 et
1024 1007 1207 1042 investigabiles
1226 1008 1273 1034 vite
1295 1008 1349 1040 eius
1361 1007 1371 1034 .’
1390 1008 1474 1034 Forte
1494 1007 1664 1041 expositurus
1685 1010 1726 1034 est
1738 1007 1773 1032 ’ἲ

984 1053 1044 1085 Quis
1059 1052 1125 1082 enim
1141 1053 1255 1088 cognovit
1270 1060 1369 1079 sensum
1385 1051 1487 1079 Domini
1498 1051 1531 1078 ³2
1555 1056 1597 1078 aut
1616 1051 1671 1085 quis
1691 1051 1773 1077 ωηιξη

983 1098 1071 1125 liarius
1086 1099 1140 1132 ejus
1163 1097 1234 1131 fuit?
1252 1101 1296 1123 aut
1317 1097 1372 1131 quis
1386 1097 1455 1131 prior
1477 1096 1546 1124 dedit
1571 1096 1626 1128 illi,
1652 1101 1676 1122 et
1701 1097 1771 1122 rclri-

983 1143 1071 1170 (matur
1092 1143 1136 1169 ei?
1159 1141 1284 1174 Quoniam
1308 1149 1340 1168 ex
1364 1142 1437 1176 ipso,
1462 1146 1485 1167 et
1512 1149 1557 1176 per
1576 1141 1676 1176 ipsum,
1702 1146 1724 1168 et
1747 1142 1773 1167 iu

982 1189 1036 1223 ipso
1060 1193 1118 1215 sunt
1146 1188 1246 1220 omnia;
1272 1187 1322 1222 ipsi
1351 1187 1433 1222 gloria
1455 1187 1481 1214 in
1508 1187 1600 1215 stecula
1623 1187 1773 1214 saeculorum

983 1234 1038 1269 (Μ.
1055 1234 1166 1269 55-56).
1185 1233 1333 1268 Requievit,
1349 1233 1410 1267 quia
1424 1232 1522 1260 invenit
1534 1232 1771 1259 admirationem‘:

983 1287 1062 1308 nemo
1079 1285 1181 1315 quzcmt
1202 1287 1217 1306 a
1233 1286 1276 1307 me
1294 1278 1456 1306 occultorum
1469 1278 1612 1307 rationem.
1629 1277 1674 1305 llle
1688 1278 1771 1309 dicit,

984 1325 1163 1353 Inscrutabilia
1177 1330 1235 1352 sunt
1251 1325 1351 1360 judicia
1366 1325 1437 1359 ejus;
1451 1329 1479 1352 et
1494 1329 1520 1351 tu
1533 1324 1645 1351 scrutari
1660 1325 1773 1353 venisti?

984 1372 1029 1400 Ille
1044 1372 1126 1406 dicit,
1146 1371 1336 1407 Investigabiles
1350 1376 1408 1398 sunt
1422 1371 1468 1397 vite
1487 1371 1562 1404 ejus;
1581 1375 1608 1397 et
1623 1374 1650 1398 ω
1664 1370 1772 1397 investi-

980 1426 1046 1454 gare
1068 1418 1186 1446 venisti?
1211 1417 1239 1445 Si
1263 1417 1444 1444 inscrutabilia
1471 1416 1583 1443 scrutari
1609 1416 1723 1448 venisti,
1747 1420 1774 1443 et

984 1464 1175 1499 investigabilia
1189 1463 1347 1497 investigare
1359 1462 1470 1493 venisti;
1482 1461 1572 1493 crede,
1584 1461 1638 1496 jam
1648 1462 1773 1496 peristi'.

984 1509 1048 1536 Tale
1067 1513 1108 1536 est
1124 1507 1318 1535 vellcvscrutori
1332 1506 1514 1534 inscrutabilia
1535 1511 1563 1534 et
1584 1506 1786 1542 investigabilia,

985 1554 1161 1589 investigare,
1187 1553 1263 1588 quale
1279 1557 1319 1580 est
1332 1553 1400 1580 velle
1420 1552 1560 1580 invisibilia
1574 1552 1664 1580 videre
1684 1556 1711 1580 et
1730 1552 1771 1579 in:

985 1601 1101 1628 etl'abilia
1116 1600 1175 1627 fari.
1193 1600 1264 1635 Ergo
1278 1599 1424 1626 tedilicetur
1437 1598 1532 1626 domus
1547 1606 1554 1625 :
1570 1606 1629 1626 cum
1644 1605 1773 1633 pervene-

985 1646 1020 1673 rit
1034 1646 1066 1673 ad
1082 1645 1291 1677 dedicationem,
1315 1644 1504 1682 tttncvfortasse
1528 1644 1644 1671 iuveniot
1662 1643 1772 1671 istorum
1821 1672 1827 1675 ,

985 1691 1149 1719 occultorum
1162 1690 1355 1726 apertissimum
1370 1689 1511 1716 rationem.

1222 1754 1334 1782 ssnuo
1353 1754 1537 1788 xxvut-(u).

985 1801 1024 1829 De
1038 1800 1159 1829 versiculo
1177 1801 1195 1828 5
1215 1799 1312 1826 Psalmi
1324 1807 1376 1832 ειν,
1399 1799 1516 1826 Lmtctur
1535 1807 1581 1825 cor
1598 1799 1772 1833 qumrcutium

1276 1845 1483 1880 Dominum‘(b).

1023 1903 1047 1929 1.
1070 1901 1220 1928 ιωιαηάιιηι
1244 1900 1319 1928 corde
1341 1902 1366 1927 in
1387 1900 1452 1928 Deo.
1486 1901 1524 1928 Ex
1554 1901 1676 1928 omnibus
1704 1900 1773 1928 divi-

986 1948 1027 1975 nis
1041 1947 1153 1981 eloquiis
1175 1946 1236 1976 hinc
1250 1946 1339 1981 potius
1361 1945 1502 1980 adjuvach
1518 1946 1630 1973 Domino
1657 1946 1775 1973 dissera-

986 2002 1063 2025 mus,
1084 1993 1154 2028 quod
1170 1993 1291 2025 ultimum
1312 1991 1483 2021 audivimus:
1504 1991 1613 2018 Laztetur
1638 2001 1681 2018 cor
1707 2000 1775 2027 qutu-

986 2040 1094 2068 rentium
1108 2038 1256 2067 Dominum.
1278 2038 1435 2073 Opportune
1451 2045 1564 2072 namque
1580 2037 1659 2065 etiam
1675 2039 1775 2064 ventri-

987 2085 1035 2112 bus
1051 2083 1134 2119 jejuni
1148 2090 1250 2114 sumus.
1265 2082 1410 2111 thabitur
1433 2089 1480 2110 cor
1497 2087 1632 2114 nostrum.
1657 2083 1679 2110 si
1703 2091 1777 2110 men-

986 2129 1058 2158 tibus
1077 2128 1235 2156 csuriamus.
1252 2127 1318 2158 Cum
1342 2127 1428 2165 aliqua
1448 2127 1538 2154 suavia
1559 2132 1728 2162 apponuntur
1752 2130 1776 2154 in

986 2174 1071 2209 epulis
1087 2174 1195 2204 nostris,
1210 2173 1334 2200 laetantur
1347 2172 1441 2203 fauces,
1450 2173 1624 2207 quaerentium
1648 2173 1736 2202 cibum
1751 2174 1776 2199 σί

986 2228 1046 2249 cum
1071 2220 1145 2247 varie
1172 2219 1290 2247 colorata
1311 2218 1459 2257 blandeque
1479 2218 1586 2253 depicta
1609 2223 1777 2253 apponuntur

1017 2297 1025 2313 ι
1038 2297 1075 2321 sic
1085 2299 1137 2321 ttlss.
1149 2295 1206 2320 Edili
1215 2301 1284 2325 vero,
1296 2294 1408 2326 iniquitas
1415 2294 1575 2326 judicabitur.

1017 2328 1026 2342 ¹
1038 2328 1074 2352 sic
1084 2330 1137 2352 Mss.
1151 2330 1178 2351 At
1187 2326 1255 2355 editi,
1267 2325 1419 2358 «transiturus
1428 2332 1453 2358 es
1461 2325 1474 2350 1’

1017 2359 1028 2389 ἓ
1039 2358 1150 2389 Plerique
1161 2361 1203 2389 uss
1214 2356 1337 2389 ,_men.'i_2m
1346 2356 1450 2389 pomim'.

1017 2388 1028 2404 ⁸
1040 2386 1253 2418 ιιδςηίιεᾳιιίεινίι,
1267 2386 1324 2418 quia
1343 2386 1442 2416 invenit,
1461 2386 1517 2417 quia
1535 2386 1623 2412 invenit
1641 2386 1774 2412 admiratio

986 2425 1048 2444 nem.

1018 2451 1028 2466 ⁵
1041 2455 1090 2473 Am.
1103 2452 1139 2472 Er.
1153 2451 1182 2479 et
1190 2451 1242 2472 Mss.
1254 2453 1260 2471 ζ
1273 2447 1354 2477 crede,
1366 2454 1422 2472 nam
1432 2447 1524 2479 peristi.

1019 2481 1074 2504 “sic
1094 2477 1230 2514 legendum.
1245 2485 1275 2514 ex
1295 2477 1437 2514 auctoritate
1633 2477 1779 2509 [Opportune

986 2508 1168 2544 namqueetiam
1179 2508 1297 2543 ventribus
1304 2509 1451 2543 jejurtrmtus.
1465 2508 1590 2544 Ltztabitur
1601 2514 1643 2532 cor
1661 2512 1777 2544 nostrmn,

985 2541 1007 2567 si
1016 2538 1132 2566 méutibus
1142 2538 1283 2570 esuriamus.
1295 2538 1377 2570 Jejuni
1384 2546 1474 2567 sanms,
1485 2545 1539 2570 cum
1551 2538 1632 2570 aliqua
1645 2539 1728 2570 suavia
1737 2546 1779 2570 ap-

986 2575 1105 2633 mtauur
1114 2570 1139 2595 in
1150 2568 1227 2602 epulis
1243 2568 1338 2600 nostris,
1351 2569 1462 2594 lwtautur
1478 2569 1560 2600 fauces
1572 2568 1730 2600 uitat-ratium
1745 2568 1778 2594 ci-

1018 2644 1027 2653 ⁹
1038 2642 1159 2680 sermonis
1169 2642 1199 2666 28
1211 2640 1422 2680 cycmplumkaliurl
1432 2641 1514 2680 purius
1522 2640 1630 2680 absoluta
1637 2641 1687 2676 jam
1700 2646 1780 2677 nostra

986 2675 1030 2699 hac
1038 2674 1144 2698 editione
1155 2673 1300 2703 accepimus;
1309 2679 1340 2697 ex
1345 2676 1450 2697 ttomano
1459 2672 1541 2698 codice
1549 2675 1597 2701 est,
1604 2672 1672 2703 cuius
1680 2673 1781 2697 auctori-

987 2709 1036 2731 tate
1050 2705 1099 2729 loca
1112 2704 1211 2736 plurima
1224 2704 1414 2728 emendavimus.

1029 2747 1054 2777 τι)
1068 2746 1136 2776 Alias,
1148 2747 1162 2771 7
1176 2745 1294 2770 editorum
1307 2752 1337 2770 ex
1349 2745 1478 2777 Carthasim
1491 2747 1543 2777 Mss.

1030 2773 1054 2808 lt)
1067 2773 1134 2802 Hunc.
1148 2784 1284 2802 sermonem
1302 2780 1368 2800 notat
1382 2775 1535 2808 tfossidinsin
1553 2773 1656 2808 lodicula
1666 2792 1674 2804 ,
1686 2776 1766 2808 (rapat)
1775 2792 1781 2804 ,

987 2805 1026 2833 his
1036 2805 1131 2832 verbis:
1148 2817 1158 2829 tt
1170 2811 1214 2831 t‘er
1224 2808 1340 2837 jejunium
1352 2806 1560 2836 Quinquagesitnm
1571 2805 1602 2830 dc
1614 2812 1687 2831 versu
1700 2806 1782 2832 Psaltni

986 2848 1031 2869 civ,
1047 2842 1143 2863 Itt‘tclttt'
1156 2844 1205 2868 (or,
1215 2846 1225 2857 η
1242 2841 1288 2862 ctt'.
