3938 6186
349 273 455 334 183

342 388 645 461 aspectibus
680 381 872 439 nostris
897 421 913 444 ,
960 379 1205 433 lmtantur
1245 369 1381 427 oculi
1424 363 1773 439 qnmrentium
1808 360 1916 466 ἐιἰὶ-

343 479 470 552 quid
495 477 678 533 videre
708 473 1028 533 luminosutn
1062 486 1075 520 :
1107 465 1352 520 ltetantur
1379 474 1535 517 aures
1562 464 1916 528 quterentium

293 581 298 584 '
344 549 560 627 cantum
589 586 604 624 :
650 567 860 621 la‘tawr
903 559 1130 615 olfactus
1164 553 1512 627 qutercntium
1543 549 1759 604 odorem
1793 560 1916 617 gra-

346 672 478 716 tutn.
519 657 660 727 Ergo
679 696 696 722 ,
732 653 951 707 Lctetur
979 665 1067 703 cor
1093 643 1418 718 qua'rcntinm
1445 639 1737 694 Dominum.

414 750 468 804 2.
519 747 657 800 Deus
701 744 840 798 cordi
887 741 976 795 tua:
1025 749 1070 793 et
1099 737 1223 792 odor
1269 746 1317 788 et
1367 733 1522 787 cibus.
1580 728 1730 782 Cibus
1781 742 1918 780 men-

346 843 410 895 tis
461 836 692 907 reﬁciens
752 849 841 888 nec
893 831 1147 901 deficiens.
1219 823 1409 882 Procul
1467 819 1628 877 dubio
1687 816 1915 907 singula,

345 946 462 1001 qua:
506 905 824 983 exhibentur
864 920 1088 977 diversis
1130 916 1373 973 sensibus
1413 911 1634 976 nostris,
1682 905 1939 984 singulos

345 998 534 1074 sensus
583 1015 869 1070 delectant.
935 1009 1116 1080 Neque
1163 1007 1305 1061 enim
1353 1003 1432 1058 vel
1481 1015 1643 1056 sonus
1692 998 1920 1052 delectat

345 1128 374 1164 a
408 1118 653 1180 pectutn,
698 1105 783 1159 vel
827 1103 977 1157 color
1017 1099 1279 1154 auditum.
1319 1093 1479 1150 Cordi
1521 1101 1698 1145 autem
1737 1095 1918 1144 nostro

349 1183 600 1255 luuuinus
637 1205 692 1251 et
717 1195 813 1248 lux
858 1201 935 1247 est
961 1232 976 1259 ,
1022 1200 1077 1246 et
1121 1204 1218 1242 vox
1268 1185 1419 1250 est‘,
1463 1193 1517 1238 et
1542 1182 1674 1237 odor
1702 1187 1823 1244 est,
1867 1186 1919 1231 et

346 1295 496 1347 cuius
525 1297 606 1344 est
638 1305 650 1338 :
681 1295 735 1341 et
764 1282 885 1338 ideo
920 1280 1096 1336 omnia
1124 1287 1225 1345 est,
1271 1275 1393 1348 quia
1421 1274 1552 1328 nihil
1582 1271 1769 1326 horum
1797 1276 1876 1324 e-t
1901 1285 1914 1332 ;

346 1393 392 1436 rt
432 1378 550 1433 ideo
577 1375 707 1431 nihil
733 1383 816 1430 est
844 1373 1057 1437 borum,
1089 1369 1208 1440 quia
1238 1369 1424 1422 horum
1451 1361 1686 1420 omnium
1711 1367 1920 1413 creator

347 1479 447 1524 est.
493 1469 589 1522 Est
616 1467 796 1520 lumen
822 1461 967 1517 cordi
999 1469 1208 1524 nostro,
1235 1456 1319 1512 cui
1344 1453 1568 1509 dicimus
1597 1468 1611 1502 :
1643 1447 1708 1502 In
1735 1446 1922 1502 lumine

346 1571 430 1622 tuo
472 1557 744 1611 videbimus
793 1552 963 1606 lumen
1013 1548 1191 1621 (Psat.
1241 1561 1410 1609 xxxv,
1443 1542 1564 1615 l0).
1623 1541 1718 1596 Est
1759 1551 1921 1593 sonus

346 1649 492 1704 cordi
525 1656 707 1701 nostro
743 1643 827 1700 cui
862 1641 1088 1696 dicimus
1115 1656 1129 1692 ε
1159 1635 1368 1692 Ακάξιιιί
1397 1649 1505 1688 meo
1533 1630 1675 1687 dabis
1699 1628 1926 1684 ersnlta-

351 1743 533 1794 tionem
556 1746 602 1790 et
629 1735 850 1789 la‘titiatn
876 1730 1047 1804 (Psal.
1072 1727 1252 1799 1.,10).
1278 1725 1367 1782 Est
1389 1723 1522 1779 odor
1541 1720 1686 1776 cordi
1715 1726 1918 1784 nostro,

351 1829 420 1882 de
450 1843 555 1896 quo
579 1824 774 1878 dicitur
804 1838 818 1875 :
850 1819 1036 1874 Christi
1067 1819 1223 1872 bonus
1252 1813 1377 1869 odor
1418 1827 1591 1868 sumus
1622 1809 1688 1883 (ll
1715 1807 1832 1863 Cor.
1863 1823 1918 1869 tt,

350 1919 465 1989 l5).
490 1918 544 1974 Si
571 1924 748 1974 autem
775 1913 952 1970 cibum
978 1908 1216 1980 qtttnritis
1235 1949 1251 1975 ,
1289 1906 1414 1976 quia
1438 1902 1690 1974 jejunatis
1721 1918 1736 1952 :
1777 1898 1922 1952 Beati

346 2013 432 2093 qui
461 2010 685 2064 esurinnt
715 2016 762 2062 st
787 2005 963 2061 sitiunt
985 2001 1239 2072 justitiam
1268 1997 1479 2070 (Matth.
1513 2010 1564 2062 v,
1597 1992 1673 2065 6).
1704 1993 1778 2046 De
1807 1991 1922 2061 ipso

348 2086 524 2158 autem
554 2100 776 2156 Domino
818 2097 944 2152 Jesu
969 2093 1185 2150 Christo
1226 2090 1424 2146 dictum
1463 2094 1548 2143 est
1591 2086 1714 2156 quia
1760 2087 1921 2154 factus

347 2203 420 2251 est
467 2192 607 2247 nobis
648 2189 848 2260 jnstitia
898 2196 944 2241 et
981 2183 1229 2254 sapientia
1267 2179 1316 2252 (I
1359 2179 1478 2239 Cor.
1514 2194 1563 2246 ι,
1597 2174 1721 2248 50).
1785 2174 1922 2229 Ecce

347 2285 517 2356 epulas
562 2287 872 2353 praeparatae
917 2286 1082 2333 sunt:
1125 2273 1329 2345 iustitia
1351 2270 1597 2326 Christus
1643 2275 1758 2332 est,
1791 2280 1919 2320 nus-

347 2355 507 2446 quam
535 2374 706 2437 deest,
735 2386 841 2425 non
868 2385 898 2424 a
924 2366 1109 2438 ecquis
1139 2369 1463 2433 przeparatur
1487 2358 1637 2414 nobis
1657 2359 1699 2422 ’,
1733 2372 1828 2412 nec
1855 2355 1923 2410 de

347 2460 720 2520 transmarinis
747 2458 985 2529 partibus
1010 2455 1157 2510 velut
1195 2466 1350 2522 poma
1392 2449 1667 2522 peregrina
1704 2462 1734 2500 a
1763 2461 1920 2514 nego-

348 2553 628 2611 tiatoribus
665 2558 976 2622 apportatur
1001 2546 1023 2579 ³
1047 2563 1062 2599 :
1095 2543 1244 2601 cibus
1269 2549 1353 2597 est
1381 2555 1539 2611 quem
1564 2538 1723 2596 sentit
1748 2536 1922 2594 omnis

250 2645 255 2652 '
348 2645 439 2715 qui
465 2657 622 2698 sanas
652 2639 830 2695 fauces
859 2637 1061 2703 habet,
1099 2632 1367 2690 interioris
1394 2629 1622 2689 hominis
1647 2627 1795 2682 cibus
1818 2635 1918 2681 est.

349 2736 419 2790 Sc
445 2735 614 2803 ipsum
645 2727 1024 2787 commendans
1048 2725 1158 2780 ait:
1188 2722 1300 2793 Ego
1327 2737 1440 2775 sum
1464 2719 1609 2790 panis
1627 2717 1773 2794 rivus
1797 2756 1811 2781 ,
1837 2716 1920 2779 qui

352 2825 414 2878 de
441 2823 565 2877 caelo
599 2820 830 2875 descendi
861 2817 1040 2888 (Joan.
1073 2830 1146 2880 Vl,
1174 2811 1288 2884 5i).
1317 2809 1478 2865 Cibus
1503 2818 1585 2865 est
1607 2807 1696 2878 qui
1729 2806 1919 2873 reiicit,

353 2933 450 2984 nec
476 2914 654 2970 deﬁcit
682 2931 696 2967 :
722 2912 872 2968 cibus
895 2907 1088 2978 estqui
1116 2904 1416 2968 insumitur,
1443 2910 1498 2960 et
1522 2915 1624 2954 non
1650 2897 1921 2954 consumi-

350 3021 438 3063 tur
461 3024 476 3060 :
503 3008 654 3062 cibus
677 3012 760 3058 est
783 3001 871 3072 qui
897 2999 1195 3055 esurientes
1218 2995 1394 3060 satiat,
1423 2999 1479 3048 et
1497 2991 1698 3060 integer
1720 2997 1921 3043 manet.

349 3105 481 3157 Cum
512 3099 635 3154 hinc
663 3095 730 3152 ad
759 3108 972 3150 mensas
997 3099 1200 3146 vestras
1243 3083 1617 3154 discesseritis,
1647 3081 1778 3136 nihil
1817 3079 1924 3135 tale

350 3187 756 3247 manducahitis.
781 3184 914 3252 Quia
939 3196 1067 3252 ergo
1091 3179 1158 3235 ad
1205 3179 1332 3234 istas
1357 3174 1540 3246 epulas
1577 3171 1920 3237 convenistis,

349 3283 490 3338 bene
535 3278 800 3335 comedite
843 3293 857 3331 :
899 3273 994 3332 sed
1035 3288 1156 3328 cum
1203 3267 1458 3334 abieritis,
1503 3266 1640 3320 bene
1677 3262 1921 3334 digerite.

353 3375 495 3428 Bene
531 3371 674 3426 enim
716 3366 1000 3423 manducat
1024 3373 1079 3418 ct
1115 3361 1256 3418 male
1281 3359 1493 3430 digerit,
1521 3356 1608 3427 qui
1634 3355 1779 3410 audit
1803 3368 1923 3409 ver-

353 3465 475 3518 bum
500 3462 591 3516 Dei
621 3469 676 3515 ct
700 3475 805 3513 non
835 3457 960 3522 facit
984 3472 997 3508 :
1023 3469 1126 3509 nou
1149 3452 1290 3508 enim
1315 3450 1459 3506 ducit
1478 3449 1659 3503 utilem
1683 3461 1918 3512 succum,

349 3553 443 3615 sed
470 3551 690 3609 crudum
716 3556 890 3616 ructat
917 3543 1266 3615 indigestione
1291 3540 1575 3596 fastidium.
1861 3606 1866 3610 l

419 3644 474 3698 5.
523 3641 638 3695 Lua:
695 3639 956 3703 oculorum
1001 3634 1140 3688 cibus
1161 3673 1176 3695 ,
1247 3631 1414 3703 plures
1459 3629 1642 3700 absque
1697 3628 1776 3682 sui
1823 3626 1923 3679 mi-

350 3734 552 3796 nutione
596 3731 774 3801 pascit.
847 3727 954 3797 Nec
1012 3723 1277 3793 miremini
1323 3720 1465 3793 quod
1529 3719 1689 3774 corda
1744 3727 1922 3774 nostra

351 3827 428 3881 sic
453 3824 755 3897 epulantur,
789 3831 847 3876 ut
883 3828 939 3876 et
981 3819 1092 3890 ipsa
1121 3817 1444 3879 reﬁciantur,
1474 3823 1527 3871 et
1555 3831 1656 3870 non
1687 3814 1925 3868 minuant

350 3916 491 3986 unde
533 3914 861 3979 reﬁciantur.
907 3909 1288 3980 Corporalibus
1330 3907 1500 3962 oculis
1539 3906 1737 3961 nostris
1783 3905 1924 3960 Deus

351 4009 508 4064 talem
535 4007 711 4062 cibum
735 4003 902 4070 dedit.
925 4001 1057 4057 Nam
1086 3999 1174 4054 lux
1200 3999 1302 4053 ista
1330 3997 1479 4053 cibus
1501 4003 1583 4051 est
1609 3993 1920 4059 oculorum;

351 4099 449 4154 hac
484 4097 681 4153 lumina
713 4103 894 4151 nostra
939 4099 1248 4165 pascuntur,
1288 4097 1344 4144 et
1386 4087 1431 4142 si
1467 4086 1587 4157 quis
1629 4084 1824 4140 diutius
1870 4087 1921 4138 in

349 4188 584 4244 tenebris
625 4185 823 4250 fuerit,
865 4173 1114 4253 tanquam
1151 4176 1439 4250 jejunsndo
1473 4174 1747 4235 deficiunt.
1789 4174 1922 4229 Per-

351 4283 603 4338 diderunt
626 4280 768 4334 enim
799 4278 1043 4332 homines
1083 4273 1269 4328 oculos
1310 4269 1544 4326 sedendo
1583 4269 1634 4323 in
1667 4267 1918 4332 tenebris,

351 4390 450 4441 nec
490 4370 687 4442 aliquid
735 4368 890 4423 irruit
945 4365 1148 4430 oculis,
1199 4377 1299 4418 nec
1341 4359 1599 4431 quispiam
1641 4359 1919 4431 percussit,

351 4481 450 4519 nec
479 4463 670 4516 humor
709 4458 913 4513 alienus
940 4453 1168 4518 inﬂuxit,
1199 4467 1298 4508 nec
1341 4451 1536 4522 pulvis,
1575 4465 1674 4505 nec
1702 4449 1876 4504 fumus
1906 4467 1920 4503 :

353 4551 660 4625 producitur
708 4550 868 4610 homo
913 4553 1032 4616 post
1062 4543 1330 4612 tenebras,
1371 4549 1427 4594 et
1469 4555 1574 4595 non
1599 4539 1745 4602 videt
1783 4538 1924 4612 quod

353 4644 563 4700 videbat
588 4660 602 4696 :
629 4639 769 4696 oculi
808 4637 926 4708 ejus
960 4636 1099 4690 fame
1134 4633 1325 4688 mortui
1351 4639 1510 4696 sunt;
1542 4629 1719 4685 cibum
1747 4643 1918 4694 suum,

351 4738 454 4792 hoc
477 4743 578 4798 est,
615 4733 783 4787 lucem
808 4744 912 4789 non
939 4724 1198 4792 sumendo
1224 4721 1550 4786 deiecerunt.
1578 4719 1768 4774 Videte
1795 4733 1924 4789 ergo

351 4825 491 4898 quod
522 4820 796 4896 proposui,
827 4818 999 4891 qualis
1026 4818 1095 4872 sit
1119 4815 1268 4871 cibus
1296 4813 1569 4868 oculorum
1598 4818 1920 4870 nostrorum.

351 4920 451 4976 Ista
483 4917 571 4972 lux
596 4913 806 4978 videtur
846 4909 916 4976 ab
943 4907 1208 4974 omnibus,
1246 4905 1413 4977 pascit
1436 4902 1671 4968 omnium
1706 4902 1919 4965 oculos;

346 5021 402 5066 et
440 5014 690 5080 aspectus
714 5002 942 5060 videntis
986 4999 1241 5067 reﬁcitur,
1270 5005 1324 5054 et
1366 4997 1452 5051 lux
1498 4995 1698 5066 integra
1748 5007 1924 5063 perse-

353 5107 519 5158 ierat.
549 5098 606 5154 Si
631 5097 738 5152 duo
762 5094 995 5163 videant,
1029 5099 1169 5156 tanta
1200 5096 1509 5160 permanet;
1557 5086 1600 5140 sl
1641 5085 1818 5155 plures
1838 5084 1921 5138 vi-

351 5190 531 5257 deant,
554 5187 744 5245 eadem
769 5191 1048 5257 permanet.
1073 5200 1086 5236 :
1112 5181 1260 5238 dives
1285 5180 1478 5246 videat,
1504 5193 1704 5250 pauper
1727 5177 1922 5244 videat,

412 5351 433 5381 '
455 5348 527 5398 sic
543 5343 810 5410 legendum
834 5354 896 5394 ex
921 5339 1205 5391 auctoritate
1226 5339 1403 5392 codicis
1423 5344 1512 5390 cst.
1541 5337 1605 5400 [et
1627 5335 1714 5388 tua:
1745 5342 1839 5398 est,
1879 5343 1926 5387 et

351 5408 810 5532 adgrsfgiggeudum
833 5478 899 5532 ex
912 5461 1203 5532 auctoritate
1213 5460 1388 5532 codicis
1403 5469 1491 5512 est.
1508 5459 1762 5524 [nusquam
1775 5459 1923 5520 deest,

351 5544 438 5596 nec
463 5533 524 5596 de
544 5523 876 5596 transmarinis
901 5524 1132 5596 partibus,
1160 5523 1281 5596 etc]
1424 5583 1451 5596 υ
1486 5585 1496 5596 ⁸
1633 5523 1645 5596 '_
1721 5583 1738 5596 ν
1892 5579 1901 5596 ν.

415 5594 436 5626 ³
464 5595 535 5643 sic
585 5591 849 5655 legendum
902 5583 962 5649 ex
1017 5583 1302 5648 auctoritate
1351 5583 1526 5635 codicis
1580 5589 1669 5632 cst.
1721 5583 1922 5648 [appor-

347 5664 523 5722 tantur.
545 5655 560 5707 1

1579 249 1638 304 S.
1681 245 2042 306 AUCESTINI
2081 233 2380 304 ensum

3511 254 3610 316 181

2026 362 2243 431 aequalis
2267 371 2349 417 est
2373 363 2638 418 omnibus.
2670 363 2855 419 Nullus
2905 367 2955 419 in
2995 380 3058 422 ea
3083 365 3279 422 limites
3303 367 3413 436 figit
3435 410 3448 432 ,
3498 367 3609 422 im-

2029 450 2210 520 pletur
2249 451 2496 522 pauperis
2541 453 2737 523 inopia,
2766 454 2918 509 vaeat
2953 454 3130 510 divitis
3170 455 3407 510 avaritia.
3442 456 3612 512 Num-

2029 541 2155 611 quid
2201 542 2343 596 enim
2385 544 2471 613 qui
2519 544 2636 613 plus
2680 543 2874 611 habet,
2913 545 3032 615 plus
3074 545 3238 610 videt,
3267 556 3358 600 aut
3399 548 3613 618 prolato

2025 649 2158 687 auro
2187 646 2523 705 praeoccupat
2547 652 2855 707 pauperem,
2880 647 2934 693 et
2957 639 3083 693 emit
3110 640 3208 692 sibi
3238 640 3378 709 quod
3405 641 3608 706 videat,

2027 733 2084 780 ut
2127 726 2215 781 ille
2259 743 2363 781 non
2408 727 2642 784 habeat?
2690 729 2745 784 Si
2787 745 2916 801 ergo
2957 731 3078 785 talis
3121 731 3272 786 cibus
3317 742 3396 786 est
3435 735 3608 787 oculis

2023 819 2238 883 nostris,
2278 819 2403 889 quid
2433 831 2513 876 est
2541 821 2654 890 ipse
2681 822 2822 877 Deus
2847 823 3111 878 mentibus
3144 825 3340 877 nostris
3368 825 3392 877 ?

2095 907 2146 962 4.
2173 906 2342 964 Sanus
2367 919 2412 963 et
2436 910 2709 965 intellectus
2738 913 2870 967 vocis
2913 914 2980 966 ad
3008 911 3177 985 plnrcs
3205 918 3312 968 sine
3337 917 3612 986 partitione

1973 1027 1981 1038 -
2025 1000 2260 1068 pervenit.
2279 1000 2342 1056 Et
2357 1003 2561 1056 aurium
2578 1003 2786 1073 quidam
2801 1004 2950 1059 cibus
2962 1020 3124 1060 sonus
3141 1016 3298 1071 est,et
3312 1007 3422 1076 ipse
3439 1010 3611 1078 qltulis

2023 1101 2104 1144 est
2119 1091 2140 1144 ?
2166 1092 2332 1146 Deliis
2347 1095 2486 1148 enim
2501 1096 2741 1151 sensibus
2756 1097 2994 1167 corporis
3009 1100 3020 1130 ³
3047 1099 3240 1154 mentis
3255 1100 3305 1153 iu
3317 1101 3612 1171 telligibiiia

2023 1182 2381 1251 conjiciamus.
2415 1185 2549 1240 Ecce
2570 1185 2752 1256 loquor
2767 1186 3019 1241 Charitati
3039 1196 3225 1242 vestae
3256 1207 3269 1242 :
3299 1189 3488 1244 adsunt
3515 1207 3609 1245 au-

2025 1289 2131 1340 res,
2157 1275 2349 1330 adsunt
2391 1286 2613 1331 mentes.
2643 1277 2756 1332 Duo
2796 1278 3037 1349 quaedam
3076 1281 3535 1345 nominavi,aures
3555 1293 3608 1339 et

2026 1376 2266 1433 mentes;
2293 1378 2346 1423 et
2370 1369 2422 1424 in
2445 1385 2510 1424 eo
2537 1370 2673 1440 quod
2692 1371 2898 1442 loquor,
2917 1372 3272 1445 duoquzndam
3294 1386 3418 1432 sunt
3444 1393 3610 1433 sonus

2024 1465 2077 1512 et
2098 1457 2391 1514 intellectus
2424 1479 2436 1514 :
2468 1462 2622 1516 simul
2678 1462 2936 1529 feruntur,
2971 1465 3127 1520 simul
3168 1467 3234 1522 ad
3262 1485 3445 1523 aurem
3477 1486 3608 1539 per—

2025 1547 2276 1611 veniunt;
2303 1564 2466 1604 sonus
2493 1562 2729 1607 remanet
2755 1553 2805 1607 in
2827 1569 2973 1617 aure,
3002 1555 3297 1612 intellectus
3319 1557 3598 1614 descendit

2029 1637 2082 1690 in
2105 1637 2288 1696 corde.
2315 1638 2419 1694 Sed
2443 1639 2510 1696 de
2536 1656 2667 1697 sono
2698 1644 2809 1713 ipso
2836 1645 2980 1714 prius
3019 1646 3356 1704 advertamus
3403 1661 3607 1721 quanto

2024 1727 2370 1785 excellentius
2422 1731 2743 1787 intellectum
2773 1749 2954 1792 amare
2997 1735 3271 1793 debemus.
3303 1739 3476 1795 Sontts
3521 1751 3606 1797 est

2025 1815 2174 1885 quasi
2199 1831 2414 1887 corpus,
2439 1819 2736 1877 intellectus
2758 1825 3004 1894 estquasi
3043 1825 3274 1882 animus.
3297 1827 3404 1884 Sed
3433 1846 3599 1885 sonus

2025 1920 2145 1959 mox
2174 1915 2229 1960 ut
2258 1921 2433 1962 aerem
2463 1911 2797 1978 percusserit,
2825 1927 3112 1984 auremque
3153 1918 3401 1988 tetigerit,
3434 1927 3607 1976 trans-

2026 1996 2098 2062 it,
2150 2014 2247 2054 nec
2292 2011 2599 2068 revocatur,
2659 2019 2756 2058 nec
2792 2004 2966 2060 adhuc
2993 2015 3165 2062 sonat.
3205 2007 3278 2064 lta
3328 2010 3468 2064 enim
3499 2012 3603 2067 sibi

2024 2089 2245 2160 syllaba:
2267 2093 2556 2162 praeeundo
2581 2102 2634 2148 et
2653 2095 2925 2165 sequendo
2953 2099 3264 2166 succedunt,
3295 2110 3349 2155 ut
3369 2102 3604 2158 secunda

2025 2193 2130 2233 non
2181 2190 2355 2246 sonet,
2413 2181 2512 2234 nisi
2565 2183 2730 2252 prima
2770 2186 3060 2240 transierit.
3110 2187 3480 2246 Verumtamen
3525 2193 3607 2247 sic

2023 2269 2288 2337 quomodo
2313 2271 2575 2340 quoddam
2604 2273 2961 2329 transitorium
3026 2292 3272 2347 magnum
3304 2279 3461 2336 habet
3495 2281 3607 2335 mis

2025 2359 2287 2415 raculum.
2313 2361 2447 2416 Ecce
2467 2362 2606 2416 enim
2629 2364 2672 2417 si
2689 2363 2837 2419 vobis
2858 2367 3210 2423 esurientibus
3234 2365 3416 2437 panem
3431 2386 3602 2439 appo-

2025 2463 2232 2515 nerent,
2261 2465 2364 2504 non
2395 2454 2692 2520 perveniret
2710 2453 2777 2508 ad
2814 2455 3048 2526 singulos
3077 2473 3091 2520 ;
3145 2468 3309 2513 totum
3332 2459 3602 2518 dividere-

2026 2541 2092 2601 tis
2119 2541 2267 2596 vobis
2292 2543 2430 2613 quod
2466 2545 2782 2615 posuissem,
2807 2556 2860 2602 et
2900 2559 3096 2618 quanto
3124 2551 3300 2620 plures
3345 2554 3530 2608 eSSelis
3555 2555 3604 2620 ’,

2027 2642 2172 2689 tanto
2201 2635 2377 2696 minus
2407 2636 2689 2696 haberetis.
2709 2638 2862 2694 Modo
2881 2651 3055 2695 autem
3096 2658 3398 2699 sermonem
3422 2645 3605 2716 prole-

2026 2737 2110 2791 ro,
2136 2724 2293 2779 verba
2325 2724 2460 2782 inter
2489 2741 2582 2782 vos
2597 2737 2652 2783 et
2675 2728 2904 2797 syllabas
2928 2745 3029 2785 non
3055 2731 3306 2801 diriditis,
3329 2751 3426 2790 nec
3445 2753 3601 2792 seca—

2027 2814 2094 2870 tis
2135 2831 2434 2872 sermonem
2485 2834 2678 2885 meum,
2713 2830 2771 2874 ut
2797 2821 2932 2878 alius
2987 2823 3136 2879 tollat
3167 2825 3319 2880 istam
3371 2838 3604 2894 partem,

2025 2904 2163 2960 alius
2192 2906 2355 2985 illam,
2385 2915 2439 2964 et
2459 2908 2537 2962 sic
2575 2908 2872 2965 minutatim
2901 2920 2957 2968 et
2995 2913 3344 2982 particulatim
3385 2917 3451 2972 ad
3497 2920 3610 2974 sin-

2024 2996 2178 3066 gulos
2195 3011 2432 3068 quosque
2453 2997 2596 3068 quod
2640 2998 2760 3055 dico
2787 3003 3062 3072 perveniat
3092 3021 3104 3057 :
3135 3004 3228 3060 sed
3254 3015 3422 3061 totum
3451 3009 3604 3064 audit

2026 3101 2201 3153 unus,
2229 3097 2395 3142 totum
2422 3088 2640 3147 audiunt
2663 3088 2792 3160 duo,
2837 3100 3002 3147 totum
3041 3093 3261 3149 audiunt
3303 3097 3501 3167 plures,
3551 3108 3610 3154 et

2032 3187 2294 3247 quotquot
2323 3179 2570 3236 venerint
2614 3190 2781 3237 totum
2809 3183 3066 3250 audiunt;
3107 3194 3160 3242 et
3184 3188 3430 3243 omnibus
3451 3191 3606 3244 sulti-

2026 3268 2118 3332 cit,
2149 3279 2197 3323 et
2226 3270 2447 3341 singulis
2484 3271 2745 3343 integrum
2775 3283 2857 3330 est
2885 3294 2898 3330 :
2931 3285 3269 3348 prmparatur
3291 3279 3356 3334 ad
3381 3281 3607 3337 audien-

2025 3356 2150 3412 dum
2180 3359 2325 3415 auris
2350 3369 2457 3424 tua,
2489 3376 2589 3418 nec
2615 3377 2733 3418 eam
2759 3362 2966 3420 fraudat
3013 3366 3184 3422 vicina
3211 3369 3358 3424 auris
3403 3371 3600 3426 aliena.

2027 3445 2082 3502 Si
2112 3447 2211 3503 hoc
2241 3449 2301 3504 ﬁt
2323 3449 2391 3505 de
2417 3451 2580 3507 verbo
2604 3463 2847 3520 sonante,
2888 3455 3013 3526 quid
3039 3456 3095 3511 lit
3127 3457 3194 3515 de
3224 3459 3399 3514 Verbo
3424 3463 3607 3518 omni-

2027 3543 2284 3612 potente?
2336 3543 2615 3611 Quomodo
2657 3547 2800 3602 enim
2850 3563 2952 3604 vox
3005 3549 3102 3604 ista
3156 3561 3335 3607 nostra
3385 3555 3608 3612 auribus

2026 3631 2265 3688 omnium
2284 3632 2610 3689 audientium
2630 3637 2854 3708 singulis
2884 3647 2992 3694 tota
3013 3649 3164 3696 estet
3190 3643 3329 3714 apud
3361 3645 3602 3714 singulos

2029 3731 2134 3778 tota
2161 3734 2274 3789 est;
2303 3739 2402 3780 nec
2431 3732 2509 3781 tot
2533 3736 2655 3782 sunt
2681 3743 2816 3784 mea:
2840 3746 2999 3788 voces
3041 3743 3172 3802 quot
3200 3745 3390 3789 vestrae
3419 3753 3605 3799 aures.

2026 3812 2119 3867 sed
2151 3828 2254 3868 una
2294 3829 2393 3870 vox
2437 3815 2630 3872 multas
2680 3832 2839 3874 aures
2871 3821 3076 3891 implet,
3114 3839 3220 3878 non
3263 3825 3448 3887 divisa,
3500 3829 3598 3883 sed

2025 3902 2269 3958 omnibus
2285 3911 2391 3958 tota
2415 3920 2430 3958 :
2457 3904 2535 3960 sic
2549 3905 2775 3976 cogitate
2796 3907 3028 3965 Verbum
3057 3911 3150 3967 Dei
3174 3923 3340 3968 totum
3360 3915 3410 3969 in
3428 3917 3605 3982 coctis,

2025 4002 2193 4048 totum
2217 3995 2266 4049 in
2294 3995 2468 4061 terris,
2494 4005 2658 4053 totum
2680 3999 2732 4053 in
2755 3999 2990 4071 Angelis,
3014 4011 3178 4060 totum
3205 4006 3343 4077 apud
3367 4008 3603 4076 Patrem,

2027 4092 2193 4138 totum
2221 4084 2360 4154 apud
2392 4085 2682 4157 Virginem,
2726 4099 2896 4146 totum
2927 4092 2979 4146 in
3008 4096 3321 4164 aeternitate,
3355 4107 3520 4154 totum
3551 4101 3605 4155 iu

2024 4188 2207 4243 Carne,
2235 4185 2399 4234 totum
2415 4178 2480 4234 ad
2503 4178 2722 4247 inferos,
2737 4198 2858 4241 cum
2877 4185 3131 4253 visitarct,
3161 4197 3329 4244 totum
3361 4192 3410 4245 in
3450 4208 3610 4262 para-

2024 4266 2163 4333 diso,
2185 4283 2292 4338 quo
2319 4269 2581 4326 latronem
2609 4277 2896 4331 transtulit.
2931 4277 3054 4334 llaec
3082 4279 3188 4334 dixi
3210 4281 3276 4336 de
3305 4299 3458 4338 sono.

2097 4358 2148 4413 5.
2179 4357 2551 4416 Deintellectu.
2596 4363 2751 4431 Quid,
2785 4366 2828 4421 si
2873 4366 2941 4422 de
2969 4367 3236 4425 intellectu
3291 4373 3596 4443 aliquiddi-

2025 4450 2189 4504 eam?
2221 4462 2419 4522 quanto
2471 4455 2646 4513 minus
2672 4465 2754 4512 est
2796 4475 2952 4528 quam
3011 4460 3239 4516 Verbum
3298 4463 3436 4519 Dei?
3465 4467 3609 4523 Ecca

2025 4540 2165 4595 enim
2183 4557 2371 4599 sonum
2403 4544 2646 4616 profero;
2679 4549 2769 4603 sed
2790 4564 2909 4605 cum
2934 4554 3230 4620 protulero,
3255 4554 3363 4622 jam
3388 4572 3492 4612 non
3519 4575 3613 4615 rc-

2026 4644 2158 4686 voco
2176 4631 2225 4699 ⁸,
2248 4632 2342 4687 sed
2363 4634 2406 4687 si
2435 4635 2555 4690 volo
2581 4637 2773 4705 audiri,
2809 4640 3033 4696 alterum
3062 4659 3250 4700 sonum
3283 4647 3515 4716 profero,
3547 4660 3607 4706 et

2027 4735 2146 4774 cum
2191 4720 2304 4790 ipse
2331 4723 2618 4790 transierit,
2647 4728 2858 4793 profero
2901 4730 3146 4797 alterum,
3192 4746 3286 4789 aut
3332 4736 3610 4796 silentium

2027 4819 2380 4880 consequetur
2408 4829 2421 4866 :
2456 4812 2777 4870 intellectum
2833 4833 2961 4872 vero
2995 4829 3051 4876 et
3093 4823 3306 4889 profero
3351 4825 3416 4880 ad
3447 4836 3518 4893 te,
3547 4840 3608 4886 ct

2029 4907 2186 4954 teneo
2211 4899 2349 4968 apud
2379 4916 2463 4956 me
2487 4918 2502 4966 ;
2535 4912 2589 4957 et
2618 4905 2821 4960 iuvenis
2849 4908 2989 4978 quod
3031 4911 3250 4978 audisti,
3277 4925 3332 4969 et
3355 4932 3460 4971 non
3485 4933 3611 4987 per-

2027 4989 2098 5045 do
2123 4991 2261 5060 quod
2283 4991 2412 5046 dixi.
2438 4992 2624 5049 Videte
2643 5010 2798 5065 quam
2831 5014 2952 5056 vera
2975 5001 3100 5066 sint,
3152 5012 3206 5058 et
3242 5005 3436 5059 ιωιειιιν
3475 5024 3562 5061 cor
3583 5007 3609 5041 δ

2027 5081 2355 5160 gementium
2386 5080 2678 5142 Dominum.
2711 5087 2967 5145 Dominus
3014 5092 3156 5146 enim
3207 5093 3319 5164 ipsa
3344 5096 3611 5168 principa-

2093 5279 2588 5371 lﬂ‘iﬂii‘tﬁﬁmﬁ
2610 5292 2721 5371 EE:
2744 5285 3044 5371 ’φθίλίθξιδ
3061 5291 3324 5371 ρπροτςίδ-

2111 5340 2488 5414 Lsiclegendum
2523 5357 2585 5414 ex
2610 5340 2894 5414 auctoritate
2923 5350 3100 5414 codicis
3120 5340 3209 5402 est.
3237 5340 3401 5414 [totum
3421 5355 3616 5407 divide-

2032 5399 2310 5473 ret_i.s__rot_ti§,
2335 5409 2465 5473 tanta
2485 5403 2641 5457 minus
2663 5406 2939 5473 habe_retis.]

2094 5462 2208 5537 {sic
2231 5463 2492 5525 legendum
2517 5480 2580 5537 es
2607 5471 2892 5537 auctoritate
2913 5462 3090 5537 codicis
3109 5482 3199 5524 cst.
3227 5474 3358 5537 [ecce
3387 5475 3464 5529 ηιξ
3483 5492 3512 5526 :1
3535 5493 3613 5530 so-

2031 5535 2453 5596 ntttnAnonreroco,
2477 5527 2562 5596 sed
2584 5528 2627 5578 si
2649 5529 2750 5580 uolo
2771 5531 2975 5596 mntiri]

2033 5586 2114 5696 cc;
2139 5586 2332 5696 [igitur
2358 5587 2406 5636 in
2436 5589 2599 5640 codice
2617 5599 2703 5643 est.
2735 5607 2746 5641 :
2775 5592 2937 5646 ridete
2958 5586 3071 5658 una
3106 5597 3247 5648 verba
3274 5604 3386 5659 sua,
3407 5606 3613 5665 ιωιςευι

2119 5682 2252 5708 δνῠυι
