3988 6190
392 345 492 399 185

384 456 452 508 Ιίὲ
476 451 673 506 veritas
693 457 792 502 est.
823 445 1124 502 Intellectus
1155 461 1281 514 ergo
1310 459 1526 499 manens
1553 444 1603 497 in
1629 442 1790 497 corde
1839 456 1958 496 meo

383 538 662 612 migratad
682 549 852 601 tuum,
877 553 972 590 nec
998 535 1192 589 deserit
1218 549 1412 588 meum.
1443 533 1814 587 Verumtamen
1837 545 1955 584 cum

385 632 690 686 intellectus
721 630 859 683 inest
883 626 1026 682 cordi
1058 641 1196 690 meo,
1218 632 1272 679 et
1296 623 1416 678 volo
1434 632 1490 678 ut
1511 623 1636 678 insit
1652 625 1807 678 etiam
1833 638 1953 677 cor-

385 726 440 781 di
471 735 581 790 tuo,
609 737 793 794 quarm
813 732 914 790 qua
939 717 1005 772 ad
1039 727 1086 771 te
1108 725 1338 771 transeat
1361 717 1508 785 quasi
1543 714 1841 770 vehiculum
1871 728 1956 768 so-

385 831 511 870 num
533 832 548 879 ;
572 821 626 869 et
642 826 858 866 assumo
877 824 1085 872 sonum,
1100 819 1152 862 et
1171 807 1317 876 quasi
1337 807 1548 875 impono
1563 805 1884 859 intellectum
1909 805 1950 868 ί,

385 916 441 960 ει
463 901 697 975 profero,
731 908 784 955 et
809 899 1062 968 produco,
1085 905 1139 950 et
1165 896 1328 950 doceo
1348 905 1400 949 et
1425 909 1526 947 non
1551 894 1752 946 amitto.
1780 892 1833 947 Si
1863 906 1957 961 po-

393 994 612 1050 tuithoe
633 990 810 1045 facere
840 987 1136 1042 intellectus
1165 1001 1313 1040 meus
1328 983 1394 1038 de
1416 998 1545 1038 voce
1568 997 1705 1048 mea,
1733 996 1838 1036 non
1861 998 1956 1049 po-

395 1088 494 1142 tuit
517 1084 752 1138 Verbum
783 1080 875 1134 Dei
896 1079 964 1133 de
1004 1093 1164 1132 carne
1190 1090 1281 1130 sua
1306 1075 1370 1128 '?
1397 1075 1531 1129 Ecce
1559 1074 1698 1128 enim
1726 1072 1954 1126 Verbum

391 1179 482 1232 Dei
512 1177 654 1230 Deus
695 1170 834 1241 apud
865 1170 1055 1234 Deum,
1082 1167 1332 1236 sapientia
1364 1166 1454 1220 Dei
1502 1178 1721 1218 manens
1750 1163 1956 1215 incom-

392 1266 718 1322 mutabiliter
748 1261 885 1330 apud
906 1260 1136 1322 Patrem,
1167 1268 1221 1311 ut
1246 1255 1553 1327 procederet
1596 1253 1661 1308 ad
1692 1268 1810 1318 nos,
1836 1267 1954 1306 ear-

391 1373 516 1412 ncm
538 1354 688 1424 quasi
710 1365 898 1406 sonum
945 1348 1205 1418 quaesivit,
1255 1347 1407 1414 eique
1435 1359 1493 1399 se
1533 1344 1771 1406 inseruit,
1803 1351 1858 1398 et
1888 1340 1956 1394 ad

391 1466 492 1502 nos
523 1443 802 1515 processit,
834 1451 884 1495 et
910 1455 937 1492 a
965 1439 1117 1493 Patre
1137 1451 1241 1490 non
1282 1434 1519 1490 recessit.
1545 1433 1842 1502 lntelligite,
1869 1446 1957 1486 sa-

389 1542 504 1608 pite
530 1536 632 1590 hoc
650 1532 788 1604 quod
816 1531 1054 1592 audistis,
1087 1538 1339 1599 quantum
1357 1529 1424 1582 sit
1451 1535 1502 1582 et
1531 1527 1683 1596 quale
1707 1526 1952 1595 cogitate,

391 1639 444 1682 ει
472 1626 540 1680 de
565 1627 674 1679 Deo
713 1623 910 1691 majora
961 1620 1172 1675 sentite.
1202 1618 1376 1672 Vincit
1402 1618 1489 1671 ille
1512 1633 1722 1672 omnem
1759 1618 1954 1679 lucem,

392 1716 564 1770 vincit
589 1727 798 1769 omnem
826 1725 1035 1775 sonum,
1065 1709 1454 1762 vincitomnem
1477 1707 1820 1761 intellectum.
1853 1706 1956 1759 De-

393 1805 713 1862 siderandus
733 1812 832 1870 est,
851 1810 906 1857 et
932 1801 994 1857 ad
1016 1815 1134 1856 eum
1157 1799 1413 1854 charitate
1442 1797 1746 1852 inhiandum
1773 1805 1874 1860 est,
1902 1805 1958 1850 ut

390 1901 596 1954 tinetur
616 1913 704 1950 cor
719 1894 1042 1966 querentium
1069 1891 1362 1944 Dominum.

891 2023 1118 2080 δειλιιο
1153 2021 1346 2077 χχιχ·
1375 2021 1470 2093 (a).

408 2139 488 2192 De
514 2137 703 2192 versui
734 2135 928 2190 Psalmi
951 2150 1113 2198 cxvu,
1137 2133 1473 2189 Couﬁtemiui
1531 2133 1771 2198 Domino,
1823 2147 1956 2203 quo-

937 2227 1077 2282 niam
1104 2227 1274 2280 bonus
1300 2234 1399 2280 est.

405 2365 622 2419 Habitus
647 2363 967 2434 Carthagine,
998 2362 1048 2414 in
1074 2361 1279 2414 basilica
1322 2359 1585 2422 Restituta,
1612 2359 1692 2412 die
1717 2356 1959 2411 Penteco-

961 2462 1059 2506 stes
1084 2453 1134 2505 in
1170 2450 1364 2521 Vigiliis
1385 2451 1426 2502 ‘.

471 2565 698 2622 CAPUT
747 2563 1114 2619 PRIMUM.—
1152 2563 1203 2619 1.
1249 2561 1420 2615 Bonus
1461 2579 1492 2614 a
1536 2578 1589 2614 se
1621 2563 1757 2617 solus
1807 2563 1962 2629 Dens,

403 2677 434 2710 a
460 2674 560 2726 quo
589 2666 768 2710 cratera
809 2655 955 2707 bona.
1000 2652 1267 2707 Admonui
1305 2666 1508 2716 sumus,
1537 2659 1589 2705 et
1629 2651 1828 2720 Spiritu
1873 2652 1964 2707 Dei

406 2757 730 2818 przcceptum
760 2754 841 2800 est
869 2743 1041 2809 nobis,
1065 2751 1122 2797 ut
1171 2744 1514 2797 eonliteamur
1541 2743 1762 2797 Domino
1788 2760 1800 2796 :
1833 2753 1887 2797 et
1905 2758 1968 2797 ea

405 2853 566 2891 causa
591 2837 730 2890 dicta
759 2842 843 2888 est
887 2832 1168 2888 conﬁtendi
1224 2832 1462 2896 Domino,
1511 2832 1756 2901 quoniam
1803 2833 1970 2887 bonus

406 2936 511 2981 est.
562 2925 800 2979 Breviter
823 2922 1032 2984 dicitur,
1080 2919 1217 2990 quod
1242 2919 1645 2989 profundissime
1691 2922 1966 2990 cogitatur.

403 3013 747 3083 Conﬁtemini,
776 3012 961 3081 inquit,
989 3010 1219 3064 Domino.
1244 3009 1311 3064 Et
1329 3020 1571 3078 tanquam
1589 3026 1966 3079 quaereremus,

404 3104 618 3171 Quare?
649 3117 959 3170 responsum
989 3109 1091 3164 est,
1125 3099 1376 3164 Quoniam
1399 3098 1556 3152 bonus
1582 3113 1672 3153 est.
1703 3101 1836 3167 Quid
1857 3101 1972 3169 plus

408 3195 625 3264 qurcris,
655 3202 744 3245 aut
773 3192 819 3245 si
845 3191 985 3245 aliud
1005 3190 1219 3260 qumris,
1248 3205 1403 3260 quam
1435 3189 1671 3244 bonum?
1697 3191 1860 3246 Tanta
1894 3193 1970 3247 vis

408 3291 494 3337 at
513 3282 654 3346 boni,
685 3289 744 3335 ut
772 3282 964 3335 bonum
993 3288 1230 3349 quaerant
1254 3286 1306 3332 et
1334 3279 1477 3332 mali.
1495 3278 1598 3334 Sed
1616 3280 1718 3334 alia
1740 3296 1858 3350 qua:
1885 3280 1970 3335 di-

407 3381 603 3426 cuntur
625 3371 782 3433 bona,
821 3370 888 3423 ab
916 3369 1091 3438 aliquo
1119 3368 1257 3422 bono
1285 3367 1480 3422 habent
1522 3376 1579 3422 ut
1631 3368 1738 3423 sint
1781 3371 1916 3424 bona
1952 3390 1964 3426 :

409 3465 456 3516 si
482 3468 659 3514 autem
679 3460 966 3528 qumrimus
990 3459 1164 3512 omnia
1193 3458 1329 3512 bona
1367 3473 1396 3511 a
1424 3473 1528 3527 quo
1554 3457 1750 3514 habent
1782 3469 1841 3514 ut
1868 3460 1974 3514 sint

410 3553 592 3618 bona;
637 3551 929 3606 recolnmus
974 3549 1112 3620 quod
1164 3549 1361 3604 dictum
1400 3557 1520 3616 est,
1565 3549 1632 3604 Et
1680 3553 1796 3620 fecit
1839 3551 1975 3607 Dens

411 3643 604 3704 omnia,
630 3649 678 3694 et
707 3656 816 3693 ecce
841 3639 969 3692 bona
993 3639 1172 3708 ualde(
1199 3637 1324 3693 Gen.
1351 3654 1389 3702 I,
1428 3639 1490 3694 5i
1520 3639 1557 3704 ).
1585 3641 1792 3694 Nullum
1819 3642 1975 3710 igitur

411 3739 557 3787 esset
580 3731 800 3793 bonum,
819 3729 915 3784 nisi
939 3729 1128 3783 factum
1157 3737 1344 3785 esseta
1376 3731 1536 3785 bono.
1564 3730 1629 3785 Et
1657 3747 1688 3786 a
1717 3733 1852 3801 quali
1883 3732 1976 3787 bo-

412 3836 487 3876 no
507 3819 529 3872 2
551 3818 703 3885 Quod
723 3818 894 3872 nullus
921 3817 1061 3872 fecit.
1097 3817 1305 3873 Nullum
1337 3833 1465 3889 ergo
1485 3819 1678 3874 bonum
1700 3830 1860 3889 esset,
1891 3823 1974 3876 ni-

415 3910 460 3962 si
489 3923 520 3961 a
539 3907 679 3961 bono
699 3906 888 3960 factum
917 3915 1080 3971 esset,
1110 3904 1253 3975 quod
1293 3906 1485 3961 factum
1521 3918 1739 3963 nonest.
1772 3909 1972 3965 Bonum

412 3998 634 4062 coelum,
664 3995 759 4050 sed
805 3997 997 4049 factum
1037 3995 1232 4050 bonum
1267 3995 1432 4051 :boni
1460 3997 1666 4065 Angeli,
1716 3999 1808 4053 sed
1854 3999 1972 4055 facti

415 4091 546 4146 boni
573 4108 585 4142 ε
615 4090 751 4144 bona
801 4087 994 4152 sidera,
1025 4087 1102 4141 sol
1131 4096 1185 4141 et
1217 4087 1359 4152 luna,
1409 4087 1688 4143 alternatio
1721 4091 1892 4144 noctis
1921 4099 1976 4146 et

414 4181 549 4246 diei,
583 4191 875 4252 temporum
915 4179 1078 4244 vices,
1122 4179 1384 4233 volumina
1426 4180 1759 4246 saeculorum,
1789 4196 1976 4238 cursus

411 4283 699 4336 annorum,
716 4270 948 4341 genuina
977 4269 1256 4325 herbarum
1277 4278 1329 4324 et
1347 4269 1613 4335 arborum,
1636 4280 1836 4326 naturae
1855 4272 1972 4328 ani-

414 4360 655 4423 malium,
685 4370 734 4414 et
753 4361 888 4414 inter
918 4361 1028 4413 haec
1047 4357 1225 4413 omnia
1245 4368 1481 4414 creatura
1498 4359 1756 4415 laudatrix
1780 4362 1972 4430 homo;

416 4450 594 4502 omnia
615 4449 772 4509 bona,
801 4447 890 4501 sed
908 4447 1039 4500 facta
1068 4446 1234 4510 bona;
1265 4455 1318 4500 et
1336 4463 1364 4500 a
1391 4447 1499 4502 Deo
1517 4447 1671 4513 bona,
1701 4466 1807 4504 non
1831 4465 1860 4504 a
1895 4466 1972 4506 se.

418 4538 523 4604 Qui
583 4537 705 4590 fecit
748 4536 878 4602 haec,
922 4550 1077 4605 super
1101 4536 1276 4589 omnia
1303 4545 1384 4590 est
1413 4537 1582 4592 bonus
1611 4556 1624 4592 :
1652 4540 1769 4608 quia
1801 4541 1976 4596 nullus

411 4643 538 4682 eum
567 4627 691 4681 fecit
727 4626 917 4689 bonus,
948 4625 1038 4681 sed
1065 4641 1094 4680 a
1120 4641 1178 4680 se
1208 4627 1322 4695 ipso
1347 4627 1514 4682 bonus
1541 4637 1639 4683 est.
1667 4627 1774 4686 Nec
1799 4640 1972 4688 tamen

412 4717 518 4771 sibi
549 4716 669 4781 soli,
695 4715 854 4771 sedet
874 4715 1026 4770 nobis
1047 4716 1215 4771 bonus
1237 4725 1337 4772 est.
1384 4715 1700 4787 Conﬁtemini
1718 4737 1844 4792 ergo
1868 4721 1976 4777 Do-

414 4808 574 4873 mino,
599 4807 833 4879 quoniam
861 4809 1018 4862 bonus
1045 4818 1138 4862 est.
1884 4813 1886 4815 ’

487 4940 500 5006 ε
525 4939 598 4987 sic
613 4937 874 5006 legendum
905 4950 972 5006 εχ
995 4939 1274 5006 auctoritate
1297 4939 1470 4990 codicis
1491 4947 1584 4990 est.
1603 4941 1786 5006 [qurere
1803 4957 1898 5006 qua
1913 4945 1978 5006 ad

414 5005 466 5070 te
484 4997 692 5070 transeat
707 4999 844 5070 quasi
867 4997 1133 5070 eelziculum
1152 5012 1353 5061 sonum;
1375 4997 1623 5066 assianpto‘
1633 4997 1770 5064 quasi
1795 4997 1906 5056 sono
1933 5005 1979 5056 ei

415 5059 607 5152 italicae
623 5058 948 5120 intellectum]
1334 5058 1344 5061 ’
1533 5058 1546 5066 ⁷
1645 5058 1656 5064 ⁷

422 5180 448 5192 Δ
526 5119 882 5192 δίευιεεειιᾴιιω
915 5133 976 5169 ex
999 5120 1279 5192 auctoritate
1505 5129 1593 5192 est:
1621 5123 1688 5184 [si
1723 5125 1869 5192 potuit
1889 5126 1977 5177 hoc

413 5180 578 5244 facere
595 5179 855 5244 intellectus
876 5193 1008 5244 meus
1027 5181 1087 5244 de
1108 5195 1215 5230 voce
1234 5195 1354 5232 mea.
1382 5191 1498 5232 Ecce
1514 5179 1657 5240 enini,
1681 5179 1773 5234 etc.

485 5241 505 5272 ³
521 5246 588 5289 De
611 5238 716 5289 loco
737 5241 914 5305 dieque
936 5242 1084 5305 habiti
1121 5244 1357 5292 sermonis
1386 5244 1501 5291 nihil
1524 5245 1572 5292 in
1591 5238 1720 5305 [rius
1745 5238 1883 5295 editis
1926 5255 1979 5298 Αι

415 5301 470 5349 in
485 5303 792 5369 (gemuensi
811 5301 914 5369 his”
939 5303 1182 5365 inscriptio
1202 5317 1311 5365 quae
1333 5305 1488 5353 addita
1511 5301 1686 5369 hic'est
1709 5309 1974 5369 reperitar;

414 5361 550 5428 unde
573 5360 812 5428 intelligas
830 5364 983 5423 ipsum
1013 5360 1286 5428 sermonem
1321 5378 1449 5428 esse,
1485 5379 1576 5415 non
1599 5367 1680 5428 qui
1707 5360 1976 5418 iu't’ossidii

415 5421 627 5491 [ridiculo
663 5421 978 5491 recensetur,
1009 5424 1238 5491 capulo;
1279 5426 1365 5474 sed
1406 5421 1486 5491 qui
1518 5421 1631 5491 cap:
1654 5428 1715 5480 9.
1757 5428 1830 5477 his
1869 5443 1977 5491 vere

416 5482 530 5590 liii-zz
565 5489 676 5591 gem
711 5485 774 5533 de
809 5483 973 5532 eodem
1007 5482 1082 5534 die
1121 5482 1480 5549 (Petitecostes)
1523 5482 1588 5536 dc'
1620 5501 1756 5538 rersu
1807 5489 1979 5540 I'salmi

529 5575 544 5596 ς
570 5556 663 5591 CIC.

485 5603 502 5619 '
527 5605 694 5652 ttru’cus
709 5602 860 5654 adfuit
875 5611 954 5654 Ms.
978 5619 1052 5669 gr.
1072 5619 1183 5655 cum
1198 5606 1328 5657 t‘lim.
1354 5615 1452 5656 rar.
1479 5614 1585 5656 Lor.

479 5683 552 5747 (a)
571 5684 706 5743 alias,
729 5686 789 5734 de
823 5687 1026 5740 Diversis
1038 5689 1084 5736 5.

1795 327 2021 386 δι’ἰῆΜο
2061 331 2245 386 XXIX.

3523 342 3623 397 186

2135 442 2358 498 CAPUT
2396 441 2459 498 ll.
2483 445 2619 500 -2.
2644 447 2897 516 Confessio
2919 450 3125 520 duplex,
3153 452 3343 506 laudas
3355 455 3414 509 tis
3441 467 3486 508 st
3512 474 3618 525 pa-

2063 535 2280 588 nitentis.
2325 536 2596 593 Confessio
2625 549 2727 594 aut
2781 541 3039 598 laudantis
3075 555 3174 606 est,
3219 554 3307 599 aut
3347 549 3611 616 pmniten-

2063 627 2147 682 tis.
2174 628 2310 682 Sunt
2336 632 2474 686 enim
2509 649 2690 702 parum
2718 637 2929 704 eruditi,
2958 640 3045 708 qui
3071 655 3189 694 cum
3205 641 3464 698 audierint
3491 660 3622 701 con-

2059 715 2338 773 fessionem
2356 721 2405 774 in
2433 720 2736 790 Scripturis,
2762 734 3006 795 tauquam
3027 729 3130 782 nisi
3151 741 3480 798 peccatorum
3500 751 3620 792 esse

2062 820 2166 860 non
2196 809 2376 876 possit,
2408 813 2656 866 continuo
2677 815 2902 868 tundunt
2932 826 3141 884 pectora
3166 835 3180 884 ;
3212 821 3355 874 velut
3376 823 3482 890 jam
3503 840 3619 879 mo-

2060 905 2286 950 neantur
2326 900 2564 953 conﬁteri
2608 911 2839 971 peccata.
2872 904 2976 959 Sed
3019 915 3077 960 ut
3125 911 3332 962 noverit
3377 911 3618 969 Charitas

2060 993 2255 1050 vestra,
2280 1002 2382 1041 non
2409 989 2473 1042 ad
2497 991 2604 1043 sola
2636 1001 2851 1061 peccata
2901 996 3162 1062 pertinere
3205 1000 3609 1068 confessionem,
3665 1031 3668 1034 λ

2059 1075 2332 1130 audiamus
2362 1077 2529 1144 illum,
2559 1081 2626 1135 de
2654 1097 2756 1150 quo
2781 1083 3020 1139 dubitare
3043 1102 3144 1139 non
3171 1104 3446 1156 possumus
3471 1095 3610 1161 quod

2060 1164 2260 1218 nullum
2292 1168 2506 1222 omnino
2551 1170 2776 1225 habebat
2822 1184 3110 1242 peccatum,
3148 1178 3531 1235 exclamantetn
3558 1192 3613 1238 et

2060 1252 2341 1320 dicentem,
2381 1255 2631 1325 Conﬁteor
2659 1261 2765 1326 tibi,
2802 1261 2970 1328 Pater,
3002 1262 3215 1318 Domine
3237 1268 3345 1320 caeli
3382 1279 3425 1319 et
3449 1279 3614 1324 terrm.

2061 1343 2190 1409 Quis
2229 1344 2331 1398 hoc
2373 1345 2538 1400 dixit?
2566 1348 2666 1413 Qui
2691 1361 2944 1420 peccatum
2973 1369 3070 1406 non
3100 1356 3234 1424 fecit,
3275 1373 3362 1410 nec
3392 1359 3617 1415 inuentus

2060 1442 2130 1486 est
2153 1435 2298 1488 dolus
2316 1437 2366 1489 in
2386 1453 2473 1491 ore
2496 1440 2606 1508 ejus
2635 1442 2651 1509 (
2678 1440 2696 1492 Ι
2723 1440 2858 1494 Petr.
2883 1459 2942 1507 ιι,
2972 1443 3042 1497 22
3069 1445 3087 1514 )
3118 1463 3130 1498 :
3163 1448 3250 1516 qui
3277 1449 3422 1503 solus
3448 1453 3615 1505 veris-

2060 1523 2192 1576 sime
2217 1523 2394 1580 dicere
2414 1528 2578 1594 potuit
2599 1567 2614 1590 ,
2632 1527 2763 1583 Ecce
2782 1537 2907 1583 venit
2934 1533 3161 1603 princeps
3185 1537 3376 1600 mundi,
3399 1548 3443 1590 et
3462 1540 3513 1592 in
3537 1557 3615 1596 me

2060 1613 2186 1668 nihil
2225 1615 2435 1670 inveniet
2456 1619 2473 1687 (
2493 1617 2645 1672 loan.
2698 1637 2801 1685 xw,
2855 1623 2922 1677 30
2949 1622 2990 1695 ).
3019 1625 3080 1678 Et
3107 1635 3280 1682 tamen
3307 1632 3615 1687 conﬁtetur.

2059 1704 2161 1758 Sed
2182 1705 2455 1762 confessor
2474 1709 2600 1774 istc,
2632 1711 2868 1766 laudator
2894 1723 2994 1780 est,
3026 1731 3131 1769 non
3156 1727 3418 1785 peccator.
3451 1721 3612 1776 Deni-

2059 1811 2162 1866 que
2207 1798 2328 1852 audi
2367 1801 2490 1868 quid
2518 1801 2858 1865 conﬁteatur,
2887 1805 3004 1858 audi
3031 1806 3213 1861 laudes
3238 1825 3250 1860 :
3274 1817 3328 1862 et
3369 1810 3479 1863 laus
3509 1812 3619 1880 ipsa

2059 1892 2200 1945 salus
2224 1903 2305 1948 est
2331 1904 2526 1949 nostra.
2557 1885 2690 1964 Quid
2716 1901 2853 1953 enim
2871 1901 3152 1957 conﬁtetur
3167 1904 3272 1957 Deo
3291 1904 3430 1958 Patri
3457 1903 3622 1958 Filius

2059 1980 2176 2034 sine
2201 1992 2412 2050 peccato
2437 1984 2461 2036 ?
2487 1984 2737 2055 Conﬁteor
2756 1989 2860 2055 tibi,
2882 1991 3065 2061 inquit,
3100 1991 3272 2056 Pater,
3305 1991 3516 2045 Domine
3533 2007 3624 2046 co:-

2061 2072 2156 2126 lict
2181 2083 2344 2142 terrae,
2371 2077 2488 2142 quia
2515 2079 2814 2134 abscondisti
2838 2082 2942 2135 Inec
2961 2100 2991 2134 α
3011 2084 3312 2150 sapientibus
3334 2093 3380 2136 et
3405 2084 3624 2153 pruden-

2063 2163 2211 2226 tibus,
2242 2173 2288 2218 et
2332 2169 2558 2221 revelasti
2606 2185 2665 2222 ea
2706 2172 2924 2238 parvulis
2946 2172 2965 2242 (
2984 2171 3168 2225 Matth.
3199 2189 3275 2238 χι,
3302 2174 3372 2226 25
3397 2172 3438 2242 ).
3467 2173 3622 2228 Istam

2065 2253 2270 2308 laudem
2295 2257 2680 2312 commendavit
2709 2259 2881 2314 Patris
2901 2262 2939 2326 ⁸,
2965 2261 3087 2330 quia
3125 2261 3399 2315 abscondit
3445 2262 3558 2315 haec
3588 2277 3618 2314 a

2064 2343 2390 2413 sapientibus
2429 2355 2478 2400 et
2514 2348 2881 2417 prudentibus,
2925 2350 2974 2404 id
3005 2358 3106 2416 est,
3136 2351 3374 2419 superbis
3401 2360 3452 2404 et
3476 2366 3624 2406 arroo

2065 2433 2338 2500 gantibus;
2367 2445 2418 2490 ct
2446 2438 2695 2492 revelavit
2721 2453 2779 2492 ea
2813 2439 3059 2509 parvulis,
3101 2440 3150 2494 id
3176 2449 3280 2504 est,
3316 2440 3536 2495 inﬁrmis
3564 2449 3620 2496 et

2068 2523 2368 2580 humilibus.

2140 2616 2362 2673 CAPUT
2399 2617 2482 2672 lll.
2503 2649 2575 2659 —
2593 2622 2646 2675 5.
2676 2621 2933 2692 Confessio
2980 2633 3296 2693 peccatorum
3317 2623 3384 2676 ad
3411 2624 3624 2678 salutem

2070 2709 2368 2761 necessaria.
2415 2709 2518 2764 Sed
2565 2710 2704 2779 quod
2733 2727 2914 2765 verum
2953 2720 3053 2775 est,
3078 2723 3160 2766 est
3204 2713 3362 2767 etiam
3398 2712 3623 2768 salubris

2069 2797 2332 2852 confessio
2347 2809 2702 2867 peccatorum.
2731 2800 2882 2856 Un'le
2910 2801 3202 2855 audivimus
3228 2803 3279 2855 in
3310 2801 3516 2856 Psalmo
3536 2802 3624 2872 qui

2073 2887 2242 2954 primo
2271 2887 2436 2940 lectus
2464 2897 2566 2953 est,
2599 2887 2758 2955 Pone,
2782 2888 3014 2956 Domine,
3032 2889 3307 2942 custodiam
3333 2889 3408 2942 ori
3426 2906 3556 2956 meo,
3579 2899 3626 2944 et

2073 2978 2251 3029 ostium
2269 2979 2583 3032 continentur
2596 2979 2780 3032 circum
2809 2979 2940 3032 labia
2961 2995 3089 3044 mea,
3119 2990 3289 3032 utnon
3310 2979 3522 3032 declines
3541 2995 3628 3033 cor

2076 3083 2234 3119 meum
2255 3067 2305 3120 in
2330 3067 2470 3121 verba
2496 3065 2737 3138 maligna,
2757 3069 2824 3121 ad
2843 3069 3187 3124 excusandum
3215 3069 3553 3124 excusationes
3570 3071 3624 3123 in

2075 3160 2287 3226 peccatis
2309 3157 2477 3228 (Psal.
2496 3175 2616 3224 cu,
2639 3162 2672 3214 5
2691 3171 2735 3213 ει
2755 3161 2833 3228 4).
2858 3161 3019 3237 Rogat
3049 3161 3236 3226 Deum,
3265 3171 3316 3214 ut
3337 3160 3625 3214 custodiam

2074 3247 2164 3301 det
2187 3249 2263 3302 ori
2289 3264 2384 3302 suo
2417 3266 2431 3303 :
2462 3259 2513 3304 et
2539 3250 2686 3318 cujus
2713 3250 2788 3303 rei
2835 3250 3127 3304 custodiam
3154 3250 3371 3318 exponit
3397 3259 3448 3304 et
3475 3250 3621 3304 dicit.

2075 3336 2206 3391 Sunt
2229 3339 2368 3392 enim
2419 3337 2658 3393 homines
2708 3340 2796 3408 qui
2843 3339 2992 3394 valde
3022 3339 3320 3402 abundant;
3373 3341 3461 3410 qui
3505 3355 3625 3395 cum

2075 3427 2330 3496 eruperint
2351 3428 2605 3490 accusari,
2627 3435 2846 3483 currunt
2865 3443 2923 3482 se
2943 3443 3218 3483 excusare.
3249 3430 3511 3483 Excusare
3530 3444 3623 3484 au-

2077 3524 2181 3570 tem
2206 3525 2286 3569 est
2335 3531 2521 3570 causas
2547 3531 2804 3586 qurerere,
2854 3525 2908 3573 et
2957 3517 3286 3571 causationes
3336 3517 3626 3582 innectere,

2075 3621 2238 3674 quare
2261 3606 2325 3659 ad
2352 3621 2410 3660 se
2439 3622 2542 3660 non
2569 3607 2808 3661 videatur
2861 3607 3127 3675 pertinere
3161 3617 3450 3675 peccatum.
3482 3607 3630 3661 Alius

2074 3695 2219 3758 dicit,
2247 3695 2496 3749 Diabolus
2521 3695 2646 3748 mihi
2677 3694 2830 3750 fecit:
2859 3694 2993 3748 alius
3032 3695 3178 3759 dicit,
3227 3695 3455 3749 Fortuna
3500 3695 3626 3750 mihi

2078 3783 2197 3837 fecit
2227 3800 2242 3836 :
2272 3783 2426 3848 alius,
2451 3783 2580 3838 Fato
2603 3784 2904 3852 compulsus
2924 3798 3040 3838 sum
3072 3801 3085 3837 :
3116 3800 3272 3840 nemo
3295 3785 3359 3839 ad
3385 3800 3462 3840 se.
3498 3783 3628 3840 Cum

2076 3872 2156 3926 vis
2200 3888 2318 3928 esse
2344 3882 2622 3929 excusator
2672 3882 2810 3938 tuus,
2841 3872 3127 3943 triumphat
3154 3874 3221 3928 de
3263 3883 3314 3929 te
3359 3883 3632 3930 accusator

2078 3970 2217 4018 tuus.
2248 3963 2336 4016 V'is
2357 3979 2481 4034 ergo
2506 3965 2676 4032 facere
2712 3962 2850 4032 quod
2870 3961 3046 4017 doleat
3073 3973 3126 4019 et
3149 3973 3322 4033 gemat
3359 3973 3632 4017 accusator

2078 4061 2218 4119 tuus,
2242 4053 2293 4108 id
2321 4063 2402 4108 est
2429 4054 2665 4109 diabolus
2688 4054 2711 4106 Ἰ
2742 4054 2846 4108 Fac
2865 4053 3005 4122 quod
3033 4053 3244 4118 audisti,
3278 4053 3356 4106 fac
3380 4051 3519 4122 quod
3547 4051 3627 4106 di-

2077 4145 2280 4207 dicisti;
2309 4145 2467 4200 ctdic
2515 4145 2621 4198 Deo
2663 4153 2772 4208 tuo,
2802 4144 2909 4215 Ego
2950 4145 3075 4211 dias,
3115 4143 3348 4209 Domine,
3400 4145 3630 4198 miserere

2079 4237 2174 4289 mei
2197 4253 2215 4300 ,'
2242 4253 2364 4289 sana
2380 4237 2597 4288 animam
2616 4251 2791 4300 meant,
2818 4235 3052 4304 quoniam
3090 4235 3286 4304 peccavi
3330 4234 3416 4288 tibi
3437 4235 3454 4303 (
3483 4233 3628 4287 Psal.

2078 4341 2162 4388 χιι,
2193 4325 2226 4378 5
2253 4323 2292 4394 ).
2323 4323 2450 4394 Ego,
2475 4323 2661 4394 inquit,
2675 4331 2772 4393 ’ego
2799 4324 2904 4377 dixi
2935 4339 2952 4376 :
2981 4340 3086 4378 non
3104 4324 3367 4389 diabolus,
3389 4339 3493 4378 non
3520 4324 3630 4378 for-

2079 4421 2222 4478 tuna,
2246 4429 2348 4466 non
2374 4413 2551 4466 fatum.
2577 4411 2686 4482 Ego
2707 4413 2815 4466 dixi
2847 4429 2864 4467 :
2893 4428 2995 4468 non
3025 4429 3108 4468 me
3120 4429 3334 4476 excuso,
3367 4414 3455 4469 sed
3487 4429 3634 4469 accu-

2079 4516 2158 4557 so.
2203 4502 2312 4573 Ego
2347 4502 2473 4567 dixi,
2518 4499 2747 4565 Domine,
2791 4503 3020 4556 miserere
3068 4503 3206 4566 mei;
3251 4519 3374 4556 sana
3415 4504 3633 4557 animam

2079 4612 2261 4649 meam.
2292 4594 2440 4650 Unde
2466 4595 2604 4650 enim
2624 4594 2872 4662 argrotat‘l
2903 4593 3147 4660 Quoniam
3168 4595 3364 4664 peccavi
3391 4595 3496 4647 tibi.

2151 4685 2205 4740 4.
2233 4683 2452 4753 Utraque
2489 4686 2750 4754 confessio.
2786 4683 2948 4737 laudis
2971 4692 3018 4738 et
3060 4686 3270 4754 peccati,
3312 4684 3475 4738 debita
3506 4685 3629 4740 Deo.

2081 4773 2395 4842 Conﬁtcmini
2443 4787 2567 4841 ergo
2595 4769 2831 4836 Domino,
2879 4771 3109 4839 quoniam
3135 4772 3288 4826 bonus
3329 4783 3419 4826 est.
3443 4772 3496 4828 Si
3519 4774 3632 4828 lau-

2079 4863 2206 4917 dare
2233 4863 2334 4925 vis,
2365 4861 2487 4930 quid
2516 4860 2753 4914 securius
2775 4859 2974 4924 laudas,
3003 4875 3156 4928 quam
3188 4861 3415 4914 bonum?
3439 4862 3492 4914 Si
3517 4861 3632 4914 lau-

2080 4952 2206 5006 dare
2253 4951 2351 5014 vis,
2403 4949 2448 5004 si
2468 4948 2852 5004 confessionem
2881 4948 3048 5002 laudis
3071 4947 3263 5002 habere
3293 4949 3390 5012 vis,
3409 4950 3530 5018 quid
3552 4965 3634 5005 se-

2084 5043 2264 5097 curius
2290 5040 2490 5106 laudas,
2522 5055 2678 5109 quam
2704 5039 2939 5094 bonum?
2961 5039 3016 5094 Si
3039 5048 3251 5108 peccata
3281 5048 3366 5091 tua
3397 5039 3632 5093 conﬁteri

2081 5133 2180 5195 vis;
2212 5132 2294 5186 cui
2323 5131 2484 5186 tutius
2506 5144 2664 5199 quam
2711 5128 2893 5182 bono?
2917 5127 3146 5192 Homini,
3177 5127 3422 5196 quoniam
3467 5129 3634 5183 malus

2080 5235 2180 5288 est,
2209 5223 2498 5288 conﬁteris,
2523 5229 2575 5276 et
2599 5220 2866 5276 damnaris
2886 5238 2900 5274 :
2921 5220 3049 5286 Deo,
3076 5221 3322 5289 quoniam
3341 5221 3510 5275 bonus
3527 5231 3630 5288 est,

2083 5316 2382 5378 conﬁteris,
2409 5321 2463 5369 et
2483 5313 2740 5384 purgaris.
2762 5311 2817 5368 Si
2847 5311 3225 5367 confessionem
3265 5311 3429 5366 laudis
3460 5320 3629 5365 atten-

2081 5408 2194 5471 das,
2223 5406 2470 5477 quidquid
2489 5405 2702 5474 copiose
2723 5404 3026 5458 laudaturus
3059 5419 3146 5466 es,
3175 5403 3312 5457 circa
3341 5401 3440 5454 hoc
3469 5415 3631 5455 oceu-

2084 5507 2197 5565 pata
2229 5505 2308 5550 est
2330 5496 2546 5550 intentio
2593 5502 2700 5558 tua,
2745 5503 2800 5546 ut
2819 5492 3060 5547 ostendas
3108 5492 3301 5546 bonum
3323 5504 3440 5544 esse
3491 5489 3630 5559 quod

2082 5588 2278 5642 laudas.
2307 5587 2447 5640 Bona
2476 5585 2617 5639 enim
2657 5592 2796 5638 recte
2822 5581 3112 5644 laudantur,
3141 5581 3273 5635 sicut
3317 5581 3451 5633 mala
3494 5588 3636 5634 recte

2152 5698 2163 5727 ¹
2191 5700 2259 5746 sic
2279 5695 2608 5746 Germanensis
2632 5701 2706 5741 κίε.
2736 5699 2785 5742 At
2812 5690 2939 5747 editi.
2965 5688 3298 5741 commendarit
3324 5689 3468 5747 miri.
