3938 6186
243 345 340 400 189

298 453 533 513 CAPUT
573 452 664 508 ιιι.
708 482 778 492 -—-
810 452 861 505 i.
904 440 1065 501 lucta
1105 446 1269 501 carnis
1305 456 1350 500 et
1400 445 1626 515 spiritus.
1657 443 1727 500 Et
1767 455 1821 500 tu

234 550 396 606 hmo
423 561 515 610 es;
547 546 595 600 si
624 559 730 599 non
762 540 842 597 vis
868 540 1087 595 credere
1112 536 1260 603 mihi,
1293 537 1506 593 intende
1528 538 1645 591 tibi.
1676 535 1822 591 itane

238 654 293 698 ιιι
314 642 391 697 ita
415 638 555 694 vivis
580 637 634 690 in
665 635 766 689 huc
791 628 1124 703 corruptibili
1147 645 1393 700 corpore,
1411 628 1550 698 quod
1574 636 1822 697 a'ggravat

236 732 466 787 animam
500 727 658 799 (Sep.
702 741 783 789 rx,
828 723 940 794 i5),
970 728 1026 776 ut
1051 736 1175 777 caro
1215 724 1319 774 n‘on
1359 719 1694 787 concupiscat
1721 718 1818 771 ad-

239 836 425 878 versus
452 819 704 889 spiritum
738 825 920 878 tuum,
961 822 1015 868 et
1038 811 1267 881 ‘spiritus
1308 809 1562 865 adversus
1604 824 1816 864 carnem

242 913 415 969 tum?
442 911 547 966 Ista
578 911 825 965 risaynon
856 914 937 961 est
962 905 1016 959 in
1037 904 1120 959 te?
1159 902 1306 958 Nulla
1334 913 1417 957 est
1442 900 1819 971 cencupiscen-

232 1007 312 1061 tia
331 1003 525 1065 carnis,
551 1015 675 1071 qua:
700 999 911 1055 resistat
938 995 1041 1065 legi
1068 993 1293 1050 mentis?
1318 994 1371 1048 Si
1399 992 1528 1047 nihil
1555 992 1607 1047 iu
1632 1002 1699 1046 *te
1735 993 1813 1045 al-

243 1096 337 1152 teri
358 1092 581 1156 resistit,
599 1089 720 1145 vide
737 1096 906 1142 totum
935 1086 1022 1142 ubi
1043 1087 1129 1140 sit.
1154 1084 1206 1141 Si
1235 1085 1450 1153 spiritus
1467 1093 1585 1137 tuus
1609 1097 1638 1135 a
1657 1094 1818 1136 carne

239 1193 421 1243 contra
445 1180 859 1249 coacupisceute
878 1192 981 1230 non
1001 1174 1262 1237 dissentit,
1280 1172 1399 1229 vide
1426 1173 1649 1227 ue'l'orte
1670 1170 1816 1225 carui

242 1292 389 1330 meus
416 1283 528 1328 tota
553 1269 849 1327 consentiat
871 1285 884 1321 :
906 1265 1024 1320 vide
1053 1280 1119 1320 ne
1138 1264 1283 1319 'l‘orte
1307 1262 1427 1318 ideo
1455 1278 1559 1318 non
1594 1263 1663 1316 sit
1700 1262 1815 1316 bel-

238 1369 371 1429 lu,
392 1367 519 1437 quia
540 1379 637 1435 pax
660 1375 909 1433 perversa
935 1366 1036 1413 est.
1058 1354 1225 1411 ‘Forte
1252 1356 1303 1410 in
1334 1364 1501 1409 totum
1520 1353 1667 1409 carni
1687 1367 1816 1408 con-

238 1459 430 1519 sensis,
455 1465 510 1511 et
534 1455 669 1510 nulla
698 1453 809 1506 rixa
837 1457 937 1505 est.
968 1449 1136 1517 Quam
1159 1462 1307 1517 spem
1334 1445 1498 1500 habes
1523 1444 1664 1515 quod
1694 1459 1816 1514 pos-

235 1550 313 1603 sis
342 1545 628 1616 aliquando
655 1542 888 1601 vincere,
933 1539 1020 1607 qui
1047 1537 1279 1592 nondum
1308 1532 1814 1604 cmpiSti‘pugnare?

235 1640 293 1695 Si
318 1648 500 1692 autem
528 1629 1032 1698 eondelectaris'legi
1052 1628 1151 1681 ‘Dei
1195 1625 1813 1681 se'cuudum‘lnteriorem

238 1728 538 1790 hominem,
567 1723 707 1777 vides
734 1728 910 1774 autem
939 1718 1092 1772 aliam
1123 1717 1292 1785 legem
1322 1716 1374 1769 in
1418 1714 1670 1769 membris
1714 1713 1815 1767 tuis

235 1825 623 1887 repugnantem
654 1812 755 1882 legi
785 1809 975 1865 mentis
1005 1815 1107 1861 tua:
1147 1807 1325 1874 (Rom.
1362 1818 1451 1870 vu,
1489 1803 1582 1870 29.,
1612 1804 1736 1875 2'5);
1767 1805 1812 1858 si

236 1910 336 1963 hac
359 1901 765 1963 eondelectaris,
798 1899 896 1954 hac
920 1898 1119 1969 ligaris,
1147 1896 1281 1951 liber
1307 1910 1366 1950 es
1384 1895 1438 1948 in
1465 1903 1661 1957 mente,
1696 1907 1812 1947 ser-

240 2016 335 2054 vus
360 2000 412 2054 in
441 2012 604 2050 carne
625 2013 638 2048 :
663 1997 705 2048 si
727 1994 836 2063 jam
858 1992 930 2046 ita
954 1998 1059 2056 est,
1098 1999 1398 2059 eompatere
1419 1986 1593 2055 potius
1611 1984 1811 2040 homini

239 2092 454 2152 dicenti,
485 2088 606 2141 Non
635 2085 768 2156 quod
797 2084 907 2138 volo
934 2098 1048 2153 ago.
1079 2075 1161 2135 Tu
1190 2081 1330 2134 enim
1360 2094 1464 2133 non
1491 2077 1573 2132 vis
1598 2086 1657 2132 ut
1683 2093 1816 2133 cono

240 2178 564 2249 cupiseenlia
596 2176 683 2229 illa
711 2186 830 2244 qua:
858 2170 1056 2226 resistit
1084 2169 1246 2224 menti
1292 2175 1416 2231 tute,
1460 2169 1678 2221 omnino
1707 2178 1811 2221 non

241 2273 307 2325 sit
325 2272 377 2325 in
402 2269 487 2323 te?
514 2267 634 2323 Mali
663 2269 770 2320 voti
800 2265 959 2318 homo
992 2274 1069 2324 es,
1093 2262 1135 2315 si
1162 2260 1252 2314 tali
1278 2258 1580 2315 adversario
1604 2273 1708 2313 non
1734 2259 1813 2313 vis

241 2379 440 2419 carere.
467 2361 600 2432 Ego,
631 2360 802 2413 fateor
829 2357 942 2421 tibi,
968 2353 1217 2425 quidquid
1258 2351 1309 2406 in
1341 2364 1426 2405 me
1448 2349 1686 2405 rebellat
1719 2349 1815 2405 ad-

245 2468 421 2521 versus
448 2459 685 2506 mentem
715 2462 907 2510 meam,
932 2455 987 2500 'et
1013 2445 1178 2513 litigat
1219 2456 1423 2496 mecum
1465 2439 1814 2495 delectatione

230 2542 527 2606 contraria,
556 2535 810 2610 quidquid
841 2535 943 2590 tale
969 2534 1022 2588 in
1048 2549 1131 2587 me
1152 2541 1249 2597 est,
1280 2531 1496 2584 omnino
1518 2527 1815 2583 interﬁcere

246 2625 384 2686 volo:
408 2631 477 2685 Et
504 2630 553 2684 si
578 2628 627 2684 ei
647 2627 781 2684 forte
806 2626 1086 2695 adjuvante
1112 2622 1356 2688 Domino,
1387 2635 1491 2675 non
1512 2618 1811 2681 consentio;

245 2723 365 2779 nolo
384 2720 585 2775 habere
614 2732 735 2773 cum
758 2730 862 2788 quo
889 2715 1102 2784 litigem.
1142 2711 1308 2766 Multo
1340 2720 1422 2766 est
1447 2711 1574 2764 mihi
1603 2709 1814 2778 aptabi-

240 2810 359 2875 lius,
387 2811 662 2865 inimicum
679 2823 785 2862 non
809 2805 1024 2869 habere,
1046 2816 1202 2873 quam
1220 2802 1448 2856 vincere.
1461 2798 1658 2869 'Neque
1673 2799 1813 2854 enim

244 2905 365 2961 illud
390 2904 569 2974 ipsum
595 2899 736 2972 quod
767 2913 893 2954 caro
920 2894 1242 2965 concupiscit
1269 2892 1522 2947 adversus
1550 2891 1814 2960 spiritum,

244 3011 346 3049 non
370 3003 453 3048 est
482 3007 660 3047 meum
683 3009 696 3044 :
723 2998 814 3042 aut
850 2998 975 3041 vero
1004 3002 1066 3040 ex
1096 2982 1359 3039 contraria
1387 2991 1571 3036 natura
1598 2994 1817 3049 compa-

243 3099 355 3143 ctos
373 3084 533 3141 sum?
563 3084 629 3138 Et
650 3081 777 3137 illud
805 3092 979 3135 meum
1006 3086 1109 3143 est,
1142 3083 1197 3131 et
1228 3072 1367 3144 quod
1386 3073 1435 3128 ei
1463 3088 1569 3127 non
1589 3086 1815 3126 consen—

247 3178 338 3243 tio,
367 3192 546 3232 meum
573 3182 677 3230 est.
701 3172 833 3227 Pars
858 3170 1180 3238 aliquantum
1222 3165 1406 3230 libera,
1448 3162 1650 3218 resistit
1686 3160 1817 3216 reli-

247 3269 379 3340 quiis
397 3264 690 3322 servitutis.
714 3262 910 3317 Totum
929 3256 1204 3314 summisit
1227 3255 1369 3318 volo,
1392 3254 1679 3324 qnia'lotus
1690 3266 1809 3305 sum

246 3373 360 3429 ego.
400 3356 542 3411 Nolo
571 3366 629 3407 ut
653 3368 682 3406 a
713 3367 797 3406 me
826 3362 949 3404 caro
978 3362 1114 3413 mea,
1158 3356 1403 3415 tauquam
1448 3351 1721 3408 extranea,
1752 3341 1815 3395 in

243 3460 501 3505 sternunt
534 3452 832 3514 separetur,
862 3440 955 3495 sed
993 3448 1051 3493 ut
1093 3452 1301 3493 meeum
1324 3442 1716 3489 rtuta'sanetur.
1756 3431 1818 3487 Si

246 3539 341 3593 hoc
368 3549 423 3593 tu
446 3542 555 3591 ιιοιι
584 3536 663 3588 vis
681 3535 722 3599 ί,
753 3532 932 3587 nescio
961 3528 1084 3598 quid
1126 3527 1393 3581 de‘earne
1412 3524 1653 3579 sentias:
1677 3521 1819 3577 arbio

248 3641 358 3686 tror
396 3640 449 3685 te
489 3635 678 3697 putare
707 3623 887 3679 nescio
912 3620 1035 3691 quid
1066 3620 1204 3674 unde
1230 3618 1356 3683 sit”,
1394 3616 1543 3686 quasi
1572 3614 1640 3670 de
1661 3622 1819 3684 gente

247 3720 533 3777 contraria.
563 3716 775 3770 Falsum
814 3722 914 3777 est,
942 3710 1265 3765 ‘haereticum
1305 3717 1408 3774 est,
1452 3706 1818 3777 blasphemum

246 3822 357 3867 est:
382 3808 582 3864 mentis
609 3815 664 3860 et
690 3803 865 3860 carnis
905 3814 1041 3857 unus
1075 3808 1159 3855 est
1201 3796 1409 3853 artifex.
1457 3796 1576 3866 ipse
1600 3795 1820 3866 quando

248 3901 517 3957 hominem
532 3896 749 3960 creavit,
770 3904 1052 3963 utrumque
1067 3890 1210 3956 fecit,
1222 3897 1509 3958 utrumque
1525 3887 1817 3956 eonjunsit:

244 4007 458 4047 carnem
486 3989 678 4044 animm
707 3985 964 4053 subdidit,
991 3983 1223 4039 animam
1247 3979 1455 4037 sibi.~Si
1494 3995 1707 4050 semper
1730 3981 1819 4036 illa

244 4090 411 4138 staret
434 4081 540 4136 sub
569 4078 797 4134 Domino
838 4091 956 4143 suo,
988 4089 1200 4144 semper
1224 4082 1280 4130 et
1307 4074 1405 4129 ista
1430 4072 1672 4129 obediret
1717 4070 1818 4127 do-

244 4176 402 4229 minae
425 4189 561 4228 sure.
580 4170 708 4225 'NOli
737 4182 865 4238 ergo
892 4168 1067 4222 mirari
1097 4168 1141 4221 si
1163 4181 1222 4222 ea
1244 4182 1362 4237 qua:
1389 4165 1625 4222 deseruit
1657 4181 1819 4236 supe-

244 4264 461 4327 riorem,
494 4274 680 4330 pennas
697 4259 895 4328 patitur
917 4272 1010 4328 per
1039 4255 1359 4311 inferiorem.
1383 4254 1515 4310 Coro
1540 4256 1672 4310 enim
1694 4270 1819 4309 con-

245 4354 455 4422 cupiscit
473 4351 712 4405 adversus
735 4348 989 4420 spiritum,
1019 4347 1223 4417 spiritus
1249 4356 1415 4399 autem
1442 4345 1678 4400 adversus
1702 4363 1818 4400 car-

247 4461 375 4497 ιιοιι.
402 4442 531 4497 Haec
554 4443 710 4506 enim,
736 4439 923 4509 inquit,
945 4438 1149 4491 inuicem
1181 4437 1528 4503 adversantur,
1555 4447 1610 4492 ut
1635 4453 1735 4491 non
1762 4454 1822 4491 ea

245 4551 357 4606 qua
392 4535 549 4588 saltis
576 4532 776 4605 faciatis
819 4529 1011 4601 (Gulat.
1054 4545 1106 4592 ν,
1150 4529 1261 4598 Π).
1308 4528 1432 4583 lude
1469 4537 1524 4582 et
1553 4529 1672 4592 iste,
1701 4527 1822 4583 Non

245 4625 379 4692 quod
402 4624 518 4678 uoto
546 4639 665 4694 ago.
694 4624 812 4675 ('on
847 4620 1042 4689 upisrit
1068 4621 1210 4674 enim
1259 4633 1383 4672 raro
1430 4618 1684 4674 adversus
1715 4620 1822 4689 spi-

246 4718 428 4783 ritum,
485 4725 542 4771 et
592 4715 716 4769 nolo
758 4712 1099 4782 concupisc.:t
1136 4728 1148 4765 :
1193 4724 1293 4779 pro
1334 4724 1524 4779 magno
1566 4710 1734 4765 habeo
1776 4710 1820 4764 si

246 4806 725 4867 amoenseutiam,
752 4812 881 4872 opto
910 4811 1100 4857 tamen
1141 4809 1198 4854 ut
1225 4814 1455 4856 caream.
1500 4800 1660 4869 Ergo,
1702 4798 1822 4853 Non

242 4899 385 4971 quod
395 4898 512 4952 κιο
534 4913 653 4968 ago.
679 4896 814 4952 Volo
838 4895 982 4950 enim
1003 4903 1058 4949 ut
1081 4907 1188 4948 non
1212 4892 1553 4961 concupiscat
1569 4907 1695 4947 caro
1722 4891 1819 4947 ad-

248 5002 434 5044 versus
457 4988 725 5057 spiritum,
756 4994 813 5041 et
840 5000 947 5041 non
972 4998 1203 5057 ,possum
1224 4982 1370 5039 :.hoc
1396 4992 1489 5036 .est
1525 4982 1664 5053 quod
1690 4982 1817 5050 dixi,

251 5076 371 5133 Non
390 5077 534 5148 qud
562 5081 673 5132 rolo
686 5091 807 5149 ago.

310 5169 542 5226 CAPUT
572 5169 668 5224 ιν.
687 5168 823 5225 -—5.
856 5166 1072 5222 Natura:
1098 5164 1259 5236 falsus
1283 5163 1518 5236 defensor
1533 5163 1722 5218 mdico
1746 5164 1825 5218 in-

236 5259 599 5333 guina.th
611 5260 740 5316 mihi
760 5258 848 5314 hic
863 5257 1235 5315 ealumniaris?
1256 5257 1366 5327 Ego
1385 5255 1524 5320 dico,
1557 5255 1675 5311 Non
1689 5258 1826 5326 quod

249 5354 362 5410 volo
383 5363 595 5425 ago:et
621 5364 677 5407 tu
716 5352 872 5416 dicis,
916 5349 1065 5417 Quod
1120 5348 1200 5402 vis
1239 5349 1371 5417 agis.
1404 5347 1541 5413 Quid
1575 5347 1701 5402 mihi
1731 5364 1824 5417 ca-

249 5442 550 5500 lmniaris?
578 5444 792 5514 lngrate
820 5440 1049 5507 medico,
1068 5438 1191 5512 quid
1209 5437 1549 5494 calumniaris
1575 5436 1826 5492 inﬁrmo?

311 5600 684 5651 ‘ﬂcllss.Fditi
709 5590 1403 5662 vero,siltoototmnnoneis.
1471 5651 1482 5662 _
1629 5652 1638 5662 _

284 5663 332 5728 ,’
353 5669 414 5712 tta
438 5650 670 5713 melim‘es
692 5667 799 5711 Mss.
835 5650 881 5706 ιι
905 5658 1047 5715 editi,
1084 5663 1125 5704 to
1155 5662 1324 5718 putare
1357 5651 1482 5718 quod
1514 5652 1668 5702 nescio
1704 5650 1828 5701 unde

254 5729 326 5773 ια.

1534 373 1543 381 .
1644 331 1872 387 εειιιιο
1912 332 2075 389 XXX.

3402 355 3504 409 {90

1929 446 2054 500 Siue
2085 457 2140 501 ut
2167 447 2428 503 medicum
2458 466 2496 503 r2
2518 466 2656 520 gem.
2690 453 2897 510 Redime
2932 472 3076 511 ιιιεια
3108 462 3502 519 calumniaba-

1928 538 2139 601 mittunt,
2168 540 2497 594 “custodito
2537 542 2693 612 legent
2733 557 2872 598 tuam
3128 565 3309 617 emt,
3350 553 3502 623 tu).

1925 624 2246 682 Custodibo'
2280 644 2374 697 per
2420 630 2835 703 redemptionem
2853 646 3170 700 ιωωιωω
3209 656 3308 710 per
3332 653 3501 712 pote-

1924 727 2112 773 statem
2165 735 2356 776 meam.
2397 722 2521 778 Ideo
2561 726 2690 792 mihi
2733 730 3035 793 salutarem,
3062 746 3233 802 quam
3256 734 3496 790 tandem

1925 806 2117 873 habeo,
2150 824 2253 864 non
2297 825 2522 882 arrogo;
2564 815 2686 882 quia
2719 816 2979 871 medicum
3016 833 3170 889 rogo.
3196 822 3497 879 :‘l‘I-autom

1924 907 2125 954 natura:
2148 899 2426 965 defensor;
2455 904 2594 973 quod
2619 906 2816 960 utinam
2833 922 3017 974 esses,
3045 923 3149 964 non
3170 911 3329 980 quasi
3352 927 3498 969 sum

1923 990 2288 1047 defensionem
2310 992 2494 1048 falsam
2520 995 2822 1058 adhiberes.
2853 998 2947 1053 sed
2966 1002 3330 1068 pronoodum
3361 1018 3496 1059 sana

1923 1081 2181 1135 medicum
2213 1098 2460 1152 rogares:
2488 1100 2629 1139 nunc
2656 1101 2782 1141 vero
2811 1096 2864 1141 tu
2888 1097 3086 1144 nalurze
3110 1090 3381 1158 derasor,
3408 1093 3494 1148 vel

1920 1174 2466 1243 potius-oppugnatur,
2486 1174 2616 1230 dum
2655 1178 2805 1247 qutasi
2840 1178 3119 1236 tle-natum
3146 1196 3274 1237 sala
3306 1184 3499 1240 laudas

1918 1263 2245 1331 Creatorem,
2277 1266 2516 1321 excdudis
2533 1283 2564 1321 ιι
2594 1268 2838 1339 languida
2854 1269 3324 1340 Sadvatonem.Qui
3342 1289 3496 1328 crea-

1916 1356 2010 1421 vit,
2026 1365 2212 1423 sanat;
2245 1368 2483 1413 ruentem
2514 1374 2610 1428 per
2630 1375 2693 1414 se
2717 1361 2906 1430 ipsam,
2938 1362 3271 1431 levatpervse
3294 1363 3492 1433 ipsum

1911 1443 2034 1513 'lpsa
2064 1445 2209 1500 ﬁdes
2247 1455 2348 1511 est,
2376 1449 2488 1517 ipsa
2516 1449 2730 1509 veritas.
2762 1452 2863 1505 hoc
2904 1459 2987 1506 est
3026 1451 3496 1507 Christiane-ﬁdei

1912 1534 2341 1591 fundamentum.
2380 1537 2535 1593 Unus
2560 1547 2634 1592 ret
2675 1554 2844 1594 unus:
2868 1554 3005 1594 unus
3029 1540 3189 1595 homo
3212 1555 3311 1610 per
3334 1556 3494 1611 quem

1916 1624 2089 1691 ruina,
2109 1626 2243 1681 alius
2261 1629 2419 1682 homo
2436 1643 2703 1698 perquam
2718 1639 3014 1695 structura;
3034 1646 3135 1701 per
3156 1632 3301 1687 illum
3312 1633 3489 1696 ruina,

1918 1725 2016 1780 per
2033 1712 2173 1767 hunc
2194 1723 2482 1769 stmctura.
2508 1716 2714 1773 Cecidit
2732 1720 2957 1788 qui-non
2982 1720 3198 1784 mansit,
3225 1719 3381 1791 erigit
3398 1722 3491 1791 qui

1918 1816 2023 1856 non
2042 1803 2249 1857 cecidit.
2266 1804 2405 1858 Ruit
2429 1806 2515 1861 ille
2536 1808 2661 1876 quia
2678 1807 2887 1863 dimisit
2918 1818 3242 1876 manentem,
3270 1824 3497 1866 manens

1904 1892 2007 1947 ille
2033 1892 2394 1949 descenditad
2418 1895 2706 1965 iacentem.

1974 1985 2041 2037 :6.
2068 1982 2133 2037 In
2172 1985 2309 2037 lucta
2346 1988 2514 2039 tantis
2550 1998 2595 2040 et
2640 1988 2851 2055 spiritus
2897 1987 3019 2059 quid
3078 1988 3384 2059 faciemhun.
3434 1987 3491 2049 Si

1915 2086 2042 2142 ergo
2068 2075 2410 2142 concupiscit
2436 2091 2572 2129 eam
2607 2077 2865 2131 adversus
2904 2079 3149 2146 spiritum
3169 2118 3185 2144 ,
3216 2087 3272 2134 ut
3302 2079 3355 2132 in
3374 2078 3494 2133 hoc

1917 2162 2034 2231 ipso
2060 2178 2164 2216 non
2188 2163 2331 2233 quod
2355 2165 2436 2219 vis
2458 2179 2622 2233 agas,
2644 2166 2767 2234 quia
2804 2166 2884 2220 vis
2912 2175 2970 2220 ut
2997 2167 3493 2236 nonconcupiscat,

1917 2261 1971 2306 et
1995 2267 2098 2307 non
2126 2261 2321 2321 potes;
2368 2262 2488 2308 tene
2514 2254 2702 2308 saltem
2720 2254 2784 2308 .in
2811 2255 2978 2324 gratia
3008 2255 3215 2315 Domini
3254 2256 3493 2310 vulmtta-

1919 2351 2045 2408 tem,
2073 2343 2202 2397 etin
2231 2344 2346 2414 ejus
2364 2343 2929 2414 adjutoriopersevera
2959 2345 3089 2400 :dic
3112 2345 3163 2400 ci
3190 2346 3330 2415 quod
3359 2363 3489 2402 can-

1918 2428 2049 2487 tasti'
2061 2474 2076 2499 ,
2110 2431 2322 2488 Crassus
2349 2450 2483 2488 meos
2506 2435 2671 2505 dirige
2701 2436 2972 2489 secundum
3006 2436 3208 2497 verbm»
3246 2446 3418 2500 luunt.
3442 2446 3500 2493 et

1916 2540 1982 2578 ne
2009 2526 2290 2579 dominetur
2312 2526 2625 2580 mihionmis
2653 2527 2908 2597 iniquitas.
2944 2526 3079 2592 Quid
3113 2536 3225 2593 est,
3246 2543 3307 2580 ue
3325 2529 3496 2583 donti-

1918 2615 2207 2668 netarmihi
2230 2616 2396 2669 omnis
2417 2616 2652 2684 iniquitas
2668 2616 2694 2669 ?

1970 2703 2212 2759 CAPUT
2242 2703 2541 2760 V.--Audi
2572 2706 2882 2775 Apostolum
2912 2723 2927 2760 :
2962 2704 3082 2759 Non
3123 2720 3501 2777 regnetpecca-

1918 2800 2023 2844 tuon
2048 2791 2104 2845 in
2123 2801 2301 2846 'usstro
2339 2794 2542 2850 mortali
2566 2794 2951 2864 corpore-Quid
2995 2804 3098 2860 est,
3123 2793 3246 2848 Non
3285 2798 3502 2865 regnet?

1916 2879 2000 2932 aid
2026 2881 2355 2935 obedientium
2376 2881 2638 2936 desideriis
2669 2884 2796 2950 eius.
2819 2883 2935 2937 Non
2967 2883 3122 2947 dixit,
3150 2882 3269 2938 Noli
3297 2879 3496 2940 habere

1910 2969 2176 3024 desideria
2217 2971 2374 3025 mala.
2394 2971 2683 3038 Quomodo
2705 2974 2846 3027 enim
2877 2973 2931 3027 in
2955 2972 3054 3028 hac
3074 2988 3234 3028 carne
3259 2975 3492 3040 mortali,

1919 3060 2007 3114 ubi
2047 3070 2172 3114 caro
2203 3061 2532 3129 concupiscit
2569 3061 2822 3117 adversus
2864 3063 3138 3132 spiritum,
3182 3071 3238 3118 et
3276 3065 3499 3131 Spiritus

1918 3148 2173 3204 mirer-sus
2196 3165 2442 3218 cantem.
2490 3166 2599 3206 non
2637 3149 2808 3206 habeo
2842 3151 3102 3206 desideria
3145 3151 3319 3206 mala?
3362 3152 3493 3207 lllud

1921 3254 2051 3309 ergo
2062 3239 2178 3303 'tac,
2208 3238 2517 3311 Non-regnet
2536 3251 2791 3311 peccatum
2814 3243 2865 3295 in
2888 3253 3048 3296 vestro
3066 3243 3277 3296 mortali.
3289 3259 3499 3312 corpore

1920 3328 1988 3382 ad
2007 3329 2334 3385 audiendum
2352 3330 2617 3386 desideriis
2644 3333 2769 3402 ejus.
2789 3332 2912 3387 :Etsi
2939 3342 3062 3387 sunt
3085 3333 3370 3397 desideria,
3391 3348 3495 3391 non

1910 3419 2423 3487 teis‘obediatur,.ne
2453 3421 2701 3490 iniquitas
2722 3421 3044 3478 dominetur.
3077 3421 3187 3476 Nec
3227 3423 3496 3479 exitibctttt's

1914 3509 2141 3564 numbm
2188 3519 2350 3565 uestra
2376 3528 2520 3565 crura
2556 3512 2833 3579 iniquitatis
2870 3511 3490 3582 peccato-(Rom.vt,12).

1908 3596 2197 3655 'Nonstiant
2231 3599 2468 3655 membra
2508 3609 2596 3655 tua
2637 3614 2786 3654 arma
2820 3600 3142 3670 iniquitatis,
3172 3609 3239 3654 iet
3266 3615 3371 3654 non
3400 3599 3497 3656 do—

1922 3687 2153 3742 minetur
2179 3688 2272 3745 tibi
2299 3689 2473 3745 onIuis
2507 3688 2777 3758 iniquitas.
2805 3687 2909 3744 Sed
2935 3689 3094 3743 etiam
3126 3688 3225 3743 hoc
3244 3730 3259 3753 ,
3288 3698 3347 3743 ιιι
3390 3704 3495 3743 ιιοιι

1913 3775 2436 3837 ﬁant-membratim
2456 3791 2614 3832 arma
2657 3777 2965 3848 iniquitatis,
3008 3778 3263 3849 numquid
3306 3787 3364 3835 tu
3403 3779 3494 3834 tibi

1914 3864 2251 3925 viribustuis
2272 3874 2496 3935 praestas
2523 3866 2546 3919 ?
2569 3865 2897 3945 Hoc-ipsum,
2921 3868 3154 3938 inquam,
3187 3868 3288 3924 hoc
3326 3868 3495 3940 ipsum

1922 3952 2064 4023 quod
2092 3968 2195 4009 non
2224 3953 2353 4008 ﬁant
2383 3955 2621 4010 utetubra
2650 3964 2739 4011 tua
2776 3970 2923 4010 arma
2957 3956 3249 4025 iniquitatis
3268 3998 3282 4022 ,
3314 3966 3368 4011 tu
3398 3956 3493 4010 tibi

1924 4054 2144 4116 praestas
2173 4046 2373 4102 viribus
2389 4043 2669 4101 tuis?Cum
2696 4047 2963 4101 enimnon
2986 4046 3118 4100 ﬁunt
3140 4047 3379 4101 membra
3411 4057 3497 4099 tua

1922 4149 2069 4193 arma
2090 4136 2398 4205 iniquitatis,
2416 4143 2498 4191 est
2520 4135 2730 4205 quidem
2752 4136 2999 4206 iniquitas
3021 4136 3072 4191 in
3102 4137 3350 4193 membris
3373 4137 3503 4208 tuis,

1924 4224 1978 4279 in
2016 4224 2293 4280 desideriis
2331 4224 2562 4291 illicitis,
2584 4225 2692 4280 .sed
2724 4241 2830 4280 non
2869 4234 3073 4296 regnat.
3100 4225 3378 4293 Quomodo
3417 4242 3505 4281 req

1920 4316 2180 4385 guat,-qui
2202 4329 2348 4371 arma
2375 4331 2481 4371 non
2509 4316 2706 4372 habet?
2733 4317 2863 4372 Pars
2894 4325 3003 4382 tua,
3030 4331 3153 4372 caro
3174 4327 3280 4383 tua,
3302 4333 3504 4372 cuncu-s

1924 4405 2179 4475 piseeutia
2212 4405 2400 4461 carnis
2442 4413 2550 4462 tua:
2591 4407 2843 4478 languore
2889 4407 3111 4463 rebellat
3145 4405 3399 4463 adversus
3428 4417 3501 4472 te,

1924 4496 2171 4566 Languor
2193 4496 2294 4552 iste
2321 4505 2576 4569 tyrannus
2604 4507 2686 4553 est
2715 4516 2729 4552 :
2761 4499 2803 4554 si
2837 4500 2915 4555 vis
2940 4507 2992 4554 te
3018 4499 3225 4570 tyranni
3264 4513 3383 4553 esse
3417 4499 3505 4554 Vi-r.

1925 4600 2151 4656 ctorem,
2180 4587 2454 4645 Christum
2480 4591 2664 4646 invoca
2686 4591 3080 4661 imperatorem.

1997 4680 2047 4735 7.
2089 4679 2279 4737 Gratia:
2304 4682 2619 4736 adversarius
2659 4682 2750 4736 sub
2769 4683 2900 4753 jugo
2936 4691 3005 4737 est
3036 4682 3329 4753 iniquitatis.
3369 4679 3506 4745 Nam

1925 4773 2037 4830 seio
2060 4772 2187 4844 quid
2216 4774 2343 4828 mihi
2374 4788 2494 4829 eras
2527 4773 2782 4837 dicturus,
2816 4773 2898 4827 vel
2922 4772 3049 4843 quid
3077 4772 3213 4842 apud
3244 4782 3297 4827 te
3324 4772 3501 4841 ipsum

1929 4864 2088 4920 modo
2123 4864 2291 4919 dicas.
2320 4852 2569 4932 Quisquis
2597 4863 2715 4917 talis
2746 4863 2830 4917 hic
2856 4876 2949 4929 es,
2977 4870 3030 4917 et
3064 4861 3214 4915 audis
3242 4876 3324 4914 me
3343 4900 3359 4926 ,
3392 4862 3507 4921 scio

1926 4954 2052 5022 quid
2078 4953 2170 5008 tibi
2217 4953 2357 5007 intus
2394 4952 2641 5022 loquatur
2683 4950 2951 5021 iniquitas.
2997 4950 3182 5004 Adhuc
3217 4948 3358 5005 enim
3403 4952 3506 5011 sub

1921 5044 2049 5115 jugo
2073 5056 2135 5097 es
2160 5041 2474 5111 iniquitatis,
2502 5040 2711 5110 quando
2740 5055 2844 5094 non
2875 5037 3118 5108 agnoscis
3143 5036 3369 5106 pretium
3395 5036 3500 5091 Re.

1926 5131 2383 5204 demptoris.Scio
2398 5130 2521 5202 quid
2545 5130 2637 5184 tibi
2660 5130 2822 5184 dicas.
2855 5129 2991 5183 Ecce
3013 5126 3339 5197 concupiscit
3378 5142 3508 5184 caro

1929 5239 2048 5281 mea
2085 5224 2343 5279 adversus
2394 5222 2637 5291 Spiritum
2687 5233 2895 5284 uicum,
2940 5214 3265 5287 concupiscit
3297 5214 3505 5273 adultus

1931 5315 2068 5370 rium
2092 5330 2106 5379 ;
2136 5312 2229 5370 sed
2255 5328 2361 5368 non
2398 5310 2695 5375 consentio,
2727 5325 2832 5365 non
2860 5324 3063 5375 annuo,
3090 5310 3201 5363 non
3230 5306 3461 5361 decerno
3490 5324 3504 5358 :

1932 5422 2035 5461 non
2062 5407 2232 5461 solum
2261 5420 2367 5461 non
2393 5417 2513 5474 ago,
2537 5401 2630 5458 sed
2655 5418 2752 5456 nec
2779 5416 2936 5472 agere
2952 5399 3265 5463 consentio;
3293 5411 3397 5451 non
3424 5410 3507 5453 suo.

1932 5497 2039 5550 lum
2087 5495 2212 5549 [oris
2251 5511 2345 5564 per
2388 5509 2600 5548 carnem
2640 5508 2743 5545 nou
2787 5499 3065 5560 perpetro,
3111 5486 3203 5542 sed
3253 5501 3352 5541 nec
3395 5486 3506 5556 ipsa

1999 5653 2012 5683 ¹
2049 5659 2125 5701 Er.
2168 5651 2307 5709 Lugd.
2366 5656 2484 5697 Ven.
2543 5654 2685 5710 Lov.,
2736 5645 2830 5710 hie
2860 5650 2909 5710 et
2950 5639 3071 5693 infra
3117 5640 3308 5710 ferunt,
3363 5648 3510 5698 casto

1936 5711 2085 5773 diam,
2110 5703 2312 5781 rectius;
2336 5716 2568 5773 [rzeterea
2600 5715 2619 5749 ι
2636 5708 2794 5775 ιιιάωιει
2820 5705 2984 5767 habet,
3009 5703 3291 5764 custodiant.
3359 5710 3416 5759 Μ.
