3938 6186
436 302 527 359 llll
1664 288 1720 344 S.
1764 282 2122 343 AlIGUS'l'i-Nl
2162 280 2461 342 EFISCOPI

431 414 612 474 mciite
665 430 859 489 sequor
903 412 1274 470 rebellantem.
1318 405 1605 465 Consentio
1649 402 1961 477 repugnanti
1987 441 2004 462 .

429 509 566 566 cedo
593 504 986 565 luetanti?Non
1005 503 1204 560 facio‘.
1235 501 1375 558 Ecce
1406 515 1513 556 non
1549 499 1853 556 dominatur
1874 494 2005 553 mihi

429 600 604 657 omnis
621 598 888 669 iniquitas.
910 596 985 651 Ita
1008 603 1110 661 est,
1131 609 1317 650 verum
1337 600 1441 649 est.

500 688 728 746 CAPUT
754 686 1141 744 VL—Grstias
1160 698 1280 755 age,
1309 684 1355 738 si
1373 682 1443 738 ita
1463 689 1567 744 est,
1591 680 1642 736 ei
1662 678 1751 751 qui
1787 676 1881 732 tibi
1907 674 2007 731 do-

433 781 581 838 navit
620 789 681 835 ut
722 778 795 835 ita
830 778 918 835 sit.
947 777 1066 833 Noli
1112 774 1211 831 tibi
1251 774 1354 830 hoc
1389 785 1666 842 arrogare,
1703 783 1772 825 ne
1817 766 2008 839 perdas

432 874 572 944 quod
599 873 871 943 accepisti,
898 880 953 928 et
978 870 1198 940 incipias
1225 868 1421 923 frustra
1447 879 1655 936 rogare.
1685 861 1802 918 Non
1829 861 2005 924 times,

435 966 570 1020 [tt-us
587 963 812 1033 superbis
837 962 1043 1029 resistit,
1066 958 1342 1016 humilibus
1359 966 1527 1012 autem
1542 954 1629 1010 dat
1653 952 1872 1026 gratiam
1899 949 2009 1026 (Ja-

429 1058 538 1112 cobi
567 1071 636 1118 Iv,
670 1055 769 1127 6)?

500 1147 557 1201 8.
581 1146 770 1202 Gratia:
813 1145 1008 1200 hostem
1047 1142 1254 1198 revincit
1302 1138 1545 1196 Ecclesia
1580 1136 1823 1209 precatio.
1863 1134 2009 1205 Ergo

430 1247 489 1290 tu
518 1237 611 1291 tibi
643 1245 883 1307 praestas,
907 1244 966 1290 ut
988 1250 1094 1289 non
1122 1233 1429 1289 dominetur
1460 1229 1554 1285 tibi
1593 1227 1771 1284 omnis
1808 1225 2007 1295 iniqui-

433 1331 552 1385 tas?
575 1329 630 1386 Si
659 1344 784 1385 vera
809 1338 893 1383 est
917 1330 1003 1383 tua
1030 1327 1128 1382 ista
1155 1323 1499 1395 praesumptio
1517 1362 1533 1387 ,
1564 1335 1699 1377 vana
1718 1326 1802 1374 est
1829 1324 2008 1371 nostra

429 1420 633 1485 oratio,
666 1417 755 1473 ubi
777 1418 1001 1473 dicimus
1046 1416 1181 1481 Deo,
1224 1413 1346 1467 Non
1380 1412 1666 1467 dominetur
1694 1408 1816 1462 mihi
1845 1405 2009 1460 omnis

429 1510 685 1576 iniquitas.
714 1506 950 1564 Cantasti
977 1505 1142 1561 verba
1163 1504 1261 1558 ista
1288 1501 1470 1566 hodie,
1486 1515 1553 1554 an
1579 1497 1724 1554 non?
1750 1496 1844 1551 llic
1863 1509 2005 1560 eras,

428 1601 640 1672 quando
661 1614 847 1655 omnes
873 1598 1203 1663 dicebamus,
1233 1592 1448 1649 Gressus
1475 1608 1613 1647 meos
1640 1589 1802 1660 dirige
1826 1603 2009 1642 secun-

430 1694 548 1747 dum
575 1691 776 1746 verbum
804 1699 965 1754 tuum,
994 1700 1040 1743 et
1068 1705 1131 1742 ne
1162 1686 1446 1741 dominetur
1473 1681 1598 1737 mihi
1624 1680 1786 1735 omnis
1819 1676 2009 1747 iniqui-

431 1797 507 1839 tas
532 1785 558 1838 ?
585 1784 681 1839 llic
708 1796 849 1847 eras,
881 1780 1104 1836 cantasti
1128 1777 1287 1833 verba
1312 1777 1433 1840 ista,
1463 1783 1589 1844 puto
1615 1781 1668 1828 te
1696 1785 1801 1826 non
1840 1784 2004 1839 nega-

429 1883 627 1928 turum.
647 1871 786 1942 Ergo
809 1870 1033 1926 cantasti
1063 1870 1114 1922 in
1140 1866 1335 1938 populo
1362 1864 1455 1919 Dei
1472 1906 1488 1930 ,
1508 1871 1564 1918 ct
1590 1860 1787 1932 rogasti
1819 1860 2007 1922 Deum,

428 1964 633 2029 dicens,
657 1960 870 2017 (iressus
898 1976 1032 2014 meos
1058 1959 1220 2030 dirige
1242 1954 1522 2012 secundant
1544 1952 1745 2008 verbum
1771 1959 1932 2014 tuum,
1964 1956 2011 2002 et

430 2071 494 2108 ne
517 2053 804 2107 dominetur
827 2051 949 2104 mihi
978 2050 1140 2104 omnis
1179 2048 1434 2118 iniquitas.
1459 2044 1515 2101 Si
1542 2044 1636 2100 tibi
1660 2043 1763 2098 hoc
1787 2048 2009 2112 prasta-

432 2144 546 2211 bas,
575 2157 737 2213 quare
762 2156 970 2197 mecum
1003 2139 1262 2210 rogabas?
1286 2138 1467 2193 Teneo
1486 2143 1789 2207 precantem
1809 2173 1825 2201 ,
1855 2144 2011 2188 teneo

427 2232 787 2298 invocantem,
814 2230 1075 2287 convinco
1098 2228 1426 2283 laborantem
1450 2244 1464 2279 :
1486 2223 1643 2281 simul
1670 2238 1799 2295 ergo
1822 2221 2009 2278 audis-

428 2338 547 2379 mus
573 2323 858 2390 diccntem,
898 2320 1074 2375 Venite
1098 2322 1164 2373 ad
1185 2335 1282 2386 me,
1312 2334 1483 2373 onmes
1507 2316 1592 2387 qui
1621 2315 1880 2370 laboratis.
1903 2314 2012 2367 Au-

427 2414 637 2468 diamus
663 2422 719 2469 et
743 2413 1036 2469 veniamus.
1058 2408 1197 2477 Quid
1227 2418 1310 2464 est
1328 2450 1344 2475 ,
1370 2406 1697 2463 Veniamus?
1731 2404 2011 2461 Credendo

429 2504 767 2574 proﬁciamus
789 2545 806 2572 ,
850 2503 1048 2574 gratias
1095 2499 1300 2573 agendo
1340 2499 1656 2555 accedamus
1684 2499 1726 2563 ',
1766 2511 2010 2567 perseve-

429 2595 597 2651 rando
623 2595 1014 2666 perveniamus.
1045 2592 1330 2649 Veniamus
1354 2590 1420 2645 ad
1445 2605 1570 2645 eum
1596 2588 1688 2660 qui
1723 2587 1871 2653 dicit,
1912 2585 2010 2642 Ve-

435 2686 537 2740 nite
560 2685 628 2739 ad
652 2701 750 2752 me,
773 2700 944 2739 omnes
971 2684 1057 2755 qui
1078 2681 1336 2736 laboratis.
1371 2680 1439 2735 Et
1466 2688 1522 2734 tu
1551 2679 1761 2734 laboras
1784 2718 1800 2744 ,
1829 2685 1886 2733 et
1910 2692 2009 2748 ego

428 2776 612 2832 laboro
638 2794 651 2829 :
679 2775 826 2830 illum
847 2774 1143 2837 audiamus,
1169 2771 1234 2827 ad
1262 2772 1410 2827 illum
1433 2770 1727 2835 veniamus,
1757 2769 1895 2824 inter
1911 2783 2009 2824 nos

427 2881 593 2937 quare
620 2864 920 2936 litigamus?
950 2864 1120 2919 Ambo
1146 2863 1442 2928 audiamus,
1465 2860 1771 2932 quiaambo
1798 2859 2008 2915 labora-

429 2970 548 3010 mus
574 2971 589 3008 :
621 2969 787 3026 quare
812 2955 949 3009 inter
975 2970 1071 3008 nos
1101 2952 1402 3023 litigamus?
1430 2966 1496 3005 an
1522 2961 1578 3005 ut
1629 2949 1893 3005 medicum
1915 2953 2009 3003 vo-

428 3056 639 3103 cantem
689 3061 795 3101 non
824 3044 1137 3100 audiamus?
1174 3044 1219 3099 Ο
1259 3042 1446 3098 infelix
1491 3041 1804 3097 infirmitas!
1845 3039 1910 3094 ad
1948 3054 2009 3095 se

430 3146 581 3193 vocat
619 3134 890 3202 medicus,
949 3144 1004 3190 et
1045 3134 1225 3189 litibus
1266 3141 1557 3202 occupatur
1594 3140 1844 3203 aegrotus.
1873 3129 2007 3186 Vide

427 3225 553 3296 quid
582 3225 726 3281 dicat
752 3225 991 3281 vocando
1021 3241 1034 3278 :
1075 3223 1248 3279 Venite
1268 3223 1337 3278 ad
1357 3240 1454 3291 me,
1487 3239 1659 3278 omnes
1686 3223 1773 3293 qui
1798 3222 2004 3277 labora-

426 3316 510 3369 tis.
540 3313 641 3371 Ubi
669 3314 946 3381 laboratis,
992 3314 1092 3369 nisi
1130 3313 1230 3369 sub
1264 3313 1488 3370 sarcinis
1514 3320 1873 3383 peccatorum,
1905 3312 2006 3366 nisi

424 3406 526 3461 sub
546 3406 675 3476 jugo
699 3405 851 3460 malae
876 3404 1104 3459 domina:
1128 3403 1455 3475 iniquitatis?
1481 3401 1654 3457 Venite
1666 3418 1794 3473 ergo
1816 3402 1886 3456 ad
1904 3419 2002 3469 me,

425 3513 598 3551 omnes
625 3497 712 3567 qui
732 3496 971 3551 laboratis
998 3507 1044 3550 et
1060 3496 1254 3551 onerati
1276 3496 1414 3562 estis,
1444 3504 1490 3549 et
1514 3511 1607 3567 ego
1641 3510 1727 3549 vos
1757 3496 2003 3563 reﬁciam.

428 3586 538 3658 Ego
564 3589 652 3660 qul
684 3586 805 3653 feci,
833 3587 1078 3657 reﬁciant.
1110 3586 1241 3658 Ego,
1269 3587 1455 3657 inquit,
1486 3601 1573 3641 eos
1595 3586 1820 3655 reﬁciam
1845 3586 2004 3657 :quia

424 3677 540 3733 sine
565 3693 651 3732 me
671 3676 801 3733 nihil
830 3677 1050 3747 potestis
1075 3677 1248 3733 facere
1273 3675 1451 3747 (Joan.
1478 3673 1565 3741 xv,
1592 3675 1673 3747 5).

496 3768 721 3825 CAPUT
774 3768 885 3822 Vll.
916 3800 988 3810 —
1025 3769 1081 3825 9.
1124 3769 1354 3824 Christus
1399 3770 1638 3841 magister
1685 3768 2001 3825 humilitatis.

423 3860 702 3930 Quomodo
724 3876 819 3917 vos
841 3861 1113 3920 reficiam?
1137 3860 1320 3917 Tollite
1331 3864 1518 3933 jugum
1537 3877 1703 3916 meum
1723 3878 1875 3931 super
1895 3877 2002 3929 ros,

421 3963 470 4009 et
494 3956 669 4011 discite
693 3972 727 4010 a
754 3972 851 4011 me.
873 3954 1011 4025 Quid
1038 3954 1296 4011 discimus
1332 3969 1362 4009 a
1389 3964 1441 4011 te
1461 3954 1486 4008 ?
1506 3953 1760 4009 Novimus
1789 3962 1861 4019 te,
1893 3953 2002 4010 Do-

423 4045 586 4110 mine,
614 4046 667 4102 in
705 4046 964 4117 principio
1003 4044 1257 4110 Verbum,
1290 4043 1522 4101 Verbum
1550 4044 1737 4110 Deum,
1766 4042 1999 4098 Verbum

422 4136 563 4206 apud
589 4136 755 4192 Deum
786 4155 800 4192 :
828 4136 1006 4192 omnia
1034 4151 1130 4207 per
1159 4144 1211 4192 te
1243 4134 1379 4190 facta
1408 4133 1674 4197 novimus,
1703 4148 1822 4203 qua:
1847 4131 2001 4188 vide-

426 4240 565 4290 mus,
592 4234 647 4280 et
686 4241 805 4296 qua:
833 4242 939 4280 non
977 4225 1235 4280 videmus.
1262 4225 1399 4294 Quid
1427 4224 1680 4281 discimus
1713 4239 1744 4278 a
1772 4233 1823 4279 te
1841 4225 1864 4279 ?
1884 4223 2001 4278 Non

422 4315 565 4370 enim
592 4316 750 4370 alium
780 4315 1032 4370 mundum
1062 4314 1305 4384 discipuli
1336 4315 1432 4379 tui,
1463 4323 1710 4385 tanquam
1753 4314 1999 4384 discipuli
2046 4362 2051 4367 .

386 4422 397 4425 τ
421 4406 639 4462 artificis
657 4415 712 4461 et
736 4405 1089 4472 fabricatoris,
1116 4405 1378 4461 conditori
1401 4421 1603 4461 sumus.
1632 4406 1808 4469 Unum
1840 4422 2000 4461 mun-

421 4496 549 4551 dum
593 4497 896 4564 condidisti,
928 4497 1121 4552 caelum
1148 4507 1201 4554 et
1234 4506 1431 4553 terram
1471 4497 1642 4553 fecisti
1673 4518 1686 4554 :
1719 4509 2001 4569 utrumque

423 4585 536 4641 suis
573 4586 834 4642 creaturis
872 4588 1308 4659 ornamentisque
1350 4588 1646 4644 illustrasti.
1684 4590 1821 4657 Quid
1871 4607 1898 4642 a
1949 4600 1999 4645 te

421 4677 713 4733 discimus?
743 4676 952 4742 Discite,
995 4678 1183 4750 inquit,
1211 4696 1243 4733 a
1266 4696 1360 4735 me.
1388 4679 1522 4736 Cum
1562 4695 1736 4737 essem
1768 4683 1821 4738 in
1848 4684 1998 4753 prin-

419 4770 559 4841 cipio
590 4770 726 4825 Deus
748 4772 887 4843 apud
919 4772 1083 4828 Deum
1104 4813 1119 4839 ,
1142 4774 1315 4830 creavi
1344 4788 1471 4840 vos;
1501 4774 1603 4830 hoc
1625 4776 1755 4831 nolo
1781 4776 1998 4833 discatis

417 4876 447 4914 a
476 4877 562 4919 me
590 4879 603 4915 :
636 4861 731 4917 scd
774 4863 943 4918 factus
989 4878 1105 4917 sum
1146 4864 1285 4934 quod
1315 4863 1434 4930 feci,
1483 4881 1552 4921 ne
1599 4867 1796 4937 periret
1838 4884 1997 4938 quem

418 4952 715 5011 feci.Undc
757 4972 872 5012 sum
918 4955 1085 5012 factus
1130 4956 1270 5027 quod
1317 4957 1452 5014 ieci?
1503 4956 1837 5030 Semetipsum
1884 4963 1996 5017 exi-

417 5045 606 5099 nanivit
634 5086 650 5112 ,
705 5050 923 5118 formam
968 5045 1099 5103 servi
1160 5048 1410 5118 accipiens
1442 5065 1460 5113 ;
1508 5051 1561 5103 in
1616 5051 1996 5108 similitudinem

417 5133 675 5188 hominum
725 5138 926 5207 factus,
979 5147 1026 5192 et
1070 5138 1243 5192 habitu
1282 5139 1506 5193 iuventus
1548 5150 1602 5193 ut
1649 5144 1843 5206 homo;
1894 5143 1995 5197 Itu-

417 5225 625 5278 miliavit
680 5228 1017 5296 semetipsum.
1065 5228 1176 5284 Hoc
1217 5229 1405 5285 discite
1444 5246 1475 5284 ιι
1519 5247 1604 5287 me
1628 5274 1642 5298 ,
1694 5232 1994 5290 Ilumiliavit

415 5317 558 5373 enim
603 5318 941 5385 sanetipsum,
968 5318 1156 5388 inquit.
1190 5319 1381 5375 Discite
1412 5339 1444 5375 a
1482 5339 1560 5376 me
1591 5328 1828 5394 quoniam
1859 5329 1992 5384 mitis

414 5426 527 5463 sum
554 5419 601 5463 et
638 5407 842 5463 humilis
882 5409 1031 5463 corde
1061 5409 1282 5482 (Matth.
1312 5428 1385 5479 χι,
1409 5411 1499 5478 28,
1524 5414 1642 5484 29).
1680 5416 1795 5471 Non
1823 5419 1986 5483 enim,

478 5516 497 5555 ι
514 5514 807 5584 ιιοδδειιείιείε
826 5525 929 5579 115.,
966 5518 1053 5570 sed
1081 5531 1173 5584 nec
1202 5517 1308 5584 ipsa
1327 5526 1482 5584 mente
1524 5535 1712 5584 sequor.
1735 5525 1992 5579 Rcbellanti

529 5578 781 5651 qonsrntio,
809 5578 1091 5651 repugnanti
1106 5594 1199 5631 non
1220 5578 1357 5642 cedo,
1382 5578 1683 5639 luctantium:
1704 5589 1782 5651 {av
1798 5602 1852 5640 '0.
1870 5578 1987 5641 Ecce

413 5649 504 5687 non
523 5638 808 5697 dominatur,
837 5638 932 5692 etei

477 5698 497 5730 ⁸
520 5706 618 5746 Ant.
644 5705 714 5748 Er.
737 5709 787 5749 et
811 5700 1031 5767 plerique
1057 5712 1183 5765 ηδε,
1208 5703 1514 5770 accipiamus.

3599 286 3703 344 192

2120 398 2309 470 inquit,
2342 398 2444 456 hoc
2477 414 2572 454 vos
2614 399 2801 468 doceo,
2825 400 2976 471 quasi
3004 399 3055 455 in
3094 398 3263 454 forma
3293 398 3385 455 Dei
3413 399 3701 472 aliquando

2118 492 2368 559 fuissetis,
2397 508 2502 548 non
2543 491 2781 564 rapinam
2814 491 3133 549 arbitrantes
3173 506 3292 549 esse
3327 507 3424 547 vos
3465 493 3702 564 tequales

2119 584 2246 641 Deo.
2279 585 2356 641 llli
2387 585 2475 641 uni
2502 586 2772 658 proprium
2802 594 2938 655 erat,
2966 585 3040 641 illi
3062 585 3247 657 rapina
3284 599 3389 640 non
3428 592 3577 650 erat,
3609 586 3702 641 cui

2120 682 2305 730 natura
2327 676 2499 731 inerat
2521 675 2559 728 ⁸.
2589 674 2643 730 In
2673 674 2845 730 Patris
2867 674 3171 746 aequalitate
3198 682 3356 730 natus
3379 682 3461 729 est
3496 674 3565 730 de
3591 675 3698 730 Pa-

2117 772 2216 819 tre.
2242 764 2379 833 Quid
2405 775 2578 821 tamen
2623 764 2750 821 fecit
2778 773 2994 837 propter
3020 765 3104 822 te?
3135 764 3479 836 Semetipsum
3513 767 3696 822 exina-

2116 854 2257 918 nivit,
2279 854 2493 925 formam
2513 856 2645 910 servi
2664 856 2946 927 accipiens;
2963 855 3018 910 in
3035 855 3415 911 similitudinem
3429 855 3694 911 hominum

2114 949 2298 1017 factus,
2335 956 2381 1001 et
2408 946 2582 1001 habitu
2622 947 2849 1003 inventus
2886 956 2943 1003 ut
2976 947 3124 1003 homo
3153 945 3427 1020 (Philipp.
3453 963 3520 1013 ιι,
3549 948 3585 1005 ϐ
3614 947 3696 1021 8).

2116 1038 2254 1093 Ecce
2280 1046 2500 1110 propter
2526 1047 2576 1095 te
2602 1039 2743 1095 Deus
2772 1039 2945 1095 factus
2968 1046 3051 1096 est
3076 1039 3237 1096 homo
3260 1082 3276 1107 ,
3305 1050 3363 1098 et
3388 1056 3491 1097 non
3524 1050 3577 1097 te
3612 1043 3699 1096 vis

2114 1146 2424 1201 agnoscere,
2452 1147 2574 1188 cum
2601 1133 2676 1188 sis
2709 1124 2868 1188 homo
2892 1132 3074 1188 ἵει-οε
3097 1141 3316 1204 pr0pter
3337 1142 3388 1188 te
3413 1132 3583 1189 factus
3608 1142 3697 1189 est

2116 1220 2276 1276 homo
2315 1222 2430 1278 sine
2470 1232 2725 1294 peccato,
2770 1232 2826 1279 et
2869 1238 2976 1279 non
3016 1223 3098 1279 vis
3143 1232 3195 1279 te
3243 1237 3532 1295 agnoscere
3572 1240 3697 1280 cum

2112 1312 2372 1382 peccato?
2399 1321 2457 1368 ut
2482 1313 2667 1370 venias
2700 1312 2766 1369 ad
2808 1314 2959 1369 illum
2990 1313 3081 1385 qui
3120 1314 3216 1381 ait,
3260 1312 3434 1370 Venite
3470 1315 3539 1368 ad
3572 1331 3693 1384 me,

2115 1419 2287 1457 ontnes
2312 1404 2398 1474 qui
2426 1403 2670 1460 laboratis
2696 1414 2743 1459 et
2770 1404 2963 1459 onerati
2991 1404 3125 1470 estis,
3150 1413 3198 1459 et
3223 1420 3314 1476 ego
3338 1421 3423 1460 eos
3448 1407 3695 1474 reficiam.

2185 1493 2409 1550 CAPUT
2435 1494 2564 1549 Vill.
2580 1495 2740 1551 —l0.
2761 1494 2954 1568 Iugum
2976 1494 3160 1551 Christi
3183 1496 3316 1550 unde
3339 1512 3505 1551 suave.
3538 1495 3696 1552 Pela-

2115 1584 2253 1653 gian.
2283 1587 2665 1656 argumentatio.
2686 1615 2758 1626 —
2776 1585 2958 1641 Tollite
2983 1586 3171 1659 jugum
3212 1603 3375 1641 meum
3408 1603 3562 1659 super
3586 1605 3695 1645 vos.

2116 1673 2308 1730 Tulisti
2338 1673 2439 1730 hoc
2456 1674 2690 1748 jugum?
2713 1675 2936 1732 Tulisti?
2972 1675 3151 1732 Sentis
3193 1685 3246 1732 te
3285 1673 3481 1733 habere
3519 1692 3699 1734 sesso-

2117 1780 2227 1818 rem
2243 1764 2268 1816 ?
2297 1764 2481 1821 Tulisti
2510 1765 2611 1821 hoc
2622 1766 2850 1838 jugum?
2870 1766 3031 1834 Dicis,
3053 1765 3195 1823 Tuli.
3219 1767 3399 1824 Sentis
3427 1775 3480 1823 te
3497 1766 3699 1824 habere

2116 1856 2418 1912 sessorem?
2441 1853 2619 1912 Sentis
2646 1867 2696 1912 te
2722 1855 2921 1914 habere
2941 1856 3468 1926 rectorem?.Sentio,
3495 1857 3693 1929 inquis.

2117 1945 2194 2000 Illi
2247 1962 2374 2018 ergo
2414 1947 2500 2003 dic
2519 1990 2535 2015 ,
2568 1946 2782 2004 Crestus
2807 1965 2941 2004 meos
2981 1948 3145 2021 dirige
3182 1948 3457 2005 secundum
3491 1951 3699 2005 verbum

2092 2045 2277 2102 tuum.
2310 2038 2468 2110 [legit
2495 2048 2547 2097 te
2571 2040 2670 2097 sub
2688 2040 2818 2114 jugo
2853 2057 2971 2110 suo,
3000 2050 3055 2097 et
3095 2042 3195 2097 sub
3228 2043 3432 2098 sarcina
3470 2059 3586 2099 sua.
3630 2044 3700 2101 Ut

2113 2131 2257 2186 enim
2295 2132 2502 2188 sarcina
2544 2133 2660 2204 ejus
2694 2133 2766 2189 sit
2810 2133 2900 2190 tibi
2931 2133 3065 2189 levis
3091 2134 3344 2206 etjugum
3369 2136 3483 2207 ejus
3511 2151 3698 2199 suave,

2116 2221 2205 2277 ille
2226 2223 2320 2278 tibi
2356 2239 2592 2280 amorem
2623 2225 2919 2296 inspiravit.
2961 2226 3197 2294 Amanti,
3241 2242 3401 2283 suave
3439 2237 3556 2294 est;
3589 2243 3698 2283 non

2114 2315 2335 2382 amanti,
2362 2315 2555 2371 durum
2581 2326 2683 2372 est.
2714 2317 2949 2385 Amanti,
2976 2332 3139 2373 suave
3165 2327 3248 2372 est
3278 2335 3291 2371 :
3319 2317 3572 2373 Dominus
3596 2319 3695 2374 de-

2115 2403 2192 2458 dit
2216 2405 2527 2461 suavitatem
2550 2398 2719 2478 (Psal.
2748 2422 2967 2474 ιιιςιγ,
2999 2406 3109 2479 13).
3141 2406 3219 2461 An
3252 2406 3387 2463 forte
3426 2408 3548 2479 quia
3597 2408 3686 2463 vel

2115 2495 2327 2563 venisti,
2354 2496 2599 2564 audiens,
2636 2496 2809 2553 Venite
2846 2497 2914 2553 ad
2936 2515 3041 2565 me,
3069 2497 3172 2554 hoc
3209 2497 3379 2569 ipsum
3421 2498 3512 2561 tibi
3540 2514 3700 2553 arro-

2111 2603 2241 2657 gare
2281 2588 2531 2656 intendis,
2560 2589 2684 2661 quia
2703 2590 2936 2646 venisti?
2964 2589 3121 2669 Ecce,
3147 2590 3353 2662 inquis,
3382 2576 3504 2647 veni
3540 2590 3608 2645 ad
3638 2591 3700 2646 il-

2114 2678 2221 2733 lum
2262 2679 2482 2735 arbitrio
2514 2696 2635 2737 meo
2657 2722 2672 2748 ,
2703 2680 2978 2737 voluntate
3022 2696 3161 2737 mea.
3188 2682 3321 2749 Quia
3356 2681 3496 2747 veni,
3527 2681 3699 2739 reficit

2117 2785 2203 2823 me
2228 2787 2241 2824 :
2269 2770 2388 2839 quia
2416 2769 2556 2837 veni,
2579 2770 2764 2842 jugum
2789 2786 2944 2827 suum
2974 2770 3193 2842 imponit
3221 2770 3352 2827 mihi
3376 2786 3575 2838 suave;
3605 2773 3701 2844 qui

2113 2860 2205 2915 dat
2246 2876 2484 2917 amorem
2514 2903 2529 2927 ,
2575 2863 2837 2918 sarcinam
2880 2877 3029 2918 suam
3083 2862 3254 2919 levem
3299 2864 3525 2934 imponit
3561 2863 3701 2920 mihi

2076 2998 2079 2999 ν
2112 2954 2310 3007 amanti
2339 2963 2395 3009 et
2417 2953 2654 3025 diligenti
2684 2972 2697 3008 :
2725 2955 2841 3010 htec
2868 2955 3045 3010 omnia
3076 2954 3203 3011 fecit
3222 2955 3277 3011 in
3305 2971 3425 3022 me;
3453 2955 3548 3012 sed
3572 2956 3699 3025 quia

2076 3088 2083 3091 .
2114 3043 2232 3098 veni
2254 3042 2323 3098 ad
2351 3059 2493 3099 cum.
2517 3044 2656 3116 Ergo
2692 3044 2795 3100 hoc
2829 3046 2991 3116 sapis,
3022 3046 3143 3117 quia
3170 3045 3380 3113 venisti,
3400 3055 3456 3102 tu
3477 3046 3571 3102 tibi
3596 3034 3700 3105 hoc

2068 3177 2073 3181 .
2114 3133 2442 3201 prmslitisti?
2480 3134 2617 3202 Quid
2667 3136 2808 3190 enim
2867 3135 3032 3191 habes
3095 3136 3240 3207 quod
3290 3150 3396 3192 non
3442 3139 3698 3209 accepisti

2075 3272 2080 3285 ,
2113 3222 2154 3295 (l
2181 3223 2297 3279 Cor.
2322 3241 2392 3292 tv,
2418 3227 2471 3297 7)
2488 3228 2510 3280 ?
2526 3226 2801 3295 Quomodo
2818 3228 3039 3284 venisti?
3053 3226 3330 3285 Crcdendo
3352 3229 3575 3285 venisti:
3600 3229 3698 3287 sed

2116 3316 2357 3371 nondum
2376 3320 2682 3388 pervenisti.
2706 3320 2893 3376 Adhuc
2912 3320 2963 3375 in
2988 3321 3067 3376 via
3095 3336 3296 3390 sumus,
3316 3323 3579 3392 venimus,
3598 3325 3695 3380 sed

2112 3407 2345 3463 nondum
2363 3411 2719 3478 pervenimus.
2744 3410 2937 3468 Servite
2951 3411 3163 3467 Domino
3184 3413 3235 3468 in
3253 3414 3448 3483 timore,
3466 3425 3514 3470 et
3526 3417 3699 3471 exsul-

2062 3536 2067 3537 ν
2111 3507 2212 3552 tate
2237 3499 2283 3552 ei
2303 3515 2418 3553 cum
2452 3510 2696 3566 tremore;
2737 3518 2799 3556 ne
2830 3502 3030 3571 quando
3063 3503 3311 3559 irascatur
3347 3504 3617 3571 Dominus,
3649 3517 3699 3561 et

2112 3590 2323 3657 pereatis
2337 3589 2400 3643 de
2423 3591 2656 3663 viajusta
2680 3590 2858 3662 (Psal.
2887 3608 2944 3661 ιι,
2975 3594 3034 3649 ll
3057 3605 3104 3648 et
3132 3594 3243 3665 ιε).
3268 3588 3445 3661 Time,
3474 3612 3543 3653 ne
3568 3612 3695 3653 cum

2112 3680 2203 3741 tibi
2223 3696 2441 3752 arrogas
2462 3684 2581 3753 quia
2608 3684 2819 3738 inventa
2847 3693 2928 3739 est
2953 3699 2984 3738 a
3022 3695 3073 3740 te
3098 3685 3182 3739 via
3203 3684 3365 3755 justa,
3401 3686 3515 3755 ipsa
3543 3702 3697 3742 arro-

2110 3771 2287 3840 gantia
2312 3788 2501 3841 pereas
2518 3773 2587 3828 de
2612 3774 2692 3828 via
2711 3773 2873 3843 justa.
2904 3774 3034 3845 Ego,
3062 3775 3250 3846 inquit,
3285 3776 3425 3843 veni,
3465 3777 3694 3832 arbitrio

2110 3877 2231 3917 meo
2264 3863 2406 3929 veni,
2437 3862 2707 3919 voluntate
2737 3879 2855 3919 mea
2891 3866 3032 3919 veni.
3072 3854 3207 3933 Quid
3242 3867 3537 3937 turgescis?
3564 3869 3696 3938 quid
3728 3854 3731 3857 ’

2111 3953 2398 4010 tumescis?
2422 3954 2516 4011 Vis
2554 3971 2713 4012 nosse
2747 3956 2872 4029 quia
2903 3958 3078 4014 ethoc
3108 3960 3397 4029 przrstitum
3439 3969 3523 4016 est
3553 3961 3697 4016 tibi?

2109 4044 2286 4114 Ipsum
2305 4045 2426 4100 audi
2465 4056 2742 4102 vocantem
2773 4065 2787 4102 ε
2820 4047 2983 4103 Nemo
3012 4049 3140 4104 venit
3176 4050 3245 4103 ad
3268 4068 3364 4118 me,
3389 4051 3483 4105 nisi
3514 4049 3694 4119 Pater,

2105 4137 2196 4206 qui
2215 4154 2292 4191 me
2318 4137 2475 4204 misit,
2505 4139 2711 4194 traxerit
2735 4156 2846 4194 eum
2870 4138 3048 4213 (Joan.
3079 4157 3151 4209 νι,
3180 4141 3307 4212 44).
3338 4141 3596 4199 Conversi
3623 4144 3697 4200 ad

2107 4228 2407 4297 Dominum,
2429 4237 2530 4285 etc.

2563 4319 2791 4376 SERMO
2830 4320 2999 4376 XXXI
3040 4325 3057 4347 ⁶
3097 4319 3204 4395 (α).

2107 4429 2186 4485 De
2228 4433 2386 4486 verbis
2430 4431 2625 4487 Psalmi
2650 4449 2809 4501 cxxv,
2839 4435 2894 4502 5,
2923 4435 2977 4501 6,
3007 4435 3108 4504 Qui
3132 4436 3393 4491 seminaut
3424 4437 3475 4492 in
3508 4436 3693 4510 lacry-

2767 4525 2889 4592 mis,
2917 4535 3012 4579 etc.

2211 4632 2434 4689 CAPUT
2472 4633 2753 4690 PRIMUM.
2795 4664 2870 4675 —
2914 4636 2966 4691 l.
3020 4635 3286 4693 Seminars
3339 4637 3392 4691 in
3445 4639 3694 4709 laergmis

2104 4728 2326 4779 euntium
2357 4736 2429 4781 est
2462 4724 2877 4783 Christianorum.
2900 4728 3145 4785 Psalmus
3168 4731 3256 4799 qui
3292 4740 3539 4786 cantatur
3577 4732 3678 4788 Do-

2106 4815 2271 4882 mino,
2300 4817 2509 4873 videtur
2546 4818 2740 4873 sanctis
2782 4818 3102 4889 martyribus
3137 4820 3426 4888 convenire
3456 4835 3471 4872 :
3503 4820 3602 4875 sed
3638 4823 3689 4877 si

2104 4908 2344 4963 membra
2363 4908 2560 4963 Christi
2585 4923 2790 4976 sumus,
2808 4911 2946 4965 sicut
2963 4925 3081 4965 esse
3095 4910 3370 4976 debemus,
3397 4910 3463 4965 ad
3492 4927 3692 4968 omnes

2104 5014 2204 5055 nos
2229 4998 2493 5071 pertinere
2521 5001 2895 5072 intelligamus.
2928 5002 3027 5069 Qui
3055 5003 3306 5057 seminam
3332 5004 3386 5057 in
3415 5003 3686 5083 laergntis,

2030 5136 2036 5143 .
2102 5092 2153 5145 in
2186 5092 2372 5164 gaudio
2395 5102 2594 5147 metant.
2633 5092 2821 5148 Ewtles
2845 5094 2982 5148 ibant
3008 5102 3056 5147 et
3077 5094 3295 5164 ﬂebant,
3327 5095 3577 5150 mittentes
3599 5113 3688 5151 se.

2101 5184 2240 5238 mina
2283 5201 2375 5239 sua
2396 5201 2415 5240 :
2444 5186 2688 5240 venientes
2733 5196 2901 5240 autem
2936 5186 3130 5241 uenient
3156 5204 3270 5242 cum
3314 5187 3684 5259 exsultatione,

2102 5285 2358 5345 portantes
2395 5276 2681 5347 manipulos
2711 5293 2829 5332 suos
2855 5278 2899 5330 ¹.
2927 5276 3047 5346 Quo
3085 5288 3272 5335 euntes
3292 5318 3307 5344 ,
3337 5286 3393 5334 et
3417 5278 3561 5335 unde
3585 5294 3688 5337 ve-

2164 5403 2963 5480 iéliqsowsswwinewrsemt-
3000 5466 3028 5480 ._
3067 5468 3099 5480 _.
3580 5466 3593 5478 .

2098 5464 2431 5577 loe'szl’esi‘ique
2448 5464 2575 5527 Mss,
2600 5465 2783 5519 venient
2799 5467 2850 5520 in
2870 5466 3201 5533 exsultatione,
3226 5468 3437 5521 tollentes
3457 5466 3689 5535 mareipu-

2142 5593 2177 5676 .'
2194 5590 2462 5678 [fastigatus
2477 5598 2552 5640 est
2565 5590 2623 5640 ad
2643 5598 2846 5654 quatuor
2867 5594 2943 5643 ch.
2960 5593 3018 5643 ad
3034 5593 3159 5645 ducs
3176 5606 3252 5656 gr.
3272 5592 3329 5643 ad
3351 5592 3400 5644 d.
3418 5604 3485 5647 tu.
3511 5602 3567 5646 et
3582 5603 3686 5648 Am.

2097 5658 2165 5699 [ι’.
2194 5659 2292 5699 Par.
2319 5656 2427 5699 ιον.

2156 5713 2227 5774 (ει)
2249 5712 2382 5773 .tlias,
2400 5712 2461 5762 de
2487 5714 2661 5763 sanctis
