3988 6190
280 357 383 414 195

277 473 486 526 nican
507 468 532 521 ἲ
556 466 698 535 Quid
742 466 1071 521 setuinantes
1100 464 1153 519 in
1176 461 1465 534 laerymis?
1489 473 1608 530 qua:
1633 465 1758 511 sunt
1781 468 1867 510 sc-

277 563 419 619 utiutt
437 560 463 614 ἲ
480 559 576 630 qui
602 556 902 627 manipuli?
928 554 1130 611 Euntes
1168 554 1221 608 in
1259 561 1510 616 mortem,
1539 550 1813 605 venientes
1835 562 1868 602 a

278 662 469 713 mrte.
502 652 709 708 Euntes
750 647 1051 713 nascendo,
1082 646 1362 703 venientes
1390 640 1735 713 resurgendo.
1761 637 1865 695 Se-

278 748 549 803 minantes
571 757 740 814 opera
760 740 901 796 bona
922 782 937 805 ,
963 746 1225 795 metentes
1251 735 1551 792 mercedem
1584 741 1861 788 aeternam.

276 839 494 898 Semina
531 851 663 908 ergo
704 841 833 890 sunt
869 840 1075 899 nostra,
1100 828 1355 902 quidquid
1396 827 1521 883 boni
1559 824 1860 889 fecerimus,

277 929 537 1003 manipuli
587 927 782 991 nostri,
823 924 966 996 quod
1013 924 1066 979 in
1119 921 1228 978 ﬁne
1268 920 1609 991 recipiemus.
1640 916 1697 973 Si
1737 928 1867 986 ergo

278 1024 414 1079 bona
432 1028 561 1075 sunt
583 1019 811 1082 semina,
841 1016 981 1071 bona
1002 1029 1197 1085 opera;
1238 1026 1404 1084 quare
1438 1025 1560 1067 eum
1587 1007 1861 1080 laerymis,

276 1116 400 1169 dum
425 1113 651 1168 hilarem
677 1110 920 1165 datorem
945 1107 1132 1178 diligat
1158 1106 1296 1162 Deus
1316 1103 1336 1179 (
1355 1104 1394 1158 ll
1424 1102 1539 1159 Cor.
1570 1119 1643 1167 Ix,
1675 1100 1770 1173 7)?

342 1206 398 1260 3.
441 1202 735 1274 Martyrum
761 1200 932 1273 passio
953 1188 1012 1251 Aet
1048 1213 1234 1252 merces
1263 1196 1315 1251 in
1358 1195 1568 1250 Psalmo
1598 1193 1861 1262 prodicta.

212 1282 217 1286 ’
277 1298 373 1352 llic
425 1296 660 1367 primum
711 1293 886 1347 ridete
910 1332 926 1357 ,
958 1288 1290 1354 charissimi,
1325 1286 1592 1357 quomodo
1636 1285 1865 1339 maxime
1904 1296 1905 1301 ‘

272 1387 339 1443 ad
368 1388 558 1441 beatos
583 1392 846 1452 martyres
870 1380 1031 1435 verba
1053 1380 1153 1433 ista
1187 1379 1509 1448 pertineant.
1542 1374 1681 1430 Nulli
1720 1374 1861 1429 enim

272 1485 484 1533 tantum
507 1473 897 1544 impenderunt,
929 1473 1091 1540 quam
1123 1468 1197 1522 illi
1221 1468 1311 1537 qui
1337 1481 1397 1522 se
1422 1467 1565 1536 ipsos
1585 1463 1864 1534 impende-

271 1575 436 1622 runt:
467 1565 608 1619 sicut
648 1561 780 1617 dicit
817 1559 1091 1631 apostolus
1131 1558 1350 1624 Paulus,
1374 1554 1442 1610 Et
1469 1555 1577 1627 ipse
1601 1552 1867 1624 impendar

269 1657 655 1730 proauimabus
690 1653 867 1708 vestris
897 1650 1005 1722 (Id.
1030 1667 1124 1717 xu,
1152 1650 1263 1720 l5).
1305 1646 1680 1718 lmpcnderunt
1719 1645 1862 1701 enim

272 1766 333 1806 sc
361 1750 518 1821 ipsos
539 1744 843 1803 eonﬁtesido
864 1742 1157 1806 Christum,
1187 1750 1241 1796 et
1261 1739 1531 1813 implendo
1556 1739 1607 1793 in
1633 1738 1749 1808 ejus
1769 1735 1865 1790 ad-

268 1840 473 1913 iutorio
489 1837 633 1910 quod
655 1837 853 1892 dictum
876 1844 979 1902 est,
1002 1834 1084 1889 Ad
1109 1850 1333 1889 mensum
1377 1848 1612 1904 magnam
1651 1829 1861 1894 sedisti,

271 1939 402 1987 scito
423 1931 666 2002 quoniam
688 1930 812 1983 talia
840 1939 889 1982 te
924 1936 1120 1998 oportet
1147 1941 1437 1997 prteparars
1470 1923 1671 1995 (Et-cii.
1705 1938 1857 1989 xm,

271 2024 385 2091 12).
412 2023 549 2091 Quae
574 2032 658 2079 est
679 2034 867 2092 magna
893 2034 1098 2081 mensa,
1124 2016 1224 2071 nisi
1252 2016 1392 2071 unde
1419 2015 1707 2084 accipimus
1738 2027 1860 2068 cor-

272 2112 601 2186 posChristi
643 2122 697 2167 et
740 2107 1252 2180 sanguinem?Quid
1298 2114 1400 2172 est,
1443 2104 1587 2160 Scito
1625 2104 1863 2174 quoniam

269 2206 396 2260 talia
413 2213 465 2259 ts
481 2211 676 2274 oportet
694 2214 1020 2272 prcparare;
1042 2198 1140 2253 nisi
1158 2196 1297 2268 quod
1318 2196 1504 2250 beatus
1522 2194 1752 2249 Joannes
1769 2206 1863 2247 ex-

273 2296 444 2368 ponit,
466 2293 616 2350 Sicut
633 2290 865 2347 Christus
890 2305 982 2361 pro
1006 2288 1149 2342 nobis
1169 2286 1392 2341 animum
1418 2301 1563 2338 suam
1581 2283 1768 2353 posuit,
1790 2282 1864 2334 sic

271 2397 320 2440 et
343 2401 436 2440 nos
462 2382 700 2438 debemus
727 2396 819 2451 pro
838 2379 1083 2450 fratribus
1097 2378 1294 2431 animus
1316 2391 1499 2444 ponere
1535 2372 1578 2446 (l
1593 2372 1749 2428 Joan.
1780 2387 1857 2437 ιιι,

274 2476 407 2548 ιειτ
430 2474 580 2539 Bene
603 2478 865 2543 quantum
892 2467 1284 2540 impenderunt.

342 2562 574 2622 CAPUT
609 2548 763 2620 ιιί-
793 2562 899 2618 Sed
931 2560 1187 2631 numluid
1218 2559 1510 2629 perierunt,
1539 2553 1753 2626 quando
1779 2568 1864 2608 se-

270 2659 558 2715 curitatem
610 2669 642 2709 a
688 2653 917 2709 Domino
963 2650 1124 2707 etiam
1174 2649 1242 2704 de
1297 2646 1492 2718 capillo
1542 2653 1863 2714 acceperunt

273 2751 427 2826 (Luc.
457 2764 572 2815 sn,
603 2746 733 2817 l8)?
756 2745 902 2802 Perit
947 2756 1170 2807 manus,
1209 2740 1297 2795 ubi
1347 2753 1453 2793 non
1503 2736 1643 2809 perit
1686 2731 1863 2826 pilus?

274 2824 423 2900 l‘erit
444 2848 626 2912 caput,
648 2837 737 2894 ubi
764 2851 870 2893 non
896 2835 1033 2906 perit
1057 2830 1314 2902 capillus?
1336 2828 1434 2885 Ubi
1463 2843 1569 2884 non
1599 2824 1734 2897 perit
1752 2825 1864 2896 pal-

273 2934 438 3008 pebra
458 2975 476 2998 .
497 2933 637 3005 perit
663 2930 885 2987 oculus?
915 2927 1024 2982 llac
1053 2940 1180 2996 ergo
1219 2930 1437 2993 accepta
1465 2934 1655 2991 magna
1694 2932 1858 2974 secu-

272 3007 455 3087 ritate,
487 3018 860 3094 impenderunt
884 3032 944 3072 se
970 3016 1132 3087 ipsos.
1160 3012 1422 3083 Operibus
1443 3024 1574 3080 ergo
1598 3007 1751 3063 bonis
1779 3021 1863 3062 se—

271 3115 575 3176 minantis,
614 3125 735 3166 cum
781 3118 993 3178 tempus
1038 3113 1151 3170 est,
1196 3102 1407 3157 dicente
1443 3098 1730 3170 Apostolo,
1766 3095 1865 3163 Qui

272 3210 432 3280 parte
474 3204 707 3266 seminat,
736 3214 888 3271 parce
910 3206 961 3252 et.
977 3205 1121 3250 metet
1145 3193 1210 3266 (ll
1239 3191 1358 3247 Cor.
1381 3206 1457 3257 Ix,
1484 3189 1571 3261 6).
1599 3186 1862 3280 Infatigaf

272 3277 424 3366 bills,
450 3295 622 3371 inquit
639 3335 657 3361 ,
680 3309 796 3347 cum
821 3300 1019 3360 tempus
1044 3286 1281 3341 habemus
1305 3295 1568 3353 aperemur
1589 3280 1775 3333 bonum
1796 3277 1865 3330 ad

274 3396 474 3455 om,
502 3386 726 3442 tussim:
744 3392 915 3437 autem
942 3378 1010 3433 ad
1034 3376 1329 3432 domesticos
1359 3372 1498 3443 ﬁdei.
1530 3371 1598 3427 Et
1626 3371 1814 3426 iterum
1846 3386 1860 3423 :

274 3483 502 3548 Battum,
530 3477 720 3549 inquit,
744 3474 979 3548 facientes
1001 3487 1101 3526 non
1127 3467 1423 3537 deﬁciamus
1438 3480 1458 3531 ;
1484 3475 1706 3534 tempore
1733 3462 1864 3516 enim

273 3588 371 3630 sum
394 3556 642 3627 atacinus
666 3568 685 3599 ε
718 3564 914 3639 (Galat.
948 3577 1019 3628 Vl,
1045 3559 1132 3627 to,
1156 3556 1234 3630 9).
1263 3557 1364 3625 Qui
1405 3554 1662 3612 defecerit
1698 3553 1752 3607 in
1778 3566 1866 3609 se-

277 3662 448 3729 mine",
464 3656 585 3716 non
607 3654 857 3730 gaudebit
882 3653 937 3708 in
962 3665 1160 3707 messe.

346 3752 410 3810 3.
470 3742 792 3820 Inﬁnitiores
847 3741 1120 3799 Christiani
1163 3738 1368 3812 quidam
1395 3737 1449 3791 in
1501 3733 1739 3806 tacrgmis
1789 3748 1905 3787 se-‘

280 3845 555 3900 minantes.
627 3838 805 3907 Quare
866 3850 995 3906 ergo
1037 3832 1091 3887 in
1144 3828 1394 3901 lacrymis
1418 3869 1433 3895 ,
1502 3841 1623 3881 cum
1689 3823 1867 3881 omnia

281 3939 425 3994 bona
473 3948 635 4006 open
678 3937 861 3986 nostra
905 3926 1104 3982 habere
1142 3923 1373 3979 debeant
1412 3916 1774 3974 hilaritatem?
1802 3916 1870 3972 Et

282 4022 597 4102 quﬂetl‘de
623 4020 944 4093 martyribus
967 4016 1071 4074 diei
1102 4023 1296 4086 potest,
1337 4012 1458 4084 quia
1483 4026 1603 4067 cum
1623 4009 1870 4082 lacrymis

282 4110 704 4176 seminaverunt.
739 4109 974 4167 Fortiter
999 4107 1142 4164 enim
1169 4110 1542 4169 certaverunt,
1572 4110 1627 4157 et
1655 4102 1710 4156 in
1751 4113 1868 4155 ma-

284 4213 406 4283 gnis
436 4205 863 4266 tribulationibus
892 4201 1124 4257 fuerunt.
1157 4197 1290 4255 Nam
1319 4204 1375 4251 ut
1400 4209 1583 4252 corum
1611 4192 1871 4266 lacrymas

285 4301 534 4358 Christus
559 4295 955 4358 consolaretur,
987 4287 1258 4346 transtulit
1285 4301 1378 4342 eos
1398 4295 1454 4342 et
1482 4283 1874 4354 transtiguravit

288 4409 385 4449 eos
413 4394 467 4447 iu
509 4406 569 4447 se
592 4433 608 4457 ,
641 4398 696 4445 ει
731 4386 867 4443 dixit
894 4403 907 4440 :
933 4382 1111 4439 Tristis
1148 4391 1218 4435 est
1258 4380 1429 4433 anima
1480 4393 1590 4432 mea
1624 4391 1780 4448 usque
1805 4374 1874 4429 ad

292 4494 524 4540 mortem.
578 4479 1002 4544 Verumtamen,
1058 4470 1249 4529 fratres
1297 4470 1437 4536 mei,
1488 4467 1698 4524 videtur
1743 4467 1873 4522 mihi

292 4578 438 4650 quod
464 4582 624 4647 caput
644 4578 887 4628 nostrum
915 4562 1298 4623 infirmioribus
1316 4562 1427 4619 suis
1452 4559 1704 4615 membris
1729 4573 1877 4613 eom-

294 4687 509 4744 passum
538 4675 622 4722 est
643 4709 659 4733 ,
690 4681 757 4720 nc
780 4662 849 4719 de
874 4676 932 4717 se
959 4659 1092 4716 forte
1123 4656 1356 4712 membra
1388 4653 1596 4709 infirma
1621 4651 1897 4744 despera-‘

294 4742 417 4821 rcnt
438 4802 455 4825 ,
500 4769 555 4815 et
597 4758 735 4813 sicut
757 4761 842 4811 est
867 4752 1094 4806 humana
1131 4746 1391 4818 fragilitas
1415 4787 1429 4812 ,
1459 4752 1630 4799 morte
1658 4742 1876 4813 propin-

293 4864 495 4928 quante
523 4848 995 4924 perturbarentur,
1040 4850 1095 4898 et
1120 4841 1359 4896 dicerent
1401 4854 1503 4892 non
1531 4835 1685 4928 se_ad
1712 4836 1877 4890 Deum

272 4926 604 5019 pertinere;
636 4955 760 4995 nam
780 4937 825 4992 si
857 4934 1181 5008 pertinerent
1206 4973 1222 4999 ,
1253 4929 1567 5002 gauderent.
1590 4926 1712 4982 ideo
1732 4926 1881 4998 prius

296 5020 542 5096 Christus
568 5033 764 5097 dixit’,
795 5027 980 5084 Tristis
1018 5034 1092 5082 est
1126 5025 1297 5079 anima
1336 5037 1445 5076 mea
1472 5036 1626 5091 usque
1652 5019 1721 5072 ad
1747 5035 1882 5073 mor-

298 5139 419 5185 tem.
445 5124 633 5191 Pater,
663 5122 708 5177 si
747 5120 861 5191 ﬁeri
901 5126 1061 5190 potest
1084 5157 1102 5185 ,
1148 5123 1371 5169 transeat
1411 5127 1444 5164 a
1492 5125 1571 5163 me
1613 5109 1749 5163 ratio:
1792 5108 1885 5164 iste

299 5216 515 5295 (Matth.
536 5229 691 5279 XXVI,
713 5212 805 5279 58,
836 5208 952 5281 59).
985 5207 1115 5275 Quis
1134 5205 1235 5295 hoc
1253 5202 1382 5295 dicit
1400 5200 1578 5295 {Quae
1607 5206 1842 5295 potestas
1866 5238 1882 5264 ,

299 5287 421 5381 quae
448 5301 768 5362 infirmitas?
797 5296 992 5355 Audite
1016 5311 1136 5368 quae
1167 5292 1297 5349 dicit
1340 5309 1352 5345 :
1398 5288 1703 5345 Potestatem
1730 5287 1887 5342 habeo

300 5374 525 5473 ponendi
547 5395 772 5451 animam
792 5407 953 5447 meam
974 5430 991 5458 ,
1018 5396 1065 5444 et
1091 5395 1383 5460 potestatem
1413 5382 1571 5437 habeo
1596 5381 1775 5436 iterum
1802 5374 1903 5436 su;

368 5536 386 5568 ⁸
411 5532 611 5594 Quidam
653 5529 763 5580 iibri
800 5528 982 5594 addunt
1012 5525 1225 5594 hic,_non
1256 5516 1695 5594 deﬁcinte’spsedi
1721 5517 1887 5594 male”:

335 5609 394 5665 rp
414 5579 980 5656 hoe—enimiaugustinus
1014 5588 1062 5638 in
1085 5579 1241 5637 altero
1276 5579 1422 5634 versu
1458 5579 1639 5645 posuit,
1667 5579 1892 5645 infatiga-

332 5659 475 5770 uﬁia
511 5726 618 5768 uss.
656 5715 778 5766 Editi
811 5726 958 5766 vero:
988 5710 1128 5763 Prius
1167 5717 1283 5771 erqo
1315 5703 1531 5757 Christus
1567 5703 1654 5755 sub
1690 5715 1896 5768 persona

306 5791 578 5847 numer
602 5776 743 5831 dixit.

1582 366 1589 367 ί
1676 340 1903 401 SERMO
1942 338 2133 397 XXXI.

3454 338 3553 393 lM

1974 453 2146 509 ruendi
2167 468 2298 507 eam.
2333 450 2499 507 Nemo
2528 453 2666 508 tollet
2696 468 2805 507 eam
2834 469 2866 506 a
2888 469 2985 518 me,
3017 453 3105 509 sed
3128 467 3219 520 ego
3246 466 3381 520 pono
3402 466 3514 504 eam
3533 492 3548 515 ,

1972 552 2020 598 et
2046 544 2224 598 iterum
2250 559 2396 598 sumo
2422 559 2532 597 eam
2560 541 2738 615 (Joan.
2768 559 2822 608 κ,
2850 542 2957 614 l8).
2987 538 3110 597 llaec
3136 549 3366 611 potestas
3386 541 3552 595 tristis

1970 642 2120 699 erat,
2148 633 2361 704 quando
2399 632 2626 688 faciebat
2654 633 2796 703 quod
2826 650 2932 688 non
2962 631 3199 699 faceret,
3222 632 3326 687 nisi
3346 631 3549 688 voluis-

1969 734 2073 781 set.
2118 725 2384 782 Potestate
2408 725 2548 781 enim
2574 723 2701 781 fecit
2721 765 2736 790 ,
2770 740 2874 779 non
2907 725 3245 789 eoatditione;
3285 724 3409 795 quia
3436 723 3554 793 ipse

1970 816 2166 882 voluit,
2200 834 2306 873 non
2343 818 2464 888 quia
2504 816 2720 873 Judteus
2749 818 2936 888 potuit.
2969 816 3385 887 Transiiguravit
3421 830 3553 886 ergo

1970 907 2026 963 in
2063 923 2123 964 se
2151 908 2361 963 inﬁrma
2397 908 2635 963 membra
2679 908 2919 978 corporis
2944 908 3048 962 sui.
3081 907 3147 961 Et
3191 907 3327 962 forte
3353 907 3421 963 de
3445 907 3552 962 illis

1968 998 2167 1056 dictum
2210 1007 2293 1055 est
2313 1038 2330 1065 ,
2367 998 2468 1065 Qui
2502 999 2752 1057 seminam
2778 999 2831 1052 in
2857 997 3116 1068 laerymis,
3145 996 3198 1050 in
3225 996 3413 1068 gaudio
3440 1013 3548 1051 mc-

1968 1099 2071 1147 tent
2101 1108 2120 1146 :
2148 1090 2201 1147 id
2224 1100 2306 1148 est
2326 1132 2343 1156 ,
2373 1090 2445 1147 de
2465 1089 2864 1145 infirmioribus.
2902 1090 3017 1145 Non
3046 1091 3188 1145 enim
3211 1090 3264 1145 in
3290 1089 3545 1160 laerymis

1967 1180 2264 1235 simulabat
2308 1180 2396 1236 ille
2430 1181 2594 1250 ipsius
2619 1180 2816 1236 Christi
2845 1195 3069 1251 magnus
3088 1195 3266 1249 prmeo
3288 1220 3305 1244 ,
3330 1180 3548 1250 quando

1968 1271 2172 1327 dicebat
2207 1288 2221 1324 :
2258 1270 2367 1342 Ego
2392 1271 2526 1327 enim
2546 1270 2800 1339 immolor,
2829 1281 2877 1326 et
2900 1281 3096 1343 tempus
3119 1288 3244 1326 mea:
3270 1270 3546 1326 resolutio-

1968 1368 2049 1421 nis
2072 1367 2243 1421 instat.
2290 1366 2491 1421 Bonum
2527 1375 2773 1420 certamen
2808 1366 2991 1420 certaoi
3012 1406 3028 1429 ,
3068 1381 3271 1420 cursum
3306 1378 3544 1450 consum;

1967 1457 2101 1512 mari
2122 1497 2138 1522 ,
2183 1457 2336 1527 ﬁdem
2381 1458 2573 1513 sereni
2597 1472 2618 1512 :
2650 1457 2713 1512 de
2745 1466 2925 1512 cancro
2949 1464 3173 1526 superest
3196 1455 3322 1509 mihi
3354 1471 3545 1509 corona

1964 1549 2207 1619 iustitia,
2234 1563 2429 1604 corona
2469 1548 2536 1604 de
2563 1547 2873 1617 manipulis;
2902 1556 3146 1619 superest.
3175 1546 3375 1617 inquit,
3417 1546 3544 1600 mihi

1965 1655 2151 1694 corona
2174 1639 2392 1710 iustitia:
2412 1681 2427 1704 ,
2454 1655 2608 1710 quam
2640 1638 2816 1694 reddet
2842 1639 2965 1693 mihi
2986 1638 3231 1693 Dominus
3254 1639 3307 1692 in
3343 1637 3436 1692 illa
3463 1638 3547 1692 die

1956 1731 2131 1799 justus
2150 1729 2317 1801 judea:
2347 1729 2411 1802 (ll
2444 1728 2576 1784 Tim.
2608 1745 2682 1795 tv,
2712 1729 2837 1801 6-8)
2865 1744 2880 1782 :
2908 1729 3058 1799 quasi
3085 1729 3307 1792 diceret,
3339 1727 3548 1783 Reddet

1965 1819 2097 1876 mihi
2139 1834 2368 1876 messem
2392 1861 2408 1888 ,
2449 1820 2537 1875 cui
2577 1835 2666 1876 me
2708 1819 2880 1889 ipsum
2931 1817 3184 1888 impendo
3228 1826 3546 1873 sementem.

1965 1910 2092 1967 Haec
2117 1911 2297 1977 verba,
2327 1920 2584 1982 quantum
2623 1910 2992 1982 intelligimus,
3022 1911 3237 1976 fratres,
3267 1910 3546 1965 exsultan-

1967 2003 2036 2057 tis
2073 2011 2233 2068 sunt,
2261 2018 2367 2058 non
2415 2003 2690 2073 plorantis.
2732 2002 2994 2073 Numquid
3020 2003 3233 2073 quando
3260 2003 3360 2058 ista
3400 2002 3547 2058 dice-

1965 2090 2081 2155 bat,
2102 2091 2154 2146 in
2173 2092 2423 2163 lacrymis
2451 2103 2565 2148 erat
2579 2093 2604 2147 ?
2619 2092 2805 2149 Nonne
2825 2092 3016 2151 similis
3033 2102 3149 2148 erat
3179 2093 3332 2147 hilari
3350 2091 3543 2156 datori,

1963 2196 2121 2252 quem
2147 2182 2311 2252 diligit
2341 2182 2516 2237 Deus?

2033 2292 2257 2349 CAPUT
2298 2292 2380 2347 Ill.
2410 2322 2483 2332 —
2528 2292 2607 2347 Ad
2653 2292 2894 2347 infirmos
2929 2308 3057 2364 ergo
3102 2292 3395 2349 referamus
3430 2292 3547 2349 bme

1965 2387 2148 2452 verba,
2182 2394 2239 2440 ut
2274 2399 2372 2440 nec
2399 2385 2498 2456 ipsi
2526 2385 2814 2455 desperent
2841 2385 2931 2455 qui
2959 2385 3013 2440 in
3040 2385 3288 2457 lacrymis
3314 2387 3548 2441 semina-

1963 2484 2128 2531 runt:
2157 2476 2284 2546 quia
2311 2476 2412 2529 etsi
2439 2474 2768 2530 seminarunt
2798 2476 2849 2529 in
2882 2475 3137 2547 lacrymis
3155 2518 3169 2541 ,
3205 2477 3425 2531 transiet
3449 2476 3548 2532 do-

1965 2566 2047 2621 lor
2066 2577 2119 2620 et
2140 2566 2364 2636 gemitus
2398 2582 2412 2618 :
2441 2566 2629 2620 transit
2655 2565 2863 2620 tristitia
2889 2580 3009 2621 cum
3038 2566 3140 2621 fine
3158 2608 3174 2633 ,
3208 2576 3263 2621 et
3288 2567 3430 2623 venit
3455 2567 3547 2622 lar-

1966 2658 2078 2713 titia
2107 2659 2221 2713 sine
2246 2657 2372 2713 ﬁne.

2034 2747 2088 2801 4.
2138 2745 2401 2813 Quomodo
2455 2753 2704 2807 sentinam
2753 2761 2924 2800 omnes
2961 2747 3014 2800 in
3056 2745 3312 2818 lacrymis.
3364 2747 3549 2804 Justus

1964 2837 2171 2908 quisque
2216 2836 2297 2890 hic
2340 2837 2680 2891 abundantius
2730 2838 2914 2907 plorat.
2975 2837 3349 2893 Verumtamen
3371 2879 3386 2905 ,
3416 2839 3548 2895 cha-

1965 2929 2161 2984 rissimi
2183 2968 2200 2996 ,
2229 2944 2358 2984 ecce
2377 2927 2645 2998 quomodo
2672 2929 2801 2983 mihi
2841 2928 3053 2983 videtur
3074 2928 3138 2983 ad
3168 2944 3357 2985 omnes
3386 2932 3548 3001 parti.

1966 3036 2095 3077 nere
2123 3020 2264 3091 quod
2292 3020 2491 3075 dictum
2522 3028 2604 3075 est
2627 3062 2642 3086 ,
2687 3020 2787 3085 Qui
2814 3018 3063 3075 seminant
3100 3021 3152 3074 in
3179 3021 3418 3091 (armatis
3437 3062 3452 3089 ,
3493 3024 3548 3075 in

1965 3112 2152 3184 gaudio
2182 3120 2382 3166 metrnt.
2414 3110 2602 3165 Enntes
2629 3110 2768 3164 ibant
2803 3120 2850 3164 et
2875 3110 3063 3180 ﬂebant
3085 3150 3101 3177 ,
3130 3111 3376 3166 mittentes
3399 3112 3552 3174 semi-

1966 3221 2034 3258 na
2075 3220 2170 3258 sua
2215 3218 2235 3257 :
2271 3203 2518 3256 partientes
2557 3212 2723 3255 autem
2764 3200 2961 3255 venient
3009 3218 3124 3255 cum
3177 3202 3546 3270 exsultatione,

1966 3293 2195 3348 tollentes
2219 3292 2509 3364 ntanipulos
2534 3307 2670 3345 suos.
2694 3290 2884 3346 Audite
2903 3291 2969 3356 si,
2992 3291 3274 3362 adjuvante
3289 3293 3545 3360 Domino,

1966 3385 2241 3455 esplieare
2282 3392 2505 3454 potuero
2527 3423 2541 3446 ,
2571 3380 3017 3454 quemadmodum
3055 3380 3121 3437 ad
3163 3396 3350 3438 omnes
3379 3376 3577 3453 ρεταιν

1968 3483 2091 3529 neat
2109 3515 2125 3540 ,
2149 3472 2340 3528 Euntes
2367 3473 2503 3526 ibant
2528 3480 2575 3526 et
2598 3472 2806 3541 ﬂebant.
2832 3470 2911 3525 Ex
2936 3486 3040 3542 quo
3068 3472 3353 3537 nascimur,
3385 3473 3547 3527 imus.

1967 3564 2097 3633 Quis
2119 3564 2261 3619 enim
2282 3563 2429 3618 stat?
2451 3562 2581 3629 Quis
2605 3576 2710 3615 non
2736 3576 2806 3616 ex
2828 3576 2932 3631 quo
2960 3560 3098 3615 viam
3127 3561 3338 3616 intravit
3355 3602 3372 3627 ,
3393 3562 3550 3632 cogi-

1971 3665 2057 3711 tur
2080 3652 2389 3709 ambulare?
2412 3651 2590 3706 lnfans
2612 3660 2766 3704 natus
2794 3658 2876 3705 est
2896 3691 2911 3715 ,
2940 3650 3236 3706 crescendo
3261 3651 3496 3707 ambulat
3525 3669 3543 3707 :

1971 3759 2114 3800 mors
2127 3742 2248 3797 linis
2261 3750 2363 3797 est.
2382 3740 2514 3797 inde
2529 3740 2663 3810 ‘jam
2680 3739 2995 3795 veniendum
3012 3748 3113 3807 est,
3133 3740 3231 3795 sed
3248 3755 3368 3796 cum
3379 3742 3546 3798 exsul.

1971 3836 2188 3893 talione.
2216 3834 2346 3902 Quis
2370 3833 2509 3889 enim
2538 3848 2644 3887 non
2685 3831 2773 3887 hic
2812 3832 2985 3902 plorat
3034 3831 3087 3887 in
3126 3833 3209 3887 via
3252 3833 3353 3888 ista
3382 3833 3545 3902 mala,

1970 3925 2181 3998 quando
2196 3925 2308 3995 ipse
2333 3923 2504 3979 infans
2525 3922 2649 3978 inde
2672 3923 2891 3993 incipit?
2919 3921 3111 3993 Utique
3134 3922 3306 3979 infans
3328 3923 3547 3993 quando

1972 4016 2226 4082 nascitur,
2245 4015 2313 4071 de
2328 4013 2587 4085 angustiis
2603 4014 2738 4069 uteri
2764 4013 2820 4067 in
2837 4012 2996 4082 hujus
3016 4013 3195 4068 mundi
3213 4013 3546 4070 latitudinem

1974 4107 2230 4174 funditur,
2257 4105 2323 4162 de
2343 4104 2579 4160 tenebris
2605 4102 2843 4174 procedit
2869 4101 2934 4157 ad
2961 4104 3132 4157 lucem
3157 4113 3244 4159 :et
3272 4111 3450 4161 tamen
3476 4104 3545 4161 tle

1976 4200 2208 4256 tenebris
2233 4198 2451 4253 veniens
2479 4195 2544 4251 ad
2568 4195 2759 4261 lucem,
2778 4194 2991 4266 plorare
3010 4203 3203 4264 potest,
3230 4194 3412 4252 videre
3434 4213 3549 4252 non

1975 4301 2167 4366 potest.
2187 4289 2305 4364 [Est
2317 4289 2458 4345 enim
2471 4285 2711 4354 vita‘ista,
2729 4296 2787 4341 ut
2801 4286 3010 4357 quando
3025 4286 3281 4357 gaudetur
3301 4286 3408 4353 hic,
3425 4287 3555 4344 time

1978 4401 2045 4442 ne
2061 4383 2206 4439 fallat
2224 4400 2238 4450 ;
2254 4381 2463 4453 quando
2479 4380 2565 4436 hic
2578 4379 2832 4450 ploratur,
2850 4393 2971 4449 roga
2989 4378 3250 4433 utevadas
3266 4398 3279 4433 :
3293 4387 3347 4433 et
3364 4381 3556 4435 transit

1979 4473 2281 4537 tribulatio,
2320 4481 2373 4526 et
2401 4470 2544 4525 venit
2577 4464 2936 4540 tribulatio'.]
2969 4467 3032 4521 Et
3061 4468 3233 4523 rident
3285 4467 3555 4534 homines,

1981 4573 2036 4622 ct
2071 4564 2283 4635 plorant
2326 4561 2571 4617 homines
2600 4576 2613 4614 :
2644 4567 2697 4614 et
2739 4558 2879 4630 quod
2917 4558 3090 4614 rident
3131 4560 3408 4627 homines,
3440 4560 3561 4631 plo-

1981 4654 2201 4710 randum
2229 4664 2330 4708 est.
2355 4651 2460 4707 Sed
2488 4651 2658 4721 plorat
2684 4650 2822 4704 alius
2859 4648 3111 4704 damnum
3151 4665 3302 4705 suum
3324 4692 3340 4718 ,
3366 4651 3560 4721 plorat

1981 4745 2118 4800 alius
2136 4757 2437 4814 pressnram
2462 4757 2632 4806 suam,
2652 4740 2773 4810 quia
2797 4740 2850 4794 in
2869 4754 3083 4795 carcere
3102 4748 3184 4796 est
3202 4741 3521 4795 censtitutus
3542 4757 3559 4806 ;

1984 4836 2156 4907 plorat
2183 4833 2319 4889 alius
2344 4831 2483 4904 quod
2518 4831 2756 4886 amiserit
2780 4838 3049 4885 mortuum
3087 4830 3317 4900 aliquem
3345 4830 3561 4886 charis-

1983 4927 2239 4982 simorum
2277 4907 2494 4979 sunmm
2525 4941 2538 4974 :
2571 4922 2659 4976 ille
2688 4920 2813 4975 hinc
2834 4960 2849 4985 ,
2881 4919 2981 4975 iste
3007 4919 3151 4975 hinc.
3177 4919 3360 4974 Justus
3380 4919 3567 4975 unde?

1984 5019 2165 5075 Primo
2202 5015 2273 5070 de
2307 5013 2390 5068 his
2414 5013 2659 5067 omnibus
2692 5029 2706 5066 :
2735 5010 2911 5081 justus
2937 5010 3078 5064 enim
3106 5009 3279 5079 plorat
3302 5010 3566 5066 veraciter

1990 5109 2257 5180 plorantes
2279 5102 2530 5160 sterilitcr
2547 5102 2588 5156 ⁸.
2604 5101 2781 5156 Plorat
2798 5100 3085 5170 plorantes,
3107 5099 3277 5167 plorat
3292 5098 3527 5153 ridentes
3545 5114 3561 5153 :

1987 5200 2110 5270 quia
2130 5207 2185 5254 ει
2197 5196 2286 5268 qui
2303 5195 2511 5265 plorant
2532 5191 2599 5248 de
2615 5191 2773 5246 rebus
2793 5189 2964 5256 vanis,
2988 5188 3215 5243 inaniter
3239 5187 3483 5259 plorant;
3510 5197 3566 5245 ct

1989 5288 2081 5361 qui
2108 5287 2284 5342 rident
2310 5284 2377 5340 de
2398 5282 2558 5338 rebus
2584 5280 2732 5335 vanis
2756 5321 2771 5346 ,
2810 5279 2950 5333 malo
2971 5292 3071 5334 suo
3098 5276 3294 5334 rident.
3326 5274 3421 5332 Ille
3448 5277 3562 5332 nbi-

1992 5395 2094 5452 que
2117 5378 2323 5450 plorat,
2349 5375 2469 5447 plus
2491 5388 2618 5445 ergo
2638 5373 2754 5443 ipse
2775 5370 2965 5441 plorat.

2018 5492 2021 5497 ’
2060 5512 2175 5582 ίιξίε
2194 5508 2376 5574 aliquot
2407 5514 2515 5559 uss.
2554 5505 2640 5555 alii
2661 5512 2825 5555 autem
2842 5536 2857 5564 ,
2884 5501 2935 5552 in
2965 5500 3094 5552 diem
3117 5514 3137 5563 ;
3159 5500 3241 5551 vel
3268 5512 3380 5550 cum
3404 5498 3570 5559 editis,

1996 5575 2046 5625 in
2061 5573 2211 5684 td
2235 5629 2384 5694 verba
2407 5627 2488 5680 illa
2512 5640 2621 5694 qua:
2643 5623 2826 5677 ansulis
2844 5619 3193 5694 concludunttu'
3215 5635 3311 5674 non
3330 5622 3531 5678 habent.

2060 5698 2082 5730 ³
2101 5703 2233 5753 Ima,
2254 5692 2408 5758 plorat
2431 5685 2681 5758 verricﬁer,
2703 5700 2796 5758 non
2816 5685 2972 5750 plorat
3002 5686 3258 5750 steriliter;
3296 5698 3578 5752 repugnau-

2003 5760 2130 5809 tinus
2152 5753 2344 5806 caneris
2364 5754 2500 5803 libris
2523 5753 2666 5803 editis
2689 5757 2741 5799 et
2764 5757 2853 5801 Mss
