1969 3093
137 172 189 200 157

137 229 195 256 illa:
207 227 382 259 conveniant,
400 230 428 253 ut
450 224 585 253 inveniant
597 232 659 252 eum
668 225 767 260 quibus
788 225 928 259 loquuntur

138 273 284 309 nugatoria,
308 279 364 298 not:
379 278 440 299 eum
462 271 559 307 quibus
583 271 691 298 audiant
713 271 802 303 utilia;
817 272 861 306 qui
876 278 928 298 non

138 324 224 347 amnt
238 318 311 352 loqui
324 317 360 345 de
372 318 452 345 rebus
463 318 566 350 alienis,
582 324 646 344 cum
657 316 801 345 defecerint
812 317 839 344 in
851 317 907 344 suis
920 325 927 344 :

139 365 180 400 qui
193 370 257 398 ergo
269 370 323 390 non
334 363 371 390 ita
379 362 550 395 conveniunt,
560 367 588 390 et
597 362 928 397 irequenteremveniunt,

141 417 195 437 non
206 413 268 436 sunt
283 408 367 436 rudes
380 408 407 435 in
418 408 469 435 isto
491 408 567 434 titulo
579 407 686 439 malini,
712 407 784 441 quod
802 408 929 442 scriptum

140 460 190 488 est,
207 455 247 481 Μ
272 453 394 487 Goliam;
414 457 512 481 norunt
528 453 588 488 quis
604 453 682 480 fuerit
709 452 809 480 Goliae.
829 452 930 479 Tamen

142 505 246 534 propter
259 500 328 526 alios
341 498 387 534 qui
403 499 443 525 vel
465 507 535 525 nunc
561 498 653 525 intenti
673 502 744 528 sunt,
767 498 828 530 alio,
842 502 929 524 autem

143 551 258 579 tempore
271 545 361 571 minus
376 549 438 570 sunt
452 543 555 576 intenti,
572 543 612 570 vel
626 544 735 570 Fortasse
749 543 831 577 spinis
845 550 929 569 s:rcn-

143 591 248 622 laribus,
264 590 291 616 id
303 594 354 621 est,
370 589 537 623 negotiorum
556 588 748 615 mundanorum
766 588 846 620 curis,
872 596 929 613 ver-

142 637 201 664 bum
214 637 246 662 in
253 634 336 662 corde
355 642 404 661 suo
420 639 544 668 tanquam
559 641 649 660 semen
661 634 724 659 utile
742 632 857 659 ol‘locare
868 640 932 658 con-

142 686 261 712 suerunt,
276 688 415 707 narremus
427 680 506 706 etiam
520 678 568 705 ista
581 683 731 713 pervetera,
741 683 768 705 et-
782 679 876 704 usilata
891 679 932 704 in-

142 727 224 753 tentis
238 730 264 753 et
276 725 403 752 studiosis
413 725 569 766 Litterarum
582 724 741 751 divinarum.

179 782 297 810 CAPUT
309 781 351 810 ill.
366 797 402 802 —
421 783 447 808 5.
469 780 549 808 Coliw
567 786 589 807 et
603 780 707 806 Doridis
721 779 865 813 descriptio.
880 779 931 805 Go-

146 829 196 855 lias
218 835 289 855 unus
315 827 362 854 fuit
388 834 420 854 ex
440 826 595 861 Allophylis,
615 826 640 852 id
653 829 746 857 est,cx
759 824 930 858 alienigenis,

143 876 188 907 qui
217 874 316 901 bellum
332 873 458 907 gerebant
489 872 535 899 illo
561 876 680 905 tempore
709 870 836 897 adversus
864 870 931 895 ﬁlios

142 919 236 946 Israel.
262 919 301 945 Eo
318 923 405 945 autem
423 923 542 952 tempore
566 917 646 943 David
669 922 784 948 sanctus,
803 916 877 949 cujus
892 920 933 943 (-st

143 964 192 991 hoc
206 963 377 994 Psalterium,
397 963 449 990 imo
460 971 507 998 per
519 970 597 997 quem
618 962 775 989 ministravit
796 962 845 989 hoc
859 962 933 988 Psal-

142 1009 237 1036 terium
248 1008 365 1043 Spiritus
377 1013 494 1040 sanctus,
511 1015 577 1043 puer
595 1013 651 1035 erat
665 1015 777 1043 pascens
800 1015 863 1034 oves
885 1015 931 1041 pa~

143 1055 189 1082 tris
203 1055 256 1086 sui,
275 1059 365 1081 tenera
379 1058 466 1086 aztate,
491 1054 531 1080 vix
546 1053 607 1080 dum
629 1052 850 1079 adolescentulus.
870 1051 932 1078 Fra-

144 1106 197 1127 tres
210 1100 268 1134 ejus
277 1099 332 1133 jam
346 1099 458 1133 juvenes
470 1098 625 1130 militabant,
641 1102 667 1124 et
686 1098 711 1124 in
726 1098 842 1124 exercitu
864 1097 931 1130 regis

143 1149 227 1172 erant.
254 1144 352 1172 Attulit
372 1144 411 1171 eis
438 1143 534 1170 missus
554 1151 568 1169 a
596 1143 748 1177 parentibus
783 1141 933 1176 aliquidde

144 1191 233 1222 domo,
245 1190 338 1217 usibus
351 1190 479 1224 ipsorum.
495 1189 532 1215 ita
547 1189 592 1215 illo
606 1192 722 1223 tempore
737 1196 789 1222 quo
802 1187 934 1221 pugnaba-

146 1242 194 1267 tur,
208 1235 235 1263 in
248 1235 370 1263 exercitu
390 1235 513 1262 inventus
527 1239 567 1261 est
579 1234 695 1261 nondum
714 1234 799 1266 miles,
816 1233 861 1259 sed
882 1233 933 1259 tui-

146 1282 216 1308 litum
232 1280 356 1307 minister
367 1284 393 1307 et
408 1279 499 1307 frater.
515 1277 621 1306 Exstitit
636 1284 697 1305 tunc
713 1279 802 1305 Golias
817 1278 877 1310 iste,
901 1277 933 1304 de

145 1333 194 1360 quo
203 1325 307 1352 mentio
323 1324 390 1351 facta
411 1329 461 1356 est,
478 1324 570 1359 ingens
593 1328 691 1350 statura
709 1324 837 1357 corporis,
852 1323 933 1350 armis

146 1371 299 1402 instructus,
312 1369 414 1396 viribus
428 1370 508 1396 etiam
529 1370 698 1401 exercitatus,
727 1370 811 1396 elatus
831 1369 933 1403 jactan-

146 1417 190 1448 tia,
203 1415 249 1450 qui
262 1415 377 1450 superbe
395 1419 551 1449 provocaret
565 1414 597 1440 ad
616 1414 826 1441 monomachiam
839 1414 933 1440 adver-

145 1461 242 1489 sarium
258 1460 387 1494 populum
402 1468 408 1485 :
421 1459 472 1486 hoc
494 1463 544 1492 cst,
568 1464 596 1486 ut
611 1467 678 1486 unus
702 1459 763 1485 inde
776 1460 876 1485 electus
901 1459 934 1486 ab

146 1504 206 1538 ipsis
217 1505 376 1541 procederet
389 1504 516 1531 adversus
536 1512 607 1536 cum,
628 1508 655 1531 ut
668 1504 770 1531 duobus
791 1504 931 1538 pugnanti-

147 1550 193 1578 bus
207 1558 322 1578 examen
341 1550 420 1577 totius
435 1549 497 1577 belli
521 1550 546 1576 in
562 1549 649 1577 medio
668 1554 830 1580 versaretur,
857 1554 934 1584 pacto

148 1600 173 1621 et
187 1595 287 1629 placito
299 1594 401 1628 addito,
416 1599 444 1621 ut
458 1594 480 1621 si
497 1594 556 1629 quis
570 1594 680 1621 duorum
696 1595 798 1621 illorum
817 1594 933 1626 vicisset,

148 1640 357 1675 universaeparti
372 1640 442 1666 unde
455 1644 563 1666 steterat
579 1639 737 1666 tribueretur
748 1639 864 1666 victoria.
880 1640 934 1666 ilex

148 1692 208 1720 ergo
222 1685 270 1713 ille
283 1685 374 1720 populi
392 1684 544 1712 Judznorum
566 1684 679 1711 ﬁliorum
695 1684 774 1711 lsrael
792 1684 853 1711 sum
869 1690 933 1711 erat.

149 1731 310 1766 Augebatur,
325 1731 463 1762 aestuabat,
475 1730 609 1765 quaerebat
628 1730 654 1757 in
668 1731 792 1757 universo
819 1732 935 1758 exercitu

149 1783 236 1810 parem
250 1776 288 1803 illi
305 1784 311 1803 :
335 1783 425 1803 verum
442 1783 493 1802 non
512 1776 671 1807 inveniebat,
687 1783 734 1802 nec
750 1776 832 1802 forma
844 1784 937 1809 Corpo-

148 1821 192 1852 ris,
208 1828 259 1847 nec
278 1820 388 1847 audacia
412 1820 617 1854 provocationis.
640 1819 705 1845 Cum
721 1828 782 1854 ergo
800 1825 934 1852 a'siuaret,

148 1874 226 1894 ausus
236 1870 279 1893 est
289 1873 357 1901 puer
374 1866 422 1893 iste
434 1865 526 1898 David,
538 1872 590 1892 n0n
605 1873 769 1900 prmsumens
790 1866 822 1892 de
838 1866 936 1892 virihus

148 1912 212 1945 suis,
222 1911 271 1939 sed
284 1912 310 1938 in
322 1912 427 1938 nomine
444 1911 489 1938 Dei
502 1911 553 1944 sui,
571 1911 714 1945 procedere
727 1911 853 1937 adversus
865 1919 934 1937 etun.

150 1956 302 1983 Nuntiatum
313 1960 354 1982 est
367 1956 434 1990 regi,
451 1963 502 1982 non
514 1955 621 1982 audacia
636 1955 763 1990 pueritiae,
781 1956 827 1982 sed
844 1956 936 1982 ﬁducia

149 2001 254 2035 pietatis
270 2009 278 2027 ε
295 2007 344 2027 nec
364 2008 409 2027 rex
433 2000 534 2033 abnuit,
564 2008 616 2027 non
637 2000 777 2027 recusavit.
797 2001 935 2033 lntelleait,

148 2053 208 2073 cum
220 2045 326 2073 videret
340 2046 481 2073 audentem
495 2053 615 2079 puerum,
636 2046 733 2080 aliquid
753 2046 897 2073 divinitatis
911 2047 936 2072 in

148 2098 181 2117 eo
194 2097 267 2123 esse,
281 2097 331 2117 nec
351 2090 423 2117 illam
441 2094 556 2117 teneram
581 2094 685 2117 :etatem
709 2090 766 2116 sine
787 2090 876 2116 divino
899 2091 937 2116 in-

149 2135 247 2162 stinctu
269 2134 332 2162 talia
354 2141 433 2170 posse
468 2142 639 2169 prmsumere.
665 2135 792 2162 Libenter
814 2136 912 2170 accepit
930 2144 935 2161 :

151 2180 281 2215 incessit
288 2180 418 2208 adversus
427 2180 541 2208 Goliam.

183 2235 297 2264 CAPUT
330 2235 425 2263 lV.——
450 2235 476 2263 ι.
505 2235 610 2262 Duvidis
633 2236 658 2262 in
691 2235 744 2262 Deo
776 2235 937 2270 conﬁdentia.

152 2281 178 2308 In
192 2281 317 2309 omnibus
332 2288 405 2317 ergo,
421 2281 465 2316 qui
481 2285 557 2308 erant
572 2282 597 2308 in
614 2289 643 2308 ea
658 2286 741 2316 parte,
757 2281 826 2309 unde
846 2290 938 2315 proce-

149 2327 228 2354 debat
247 2326 344 2359 David,
367 2334 419 2353 non
442 2331 499 2353 erat
515 2327 684 2361 prmsumptio
704 2326 753 2352 nisi
771 2326 803 2353 de
827 2327 879 2353 Deo
895 2328 937 2353 :in

150 2371 202 2398 illis
216 2375 307 2398 autem
326 2375 379 2398 tota
393 2378 455 2405 spes
474 2371 500 2397 in
524 2371 601 2397 unius
622 2371 735 2397 hominis
762 2371 869 2397 viribus.
886 2372 937 2399 Sed

149 2417 210 2451 quid
222 2421 264 2444 est
275 2417 367 2449 homo,
380 2416 429 2443 nisi
442 2416 511 2451 quod
521 2416 545 2442 in
557 2416 608 2443 isto
618 2416 721 2451 psalmo
732 2417 837 2449 cecinit,
855 2416 937 2443 "uilio

148 2463 254 2490 unitati
272 2462 427 2491 mimilaluc
447 2465 499 2493 est;
514 2461 566 2488 dies
582 2462 635 2496 ejus
646 2462 712 2488 velut
728 2461 815 2487 umbra
838 2466 939 2496 prwter-

149 2508 227 2535 aut!
240 2507 312 2542 Ergo
322 2514 384 2542 spes
397 2507 502 2534 illorum
518 2507 616 2539 inanis,
634 2513 692 2540 quae
707 2506 833 2533 collocata
857 2511 897 2533 est
913 2506 938 2533 in

150 2553 243 2580 umbra
255 2557 420 2580 transeunte.
436 2553 561 2581 Armatus
572 2556 612 2579 est
625 2556 712 2579 autem
725 2551 817 2585 David,
831 2556 859 2578 ut
871 2560 938 2586 quo-

149 2598 220 2626 niam
233 2601 312 2627 :etale
325 2602 353 2624 et
362 2597 462 2626 viribus
471 2598 556 2633 impar
571 2601 638 2628 erat,
652 2597 727 2631 quasi
743 2597 823 2623 armis
836 2605 883 2631 par
896 2605 939 2624 es-

149 2648 191 2670 set
206 2643 272 2670 :sed
284 2650 358 2671 arma
372 2647 461 2670 vetera
477 2651 531 2670 non
549 2642 718 2678 adjuvabant,
736 2643 820 2676 potius
842 2649 938 2669 onera-

150 2689 212 2715 bant
227 2696 322 2716 novam
349 2693 465 2718 aetatem.
478 2689 511 2717 Et
529 2688 624 2716 adhoc
635 2687 751 2723 pertinet
765 2688 834 2722 quod
860 2689 938 2714 etiam

148 2734 293 2769 apostolica
315 2734 394 2764 lectio
411 2739 473 2761 ante
489 2734 583 2770 psalmi
607 2734 738 2761 canticum
760 2733 937 2767 prmsignavit,

148 2779 259 2807 dicens:
277 2779 371 2807 Ezuite
392 2788 436 2809 uos
458 2785 562 2806 veterem
585 2780 719 2811 Itoun'nem,
739 2783 761 2805 et
781 2779 876 2805 induite
895 2788 939 2805 no-

147 2834 203 2853 rum
342 2834 382 2859 ut.
396 2825 424 2859 9,
443 2825 498 2862 l0).
513 2825 602 2853 Noluit
626 2825 706 2852 David
727 2829 881 2852 vetustatem
897 2833 939 2852 ar-

152 2879 252 2902 τιιιμτυιη
271 2885 277 2901 :
299 2873 414 2907 abiecit;
431 2879 543 2900 onerosa
559 2880 618 2899 esse
642 2872 717 2904 dixit,
731 2871 791 2905 quia
818 2871 937 2905 iinptica.

841 170 953 198 SliilMO
973 170 1067 197 XXXI.

1720 177 1772 202 ωδ

983 226 1048 253 bant
1057 233 1127 254 eum.
1143 226 1366 261 Espediuissiums
1380 228 1424 255 illo
1442 227 1475 255 ad
1491 229 1608 263 praelium
1625 231 1770 265 procodm

982 272 1120 307 cupiebat;
1137 272 1212 299 Ionis
1226 281 1283 300 non
1300 274 1330 300 in
1342 281 1381 306 se,
1396 274 1448 301 sed.
1462 275 1493 301 in
1508 274 1636 309 Domino;
1653 282 1773 304 amatus

982 325 1034 344 non
1050 322 1102 344 tam
1113 317 1193 350 term,
1205 325 1283 353 quam
1300 318 1361 345 Ιῑὰθι

1018 363 1044 390 5.
1066 362 1182 396 Quinque
1209 363 1308 398 lapidea
1328 363 1413 390 Dat-id
1431 365 1494 399 quid
1521 366 1636 400 timuerit
1653 366 1771 393 hbeam.

984 408 1205 442 Tamen‘abjeetis
1221 409 1314 441 armis,
1339 409 1417 444 elegit
1432 410 1531 445 aliquid
1541 411 1612 438 unde
1620 417 1751 447 pugnaret
1765 422 1771 440 :

983 453 1075 481 ethoc
1085 462 1137 481 non
1150 455 1208 482 sine
1220 460 1396 482 sacramento.
1418 456 1484 483 Nam
1497 456 1593 483 videtis
1609 458 1689 492 quasi
1699 458 1772 485 duas

983 500 1108 534 quasdam
1117 500 1183 527 vitae
1190 508 1197 533 ;
1205 508 1282 527 unam
1292 500 1318 527 in
1331 501 1485 535 alienigenis
1492 506 1618 533 veterem,
1625 502 1733 529 alteram
1747 504 1772 529 in

984 544 1108 572 lsraelitis
1129 552 1233 576 novam,
1257 545 1383 572 adversus
1398 545 1511 572 invicem
1525 546 1661 574 (Νηιὶίτπο.
1678 546 1705 573 In
1727 547 1771 574 illa

984 595 1059 625 parte
1078 599 1175 625 corpus
1199 591 1307 624 diaboli,
1325 591 1351 618 in
1377 591 1426 618 ista
1452 592 1630 626 praeﬁguratio
1664 593 1771 619 Domini

983 637 1047 664 Jesu
1058 637 1167 664 Christi.

1019 681 1129 709 CAPUT
1144 682 1288 709 V.—-’l‘uiit
1301 682 1417 717 quinque
1430 682 1529 717 lapides
1544 682 1576 710 de
1591 687 1720 715 torrente,
1737 684 1772 711 de

984 726 1073 759 ﬂuvio,
1087 731 1114 754 et
1129 729 1214 761 posuit
1229 728 1254 753 in
1267 734 1327 754 vase
1341 728 1463 762 pastoris,
1480 735 1532 762 quo
1543 729 1583 755 lae
1598 729 1708 763 mulgeri
1728 737 1773 755 δεμ

984 771 1029 804 let,
1042 775 1073 799 et
1086 772 1120 798 ita
1142 772 1271 806 processit
1293 777 1412 799 armatus
1434 773 1463 807 (ι
1476 773 1538 807 Reg.
1556 775 1629 808 xvii).
1646 771 1783 809 Quinque'

984 816 1102 851 lapides,
1117 817 1169 843 Lex
1185 822 1252 848 erat;
1275 817 1425 844 continetur
1444 818 1514 844 enim
1531 818 1586 845 Lex
1604 819 1723 853 quinque
1737 820 1769 845 li-

984 861 1039 888 bris
1052 861 1144 896 iioysi.
1160 861 1194 888 Et
1207 861 1233 888 in
1249 863 1305 895 ipsa
1319 862 1392 897 Lege
1401 864 1498 890 decem.
1510 868 1642 898 prmccpta
1653 869 1715 891 sunt
1730 872 1773 892 sa-

985 906 1089 938 lutaria,
1117 907 1213 941 quibus
1233 906 1325 933 decem
1355 908 1494 942 pmceptis
1525 913 1620 935 caetera
1643 910 1771 937 serviant.

984 950 1172 986 Praeﬁguratur
1195 959 1261 986 ergo
1282 952 1336 978 Lex
1357 957 1384 979 et
1407 953 1530 987 quiuario
1547 959 1576 981 ‘et
1591 954 1703 982 denario
1723 963 1774 982 nu-

984 1003 1068 1023 mero.
1084 997 1117 1023 Et
1128 997 1189 1023 ideo
1199 996 1280 1023 David
1295 998 1419 1032 pugnavit
1432 998 1565 1032 quinarin,
1580 999 1677 1027 cecinit
1690 1000 1773 1027 dona-

984 1042 1024 1068 rio
1036 1041 1127 1069 dicens
1141 1050 1147 1068 :
1164 1041 1198 1068 In
1212 1042 1330 1077 psalterio
1342 1043 1427 1069 deum
1437 1044 1588 1070 chondarmn
1599 1044 1711 1079 psallunt
1717 1046 1773 1073 tibi.

984 1086 1075 1122 Neque
1088 1095 1181 1115 omnes
1200 1088 1318 1123 quinque
1331 1088 1431 1122 lapides
1444 1090 1525 1120 ntisit,
1547 1090 1593 1116 sed
1608 1098 1688 1118 unum
1702 1092 1772 1118 tulit.

984 1132 1103 1167 Namque
1116 1133 1141 1159 in
1158 1140 1271 1160 numero
1281 1133 1408 1168 lapidum,
1433 1141 1573 1161 uulnerum
1588 1135 1716 1163 librorum
1729 1144 1775 1163 os-

986 1178 1083 1211 tendit;
1100 1178 1126 1205 in
1142 1186 1194 1205 uno
1213 1178 1309 1213 lapide,
1324 1179 1453 1206 unitatem
1477 1179 1642 1214 implentium
1663 1180 1773 1216 Legem.

985 1222 1080 1250 [initas
1091 1224 1161 1250 enim
1177 1223 1232 1257 ipsa
1248 1223 1339 1258 implet
1348 1223 1454 1257 legem,
1468 1223 1495 1251 id
1507 1229 1558 1257 est,
1571 1224 1696 1252 Charitas.
1712 1226 1774 1253 ideo

985 1268 1080 1296 sublati
1093 1268 1319 1303 suntquinqueilli
1333 1269 1433 1303 lapides
1446 1268 1479 1296 de
1489 1270 1577 1297 ﬂuvio.
1588 1269 1696 1298 Fluvius
1709 1272 1772 1306 quid

986 1312 1151 1348 signiﬁcabat
1166 1313 1213 1339 illo
1227 1313 1362 1347 tempore?

1022 1359 1133 1387 CAPUT
1146 1359 1189 1386 Vl.
1200 1359 1268 1386 —6.
1290 1358 1388 1394 Regula
1401 1360 1435 1386 ad
1448 1360 1622 1395 intelligendos
1632 1360 1773 1396 Scriptura

986 1404 1129 1440 allegorias.
1152 1403 1209 1431 Non
1235 1403 1305 1430 enim
1329 1411 1435 1438 semper
1462 1405 1489 1431 in
1510 1404 1653 1440 Scripturis
1680 1406 1774 1434 eadem

986 1450 1166 1485 signiﬁcantur
1180 1450 1258 1477 rebus
1270 1449 1359 1476 certis.
1372 1450 1403 1476 Et
1412 1450 1461 1477 hoe
1469 1457 1548 1480 nosse
1556 1451 1634 1477 debet
1642 1451 1776 1480 Sanctitas

986 1500 1083 1528 vestra,
1095 1499 1203 1529 propter
1219 1499 1331 1521 caeteras
1343 1494 1458 1528 regulas,
1473 1498 1501 1522 ut
1514 1495 1593 1522 etiam
1607 1495 1708 1524 dociles
1719 1496 1772 1524 Le-

986 1545 1086 1568 ctorem
1118 1540 1240 1567 audiatis.
1265 1539 1302 1566 Ea
1327 1547 1386 1574 quae
1416 1544 1550 1574 ponuntur
1571 1540 1714 1575 allegorice
1744 1542 1772 1569 in

986 1587 1138 1622 Scripturis,
1152 1594 1205 1613 non
1228 1594 1334 1620 semper
1355 1586 1405 1613 hoc
1422 1586 1582 1621 signiﬁcant.
1598 1587 1655 1614 Non
1669 1595 1776 1622 semper

987 1640 1063 1660 mons
1075 1632 1213 1659 Dominum
1229 1630 1368 1666 signiﬁcat,
1395 1637 1448 1658 neu
1470 1639 1578 1666 semper
1599 1632 1668 1667 lapis
1682 1633 1774 1661 Domi-

987 1686 1050 1705 num
1064 1678 1204 1713 signiﬁcat,
1218 1684 1271 1704 non
1285 1684 1392 1711 semper
1404 1677 1448 1704 leo
1468 1677 1608 1704 Dominum
1633 1679 1775 1713 signiﬁcat,

987 1731 1039 1751 non
1052 1730 1158 1757 semper
1170 1722 1278 1755 bonum,
1296 1729 1351 1748 non
1364 1728 1471 1756 semper
1480 1722 1597 1754 malum;
1612 1723 1659 1750 sed
1674 1730 1723 1757 pro
1735 1723 1777 1750 lo-

987 1770 1025 1797 cis
1038 1769 1244 1804 Seripturarum,
1258 1775 1311 1803 quo
1323 1768 1456 1802 pertinuerit
1467 1772 1563 1795 cautera
1577 1768 1775 1798 oircunwtantia

988 1817 1070 1850 ipsius
1081 1815 1210 1842 lectionis.
1226 1813 1452 1847 Quemadmodum
1474 1813 1571 1841 liuet-re
1591 1813 1616 1840 in
1638 1817 1676 1840 tot
1696 1814 1776 1840 utilli-

988 1862 1037 1888 hus
1048 1860 1188 1887 verborum
1202 1863 1282 1892 atque
1296 1865 1449 1885 sermonum
1463 1857 1529 1892 ipsa:
1541 1862 1704 1892 repetuntur,
1722 1866 1779 1886 non.

988 1911 1135 1941 augentur:
1150 1904 1230 1932 verba
1245 1903 1346 1931 inﬁnita
1359 1907 1432 1936 sunt,
1448 1903 1529 1931 ﬁnita:
1552 1908 1614 1931 sunt
1625 1908 1719 1931 tamen-
1734 1905 1782 1932 lit»

990 1957 1054 1979 tera:
1070 1960 1077 1979 :
1091 1951 1172 1978 verba
1186 1957 1326 1977 numerare
1341 1956 1421 1976 nemo
1443 1953 1548 1983 potest;
1562 1949 1664 1977 litteras
1690 1951 1782 1984 quivis

989 2001 1084 2033 potest,
1100 1995 1172 2023 unde
1185 1994 1325 2022 multitudo
1342 1994 1484 2022 verborum
1506 1999 1556 2021 est.
1569 1994 1636 2022 Cum
1660 2002 1712 2022 una
1736 1995 1781 2024 lit-

989 2047 1044 2070 tera
1059 2041 1139 2069 variis
1154 2040 1181 2067 in
1202 2040 1268 2067 locis
1288 2039 1404 2074 ponitur,
1427 2043 1454 2066 et
1468 2036 1515 2073 pro
1540 2039 1604 2066 loco
1618 2039 1699 2072 valet,
1723 2047 1782 2067 non

989 2097 1067 2117 tinam
1081 2096 1136 2115 rem
1149 2087 1228 2114 valet.
1241 2086 1305 2119 Qum
1319 2089 1373 2112 uim
1382 2085 1494 2112 diverse
1509 2092 1563 2117 res,
1580 2092 1662 2120 quam
1670 2085 1739 2114 Deus
1748 2091 1779 2114 cl

989 2134 1126 2163 diabolus?
1136 2133 1236 2161 Tamen
1242 2132 1268 2159 iu
1279 2132 1376 2166 capite,
1385 2131 1409 2157 D
1419 2132 1504 2158 littera
1512 2135 1567 2163 est,
1575 2139 1638 2159 cum
1646 2131 1772 2164 dioniius,

991 2182 1074 2212 Deus;
1084 2184 1174 2207 etcum
1188 2177 1312 2209 dicimus,
1328 2176 1460 2204 Diabolus».
1467 2176 1540 2205 Sicut
1553 2184 1616 2212 exigo
1627 2176 1714 2205 littera
1726 2185 1782 2211 pro

991 2227 1049 2254 loco
1057 2226 1135 2255 valet:
1145 2222 1731 2256 erratautem,etuimisabenrdusestmtilum
1737 2225 1783 2260 (ιι)

990 2272 1091 2307 puerile
1103 2278 1150 2299 cor
1156 2270 1201 2305 qui
1212 2277 1274 2297 eum
1288 2269 1391 2304 legerit,
1403 2269 1578 2304 verbigmia,
1590 2268 1615 2295 Β
1625 2269 1739 2299 litteram
1751 2271 1783 2298 in

991 2317 1097 2344 nomine
1110 2316 1164 2347 Dei,
1178 2314 1334 2343 timetiilam
1340 2321 1442 2349 ponere
1451 2314 1478 2340 in
1496 2315 1603 2341 nomine
1623 2314 1781 2346 diaboli,»

991 2363 1065 2399 quasi
1081 2361 1218 2389 Deoiaciat
1227 2360 1347 2395 injuuiam
1359 2369 1365 2387 :
1377 2360 1416 2387 sie
1425 2359 1558 2395 otiomqui
1569 2360 1691 2394 imperite
1704 2362 1782 2389 uidit

991 2409 1094 2436 divinas
1100 2407 1263 2441 Seripturas,
1274 2410 1302 2432 ut
1309 2405 1344 2432 de
1352 2405 1402 2432 isto
1412 2405 1470 2439 ipso
1480 2405 1603 2439 exstante
1609 2413 1664 2433 non
1673 2406 1780 2433 mendae

992 2462 1061 2487 mus,
1079 2461 1139 2481 cum
1152 2452 1235 2483 audit,
1260 2450 1333 2478 verbi
1353 2451 1445 2485 gratia,
1469 2451 1495 2477 in
1514 2451 1638 2485 allegoria
1662 2452 1779 2485 positum

992 2500 1110 2531 ﬂuvium,
1133 2506 1165 2526 eo
1183 2499 1243 2525 loco
1255 2497 1300 2525 ubi
1321 2496 1420 2523 dictum
1443 2500 1495 2529 est,
1519 2496 1644 2526 Fluminis
1669 2497 1779 2531 impetu

991 2547 1123 2581 laniﬁcam
1134 2544 1255 2571 ciuitatem
1273 2542 1323 2569 Dei
1335 2542 1420 2578 (ρωι.
1436 2550 1498 2574 uv,
1513 2541 1551 2577 ως
1565 2541 1665 2569 dicto-
1674 2547 1778 2570 atan-

993 2597 1045 2621 tem
1058 2590 1092 2618 de
1102 2588 1273 2617 inundatione
1283 2587 1400 2622 Spirltm
1414 2587 1511 2620 sancti,
1527 2587 1562 2614 de
1571 2594 1627 2622 qua.
1644 2587 1698 2614 ab
1718 2588 1782 2616 loco

992 2637 1028 2664 ait
1039 2635 1182 2670 Propheta,
1198 2632 1395 2660 Inebiiabunttn
1409 2631 1441 2658 ab
1452 2633 1564 2661 ubertate
1575 2632 1667 2659 dou.
1677 2638 1737 2664 iure,
1757 2637 1787 2660 at

993 2685 1100 2709 torrente
1122 2678 1258 2714 uoluptatis
1281 2682 1332 2704 tua
1356 2678 1453 2712 potabis
1471 2685 1514 2705 eo;
1527 2677 1612 2712 (Ρωι.
1631 2686 1712 2709 "xv,
1727 2677 1779 2714 9):

992 2735 1051 2755 cum
1067 2732 1130 2761 ergo
1143 2725 1181 2752 sic
1195 2724 1328 2758 acceperit
1338 2723 1448 2751 ﬂuvium
1468 2724 1496 2751 in
1512 2723 1596 2756 bona,
1611 2728 1639 2751 et
1651 2723 1778 2756 lautiu-

992 2774 1036 2806 rit,
1052 2777 1080 2800 et
1097 2771 1243 2799 delaetatis
1269 2769 1363 2801 fuerit;
1385 2768 1490 2803 quando
1507 2768 1630 2804 pmioco
1642 2769 1740 2797 diciutr
1752 2770 1778 2797 ei

993 2819 1063 2855 quod
1076 2818 1170 2845 ﬂuvius
1183 2815 1311 2852 signiﬁcet
1328 2814 1450 2843 homines
1462 2814 1585 2849 (hiemes,
1605 2820 1631 2843 et
1645 2820 1781 2851 tempora-

1025 2871 1061 2903 (a)
1071 2873 1140 2895 Forte
1147 2886 1154 2900 ,
1166 2870 1249 2902 gestat.
