3938 6186
331 335 432 388 Uti

325 447 464 500 libus
491 444 720 511 deditos,
753 458 873 497 cum
915 438 1299 495 transeuntium
1330 451 1512 491 amore
1541 444 1896 500 transeuntes,

327 538 660 606 expavescit;
678 536 798 605 quia
827 535 877 586 in
891 533 996 588 alio
1016 531 1132 586 loco
1155 538 1431 599 acceperat
1459 527 1673 582 ﬂuvium
1691 527 1741 581 in
1761 527 1902 582 bono

323 625 622 696 significare
642 623 860 692 aliquid,
887 630 940 676 et
963 620 1331 690 perturbatur:
1357 619 1426 672 ita
1457 616 1515 672 ﬁt
1535 617 1586 670 in
1613 616 1902 686 Scripturis

320 725 520 782 mutus,
547 711 814 780 quomodo
840 711 890 766 in
921 711 1107 767 litteris
1133 719 1310 764 mutus
1329 707 1579 773 efﬁcitur,
1601 708 1644 760 si
1670 708 1903 760 noluerit

321 805 613 860 transferre
642 803 784 872 ipsas
811 803 1011 856 litteras
1037 800 1104 855 ad
1131 800 1234 854 alia
1263 800 1444 864 verba,
1473 797 1566 852 sed
1587 797 1638 851 in
1663 797 1746 851 his
1773 797 1902 852 solis

320 882 506 951 verbis
527 909 620 948 eas
651 893 900 958 tenuerit,
945 893 997 949 in
1049 890 1243 961 quibus
1279 904 1372 944 eas
1410 889 1582 959 primo
1632 887 1897 942 didicerit.

391 984 614 1042 CAPUT
646 983 751 1038 Vll.
771 1013 842 1023 —-
873 984 926 1037 7.
953 981 1031 1036 De
1055 982 1208 1052 ﬂuvio
1234 981 1388 1034 levati
1412 979 1605 1048 lapides
1645 988 1688 1032 et
1725 979 1777 1030 in
1805 994 1900 1046 pa-

319 1076 497 1130 storali
542 1089 658 1128 vase
691 1072 842 1144 positi
893 1072 1018 1140 quid
1054 1071 1356 1140 signiﬁcent.
1403 1067 1458 1123 Si
1511 1068 1748 1138 percepit
1800 1066 1902 1120 hoc

318 1168 584 1224 Sanctitas
614 1174 816 1228 vestra,
839 1179 924 1219 res
951 1162 1102 1218 vobis
1127 1162 1268 1216 dicta
1307 1170 1410 1228 est,
1458 1170 1709 1230 quantum
1753 1159 1900 1212 arbi-

321 1270 542 1324 tramur,
585 1255 892 1319 utilissima;
921 1261 974 1306 et
999 1267 1117 1323 qua:
1145 1265 1240 1305 vos
1271 1250 1493 1304 multmn
1533 1249 1764 1318 adjuvet,
1793 1264 1897 1301 non

318 1350 490 1404 solum
517 1347 585 1402 ad
613 1343 909 1400 audiendos
941 1351 1193 1398 tractatus
1240 1349 1472 1406 nostros,
1504 1339 1598 1394 sed
1641 1338 1801 1393 etiam
1832 1337 1898 1390 ad

323 1436 690 1508 intelligendas
732 1435 874 1505 ipsas
915 1431 1237 1502 Scripturas,
1267 1432 1335 1486 de
1362 1430 1554 1500 quibus
1603 1429 1753 1482 vobis
1798 1427 1898 1482 ista

325 1531 638 1584 tractamus.
663 1526 880 1581 Flavius
901 1540 1046 1594 ergo,
1077 1524 1217 1579 unde
1242 1523 1359 1577 tulit
1389 1532 1512 1577 tunc
1553 1521 1713 1574 David
1741 1521 1896 1589 quin-

316 1636 420 1691 que
439 1618 670 1690 lapides,
699 1633 804 1674 non
834 1617 1033 1670 bonum
1059 1613 1259 1684 aliquid
1297 1612 1615 1682 signiﬁcavit
1644 1611 1733 1664 illo
1763 1622 1900 1664 tem-

324 1726 470 1782 pore.
500 1709 636 1764 Novi
663 1708 873 1778 quidem
907 1703 1394 1776 possequibusdam
1421 1717 1722 1767 occurrere,
1752 1710 1806 1755 et
1846 1702 1898 1755 in

318 1803 458 1858 bono
477 1800 778 1872 signiﬁcare
806 1799 953 1852 illum
979 1796 1195 1850 ﬂuvium
1228 1813 1241 1848 :
1270 1793 1425 1848 sicuti
1451 1793 1494 1845 si
1518 1792 1779 1860 quispiam
1809 1806 1900 1844 ve-

319 1894 732 1965 litBaptismum
788 1889 1104 1958 intelligere,
1161 1895 1219 1940 ut
1271 1883 1474 1955 lapides
1509 1883 1576 1938 de
1630 1883 1898 1952 Baptismo

320 1986 479 2041 levati
508 1987 549 2050 ⁸,
583 1983 633 2038 id
663 1991 764 2046 est,
805 1979 1048 2034 homines
1074 1977 1341 2047 baptizati,
1368 1975 1638 2030 fortissimi
1663 1975 1769 2028 sint
1804 1973 1898 2028 ad-

320 2093 508 2132 versus
530 2075 821 2137 diabolum,
853 2071 942 2140 qui
987 2067 1380 2140 signiﬁcabatur
1405 2081 1500 2136 per
1537 2064 1762 2120 Goliam.
1789 2063 1894 2116 Ta-

318 2183 442 2222 men
471 2173 688 2236 propter
723 2173 1025 2232 qumartum
1055 2171 1335 2212 numerum
1362 2164 1571 2209 constat
1613 2153 1763 2208 nobis
1805 2168 1894 2207 ra-

316 2259 411 2324 tio,
442 2256 565 2327 quia
591 2253 898 2309 dixeramus
939 2249 1138 2320 Legem
1181 2245 1468 2316 signiﬁcari
1513 2244 1754 2314 quinario
1791 2258 1894 2296 nu-

315 2365 486 2414 mero,
521 2355 739 2418 propter
773 2345 1007 2413 quinque
1055 2341 1219 2396 libros
1243 2338 1429 2408 Moysi.
1459 2336 1592 2404 Quid
1636 2335 1896 2405 signiﬁcat

315 2441 456 2512 quod
481 2441 547 2496 de
575 2438 735 2493 ﬂuvio
763 2444 887 2490 sunt
913 2434 1094 2500 ablati,
1128 2441 1184 2488 et
1222 2432 1374 2502 positi
1417 2432 1471 2485 in
1503 2446 1629 2483 vase
1670 2429 1894 2498 pastori-

317 2531 427 2586 tio?
465 2530 580 2585 Jam
619 2527 870 2591 diximus,
913 2525 1034 2594 quia
1091 2522 1144 2576 in
1195 2521 1425 2576 adventu
1464 2519 1671 2574 Domini
1726 2519 1894 2574 nostri

314 2623 441 2678 Jesu
464 2618 680 2682 Christi,
710 2624 767 2669 ut
793 2629 914 2669 vere
934 2611 1176 2667 diabolus
1196 2611 1520 2676 vinceretur,
1547 2609 1656 2663 Lex
1685 2609 1894 2664 transiit

313 2712 381 2766 ad
407 2710 651 2781 gratiam.
674 2705 811 2772 Quid
834 2713 940 2758 tam
968 2701 1270 2773 significans
1293 2702 1536 2770 gratiam,
1558 2715 1714 2770 quam
1739 2700 1889 2754 lactis

313 2800 498 2870 copia?
524 2795 729 2853 Sublati
757 2801 881 2850 sunt
908 2802 1084 2847 autem
1119 2791 1193 2845 illi
1223 2790 1422 2860 lapides
1459 2790 1526 2845 de
1553 2789 1732 2846 ﬂuvio.
1766 2789 1897 2843 Flu-.

317 2895 430 2948 vius
449 2889 783 2962 signiﬁcabat
812 2887 1063 2958 populum
1093 2884 1312 2950 ﬂuxum,
1340 2882 1574 2938 deditum
1622 2890 1890 2950 tempora-

315 2984 454 3039 libus
481 2983 661 3047 rebus,
690 2989 957 3032 amantem
988 2974 1334 3038 transeuntia,
1371 2981 1424 3027 et
1445 2971 1747 3042 cupiditatis
1788 2971 1890 3024 im-

315 3083 440 3144 petu
480 3074 532 3126 in
563 3084 710 3125 mare
756 3068 913 3137 hujus
947 3065 1127 3120 saeculi
1151 3064 1554 3128 decurrentem;
1583 3063 1751 3132 qualis
1776 3069 1891 3116 erat

313 3165 542 3237 populus
569 3162 872 3219 Judaeorum
898 3167 1067 3213 vetus.
1096 3157 1390 3225 Acceperat
1428 3155 1641 3225 Legem,
1671 3153 1764 3208 sed
1785 3153 1891 3207 cal-

313 3256 471 3310 cabat
500 3253 714 3322 Legem,
741 3257 795 3304 et
825 3247 1081 3303 transibat
1109 3260 1269 3315 super
1293 3245 1508 3314 Legem,
1541 3251 1596 3297 et
1623 3241 1891 3296 ferebatur

318 3345 371 3399 in
402 3359 572 3410 mare,
604 3339 869 3412 quomodo
906 3337 1098 3392 ﬂuvius
1145 3350 1305 3403 super
1333 3335 1451 3388 illos
1497 3332 1716 3402 lapides.
1773 3331 1889 3387 Non

311 3436 454 3492 enim
481 3433 682 3504 lapides
703 3431 777 3484 illi
806 3429 1025 3484 limitem
1053 3425 1287 3482 fecerant
1311 3423 1492 3490 ﬂuvio,
1518 3430 1576 3478 ut
1595 3430 1891 3478 statuerent

313 3527 550 3582 ﬂuvium.
583 3521 735 3591 Quod
770 3521 815 3574 si
865 3519 936 3574 ita
963 3524 1163 3583 essent,
1222 3515 1575 3585 signiﬁmrent
1614 3512 1891 3567 coercitio-

311 3633 432 3672 nem
461 3615 638 3685 Legis,
682 3619 735 3665 et
761 3625 854 3665 eos
880 3609 1117 3679 quicum
1161 3605 1326 3660 ﬂuere
1370 3603 1891 3673 cmperintvolupta-

311 3710 453 3764 tibus
501 3715 555 3762 et
599 3701 976 3774 cupiditatibus
1023 3699 1154 3764 suis,
1199 3697 1472 3752 venientes
1524 3695 1588 3750 ad
1625 3703 1888 3765 praecepta

308 3799 462 3869 Legis
524 3796 838 3859 consistunt,
879 3799 938 3848 et
996 3789 1268 3848 refrenant
1319 3788 1550 3857 impetus
1603 3786 1884 3841 libidinum

309 3909 546 3950 suarum.
571 3891 684 3945 Non
711 3899 886 3942 autem
923 3887 993 3940 ita
1017 3893 1169 3939 erant
1197 3883 1272 3937 illi
1308 3881 1545 3950 lapides;
1572 3880 1667 3936 sed
1703 3881 1756 3934 in
1784 3879 1886 3933 ﬂu-

313 3989 422 4053 vio,
455 3999 613 4055 super
645 3997 778 4053 quos
815 3977 1072 4033 transibat
1110 3990 1267 4044 aqua,
1312 3973 1448 4027 sicut
1485 3986 1644 4040 super
1691 3971 1886 4040 Legem

311 4088 675 4145 transgressor
697 4071 921 4142 populus
973 4066 1246 4122 transibat.
1287 4062 1414 4117 lude
1452 4077 1579 4131 ergo
1634 4061 1887 4116 Dominus

312 4167 437 4222 tulit
460 4167 654 4236 Legem
685 4164 749 4218 ad
777 4162 1002 4232 gratiam
1029 4176 1042 4213 :
1073 4157 1124 4214 id
1144 4164 1245 4224 est,
1273 4154 1340 4211 de
1368 4153 1528 4208 ﬂuvio
1569 4153 1708 4222 tulit,
1739 4162 1794 4207 et
1831 4153 1884 4208 in

307 4274 435 4314 vase
459 4257 683 4330 pastoris
710 4253 901 4322 posuit.

375 4348 602 4406 CAPUT
636 4345 764 4400 Vill.
793 4374 860 4384 ——-
880 4344 934 4399 8.
959 4340 1192 4411 Populus
1213 4339 1510 4393 Judcorum
1537 4353 1636 4390 non
1665 4336 1886 4406 implevit

308 4439 524 4511 Legem;
544 4439 662 4510 quia
684 4436 905 4501 timebat,
928 4449 1027 4487 non
1042 4431 1261 4485 amabat.
1277 4429 1376 4496 Qui
1398 4428 1508 4483 vult
1525 4442 1652 4496 ergo
1667 4427 1886 4496 implere

308 4532 535 4600 Legem,
563 4528 781 4600 gratiam
812 4525 1024 4594 cogitet.
1053 4521 1176 4578 Ideo
1202 4529 1256 4576 et
1285 4519 1374 4574 illa
1412 4517 1597 4572 decem
1621 4526 1883 4586 praecepta

307 4622 544 4695 psalterii
574 4621 760 4675 decem
803 4616 1154 4681 chordarum,
1185 4613 1298 4683 ipsa
1343 4619 1611 4680 suntquae
1649 4618 1805 4664 erant
1830 4610 1884 4664 in

307 4718 401 4772 illo
445 4713 640 4786 populo
680 4719 856 4766 vetere
884 4726 898 4762 :
928 4707 1023 4762 sed
1051 4707 1196 4761 illum
1227 4701 1479 4774 populum
1519 4700 1702 4754 decem
1745 4716 1884 4770 pra:-

203 4859 213 4877 ,
304 4818 457 4879 cepta
491 4807 680 4862 timore
704 4799 1143 4872 opprimebant’.
1194 4794 1310 4849 Non
1352 4793 1491 4848 cnim
1519 4803 1634 4847 erat
1680 4793 1729 4845 in
1781 4793 1885 4846 illis

303 4899 572 4964 Charitas,
615 4909 734 4966 qua:
762 4901 840 4948 est
867 4906 961 4961 per
985 4887 1239 4958 gratiam;
1268 4883 1363 4940 sed
1389 4883 1544 4938 timor
1571 4891 1704 4938 erat.
1742 4882 1883 4935 Prte-

299 5001 456 5062 cepta
504 4987 711 5044 Domini
742 4982 969 5056 poenalia
987 4985 1139 5033 erant
1161 4977 1233 5030 illi
1265 4975 1486 5049 p0pulo;
1517 4973 1638 5043 quia
1680 4971 1886 5041 impleri

305 5097 410 5136 non
434 5087 678 5152 poterant
692 5089 874 5132 amore
891 5069 987 5145 (a).
1006 5068 1366 5130 Couabantur,
1385 5067 1478 5122 scd
1495 5065 1776 5134 cupiditate
1792 5079 1902 5146 εει-ι

300 5173 646 5244 perabantur.
679 5170 814 5226 Cum
835 5180 963 5237 ergo
987 5163 1209 5234 quisque
1235 5161 1301 5216 ad
1344 5159 1564 5230 gratiam
1609 5157 1886 5212 transitum

309 5262 494 5319 fecerit
513 5303 530 5328 ,
562 5277 666 5316 non
693 5258 792 5312 alia
827 5263 1090 5326 precepta
1129 5253 1312 5322 implet
1337 5268 1353 5316 ;
1384 5249 1478 5304 sed
1507 5249 1616 5318 ipsa
1646 5263 1762 5318 qua:
1791 5246 1890 5300 hac

307 5355 518 5424 impleri
545 5368 648 5407 non
683 5357 956 5421 poterant,
987 5344 1087 5398 hac
1125 5343 1428 5411 implentur.
1459 5340 1574 5394 Non
1603 5349 1684 5393 est
1714 5349 1888 5392 tamen

309 5445 389 5498 vis
424 5451 840 5514 praeceptorum,
872 5439 965 5494 sed
994 5450 1073 5490 vus
1112 5435 1295 5505 gratia:
1319 5433 1427 5486 Dei.
1455 5431 1588 5487 Nam
1616 5431 1659 5485 si
1691 5445 1890 5499 prtece-

309 5535 708 5606 ptorum'Legis
735 5532 840 5588 hoc
865 5539 1036 5592 esset,
1068 5537 1122 5581 et
1148 5525 1234 5580 illa
1263 5523 1527 5595 impleret.
1571 5521 1668 5587 Qui
1703 5522 1890 5575 transit

333 5625 389 5660 πί
407 5624 480 5674 sic
499 5623 833 5674 Gemuensis
853 5627 934 5670 us.
961 5617 1077 5670 aditi
1100 5611 1503 5680 vero,wl.¢_aptisnw
1523 5609 1681 5661 leuati.
1774 5671 1783 5680 _

355 5686 391 5719 ι’
415 5690 480 5734 Ita
505 5685 553 5732 in
574 5684 884 5733 Germancnsi
925 5690 1002 5731 his.
1026 5687 1084 5730 At
1122 5680 1170 5727 in
1194 5678 1351 5738 editis,
1380 5679 1723 5740 prtrrepIorum
1747 5678 1890 5722 timor

306 5743 616 5814 opprimebat.
657 5803 686 5814 Α

371 5809 445 5870 (a)
471 5814 624 5866 Forte,
649 5809 833 5856 timore.

1533 325 1587 378 S.
1631 323 1989 380 AUGUSTINI
2030 326 2324 382 El’lSCOPl

3486 336 3592 392 200

2007 436 2072 490 ad
2094 436 2359 493 Christum
2377 481 2392 506 ,
2427 438 2612 495 transit
2651 456 2678 495 a
2711 441 2898 496 timore
2922 439 2990 496 ad
3015 456 3252 496 amorem
3274 484 3287 506 ,
3321 452 3376 500 et
3400 442 3590 517 inc'pit

2005 541 2189 581 amore
2204 528 2313 596 jam
2342 542 2497 597 posse
2515 529 2655 599 quod
2681 532 2872 586 timore
2901 546 3004 586 non
3034 541 3266 602 poterat;
3301 543 3350 587 et
3368 535 3454 602 qui
3483 545 3588 591 tre-

2009 619 2221 689 pidabat
2249 620 2301 675 in
2329 621 2517 676 timore
2537 662 2554 687 ,
2599 636 2706 676 non
2733 623 2964 692 trepidat
2991 623 3042 677 in
3067 637 3270 680 amore.
3301 622 3427 678 Ideo
3449 626 3589 682 hanc

2006 709 2058 763 in
2107 709 2291 764 decem
2325 711 2599 780 praeceptis
2621 751 2637 777 ,
2683 712 2802 781 quia
2833 712 3095 782 significat
3122 713 3285 768 David
3312 713 3586 772 hominem

2004 801 2095 872 qui
2119 803 2306 856 transit
2330 801 2395 858 ad
2421 805 2640 872 gratiam
2661 843 2676 867 ,
2706 818 2825 858 cum
2850 804 3009 870 dicit,
3055 803 3121 858 In
3147 806 3385 874 psalterio
3415 809 3590 864 decem

2004 892 2307 946 chordarum
2325 893 2540 965 psallunt
2560 893 2679 959 tibi,
2701 893 2812 962 jam
2841 902 3056 949 cantare
3082 894 3133 948 in
3156 898 3454 965 prmceptis,
3482 897 3588 954 hoc

2004 990 2086 1037 cst
2111 983 2349 1037 hilariter
2373 993 2636 1053 prtecepta
2665 984 2951 1053 complere.

2074 1071 2298 1129 CAPUT
2336 1073 2502 1128 lX.—
2517 1074 2569 1129 9.
2593 1073 2668 1129 Dc
2684 1076 2788 1130 suis
2817 1077 2999 1131 viribus
3029 1092 3090 1130 ne
3110 1076 3257 1131 homo
3286 1089 3582 1147 praesumat.

2005 1165 2074 1219 Et
2123 1174 2180 1219 ut
2229 1166 2500 1231 noveritis,
2530 1165 2746 1232 fratres,
2777 1168 2898 1236 quia
2927 1168 3092 1236 gratia
3121 1169 3220 1223 hoc
3245 1169 3460 1239 implet,
3490 1187 3585 1226 ne-

2004 1268 2092 1308 mo
2111 1252 2184 1325 (a)
2209 1253 2366 1309 debet
2382 1255 2449 1309 de
2470 1255 2666 1309 viribus
2691 1256 2801 1310 suis
2822 1271 3143 1324 praesumere
3173 1275 3186 1312 :
3217 1260 3316 1313 hoc
3341 1269 3422 1314 est
3440 1261 3584 1316 enim

2003 1357 2327 1414 przesumere
2348 1344 2416 1400 de
2439 1345 2607 1415 gratia
2639 1345 2749 1400 Dei.
2782 1344 2946 1400 Vocat
2967 1347 3110 1401 enim
3144 1357 3195 1401 te
3221 1348 3359 1402 Deus
3377 1389 3393 1410 ,
3423 1349 3582 1418 etju-

2002 1434 2092 1489 bet
2117 1443 2170 1488 ut
2195 1434 2360 1489 facias
2389 1452 2403 1488 :
2433 1435 2527 1491 sed
2556 1435 2668 1506 ipse
2696 1435 2785 1490 dat
2814 1435 2984 1502 vires,
3019 1445 3075 1490 ut
3095 1437 3234 1507 quod
3269 1439 3456 1507 jubet,
3483 1441 3586 1494 im-

2003 1527 2135 1596 pleri
2165 1526 2350 1596 possit.
2374 1527 2489 1583 Tibi
2511 1537 2686 1583 autem
2714 1543 2876 1598 capax
2897 1521 3039 1584 'ﬁdes
3061 1530 3358 1586 adhibenda
3383 1541 3464 1587 est
3483 1573 3499 1596 ,
3523 1538 3578 1589 ut

2004 1615 2345 1672 inundatione
2377 1618 2558 1686 gratia!
2589 1619 2832 1673 humilies
2859 1627 2942 1686 te,
2974 1620 3238 1690 supplices
3273 1621 3380 1676 Deo
3405 1663 3419 1683 ,
3448 1623 3580 1678 nihil

2001 1703 2068 1760 de
2098 1715 2148 1760 te
2179 1721 2502 1776 pra-sumas;
2531 1707 2727 1776 spolies
2757 1717 2809 1762 te
2847 1707 2994 1763 Golia
3016 1750 3032 1775 ,
3066 1709 3250 1764 induas
3280 1710 3461 1764 David.
3496 1711 3577 1766 Ad

2001 1795 2103 1851 hoc
2128 1797 2357 1865 pertinet
2383 1797 2522 1867 quod
2548 1799 2598 1852 in
2621 1797 2808 1854 eodem
2840 1800 3041 1870 psalmo
3059 1801 3273 1867 dicitur,
3305 1801 3443 1872 quod
3465 1802 3576 1872 jam

1999 1900 2420 1942 commemorare
2442 1902 2774 1958 cmperamus
2792 1929 2808 1956 ,
2843 1887 2976 1952 Quid
2995 1898 3067 1943 est
3093 1889 3279 1944 homo?
3299 1889 3409 1946 Hoc
3435 1892 3576 1946 enim

2000 1985 2183 2031 monet
2202 2018 2217 2042 ,
2249 1993 2317 2032 ne
2347 1976 2413 2032 dc
2443 1993 2501 2032 se
2529 1989 2812 2050 praesumat
2861 1978 3039 2033 homo.
3088 1979 3220 2034 Nam
3246 1979 3418 2034 videte
3447 1997 3581 2051 quo-

2001 2067 2160 2122 modo
2185 2068 2418 2124 incantat
2444 2067 2698 2123 adversus
2723 2069 2926 2125 Goliam
2944 2112 2959 2136 ,
2991 2071 3079 2142 qui
3109 2071 3175 2125 de
3204 2086 3260 2126 se
3290 2087 3580 2142 praesume—

2000 2156 2118 2222 bat;
2144 2164 2197 2211 ct
2221 2157 2558 2212 commendat
2587 2158 2657 2212 ibi
2683 2158 2846 2212 David
2863 2200 2878 2223 ,
2902 2157 2990 2228 qui
3014 2158 3252 2214 inﬁrmus
3279 2162 3332 2213 in
3355 2160 3580 2214 homini-

2000 2247 2098 2304 bus
2116 2291 2130 2315 ,
2155 2249 2207 2303 in
2229 2249 2336 2304 Deo
2362 2249 2700 2305 ﬁrmissimus
2729 2259 2864 2305 erat.
2891 2250 3024 2318 Quid
3044 2261 3115 2305 cst
3143 2251 3332 2306 homo!
3359 2251 3424 2307 Et
3452 2251 3581 2306 dicit

1998 2340 2124 2409 quid
2165 2341 2234 2395 sit
2258 2341 2415 2396 homo
2444 2359 2456 2394 :
2492 2341 2740 2407 Quoniam
2783 2343 3046 2396 innotuisti
3082 2343 3148 2397 ei.
3181 2343 3292 2398 Hoc
3328 2354 3409 2397 est
3439 2353 3580 2398 totus

1999 2429 2158 2484 homo
2179 2472 2194 2496 ,
2227 2433 2273 2486 si
2295 2432 2588 2488 innotescat
2611 2433 2682 2487 illi
2709 2433 2845 2488 Deus
2878 2451 2892 2487 :
2923 2434 2966 2488 si
2989 2444 3164 2488 autem
3190 2449 3292 2488 non
3320 2435 3393 2488 illi
3422 2435 3576 2488 inno-

1999 2530 2165 2577 tescat
2187 2523 2357 2589 Deus,
2392 2522 2522 2576 nihil
2553 2531 2635 2577 est
2661 2523 2838 2578 homo.
2871 2522 3005 2590 Quid
3029 2535 3108 2578 est
3129 2510 3323 2589 homo,
3353 2525 3437 2579 cui
3465 2540 3573 2580 non

1997 2611 2223 2666 innotuit
2245 2612 2420 2666 Deus?
2451 2611 2615 2666 Homo
2637 2613 2850 2666 vanitati
2867 2613 3174 2667 assimilatas
3200 2621 3270 2668 est
3289 2655 3304 2680 ,
3337 2613 3443 2667 dies
3470 2613 3581 2684 ejus

1996 2705 2125 2758 velut
2151 2703 2324 2756 umbra
2345 2712 2662 2774 prretcreunt.
2687 2704 2824 2774 Ergo
2843 2746 2856 2768 ,
2887 2702 3022 2769 Quid
3046 2713 3118 2758 est
3145 2704 3312 2768 liomo,
3342 2703 3580 2774 quoniam

1994 2794 2260 2848 innotuisti
2286 2795 2330 2848 ei
2360 2811 2377 2856 ς
2405 2805 2450 2847 ct
2481 2795 2614 2864 ﬁlius
2633 2795 2883 2861 hominis,
2912 2797 3149 2864 quoniam
3184 2795 3401 2850 autimas
3425 2796 3582 2849 eum!

1994 2887 2132 2955 Quid
2171 2897 2282 2951 est,
2329 2888 2546 2942 wslimas
2573 2888 2721 2941 eunt?
2744 2887 2941 2942 Placuit
2973 2887 3066 2942 tibi
3095 2887 3288 2958 eligere
3311 2887 3456 2941 illum
3477 2926 3494 2953 ,
3524 2897 3583 2942 et

1995 2979 2319 3033 constituere
2350 2978 2403 3031 in
2433 2977 2612 3047 aliquo
2653 2977 2926 3048 superiore
2961 2986 3015 3032 et
3039 2977 3386 3032 eminentiore
3409 2977 3528 3033 loco
3561 2993 3577 3032 :

1995 3066 2376 3121 misericordia:
2403 3075 2505 3121 tua:
2531 3076 2640 3134 cst,
2667 3082 2769 3121 non
2801 3067 3109 3121 meritorum
3139 3067 3324 3136 ipsius.

2062 3159 2290 3216 CAPUT
2331 3157 2482 3214 X.-
2506 3161 2592 3214 l0.
2639 3159 2909 3230 Proprium
2936 3159 3151 3214 hominis
3179 3160 3307 3214 nihil
3332 3161 3428 3214 nisi
3455 3177 3579 3231 pec-

1993 3259 2159 3304 catum
2193 3259 2240 3305 et
2279 3250 2617 3306 mendacium.
2670 3250 2860 3318 Quaere
2903 3250 3029 3321 quid
3076 3252 3144 3306 sit
3188 3251 3418 3308 hominis
3448 3267 3576 3322 pro—

1995 3343 2203 3413 prium,
2247 3352 2518 3413 peccatum
2569 3342 2830 3398 invenies.
2867 3341 3056 3410 Quaere
3097 3342 3223 3412 quid
3251 3343 3318 3397 sit
3345 3343 3578 3398 hominis

1994 3434 2298 3503 proprium,
2338 3433 2668 3488 mendacium
2713 3433 2968 3488 invenies.
3001 3433 3151 3489 Tolle
3181 3443 3488 3504 peccatum,
3519 3442 3578 3488 ct

1991 3524 2244 3595 quidquid
2265 3525 2693 3580 consideraveris
2721 3525 2774 3578 in
2805 3525 3041 3590 homine,
3067 3525 3159 3580 Dei
3181 3534 3280 3579 est.
3303 3523 3418 3580 Non
3446 3540 3577 3596 ergo

1991 3625 2135 3672 amet
2157 3617 2322 3671 homo
2358 3616 2499 3687 quod
2549 3617 2820 3686 proprium
2848 3624 2952 3672 est.
2979 3616 3150 3670 Etiam
3177 3615 3243 3670 ad
3270 3615 3370 3671 hoc
3397 3625 3579 3685 potest

1997 3706 2266 3776 pertinere
2286 3705 2413 3760 illud
2439 3705 2579 3775 quod
2599 3705 2725 3760 dicit
2743 3704 3027 3774 Apostolus
3053 3722 3066 3758 ς
3099 3703 3263 3758 Nemo
3278 3703 3412 3773 quod
3425 3687 3575 3757 suum

1993 3808 2088 3865 est,
2109 3807 2302 3869 quwrat
2327 3797 2368 3867 (I
2393 3796 2510 3853 Cor.
2545 3813 2598 3862 κ,
2628 3796 2742 3866 24).
2771 3795 3068 3866 Aliquando
3095 3796 3236 3850 enim
3263 3794 3478 3849 audiunt
3512 3795 3576 3848 il-

1991 3887 2082 3943 lttd
2109 3889 2352 3942 homines
2376 3903 2405 3940 a
2437 3887 2765 3950 Lectoribus,
2794 3895 2849 3941 et
2872 3886 3201 3941 aediﬁcantur
3227 3885 3294 3940 ad
3325 3884 3573 3939 auferen-

1990 3981 2086 4036 das
2111 3996 2200 4036 res
2219 3981 2444 4035 alienas.
2469 3981 2691 4034 interest
2718 3980 2835 4051 quis
2863 3977 2956 4033 tibi
2979 3979 3154 4045 dicat,
3180 3976 3300 4033 Noli
3328 3991 3571 4047 qnzererc

1989 4072 2129 4142 quod
2159 4081 2302 4126 tuum
2331 4080 2431 4127 est.
2475 4070 2772 4140 Aliquando
2817 4070 2959 4126 enim
2997 4070 3187 4125 dicitur
3227 4084 3256 4122 a
3287 4068 3423 4123 malo
3450 4082 3574 4121 sua-

1989 4178 2140 4230 sore,
2167 4163 2448 4234 aliquando
2485 4173 2660 4218 autem
2693 4162 2885 4217 dicitur
2917 4177 2946 4214 a
2977 4161 3119 4217 bono
3151 4159 3389 4215 doctore.
3434 4159 3574 4212 Deus

1989 4255 2160 4309 bonus
2199 4265 2280 4310 est
2318 4255 2522 4309 doctor.
2572 4252 2793 4320 Quando
2820 4265 2949 4323 ergo
2999 4251 3150 4306 audis
3189 4266 3220 4304 a
3264 4250 3406 4315 Deo,
3447 4249 3574 4304 Noli

1989 4360 2228 4416 qumrere
2256 4345 2397 4415 quod
2439 4354 2584 4398 tuum
2614 4353 2722 4404 cst;
2755 4343 2864 4396 noli
2891 4343 2968 4396 sic
2996 4342 3273 4411 accipere,
3303 4340 3573 4414 quomodo

1989 4435 2092 4489 dici
2123 4434 2278 4488 solet.
2327 4433 2537 4504 Aliquid
2581 4433 2705 4488 boni
2737 4442 2848 4497 est,
2893 4432 3031 4502 quod
3082 4440 3134 4486 te
3175 4441 3356 4488 monet
3407 4433 3572 4487 Deus.

1989 4524 2136 4591 Quod
2158 4525 2464 4579 dicebamus
2482 4567 2498 4588 ,
2527 4539 2709 4595 qumre
2737 4519 2861 4594 quid
2889 4525 2958 4578 sit
2979 4510 3122 4577 tuum
3144 4563 3157 4588 ,
3188 4520 3421 4577 invenies
3447 4539 3590 4593 pec-_

1989 4624 2184 4670 catum.
2215 4614 2328 4669 Noli
2365 4630 2493 4684 ergo
2526 4628 2764 4684 qumrere
2803 4619 3076 4682 peccatum
3097 4654 3112 4679 ,
3143 4621 3196 4668 et
3224 4627 3329 4667 non
3372 4616 3573 4682 quaeris

1990 4715 2136 4761 tuum
2163 4724 2175 4760 :
2204 4706 2307 4760 noli
2336 4721 2572 4776 qumrore
2597 4700 2948 4770 mendacium,
2975 4713 3029 4759 et
3053 4719 3157 4758 non
3179 4701 3571 4774 qumris'tuum.

1991 4779 2194 4851 Veritas
2220 4796 2358 4849 enim
2389 4813 2417 4849 a
2452 4796 2559 4851 Deo
2587 4803 2700 4859 est,
2728 4794 3056 4849 mendacium
3079 4795 3171 4849 abs
3195 4787 3264 4850 te.

2061 4883 2282 4942 CAPUT
2320 4885 2413 4941 XI.
2444 4914 2512 4926 —-
2546 4886 2632 4940 ll.
2679 4883 2804 4938 Duae
2843 4885 3022 4956 janua:
3066 4884 3266 4940 diabolo
3296 4887 3569 4954 tentatorl,

1989 4977 2239 5049 cupiditas
2281 4987 2326 5031 et
2356 4977 2524 5031 timor.
2573 4977 2636 5031 Et
2669 4977 2714 5031 si
2761 4976 3002 5032 diabolus
3046 4977 3326 5049 aliquando
3368 4979 3567 5048 aliquid

1991 5067 2262 5138 suggerit,
2303 5065 2726 5122 consentientem
2769 5075 2944 5133 tenet,
3001 5083 3108 5122 non
3152 5067 3293 5137 cogit
3321 5067 3567 5124 invitum.

1992 5155 2106 5230 Non
2134 5155 2274 5211 enim
2304 5152 2515 5210 seducit
2539 5153 2627 5209 ille
2656 5163 2746 5209 aut
2769 5155 2930 5210 trahit
2969 5154 3198 5226 aliquem
3221 5197 3235 5221 ,
3281 5155 3378 5214 nisi
3409 5152 3570 5226 quem

1994 5245 2252 5301 invenerit
2290 5260 2358 5300 ex
2385 5245 2559 5315 aliqua
2591 5253 2740 5316 parte
2782 5244 2892 5316 jam
2938 5245 3166 5300 similem
3196 5245 3317 5301 sibi.
3365 5246 3569 5302 Invenit

1993 5339 2134 5395 enim
2159 5353 2282 5393 eum
2309 5336 2505 5408 aliquid
2542 5338 2838 5408 cupientem
2863 5356 2876 5390 :
2920 5344 2975 5391 et
3009 5337 3268 5406 cupiditas
3293 5337 3462 5406 aperit
3489 5337 3567 5406 jac

1994 5443 2152 5484 uuam
2183 5427 2400 5482 intranti
2428 5427 2748 5498 suggestioni
2773 5424 2994 5481 diaboli.
3043 5426 3241 5481 invenit
3275 5425 3422 5481 illum
3468 5428 3567 5482 ali-

1995 5518 2121 5591 quid
2149 5519 2417 5574 timentem
2437 5560 2451 5583 ,
2481 5528 2661 5573 monet
2697 5527 2753 5573 ut
2782 5518 2974 5589 fugiat,
3022 5517 3162 5588 quod
3193 5518 3338 5572 illum
3370 5518 3574 5573 invenit

1998 5612 2215 5674 timere;
2239 5617 2420 5663 monet
2440 5619 2494 5664 ut
2521 5609 2839 5679 adipiscatur
2857 5651 2873 5676 ,
2906 5607 3046 5680 quod
3074 5607 3220 5664 illum
3245 5609 3448 5663 invenit
3472 5624 3570 5664 cu-

2000 5716 2123 5774 pere
2150 5717 2163 5752 :
2192 5708 2241 5752 cl
2272 5715 2364 5770 per
2411 5700 2507 5752 has
2535 5700 2664 5754 duas
2702 5702 2890 5768 januas
2933 5699 3236 5769 cupiditatis
3274 5707 3327 5752 et
3363 5697 3573 5754 (innatis

2057 5793 2128 5849 (a)
2153 5797 2308 5844 Forte.
2335 5797 2378 5840 et
2400 5801 2536 5838 nemo
