3938 6186
308 298 418 357 ibi

1711 293 1941 349 SERSIO
1983 293 2195 353 XXXII.

250 448 259 453 -
304 421 493 472 intrat.
522 412 897 476 Clundeiilas,
941 421 997 469 et
1044 412 1235 482 imples
1267 411 1509 482 Apostoli
1554 408 1680 464 illud
1725 409 1776 461 in
1806 407 1904 462 ho-

306 512 496 563 dierna
531 505 785 562 lectione.
826 503 943 558 Non
969 505 1094 558 detis
1117 503 1282 557 locum
1309 501 1516 556 diabolo
1544 504 1564 570 (
1594 499 1782 591 Epiros.
1815 514 1899 564 iv,

3484 317 3593 375 ειη

2014 409 2149 464 velle
2176 411 2317 480 quod
2350 412 2489 469 videt
2519 414 2677 469 homo
2698 457 2711 480 ,
2740 430 2793 473 et
2828 434 2935 473 non
2963 418 3265 479 desiderare
3293 427 3431 490 quod
3461 444 3587 499 pn-

2012 502 2174 556 mitlit
2205 503 2343 559 Deus
2377 523 2388 559 :
2422 522 2543 560 tum
2598 508 2647 563 id
2695 512 2834 581 quod
2889 513 3032 568 videt
3076 515 3264 586 homo,
3313 520 3474 575 etiam
3516 525 3587 577 ab

304 602 419 672 27).
440 598 517 655 Ibi
539 600 682 654 enim
703 598 872 653 voluit
890 596 1172 653 ostendere
1194 596 1495 667 Apostolus,
1517 595 1638 666 quia
1657 593 1901 664 quamvis
2005 597 2172 651 oculis
2197 605 2371 666 potest
2395 602 2588 655 auferri
2606 640 2622 668 ,
2655 607 2815 658 etiam
2853 620 3156 675 possessum
3185 619 3357 679 potest
3380 610 3584 683 amitti;

305 697 465 745 intret
492 699 545 744 et
584 689 859 759 possideat
883 688 1159 754 diabolus;
1191 687 1351 743 homo
1387 686 1466 741 illi
1498 695 1675 740 tamen
1724 685 1896 738 locum

303 779 450 833 indit
474 820 490 844 ,
521 788 578 832 ut
614 788 798 849 posset
827 777 1045 832 intrare.

374 871 460 927 l2.
503 869 637 925 Reos
664 886 838 924 omnes
867 868 1097 924 Christus
1142 868 1348 923 invenit.
1392 867 1532 937 Ergo
1587 865 1708 936 quia
1764 862 1894 917 nihil

301 975 384 1023 est
411 965 574 1019 homo
602 964 687 1019 cui
718 979 825 1017 non
853 962 1081 1016 inuoluit
1112 962 1251 1017 Deus
1278 970 1332 1017 et
1355 974 1511 1030 quem
1535 974 1641 1013 non
1665 957 1894 1012 aestimat

304 1058 476 1120 linus;
508 1055 602 1110 dat
649 1055 722 1108 illi
749 1055 978 1125 gratiam
1023 1068 1171 1107 suam
1194 1095 1208 1117 ,
1239 1052 1519 1107 inveniens
1556 1050 1608 1103 in
1634 1049 1727 1104 illo
1750 1049 1890 1118 quod

299 1151 541 1213 damnet,
568 1156 622 1203 et
647 1147 861 1202 donans
884 1147 1062 1201 omnia
1094 1145 1365 1201 Clllllllcltll
1386 1186 1402 1211 ,
1435 1153 1493 1197 ut
1517 1150 1739 1198 coronet
1769 1156 1889 1196 ere-

296 1242 530 1294 dentem.

362 1329 594 1387 CAPUT
630 1328 749 1385 XII.
780 1359 849 1368 —
873 1328 1008 1398 Quid
1036 1328 1178 1383 enim
1203 1326 1403 1383 invenit
1426 1325 1681 1381 Dominus
1707 1326 1756 1379 in
1787 1326 1886 1379 ho-

294 1423 533 1478 minibus
554 1422 764 1494 quando
788 1423 934 1478 venit
953 1462 966 1487 ,
997 1422 1094 1475 nisi
1115 1418 1258 1491 quod
1286 1419 1608 1475 damnaret?
1633 1418 1884 1485 Omnino,

294 1517 525 1585 fratres,
564 1517 789 1587 cogitate
827 1525 882 1571 et
910 1514 1116 1581 videte;
1148 1515 1261 1570 sive
1291 1514 1342 1568 in
1372 1513 1469 1570 illo
1492 1514 1691 1585 populo
1718 1512 1888 1568 Isme-

293 1609 511 1663 litarnm
531 1651 547 1676 ,
588 1609 698 1662 sive
720 1608 771 1663 in
793 1607 1050 1664 Gentibus
1073 1649 1086 1672 ,
1115 1621 1220 1662 non
1259 1606 1460 1662 invenit
1487 1605 1588 1660 nisi
1621 1604 1761 1676 quod
1786 1605 1885 1660 da-

291 1707 528 1754 mnaret.
559 1699 628 1753 Et
664 1699 784 1752 ideo
808 1698 876 1752 ad
903 1707 1185 1768 peccantes
1216 1697 1429 1752 humilis
1455 1696 1624 1750 voluit
1665 1696 1878 1763 venire,

289 1806 402 1844 non
448 1789 644 1859 judex,
692 1805 814 1844 cum
858 1790 1023 1858 parcit
1049 1788 1154 1842 illis
1182 1789 1225 1854 ¹,
1258 1797 1316 1842 ιιι
1346 1790 1516 1858 primo
1561 1796 1884 1857 prmrogaret

287 1880 713 1935 misericordiam
740 1879 990 1935 donando
1016 1888 1232 1950 peccata
1253 1921 1269 1946 ,
1298 1887 1353 1934 et
1374 1880 1453 1934 sic
1486 1889 1665 1949 postea
1695 1878 1886 1933 redde-

288 1986 371 2029 ret
396 1973 739 2030 severitatem
784 1972 1055 2044 puniendo
1083 1984 1316 2043 peccata.
1350 1971 1465 2026 Non
1486 1972 1794 2038 abutamur,
1827 1971 1879 2025 id

287 2075 397 2132 est,
426 2083 537 2121 non
568 2066 707 2121 male
732 2075 947 2121 utamur
970 2065 1332 2121 misericordia
1361 2065 1508 2134 ejus,
1541 2075 1720 2120 etnon
1751 2080 1874 2119 scn-

287 2160 484 2213 lienms
508 2158 851 2213 severitatem
883 2158 1018 2227 ejus.
1070 2156 1210 2227 Ergo
1234 2157 1335 2212 hoc
1360 2166 1442 2213 est
1477 2155 1639 2212 homo
1669 2165 1835 2211 totum
1859 2200 1874 2222 ,

282 2251 425 2321 quod
456 2251 505 2306 ei
534 2250 819 2306 innotescit
848 2250 990 2305 Deus
1010 2292 1023 2319 ,
1057 2247 1196 2319 quod
1225 2247 1313 2302 dat
1343 2248 1414 2302 illi
1438 2248 1662 2319 gratiam
1701 2263 1873 2312 suam,

284 2343 428 2398 unde
451 2342 808 2414 prmsumebat
831 2341 994 2396 David
1020 2357 1033 2394 :
1061 2339 1242 2396 Golias
1269 2347 1445 2394 autem
1464 2339 1533 2394 de
1558 2354 1636 2403 se,
1661 2339 1728 2394 de
1751 2340 1877 2394 viri-

284 2434 382 2488 luis
400 2434 538 2499 suis,
558 2434 842 2504 superbus,
866 2432 1057 2498 elatus,
1078 2432 1310 2498 inflatus,
1330 2431 1502 2501 primo
1522 2439 1685 2486 totam
1705 2431 1872 2487 victo-

284 2528 417 2582 riam
437 2527 705 2581 universa:
725 2525 891 2597 partis
917 2539 1025 2579 suae
1051 2524 1101 2578 in
1127 2538 1187 2578 se
1207 2536 1313 2577 uno
1337 2522 1628 2577 constituit.
1658 2521 1725 2576 Et
1750 2522 1874 2592 quia

278 2619 455 2671 omnis
489 2615 744 2687 superbia
776 2615 935 2670 habet
960 2613 1339 2685 impudentiam
1370 2612 1557 2668 frontis
1580 2654 1594 2677 ,
1621 2613 1674 2668 in
1702 2613 1871 2683 ipsum

281 2714 510 2764 frontem
551 2707 729 2779 lapide
772 2706 1019 2762 veniente
1063 2705 1306 2775 dejeetus
1332 2713 1438 2760 est.
1483 2704 1744 2759 Evacuata
1789 2710 1873 2758 est

278 2800 427 2853 frons
454 2814 578 2869 qua:
624 2797 854 2853 habebat
902 2796 1283 2867 impudentiam
1330 2794 1594 2865 superbia:
1623 2808 1771 2861 sum;
1815 2799 1873 2849 et

278 2892 403 2946 tirit
436 2890 587 2945 frons
606 2906 725 2961 qua:
752 2888 979 2945 habebat
1003 2884 1354 2943 humilitatem
1380 2887 1554 2943 cruris
1574 2886 1793 2943 Christi.

341 2981 577 3039 CAPUT
614 2981 751 3036 XIII.
781 3011 853 3021 —
878 2982 963 3037 I5.
1005 2979 1182 3036 Cruci:
1221 2980 1420 3051 signum
1456 2980 1508 3033 in
1552 2983 1718 3052 fronte
1745 2977 1872 3051 quid

274 3075 549 3145 signiﬁcet.
588 3074 876 3145 Propterea
916 3082 971 3129 et
1021 3087 1121 3127 nos
1166 3073 1375 3143 signum
1404 3074 1574 3143 ipsum
1606 3072 1782 3127 crucis
1810 3071 1868 3129 in

277 3166 450 3222 fmnle
474 3176 748 3237 portamus
766 3207 782 3232 ,
821 3166 910 3236 qui
939 3165 1065 3220 illud
1094 3164 1404 3236 intelligit’.
1440 3165 1549 3220 lIoe
1576 3164 1725 3231 dico,
1754 3164 1865 3221 fn-

276 3266 417 3322 tres,
448 3256 574 3327 quia
605 3255 758 3311 multi
801 3255 932 3311 illud
983 3254 1209 3319 faciunt,
1234 3267 1288 3312 et
1312 3255 1608 3328 intelligere
1656 3256 1862 3311 nolunt.

276 3346 557 3401 Factoretn
587 3346 779 3417 quaerit
804 3346 948 3401 Deus
973 3346 1246 3416 signorum
1274 3358 1491 3401 suorum
1514 3386 1528 3409 .
1555 3361 1662 3401 non
1690 3347 1864 3417 picto-

274 3454 405 3491 rem.
427 3437 484 3493 Si
535 3445 720 3507 portas
745 3437 797 3492 itt
838 3435 1014 3493 fronte
1041 3438 1249 3510 signum
1274 3437 1591 3493 humilitatis
1627 3438 1824 3494 Christi
1844 3479 1860 3504 ,

272 3540 422 3599 porta
453 3531 508 3584 in
536 3530 699 3585 corde
737 3530 1083 3586 imitationem
1112 3529 1422 3587 humilitatis
1460 3532 1675 3588 Christi.
1714 3532 1863 3587 Dixi-

272 3639 389 3676 mus
416 3632 596 3677 autent
615 3665 631 3687 ,
657 3623 848 3678 fratres
868 3667 882 3689 ,
907 3636 1030 3678 eum
1057 3622 1186 3679 dare
1205 3625 1377 3680 locum
1395 3622 1634 3688 diabolo,
1663 3624 1754 3695 qui
1784 3623 1861 3679 illi

271 3715 441 3787 aperit
466 3715 663 3786 jannas
690 3715 999 3785 cupiditatis
1033 3726 1121 3770 aut
1147 3718 1354 3772 timoris
1385 3733 1398 3770 :
1428 3717 1520 3771 sed
1558 3716 1863 3786 cupiditatis

268 3810 452 3873 cuius,
504 3819 598 3865 aut
625 3810 831 3865 timoris
857 3811 1050 3881 cujus?
1083 3811 1212 3865 Nam
1241 3819 1295 3866 et
1334 3825 1553 3880 regnum
1602 3810 1859 3865 ctelorum

270 3904 552 3971 cupimus,
591 3912 646 3958 et
680 3902 982 3974 gehennam
1029 3903 1300 3958 timemus.
1328 3904 1433 3958 Sed
1459 3902 1727 3973 quomodo
1756 3902 1860 3957 illte

272 3998 479 4057 ianum,
525 3993 788 4063 cupiditas
823 4010 1000 4049 rerum
1034 3993 1435 4064 temporalium,
1466 4003 1519 4049 et
1544 3994 1702 4048 timor
1740 4007 1857 4063 pce

273 4101 457 4138 rarum
491 4087 861 4155 temporalium
894 4084 1052 4139 trahit
1096 4086 1405 4155 plerumque
1433 4086 1498 4139 ad
1527 4085 1813 4155 nequitiam
1839 4128 1854 4156 ,

270 4186 317 4226 rt
344 4174 436 4229 dat
460 4175 637 4232 locum
660 4174 872 4230 diabolo
895 4194 908 4229 :
938 4176 1015 4231 sic
1035 4175 1293 4246 cupiditas
1317 4190 1491 4229 rerum
1514 4185 1854 4241 teternarum,

269 4276 333 4318 rb
357 4266 519 4320 timor
548 4280 829 4335 plenarum
860 4274 1179 4321 arternarum
1210 4264 1333 4320 facit
1381 4266 1555 4320 locant
1603 4266 1653 4320 in
1697 4267 1859 4323 corde

270 4357 430 4411 Verbo
454 4356 574 4411 Dei.

336 4450 567 4507 CAPUT
608 4449 746 4505 XIV.
794 4480 859 4492 -—-
914 4452 995 4506 Il.
1047 4450 1352 4521 Cupiditati:
1402 4451 1632 4504 tentatio.
1667 4450 1855 4505 Brevi-

273 4551 350 4594 ter
373 4557 535 4612 ergo,
565 4541 787 4607 fratres,
815 4542 861 4597 si
888 4542 1129 4596 volumus
1156 4542 1290 4597 bene
1317 4541 1494 4596 vivere
1513 4583 1528 4607 ,
1566 4541 1682 4611 plus
1707 4555 1855 4595 amc-

270 4649 386 4687 inus
411 4633 557 4706 quod
591 4635 853 4705 promittit
896 4635 1034 4690 Deus
1056 4677 1069 4701 ,
1097 4651 1254 4709 quam
1284 4634 1423 4706 quod
1474 4634 1735 4705 proinittit
1772 4636 1858 4692 hic

270 4724 532 4788 mundus;
567 4733 621 4780 et
647 4727 765 4796 plus
787 4729 1065 4781 timeamus
1093 4727 1232 4798 quod
1264 4727 1492 4783 minatur
1512 4729 1666 4795 Deus,
1697 4745 1855 4800 quam

267 4818 406 4889 quod
440 4819 672 4875 minatur
700 4819 786 4875 hic
816 4820 1062 4876 mundus.
1089 4820 1355 4892 Numquid
1387 4837 1630 4892 maguum
1661 4822 1855 4892 aliquit]

267 4921 354 4963 aut
375 4909 593 4980 longum
620 4920 705 4965 cst
730 4911 870 4980 quod
900 4910 1171 4968 diximus?
1204 4913 1356 4967 Venit
1386 4917 1604 4968 tentatio
1636 4915 1726 4969 libi
1755 4916 1855 4969 ali-

265 5002 417 5071 cujus
460 5001 662 5057 fraudis
682 5045 698 5067 ,
720 5004 798 5056 vis
821 5006 994 5059 facere
1022 5005 1257 5060 fraudem
1285 5047 1298 5065 .
1348 5015 1400 5061 ut
1430 5009 1675 5079 arquiras
1698 5024 1859 5081 pecu-

268 5092 406 5149 niam
440 5112 457 5149 :
486 5094 749 5163 promittit
778 5095 918 5149 Deus
958 5094 1194 5150 fraudem
1241 5106 1345 5151 non
1377 5095 1689 5153 facientibus
1717 5113 1858 5153 sem-

267 5183 470 5251 pitcrna
500 5199 665 5253 regna
714 5184 972 5242 calorum
993 5227 1008 5251 ,
1038 5186 1200 5242 vincit
1230 5195 1280 5242 te
1309 5189 1569 5260 cupiditas
1595 5189 1662 5244 ad
1693 5206 1855 5260 pecu-

266 5274 428 5327 niam.
476 5273 612 5329 Nam
642 5276 762 5346 quis
790 5282 874 5331 est
902 5278 991 5347 qui
1039 5277 1171 5333 nolit
1208 5293 1366 5349 regna
1408 5281 1705 5336 cmlorum?
1752 5282 1855 5338 Sed

269 5367 387 5435 plus
415 5362 552 5423 velle
584 5380 795 5424 terrena
816 5410 830 5433 ,
856 5367 959 5424 hoc
983 5378 1064 5424 est
1095 5388 1141 5440 pi
1161 5386 1315 5426 ecare
1349 5389 1360 5424 :
1397 5373 1513 5445 plus
1542 5370 1674 5430 velle
1716 5377 1855 5447 quod

265 5473 501 5532 [inmens
529 5469 652 5525 est,
701 5475 807 5515 non
856 5461 1075 5518 credere
1115 5460 1254 5534 quod
1310 5455 1539 5542 futurum
1571 5475 1687 5533 est;
1742 5450 1859 5539 plus

268 5552 763 5684 αἱξαιςιίμφενίίι
785 5572 883 5629 illis
896 5591 915 5639 ;
945 5578 1154 5640 sublato,
1178 5592 1303 5641 cum,
1322 5580 1450 5646 quod
1473 5582 1615 5634 abest
1635 5584 1698 5635 ab
1721 5584 1855 5635 L‘lim.

855 5701 1009 5769 ordes
1044 5709 1098 5751 et
1133 5703 1372 5753 editiones
1408 5701 1544 5754 t'lim.
1579 5714 1633 5757 et
1663 5715 1767 5758 Par.
1804 5717 1859 5760 at

266 5761 356 5812 Iov
377 5792 397 5822 ν
415 5760 500 5822 qui
523 5760 650 5808 illud
675 5760 1002 5817 bdelliqinuts.

475 5834 759 5897 Ρλτιιυι..
803 5837 1032 5913 XXXV
1047 5852 1140 5915 III.

2006 688 2054 740 id
2083 698 2260 744 autem
2288 690 2429 760 quod
2463 694 2722 762 promittit
2774 697 2948 764 Deus,
3000 715 3097 755 nec
3118 702 3274 756 oculo
3298 706 3476 762 carnis
3501 708 3583 763 vi-

2001 778 2116 834 deri
2145 780 2355 836 interim
2386 794 2591 853 potest;
2621 794 2674 840 et
2698 801 2819 841 cum
2857 790 3081 860 quisque
3096 792 3166 845 ad
3200 792 3293 848 Dei
3322 797 3583 865 promisse

2005 871 2329 938 pervenerit,
2360 889 2464 928 non
2499 874 2647 930 timet
2673 893 2740 933 ne
2764 880 3001 945 amittat;
3044 884 3163 952 quia
3195 900 3352 941 nemo
3377 897 3462 945 est
3486 904 3583 960 po-

2001 961 2197 1015 tentior
2223 963 2312 1016 illo
2340 965 2428 1034 qui
2458 966 2620 1021 dedit.
2655 968 2863 1038 Itaque,
2912 972 3135 1041 fratres,
3181 976 3585 1038 hatretethari-

2002 1059 2108 1104 tate
2133 1055 2410 1121 promissis
2438 1056 2527 1110 Dei
2553 1075 2568 1123 ;
2601 1067 2774 1115 etnon
2807 1078 2901 1118 vos
2920 1067 3245 1136 superabunt
3269 1071 3585 1141 cupiditates

1997 1141 2198 1196 szccnli.

2066 1232 2293 1289 CAPUT
2331 1234 2446 1290 XV.
2472 1239 2653 1295 -—l5.
2702 1240 2743 1295 Τ
2748 1244 2922 1297 imoris
2963 1248 3187 1302 (enimio.
3234 1251 3465 1309 Rursum
3512 1259 3583 1312 ti-

1996 1322 2159 1417 mutis
2184 1326 2425 1417 tentatio
2448 1327 2662 1384 advenit
2695 1349 2707 1384 :
2740 1332 2869 1387 dicit
2896 1336 2989 1389 tibi
3043 1339 3297 1410 quisque,
3357 1345 3452 1400 Die
3480 1362 3578 1417 pro

1995 1427 2082 1467 me
2129 1411 2321 1469 falsum
2361 1417 2741 1474 testimonium.
2776 1422 2953 1479 Primo
2994 1430 3291 1496 promittit:
3322 1434 3417 1490 sed
3460 1411 3579 1494 cunt

1997 1517 2102 1598 non
2124 1502 2395 1598 deceperit
2416 1550 2430 1569 .
2460 1511 2503 1565 si
2536 1509 2674 1567 forte
2700 1529 2976 1584 prcrponas
3007 1522 3268 1587 promissa
3295 1527 3390 1583 Dei
3420 1531 3581 1598 polli-

1991 1594 2226 1649 e'tationi
2253 1596 2524 1654 hominum
2541 1640 2559 1662 ,
2582 1619 2690 1657 non
2716 1606 2878 1661 vincit
2901 1610 3163 1679 cupiditas
3187 1630 3202 1677 ;
3231 1630 3326 1683 per
3352 1594 3579 1676 commi-

1995 1684 2262 1740 natienem
2290 1695 2456 1742 tentat
2476 1729 2491 1755 ,
2524 1700 2578 1746 et
2605 1693 2788 1764 incipit
2814 1698 3001 1753 minari
3029 1699 3324 1760 horribilia.
3362 1709 3577 1766 Potens

1989 1784 2071 1869 est
2093 1776 2227 1831 forte
2255 1776 2306 1831 in
2328 1780 2542 1837 civitate
2564 1824 2580 1849 ,
2625 1794 2815 1853 potens
2843 1787 2895 1842 in
2921 1791 3121 1846 smculo
3141 1832 3157 1857 ,
3186 1795 3399 1852 videtur
3423 1815 3579 1869 posse

1988 1862 2166 1920 facere
2185 1867 2328 1935 quod
2369 1872 2618 1927 minatur.
2649 1874 2820 1930 Vincit
2850 1885 2900 1932 te
2921 1880 3081 1935 timor
3109 1887 3386 1952 praesentis
3411 1862 3533 1946 mali
3559 1909 3579 1946 :

1989 1956 2128 2024 quod
2153 1966 2208 2012 et
2234 1971 2415 2028 posset
2440 1977 2471 2016 a
2500 1971 2551 2018 te
2579 1965 2760 2035 utique
2805 1968 2943 2023 Deus
2981 1983 3258 2042 avertere,
3300 1977 3345 2031 si
3376 1980 3476 2035 hoe
3496 1982 3575 2040 illi

1986 2046 2259 2104 videretur
2283 2050 2539 2119 prodesse
2569 2054 2697 2119 tibi;
2721 2067 2775 2111 ct
2803 2058 2848 2112 si
2893 2060 3057 2117 nollet
3083 2075 3354 2133 avertere,
3380 2070 3576 2129 intelli-

1984 2154 2110 2204 gere
2133 2139 2359 2198 deberes
2400 2144 2522 2213 quia
2553 2161 2656 2201 non
2702 2148 2794 2202 tibi
2824 2151 3159 2218 permitteret
3195 2160 3442 2222 evenire,
3474 2164 3573 2218 nisi

1984 2236 2041 2322 et
2069 2229 2169 2322 hoc
2196 2232 2356 2287 sciret
2377 2234 2630 2303 prodesse
2658 2236 2771 2291 tibi.
2796 2240 3002 2295 Avertit
3022 2242 3198 2313 ignem
3216 2261 3246 2300 ι
3268 2249 3435 2304 tribus
3452 2268 3579 2322 pne-

1983 2319 2057 2375 ris
2104 2321 2242 2377 idem
2280 2324 2441 2379 Deus.
2473 2325 2737 2397 Numquid
2764 2338 2997 2385 mutatus
3015 2343 3095 2388 est
3122 2335 3283 2402 Deus,
3302 2341 3426 2409 quia
3453 2319 3570 2400 non

1982 2413 2175 2468 avertit
2216 2415 2447 2485 gladium
2502 2434 2531 2472 a
2575 2421 2940 2493 martyribus?
2983 2422 3129 2481 Idem
3156 2428 3272 2498 ipse
3295 2430 3396 2487 fuit
3436 2435 3575 2493 Dens

1984 2503 2141 2558 trium
2172 2517 2490 2577 puerorum,
2520 2511 2610 2581 qui
2640 2511 2738 2567 fuit
2765 2512 3217 2575 Machabteorem.
3245 2520 3321 2576 Illi
3346 2524 3415 2578 de
3446 2526 3575 2596 igne

1980 2606 2271 2687 evaserunt
2301 2597 2463 2666 (Dan.
2497 2602 2598 2673 in),
2638 2603 2717 2659 illi
2740 2605 2948 2676 ignibus
2971 2610 3193 2667 crudati
3219 2624 3349 2670 sunt
3367 2616 3435 2687 (Ii
3459 2617 3573 2673 Ile-

1979 2685 2128 2741 cltab.
2176 2691 2276 2761 vn)
2301 2708 2315 2744 :
2342 2693 2550 2763 utrique
2593 2702 2768 2751 tamen
2818 2698 2873 2752 in
2923 2699 3035 2755 Deo
3070 2685 3401 2775 seurpitern’o
3428 2710 3572 2767 vice.-

1979 2787 2105 2868 runt
2135 2781 2178 2843 ί,
2222 2781 2336 2836 Non
2366 2786 2507 2839 enim
2536 2796 2628 2841 aut
2654 2787 2728 2843 illi
2755 2789 2862 2844 vita
2908 2791 3011 2847 ista
3040 2798 3316 2868 temporali
3340 2800 3573 2858 doletne-

1977 2865 2172 2924 bantur
2194 2913 2208 2935 ,
2235 2882 2323 2926 aut
2350 2874 2429 2927 illi
2460 2876 2617 2931 minis
2641 2865 3440 2958 temporalibuslrangcbantur.
3500 2924 3505 2933 -

2047 2958 2274 3055 CAPUT
2312 2962 2451 3019 XVI.
2486 2996 2560 3008 —-
2589 2968 2679 3025 16.
2708 2970 2853 3027 Bono
2881 2973 3209 3034 malicorii/iii
3250 2996 3365 3041 sere
3387 2998 3565 3055 nocet,

1976 3052 2068 3106 sed
2092 3054 2316 3125 prodest.
2361 3056 2538 3128 Itaque
2566 3062 2671 3115 noli
2710 3063 2900 3121 timere
2949 3067 3217 3126 hominem
3270 3052 3569 3137 minantem

2136 3144 2272 3212 Quid
2299 3156 2381 3203 est
2407 3149 2550 3203 enim
2582 3152 2783 3207 homo?
2841 3155 3065 3214 νωιῆωὶ
3088 3164 3405 3222 attonitam:
3448 3181 3566 3237 est;

1973 3234 2083 3289 dies
2106 3238 2219 3307 ejus
2246 3238 2373 3292 sicut
2402 3240 2579 3294 nnibra
2609 3248 2924 3311 praeierunt.
2951 3251 3056 3304 Aut
3084 3266 3191 3307 non
3214 3255 3307 3310 tibi
3333 3234 3564 3325 timebit,

1973 3336 2025 3383 et
2051 3338 2178 3421 ante
2202 3332 2449 3385 transibit
2479 3333 2567 3388 illa
2608 3336 2792 3391 unibm
2809 3379 2823 3399 ,
2852 3355 3010 3409 quam
3031 3344 3099 3399 ad
3131 3355 3182 3401 te
3206 3350 3424 3406 aculeus
3449 3352 3567 3421 ejus

1975 3420 2490 3512 transiteipotlei-it;
2517 3433 2710 3495 potens
2735 3438 2816 3481 est
2842 3432 2985 3485 enim
3032 3434 3217 3493 Deus:
3247 3453 3338 3494 aut
3365 3443 3409 3496 si
3436 3420 3565 3512 pcr-

1973 3511 2167 3602 missus
2194 3511 2354 3567 fuerit
2395 3530 2592 3599 nocere
2616 3558 2630 3579 ,
2652 3518 2722 3573 ad
2751 3530 2961 3591 tempus
2976 3527 3184 3583 nocebit
3204 3532 3407 3587 umbra
3436 3511 3561 3602 luat,

1974 3598 2027 3655 id
2052 3609 2155 3666 est,
2186 3604 2262 3657 rei
2288 3606 2609 3660 transitoria:
2635 3616 2771 3674 tuze,
2794 3611 2925 3666 vita;
2955 3619 3233 3685 temporali
3274 3631 3409 3691 luat,

1971 3691 2138 3747 veteri
2162 3700 2287 3747 true.
2328 3694 2507 3764 Usque
2534 3697 2681 3751 enim
2709 3699 2776 3753 ad
2802 3702 3048 3759 ultimum
3076 3710 3264 3765 mortis
3286 3723 3562 3781 portantes

1970 3781 2167 3849 aliquid
2188 3785 2383 3840 veteris
2405 3785 2664 3843 hominis.
2684 3788 3057 3862 Temporalem
3080 3798 3241 3855 vitam
3260 3803 3349 3860 ille
3368 3822 3562 3866 mem

1971 3884 2180 3943 potest,
2236 3886 2491 3933 aiternam
2545 3879 2641 3936 tibi
2684 3882 2848 3938 vitam
2900 3900 3063 3943 nemo
3107 3901 3282 3961 potest
3326 3898 3557 3954 auferre.

1970 3966 2138 4023 'follet
2165 3968 2255 4023 tibi
2284 3969 2661 4041 impedimenta
2686 4016 2702 4042 ,
2729 3977 2921 4046 quibus
2941 3978 3028 4036 hic
3055 3986 3252 4041 teneris
3272 4003 3293 4051 ς.
3316 3998 3369 4043 et
3391 3989 3562 4047 luere—

1970 4054 2050 4111 bis
2076 4058 2218 4126 Deo,
2249 4062 2333 4115 eui
2379 4070 2435 4115 te
2481 4062 2591 4132 jam
2637 4067 2907 4134 praemissa
2950 4084 3076 4141 spe,
3108 4073 3365 4135 charitate
3404 4084 3558 4139 colli.

1966 4163 2204 4218 gaveras.
3550 4200 3553 4203 ς

2036 4241 2260 4299 CAPUT
2301 4244 2551 4301 XVll.——
2576 4248 2661 4304 ΓΙ,
2709 4248 2873 4306 Homo
2905 4256 3070 4311 nautes
3110 4260 3355 4316 novacula
3383 4278 3555 4325 uelo.

1968 4331 2254 4403 Propterea
2283 4336 2334 4390 in
2363 4337 2588 4394 Psalmis
2614 4341 3008 4411 elegantissime
3023 4347 3218 4405 (ﬁcitur
3237 4352 3307 4407 de
3333 4355 3551 4415 homine

1967 4422 2302 4519 maloLSicut
2324 4429 2571 4519 novacula
2592 4440 2744 4486 acuta
2769 4435 2931 4504 fecisti
2956 4437 3131 4493 dolum
3158 4439 3327 4510 (Psal.
3357 4462 3408 4503 ιι
3427 4488 3441 4511 ,
3472 4450 3551 4519 4).

1964 4512 2053 4569 Sic
2092 4514 2164 4569 illi
2200 4515 2420 4589 ipsultat
2445 4518 2674 4589 Spiritus
2713 4522 2829 4579 Dei.
2870 4525 3007 4595 Quid
3053 4532 3280 4589 attendit
3304 4535 3357 4590 in
3390 4512 3555 4595 nova-

1971 4607 2088 4660 rnla
2114 4607 2139 4660 ?
2182 4606 2297 4663 Non
2318 4612 2441 4680 quia
2469 4613 2640 4668 occidi
2662 4615 2905 4673 homines
2930 4619 3003 4676 de
3025 4626 3279 4681 novacula
3298 4640 3552 4698 possunt:

1969 4699 2061 4754 sed
2090 4699 2157 4756 ad
2187 4715 2345 4772 quam
2368 4717 2482 4758 rem
2514 4703 2651 4760 facta
2674 4716 2757 4761 est
2783 4712 3060 4767 novacula.
3088 4712 3250 4773 Facta
3268 4728 3351 4773 est
3378 4730 3555 4778 autem

1965 4789 2031 4844 ad
2075 4791 2342 4847 radendos
2365 4794 2605 4864 capillos.
2649 4796 2787 4864 Quid
2830 4810 2937 4856 tam
2978 4808 3303 4875 superﬂuum
3351 4811 3403 4864 in
3431 4827 3556 4867 cor-

1969 4894 2100 4949 pore
2119 4922 2134 4946 ,
2162 4895 2320 4950 quam
2347 4884 2567 4953 capilli?
2594 4886 2803 4953 Quama
2826 4890 3098 4962 instantia,
3127 4908 3329 4966 quanto
3354 4901 3551 4965 studio,

1967 4978 2164 5039 quanta
2189 4971 2396 5025 cautela
2418 5011 2435 5036 ,
2482 4984 2679 5043 quanta
2717 4978 3013 5036 intentione
3039 4985 3249 5040 acuitur
3269 5027 3284 5050 ,
3315 4995 3376 5041 ut
3403 4988 3557 5046 mdat

1965 5060 2254 5130 capillum?
2296 5061 2387 5117 Sic
2422 5070 2479 5117 et
2503 5063 2665 5119 homo
2702 5068 2875 5123 malus
2917 5072 3053 5126 tollit
3093 5088 3153 5129 se
3191 5076 3245 5129 in
3273 5088 3475 5145 partem
3506 5083 3551 5147 ³,

1968 5152 2197 5221 rogitat,
2242 5151 2533 5223 recogitet,
2580 5158 2877 5227 excogitat,
2918 5162 3069 5232 ponit
3108 5163 3347 5222 fraudem
3390 5184 3556 5241 super

1971 5242 2247 5307 fmndem,
2292 5244 2489 5315 qtuerit
2535 5247 3009 5320 machinationem,
3060 5255 3550 5331 ministros’parnt,

1970 5333 2130 5388 falsos
2157 5342 2323 5389 testes
2351 5347 2645 5406 comparat,
2680 5341 3185 5403 acuit-novaculam.
3210 5348 3347 5416 Quid
3379 5350 3551 5409 factu-

1971 5441 2061 5479 rus
2074 5425 2222 5494 justo
2238 5464 2254 5489 ,
2283 5426 2384 5482 nisi
2412 5429 2961 5499 superlimrasums?

2039 5518 2265 5574 CAPUT
2296 5519 2482 5575 XVIII.
2515 5553 2584 5563 --
2615 5524 2701 5580 l8.
2736 5524 2971 5580 Felicitas
2995 5545 3095 5584 non
3125 5530 3176 5585 in
3198 5536 3553 5604 temporalibus

2033 5648 2149 5731 {sic
2164 5659 2245 5701 its.
2289 5657 2629 5705 Germanensis
2654 5656 2773 5708 Editl
2799 5666 2981 5721 autem,
3005 5674 3116 5711 cum
3143 5672 3239 5716 Dm
3268 5667 3553 5731 seuipiteruo

2017 5727 2144 5761 εηηιι.

2006 5719 2041 5759 'n
2128 5746 2144 5761 .
2970 5719 2977 5721 ’

1971 5725 2015 5762 η
2037 5719 2539 5841 ίηιὲιεβρισηιιιηρηδίς,
2562 5777 2681 5830 tollit
2700 5786 2745 5830 ιι·
2757 5780 2806 5833 in
2822 5791 3025 5841 partem.

2976 5868 3223 5955 {Sept-.1.
