3938 6186
306 289 422 345 £95

315 400 568 473 patranda.
618 401 811 471 tltaque
837 439 852 466 ,
906 400 1130 465 fratres,
1177 398 1221 452 si
1273 398 1432 452 vultis
1460 397 1629 467 parati
1659 410 1785 453 esse
1832 393 1899 449 ad

314 494 644 566 sequendam
676 494 1000 549 voluntatem
1031 491 1124 547 Dei
1144 533 1161 559 ,
1200 490 1340 563 quod
1370 490 1522 545 vobis
1557 489 1817 556 dicimus,
1847 497 1902 545 et

318 586 473 645 uultis
502 586 729 658 primum
772 582 1038 649 dicimus;
1084 582 1193 639 imo
1217 581 1467 641 omnibus
1489 581 1619 637 dicit
1645 580 1732 635 ille
1753 621 1768 643 ,
1808 580 1899 650 qui

314 692 538 737 securus
560 676 689 733 dicit
715 694 731 731 :
757 676 802 732 si
828 674 1074 735 volumus
1119 674 1288 746 parati
1315 689 1435 729 esse
1471 672 1536 729 ad
1571 670 1898 743 sequendam

313 770 641 825 voluntatem
687 766 816 835 Dei,
866 781 975 822 non
1017 780 1261 822 amemus
1295 765 1393 821 ista
1434 779 1554 835 qua:
1602 772 1897 828 transeunt,

315 877 419 915 non
458 869 707 930 putemus
746 857 916 928 ipsam
942 872 1063 914 esse
1090 854 1395 913 felicitatem
1419 896 1435 921 ,
1481 870 1599 923 qua:
1627 851 1820 908 dicitur
1846 853 1899 907 in

316 951 418 1009 hoc
437 949 654 1008 uacula.
681 947 796 1005 Hoc
814 946 959 1003 enim
982 945 1239 1017 putabant
1263 945 1338 1000 illi
1364 944 1702 1015 allenigeuse;
1733 950 1896 998 totam

313 1040 621 1098 felicitatem
651 1038 706 1094 in
737 1036 898 1094 rebus
925 1036 1306 1109 temporalibus
1329 1077 1346 1103 ,
1391 1043 1555 1091 totam
1583 1036 1898 1090 suavitatem

313 1134 364 1185 in
394 1129 582 1186 umbra
626 1127 926 1201 ponebant,
967 1143 1074 1183 nan
1107 1126 1161 1182 in
1192 1127 1305 1198 ipsa
1337 1126 1454 1181 luce
1477 1168 1493 1192 ,
1543 1140 1648 1181 non
1688 1125 1741 1181 in
1784 1124 1897 1195 ipsa

311 1222 555 1277 vta-itala.
590 1218 728 1275 .ldco
753 1219 806 1276 in
838 1218 941 1274 isto
971 1218 1205 1289 psalmo,
1247 1217 1336 1288 qui
1363 1217 1434 1271 ad
1455 1216 1656 1272 Goliam
1682 1225 1786 1281 est,
1818 1225 1896 1270 at—

317 1312 515 1369 tendite
543 1311 836 1382 posteriora
852 1308 1051 1365 Psaltni
1082 1326 1095 1362 :
1124 1309 1342 1368 omnino
1361 1308 1703 1366 lucidissimis
1718 1306 1899 1363 verbis

312 1413 368 1466 et
413 1403 791 1461 enodatissimo
815 1391 1098 1466 sermone,
1127 1401 1217 1472 qui
1260 1417 1373 1457 non
1388 1409 1594 1472 quant
1636 1400 1899 1471 interpre-

311 1509 422 1552 tem
443 1507 536 1553 aut
561 1499 950 1566 exposuere-1;
1004 1495 1097 1553 sed
1135 1494 1496 1550 misericordia
1539 1494 1631 1549 Dei
1673 1494 1743 1548 ita
1776 1503 1899 1549 sunt

311 1590 482 1659 posita
505 1631 524 1658 ,
570 1599 629 1645 ut
665 1603 826 1645 nemo
871 1588 1049 1652 dicat,
1096 1587 1234 1643 Ecce
1278 1587 1379 1642 hoc
1431 1586 1702 1658 quomodo
1731 1586 1898 1641 voluit

314 1681 481 1747 dixit,
521 1689 578 1735 et
618 1693 715 1751 pro
742 1679 955 1750 urgetsic
981 1694 1080 1734 suo
1106 1678 1486 1749 interpretatus
1507 1687 1591 1732 est
1612 1719 1626 1742 ,
1655 1678 1822 1734 sensit
1843 1687 1899 1733 ut

315 1770 479 1826 voluit
509 1788 524 1826 :
551 1768 630 1826 sic
663 1778 789 1825 sunt
832 1770 1002 1840 posita
1025 1810 1042 1835 ,
1084 1778 1141 1823 ut
1170 1784 1329 1825 nemo
1354 1783 1414 1824 se
1449 1778 1686 1823 excuset.
1720 1767 1896 1823 Posita

311 1872 437 1917 sunt
459 1870 636 1917 autem
657 1875 687 1916 a
712 1860 874 1916 David
888 1858 1123 1925 dicente,
1144 1859 1195 1913 id
1215 1868 1315 1924 est,
1345 1876 1376 1914 a
1397 1873 1531 1915 nova
1552 1859 1679 1926 vita,
1700 1858 1895 1914 Christi

313 1954 416 2008 vita
438 1992 453 2016 ,
486 1952 589 2006 vita
620 1966 739 2021 qua:
788 1966 882 2022 per
918 1949 1191 2005 Christum
1229 1949 1384 2005 nobis
1423 1949 1545 2006 data
1570 1959 1681 2017 est;
1731 1950 1898 2005 insul-

314 2057 432 2100 tans
468 2043 589 2098 vita
615 2041 787 2099 veteri
809 2082 827 2108 ,
870 2040 1113 2097 felicitati
1147 2041 1313 2097 veteri
1360 2040 1633 2097 hominum
1657 2081 1675 2107 ,
1719 2050 1774 2097 et
1795 2041 1898 2095 illis

312 2135 401 2204 qui
442 2134 492 2189 in
521 2148 640 2189 casu
682 2146 835 2203 spem
879 2141 1120 2202 ponunt,
1158 2141 1214 2187 et
1260 2132 1368 2187 illis
1402 2131 1493 2203 qui
1531 2131 1898 2203 adipiscuntur

307 2241 434 2281 team
453 2266 467 2291 .
496 2234 552 2281 et
576 2227 629 2280 in
658 2224 746 2280 illa
764 2223 1015 2296 gaudent.

374 2317 608 2375 CAPUT
633 2315 777 2373 XIX.
810 2345 883 2360 --
923 2316 1010 2373 l9.
1043 2315 1288 2372 Felicitas
1332 2316 1602 2387 impiorum
1643 2317 1899 2372 “anellis

311 2410 632 2467 scanddum.
678 2408 964 2479 Superﬂua
1003 2415 1173 2477 petens
1206 2407 1423 2478 propitio
1467 2405 1579 2462 Deo
1609 2423 1710 2462 non
1738 2423 1897 2462 exan-

312 2502 466 2556 ditur.
526 2499 790 2555 Videntur
810 2498 957 2554 enim
974 2498 1102 2568 justi
1152 2497 1393 2553 laborare
1429 2497 1481 2553 in
1531 2497 1635 2553 hoe
1679 2498 1895 2564 stt-culo,

312 2602 368 2648 et
403 2590 595 2663 iniusti
637 2590 864 2646 feliciter
910 2590 966 2644 in
1010 2588 1112 2644 hoc
1153 2590 1350 2645 mulo
1396 2589 1575 2645 vivere
1607 2596 1702 2645 :et
1747 2590 1897 2660 quasi

312 2683 544 2741 dormiat
572 2682 734 2749 Deus,
759 2680 1036 2753 negligens
1056 2696 1143 2737 res
1168 2681 1449 2747 humanas,
1483 2681 1557 2737 illi
1589 2681 1900 2752 plerumque

311 2772 639 2831 multum
678 2771 1023 2844 inmunitate,
1075 2770 1160 2826 isti
1215 2772 1527 2843 plerumque
1572 2772 1897 2844 franguntur

316 2861 626 2919 inﬁrmitate
644 2903 662 2930 ,
690 2870 747 2919 et
769 2869 958 2933 putant
987 2860 1091 2917 sibi
1132 2859 1263 2915 nihil
1296 2861 1549 2929 prodesse
1578 2864 1721 2933 quod
1763 2863 1899 2918 bene

318 2955 542 3024 vivunt,
584 2954 710 3027 quia
750 2968 856 3011 non
888 2952 1089 3009 habent
1122 2967 1187 3008 ea
1210 2953 1406 3024 quibus
1445 2953 1690 3011 videntur
1724 2954 1895 3010 abun-

313 3048 443 3105 dare
463 3054 794 3117 peccatores,
816 3043 1063 3100 scelerati
1093 3050 1149 3099 et
1166 3042 1315 3115 impii
1338 3042 1605 3100 homines.
1635 3044 1901 3115 thuam-

315 3140 405 3199 diu
426 3140 551 3197 talia
573 3147 761 3210 rogant
788 3153 821 3192 a
844 3137 976 3204 Deo,
1007 3143 1064 3191 ut
1089 3150 1183 3206 pro
1208 3150 1401 3206 magno
1426 3136 1525 3190 sibi
1556 3144 1897 3207 prastentnr,

315 3230 521 3288 tamdiu
557 3238 781 3296 errant;
829 3238 882 3286 et
915 3227 1211 3284 cavendum
1238 3238 1318 3283 est
1343 3243 1413 3283 ne
1435 3227 1636 3282 dentur
1663 3228 1714 3282 in
1746 3237 1899 3298 posco

314 3332 509 3378 atatem
538 3319 846 3392 cupiditatis
872 3335 1006 3375 suae.
1047 3318 1179 3374 Nam
1207 3317 1407 3375 dictum
1437 3328 1551 3384 est,
1597 3316 1750 3373 Dedit
1781 3317 1900 3374 illos

298 3413 457 3475 .Dm
478 3415 532 3469 in
559 3404 987 3485 concupiscentia
998 3412 1170 3466 tardis
1193 3427 1370 3467 eorum
1394 3409 1569 3482 (Paul.
1592 3426 1757 3477 un,
1784 3413 1894 3483 13).

315 3505 384 3562 Et
429 3504 599 3575 magis
639 3504 898 3575 propitius
936 3512 1020 3559 est
1060 3502 1238 3569 Deus,
1281 3501 1495 3573 quando
1534 3500 1802 3571 superﬂua
1844 3513 1900 3559 ct

315 3597 591 3668 nugatoria
638 3603 909 3666 petentem
938 3609 1047 3650 non
1074 3593 1289 3650 exaudit
1318 3604 1379 3649 ut
1402 3593 1494 3650 det
1514 3633 1529 3660 ,
1562 3593 1659 3650 sed
1682 3593 1900 3650 exaudit

314 3695 547 3744 utsattet
574 3701 679 3743 non
704 3685 905 3742 dando.
954 3686 1164 3741 Etenim
1191 3700 1358 3755 quare
1394 3686 1493 3741 ista
1524 3695 1772 3756 quierant
1797 3670 1895 3742 ho;

313 3778 506 3843 utinm,
530 3776 770 3847 quisue.
793 3773 978 3831 videt?
1008 3773 1079 3831 Ut
1101 3774 1154 3829 in
1184 3774 1406 3829 lusoriis
1427 3775 1538 3831 suis
1554 3787 1893 3842 consumant,

314 3875 371 3921 et
396 3865 451 3923 in
477 3866 653 3937 nugis,
696 3873 765 3922 et.
797 3864 852 3921 in
878 3864 1231 3921 amnissimis
1256 3866 1589 3935 spectaculis,
1614 3881 1644 3920 a
1682 3867 1791 3922 Deo
1821 3867 1897 3940 (η)

312 3945 557 4029 quseruat
579 3956 825 4019 homines
853 3954 1052 4012 habere
1072 3956 1192 4012 ista.

385 4046 615 4121 (SAPUT
638 4044 758 4102 XX.
786 4076 859 4088 —
880 4045 971 4102 ευ.
1001 4045 1303 4103 Diuitiarum
1329 4046 1532 4103 abusus.
1558 4077 1632 4090 -—
1659 4048 1735 4104 Da
1764 4050 1895 4105 mihi

316 4137 585 4194 hominem
625 4135 693 4192 de
735 4136 970 4204 seculo,
1015 4145 1161 4207 petat
1187 4151 1217 4191 a
1245 4137 1356 4192 Deo
1393 4136 1641 4203 divitias;
1680 4138 1891 4208 dentur,

315 4239 370 4283 et
396 4228 515 4285 vide
554 4227 971 4287 innumerabiles
995 4216 1250 4298 consequi
1281 4227 1500 4298 laqueos
1544 4229 1733 4285 mortis
1756 4230 1890 4300 ejus.

313 4321 579 4393 tippritnit
627 4319 751 4377 inde
788 4333 1074 4389 pauperem
1098 4359 1117 4382 ,
1160 4319 1400 4389 superbit
1449 4320 1609 4377 homo
1655 4323 1892 4377 mortalis

311 4428 475 4482 super
502 4410 771 4475 hominem
800 4422 984 4479 parem
1009 4408 1132 4475 sibi,
1163 4409 1351 4478 qumrit
1372 4400 1695 4467 honores'ab
1719 4412 1895 4466 homi-

317 4503 475 4559 nibus
500 4514 703 4566 vanos;
738 4507 797 4555 ut
818 4508 999 4558 autem
1022 4497 1362 4569 adipiscatur,
1389 4499 1604 4555 exhibet
1631 4501 1734 4576 illis
1758 4501 1895 4558 ludi.

317 4611 405 4653 cra
450 4591 739 4664 nequitia,
787 4589 991 4651 ludicra
1030 4591 1188 4651 stulte
1236 4590 1537 4661 cupiditatis
1569 4608 1582 4645 :
1610 4592 1763 4649 ludos
1794 4596 1810 4626 ³
1840 4603 1895 4650 et

311 4682 629 4747 ursosemit.
646 4681 810 4748 donat
830 4695 921 4743 res
938 4695 1065 4739 suas
1085 4680 1371 4749 herilisriis,
1390 4682 1661 4739 esuriente
1678 4683 1894 4741 Christo

313 4781 367 4834 in
394 4775 734 4849 pauperibus.
776 4774 916 4842 Quid
954 4789 1088 4845 opus
1117 4781 1201 4831 est
1236 4774 1382 4845 plura
1407 4774 1617 4841 dicere,
1660 4776 1893 4834 fratres?

312 4872 420 4929 Vos
449 4870 552 4941 ipsi
584 4868 814 4940 cogitate
840 4882 960 4940 quas
987 4882 1086 4925 nos
1116 4876 1383 4934 lacerum,
1412 4877 1609 4939 quam:
1638 4870 1775 4935 mala
1808 4870 1890 4927 fa-

307 4961 452 5023 ciant
485 4962 731 5023 homines
750 4959 823 5018 de
844 4958 1127 5031 superﬂuis
1149 4959 1310 5016 rebus
1328 5001 1343 5025 ,
1380 4960 1599 5032 quando
1618 4961 1725 5018 illis
1746 4964 1891 5019 acci-

307 5056 447 5113 derit
477 5062 765 5126 proventus
807 5053 1038 5110 illarum.
1087 5051 1275 5109 Notice
1309 5052 1503 5110 melius
1529 5061 1648 5121 est,
1676 5055 1892 5125 quando

311 5150 432 5211 talis
459 5157 546 5203 est
569 5149 762 5215 homo,
790 5154 849 5202 ιιι
872 5145 1039 5217 possit
1059 5145 1139 5202 sic
1162 5145 1239 5201 uti
1271 5145 1423 5216 copia
1448 5159 1629 5202 rerum
1659 5161 1893 5217 prasen-

310 5244 442 5301 tium
466 5242 585 5308 ,‘ut
617 5240 821 5295 auferat
858 5239 934 5294 illi
972 5254 1093 5294 eam
1129 5239 1304 5303 Deus,
1349 5254 1458 5294 non
1494 5237 1574 5295 illi
1614 5237 1891 5295 candet?

308 5335 388 5389 Ni
428 5349 495 5389 ne
522 5341 649 5388 tunc
671 5337 755 5386 est
778 5327 1184 5384 misericordia!

378 5432 393 5475 t
412 5422 605 5479 ‘APUT
625 5420 768 5477 XXI.
788 5450 858 5460 --
881 5418 974 5475 Si.
991 5416 1255 5489 Cupiditas
1271 5419 1890 5491 temper-35mm

307 5620 323 5675 1
375 5561 386 5590 ι
416 5558 635 5615 Qnavlam
659 5558 826 5620 editio,
849 5555 1000 5619 lupos.
1025 5559 1147 5608 Libri
1169 5556 1267 5618 alii,
1292 5556 1461 5621 ludas;
1495 5560 1541 5610 id
1560 5570 1637 5612 est
1670 5559 1889 5613 indemni

329 5637 433 5674 ora.
728 5642 745 5653 “

389 5638 433 5674 il.
728 5642 745 5653 “

368 5703 443 5765 (ο)
474 5707 615 5766 tuta,
642 5700 1164 5768 “marginemﬁdeo.
1210 5710 1270 5755 It.

1556 284 1613 340 S.
1656 279 2018 340 AUGUSTINI
2056 281 2358 340 EHSCOPl

3492 287 3599 343 ω

2012 395 2064 449 in
2092 396 2379 466 proximanti
2426 396 2620 468 iniqua.
2680 397 2749 453 Ει
2790 397 2973 454 dicet:
3004 397 3146 455 Bene
3194 399 3331 467 ieci,
3362 408 3420 455 et
3465 399 3599 458 nihil

2008 487 2243 549 alienum
2291 487 2518 554 abstuli,
2562 499 2615 546 et
2645 505 2749 546 non
2794 505 2879 547 me
2910 490 3177 547 esattdisti
3210 510 3223 545 :
3254 505 3321 547 ex
3359 506 3427 549 eo
3451 494 3598 564 quod

2008 578 2178 635 habeo
2201 578 2274 635 do
2301 581 2514 651 egenti,
2559 597 2664 636 non
2707 581 2834 637 tollo
2861 583 3050 649 alicui;
3079 597 3109 637 a
3139 591 3191 637 te
3221 591 3342 653 peto
3367 623 3384 647 ,
3412 593 3467 643 tu
3505 584 3597 639 da.

2005 669 2176 738 Quasi
2203 685 2331 727 vero
2355 669 2445 728 det
2481 671 2574 728 tibi
2614 672 2824 738 villam,
2868 673 2968 728 nisi
3005 673 3146 729 alius
3182 672 3371 744 perdat
3397 674 3598 731 villam.

2007 762 2062 817 Si
2093 762 2301 818 dicatur
2331 763 2453 830 tibi,
2487 763 2701 821 Vendas
2725 765 2901 820 villam
2927 776 3074 823 tuam
3100 784 3112 819 :
3144 774 3392 837 tanquam
3434 768 3601 822 male-

2006 851 2206 908 dictum
2229 853 2586 920 eshorrescis,
2608 855 2855 924 iniuriam
2876 856 2972 927 tibi
2995 855 3185 912 factam
3206 865 3391 926 putas;
3415 857 3599 914 odium

2006 959 2189 1001 servas
2214 945 2266 999 in
2299 954 2546 1015 pectore,
2592 946 2716 1016 quia
2768 946 2873 1003 huc
2906 946 3096 1002 audisti
3138 946 3205 1002 ab
3246 945 3493 1017 homine,
3542 959 3598 1008 ιιι

2006 1033 2267 1089 venderes
2294 1034 2474 1090 villam
2510 1053 2523 1090 :
2554 1037 2705 1106 quasi
2734 1052 2915 1093 emere
2945 1037 3139 1108 possis,
3169 1038 3279 1097 nisi
3304 1039 3440 1094 alius
3461 1055 3597 1094 ven-

2004 1123 2115 1180 dat.
2160 1124 2344 1196 ltaque
2363 1127 2502 1196 quod
2535 1126 2687 1182 valde
2707 1127 2859 1198 cupis
2888 1143 3092 1194 emere,
3124 1137 3178 1183 et
3205 1137 3361 1200 optas
3388 1141 3596 1195 emere,

2005 1217 2051 1272 si
2079 1217 2279 1273 malum
2309 1227 2395 1274 est
2419 1218 2680 1286 vendere,
2710 1220 2798 1274 alii
2823 1221 3017 1275 malum
3042 1221 3259 1291 qumris.
3284 1221 3488 1277 Bonum
3513 1232 3597 1281 est

2005 1309 2245 1367 invenire
2284 1311 2572 1367 Sacceilum
2605 1310 2899 1367 solidorum
2937 1312 2991 1368 itt
3016 1312 3098 1367 via
3127 1330 3139 1365 :
3173 1312 3313 1384 quod
3349 1328 3470 1371 cum
3507 1314 3592 1369 iu-

2005 1401 2236 1465 veneris,
2263 1400 2420 1469 dicis,
2442 1402 2584 1458 Deus
2604 1401 2735 1457 mihi
2755 1401 2930 1470 dedit;
2962 1403 3111 1474 quasi
3134 1404 3305 1476 poSsis
3328 1402 3592 1470 invenire,

2001 1492 2105 1551 nisi
2142 1493 2278 1547 alius
2307 1492 2516 1563 perdat.
2550 1492 2726 1563 Quare
2748 1509 2876 1566 ergo
2917 1510 3023 1550 non
3050 1503 3207 1567 optas
3238 1495 3449 1553 illorum
3470 1495 3595 1552 the-

2004 1598 2282 1640 saurorum
2314 1584 2453 1640 bona
2470 1625 2488 1651 ,
2533 1599 2652 1655 qua:
2677 1594 2849 1641 tecum
2879 1599 3069 1642 omnes
3091 1586 3208 1642 sine
3231 1585 3471 1657 angustia
3498 1602 3593 1640 va-

2004 1674 2145 1730 leant
2170 1675 2482 1746 possidere?
2509 1675 2790 1733 Desideras
2811 1692 3026 1743 aurum,
3050 1676 3291 1734 desidera
3307 1677 3593 1749 justitiam.

2008 1765 2215 1821 llabere
2233 1780 2422 1822 aurum
2440 1781 2550 1823 non
2578 1776 2751 1837 potes,
2773 1767 2873 1823 nisi
2893 1766 3028 1823 alius
3052 1767 3261 1823 antitutt
3291 1783 3304 1822 :
3327 1767 3592 1836 justitiam

2001 1858 2159 1913 ambo
2185 1858 2601 1929 cotuplectituini
2623 1901 2641 1926 ,
2669 1867 2726 1914 et
2747 1859 2907 1916 ambo
2935 1859 3249 1918 dilatamiui.

2073 1949 2296 2006 CAPUT
2330 1949 2493 2006 XXII.
2507 1980 2578 1992 —
2592 1950 2683 2006 22.
2698 1951 2777 2005 De
2795 1952 3035 2022 felicitate
3061 1962 3259 2010 terrena
3277 1953 3425 2009 aliter
3442 1954 3595 2021 mali,

1998 2041 2148 2097 aliter
2195 2042 2315 2098 boni
2366 2042 2604 2097 sentiunt.
2665 2042 2963 2099 Redeamus
3017 2058 3144 2113 ergo
3190 2042 3259 2097 ad
3298 2041 3590 2107 Psalnium.

2004 2142 2065 2186 ut
2080 2132 2338 2203 intelligat
2362 2131 2605 2191 Charitas
2634 2142 2809 2188 vestra
2845 2147 2940 2188 eos
2977 2147 3098 2189 esse
3129 2131 3477 2211 alienigenas,
3499 2133 3591 2204 qui

2005 2232 2168 2279 totam
2224 2224 2531 2281 felicitatem
2580 2240 2684 2281 non
2735 2233 2920 2295 putant
2959 2225 3058 2282 nisi
3102 2235 3441 2299 praesentem.
3483 2225 3591 2282 Sed

2003 2317 2222 2389 dignum
2255 2326 2306 2373 te
2342 2318 2553 2388 iudicas
2590 2317 2674 2373 cui
2697 2327 2753 2373 et
2793 2320 2891 2374 ista
2921 2317 3061 2372 Deus
3085 2318 3178 2373 det
3208 2336 3221 2373 :
3254 2332 3433 2387 quaere
3459 2333 3593 2390 quo-

2005 2408 2166 2464 modo
2196 2409 2379 2464 utaris.
2412 2407 2472 2463 Si
2493 2422 2598 2463 non
2614 2408 2779 2473 dedit,
2811 2407 2948 2463 scias
2968 2408 3089 2478 quia
3114 2408 3331 2480 prodest
3352 2408 3443 2465 tibi
3466 2412 3593 2478 quia

2006 2516 2111 2556 non
2141 2501 2232 2557 dat
2259 2509 2407 2571 pater
2430 2501 2622 2557 bonus.
2669 2502 2803 2569 Quia
2825 2508 2882 2557 et
2919 2501 3056 2555 titius
3083 2510 3203 2557 tuus
3230 2500 3438 2572 quando
3470 2501 3586 2572 plo-

2005 2600 2106 2658 rat,
2144 2601 2203 2646 ut
2225 2591 2322 2656 des
2362 2591 2437 2647 illi
2476 2592 2769 2647 {annosum
2802 2591 3076 2647 cultellum
3113 2591 3393 2648 manubrio
3425 2592 3589 2647 deau-

2004 2694 2122 2745 rato
2146 2702 2160 2751 ;
2186 2692 2444 2755 quantum
2469 2685 2580 2741 vult
2609 2684 2801 2754 ploret,
2828 2698 2932 2740 non
2952 2684 3028 2740 illi
3054 2683 3151 2751 das
3175 2684 3316 2741 unde
3345 2684 3587 2741 lmdatur.

2005 2777 2220 2841 Bantius
2239 2819 2254 2843 ,
2294 2777 2451 2835 libera
2479 2793 2559 2833 me
2584 2777 2648 2833 de
2678 2794 2832 2837 utaut:
2870 2778 3091 2847 ﬁliorum
3119 2776 3426 2844 allaturum,
3464 2794 3593 2850 quo-

2006 2886 2120 2924 rum
2143 2886 2200 2925 os
2227 2870 2447 2924 loculum
2467 2878 2541 2924 est
2570 2869 2860 2933 sortitum,
2888 2879 2934 2922 et
2962 2868 3166 2927 dextera
3192 2884 3365 2923 eorum
3384 2869 3590 2927 dextera

2004 2960 2300 3031 iniquitatis.
2343 2960 2407 3015 Et
2433 2961 2653 3031 exponit
2675 2974 2832 3029 quam
2859 2959 3001 3016 dicat
3038 2961 3323 3023 vanitatem
3348 2968 3405 3015 et
3424 2976 3587 3030 quam

2003 3051 2296 3111 dexteram.
2346 3051 2628 3107 Dexteram
2668 3050 2812 3106 enim
2857 3050 3148 3121 iniquitatis
3181 3050 3311 3108 dicit
3353 3049 3585 3106 felicita-

2006 3152 2112 3199 ttuu
2142 3142 2300 3214 hujus
2317 3141 2536 3198 saeculi:
2569 3156 2678 3197 non
2728 3141 2852 3212 quia
2895 3156 3001 3196 non
3041 3140 3305 3197 invenitur
3328 3140 3466 3212 apud
3495 3140 3590 3195 bo-

2004 3249 2139 3301 nos,
2167 3233 2261 3289 sed
2300 3233 2425 3289 boni
2451 3232 2665 3303 quando
2690 3232 2834 3289 illam
2865 3231 3081 3297 habent,
3123 3231 3177 3289 in
3205 3231 3415 3287 sinistra
3441 3231 3589 3285 illam

2006 3323 2241 3389 habent,
2284 3339 2389 3378 non
2415 3323 2471 3381 in
2507 3322 2747 3379 dextera.
2782 3321 3116 3379 Felicitatem
3140 3331 3448 3391 perpetuam
3489 3319 3589 3374 ha-

2005 3414 2132 3470 bent
2177 3416 2230 3469 in
2270 3412 2488 3471 dextera
2518 3431 2531 3465 :
2560 3411 2868 3473 felicitatem
2919 3413 3263 3487 temporalem
3311 3410 3505 3467 habent
3532 3412 3588 3467 iu

2004 3506 2237 3563 sinistra.
2275 3503 2550 3579 Cupiditas
2573 3516 2752 3561 autem
2788 3520 2966 3560 rerum
2994 3514 3311 3559 artemarum
3338 3512 3389 3557 et
3420 3502 3583 3559 fclici-

2005 3599 2124 3651 tatis
2141 3608 2374 3659 auerntc,
2400 3609 2506 3649 non
2535 3593 2694 3650 debet
2719 3593 2929 3649 misceri
2953 3591 3224 3664 cupiditati
3241 3607 3416 3648 rerum
3445 3601 3583 3647 tem-

2008 3688 2301 3758 poralium,
2335 3686 2385 3741 id
2416 3697 2497 3741 est
2520 3727 2538 3753 ,
2570 3684 2835 3740 felicitatis
2874 3683 3151 3755 prasscutis
3173 3692 3226 3737 et
3248 3680 3582 3752 temporalis.

2004 3779 2069 3833 Et
2110 3779 2209 3833 hoc
2252 3788 2369 3843 est,
2409 3776 2616 3831 Nesciat
2657 3777 2862 3831 sinislra
2909 3784 2996 3828 tua
3023 3774 3144 3844 quid
3186 3774 3342 3843 faciat
3379 3773 3589 3827 dextera

2002 3880 2089 3923 tua
2122 3868 2331 3941 (.llattlt.
2361 3884 2409 3923 vt
2435 3908 2452 3934 ,
2482 3865 2557 3939 5).
2601 3866 2741 3938 Ergo
2760 3907 2777 3933 ,
2807 3863 3028 3920 Dextera
3053 3882 3226 3920 eorum
3253 3864 3457 3919 dextera
3482 3865 3587 3919 iui-

2000 3960 2221 4030 quitutis.

2071 4049 2295 4107 CAPUT
2331 4049 2517 4109 XXI".
2540 4079 2610 4090 —
2646 4048 2738 4103 25.
2780 4046 2922 4103 Verbi
2954 4046 3049 4102 Dei
3087 4048 3280 4119 fructus
3311 4064 3342 4101 a
3368 4064 3469 4102 non
3489 4064 3587 4101 au-

2002 4144 2165 4205 diente
2205 4144 2355 4203 etiam
2389 4142 2682 4215 exigendus.
2739 4141 2931 4197 Audite
2969 4142 3078 4211 jam
3120 4140 3387 4210 quomodo
3421 4140 3588 4196 locuti

2002 4243 2129 4293 sunt
2166 4233 2449 4288 vanitatem
2477 4275 2491 4298 ,
2532 4243 2582 4288 et
2609 4231 2877 4302 immundo
2906 4231 3180 4287 dextetam
3224 4232 3452 4287 habeant
3478 4231 3585 4286 ini-

2002 4325 2239 4395 quitatis.
2282 4324 2570 4378 Audiamus
2599 4338 2820 4389 omnes,
2852 4323 3069 4394 prodest
3097 4323 3265 4380 vobis.
3313 4323 3579 4390 Audiatis,

2003 4431 2069 4470 ne
2097 4415 2286 4471 dicatis
2325 4430 2429 4468 non
2456 4428 2551 4469 vos
2594 4413 2806 4469 audisse
2835 4431 2847 4465 :
2878 4414 3000 4485 quia
3041 4413 3239 4471 dictum
3283 4422 3366 4468 est
3400 4428 3585 4475 εει-νυ,

2001 4509 2080 4565 Τιι
2105 4510 2285 4573 dares,
2322 4517 2367 4561 et
2401 4525 2490 4579 ego
2516 4509 2782 4580 exigerem.
2828 4507 2894 4563 Et
2931 4507 3159 4561 diximus
3186 4507 3431 4563 hesterno
3469 4504 3583 4566 die.

1999 4601 2120 4671 quia
2164 4614 2263 4655 nos
2299 4600 2438 4654 servi
2482 4613 2665 4653 sumus
2700 4598 2926 4662 dantes;
2964 4598 3102 4655 alter
3131 4607 3213 4653 est
3250 4597 3336 4667 qui
3381 4598 3583 4667 exigat.

1998 4691 2223 4749 Sorores
2251 4702 2445 4745 llllSlI‘iC
2469 4731 2484 4756 ,
2526 4689 2767 4745 nolentes
2802 4687 2987 4742 audire
3010 4728 3025 4754 ,
3066 4689 3217 4758 quasi
3251 4688 3447 4749 uolunt,
3471 4689 3583 4758 pati

2001 4793 2325 4839 exactorem.
2368 4782 2495 4838 Siue
2519 4796 2677 4837 causa
2697 4823 2711 4849 ,
2743 4779 2933 4836 fratres
2964 4781 3099 4845 mei,
3143 4796 3297 4836 nemo
3327 4779 3425 4835 sibi
3458 4780 3585 4839 hinc

2001 4875 2320 4931 blandiatur.
2365 4873 2521 4929 Aliud
2546 4882 2629 4928 est
2660 4888 2767 4928 non
2807 4872 3114 4944 accepisse,
3156 4870 3299 4926 aliud
3337 4871 3585 4941 accipere

2001 4966 2254 5021 uoluisse.
2302 4964 2403 5032 Qui
2432 4973 2641 5019 recuszu
2666 4964 2866 5018 donum
2895 4964 3009 5031 Dei,
3045 4962 3212 5033 ipsius
3234 4962 3583 5019 recusationis

1998 5072 2128 5113 reus
2148 5064 2374 5113 tenetur.
2400 5053 2676 5122 Quomodo
2696 5054 2837 5109 enim
2863 5053 3059 5109 dictum
3083 5063 3166 5109 est
3185 5069 3339 5107 servo
3365 5052 3558 5124 dispcn

1999 5150 2184 5215 saturi,
2216 5148 2386 5217 Quare
2414 5163 2514 5202 non
2544 5148 2724 5203 dedisti
2753 5145 2900 5220 (an.
2933 5162 3024 5200 XIX
3044 5187 3059 5212 ,
3088 5146 3226 5217 ιδῃ
3270 5146 3347 5200 sic
3374 5144 3585 5199 dicetur

2000 5254 2181 5306 servo,
2204 5239 2289 5294 cui
2316 5237 2406 5293 ille
2436 5238 2637 5309 positus
2658 5248 2739 5293 est
2760 5236 3089 5308 dispensare,
3110 5236 3283 5307 Quare
3301 5252 3406 5291 non
3426 5251 3566 5292 acre

2000 5330 2161 5404 pisti‘l
2198 5329 2257 5387 Si
2293 5345 2401 5397 non
2424 5328 2521 5385 fuit
2547 5332 2636 5402 qui
2676 5327 2853 5397 daret,
2884 5330 3161 5385 rxcusabis
3193 5338 3246 5385 te
3277 5347 3291 5384 :
3322 5329 3367 5383 si
3395 5341 3581 5385 autem

1999 5431 2194 5480 sonant
2218 5420 2489 5489 Lectores,
2515 5424 2677 5479 etiam
2702 5406 2915 5503 quando
2945 5430 3122 5477 tacent
3156 5430 3495 5487 tractaturos,
3527 5430 3583 5478 et

2001 5515 2201 5586 ubique
2228 5512 2448 5570 verbum
2484 5511 2587 5570 Dei
2614 5515 2962 5584 prmdieatur.
3006 5522 3062 5569 et
3086 5528 3216 5568 vere
3245 5510 3449 5567 dictum
3477 5524 3581 5580 est,

2000 5639 2015 5664 δ
2033 5625 2068 5661 n
2109 5621 2308 5661 omnem
2351 5616 2535 5664 tenam
2564 5606 2686 5662 acii:
2723 5621 2877 5661 sonus
2907 5606 3114 5660 illorum
3135 5646 3149 5670 ,
3180 5613 3235 5659 et
3262 5603 3411 5659 calor
3432 5605 3586 5663 verbi

2000 5700 2101 5758 Dei
2126 5696 2661 5768 ubiquedil’unditur,
2682 5715 2775 5754 nec
2790 5708 2865 5754 est
2888 5698 2974 5769 qui
2994 5712 3052 5752 se
3075 5694 3348 5753 abscondat
3366 5712 3398 5750 a
3412 5698 3583 5753 ratum
