3988 6190
273 249 385 308 207

282 365 534 420 Dominus
572 360 705 414 Deus
735 358 912 426 ipsius.
958 353 1093 420 Ergo
1134 347 1222 401 ille
1264 354 1347 399 est
1390 343 1574 398 beatus
1616 337 1863 409 populus,

279 460 368 527 qui
400 469 494 524 pro
529 452 648 506 ﬁliis
676 448 785 503 suis
813 456 867 500 et
904 457 999 512 pro
1031 437 1237 493 filiabus
1267 433 1496 497 ornatis,
1531 445 1626 501 pro
1667 427 1863 527 crassi-

282 520 467 604 tudine
497 545 678 608 boum,
711 553 806 610 pro
833 531 1153 591 fecunditate
1178 528 1388 595 ovium,
1418 542 1513 597 pro
1543 520 1866 595 plenitudine

276 638 637 701 cellariorum,
670 645 766 702 pro
790 624 1092 697 integritate
1115 619 1457 677 aediﬁciorum
1481 657 1497 684 ,
1523 631 1621 687 pro
1649 627 1777 683 pace
1805 625 1868 667 ac

280 735 464 791 luilms
500 738 552 783 et
586 724 774 797 jnrgiis
802 718 1083 785 civilibus,
1129 727 1227 786 pro
1267 712 1367 767 ista
1404 707 1551 764 omni
1596 704 1865 797 felicitate,

280 828 447 881 Deum
472 795 624 876 suum
647 816 759 870 vult
783 811 1075 883 possidere,
1103 818 1159 862 ut
1180 808 1350 877 ipsum
1377 802 1567 856 habeat
1590 813 1685 869 pro
1705 795 1869 852 omni-

280 918 380 972 bus
401 957 414 981 ,
443 911 533 984 qui
558 906 792 966 condidit
817 903 992 961 omnia
1014 944 1028 968 ,
1058 909 1112 954 et
1136 897 1308 961 dicat,
1342 892 1474 948 Milli
1501 899 1667 984 autem
1696 887 1870 941 adituro

279 1026 390 1064 rere
432 981 574 1068 Deo,
623 1001 807 1056 bonum
854 1006 926 1052 est
981 992 1151 1065 (Psnl.
1181 1004 1352 1053 Lxxn,
1380 984 1473 1055 28)
1511 1001 1523 1037 :
1566 981 1708 1037 colat
1744 992 1868 1033 eum

278 1101 478 1173 piatis;
527 1095 667 1150 colat
706 1089 918 1164 quando
962 1088 1060 1141 ista
1099 1083 1221 1150 dat,
1263 1091 1316 1136 et
1348 1075 1560 1149 quando
1583 1073 1783 1176 au’ert,
1814 1077 1871 1126 et

278 1191 493 1266 quando
524 1204 629 1244 non
660 1185 747 1240 dat
790 1201 802 1237 :
838 1190 891 1236 et
932 1177 1062 1233 nihil
1105 1176 1183 1230 sic
1222 1174 1439 1266 timeat,
1471 1183 1628 1266 quam
1660 1181 1727 1220 ne
1755 1174 1870 1265 ipse

279 1260 336 1339 ές·
368 1285 591 1339 auferat.
640 1279 820 1347 Itaque
857 1270 1178 1328 christianos
1218 1263 1475 1335 pOpultIS,
1523 1260 1711 1313 fratres
1734 1297 1747 1320 ,
1779 1260 1870 1326 qui

281 1381 411 1443 divit
439 1378 490 1432 in
521 1372 682 1430 corde
709 1384 838 1431 suo,
874 1359 1139 1443 Quidquid
1179 1357 1290 1413 vult
1325 1353 1557 1415 auferat,
1601 1365 1659 1404 se
1697 1349 1868 1443 ipsum

282 1438 411 1526 mihi
442 1483 546 1523 non
576 1462 801 1529 auferat,
830 1440 1015 1512 Beatus
1044 1464 1123 1510 est
1153 1451 1394 1525 populus,
1426 1448 1570 1516 cujus
1595 1450 1665 1496 est
1691 1438 1871 1492 Domi-

282 1579 379 1616 nus
413 1558 547 1613 Deus
573 1555 752 1628 ipsius.

749 1642 975 1700 εειιιιο
1013 1633 1273 1693 xxxut-
1309 1630 1417 1723 (α)ἒ
1716 1712 1743 1723 ,_

288 1743 365 1797 De
392 1756 537 1795 versu
569 1742 604 1793 υ
644 1735 863 1808 ejusdem
915 1728 1105 1783 Psalmi
1148 1738 1345 1787 cxutt,
1391 1720 1564 1779 Deus,
1606 1720 1872 1769 canticum

360 1848 553 1892 novum
578 1804 803 1886 cantabo
831 1824 960 1885 tibi;
992 1822 1042 1873 in
1071 1814 1317 1889 psalterio
1341 1810 1526 1867 decem
1553 1804 1873 1862 chordarum

350 1925 583 1999 ,psallam
612 1920 703 1976 tibi
734 1919 831 1989 (ὁ).
1118 2000 1123 2001 7
1240 2000 1247 2001 γ
1748 1990 1759 2001 .

359 2014 587 2073 CAPUT
617 2006 902 2068 PRIMUM.
924 2035 995 2047 —-
1019 2005 1069 2058 l.
1096 2000 1350 2057 Charitate
1368 2004 1601 2051 cantatur
1624 2000 1878 2045 canticum

291 2125 495 2167 novum.
537 2101 800 2174 Quoniam
831 2097 1086 2166 scriptum
1119 2099 1230 2157 eSt,
1278 2088 1448 2154 Deus,
1492 2084 1878 2174 canticum‘no-

288 2172 640 2259 euntcantabo
667 2192 786 2258 tibi;
812 2190 861 2244 in
884 2186 1121 2261 psalterio
1147 2183 1315 2237 decem
1339 2176 1643 2233 chordarum
1662 2172 1879 2245 psallam

291 2295 416 2358 tibi;
457 2290 645 2348 decem
673 2282 996 2341 chordarum
1029 2274 1369 2349 psalterium.
1398 2268 1584 2358 decem
1615 2271 1880 2335 praecepta

293 2385 451 2456 Legis
480 2380 864 2449 intelliguntur.
892 2372 1120 2427 Cantare
1146 2374 1321 2420 autem
1341 2372 1402 2456 ct
1424 2357 1687 2456 psallere,
1715 2369 1880 2456 nego-

295 2447 426 2532 tium
447 2488 568 2530 esse
591 2447 726 2525 solet
749 2463 1062 2522 amantium.
1086 2458 1249 2513 \‘ctus
1268 2454 1410 2511 enim
1432 2452 1592 2506 homo
1616 2447 1672 2504 in
1694 2449 1884 2502 timore

293 2578 394 2631 est,
426 2577 596 2619 novus
616 2562 669 2615 in
688 2573 892 2615 amore.
922 2552 995 2606 lta
1016 2549 1175 2606 etiam
1197 2546 1303 2600 duo
1320 2537 1885 2631 Testamenmdiscer-

295 2661 471 2714 nimus
490 2697 505 2722 ,
536 2659 768 2709 vetuset
794 2660 988 2702 novum
1010 2684 1024 2706 ,
1056 2656 1174 2711 qua:
1204 2639 1257 2692 in
1286 2633 1543 2704 allegoria
1578 2630 1704 2687 dicit
1736 2633 1883 2722 Apoo

295 2749 467 2806 stolas
492 2720 655 2800 etiam
684 2740 740 2795 in
766 2735 994 2794 Abrahae
1025 2732 1146 2788 ﬁliis
1176 2726 1408 2799 ﬁgurari,
1439 2740 1544 2779 uno
1574 2722 1641 2776 dc
1669 2720 1883 2784 ancilla,

296 2845 467 2896 altero
500 2837 568 2893 de
607 2834 770 2890 libera
798 2848 816 2887 :
852 2827 977 2895 Qua:
1012 2833 1127 2878 sunt
1147 2862 1163 2888 ,
1204 2818 1407 2890 inquit,
1438 2814 1538 2868 duo
1570 2812 1886 2867 Testamenta

297 2932 494 3003 (Gulat.
523 2944 602 2991 tv,
627 2925 730 2991 22..
754 2920 868 2993 24).
900 2916 1140 2973 Servitus
1179 2911 1333 3003 enim
1367 2906 1594 3003 pertinet
1619 2901 1695 3003 ad
1727 2901 1886 3003 tirno-

300 2990 432 3088 rem,
467 3020 685 3079 libertas
712 2990 778 3069 ad
803 2990 1063 3067 tutorem.
1092 3004 1228 3059 Dicit
1250 3000 1392 3056 enim
1415 2995 1735 3069 Apostolus:
1766 2990 1888 3088 Non

300 3083 431 3168 enim
456 3108 718 3181 accepistis
747 3102 980 3176 spiritum
1006 3094 1254 3154 servitu:is
1280 3092 1458 3147 iterum
1483 3090 1535 3142 in
1561 3088 1772 3147 timore;
1801 3083 1889 3161 sed

300 3177 820 3278 a-repistis'spiritum
852 3188 1139 3261 adoptionis
1176 3187 1432 3257 ﬁliorum,
1463 3182 1517 3235 in
1558 3194 1658 3278 quo
1695 3177 1889 3231 clama-

302 3270 450 3363 mus,
483 3270 655 3358 Abba,
689 3288 842 3343 Pater
868 3284 1044 3357 (llom.
1077 3295 1202 3345 vtn,
1240 3275 1350 3348 l5).
1382 3274 1520 3329 Dicit
1541 3281 1596 3327 ct
1618 3270 1886 3363 Joannes:

303 3362 480 3447 Timor
520 3402 620 3445 non
655 3392 725 3438 est
756 3382 807 3436 in
836 3376 1113 3438 charitate;
1143 3372 1229 3429 sed
1259 3372 1480 3442 perfecta
1507 3364 1726 3420 charitas
1753 3362 1893 3432 [oras

308 3455 456 3536 mittit
487 3478 712 3533 timorem
744 3472 798 3545 (1
824 3470 982 3525 Joau.
1014 3483 1065 3525 tv
1084 3507 1101 3533 ,
1146 3465 1253 3533 l8).
1286 3460 1529 3517 Charitas
1560 3471 1689 3525 ergo
1715 3460 1901 3545 cantat

308 3552 574 3630 canticum
602 3582 816 3624 novum.
840 3562 971 3619 Nam
1000 3561 1157 3615 timor
1184 3556 1270 3609 ille
1294 3551 1503 3608 servilis
1532 3553 1583 3604 in
1608 3547 1771 3604 veteri
1798 3544 1895 3601 bo-

307 3668 451 3720 minc
491 3660 844 3723 constitutus,
888 3661 1062 3724 potest
1100 3648 1312 3719 quidem
1352 3642 1548 3699 habere
1587 3638 1894 3711 psalterium

305 3761 492 3813 tlrrcnt
518 3751 860 3815 chordarum,
886 3745 1009 3815 quia
1037 3752 1092 3797 ct
1115 3739 1313 3795 iudicis
1341 3735 1642 3792 carnalibus
1668 3732 1788 3788 data
1814 3739 1897 3786 est

309 3854 425 3923 ipsa
443 3849 553 3905 Lex
576 3845 764 3902 decem
790 3845 1171 3913 praceptorum
1198 3851 1211 3887 :
1238 3831 1331 3887 sed
1355 3839 1579 3923 cantare
1596 3827 1645 3880 in
1673 3825 1760 3880 illa
1788 3839 1896 3923 non

311 3914 488 4013 potest
528 3937 793 4001 canticum
833 3944 1063 3994 novum;
1093 3925 1193 3979 sub
1220 3923 1472 4013 Legecst
1498 3917 1670 3980 enim,
1710 3924 1765 3970 et
1794 3914 1896 3968 im-

314 4012 458 4104 plere
489 4048 592 4087 non
620 4034 795 4101 potest
822 4024 1036 4095 Legem.
1065 4016 1333 4089 Organum
1365 4012 1535 4082 ipsum
1559 4015 1757 4104 portat,
1790 4020 1897 4060 non

312 4100 537 4190 tractat;
564 4100 627 4179 et
641 4127 892 4177 oneratur
915 4112 1185 4187 psalterio,
1208 4124 1312 4165 non
1334 4114 1572 4162 ornatur.
1594 4100 1694 4169 Qui
1719 4106 1897 4154 autem

314 4220 415 4277 sub
440 4216 606 4289 gratia
636 4223 749 4279 est,
778 4225 886 4266 non
929 4206 1029 4262 sub
1064 4203 1236 4271 Lege,
1278 4200 1392 4268 ipse
1432 4194 1621 4289 implet
1659 4191 1895 4289 Legem:

313 4284 685 4381 quianon-est
710 4303 758 4359 ei
791 4298 1033 4371 pondus,
1061 4293 1156 4349 sed
1190 4292 1393 4353 decus;
1422 4284 1752 4381 nectimcnti
1785 4291 1899 4381 tor—

313 4374 553 4456 utentum
590 4403 704 4459 est,
732 4391 830 4449 sed
866 4384 1064 4444 amanti
1093 4389 1493 4439 ornamentum.
1526 4375 1728 4446 Spiritu
1755 4374 1900 4430 enim

313 4488 614 4546 dilectionis
639 4498 925 4547 accensus,
949 4480 1059 4550 jam
1087 4476 1137 4531 in
1170 4472 1422 4546 psalterio
1459 4470 1642 4527 decem
1666 4468 1899 4524 chorda-

315 4599 432 4637 rum
458 4586 638 4634 cantat
659 4573 925 4630 canticum
955 4584 1172 4625 novum.

390 4669 615 4728 CAPUT
646 4666 710 4723 11.
739 4696 805 4709 -—
844 4664 901 4719 2.
931 4661 1040 4717 Lea:
1079 4660 1314 4730 impletur
1348 4657 1611 4713 charitale.
1651 4654 1785 4711 Nam
1825 4655 1904 4710 sic

315 4768 445 4825 dicit
471 4762 755 4834 Apostolus
787 4776 800 4813 :
832 4757 931 4825 Qui
959 4756 1091 4810 enim
1124 4753 1288 4824 diligit
1320 4750 1570 4814 alterunt,
1601 4748 1780 4820 Legem
1802 4749 1903 4802 im-

320 4862 487 4934 plmt.
524 4856 679 4920 Nam,
710 4852 832 4915 Non
861 4848 1187 4913 atlulterabis,
1220 4845 1344 4901 Non
1368 4844 1698 4900 homicidium
1725 4843 1902 4913 facies,

325 4952 444 5008 .Vou
510 4948 730 5005 m'abrris
750 4987 765 5009 ,
805 4943 927 4999 Non
965 4941 1323 5009 concupisces;
1357 4948 1404 4993 et
1429 4937 1476 4993 si
1501 4936 1638 5008 quod
1664 4946 1737 4992 est
1762 4935 1907 4990 aliud

322 5041 639 5106 uitaui-itum,
664 5039 720 5093 in
743 5037 837 5092 hoc
862 5048 1090 5090 sermone
1109 5031 1495 5100 recapitulatur,
1522 5027 1717 5099 Diliges
1737 5027 1911 5098 proxi-

320 5149 459 5191 mum
482 5145 622 5189 tuum
649 5140 886 5202 tanquam
913 5138 961 5181 te
984 5124 1172 5194 ipsum.
1203 5123 1418 5179 Dilectio
1446 5121 1693 5192 proximi,
1720 5120 1911 5175 malum

324 5246 423 5284 non
460 5233 716 5293 operatur.
763 5217 1039 5275 Plenitudo
1066 5227 1234 5271 autem
1262 5213 1442 5285 Legis,
1477 5212 1698 5266 charitas
1731 5211 1908 5282 (Rom.

327 5335 440 5383 \ltl,
465 5314 648 5384 ὅσω).
676 5310 934 5368 Dominus
952 5305 1111 5362 etiam
1133 5304 1255 5374 quia
1280 5303 1507 5367 dixerat,
1541 5299 1660 5355 Non
1680 5301 1792 5355 veni
1810 5300 1913 5355 sol-

396 5496 410 5555 ζ
439 5496 745 5555 ttvtjntusm
770 5492 851 5555 pls.
891 5489 1048 5555 (ξι-..ει
1065 5493 1114 5529 ιιι
1141 5479 1284 5529 editis
1306 5477 1445 5527 litim.
1469 5486 1571 5528 Par.
1597 5484 1708 5529 l.ov.

488 5552 629 5638 eihi:
648 5542 1191 5638 ἐὲᾞξὲἰιὲηὲιισιηη
1214 5604 1340 5638 Πηεό

392 5602 464 5673 ἰν)
488 5602 633 5674 ιιυιώ
651 5605 1191 5674 scrinoois_reca~datur
1214 5602 1449 5674 mss‘dius

326 5674 377 5724 5.
401 5665 573 5727 ζέω.εέ
593 5680 870 5726 sermonem
889 5668 940 5728 9,
960 5668 1025 5718 de
1046 5674 1224 5718 Decem
1243 5665 1457 5717 chordis.

1516 225 1573 281 S.
1616 220 1982 281 Αυουδνιικι
2021 218 2320 278 EPiSCOPl

1973 350 2082 388 rere
2105 333 2288 406 Legem
2308 377 2322 402 ,
2354 335 2442 390 sed
2467 335 2742 406 adimplere
2782 337 2990 397 (.lluttlt.
3032 353 3086 401 v,
3124 338 3242 411 l7);
3276 348 3558 409 propterea

1975 424 2076 479 tale
2104 424 2409 478 mandatum
2435 423 2704 495 discipulis
2731 425 2897 493 dedit,
2928 426 3068 481 unde
3095 427 3203 482 ch
3232 429 3299 482 ab
3324 426 3405 483 eis
3430 444 3557 498 pos-

1972 526 2054 572 set
2074 516 2279 587 impleri
2307 536 2320 571 :
2348 516 2670 583 Mandatum,
2701 520 2888 590 inquit,
2919 537 3103 574 novum
3129 520 3194 574 do
3217 520 3374 587 uobis,
3395 533 3453 575 ut
3471 538 3559 577 eos

1971 602 2179 661 invicem
2204 608 2428 679 diligatis
2457 608 2634 681 (Joau.
2666 627 2786 678 xm,
2815 612 2928 682 5i).
2956 611 3073 668 Non
3101 626 3228 682 ergo
3253 612 3484 680 mirum,
3515 617 3559 671 si

1972 699 2276 755 mandatum
2302 717 2493 757 novum
2517 712 2692 758 cantat
2712 704 2975 760 canticum
2998 721 3191 761 nOvum
3217 723 3231 758 :
3254 706 3405 776 quia,
3424 706 3554 762 sicut

1971 790 2170 847 dictum
2224 800 2343 858 est,
2400 793 2708 863 psalterium
2765 795 2950 851 decem
3003 796 3322 864 chordarum
3372 796 3556 854 decen:

1973 891 2239 954 praecepta
2266 893 2390 939 sunt
2415 884 2573 957 Legis
2591 928 2606 952 ,
2647 896 2700 940 et
2730 887 3002 956 plenitudo
3030 886 3186 957 chis
3212 887 3428 949 dilectio
3455 898 3557 943 est.

1974 973 2175 1031 Paucas
2204 984 2380 1030 autem
2412 975 2532 1032 inde
2567 976 2796 1033 chordas
2827 992 3255 1036 commemorare
3279 979 3561 1048 Apostolus

1973 1065 2172 1132 voluit,
2203 1077 2258 1121 ut
2288 1083 2354 1122 ex
2383 1069 2462 1129 cis
2496 1077 2690 1123 czutcra
2729 1068 3115 1140 intelligantur,
3145 1068 3235 1124 ubi
3260 1068 3367 1136 ait,
3401 1067 3560 1134 Nunt,

1980 1155 2097 1212 Non
2139 1159 2477 1225 adulterabis,
2526 1158 2647 1215 Non
2687 1160 3015 1215 homicidium
3057 1162 3211 1232 [acies
3232 1201 3247 1224 ,
3275 1170 3384 1216 cete.
3427 1158 3562 1216 Nam

1975 1250 2109 1305 sicut
2136 1251 2243 1307 duo
2268 1262 2391 1307 sunt
2427 1262 2685 1321 przcccpta
2711 1249 3040 1319 dilectionis,
3067 1267 3135 1307 ex
3162 1251 3353 1323 quibus
3381 1252 3562 1307 Domi-

1976 1357 2077 1396 nus
2100 1342 2228 1396 dicit
2253 1350 2418 1399 totam
2443 1342 2635 1414 Legem
2660 1342 3058 1414 Propltetasque
3088 1342 3319 1412 pendere
3345 1340 3554 1415 (31mm.

1977 1449 2081 1487 xxii
2101 1473 2116 1499 ,
2144 1432 2336 1504 37-40)
2355 1475 2375 1501 ,
2404 1434 2534 1488 satis
2561 1434 2847 1489 ostendens
2871 1434 3205 1495 dilectionem
3234 1449 3355 1495 esse
3382 1433 3554 1504 pleni-

1979 1523 2212 1579 tudinctn
2252 1523 2406 1594 chis
2434 1542 2447 1579 :
2479 1525 2548 1579 ita
2589 1525 2702 1594 ipsa
2741 1524 2926 1581 decem
2970 1534 3232 1595 pra-cepta
3274 1526 3327 1579 in
3357 1525 3561 1579 duabus

1980 1616 2168 1672 tabulis
2198 1616 2318 1671 data
2348 1628 2489 1673 sunt.
2522 1617 2645 1673 Tria
2670 1619 2865 1689 quippe
2894 1619 3140 1673 dicuntur
3165 1619 3216 1673 iu
3247 1633 3350 1673 una
3389 1617 3566 1678 tabula

1978 1722 2099 1763 esse
2124 1709 2446 1778 conscripta,
2475 1718 2528 1764 et
2553 1720 2755 1780 septem
2786 1710 2842 1765 in
2867 1710 3051 1765 altera.
3089 1710 3237 1767 Sicut
3272 1722 3449 1765 autem
3476 1710 3565 1769 illa

1978 1800 2076 1853 tria
2108 1799 2374 1870 pertinent
2400 1800 2465 1854 ad
2493 1800 2831 1879 dilectionem
2862 1802 2983 1868 llci,
3020 1802 3090 1856 ita
3130 1810 3337 1871 septem
3373 1811 3567 1857 cetera

1979 1890 2248 1947 dilectioni
2280 1878 2519 1962 proximi
2535 1878 2876 1965 deputantur.

2050 1982 2277 2038 CAPUT
2309 1983 2395 2038 Ill.
2424 2015 2494 2024 —
2525 1986 2577 2040 '5.
2613 1983 2876 2057 l’ra'repta
2902 1986 2999 2039 tria
3031 1988 3099 2040 ad
3129 1984 3286 2041 Deum
3313 1987 3569 2057 pertinen-

1980 2075 2070 2130 tia.
2117 2075 2399 2133 Sabbatum
2434 2077 2714 2147 spirituale.
2755 2077 3034 2133 Sabbatum
3073 2079 3413 2134 sabbatorum.
3455 2079 3570 2133 Pri-

1983 2183 2129 2224 ntunt
2157 2178 2238 2223 est
2265 2168 2473 2223 illorum
2505 2170 2662 2224 trium
2694 2186 2706 2221 :
2735 2169 2900 2231 Audi,
2928 2167 3124 2233 Israel;
3153 2169 3403 2224 Dominus
3432 2169 3574 2225 Deus

1983 2269 2100 2314 tuus
2119 2300 2134 2325 ,
2169 2258 2413 2316 Dominus
2441 2277 2572 2316 unus
2597 2269 2668 2315 est
2699 2259 2873 2331 (Deut.
2897 2277 2950 2316 Vl
2968 2304 2986 2328 ,
3017 2261 3095 2331 4).
3141 2259 3261 2316 Non
3299 2261 3455 2332 [acies
3482 2262 3577 2315 tibi

1983 2350 2174 2405 idolum
2199 2361 2285 2404 aut
2306 2353 2608 2424 cujusquam
2631 2352 3032 2419 similitudinem,
3060 2369 3217 2423 neque
3242 2368 3357 2423 qua
3374 2357 3427 2406 iu
3447 2354 3574 2409 eicio

1985 2458 2207 2508 sursum,
2240 2458 2398 2513 neque
2419 2458 2533 2513 qua:
2558 2443 2608 2497 in
2632 2452 2764 2497 terra
2788 2445 3058 2506 deorsum;
3083 2451 3139 2498 et
3164 2452 3357 2499 ctctha
3382 2442 3574 2512 quibus

1986 2529 2054 2586 ad
2102 2531 2256 2587 unius
2302 2532 2393 2587 Dei
2438 2534 2637 2588 cultum
2689 2532 2868 2587 relicta
2916 2531 3176 2595 idolorum
3226 2530 3574 2587 fornicatione

1987 2624 2320 2692 constringit.
2364 2621 2666 2678 Secundum
2709 2634 2886 2678 autem
2933 2632 3253 2693 prmccptum
3292 2633 3377 2677 εει
3407 2639 3420 2674 :
3454 2620 3574 2674 Non

1987 2716 2203 2787 accipies
2232 2732 2412 2770 nomen
2439 2713 2646 2769 Domini
2674 2713 2768 2769 Dei
2796 2715 2866 2769 tui
2895 2716 2944 2768 in
2974 2731 3177 2768 uanum.
3209 2715 3444 2770 Tertium
3466 2754 3480 2777 .
3505 2713 3575 2767 de

1989 2807 2058 2861 ob
2088 2808 2359 2863 crvationc
2388 2805 2594 2861 sabbati
2621 2804 2813 2879 (Exod.
2844 2822 2933 2875 xx,
2959 2805 3139 2875 2-11).
3167 2804 3339 2863 Credo
3362 2813 3576 2874 propter

1992 2898 2302 2953 Trinitatem
2328 2897 2424 2953 tria
2446 2906 2710 2968 prmcepta
2733 2897 2994 2966 pertinent
3018 2896 3084 2951 ad
3104 2896 3439 2953 dilectionem
3460 2895 3575 2950 Dei.

1992 2988 2179 3047 Unitas
2208 2989 2348 3044 enim
2376 2988 2667 3045 divinitatis
2693 3004 2722 3043 a
2751 2988 2905 3043 Patre
2934 2989 3090 3044 habet
3116 2987 3391 3044 exordium
3417 3005 3430 3041 :
3455 2987 3578 3043 inde

1994 3080 2223 3152 primum
2252 3088 2574 3151 pra'ceptum
2602 3079 2669 3135 de
2692 3094 2797 3133 uno
2821 3079 2927 3133 Deo
2953 3079 3181 3133 maxime
3203 3078 3453 3148 loquitur.
3479 3078 3581 3133 Ade

1997 3188 2279 3228 monemur
2319 3182 2496 3227 autctn
2540 3171 2774 3225 secundo
2814 3181 3116 3240 praecepto,
3146 3186 3214 3224 ne
3254 3169 3444 3225 Filium
3483 3169 3577 3225 Dei

1995 3254 2288 3319 creaturam
2331 3272 2605 3332 putemus,
2636 3263 2679 3317 si
2711 3279 2830 3318 cum
2860 3261 3226 3330 acceperimus
3266 3262 3583 3332 inaequalem

1997 3355 2161 3410 Patri.
2194 3354 2371 3410 Omnis
2398 3357 2529 3410 enim
2555 3365 2816 3422 creatura,
2848 3355 2986 3410 sicut
3010 3355 3141 3409 dicit
3163 3355 3468 3424 Apostolus,
3496 3372 3579 3409 uno

1996 3447 2141 3500 nitati
2162 3446 2361 3500 subdita
2381 3457 2451 3500 cst
2476 3445 2649 3513 (Rom.
2673 3464 2780 3511 vttt,
2805 3446 2905 3516 20)
2926 3464 2940 3501 :
2966 3447 3034 3502 ibi
3056 3456 3236 3504 autem
3258 3447 3580 3517 pmc'spitur,

1999 3554 2063 3592 ne
2097 3553 2287 3593 nomen
2323 3538 2529 3594 Domini
2560 3538 2651 3593 Dei
2694 3539 2861 3596 nostri
2904 3538 2957 3594 in
3001 3555 3194 3594 vanum
3237 3539 3581 3610 accipiamus.

1997 3628 2113 3685 Jam
2146 3647 2275 3685 vero
2299 3631 2496 3684 donum
2527 3630 2642 3697 Dei,
2669 3630 2810 3702 quod
2839 3639 2924 3689 est
2945 3630 3177 3700 Spiritus
3202 3640 3439 3696 sanctus,
3462 3647 3583 3702 pro.

1998 3724 2160 3779 mittit
2197 3723 2432 3793 requiem
2463 3724 2870 3795 sempiternam,
2898 3739 3016 3793 qua:
3042 3723 3265 3779 sabbato
3287 3722 3580 3794 ﬁguratur:

2001 3815 2140 3868 unde
2172 3830 2267 3869 nos
2296 3814 2574 3869 sabbatum
2614 3813 2959 3884 spiritualiter
2993 3813 3339 3871 observamus
3358 3856 3376 3881 ,
3404 3814 3449 3868 si
3480 3831 3585 3868 non

2004 3904 2257 3961 faciamus
2298 3920 2460 3973 opera
2502 3904 2736 3960 servilia.
2776 3904 2856 3960 Ab
2889 3903 2971 3959 his
3002 3905 3147 3961 enim
3185 3904 3347 3958 etiam
3384 3905 3586 3960 carie-ili

2003 3996 2269 4052 intellectu
2289 3995 2459 4052 Judaei
2481 3996 2701 4053 sabbato
2725 3995 3090 4066 prohibentur.
3118 3995 3251 4063 Quia
3274 4003 3455 4051 autem
3478 3995 3588 4064 api-

2003 4087 2209 4143 ritualia
2238 4088 2346 4143 vult
2386 4087 2683 4163 intelligere
2722 4103 2886 4159 opt-ra
2913 4088 3156 4153 servilia,
3186 4087 3369 4147 audiat
3398 4087 3579 4143 Domi-

2004 4199 2131 4240 num
2156 4182 2420 4239 dicentem
2441 4224 2455 4247 ,
2490 4181 2667 4237 Omnis
2705 4183 2789 4252 qui
2823 4182 2945 4253 facit
2983 4192 3271 4253 peccatum,
3307 4197 3482 4237 servus
3516 4190 3589 4235 est

2006 4276 2192 4347 peccati
2223 4271 2402 4346 (Joau.
2432 4291 2550 4340 vni,
2581 4270 2696 4346 Si).

2074 4367 2302 4424 CAPUT
2340 4367 2527 4447 11⁷7-
2553 4366 2835 4423 Peccatum
2863 4374 3040 4422 autem
3088 4380 3196 4421 non
3234 4365 3409 4421 solum
3456 4364 3589 4420 illud

2007 4470 2118 4527 cst,
2165 4459 2306 4532 quod
2352 4461 2406 4516 itt
2436 4461 2574 4530 turpi
2616 4469 2709 4514 aut
2738 4460 2917 4530 iniquo
2947 4461 3085 4515 facto
3111 4466 3331 4530 apparet
3356 4457 3596 4513 homini-

2008 4553 2143 4620 bus;
2168 4552 2263 4609 sed
2296 4552 2456 4607 etiam
2492 4552 2537 4607 si
2569 4551 2766 4607 habeat
2790 4552 3022 4621 speciem
3049 4550 3172 4609 boui
3199 4550 3400 4621 operis,
3426 4558 3484 4606 et
3506 4558 3591 4604 ta-

2008 4661 2130 4701 men
2160 4654 2373 4715 propter
2397 4641 2695 4700 mercedem
2725 4640 3068 4712 temporalem
3098 4642 3210 4709 ﬁat,
3239 4655 3343 4697 non
3374 4650 3595 4712 propter

2008 4737 2244 4806 requiem
2275 4735 2674 4806 sempiternam.
2696 4733 2982 4800 Quodlibet
3008 4734 3149 4787 enim
3180 4734 3402 4804 quisque
3432 4734 3556 4788 facit
3576 4776 3592 4798 ,

2010 4829 2056 4883 si
2082 4829 2183 4883 hoc
2208 4826 2385 4882 animo
2413 4824 2554 4893 facit,
2580 4834 2636 4880 ut
2661 4835 2931 4883 terrenum
2961 4827 3381 4882 emolumentum
3404 4840 3596 4881 consc-

2011 4931 2223 4993 quatnr,
2258 4918 2521 4973 serviliter
2552 4917 2692 4980 facit,
2732 4926 2787 4972 et
2813 4917 2935 4973 ideo
2959 4915 3238 4972 sabbatum
3279 4932 3386 4971 non
3414 4918 3594 4974 obser-

2013 5024 2121 5069 vat.
2146 5011 2323 5068 Gratis
2354 5010 2494 5065 enim
2535 5007 2793 5063 amandus
2828 5019 2912 5065 est
2945 5009 3123 5065 Deus:
3158 5024 3259 5065 nec
3288 5007 3466 5065 anima
3498 5024 3597 5081 po-

1970 5136 1975 5141 -
2018 5115 2120 5163 test
2138 5104 2238 5160 nisi
2264 5103 2316 5158 in
2339 5119 2404 5157 eo
2423 5099 2565 5171 quod
2585 5100 2774 5172 diligit,
2793 5101 3145 5173 requiescere.
3170 5099 3394 5156 Eterna
3420 5110 3598 5156 autem

2018 5196 2230 5267 requies
2255 5194 2304 5248 ei
2331 5209 2436 5247 non
2462 5193 2635 5259 datur,
2666 5192 2764 5248 nisi
2797 5193 2848 5247 in
2878 5192 3161 5249 dilectione
3191 5191 3306 5258 Det,
3339 5184 3427 5263 qui
3453 5193 3602 5248 solus

2020 5295 2255 5343 a'tcrnus
2282 5294 2364 5340 est
2386 5301 2402 5348 ;
2426 5292 2484 5338 et
2505 5282 2619 5354 ipsa
2644 5290 2728 5338 est
2754 5282 2987 5354 perfecta
3012 5283 3384 5351 sanctificatio,
3410 5294 3467 5338 et
3488 5300 3532 5356 sl
3552 5284 3602 5341 l~

2020 5379 2213 5435 rituale
2237 5378 2515 5433 sabbatum
2542 5376 2901 5432 sabbatorum.
2924 5375 3262 5450 Quapropter
3276 5393 3527 5448 quoniam
3550 5379 3605 5434 in

2024 5471 2225 5543 Spiritu
2250 5478 2435 5525 sancto
2460 5467 2871 5535 sanetiticamur,
2908 5469 3029 5539 quis
3053 5480 3135 5524 est
3160 5483 3321 5540 quem
3346 5484 3454 5523 non
3487 5482 3604 5524 mo-

2024 5573 2145 5619 veat
2168 5561 2236 5618 ad
2256 5576 2505 5633 magnum
2530 5569 2920 5617 sacramentum
2944 5558 3367 5632 intelligendum,
3387 5561 3532 5633 quod
3551 5561 3608 5619 in

2028 5646 2199 5713 tribus
2227 5653 2507 5728 prmccptis
2531 5651 2600 5710 sd
2627 5651 2795 5711 Deum
2826 5653 3209 5725 pertinentibus
3235 5655 3447 5713 tertium
3472 5668 3610 5729 prte-
