3988 6190
390 427 496 487 ιω

394 552 614 617 ceptum
639 551 724 601 est
745 543 809 601 do
839 537 1096 600 sabbato?
1121 543 1189 600 Et
1221 560 1276 598 in
1305 542 1391 599 his
1417 543 1664 600 omnibus
1692 559 1809 616 qua:
1837 544 1985 600 Scri-

394 649 552 708 ptura
585 636 640 690 in
684 633 822 689 libro
864 634 1089 690 Genesis
1128 634 1296 690 Deum
1340 634 1530 691 fecisse
1568 645 1984 702 commemorat,

395 743 504 784 non
532 727 605 784 ibi
627 724 819 781 dicitur
840 724 1202 781 sanetilicasse
1227 725 1328 782 nisi
1353 725 1493 781 diem
1522 727 1827 797 septimum,
1844 726 1986 797 quod

397 817 733 892 signiﬁcabat
760 817 1038 873 sabbatum
1069 816 1089 888 (
1114 815 1240 871 σω.
1271 833 1330 887 ιι,
1362 819 1395 874 3
1412 817 1451 886 ).

467 912 522 965 ι.
562 906 835 985 Ρνωεερεα
879 916 1068 985 septem
1109 923 1223 978 qua
1264 908 1551 980 proximum
1595 920 1841 982 spectant.
1888 909 1984 966 Se-

401 1012 545 1070 ptem
573 1014 704 1054 vero
723 984 1111 1071 prmceptorum
1144 1014 1261 1069 qum
1289 1000 1560 1056 dilectioni
1589 1002 1844 1072 proximis
1887 1003 1984 1058 tri-

397 1096 658 1157 buuntur,
677 1089 910 1161 primum
936 1097 1021 1145 est
1044 1106 1056 1141 :
1087 1087 1298 1145 Honora
1322 1101 1679 1162 patrm,tuum
1704 1105 1750 1149 et
1775 1105 1986 1150 matrem

397 1192 557 1237 tuam.
588 1179 893 1238 Secundum
923 1199 938 1236 :
971 1179 1095 1235 Non
1124 1182 1339 1238 occides.
1368 1181 1605 1239 Tertium
1634 1203 1648 1240 :
1693 1184 1815 1240 Non
1859 1203 1985 1242 nue-

396 1272 643 1328 chabcris.
685 1273 991 1340 Quartum:
1042 1271 1166 1327 Non
1210 1274 1477 1345 fui-aberis.
1521 1275 1814 1343 Quintum:
1863 1276 1986 1333 Non

396 1366 587 1437 {uisum
631 1367 967 1420 testimonium
1011 1366 1162 1420 dices.
1205 1366 1461 1422 Sextum:
1504 1367 1627 1424 Non
1668 1372 1986 1442 concupisces

398 1474 613 1513 mrem
639 1458 854 1529 proximi
879 1459 972 1512 tui.
1001 1458 1296 1529 Septimum
1331 1477 1344 1515 :
1388 1460 1510 1515 Non
1533 1464 1853 1534 concupisces
1882 1480 1987 1518 rem

398 1550 624 1619 proximi
652 1551 723 1603 tui
761 1550 782 1620 (
814 1547 982 1603 Exod.
1020 1566 1088 1604 xx
1112 1590 1127 1616 ,
1180 1550 1404 1623 12-17).
1450 1552 1586 1608 Huic
1626 1553 1984 1611 distributioni

397 1641 680 1696 manifeste
704 1650 984 1696 attestatur
1006 1642 1312 1713 Apostolus.
1344 1643 1429 1699 ubi
1456 1643 1617 1709 dicit,
1652 1643 1863 1701 Honora
1889 1666 1983 1716 pa-

399 1743 526 1787 trem
554 1743 692 1787 tuum
713 1743 757 1787 et
777 1744 984 1791 matrem
1011 1744 1169 1801 tuam;
1190 1737 1325 1806 quod
1354 1746 1424 1791 est
1443 1737 1735 1792 mandatum
1766 1741 1985 1810 primunt

394 1824 417 1899 (
438 1824 632 1897 Ephcs.
661 1843 731 1888 Vt,
759 1825 795 1880 2

469 1915 700 1972 CAPUT
740 1914 807 1971 ν.
833 1948 905 1957 -
940 1917 1206 1985 Quaeritur
1237 1921 1412 1986 enim,
1443 1930 1496 1977 ct
1523 1938 1628 1977 non
1661 1922 1711 1978 in
1743 1932 1852 1980 toto
1883 1925 1985 1982 De-

394 2009 584 2079 calogo
613 2009 879 2064 invenitur
911 2012 1140 2082 primum
1169 2031 1182 2067 :
1229 2013 1351 2083 quia
1390 2013 1575 2071 decem
1612 2017 1983 2073 mandatorum

398 2098 528 2154 illud
554 2108 640 2155 cst
664 2101 890 2171 primum
916 2101 1005 2156 ubi
1033 2101 1100 2158 de
1132 2119 1235 2157 uno
1268 2105 1375 2159 Deo
1403 2106 1627 2161 colendo
1655 2110 1976 2180 praccipitur.

398 2190 470 2246 Et
494 2189 613 2246 ideo
639 2190 708 2247 de
733 2190 1059 2247 bonorandis
1084 2196 1392 2265 parentibus
1413 2198 1669 2269 scriptum
1698 2202 1748 2254 in
1773 2202 1875 2255 alia
1906 2212 1983 2256 ta-

396 2279 543 2346 bula,
581 2282 917 2353 primumque
950 2294 1052 2350 est,
1095 2286 1216 2364 quia
1258 2286 1381 2342 inde
1424 2289 1680 2359 incipiunt
1720 2302 1979 2364 pra‘ccpta

393 2389 519 2444 qua:
547 2372 615 2429 ad
640 2373 977 2432 dilectionem
1008 2360 1231 2448 proximi
1264 2379 1586 2455 referuntur.

463 2467 519 2523 5.
559 2466 825 2523 Canticum
853 2486 1035 2525 novum
1058 2481 1263 2527 cantare
1290 2476 1554 2545 cujusnam
1579 2476 1663 2531 sit.
1693 2477 1977 2539 Donatista

389 2556 528 2611 illud
554 2574 655 2613 non
684 2569 906 2614 cantant.
957 2561 1243 2618 Cantemus
1282 2581 1411 2636 ergo
1452 2570 1717 2627 canticum
1757 2588 1976 2642 novum,

394 2648 685 2719 psallentes
714 2650 964 2720 psalterio
1002 2652 1184 2710 decem
1221 2655 1565 2725 chordarum.
1602 2661 1717 2719 lloc
1744 2672 1826 2719 est
1854 2680 1980 2721 can-

389 2737 557 2792 ticum
588 2755 800 2807 novum,
827 2742 994 2813 gratia
1025 2744 1146 2799 novi
1164 2744 1510 2815 Tcstamenti,
1534 2750 1675 2820 quod
1705 2769 1803 2808 nos
1831 2771 1859 2809 a
1887 2771 1978 2812 ve-

391 2841 509 2886 tere
535 2828 750 2889 hemine
775 2833 1047 2903 discernit,
1081 2838 1171 2908 qui
1199 2839 1399 2910 primus
1431 2840 1600 2898 factus
1629 2857 1711 2900 est
1737 2844 1804 2901 de
1836 2855 1977 2903 terra

389 2932 662 2983 terrenus.
696 2928 769 2984 De
797 2929 924 2985 limo
949 2932 1089 2987 enim
1120 2931 1288 2988 factus
1311 2944 1421 3001 est,
1448 2946 1502 2992 et
1523 2938 1718 2993 amissa
1746 2940 1975 2997 beatitu-

388 3015 517 3073 dine
543 3017 596 3072 in
638 3019 907 3076 miseriam
935 3021 1056 3092 jure
1096 3024 1364 3096 projectus
1405 3036 1519 3092 est,
1550 3030 1799 3100 quoniam
1841 3048 1976 3101 prac-

388 3107 530 3187 eepti
558 3110 931 3180 prmvaricator
950 3115 1242 3171 exstiterat.
1265 3114 1368 3172 Sed
1392 3118 1515 3188 quid
1539 3119 1667 3175 dicit
1688 3122 1826 3192 apud
1854 3139 1977 3194 pro-

386 3186 604 3269 phetam
624 3241 641 3268 ,
674 3203 763 3272 qui
790 3204 987 3273 gratias
1010 3205 1118 3275 agit
1150 3208 1331 3276 gratim
1359 3186 1449 3264 Dei
1478 3225 1573 3279 per
1603 3186 1971 3270 remissionem

387 3304 726 3363 peccatorum
760 3290 1123 3352 reconcilianti
1153 3313 1250 3353 nos
1276 3300 1415 3368 Deo,
1445 3311 1500 3358 et
1528 3306 1798 3367 renovanti
1830 3322 1971 3378 prm-

385 3370 598 3443 teritam
630 3391 985 3445 vetustatem?
1015 3390 1205 3446 Eduxit
1234 3410 1329 3459 me,
1359 3395 1563 3466 inquit,
1592 3398 1655 3452 de
1676 3398 1791 3454 lacu
1818 3401 1971 3456 misc-

385 3477 497 3541 τίς,
522 3488 572 3533 et
594 3479 662 3534 de
682 3481 788 3535 luto
809 3480 914 3535 limi
939 3498 958 3536 :
986 3493 1032 3537 et
1057 3485 1224 3554 posuit
1252 3503 1405 3557 super
1425 3498 1616 3558 petram
1639 3491 1789 3560 pedes
1810 3510 1966 3565 uicos,

383 3578 436 3622 et
467 3569 656 3625 direxit
701 3588 902 3643 gressus
929 3591 1063 3630 meos
1084 3591 1103 3629 :
1129 3586 1176 3631 et
1202 3577 1406 3633 immisit
1432 3580 1484 3635 iu
1514 3598 1569 3636 os
1603 3600 1768 3639 meum
1804 3589 1968 3642 cauti-

383 3677 501 3715 euut
526 3678 731 3728 irarum,
759 3666 999 3736 hymnum
1028 3667 1133 3722 Deo
1163 3681 1331 3724 nostra
1366 3672 1384 3746 (
1407 3670 1546 3728 l’sul.
1580 3692 1769 3740 xxxix,
1796 3679 1851 3745 3,
1875 3678 1965 3752 4).

384 3748 497 3805 lloc
517 3762 600 3806 est
620 3754 883 3809 canticum
912 3771 1127 3821 novum,
1151 3760 1290 3828 quod
1313 3762 1486 3830 psallit
1516 3764 1566 3817 in
1596 3768 1848 3837 psalterio
1868 3748 1966 3826 dc-

379 3855 498 3897 cem
525 3841 865 3901 chordarum.
915 3846 1084 3903 Nemo
1125 3850 1268 3905 enim
1315 3852 1494 3908 laudat
1537 3855 1731 3922 Deum,
1764 3859 1817 3914 id
1858 3872 1962 3928 est,

378 3934 512 3990 dicit
534 3935 820 4009 hymnum,
844 3940 945 3994 nisi
974 3941 1052 3995 ori
1079 3957 1176 3997 suo
1200 3943 1353 3999 factis
1376 3950 1689 4013 consentiat,
1719 3952 1882 4008 Deum
1910 3963 1964 4012 et

381 4026 682 4093 proximum
719 4028 1006 4100 diligendo.
1038 4030 1146 4087 Nec
1170 4049 1229 4090 se
1256 4035 1582 4094 arbitrentur
1607 4041 1963 4111 rebaptizato-

379 4131 468 4171 res
508 4117 798 4175 Donatista:
842 4121 908 4177 ad
952 4139 1146 4179 novum
1194 4127 1456 4184 canticum
1496 4134 1761 4201 pertinere
1797 4155 1811 4192 :
1855 4154 1960 4196 non

378 4206 523 4260 enim
547 4218 764 4263 cantant
786 4213 1049 4267 canticum
1079 4230 1294 4284 novum,
1313 4219 1401 4287 qui
1422 4224 1490 4275 ab
1513 4222 1773 4291 Ecclesia.
1800 4244 1958 4299 quam

384 4295 523 4351 Deus
544 4298 595 4349 in
618 4299 759 4354 omni
787 4308 925 4358 terra
947 4317 1065 4360 esse
1081 4306 1265 4372 voluit,
1284 4311 1510 4381 superba
1532 4295 1960 4393 impietate-prta.-

376 4385 475 4441 cisi
501 4395 645 4442 sunt.
669 4389 880 4446 Etenim
910 4394 1013 4449 alio
1039 4395 1157 4452 loco
1181 4397 1322 4454 idem
1350 4385 1795 4474 prOphetadicit:
1824 4385 1960 4471 Can-

377 4485 479 4530 tute
504 4475 725 4534 Domino
749 4483 1003 4538 canticum
1029 4503 1252 4556 novum;
1280 4502 1480 4550 cantate
1506 4496 1744 4569 Domino,
1795 4509 1957 4563 omnis

378 4576 532 4625 terra.
568 4572 665 4639 Qui
702 4587 832 4646 ergo
859 4584 1077 4634 cantare
1118 4597 1236 4637 cum
1269 4586 1413 4642 omni
1439 4595 1580 4648 terra
1610 4608 1713 4649 non
1744 4598 1884 4666 vult,
1922 4616 1954 4656 a

374 4669 553 4717 vetere
591 4661 809 4722 homine
854 4682 960 4723 non
1003 4671 1295 4741 recedens,
1326 4691 1432 4733 non
1462 4691 1639 4738 cantat
1690 4690 1954 4747 canticum

370 4767 599 4819 nomn,
627 4771 729 4811 nec
767 4760 947 4828 psallit
983 4762 1035 4817 in
1068 4765 1319 4833 psalterio
1347 4769 1531 4829 decem
1582 4777 1903 4840 chordarum
1934 4802 1949 4840 :

366 4843 492 4912 quia
522 4843 692 4901 hostis
714 4859 795 4902 est
818 4849 1126 4921 cbaritatis,
1164 4873 1283 4928 qum
1321 4863 1432 4917 sola
1460 4864 1620 4937 Legis
1658 4882 1740 4926 est
1780 4873 1951 4944 pleni-

370 4934 517 5002 tudo,
535 4939 890 5006 quamdecem
918 4948 1199 5019 praeceptis
1223 4951 1290 5007 ad
1319 4934 1630 5016 cbaritatem
1652 4962 1743 5019 Dei
1758 4934 1812 5022 et
1826 4982 1951 5037 pro-

366 5025 497 5083 simi
520 5032 907 5098 pertinentibus
935 5036 1161 5097 dicimus
1184 5045 1469 5103 contineri.

816 5125 1048 5185 διεκιιο
1085 5131 1352 5191 χχιιιν·
1391 5138 1494 5210 (α).

373 5206 434 5264 In
454 5209 562 5266 hcc
590 5214 737 5270 verba
758 5215 959 5275 Psalmi
976 5237 1160 5289 cxux,
1189 5226 1237 5288 1.
1259 5227 1317 5289 2.
1337 5206 1558 5290 cantate
1580 5236 1801 5296 Domino
1824 5260 1951 5301 can-

437 5301 598 5357 ticum
627 5320 844 5374 novuin,
870 5309 987 5367 laus
1010 5312 1126 5381 ejus
1151 5315 1203 5370 ir.
1229 5317 1468 5378 Ecclesia
1492 5337 1818 5400 sanctorum,
1849 5346 1946 5392 etc.

431 5391 513 5449 De
538 5398 733 5452 cantico
761 5417 888 5456 novo
912 5413 957 5457 et
988 5407 1086 5461 vita
1110 5425 1257 5464 nova.

761 5492 954 5545 Habitus
982 5501 1234 5564 Cartagine
1254 5504 1314 5554 ad
1337 5510 1550 5573 καὶαι-οε.

428 5566 655 5625 ωιιυτ
725 5572 1006 5634 PRIMUM.
1040 5613 1108 5623 -
1154 5586 1204 5640 ι.
1265 5566 1527 5651 Canticum
1592 5616 1772 5659 novum
1826 5626 1946 5665 rau-

415 5752 883 5841 ;_t‘te.;:1tnsl_in3ts.
910 5779 984 5837 gr.
1002 5777 1053 5841 ct
1083 5772 1127 5822 in
1155 5775 1297 5827 editis
1318 5779 1450 5830 t'iim.
1478 5791 1577 5834 Par.
1604 5793 1711 5841 Lor.

415 5814 490 5874 (ai
520 5814 636 5870 ﬁlias
673 5822 737 5871 de
762 5814 967 5877 Divergs
992 5814 1036 5879 ἐξ

1782 427 2009 486 SERMO
2048 426 2284 484 XXXIV.

3572 455 3677 509 210

2096 552 2237 608 tare,
2284 547 2428 617 cujus
2471 551 2552 603 sit.
2610 550 2878 609 Admonitl
2918 571 3102 613 sumus
3159 573 3379 620 cantare
3446 565 3675 623 Domino

2095 637 2360 695 canticum
2390 646 2621 698 novum.
2660 644 2831 702 Homo
2871 664 3037 707 novus
3082 655 3228 710 norit
3266 660 3529 714 canticum
3579 679 3676 716 no-

2094 743 2238 784 vum.
2287 728 2583 804 Canticum,
2632 752 2719 793 res
2746 749 2827 795 est
2866 741 3182 815 hilaritatis;
3215 752 3341 806 etsi
3370 750 3675 826 diligentius

2093 820 2512 893 consideremus,
2546 842 2632 882 res
2659 837 2742 884 est
2768 832 2986 890 amoris.
3016 836 3117 904 Qui
3150 856 3277 912 ergo
3311 845 3456 899 novit
3484 863 3673 901 ninam

2094 910 2253 966 vitam
2281 928 2482 981 amare,
2513 918 2659 972 novit
2682 922 2945 979 canticum
2976 942 3170 982 norum
3195 910 3430 988 cantare.
3458 935 3586 1004 Qum
3609 943 3677 992 sit

2093 1017 2220 1072 ergo
2247 1003 2351 1058 vita
2378 1022 2536 1070 nova,
2559 1013 2931 1069 commonendi
2961 1033 3146 1073 sumus
3176 1032 3393 1092 prepter
3410 1026 3675 1082 canticum

2093 1106 2310 1159 novum.
2351 1095 2432 1150 Ad
2475 1114 2635 1153 unum
2676 1102 2817 1157 enim
2866 1120 3085 1176 regnum
3149 1112 3414 1179 pertinent
3460 1117 3674 1179 onmia,

2092 1181 2254 1238 homo
2280 1201 2470 1255 novus,
2498 1192 2762 1247 canticum
2789 1209 3002 1264 novum,
3030 1199 3428 1259 Testamentum
3455 1223 3671 1262 novum.

2092 1272 2234 1344 Ergo
2264 1276 2424 1333 homo
2467 1295 2655 1349 navus,
2701 1292 2755 1338 et
2788 1289 3020 1343 cantabit
3056 1292 3320 1347 canticum
3358 1313 3571 1361 novum,
3618 1311 3673 1354 et

2094 1367 2381 1435 pertinebit
2408 1371 2473 1426 ad
2503 1373 2904 1433 Testamentum
2934 1396 3150 1436 novum.

2161 1457 2216 1511 2.
2246 1459 2476 1517 Charitas
2500 1480 2562 1518 ea:
2590 1465 2716 1520 Deo.
2747 1467 2914 1524 Nemo
2950 1480 3032 1527 est
3071 1475 3160 1544 qui
3208 1492 3311 1531 non
3353 1489 3496 1535 amet
3537 1501 3551 1535 :
3579 1487 3670 1541 St‘tl

2092 1549 2346 1617 qnmritur
2379 1553 2503 1622 quid
2546 1568 2708 1612 amet.
2743 1558 2855 1613 Non
2894 1578 3022 1634 ergo
3057 1565 3424 1633 admonemur,
3472 1582 3528 1626 ut
3569 1560 3672 1628 non

2091 1654 2362 1695 amemus:
2396 1643 2489 1698 sed
2523 1647 2993 1722 utcligamusquid
3022 1670 3279 1713 amemus.
3306 1659 3411 1715 Sed
3433 1663 3556 1732 quid
3579 1665 3675 1718 ι·ἰί-

2090 1730 2284 1800 gimus,
2314 1734 2415 1789 nisi
2447 1737 2592 1805 prius
2622 1741 2915 1811 eligantur?
2945 1744 3077 1813 Quia
3118 1765 3218 1804 nec
3257 1750 3543 1822 diligimus,
3573 1758 3674 1810 nisi

2092 1821 2237 1892 prius
2263 1825 2563 1896 diligamur.
2604 1830 2867 1889 Joannem
2892 1839 3192 1905 apostolum
3220 1821 3419 1899 audite.
3462 1845 3557 1901 ille
3593 1858 3676 1903 cst

2090 1917 2381 1986 apostolus,
2402 1920 2490 1989 qui
2512 1937 2672 1993 super
2692 1936 2877 1994 pectus
2899 1927 3105 1984 Domini
3127 1931 3494 1991 discumbebat
3509 1979 3524 2003 ,
3546 1949 3600 1993 et
3622 1940 3673 1995 in

2088 2020 2155 2062 eo
2181 2008 2428 2065 convivio
2453 2013 2691 2069 caelestia
2729 2026 2934 2072 secreta
2963 2020 3176 2077 bibebat
3209 2023 3384 2097 (Joan.
3406 2043 3520 2095 xm,
3539 2029 3610 2086 25
3634 2038 3671 2091 ).

2088 2096 2167 2153 Ex
2209 2099 2301 2156 illo
2329 2112 2454 2172 potu
2474 2144 2490 2169 ,
2528 2115 2583 2161 et
2620 2122 2683 2162 ex
2714 2107 2803 2162 illa
2832 2109 2968 2166 felici
3020 2112 3279 2172 ebrietate
3310 2121 3571 2186 ructavit,
3611 2122 3672 2175 In

2088 2192 2338 2265 principio
2364 2206 2469 2249 erat
2514 2196 2726 2253 Verbum
2751 2199 2863 2271 (Id.
2895 2219 2933 2268 t,
2964 2204 3038 2274 1).
3059 2205 3340 2264 llumilitas
3369 2212 3596 2277 excelsa,
3620 2223 3674 2268 ct

2087 2284 2321 2342 ebrietas
2358 2288 2567 2344 sobria!
2611 2291 2703 2348 ille
2742 2309 2869 2365 ergo
2899 2313 3120 2368 magnus
3149 2310 3403 2368 ructator,
3451 2305 3550 2361 hoc
3591 2318 3674 2361 est

2090 2374 2426 2444 prmdicator,
2463 2379 2819 2439 intercaetera
2845 2402 2964 2456 quae
2990 2387 3119 2443 bibit
3145 2389 3214 2446 de
3241 2391 3516 2450 Dominieo
3543 2411 3669 2465 pec-

2086 2474 2255 2530 ctore.
2269 2468 2428 2524 etiam
2444 2471 2544 2527 hoc
2559 2472 2687 2529 dixit
2714 2493 2728 2529 :
2754 2475 2866 2532 Nos
2886 2478 3162 2553 diligimus,
3177 2485 3295 2554 quia
3311 2485 3419 2556 ipse
3435 2490 3572 2557 prior
3586 2492 3668 2544 di~

2087 2555 2211 2612 (exit
2232 2577 2323 2616 nos
2351 2561 2414 2636 (1
2439 2562 2595 2620 Joan.
2626 2583 2700 2632 tv,
2728 2569 2795 2623 10
2815 2569 2855 2641 ).
2889 2571 3109 2628 Multum
3138 2577 3280 2632 enim
3311 2555 3533 2636 dederat
3570 2581 3670 2636 lio-

2088 2649 2257 2718 mini,
2300 2654 2730 2726 quandoquidem
2778 2660 2846 2716 de
2887 2662 2999 2719 Deo
3042 2665 3372 2738 loquebatur,
3417 2671 3668 2741 dicendo,

2089 2738 2201 2794 Nos
2225 2740 2500 2815 diligimus.
2530 2747 2663 2819 Qui?
2686 2754 2884 2822 quem?
2911 2755 3165 2815 Homines
3191 2760 3378 2827 Deum,
3414 2738 3669 2821 mortales

2083 3016 2272 3070 nobis?
2305 3016 2440 3086 Quia
2462 3021 2571 3092 ipse
2598 3026 2738 3093 prior
2770 3027 2948 3084 dilexit
2985 3049 3094 3087 nos.
3139 3034 3331 3103 Quane
3374 3039 3515 3096 unde
3558 3041 3662 3109 Ιιθτ

2081 3108 2211 3164 mini
2240 3110 2461 3183 diligere
2488 3115 2655 3172 Deum
2682 3138 2694 3173 :
2725 3137 2824 3177 nec
2853 3124 3091 3183 invenies
3118 3132 3337 3187 omnino
3355 3173 3370 3197 ,
3415 3135 3516 3191 nisi
3541 3139 3663 3209 quia

2082 3199 2229 3269 prior
2249 3201 2395 3257 illum
2425 3204 2610 3263 dilexit
2643 3210 2801 3267 Deus.
2833 3214 2985 3271 Dedit
3010 3234 3069 3273 se
3096 3219 3266 3290 ipsum
3292 3240 3449 3294 quem
3471 3199 3663 3286 dilexi-

2080 3306 2235 3348 mus:
2265 3293 2414 3351 dedit
2439 3298 2579 3355 unde
2603 3301 2964 3373 diligeremus.
2993 3309 3129 3378 Quid
3150 3315 3294 3369 enim
3312 3293 3494 3385 dedit,
3520 3320 3662 3377 unde

2078 3380 2437 3456 diligercmus,
2470 3394 2910 3462 apertiusraudite
2938 3416 3034 3470 per
3061 3407 3360 3474 apostolum
3390 3380 3609 3467 Paulum
3645 3430 3659 3465 :

2077 3470 2331 3545 Charitas,
2379 3478 2567 3550 inquit,
2605 3483 2698 3538 Dei
2738 3486 2927 3554 di/I'usa
2972 3503 3045 3547 est
3082 3470 3137 3550 in
3176 3498 3412 3556 cordibus
3455 3504 3661 3556 nostris.

2078 3563 2266 3621 Unde?
2292 3584 2418 3624 num
2447 3570 2583 3628 forte
2607 3590 2638 3629 a
2661 3576 2849 3632 nobis?
2872 3579 3010 3637 Non.
3040 3585 3179 3656 Ergo
3205 3587 3380 3645 unde?
3402 3588 3509 3647 Per
3531 3593 3660 3663 Spi-

2076 3655 2229 3709 ritum
2252 3669 2481 3714 sanctum
2508 3664 2595 3733 qui
2624 3664 2773 3720 datus
2798 3679 2871 3723 est
2895 3672 3037 3728 nobis
3063 3655 3238 3745 (Rom.
3260 3696 3313 3745 ν,
3343 3681 3441 3753 5).

2146 3747 2370 3807 CAPUT
2409 3751 2470 3806 ll.
2498 3785 2570 3795 —-
2596 3758 2648 3814 5.
2676 3760 2918 3820 Amemus
2940 3763 3107 3823 Deum
3131 3771 3194 3826 de
3222 3771 3348 3829 Deo.
3371 3747 3527 3833 l'dola
3545 3796 3658 3834 σοι’·-
3696 3752 3707 3775 ι

2077 3840 2176 3895 dis.
2201 3841 2470 3902 [labentes
2518 3863 2645 3920 ergo
2696 3860 2895 3910 tantam
2935 3857 3201 3929 ﬁduciam,
3223 3880 3465 3924 amemus
3490 3869 3655 3928 Deum

2071 3931 2139 3986 de
2167 3932 2275 3990 Deo
2300 3952 2313 3988 :
2343 3934 2449 3992 imo
2474 3940 2595 4010 quia
2621 3941 2849 4012 Spiritus
2877 3960 3093 4006 sanctus
3120 3953 3261 4011 Deus
3287 3967 3391 4025 est,
3413 3975 3656 4031 amemus

2073 4021 2240 4079 Deum
2267 4024 2335 4082 de
2359 4027 2489 4084 Deo.
2512 4032 2649 4098 Quid
2676 4036 2817 4091 enim
2842 4038 2958 4109 plus
2982 4041 3187 4111 dicam;
3219 4021 3462 4106 amemus
3488 4021 3652 4109 Deum

2068 4111 2136 4168 de
2165 4114 2316 4170 Deo?
2342 4116 2499 4175 Certe
2536 4124 2659 4192 quia
2685 4123 2826 4192 dixi,
2859 4129 3093 4186 Charitas
3132 4133 3230 4190 Dei
3257 4136 3448 4205 di/I'usa
3487 4152 3558 4197 est
3595 4146 3649 4211 in

2068 4203 2301 4261 cordibus
2324 4209 2509 4265 nostris
2534 4229 2624 4282 per
2648 4213 2898 4285 Spiritum
2925 4231 3153 4278 sanctum
3175 4227 3261 4297 qui
3286 4203 3435 4284 datus
3457 4242 3529 4287 est
3555 4203 3650 4289 120.;

2067 4292 2179 4359 bis;
2222 4295 2342 4353 ideo
2388 4308 2472 4355 est
2513 4318 2847 4375 consequens
2890 4320 2947 4367 ut
2991 4315 3114 4384 quia
3159 4292 3389 4388 Spiritus
3433 4336 3651 4383 sanctos

2067 4384 2212 4443 Deus
2238 4400 2339 4455 est,
2369 4406 2469 4449 nec
2489 4394 2712 4467 diligere
2738 4416 3020 4470 possumus
3052 4384 3235 4477 Deum,
3274 4413 3374 4469 nisi
3413 4431 3509 4486 per
3531 4416 3650 4487 Spi-

2064 4478 2225 4534 ritum
2251 4497 2514 4554 sancuim,
2547 4504 2789 4549 amemus
2812 4494 2978 4552 Deum
3000 4498 3068 4555 de
3096 4502 3227 4559 Deo.
3254 4505 3386 4563 ltine
3415 4519 3496 4565 est
3520 4526 3650 4582 ergo

2064 4585 2418 4645 consequens.
2448 4581 2642 4637 Audite
2684 4588 2917 4655 apertius
2962 4590 3133 4661 ipsum
3171 4595 3431 4654 Joannem
3464 4619 3478 4654 :
3509 4581 3648 4656 Deus

2063 4663 2283 4721 charitas
2306 4678 2410 4735 est;
2440 4680 2487 4724 et
2507 4674 2596 4743 qui
2623 4687 2788 4731 manet
2808 4678 2863 4733 in
2887 4680 3148 4752 charitate,
3176 4686 3228 4742 in
3258 4687 3362 4745 Deo
3387 4702 3571 4756 manet,
3599 4702 3650 4748 tt

2063 4751 2202 4810 Deus
2229 4757 2281 4811 in
2308 4759 2398 4813 illo
2426 4773 2592 4816 manet
2622 4767 2639 4835 (
2662 4764 2682 4819 1
2706 4765 2864 4823 Joun.
2896 4787 2968 4839 tv,
3004 4774 3058 4841 8,
3094 4776 3203 4847 16).
3229 4777 3423 4837 Parum
3451 4792 3534 4839 est
3560 4751 3645 4840 di-

2061 4859 2206 4913 cere,
2234 4847 2481 4905 Charitas
2507 4868 2570 4907 ex
2600 4855 2711 4910 Deo
2738 4868 2840 4913 est.
2882 4860 3012 4931 Quis
3050 4875 3291 4922 nostrum
3316 4869 3537 4928 auderet
3561 4874 3644 4928 di-

2060 4950 2184 4991 cere
2208 4938 2349 5007 quod
2375 4940 2574 4996 dictum
2601 4954 2703 5005 est.
2729 4946 2866 5004 Deus
2890 4951 3114 5009 charitas
3138 4968 3210 5011 est
3226 4959 3252 5012 Ρ
3271 4960 3413 5016 Dixit
3436 4963 3525 5033 qui
3551 4982 3644 5019 no-

2060 5036 2209 5082 verat
2236 5029 2377 5099 quod
2407 5030 2654 5121 habebat.
2682 5028 2820 5106 Quid
2848 5056 2977 5112 ergo
3003 5042 3231 5102 humana
3261 5028 3566 5121 imaginatio
3590 5067 3644 5111 et

2060 5116 2286 5175 volatica
2330 5120 2581 5192 cogitatio
2621 5124 2771 5197 fingit
2811 5130 2915 5186 sibi
2952 5132 3153 5200 Deum,
3190 5147 3245 5194 et
3272 5139 3325 5194 in
3355 5116 3518 5199 corde
3544 5160 3641 5200 suo

2060 5205 2281 5264 fabricat
2325 5210 2553 5279 idolum,
2587 5230 2915 5290 componens
2942 5224 3154 5295 qualem
3185 5238 3360 5300 potest
3384 5232 3636 5305 cogitare.

2060 5315 2166 5355 non
2195 5301 2406 5371 qualem
2442 5305 2638 5363 meruit
2667 5308 2940 5370 invenire?
2979 5315 3122 5374 Talis
3162 5301 3640 5392 estDeusivNon,

2058 5389 2153 5446 sed
2181 5391 2300 5451 talis
2329 5403 2430 5451 est.
2472 5394 2608 5467 Quid
2653 5400 2974 5461 lineamenta
3005 5406 3278 5478 disponis?
3306 5412 3430 5482 quid
3470 5389 3639 5468 metu;

2059 5480 2151 5537 bra
2181 5487 2497 5557 componis?
2523 5492 2649 5563 quid
2677 5504 2935 5552 staturam
2967 5499 3211 5569 placitam
3246 5500 3480 5560 formas.’
3512 5509 3637 5576 quid

2060 5573 2508 5658 pulchritudinem
2533 5584 2771 5652 corporis
2793 5586 3134 5658 imaginaris?
3151 5590 3287 5646 Deus
3307 5573 3635 5655 Charitas-cst.

2057 5662 2187 5731 Quis
2214 5655 2453 5724 colorest
2480 5670 2531 5726 in
2558 5674 2848 5731 cbaritate?
2872 5695 2989 5748 qlia:
3015 5680 3368 5740 lineamenta?
3387 5702 3505 5758 qua:
3528 5690 3626 5745 ior-

2058 5757 2179 5810 ma?
2205 5757 2342 5813 Nihil
2370 5759 2557 5815 horum
2585 5764 2854 5834 videmus;
2879 5780 2931 5827 et
2956 5781 3131 5831 tamen
3162 5757 3422 5834 amamus.

2121 5866 2134 5899 ¹
2159 5868 2288 5933 Apud
2313 5876 2441 5932 ιον..
2469 5872 2712 5937 (litigium;
2792 5886 2847 5930 at.
