3938 6186
403 518 455 569 4.
489 514 640 568 Amor
692 512 911 582 inﬁmus.
956 501 1139 564 Audeo
1190 507 1364 565 dicere
1391 504 1648 560 Charitati
1677 514 1905 560 vestrae:

339 604 394 659 in
433 604 769 661 inferioribus
796 598 1150 664 attendamus,
1183 596 1323 669 quod
1354 595 1403 650 in
1440 594 1800 666 superioribus
1825 593 1910 647 in-

334 697 633 750 veniamus.
671 691 790 762 Ipse
831 706 983 747 amor
1025 690 1234 745 iniimus
1270 696 1428 761 atque
1471 696 1749 750 terrenus,
1797 672 1910 754 ipse

334 801 486 839 amor
511 781 757 838 sordidus
779 792 832 838 et
857 775 1166 854 flagitiosus,
1192 778 1282 850 qui
1307 777 1546 847 corporis
1571 772 1912 846 pulchritudi-

334 887 435 939 nes
457 881 814 939 consectatur,
852 866 1046 942 aliquid
1091 882 1188 924 nos
1215 866 1467 923 admonet
1492 865 1630 921 unde
1657 864 1724 921 ad
1750 879 1909 934 supe-

331 964 472 1017 riora
495 972 548 1018 et
572 960 852 1018 mundiora
882 971 1180 1031 surgamus.
1204 959 1361 1012 Amat
1388 956 1578 1027 aliquis
1603 955 1830 1011 lascivus
1857 962 1911 1010 et

332 1053 628 1126 impudicus
676 1051 1083 1124 pulcherrimam
1136 1047 1428 1105 feminam:
1471 1055 1647 1101 movet
1695 1044 1907 1117 quidem

331 1148 574 1217 corporis
607 1144 941 1218 pulchritudo
961 1184 977 1211 ,
1018 1141 1111 1199 sed
1152 1143 1292 1197 intus
1321 1141 1576 1211 quaeritur
1601 1137 1797 1192 amoris
1826 1137 1907 1192 vi-

329 1238 606 1294 cissitudo.
637 1237 692 1292 Si
716 1237 857 1292 enim
887 1235 1066 1290 audiat
1087 1233 1227 1304 quod
1249 1226 1335 1288 illa
1360 1230 1533 1287 oderit
1560 1246 1702 1296 eum,
1734 1239 1910 1284 non‘ne

328 1330 504 1384 omnis
548 1330 634 1383 ille
672 1339 834 1383 aestus
875 1336 930 1382 et
972 1326 1199 1397 impetus
1235 1325 1374 1380 circa
1412 1323 1647 1378 membra
1692 1320 1907 1392 pulchra

327 1417 588 1491 frigescit,
618 1428 670 1474 et
699 1419 767 1474 ab
795 1433 861 1473 eo
890 1417 1032 1490 quod
1059 1416 1355 1472 intenderat
1380 1416 1606 1486 quodam
1634 1414 1790 1469 modo
1820 1429 1907 1469 reo

327 1511 460 1576 silit,
483 1510 760 1576 avertitur,
787 1508 1105 1574 oti'enditur,
1152 1507 1330 1563 odisse
1367 1508 1524 1562 etiam
1565 1507 1676 1575 ipse
1723 1504 1939 1583 incipit.

329 1600 471 1670 qno‘d
503 1598 748 1655 amabat?
768 1597 1033 1669 Numquid
1062 1597 1227 1652 forma
1256 1606 1452 1652 mutata
1481 1598 1597 1651 est?
1624 1595 1808 1650 Nonne
1834 1594 1905 1651 ibi

329 1699 455 1745 sunt
478 1690 655 1744 omnia
684 1705 802 1762 quae
832 1684 1145 1745 illexerunt?
1170 1687 1243 1742 lbi
1270 1699 1392 1743 sunt
1416 1707 1427 1741 :
1455 1697 1509 1743 et
1544 1697 1718 1742 tamen
1750 1686 1906 1742 arde-

327 1777 417 1837 bat
446 1782 498 1837 in
524 1796 589 1838 eo
618 1782 756 1852 quod
786 1780 1018 1849 videbat,
1051 1791 1104 1836 et
1140 1781 1209 1836 de
1244 1781 1406 1835 eorde
1446 1780 1729 1849 exigebat‘
1766 1778 1906 1848 (ιιιὺά

329 1889 437 1931 non
466 1874 695 1932 videbat.
727 1874 782 1930 Si
808 1886 936 1930 vero
960 1882 1242 1944 cognoscat
1267 1873 1386 1941 quia
1417 1872 1647 1925 vieiSsim
1676 1880 1904 1935 amatur,

328 1965 598 2036 quomodo
627 1962 991 2020 vehementius
1030 1961 1350 2018 inardescit?
1390 1961 1547 2017 Videt
1590 1960 1678 2015 illa
1718 1961 1903 2027 illum,

328 2055 469 2111 videt
508 2052 599 2111 ille
641 2055 806 2121 illam,
838 2069 1073 2110 amorem
1100 2067 1258 2109 nemo
1284 2051 1425 2108 videt
1454 2069 1467 2105 ε
1499 2062 1553 2107 et
1583 2062 1758 2107 tamen
1793 2051 1907 2121 ipse

325 2157 533 2203 amatur
551 2143 638 2217 qui
667 2161 771 2201 non
793 2144 1020 2201 videtur.

395 2230 621 2293 CAPUT
661 2231 746 2291 lli.
774 2266 846 2276 —-—
875 2230 928 2291 5.
970 2230 1108 2289 Deus
1135 2236 1393 2300 continuo,
1423 2250 1539 2289 cum
1563 2237 1782 2299 amatur,
1812 2233 1906 2286 Ιιαει

326 2328 483 2381 betur.
542 2325 740 2398 Erigite
789 2340 884 2387 vos
921 2316 988 2381 ab
1023 2323 1124 2379 ista
1172 2322 1427 2379 lutulenta
1480 2319 1807 2393 cupiditate,
1850 2332 1908 2377 ut

327 2417 589 2472 maneatis
615 2416 665 2471 in
709 2415 1153 2471 illuminatissima
1182 2412 1461 2469 charitatc.
1490 2410 1655 2468 Deum
1686 2428 1792 2468 non
1831 2412 1909 2467 vis

327 2510 422 2563 tlcs
446 2524 459 2572 ;
485 2520 625 2570 ama,
649 2514 703 2561 et
732 2505 915 2560 habes.
940 2503 1108 2575 Quam
1137 2503 1301 2559 multa
1328 2504 1380 2558 in
1408 2502 1798 2558 damnabilihus
1817 2520 1909 2558 cu-

330 2594 636 2668 piditatibus
663 2607 927 2660 amantur,
967 2604 1022 2649 et
1051 2608 1153 2649 non
1183 2592 1478 2660 habentur;
1524 2593 1737 2649 sordide
1764 2606 1909 2664 qua:-

325 2696 550 2752 runtur,
590 2703 688 2742 nec
728 2696 902 2742 tamen
943 2686 1195 2741 continuo
1228 2683 1603 2756 possidentur?
1643 2682 1924 2763 numquid-

328 2774 432 2834 hoc
471 2786 553 2833 est
587 2788 776 2833 aurum
825 2791 1027 2839 amare,
1076 2774 1217 2847 quod
1258 2790 1444 2830 aurum
1486 2775 1720 2831 habere?
1762 2770 1907 2831 Multi

328 2879 537 2933 ainant,
560 2880 612 2925 et
644 2886 746 2924 non
778 2870 992 2924 habent.
1022 2866 1285 2940 Numquid
1314 2867 1414 2923 hoc
1438 2870 1521 2924 est
1547 2865 1743 2923 habere
1764 2866 1909 2922 latis-

327 2962 461 3017 sima
489 2973 542 3017 et
568 2962 858 3016 lautissima
888 2958 1080 3030 pra-dia
1105 3002 1120 3028 ,
1149 2959 1289 3031 quod
1322 2959 1469 3014 multi
1502 2970 1681 3015 amant
1720 2960 1818 3033 (τι),
1855 2970 1910 3015 et

329 3062 437 3107 non
467 3042 696 3106 habent?
721 3048 986 3121 Numquid
1018 3051 1118 3105 hac
1141 3058 1225 3105 est
1245 3062 1425 3105 amare
1447 3050 1699 3104 honorem
1723 3093 1737 3116 ,
1767 3048 1906 3121 quod

330 3142 528 3200 habere
554 3144 846 3198 honorent?
882 3141 1026 3198 Multi
1062 3143 1177 3198 sine
1206 3141 1408 3199 honore
1449 3138 1789 3198 inardcseum
1813 3143 1908 3197 ha-

323 3236 455 3293 bere
482 3253 495 3290 :
522 3247 764 3306 (nuerunt
794 3230 1011 3302 habere,
1030 3247 1083 3292 et
1113 3238 1421 3307 plerumque
1441 3246 1565 3292 ante
1584 3237 1904 3304 moriuntur,

327 3340 485 3396 quam
508 3325 777 3382 inveniant
795 3326 934 3397 quod
955 3326 1283 3398 qumrebaut.
1319 3327 1456 3383 Dens
1485 3326 1637 3382 nobis
1666 3325 1733 3382 de
1770 3344 1909 3383 cont-

325 3417 526 3488 pendio
541 3428 599 3473 se
618 3413 773 3473 offert
794 3438 807 3473 :
830 3419 1022 3473 clamat
1040 3418 1212 3486 nobis,
1237 3423 1423 3474 Amate
1446 3435 1551 3483 me,
1579 3431 1632 3475 et
1649 3418 1908 3478 habebitis

328 3520 445 3577 me;
472 3512 592 3581 quia
622 3526 717 3566 nec
749 3512 968 3581 petestis
997 3526 1178 3569 amare
1204 3526 1308 3573 me.
1341 3512 1440 3566 nisi
1478 3510 1770 3568 habueritis
1801 3528 1903 3567 me.

397 3600 453 3657 6.
502 3601 822 3657 (laniandum
884 3602 1127 3670 Domino,
1165 3612 1211 3656 et
1253 3601 1418 3657 oribus
1463 3613 1512 3656 et
1574 3604 1811 3658 moribus.
1864 3598 1909 3660 0

328 3693 549 3757 fratres,
590 3707 623 3748 o
672 3693 805 3759 lilii,
852 3708 885 3748 ο
932 3693 1188 3748 catholica
1229 3692 1498 3762 germina,
1548 3709 1579 3748 ο
1639 3703 1818 3749 sancta
1856 3704 1910 3750 ct

326 3796 560 3853 supenta
586 3769 785 3838 semina
812 3828 826 3851 ,
858 3798 893 3839 ο
922 3785 971 3838 Ῐιι
999 3780 1213 3839 Christo
1255 3784 1550 3853 regenerali
1594 3792 1645 3839 et
1679 3784 1910 3857 desuper

326 3874 473 3929 nati!
507 3873 681 3929 audite
710 3888 827 3938 me;
861 3876 967 3928 imo
1012 3886 1105 3945 per
1142 3890 1226 3929 me
1260 3884 1460 3929 cantate
1495 3872 1708 3929 Domino
1743 3876 1908 3930 cauti-

326 3982 441 4019 cum
468 3978 669 4020 novum.
692 3967 828 4022 Ecce
848 4009 862 4030 ,
896 3966 1068 4037 inquis
1088 4008 1100 4029 ,
1130 3976 1308 4020 canto.
1350 3965 1543 4020 Canms
1563 4007 1578 4030 ,
1608 3967 1762 4036 plane
1782 3981 1910 4020 can-

326 4057 429 4111 tas.
479 4056 654 4112 Audio
703 4075 715 4111 :
757 4057 849 4113 sed
896 4067 1081 4113 contra
1118 4056 1350 4128 linguam
1396 4057 1753 4117 testimonium
1802 4073 1907 4111 non

328 4147 473 4202 dicat
501 4149 626 4202 vita.-
655 4148 876 4203 Cuntaic
905 4147 1123 4203 vocibus
1143 4191 1157 4215 ,
1198 4157 1409 4203 cantate
1446 4147 1695 4202 cordibus
1715 4189 1728 4212 ,
1779 4162 1907 4202 can-

338 4247 449 4295 tate
495 4241 675 4296 oribus
699 4285 713 4304 ,
743 4251 954 4295 cantate
1006 4239 1245 4294 moribus
1272 4257 1287 4294 :
1316 4240 1526 4295 Caritate
1546 4236 1763 4294 Domino
1791 4256 1913 4294 can-

330 4330 484 4385 ticum
510 4345 709 4384 novum.
739 4330 985 4399 th't'ilis
1016 4328 1140 4400 quid
1180 4329 1473 4384 decantatis
1512 4328 1580 4384 de
1624 4329 1713 4385 illo
1751 4346 1910 4403 quem

330 4420 560 4475 amatis?
594 4421 719 4475 Sine
750 4416 910 4474 dubio
939 4419 1006 4474 de
1027 4419 1119 4474 illo
1146 4433 1302 4489 quem
1330 4434 1476 4472 amas
1497 4454 1512 4485 ,
1541 4429 1755 4475 cantare
1788 4421 1868 4476 vis
1895 4440 1907 4475 :

328 4510 515 4567 laudes
553 4511 669 4581 ejus
706 4511 935 4581 umeris,
978 4524 1111 4582 quas
1151 4519 1353 4566 cantes.
1395 4510 1662 4577 Audistis,
1704 4511 1914 4568 Cantate

333 4603 554 4659 Domino
578 4602 825 4656 canticum
851 4618 1054 4656 novum.
1090 4603 1298 4657 Laudes
1326 4603 1562 4674 quan-itis
1580 4604 1608 4657 ἵ
1631 4602 1767 4658 Laus
1801 4607 1914 4677 ejus

328 4697 385 4750 in
411 4692 636 4750 Ecclesia
677 4705 983 4749 sanctarum.
1026 4693 1165 4749 Laus
1193 4688 1437 4749 cantandi
1466 4738 1481 4763 ,
1509 4702 1592 4749 est
1634 4695 1746 4766 ipse
1782 4712 1914 4751 can.

329 4794 491 4842 lator.
541 4784 747 4842 Laudes
792 4786 949 4839 vultis
1001 4786 1179 4841 dicere
1230 4784 1378 4841 Deo?
1414 4785 1522 4842 Vos
1559 4795 1728 4843 estote
1773 4789 1913 4859 quod

328 4880 541 4936 dicatis.
572 4879 710 4934 Laus
740 4878 904 4949 ipsius
931 4880 1059 4933 estis
1080 4922 1092 4938 ,
1122 4880 1165 4932 si
1189 4872 1326 4934 bene
1353 4878 1560 4933 vivatis.
1602 4877 1743 4934 Laus
1773 4882 1913 4934 enim

332 4974 454 5042 ejus
475 4986 579 5028 non
604 4983 681 5027 εει
699 4974 749 5025 in
765 4965 1383 5043 synagogisinda-orum,
1402 4985 1504 5025 non
1527 4980 1608 5025 est
1636 4969 1686 5023 in
1713 4970 1915 5026 insania

335 5067 667 5139 l‘aganorum
690 5108 704 5132 ,
738 5070 946 5120 nonest
980 5065 1031 5120 in
1068 5062 1339 5118 erroribus
1369 5058 1738 5118 itmreticorum
1760 5104 1774 5129 ,
1810 5078 1914 5116 non

333 5171 415 5216 est
460 5159 512 5214 in
542 5153 814 5230 plausibus
848 5157 1197 5214 theatrorum.
1243 5152 1491 5224 Qum-ritis
1543 5154 1634 5211 ubi
1682 5154 1781 5213 sit?
1810 5153 1917 5212 Vos

337 5251 618 5315 attendite,
644 5265 741 5303 vos
766 5254 957 5305 estote.
982 5244 1121 5303 Laus
1141 5248 1251 5320 ejus
1273 5248 1324 5301 in
1352 5234 1581 5301 Ecclesia
1607 5257 1914 5301 sanctorum.

332 5344 537 5412 Quatris
558 5341 699 5397 unde
716 5338 946 5411 gaudeas
962 5337 1171 5409 quando
1188 5336 1408 5393 cantas?
1430 5336 1649 5393 Ltetetur
1680 5334 1846 5394 Israel
1866 5336 1918 5393 in

337 5451 396 5487 eo
417 5436 500 5503 qui
518 5433 633 5505 fecit
652 5448 762 5486 eum
779 5442 861 5485 :ct
878 5429 1017 5484 unde
1039 5428 1244 5483 laetetur
1258 5443 1367 5483 non
1389 5427 1593 5482 invenit
1608 5426 1706 5482 uisi
1729 5424 1914 5484 Deum.

409 5520 635 5579 CAPUT
665 5520 752 5576 ιγ.
769 5515 903 5576 —7.
928 5516 1153 5574 Pretium
1182 5534 1281 5591 quo
1308 5518 1530 5573 charitas
1554 5517 1916 5590 comparanda.

337 5605 501 5679 Bene,
535 5613 722 5670 fratres
739 5616 863 5683 mei,
882 5616 1202 5684 interrogate
1219 5627 1313 5669 vos
1346 5610 1509 5684 ipsos,
1523 5612 1684 5669 cellas
1705 5611 1922 5668 interio-

403 5744 418 5775 ¹
440 5745 513 5795 Sic
531 5747 869 5803 mm
885 5751 969 5797 his.
992 5744 1111 5803 Editi
1132 5757 1269 5803 vero,
1290 5741 1468 5796 exibat.

400 5803 471 5869 (α)
495 5809 634 5854 Forte
670 5800 795 5863 quod
819 5802 1015 5853 amare?
1038 5805 1170 5856 Multi
1193 5800 1373 5868 autaut,
1398 5814 1491 5853 etc.

1564 390 1621 448 S.
1662 381 2024 448 AUCUSTINI
2063 384 2365 453 EPISCOPI

3488 393 3599 459 ιω

2022 519 2109 560 res
2139 503 2385 559 discutite
2405 522 2417 557 :
2443 503 2635 572 videte,
2654 514 2708 560 et
2721 506 2974 561 altcudite
2989 506 3111 577 quid
3130 505 3366 560 habeatis
3381 507 3447 564 de
3463 511 3584 565 cha-

2016 594 2205 661 ritate,
2239 592 2421 663 ethoc
2461 595 2598 666 quod
2647 594 2954 654 inveneritis
2980 606 3184 668 augete.
3231 601 3500 659 Attenditc
3526 602 3591 657 ad

2018 685 2177 740 talem
2209 682 2542 753 thesaurum,
2585 695 2640 741 ut
2669 687 2808 742 intus
2834 688 3026 744 divites
3047 690 3181 743 sitis.
3220 690 3420 748 thtera
3450 703 3595 749 certe.

2014 788 2136 846 qua:
2164 792 2409 847 magnum
2457 772 2656 833 habent
2700 780 2963 849 pretium,
3005 795 3129 836 cara
3163 774 3449 851 dicuntur;
3496 798 3594 847 nec

2017 865 2230 923 frustra.
2255 868 2488 938 Aspicite
2518 869 2953 924 consuetudinem
2981 870 3244 926 sermonis
3269 872 3431 927 vestri
3463 890 3477 926 :
3501 862 3593 926 ea;

2015 957 2128 1016 rius
2147 969 2231 1015 est
2259 955 2385 1015 illud
2405 1000 2420 1025 ,
2446 975 2604 1029 quam
2636 959 2782 1013 illud.
2806 959 2941 1027 Quid
2966 968 3078 1025 est,
3100 960 3287 1016 Carius
3312 972 3395 1017 est
3414 1004 3429 1029 ,
3454 962 3554 1019 nisi
3574 998 3595 1031 ,

2015 1052 2297 1124 pretiosius
2320 1052 2440 1107 est?
2464 1042 2525 1107 Si
2553 1051 2726 1106 carius
2756 1050 2949 1106 dicitur
2974 1093 2992 1117 ,
3020 1050 3278 1123 quidquid
3306 1054 3596 1123 pretiosius
3682 1032 3693 1039 ί

2017 1134 2132 1210 est;
2179 1143 2305 1214 quid
2340 1145 2516 1200 carius
2550 1142 2661 1216 ipsa
2701 1144 2995 1209 cltar‘itate,
3042 1142 3232 1200 fratres
3269 1146 3412 1202 mei?
3440 1142 3591 1215 Quod

2014 1241 2096 1295 est
2115 1277 2129 1302 ,
2164 1246 2408 1303 putamus
2427 1278 2441 1300 ,
2467 1236 2696 1305 pretium
2719 1234 2877 1306 ejus?
2907 1234 3048 1290 unde
3068 1234 3338 1291 invenitur
3362 1236 3592 1307 pretium

2014 1328 2169 1397 ejus?
2198 1328 2428 1384 Pretium
2465 1328 2653 1394 tritici,
2682 1339 2930 1383 nummus
2952 1336 3117 1393 tuus;
3147 1328 3372 1399 pretium
3401 1329 3545 1386 fundi
3572 1370 3590 1395 .

2012 1428 2293 1488 argentum
2325 1427 2509 1484 tuum;
2541 1419 2769 1489 pretium
2799 1419 3097 1489 margarita:
3120 1459 3134 1484 ,
3181 1433 3365 1474 aurum
3397 1428 3545 1473 tmtm
3571 1434 3589 1472 :

2015 1510 2238 1579 pretium
2269 1510 2571 1576 cbaritatis,
2619 1520 2695 1565 tu.
2726 1509 2931 1578 Qttzeris
2961 1523 3087 1581 ergo
3133 1510 3274 1565 unde
3317 1510 3595 1580 possideas

2015 1596 2263 1665 fttndum,
2286 1613 2547 1672 gemmam
2568 1635 2586 1668 ,
2607 1599 2905 1670 jun‘teutnm
2937 1599 3190 1655 :fundum
3226 1598 3418 1671 qtta‘ris
3453 1601 3599 1657 under

2012 1704 2191 1756 emas,
2220 1696 2275 1745 et
2300 1691 2495 1762 quaeris
2520 1678 2656 1760 apud
2689 1699 2759 1744 te.
2787 1683 2845 1744 Si
2869 1688 2948 1743 vis
2970 1696 3146 1744 autem
3192 1687 3388 1745 habere
3413 1689 3592 1744 chari-

2016 1789 2174 1835 tatem
2192 1823 2206 1845 ,
2237 1796 2414 1852 quzere
2436 1789 2485 1834 te
2509 1822 2523 1843 ,
2546 1787 2601 1835 et
2628 1778 2802 1834 iuveni
2837 1787 2908 1835 te.
2939 1778 3078 1847 Quid
3100 1778 3240 1834 enim
3289 1777 3444 1835 times
3462 1777 3598 1834 dare

2014 1881 2066 1927 te
2094 1912 2109 1938 ,
2156 1886 2224 1926 ne
2257 1885 2542 1926 consumas
2564 1868 2659 1923 te?
2688 1869 2799 1923 lmo
2821 1869 2864 1923 si
2894 1878 2945 1924 te
2971 1882 3078 1923 non
3102 1866 3315 1923 dederis
3342 1908 3359 1932 ,
3412 1865 3594 1938 perdis

2014 1972 2087 2018 te.
2120 1963 2233 2032 ipsa
2263 1961 2494 2018 cltaritas
2522 1976 2618 2031 per
2666 1960 2988 2031 Sapientiam
3038 1957 3273 2030 loquitur
3297 2000 3313 2025 ,
3359 1965 3414 2013 et
3464 1956 3593 2013 dicit

2014 2055 2107 2110 tibi
2134 2054 2329 2126 aliquid
2357 2096 2370 2119 ,
2398 2052 2538 2110 ttnde
2564 2068 2669 2108 non
2694 2065 3023 2123 expavescas
3045 2048 3186 2122 quod
3216 2048 3417 2104 dictum
3464 2058 3546 2103 est
3574 2066 3589 2103 :

2015 2143 2087 2202 Da
2120 2156 2170 2202 te
2200 2147 2392 2217 ipsum.
2426 2145 2483 2201 Si
2506 2144 2622 2216 quis
2642 2144 2782 2200 enim
2800 2142 2959 2198 vellet
2980 2141 3070 2197 tibi
3095 2138 3313 2196 fundum
3335 2139 3588 2205 vendere,

2012 2240 2214 2298 diceret
2232 2238 2322 2297 tibi
2353 2281 2368 2310 ,
2401 2238 2477 2297 Da
2517 2238 2646 2295 mihi
2689 2253 2873 2293 aurum
2905 2248 3051 2291 tuum
3083 2254 3099 2292 :
3129 2242 3183 2290 et
3210 2234 3253 2289 si
3300 2230 3417 2304 quis
3442 2232 3594 2288 aliud

2013 2332 2208 2403 aliquid
2233 2376 2250 2401 ,
2283 2333 2357 2387 Da
2385 2329 2514 2386 mihi
2543 2326 2816 2384 nummum
2849 2336 2995 2382 tuum
3023 2364 3039 2391 ,
3068 2324 3135 2380 da
3161 2324 3289 2379 mihi
3314 2331 3593 2395 argentum

2015 2433 2182 2478 tuum.
2214 2421 2347 2479 Audi
2367 2421 2491 2493 quid
2512 2420 2600 2475 tibi
2631 2414 2773 2474 dicat
2797 2433 2863 2472 ex
2887 2431 2981 2472 ore
3009 2415 3294 2485 Sapientia!
3314 2413 3543 2468 charitas
3575 2431 3591 2465 τ

2019 2514 2097 2571 Da
2122 2516 2247 2570 mihi
2275 2557 2292 2584 ,
2321 2510 2397 2584 [ili
2423 2556 2438 2578 ,
2480 2530 2567 2567 car
2586 2522 2727 2566 tuum
2767 2508 2948 2583 (Prov.
2989 2525 3126 2564 χχιιι
3153 2550 3168 2575 ,
3196 2505 3314 2579 ‘26).
3342 2502 3419 2559 Da
3444 2504 3590 2565 mihi,

2013 2606 2184 2676 inquit
2212 2623 2227 2660 :
2258 2604 2382 2675 quid
2409 2603 2433 2657 ἲ
2463 2600 2569 2675 Fili
2598 2644 2613 2669 ,
2660 2618 2748 2656 cor
2772 2609 2934 2654 tuum.
2965 2595 3101 2655 Male
3142 2606 3295 2661 erat,
3326 2595 3537 2667 quando
3562 2610 3595 2649 tt

2016 2706 2066 2752 te
2090 2702 2204 2750 erat
2224 2737 2239 2762 ,
2267 2692 2479 2765 quando
2500 2691 2593 2747 tibi
2616 2700 2731 2747 erat
2755 2709 2767 2745 :
2801 2705 2896 2761 per
2926 2704 3092 2760 nugas
3118 2686 3261 2743 enim
3290 2697 3345 2742 et
3382 2701 3595 2742 amores

2014 2784 2240 2843 lusciVos
2292 2785 2728 2856 perniciososque
2782 2780 3093 2836 trahebaris.
3124 2779 3272 2835 Tolle
3319 2779 3463 2834 inde.
3488 2777 3597 2834 Ubi

2016 2876 2226 2933 trahis?
2246 2875 2334 2931 ubi
2376 2874 2565 2945 ponis?
2621 2871 2886 2938 Dautilti,
2934 2869 3130 2941 inquit,
3185 2884 3271 2924 cor
3300 2878 3460 2923 iitum.
3512 2866 3599 2924 Si!

2014 2968 2141 3023 mihi
2162 3010 2177 3035 ,
2209 2977 2262 3023 et
2292 2982 2395 3020 non
2424 2962 2560 3036 perit
2588 2963 2701 3018 tibi.
2732 2962 2865 3017 Vide
2902 2962 3044 3016 enim
3074 3001 3089 3025 ,
3127 2960 3170 3015 si
3198 2958 3397 3030 aliquid
3426 2954 3599 3013 voluit

2012 3058 2278 3113 dimittere
2301 3056 2355 3111 in
2380 3064 2433 3111 te
2455 3096 2469 3119 ,
2499 3053 2640 3109 unde
2683 3067 2831 3107 ames
2871 3050 2956 3107 vel
2984 3057 3037 3106 te
3060 3093 3075 3117 ,
3115 3049 3205 3120 qni
3254 3050 3348 3105 tibi
3370 3047 3497 3104 dicit
3523 3049 3542 3081 ί
3576 3061 3597 3102 :

2015 3144 2206 3223 Diliges
2235 3149 2503 3205 Dominum
2534 3142 2696 3202 Deum
2727 3155 2866 3200 tuum
2895 3161 2960 3200 ea:
2987 3154 3093 3198 toto
3124 3142 3273 3197 corde
3297 3152 3384 3223 tuo
3411 3184 3427 3209 ,
3454 3150 3504 3196 et
3531 3150 3599 3196 ex

2015 3222 2133 3298 tota,
2167 3243 2339 3296 anima
2376 3248 2463 3295 tua
2489 3282 2505 3309 ,
2536 3249 2584 3295 et
2614 3255 2676 3294 ex
2700 3248 2804 3292 tota
2847 3247 3009 3291 mente
3052 3247 3158 3290 tua.
3190 3235 3327 3303 Quid
3356 3222 3598 3291 remanet

2012 3334 2080 3390 de
2106 3333 2268 3390 corde
2299 3342 2391 3387 tuo
2413 3375 2426 3398 ,
2459 3331 2599 3387 unde
2622 3326 2809 3401 diligas
2837 3338 2889 3385 te
2916 3327 3089 3399 ipsum
3108 3327 3134 3381 ?
3158 3325 3283 3399 quid
3306 3325 3374 3382 de
3418 3322 3596 3380 anima

2015 3426 2148 3481 tua?
2193 3425 2318 3497 quid
2368 3425 2435 3480 de
2463 3432 2641 3480 mente
2678 3421 2812 3477 tua?
2840 3414 2926 3475 Ex
2971 3429 3113 3487 toto,
3156 3418 3349 3489 inquit.
3399 3416 3594 3475 Totum

2012 3516 2179 3587 exigit
2230 3526 2280 3571 le
2305 3557 2320 3580 ,
2351 3515 2441 3586 Qui
2471 3514 2595 3570 fecit
2642 3521 2717 3569 te.

2083 3606 2306 3664 C.\PUT
2334 3607 2377 3661 V
2406 3636 2473 3646 -ο
2496 3604 2600 3660 Sed
2630 3603 2736 3659 noli
2766 3602 2931 3658 tristis
2957 3616 3099 3672 esse,
3124 3596 3271 3670 quasi
3302 3594 3428 3655 nihil
3455 3599 3602 3658 unde

2013 3702 2243 3774 gaudeas
2272 3693 2615 3757 remaneatin
2642 3707 2712 3755 te.
2745 3696 2963 3753 fatetur
2998 3694 3163 3751 Israel
3189 3739 3206 3765 ,
3256 3712 3358 3752 non
3389 3696 3442 3751 in
3494 3708 3554 3752 se
3579 3737 3601 3765 ,

2014 3791 2107 3848 sed
2136 3788 2189 3847 in
2216 3809 2274 3847 eo
2297 3791 2384 3864 qui
2408 3792 2672 3863 [ecitcum.

2085 3883 2139 3938 8.
2197 3879 2471 3937 Proximus
2529 3890 2775 3952 quantum
2820 3879 3125 3951 diligendus.
3183 3876 3550 3947 ReSpondchis
3578 3914 3599 3943 ,.

2014 3984 2068 4032 et
2090 3973 2238 4030 dices
2267 3993 2281 4028 :
2309 3974 2365 4029 Si
2393 3973 2523 4028 nihil
2555 3974 2682 4028 mihi
2727 3973 2984 4027 remansit
3006 4011 3022 4037 ,
3051 3970 3192 4027 unde
3225 3966 3439 4040 diligam
3460 3984 3547 4024 me
3577 3988 3595 4028 :

2014 4065 2135 4135 quia
2161 4078 2228 4119 ex
2282 4072 2390 4118 toto
2437 4060 2600 4118 corde
2626 4103 2642 4126 ,
2687 4071 2743 4116 et
2784 4075 2848 4116 ex
2877 4069 2984 4115 tota
3032 4060 3244 4126 anima,
3292 4067 3347 4114 et
3391 4072 3456 4113 ex
3486 4063 3600 4113 tota

2014 4165 2194 4211 mente
2217 4153 2408 4224 jubeor
2436 4153 2653 4224 diligere
2684 4167 2804 4207 enm
2835 4151 2925 4223 qui
2974 4151 3100 4206 fecit
3149 4167 3275 4217 me;
3326 4149 3601 4221 quomodo

2015 4247 2252 4303 secundo
2279 4257 2546 4318 pnccepto
2566 4246 2757 4316 jnbeor
2778 4245 2997 4318 diligere
3022 4245 3320 4316 proximum
3343 4254 3603 4315 tanquam

2016 4352 2103 4393 me
2119 4336 2145 4389 ?
2171 4335 2283 4392 Hoc
2311 4346 2392 4392 est
2421 4337 2587 4407 magis
2606 4337 2746 4391 unde
2764 4335 2928 4391 debes
2953 4349 3017 4391 ex
3056 4342 3166 4389 toto
3205 4332 3366 4389 corde
3392 4376 3407 4400 ,
3451 4342 3505 4388 ct
3531 4349 3599 4388 es

2016 4435 2124 4482 tota
2151 4426 2326 4482 anima
2354 4468 2369 4491 ,
2397 4434 2452 4482 et
2499 4440 2565 4483 ex
2608 4435 2718 4483 tota
2767 4434 2944 4482 mente
2988 4427 3249 4495 proximo.
3276 4422 3557 4491 Quomodo
3575 4424 3612 4481 ἵ

2020 4512 2211 4588 Diliges
2231 4516 2519 4586 proximum
2546 4523 2687 4571 tuum
2713 4526 2950 4587 tanquam
2972 4524 3019 4568 te
3042 4516 3206 4585 ipsum
3223 4513 3431 4587 (Matth.
3457 4529 3598 4582 χιιι,

2017 4607 2121 4675 57,
2151 4603 2244 4679 39)
2292 4608 2458 4664 Deum
2509 4620 2572 4663 er
2613 4614 2723 4662 toto
2751 4621 2838 4663 me
2891 4622 2904 4662 :
2956 4604 3256 4677 proximum
3308 4603 3446 4660 sicut
3487 4618 3604 4662 me.

2019 4686 2172 4757 [inde
2201 4714 2286 4756 me
2310 4743 2323 4764 ,
2352 4700 2492 4755 unde
2520 4697 2614 4754 te?
2644 4699 2732 4753 Vis
2760 4697 2945 4753 audire
2977 4696 3119 4753 unde
3166 4694 3355 4770 diligas
3398 4697 3493 4753 te?
3517 4696 3603 4753 Et:

2020 4792 2121 4846 hoc
2145 4786 2321 4861 diligis
2349 4798 2434 4856 te,
2489 4792 2609 4861 quia
2656 4790 2823 4844 Deum
2871 4784 3046 4859 diligis
3076 4802 3139 4844 ex
3171 4796 3285 4843 toto
3314 4795 3389 4844 te.
3438 4787 3608 4843 Putas

2019 4884 2160 4937 enim
2195 4877 2301 4936 Deo
2332 4880 2588 4953 prolicere
2608 4916 2623 4946 ,
2646 4878 2784 4948 quod
2808 4878 2980 4947 diligis
3011 4876 3179 4933 Deum
3198 4877 3225 4932 ?
3251 4886 3306 4933 et
3329 4879 3447 4946 quia
3475 4876 3603 4931 dili-

2019 4976 2099 5045 gis
2126 4976 2289 5030 Deum
2316 5014 2331 5040 ,
2361 4972 2470 5027 Deo
2493 4969 2689 5041 aliquid
2719 4970 2919 5026 accedit
2940 4970 2965 5024 ?
2990 4977 3043 5024 ct
3075 4969 3119 5024 si
3142 4974 3198 5024 tu
3223 4982 3327 5024 non
3367 4967 3556 5039 diligas
3585 5006 3606 5038 ,

2021 5067 2195 5122 minus
2220 5063 2464 5120 habebit?
2490 5062 2621 5118 Cum
2644 5060 2824 5133 diligis
2845 5103 2861 5129 ,
2899 5068 2955 5116 tu
2985 5060 3199 5132 proﬁcis
3225 5077 3240 5114 :
3263 5068 3320 5115 tu
3350 5058 3423 5115 ibi
3455 5059 3567 5114 eris
3585 5097 3605 5127 ,

2022 5157 2109 5213 ubi
2138 5172 2242 5210 non
2269 5155 2428 5226 peris.
2473 5150 2578 5210 Sed
2624 5151 2971 5223 respondebis
2998 5193 3015 5219 ,
3062 5159 3118 5207 et
3164 5151 3349 5215 dices,
3379 5150 3608 5219 Quando

2018 5247 2162 5303 enim
2212 5260 2317 5300 non
2368 5244 2530 5301 dilexi
2582 5241 2709 5299 me?
2755 5242 2983 5300 Prorsus
3040 5256 3148 5298 non
3203 5237 3462 5312 diligebas
3512 5250 3595 5295 te.

2019 5336 2234 5408 quando
2271 5335 2437 5391 Deum
2475 5346 2581 5388 non
2606 5333 2861 5403 diligebas
2883 5373 2899 5397 ,
2922 5332 3012 5403 qui
3057 5330 3181 5387 fecit
3226 5341 3299 5386 te.
3328 5327 3435 5387 Sed
3478 5342 3610 5385 cum

2023 5426 2229 5482 odisses
2258 5434 2310 5483 te
2335 5468 2349 5491 ,
2382 5424 2602 5496 putabas
2628 5423 2768 5494 quod
2794 5437 3005 5477 amares
3033 5430 3105 5477 te.
3131 5421 3235 5489 Qui
3251 5420 3393 5475 enim
3439 5416 3610 5492 diligit

2024 5521 2335 5588 iniquitatem
2358 5562 2372 5585 ,
2402 5517 2509 5573 odit
2536 5518 2757 5571 animum
2781 5530 2926 5570 suam
2950 5512 3121 5587 (Psal.
3144 5528 3174 5568 ι
3200 5554 3216 5579 ,
3238 5512 3319 5585 Β).

2027 5739 2274 5853 ήνὲᾶιιὶιι,
2317 5749 2410 5790 ιλιι
2449 5736 2597 5800 dicit;
2632 5749 2718 5800 pro
2762 5746 2858 5798 quo
2892 5741 2975 5783 us.
3008 5728 3376 5787 Germaneusis,
3407 5721 3494 5792 qui
3530 5724 3615 5777 tibi

2064 5813 2078 5850 t
2151 5835 2161 5849 .

2064 5813 2161 5850 im.
