3988 6190
348 5626 385 5644 ν

383 404 496 459 243

457 522 515 574 9.
574 508 813 567 Precatio
881 509 992 576 post
1059 508 1353 553 sermonem.
1422 486 1677 546 Conversi
1745 482 1810 576 ad
1871 481 1982 537 Do-

383 572 594 663 minimi
622 602 789 657 Deum
819 572 1031 653 Patrem
1060 586 1482 657 omnipotentem
1506 592 1638 650 puro
1656 572 1818 632 corde
1842 615 1857 641 ,
1878 572 1928 629 ei
1962 614 1976 634 .

382 703 647 766 quantum
676 692 854 760 potest
874 681 1108 755 parvitas
1134 682 1319 732 nostra
1342 712 1359 740 ,
1386 669 1643 766 maximas
1662 663 1978 766 atque-ube-

386 755 476 843 res
498 755 694 857 gratiai
718 789 933 851 agamus
963 776 1282 842 :preeantes
1308 772 1419 819 toto
1446 760 1626 816 animo
1659 755 1980 857 singularem

388 847 855 934 matisuetudinem
881 867 1000 937 eius
1023 907 1037 927 ,
1069 870 1126 917 ut
1154 872 1339 931 preces
1386 863 1597 912 nostras
1634 852 1688 906 in
1728 847 1981 916 heuepla-

388 974 503 1026 cito
533 983 635 1023 suo
659 958 915 1020 exaudire
943 956 1189 1027 dignetur
1216 964 1231 1017 ;
1254 948 1526 1004 inimicum
1555 954 1767 1014 quoque
1793 954 1823 992 a
1849 952 1979 993 nos-

391 1062 489 1116 tris
531 1056 741 1114 actibus
773 1061 830 1108 et
873 1042 1284 1118 cogitationibus
1328 1053 1422 1093 sua
1465 1036 1663 1089 virtute
1703 1028 1927 1100 expellat
1963 1068 1978 1093 ,

393 1154 548 1210 nolis
574 1147 893 1217 multiplicet
918 1139 1078 1197 Iidem
1100 1179 1116 1205 ,
1139 1141 1371 1191 mentem
1412 1129 1701 1217 gubernet,
1734 1122 1983 1193 spiritua-

391 1248 471 1303 ιιι.
500 1241 849 1314 cogitationes
895 1228 1171 1292 concedat,
1194 1234 1248 1282 et
1299 1216 1783 1314 adﬂbcatitudinctn
1800 1226 1981 1314 ‘snarn

393 1303 687 1405 perducat:
720 1338 816 1399 per
841 1324 1022 1381 losum
1066 1315 1335 1375 Christum
1362 1309 1552 1367 Filium
1572 1321 1727 1405 suum
1752 1346 1768 1372 ,
1800 1303 1984 1405 Domi-

391 1396 525 1484 num
553 1396 788 1480 nostrum
818 1460 834 1484 ,
861 1416 950 1486 qui
978 1426 1098 1468 cum
1123 1425 1190 1466 eo
1213 1406 1341 1461 vit-it
1368 1413 1422 1458 et
1451 1408 1635 1473 regnat
1682 1397 1736 1453 in
1783 1396 1985 1449 unitate

393 1519 626 1589 Spiritus
653 1512 820 1569 sancti
851 1510 990 1563 Deus
1014 1545 1033 1572 ,
1076 1517 1169 1572 per
1194 1497 1372 1555 omnia
1398 1493 1590 1549 srecula
1643 1487 1982 1545 saeculorum.

394 1619 567 1668 Anien
596 1609 634 1661 ’.

857 1729 1085 1791 SEBMO
1121 1724 1315 1784 XXXV
1342 1729 1354 1748 ⁸
1389 1722 1493 1796 (a).

402 1876 479 1931 De
505 1892 563 1929 eo
582 1870 717 1941 quod
740 1869 985 1935 scriptam
1026 1870 1099 1918 est
1149 1862 1202 1914 in
1233 1855 1515 1912 Proverbiis
1556 1848 1846 1941 Salomonis
1875 1887 1888 1911 ,
1927 1843 1985 1900 Si

468 1939 683 2036 supinus
714 1960 875 2016 fueris
898 2001 913 2023 ,
942 1955 1034 2011 tibi
1063 1961 1118 2009 et
1145 1949 1399 2022 proximis
1429 1945 1531 2004 tuis
1551 1943 1660 2036 eris
1686 1957 1701 2006 ;
1728 1939 1779 1995 si
1807 1944 1984 2036 autem

469 2025 645 2113 malus
671 2050 905 2109 evaseris
928 2090 941 2114 ,
969 2046 1116 2102 solus
1142 2040 1360 2097 haurias
1379 2036 1538 2092 mala.
1563 2030 1692 2103 Cap.
1725 2046 1779 2086 nt
1802 2030 1869 2098 ,ᾗ
1897 2025 1985 2095 η,

471 2167 571 2204 see.
593 2144 735 2203 LXX
766 2137 864 2215 (b).

475 2287 530 2340 l.
562 2281 745 2338 Divina
789 2275 997 2346 eloquia
1042 2273 1086 2327 si
1134 2287 1236 2327 non
1288 2268 1618 2339 negligenter
1663 2260 1983 2324 audiantur,

400 2394 513 2435 non
540 2371 809 2430 immerito
862 2367 1081 2423 forsitan
1123 2369 1330 2417 moveat
1374 2357 1502 2413 illud
1549 2353 1690 2426 quod
1728 2352 1984 2422 scriptum

396 2478 486 2524 est
506 2510 523 2531 ,
556 2463 699 2529 Fili,
723 2460 770 2516 si
789 2459 989 2529 sapiens
1016 2453 1173 2527 [ueris
1192 2495 1206 2517 ,
1234 2450 1322 2504 tibi
1352 2449 1554 2521 sapiens
1580 2447 1678 2501 eris
1702 2487 1717 2510 ,
1741 2453 1788 2499 et
1806 2443 1984 2513 proxi-

402 2556 499 2611 mis
522 2554 621 2609 tuis
644 2568 665 2617 ;
692 2552 736 2605 si
764 2558 931 2604 autem
958 2545 1123 2599 malus
1152 2540 1366 2596 evaseris
1387 2580 1403 2603 ,
1435 2537 1572 2592 solus
1600 2534 1802 2587 haurias
1830 2532 1987 2586 mala.

401 2643 680 2716 Quomodo
708 2641 811 2710 hoc
839 2638 979 2692 enim
1027 2642 1170 2689 recte
1212 2629 1378 2699 possit
1422 2626 1691 2696 intelligi?
1741 2622 1992 2692 Quando-

401 2739 616 2812 quidem
665 2736 803 2791 sicut
849 2745 947 2787 nos
992 2728 1128 2782 bona
1182 2722 1407 2797 proximi
1462 2716 1694 2776 laetiﬁcat
1737 2717 1880 2784 vita,
1921 2716 1989 2768 ita

400 2806 565 2887 etiam
592 2838 841 2899 perversa
871 2818 1170 2878 contristat.
1200 2817 1306 2870 Aut
1331 2814 1374 2868 si
1407 2812 1507 2866 hoc
1548 2818 1762 2881 prapter
1789 2806 1994 2862 suasio-

402 2939 526 2978 nem
555 2921 753 2977 dictum
785 2923 997 2987 putatur
1019 2953 1036 2977 ,
1067 2910 1188 2981 quia
1217 2907 1429 2978 sapiens
1467 2914 1522 2960 et
1565 2903 1663 2958 sibi
1711 2911 1794 2959 est
1819 2903 1839 2932 ’
1862 2941 1878 2966 ,
1938 2909 1995 2955 et

402 3015 485 3070 eis
502 3012 695 3084 quibus
720 3004 1006 3080 persuadet
1030 3001 1346 3073 sapientiam
1370 3014 1384 3063 ;
1430 3012 1536 3067 quo
1566 3004 1721 3065 pacto
1751 2995 1794 3047 si
1823 2993 1994 3049 malus

401 3103 634 3159 evaserit
656 3143 674 3167 ,
718 3099 866 3155 solus
911 3093 1118 3151 hauriet
1140 3091 1274 3148 mala
1298 3105 1451 3157 ,cum
1475 3087 1541 3142 de
1568 3086 1748 3140 talium
1778 3100 1995 3153 persua—

404 3195 643 3250 sionibus
663 3192 860 3247 dictum
883 3188 952 3244 sit
970 3230 986 3253 ,
1014 3185 1357 3255 Corrumpunt
1384 3198 1545 3235 mores
1567 3181 1718 3234 bonos
1743 3177 1995 3249 colloquia

405 3286 542 3340 uiola
564 3284 605 3356 (l
626 3283 749 3339 Cor.
783 3297 875 3347 xv,
904 3278 1042 3350 33)?
1067 3275 1203 3343 Lnid
1230 3274 1370 3330 enim
1397 3272 1535 3327 aliud
1558 3276 1749 3327 clamat
1779 3286 1878 3325 vox
1909 3270 1994 3324 illa

404 3375 680 3433 rharitatis
711 3391 726 3426 :
759 3372 820 3427 Si
856 3371 1173 3443 gloriﬁcatur
1218 3382 1374 3419 unum
1418 3363 1725 3428 membrum,
1774 3378 1996 3433 congau-

406 3468 527 3521 dent
558 3464 730 3520 omnia
769 3460 1033 3525 membra;
1079 3468 1126 3513 et
1169 3457 1214 3511 si
1255 3456 1447 3526 patitur
1486 3470 1643 3507 unum
1675 3453 1949 3506 nmnbrum
1978 3492 1993 3516 ,

405 3559 781 3628 (cuipotiuntur
806 3554 974 3609 omnia
1007 3549 1227 3603 membra
1252 3547 1360 3618 (Id.
1392 3562 1465 3601 xu
1490 3588 1505 3613 ,
1553 3545 1689 3617 26)?
1717 3543 1997 3615 Quomodo

406 3666 538 3721 ergo
567 3664 752 3705 verum
772 3656 855 3701 est
875 3688 889 3710 ,
950 3642 1056 3698 Fili
1078 3682 1095 3708 ,
1146 3642 1191 3695 si
1220 3641 1421 3710 sapiens
1441 3639 1598 3710 {ueris
1618 3680 1631 3703 ,
1660 3636 1749 3690 tibi
1799 3637 2000 3704 sapiens

408 3743 508 3796 eris
533 3781 548 3806 ,
573 3750 620 3796 et
644 3739 883 3810 proximis
914 3737 1047 3799 tuis;
1094 3734 1135 3789 si
1160 3741 1327 3787 autent
1370 3732 1535 3787 malus
1581 3730 1798 3784 euauris
1819 3770 1834 3795 ,
1862 3727 1999 3783 solus

410 3835 612 3888 hauritu
658 3833 793 3886 mata
815 3832 842 3885 1’
864 3826 1144 3899 Quomodo
1183 3825 1302 3896 ejus
1330 3824 1470 3880 bono
1515 3820 1758 3895 gaudebo
1783 3862 1799 3884 .
1848 3818 2001 3889 cujus

413 3925 554 3978 malo
577 3924 629 3978 in
658 3937 747 3977 me
773 3918 944 3976 malus
970 3934 1075 3972 non
1101 3931 1193 3975 ero
1220 3914 1285 3969 ³2
1336 3911 1613 3984 Quomodo
1658 3927 1744 3966 me
1771 3910 2002 3966 delectat

416 4019 664 4071 inventus
690 4056 707 4082 ,
757 4012 848 4082 qui
896 4025 983 4068 me
1050 4024 1239 4065 securo
1287 4006 1481 4078 poterit
1549 4018 1670 4061 esse
1726 4001 2000 4075 perditus?

415 4108 601 4165 Nonne
644 4108 689 4162 si
716 4091 931 4177 sapiens
955 4103 1148 4168 fuerit,
1189 4116 1378 4157 sanum
1406 4097 1703 4155 membrum
1744 4094 1887 4159 erit.
1915 4093 1999 4148 cui

413 4207 606 4255 et-tera
633 4194 874 4253 membra
923 4190 1292 4265 congaudent?
1322 4186 1600 4258 Quomodo
1640 4186 1802 4256 igitur
1829 4184 2004 4240 malus

412 4288 563 4344 solus
588 4286 798 4343 hauriet
818 4284 984 4351 mala,
1018 4300 1138 4340 cum
1169 4280 1416 4338 similiter
1433 4294 1576 4351 πει-ο
1597 4276 1839 4333 membro
1857 4290 2003 4331 com-

417 4379 686 4451 patiuntur
698 4386 754 4432 et
777 4384 971 4432 czctera
991 4374 1016 4429 i

485 4469 541 4525 2.
565 4469 691 4524 "me
721 4466 942 4538 proinde
966 4465 1190 4538 qnzestio
1214 4464 1317 4520 nisi
1341 4461 1497 4519 fuerit
1519 4461 1689 4518 soluta
1711 4500 1728 4528 ,
1751 4458 2003 4515 turbabit.

422 4560 648 4617 Domino
689 4566 869 4615 autem
896 4556 1181 4630 adjuvante
1210 4555 1445 4611 solvetur
1467 4593 1482 4621 ,
1511 4553 1555 4609 si
1582 4552 1828 4623 primitus
1876 4549 2006 4606 illud

419 4654 644 4710 veritate
666 4651 965 4709 certissima
995 4650 1273 4706 definitum
1303 4690 1319 4714 ,
1347 4646 1511 4704 ﬁxum
1534 4657 1709 4718 atque
1736 4645 2008 4701 immobile

420 4751 695 4800 teneamus
718 4785 734 4811 ,
767 4758 864 4798 nec
895 4741 1091 4797 bonum
1122 4754 1444 4811 quemquam
1459 4738 1602 4793 bono
1622 4736 1875 4803 alterius,
1907 4750 2009 4792 nec

419 4837 616 4893 malum
639 4835 783 4892 male
807 4834 1026 4890 alterius
1069 4848 1190 4889 esse
1231 4847 1410 4904 posse.
1440 4830 1572 4888 llinc
1595 4832 1736 4887 enim
1766 4831 1840 4886 ait
1866 4831 2009 4902 Apo-

419 4930 589 4984 stolus
612 4970 628 4993 .
668 4927 1022 4999 Unusquisque
1052 4939 1280 4983 nostrum
1305 4925 1567 4997 proprium
1607 4941 1742 4981 onus
1791 4925 2009 4997 portabit

422 5018 617 5092 (Galat.
652 5036 736 5086 rt,
782 5020 840 5091 5)
869 5036 884 5073 :
912 5026 967 5074 et
1006 5018 1174 5084 alibi,
1204 5017 1374 5090 Igitur
1420 5018 1755 5089 unusquisque
1783 5025 2012 5074 nostrain

484 5220 499 5253 ³
525 5218 695 5271 ιεωωε
716 5218 945 5282 precatio,
978 5218 1257 5276 Conversi”,
1283 5227 1440 5287 usque
1458 5218 1537 5273 ad,
1554 5218 1726 5274 Am,
1748 5223 1862 5276 quae
1873 5218 2011 5274 juxta

420 5278 554 5330 t'lim-
760 5287 835 5352 es
856 5279 903 5352 in
928 5279 1063 5328 "bris
1079 5285 1196 5352 rost
1209 5290 1422 5352 εξεμεξξν
1441 5275 1808 5352 ροημῖεξρξξέιιξιῖ
1821 5277 2013 5352 ΨΜ·

684 5348 764 5410 tts.
1120 5345 1235 5410 ante
1257 5349 1407 5410 annos
1751 5336 2012 5410 ἀωτὴβοτ

686 5381 1486 5461 ἷξῧῖὧοᾟῖῖἆῖῧὸξξῆἇῆδῖ
1498 5381 1728 5450 Ξίἇῖεὲιῖὖ
1747 5381 2014 5462 ἑὶὲὶῖιῇιᾷὲί

487 5527 509 5560 ³
530 5528 669 5577 sirm.
687 5559 705 5586 ,
727 5524 867 5589 cadus
889 5522 1009 5576 ntali
1042 5523 1292 5575 {timemur
1313 5534 1406 5572 non
1429 5535 1528 5573 ero.
1579 5521 1866 5571 Emendutur
1888 5520 1947 5570 ad
1965 5534 2015 5577 ν.

488 5611 505 5630 ⁸
526 5611 690 5660 Editus
711 5623 777 5660 ex
800 5624 847 5659 ν.
875 5618 927 5660 et
957 5609 1093 5658 sirm.

507 5694 558 5762 ει)
590 5689 1276 5762 ὲιίκνὲοθκ..εί¹¹“⁰“ἀί²ηί³·
1519 5761 1523 5762 ν
1671 5755 1680 5762 ,
1732 5750 1741 5759 .
1826 5755 1837 5762 ,
1891 5747 1919 5762 ..

425 5826 451 5862 c
486 5747 561 5865 (bl)
591 5747 985 5863 tanuoPosstdius
1025 5762 1301 5803 sermonem
1344 5755 1685 5799 commemorat
1731 5750 1778 5798 in
1825 5747 2019 5799 Intliculi

452 5830 531 5877 ait
556 5830 588 5865 e
645 5847 659 5862 .
722 5848 731 5857 .

716 5214 1257 5287 precatio,__courersi..,
1283 5227 1440 5287 usque
1458 5212 1537 5273 ad,
1554 5217 1737 5287 Amen,
1748 5223 1862 5287 quas
1873 5211 2011 5287 juxta

1772 360 2002 422 SERMO
2042 357 2259 416 XXXV.

3568 360 3677 417 ιη

2088 495 2180 548 pro
2212 495 2266 535 se
2306 479 2552 535 rationem
2596 478 2768 535 reddet
2817 476 2991 549 (Rom.
3026 494 3148 545 stv,
3172 476 3262 550 li)
3292 495 3306 534 :
3344 486 3398 535 et
3444 478 3662 549 iterum,

2089 568 3195 642 Opusautstnsuumprobetanusquisque;
3243 577 3435 624 «tunc
3478 569 3533 623 in
3588 584 3667 629 ss-

2087 664 2298 736 metipso
2325 673 2521 719 tantum
2542 664 2762 736 glorians
2785 663 2983 718 habebit
3004 704 3021 729 ,
3048 672 3096 717 et
3137 678 3238 717 non
3260 663 3320 717 in
3342 661 3503 717 altero
3538 658 3672 733 (Ca-

2086 754 2177 810 lat.
2205 770 2292 823 vr,
2318 755 2393 826 Δ).
2425 756 2537 811 Hoc
2556 755 2716 811 etiam
2754 769 2849 825 per
2878 753 3193 826 prophetam
3230 752 3562 809 Ezechielem
3589 749 3661 804 di»

2088 846 2271 901 citur:
2318 844 2499 900 Anim
2528 848 2687 916 patris
2738 861 2851 900 mea
2875 851 2989 909 est,
3044 842 3217 898 mxima
3271 840 3362 897 iiii
3404 856 3517 896 mea
3556 849 3673 903 est;

2089 937 2260 991 anima
2287 952 2400 1008 qua
2423 936 2729 1007 peccaverit,
2750 935 2864 1007 ipsa
2883 934 3122 990 morietur
3141 932 3356 1005 (Eucti.
3396 946 3532 989 svnt
3554 973 3570 999 ,
3593 932 3672 1004 ὅ).

2090 1026 2281 1085 'l‘ntum
2326 1027 2475 1084 illum
2527 1027 2702 1083 locum
2756 1027 2835 1082 sic
2877 1025 3137 1096 explicat,
3182 1033 3243 1081 nt
3281 1022 3530 1083 ostendat
3578 1037 3677 1081 nec

2091 1120 2247 1177 benis
2276 1127 2556 1191 parentum
2580 1119 2847 1176 sublevari
2873 1117 3009 1174 ﬁlios
3031 1117 3201 1174 malos
3227 1157 3243 1183 ,
3277 1132 3376 1173 nec
3397 1116 3555 1173 malis
3574 1129 3673 1186 op-

2092 1213 2245 1283 primi
2272 1213 2460 1270 honos.
2483 1211 2596 1281 Qua
2623 1211 2965 1268 voracissima
2997 1207 3261 1265 sententia
3304 1215 3522 1279 prepter
3543 1221 3673 1261 nos-

2091 1303 2345 1372 metipsos
2394 1303 2643 1373 primitus
2691 1317 2755 1356 ac
2806 1300 3113 1356 ﬁrmissime
3158 1288 3485 1361 constituta.
3510 1304 3678 1352 restat

2090 1394 2352 1464 inspicere
2376 1394 2504 1465 quid
2524 1394 2640 1449 aliis
2664 1393 3028 1466 impertiamur
3056 1390 3250 1456 ofﬁcii;
3277 1387 3677 1461 diligentissime

2089 1486 2476 1559 distinguentes
2502 1502 2661 1559 quem
2688 1496 2887 1544 nostra:
2936 1485 3126 1542 salutis
3174 1491 3488 1555 appetamus
3515 1480 3677 1537 ct'fec-

2092 1587 2203 1634 tum
2227 1620 2242 1645 ,
2287 1594 2445 1651 quem
2476 1579 2731 1650 proximis
2776 1576 3064 1635 reddamus
3109 1574 3376 1631 allectum.
3407 1573 3465 1630 Si
3507 1573 3681 1633 bonus

2091 1686 2185 1739 es,
2212 1686 2320 1728 non
2357 1672 2571 1744 quidem
2609 1671 2829 1727 alterius
2876 1670 3017 1725 bona
3041 1710 3056 1736 ,
3107 1667 3203 1724 sed
3248 1677 3344 1722 tuo
3372 1666 3540 1723 bonus
3563 1680 3623 1720 es
3662 1681 3678 1717 :

2091 1775 2457 1823 verumtamen
2489 1779 2556 1821 eo
2584 1764 2700 1837 ipso
2743 1773 2834 1819 tuo
2878 1763 3022 1818 bono
3049 1775 3156 1831 quo
3198 1758 3370 1814 bnmts
3404 1772 3495 1823 es,
3519 1756 3680 1813 etiam

2089 1855 2233 1913 bono
2255 1852 2475 1915 alterius
2494 1894 2512 1923 ,
2536 1872 2643 1910 non
2673 1863 2908 1909 mutuata
2948 1852 3187 1908 bonitate
3210 1891 3226 1917 ,
3265 1849 3363 1906 sed
3391 1857 3571 1906 mutua
3602 1847 3684 1904 di-

2092 1946 2318 2004 lectione
2340 1945 2661 2017 congaudes.
2691 1944 2822 2000 Item
2862 1943 2909 2000 si
2955 1943 3125 2002 malus
3155 1957 3254 2008 cs,
3278 1955 3385 1997 non
3416 1938 3588 1998 tnalus
3624 1953 3683 1993 es

2092 2039 2235 2095 malo
2256 2038 2468 2104 alieno,
2511 2036 2607 2099 sed
2639 2046 2733 2093 tuo
2769 2054 2782 2089 :
2819 2034 3010 2093 eodem
3032 2048 3243 2105 quoque
3268 2041 3364 2087 tuo
3408 2031 3549 2088 malo
3576 2046 3681 2086 non

2091 2127 2268 2199 diligis
2290 2128 2589 2198 proximum
2618 2136 2870 2196 tanquam
2901 2135 2954 2182 te
2979 2125 3186 2196 ipsum;
3227 2138 3400 2193 neque
3427 2121 3569 2178 enim
3597 2120 3683 2176 di-

2093 2218 2211 2289 ligis
2230 2218 2314 2273 vel
2345 2227 2397 2273 te
2422 2216 2615 2287 ipsum.
2656 2216 2839 2287 Diligis
2882 2215 3079 2286 quippe
3121 2214 3452 2285 iniquitatem
3480 2210 3681 2269 acerri-

2094 2323 2236 2364 mam
2265 2306 2534 2363 inimieam
2558 2347 2575 2373 ,
2605 2320 2711 2362 non
2741 2307 2832 2363 tibi
2859 2306 3194 2362 extrinsecus
3240 2303 3543 2369 admotam,
3588 2301 3684 2359 sed

2093 2398 2191 2456 abs
2219 2407 2269 2455 te
2297 2398 2388 2454 tibi
2417 2396 2737 2455 intrinsecus
2764 2396 2956 2455 factam
2985 2414 2998 2451 :
3028 2411 3148 2467 qua:
3173 2405 3233 2451 ut
3274 2394 3479 2452 tacilius
3515 2395 3687 2450 vincat

2074 2500 2175 2558 ‘tc,
2211 2489 2363 2549 faves
2389 2490 2437 2547 ei
2459 2499 2644 2546 contra
2676 2498 2748 2544 te.
2780 2489 2851 2544 lta
2873 2487 3015 2561 quod
3058 2495 3110 2543 te
3135 2486 3314 2545 oderis
3343 2495 3527 2558 aperte
3552 2500 3684 2541 con-

2092 2584 2329 2645 sitieeris
2349 2625 2365 2648 ,
2395 2598 2519 2639 eam
2552 2597 2672 2639 eam
2704 2579 2879 2653 diligis
2899 2621 2913 2645 ,
2958 2594 2990 2635 a
3020 2594 3124 2650 qua
3160 2578 3382 2650 turpiter
3430 2577 3682 2633 vinceris.

2096 2673 2278 2746 Neque
2304 2673 2452 2730 enim
2477 2672 2712 2729 divinum
2739 2670 3007 2743 eloquium
3041 2668 3263 2725 falsctur
3281 2709 3295 2733 ,
3338 2684 3443 2739 quo
3485 2667 3685 2723 dictum

2096 2774 2177 2821 est
2197 2806 2214 2830 ,
2245 2764 2349 2831 Qui
2367 2773 2536 2820 autem
2563 2763 2731 2835 diligit
2760 2762 3076 2835 iniquitatem
3099 2802 3115 2829 ,
3147 2757 3253 2814 odit
3280 2759 3501 2814 animum
3545 2774 3690 2814 suam

2098 2855 2268 2927 (Psal.
2297 2872 2333 2912 ι
2352 2896 2367 2924 ,
2398 2855 2477 2926 6).

2171 2950 2222 3004 5.
2253 2948 2385 3004 llinc
2408 2956 2494 3004 est
2517 2963 2679 3018 ergo,
2710 2946 2853 3018 quod
2884 2945 3055 3002 bonus
3095 2960 3162 3001 eo
3208 2944 3351 3001 bono
3389 2959 3494 3016 quo
3520 2944 3692 3000 bonus

2099 3047 2180 3094 est
2200 3080 2213 3104 ,
2238 3048 2294 3094 et
2311 3039 2453 3095 bono
2478 3038 2697 3093 alterius
2720 3037 3048 3109 gratulatur,
3074 3045 3129 3091 et
3152 3035 3294 3091 malo
3321 3035 3540 3090 alterius
3564 3050 3695 3091 con-

2102 3130 2363 3185 tristatur.
2395 3130 2474 3184 Ac
2518 3144 2614 3199 per
2658 3126 2762 3183 hoc
2810 3127 2900 3181 tali
2942 3125 3225 3199 proximo;
3271 3124 3522 3197 quoniam
3578 3124 3694 3196 ipse

2102 3222 2277 3279 verius
2299 3220 2493 3277 dicitur
2524 3219 2797 3291 proximus
2819 3258 2836 3284 ,
2866 3217 2957 3290 qui
2990 3228 3040 3274 te
3065 3217 3132 3273 de
3160 3217 3406 3290 proximo
3424 3215 3651 3273 attendit
3674 3258 3691 3280 .

2102 3315 2207 3372 hoc
2229 3324 2312 3371 est
2340 3312 2757 3370 misericorditer
2782 3312 3024 3385 respicit;
3051 3312 3138 3368 tali
3168 3327 3297 3387 ergo
3321 3313 3566 3384 proximo
3592 3311 3696 3367 uti-

2101 3423 2204 3478 que
2226 3447 2243 3472 .
2291 3406 2333 3461 si
2375 3406 2576 3478 sapiens
2606 3405 2762 3477 fueris
2785 3446 2801 3470 ,
2828 3415 2884 3460 et
2928 3403 3020 3459 tibi
3050 3413 3103 3460 et
3128 3404 3201 3459 illi
3232 3404 3338 3460 eris
3370 3422 3381 3456 :
3417 3419 3520 3457 non
3568 3403 3690 3473 quia

2102 3498 2242 3552 bono
2272 3506 2363 3553 tuo
2387 3496 2560 3552 bonus
2581 3497 2713 3559 erit,
2742 3494 2837 3551 scd
2858 3495 2982 3566 quia
3021 3495 3161 3550 bono
3186 3509 3283 3550 suo
3315 3494 3438 3550 boni
3485 3493 3562 3548 tni
3610 3491 3694 3549 di-

2104 3590 2271 3644 lector
2291 3590 2411 3643 erit.
2454 3587 2516 3642 Si
2553 3596 2731 3642 autem
2757 3586 2921 3641 malus
2962 3585 3209 3650 evaseris,
3253 3602 3355 3639 non
3395 3599 3517 3639 cunt
3558 3583 3647 3639 illo
3678 3624 3694 3650 ,

2104 3678 2198 3733 sed
2237 3679 2373 3732 solus
2400 3677 2603 3731 Iiauries
2642 3677 2797 3731 mala.
2827 3675 3010 3747 Neque
3057 3674 3200 3731 enim
3229 3674 3370 3730 mulo
3395 3683 3488 3730 tuo
3526 3674 3697 3731 malus

2105 3772 2207 3826 crit
2230 3812 2245 3838 ,
2272 3769 2366 3825 sed
2390 3770 2442 3826 iu
2484 3778 2574 3825 tuo
2613 3768 2917 3825 misericors
2945 3768 3067 3824 erit.
3099 3766 3402 3823 Mtestiticat
3436 3781 3559 3823 cum
3586 3782 3700 3823 nta-

2105 3862 2246 3929 litia,
2275 3861 2369 3917 sed
2399 3876 2504 3916 non
2535 3859 2773 3933 sequitur
2802 3873 2960 3929 pinna
2992 3874 3084 3915 sua
3118 3875 3130 3911 :
3165 3857 3363 3929 irrogat
3405 3856 3480 3913 illi
3528 3855 3697 3912 tristi-

2108 3954 2234 4008 tiam
2250 3996 2264 4019 ,
2295 3969 2399 4008 non
2420 3967 2541 4007 cum
2562 3951 2653 4006 illo
2674 3950 3032 4007 communicat
3051 3948 3384 4020 iniustitiam.
3409 3947 3576 4004 Malus
3604 3949 3700 4003 ita-

2107 4059 2210 4114 que
2233 4060 2337 4096 non
2362 4058 2481 4097 cum
2509 4040 2752 4113 proximo
2781 4040 2918 4096 bona
2939 4079 2956 4107 ,
2986 4038 3080 4096 sed
3108 4039 3246 4094 solus
3274 4040 3473 4097 Itauries
3513 4040 3647 4095 mala
3680 4055 3700 4103 ;

2107 4133 2229 4204 quia
2260 4132 2526 4186 tristitiam
2570 4131 2712 4185 illam
2732 4172 2748 4198 ,
2773 4146 2932 4202 quam
2980 4129 3047 4187 dc
3085 4138 3138 4185 te
3170 4128 3328 4185 habet
3352 4131 3523 4186 bonus
3544 4171 3560 4199 ,
3602 4146 3703 4186 suo

2108 4224 2249 4281 bono
2276 4221 2472 4289 habet,
2502 4230 2556 4276 et
2577 4230 2668 4275 tuo
2692 4222 2853 4276 malo.
2877 4219 2971 4277 Illa
3001 4220 3210 4276 tristitia
3239 4221 3378 4277 illius
3405 4219 3702 4277 iudicatdi-

2111 4316 2391 4373 lectionem
2419 4354 2434 4380 ,
2471 4321 2613 4367 tuam
2638 4311 2991 4383 perditionem
3025 4328 3040 4366 :
3070 4320 3119 4367 te
3143 4311 3394 4377 damnat,
3435 4311 3580 4367 illum
3609 4328 3700 4366 eo-

2112 4416 2264 4463 ronat
2286 4393 2309 4471 ;⁸
2326 4415 2377 4462 te
2406 4402 2659 4476 depritnit
2681 4444 2697 4470 ,
2726 4401 2873 4459 illum
2899 4403 3073 4476 erigit.
3103 4401 3226 4460 Ideo
3251 4402 3408 4461 etiam
3444 4404 3701 4487 scriptum

2110 4508 2194 4557 est
2218 4542 2233 4568 ,
2266 4501 2559 4561 Obedieutes
2585 4511 2737 4559 estote
2763 4501 3045 4573 praepositis
3079 4501 3255 4556 vestris
3291 4515 3310 4555 :
3337 4499 3433 4572 ipsi
3462 4500 3595 4557 enim
3624 4501 3701 4555 υἱ·
3732 4562 3738 4567 θ

2110 4594 2271 4665 gilaut
2295 4611 2388 4667 pro
2409 4594 2672 4651 animabus
2693 4595 2867 4650 vestris
2880 4604 3122 4665 tauquam
3145 4592 3385 4649 rationem
3415 4592 3661 4655 reddituri
3684 4607 3703 4645 :

2113 4696 2166 4739 ut
2191 4702 2306 4740 cum
2330 4686 2519 4756 gaudio
2549 4686 2643 4741 hoc
2667 4686 2890 4759 faciant,
2922 4695 2968 4742 et
2994 4702 3097 4740 non
3139 4701 3256 4739 cum
3279 4684 3517 4748 tristitia;
3545 4700 3704 4761 neque

2112 4779 2245 4833 enim
2272 4779 2473 4850 expedit
2501 4779 2636 4833 vobis
2680 4777 2865 4851 (Hebr.
2897 4794 3027 4844 aut,
3061 4778 3171 4849 l7).
3222 4776 3382 4832 Vobis
3424 4791 3552 4847 ergo
3595 4791 3701 4830 non

2115 4871 2331 4942 expedit
2350 4872 2560 4926 illorum
2588 4869 2795 4925 tristitia
2829 4868 3167 4940 pra-gravari.
3200 4867 3331 4921 Nam
3362 4866 3466 4921 illis
3485 4863 3703 4935 expedit

2115 4964 2183 5019 de
2211 4972 2392 5021 nostra
2428 4961 2629 5019 malitia
2678 4959 3005 5017 contristari.
3055 4960 3231 5015 Bonos
3260 4972 3389 5030 ergo
3430 4957 3706 5030 proximos

2116 5055 2344 5126 deputa;
2394 5062 2448 5110 et
2499 5062 2616 5110 esto
2645 5051 2851 5121 bonus,
2881 5060 2971 5108 tuo
2998 5050 3211 5123 quidem
3242 5049 3383 5105 bono
3401 5089 3417 5115 ,
3448 5064 3554 5111 non
3580 5049 3702 5115 illo-

2120 5163 2269 5213 rum;
2297 5156 2351 5202 et
2377 5146 2492 5217 ipso
2518 5160 2627 5201 non
2654 5145 2751 5207 abs
2779 5154 2830 5200 te
2872 5143 2964 5199 tibi
2989 5142 3147 5210 dato,
3191 5141 3286 5198 sed
3323 5140 3578 5200 divinitus
3604 5143 3702 5199 im-

2118 5238 2334 5309 pertita.
2366 5236 2502 5306 Quid
2525 5235 2668 5293 enim
2691 5235 2856 5292 habes
2875 5232 3017 5307 quod
3058 5250 3162 5291 non
3188 5232 3443 5306 accepisti
3494 5232 3552 5307 (l
3582 5232 3704 5290 Cor.

2123 5344 2206 5395 Iv,
2234 5329 2327 5401 7)?
2357 5328 2529 5400 Atque
2548 5327 2618 5383 ita
2641 5368 2656 5395 ,
2686 5324 2748 5383 Si
2768 5326 2971 5398 sapiens
2998 5325 3154 5399 fueris
3176 5367 3193 5394 ,
3222 5324 3312 5381 tibi
3338 5324 3540 5396 sapiens
3566 5324 3666 5379 eris
3690 5364 3707 5390 ,

2122 5430 2166 5474 et
2193 5421 2436 5493 proximis
2472 5421 2603 5486 tuis,
2652 5420 2845 5492 quibus
2863 5420 3062 5478 bonum
3105 5427 3190 5475 est
3227 5418 3293 5473 de
3337 5428 3424 5473 tua
3474 5417 3708 5474 bonitate

2124 5511 2311 5567 laetari.
2335 5510 2399 5568 Si
2419 5522 2587 5567 autem
2629 5512 2793 5567 mtas
2811 5511 3058 5577 evaseris,
3105 5509 3245 5565 solus
3278 5508 3479 5564 Isauria
3522 5509 3662 5565 mla
3684 5549 3704 5576 ,

2127 5621 2230 5659 non
2257 5605 2415 5661 etiam
2445 5604 2518 5661 illi
2543 5645 2558 5668 .
2606 5604 2796 5676 quibus
2820 5612 2874 5661 et
2902 5603 3003 5662 hoc
3031 5604 3227 5661 bonum
3257 5611 3340 5660 est
3365 5603 3431 5661 de
3458 5610 3545 5661 tua
3592 5618 3706 5660 ma-

2129 5696 2236 5750 litia
2263 5696 2589 5754 contristari.
