3988 6190
352 354 461 416 917

357 475 596 530 vitiorum
624 473 846 527 inanitas
870 476 919 527 et
946 470 1243 542 periculum.
1277 467 1387 526 Nec
1439 478 1617 525 tamen
1656 480 1710 525 et
1750 468 1942 524 divites

354 565 545 621 mundi
568 563 865 633 contempti
888 571 1032 618 sunt.
1062 562 1127 617 Et
1156 563 1299 631 ipsos
1326 561 1560 616 lucratus
1584 570 1666 616 est
1688 575 1783 614 sua
1814 573 1942 631 pau-

351 666 585 728 pertate,
614 657 705 728 qui
744 670 866 711 cum
893 655 1042 710 dives
1075 665 1238 721 esset,
1267 662 1481 725 preptcr
1505 666 1602 710 nos
1639 669 1838 724 pauper
1864 652 1942 708 ef-

349 751 522 806 fectus
549 760 654 805 cst.
681 749 815 805 Nam
862 743 904 803 si
946 763 1040 804 eos
1077 748 1523 818 comtetttpsissct,
1550 758 1602 803 et
1632 747 1682 802 in
1716 761 1939 802 numero

348 851 663 897 sanctorum
694 839 894 894 habere
920 839 1197 904 noluisset,
1228 855 1332 893 non
1359 837 1661 903 Timotheo,
1690 839 1827 893 sicut
1854 836 1937 892 di-

347 933 560 999 cellam,
586 931 878 1002 Apostolus
900 930 1264 1000 przccepisset,
1290 939 1345 983 ttt
1368 937 1418 983 et
1452 929 1563 999 ipse
1589 929 1896 1000 praeciperet
1920 947 1934 983 :

344 1023 605 1095 Prw-ips,
632 1023 820 1093 inquit,
846 1006 1080 1075 divitibus
1105 1021 1258 1091 hujus
1288 1021 1465 1075 mundi
1488 1037 1586 1075 non
1616 1019 1825 1090 superbe
1848 1039 1936 1075 sa-

344 1132 479 1187 pere.
512 1114 657 1170 Inter
686 1114 785 1169 hos
813 1114 903 1184 qui
935 1112 1038 1167 ﬁde
1065 1123 1191 1167 sunt
1214 1113 1424 1180 divites,
1458 1125 1581 1168 sunt
1612 1113 1824 1184 quidam
1855 1114 1936 1168 di-

341 1209 479 1264 vites
498 1207 661 1275 hujus
691 1206 896 1260 mundi.
918 1205 1157 1275 Prtecipe
1183 1204 1309 1269 illis,
1334 1206 1452 1275 quia
1484 1215 1535 1259 ct
1569 1206 1664 1275 ipsi
1695 1206 1933 1261 membra

339 1300 486 1354 illius
510 1299 766 1371 pauperis
796 1296 919 1352 facti
947 1306 1095 1351 sunt.
1116 1297 1349 1366 l’ra‘cipe
1375 1297 1477 1350 illis
1502 1297 1627 1367 quid
1660 1297 1710 1350 in
1743 1296 1845 1351 illis
1869 1298 1933 1352 ti-

339 1405 496 1445 meas
520 1405 551 1442 a
578 1389 796 1444 divitiis.
828 1386 949 1442 Non
989 1387 1199 1458 superbe
1231 1405 1424 1460 sapere,
1457 1405 1612 1459 neque
1641 1406 1843 1462 sperare
1880 1390 1931 1443 in

333 1482 537 1536 incerto
562 1481 867 1534 divitiarum.
940 1500 943 1503 λ
1368 1482 1369 1485 “

414 1571 645 1628 CAPUT
682 1570 742 1628 V.
773 1602 841 1610 —
872 1570 997 1625 Inde
1023 1570 1163 1625 enim
1191 1570 1429 1640 superbit
1454 1570 1632 1637 dives,
1660 1570 1779 1643 quia
1807 1587 1929 1641 spe-

333 1673 424 1719 rat
465 1663 520 1717 in
559 1664 760 1717 incerto
788 1662 1111 1716 divitiarum.
1139 1661 1271 1716 Nam
1312 1662 1355 1716 si
1399 1663 1596 1717 incerta
1628 1663 1926 1716 divitiarum

332 1756 634 1828 prudenter
673 1756 990 1816 intenderet.
1020 1771 1288 1825 nunquam
1314 1756 1631 1825 supcrbiret,
1664 1757 1755 1811 sed
1785 1760 1928 1810 seiu-

333 1862 437 1917 per
470 1847 683 1902 timeret
712 1863 724 1900 :
755 1854 959 1915 quanto
985 1853 1129 1901 esset
1155 1845 1334 1908 ditior.
1365 1855 1511 1901 tanto
1542 1846 1692 1902 iteret
1721 1846 1925 1901 sollici-

335 1938 467 2004 tior,
495 1948 549 1994 et
575 1937 867 1993 secundum
900 1937 1035 1993 hanc
1058 1938 1243 2003 vitam,
1274 1952 1381 1992 non
1419 1938 1590 1992 solum
1630 1938 1922 1993 secundum

332 2032 505 2086 illam.
524 2031 676 2086 Multi
705 2033 847 2086 etaim
876 2031 926 2084 in
959 2031 1073 2084 istis
1099 2030 1280 2084 surculi
1317 2019 1800 2100 perturbationibus
1839 2044 1925 2084 sc-

329 2123 579 2179 cariores
605 2136 867 2193 pauperes
899 2122 1131 2177 fuermit.
1157 2121 1300 2176 Multi
1338 2130 1512 2175 autem
1551 2129 1763 2190 propter
1797 2137 1920 2176 snas

327 2216 548 2272 divitias
587 2214 794 2286 quazsiti
834 2224 888 2270 et
932 2214 1162 2285 correpti
1210 2223 1353 2270 sunt.
1379 2214 1525 2269 Multi
1570 2230 1629 2269 se
1668 2213 1921 2270 habuisse

330 2308 679 2379 planxerunt,
708 2307 849 2375 quod
878 2322 1089 2375 semper
1131 2306 1326 2361 habere
1356 2306 1573 2361 minime
1614 2315 1916 2376 potuerunt.

330 2399 531 2454 Multos
560 2400 806 2470 paenituit
832 2396 1109 2453 consilium
1145 2399 1223 2452 sui
1252 2398 1460 2453 Domini
1493 2415 1595 2453 non
1633 2400 1917 2467 recepiSSe,

331 2493 425 2562 qui
463 2491 598 2546 dixit
624 2509 639 2546 :
670 2490 841 2546 Nolite
870 2493 1005 2546 vobis
1035 2495 1296 2546 thesauros
1324 2491 1538 2545 condere
1563 2492 1616 2545 in
1645 2501 1805 2557 terra,
1836 2491 1918 2545 ubi

329 2586 470 2640 tinea
505 2595 553 2640 et
578 2598 859 2640 contextum
896 2585 1210 2651 exterminat,
1241 2595 1288 2638 et
1315 2585 1401 2638 ubi
1430 2589 1568 2655 fures
1595 2583 1842 2650 e/fodiunt
1871 2593 1919 2638 et

329 2680 573 2747 [urantur
608 2694 628 2730 :
661 2677 749 2730 sed
794 2677 1127 2731 thesaurizate
1166 2676 1302 2731 vobis
1345 2676 1633 2732 thesaurum
1664 2678 1719 2730 in
1759 2677 1916 2730 caelis.

326 2767 451 2823 Non
494 2770 616 2824 dico
658 2770 808 2824 vehis
850 2779 907 2823 ut
949 2770 1200 2838 perdatis.
1247 2769 1342 2825 sed
1383 2779 1439 2824 ut
1480 2770 1737 2839 migretis.
1770 2769 1916 2824 Multi

327 2863 475 2917 enim
507 2862 608 2916 hoc
638 2861 811 2917 facere
839 2862 1142 2928 uoluerunt,
1165 2871 1218 2918 et
1247 2874 1352 2916 non
1375 2878 1434 2917 se
1462 2861 1708 2917 ohedisse
1733 2860 1919 2917 dolue-

325 2964 491 3018 runt;
522 2953 736 3024 quando
773 2969 877 3008 non
926 2954 1097 3008 solum
1139 2968 1233 3008 sua
1278 2953 1641 3023 perdiderunt,
1673 2952 1763 3006 sed
1798 2967 1920 3022 pro-

326 3040 461 3117 pter
479 3045 569 3100 illa
592 3056 644 3100 ct
673 3045 769 3116 ipsi
794 3046 1086 3115 perierunt.
1109 3042 1338 3115 Pracipe
1360 3059 1487 3114 ergo
1511 3044 1744 3098 divitibus
1764 3044 1918 3116 hujus

325 3138 511 3193 mundi
549 3153 652 3193 non
688 3138 900 3208 superbe
925 3155 1103 3207 sapere
1123 3155 1142 3191 :
1165 3148 1218 3191 et
1247 3137 1335 3192 lict
1364 3137 1415 3191 in
1442 3138 1520 3193 eis
1550 3140 1690 3207 quod
1716 3138 1919 3191 audivi-

324 3222 455 3288 ωῶ
496 3230 551 3286 in
593 3230 874 3301 proverbio
899 3229 1220 3295 Salomonis,
1253 3229 1385 3285 Sunt
1412 3231 1499 3301 qui
1533 3248 1585 3284 se
1626 3229 1913 3297 humiliant,

324 3332 445 3376 aut
462 3321 564 3375 int
585 3321 781 3376 divites.
807 3321 875 3376 Et
901 3337 1041 3375 seru.
1068 3321 1191 3375 dttm
1218 3321 1345 3375 istas
1365 3319 1574 3375 divitias
1597 3322 1916 3392 temporales

328 3414 461 3471 ﬁeri
493 3418 689 3486 potest.
710 3413 794 3471 Sit
821 3399 1036 3468 humilis
1065 3430 1079 3466 :
1114 3413 1230 3483 plus
1257 3411 1484 3483 gaudeat
1520 3412 1641 3485 quia
1672 3414 1915 3470 christia-

328 3516 433 3563 nhs
454 3504 565 3574 est,
580 3504 742 3577 quam
772 3504 890 3577 quia
915 3503 1063 3559 dives
1087 3515 1186 3561 est.
1209 3504 1323 3559 Non
1354 3503 1588 3568 inﬂetur.
1617 3522 1720 3560 non
1747 3507 1916 3561 cxtol-

324 3596 782 3654 laturs'atteudst
821 3611 1108 3667 pauperem
1153 3596 1403 3661 fratrem,
1446 3613 1551 3652 non
1598 3596 1931 3677 dedignetur

324 3689 501 3744 frater
514 3687 764 3759 pauperis
784 3688 1057 3759 appellari.
1084 3689 1581 3759 Quantumcumque
1603 3691 1743 3744 enim
1766 3689 1915 3744 dives

320 3783 416 3848 sit,
443 3782 606 3835 ditior
630 3791 712 3836 est
740 3781 1006 3844 Christus,
1049 3781 1139 3850 qui
1182 3781 1372 3836 fratres
1413 3796 1539 3835 suos
1583 3796 1704 3855 esse
1750 3781 1927 3836 voluit

323 3888 425 3944 pro
453 3872 647 3942 quibus
671 3871 980 3943 sanguinem
1009 3887 1162 3927 suum
1195 3872 1350 3927 ludit.

390 3960 625 4021 CAPUT
665 3963 749 4019 VI.
777 3995 848 4004 —
876 3965 929 4020 6.
957 3962 1152 4019 Dioitia:
1175 3963 1244 4017 ad
1267 3963 1390 4034 quid
1418 3964 1652 4034 prodesse
1678 3975 1907 4036 possunt.

320 4054 525 4113 Tamen
572 4072 640 4113 ne
681 4057 921 4112 dicerent
958 4056 1168 4125 divites,
1198 4072 1303 4111 non
1340 4073 1399 4112 se
1439 4057 1636 4112 habere
1664 4057 1789 4128 quid
1833 4058 1911 4113 fa-

317 4149 466 4205 ciant
493 4148 563 4204 de
597 4148 796 4205 divitiis
839 4151 946 4203 suis
968 4192 982 4215 ,
1017 4148 1291 4205 admonuit
1329 4149 1697 4217 Timotheum,
1731 4162 1790 4205 ttt
1817 4166 1910 4205 eos

318 4243 480 4297 etiam
507 4242 733 4296 consilio
760 4250 988 4313 regeret,
1023 4257 1126 4296 non
1168 4240 1338 4295 solum
1384 4250 1650 4313 przecepto
1687 4242 1909 4298 cohibe-

317 4344 403 4392 ret
434 4351 449 4389 :
476 4350 599 4389 cunt
644 4335 893 4401 dixisset,
918 4332 1097 4407 Neque
1137 4351 1342 4404 sperare
1382 4334 1435 4388 in
1477 4335 1663 4389 incerto
1702 4333 1904 4389 divitia-

317 4441 461 4493 rtmt;
477 4442 544 4481 ne
563 4442 622 4482 se
642 4441 790 4496 spem
805 4426 1097 4498 perdidisse
1111 4422 1513 4491 arbitrarentur,
1528 4425 1772 4495 subjecit,
1802 4425 1909 4482 Sed

317 4517 370 4574 in
420 4519 527 4574 Deo
564 4520 695 4585 vivo,
733 4520 815 4589 qui
853 4527 1055 4590 praestat
1093 4517 1235 4571 nobis
1277 4516 1447 4570 omnia
1488 4518 1804 4572 abundanter
1840 4518 1907 4571 ad

313 4612 596 4684 fruendum
627 4626 646 4664 :
675 4610 985 4679 temporalia
1012 4609 1076 4663 ad
1107 4608 1383 4674 utendum,
1413 4618 1609 4662 aiterna
1635 4609 1698 4662 ad
1729 4609 1907 4663 fruen-

313 4702 468 4759 dum.
491 4702 600 4759 Sed
639 4700 709 4757 de
753 4701 951 4756 divitiis
989 4701 1100 4755 suis
1131 4698 1256 4770 quid
1296 4699 1526 4754 faciant?
1556 4697 1743 4754 Divites
1774 4699 1898 4767 sint,

311 4796 507 4867 inquit,
544 4797 598 4850 in
636 4792 868 4865 operibus
916 4794 1078 4858 battis,
1116 4791 1266 4864 facile
1293 4793 1532 4846 tribuant.
1563 4792 1672 4846 Iloc
1704 4792 1904 4861 presint

309 4888 556 4953 divitia),
600 4903 667 4942 ne
702 4887 779 4941 ‘sit
826 4886 919 4942 tibi
966 4885 1250 4940 difﬁcultas
1301 4884 1584 4941 tribuendi.
1617 4885 1737 4941 Vult
1762 4884 1902 4940 enitn

309 4994 540 5052 panper,
583 4988 639 5034 et
687 4994 790 5033 non
841 4987 1052 5048 potest:
1078 4976 1184 5030 vult
1226 4974 1396 5044 dives,
1425 4986 1477 5030 et
1509 4985 1698 5045 potest.
1729 4974 1906 5030 Facile

310 5071 562 5134 tribuam,
591 5068 979 5132 communicent,
1013 5068 1345 5121 thesaurizeut
1384 5066 1477 5121 sibi
1522 5065 1904 5134 fundamentum

308 5161 500 5218 bonum
523 5162 841 5231 infularum,
860 5170 914 5214 ut
933 5158 1312 5231 apprehendant
1334 5175 1500 5214 verant
1526 5161 1676 5213 vitam
1705 5158 1747 5231 (Ι
1767 5157 1898 5213 Tim.

310 5268 387 5322 τι,
413 5253 627 5324 17-19).
653 5252 782 5308 Nam
810 5253 909 5306 ista
932 5254 1038 5306 vita
1065 5251 1194 5306 falsa
1214 5261 1316 5307 est.
1341 5251 1508 5323 Ilujus
1532 5252 1650 5305 vitro
1675 5252 1902 5308 falsitate

304 5346 570 5417 deceptus
599 5344 686 5400 ille
725 5345 777 5399 in
805 5359 1035 5416 purpura
1077 5353 1131 5400 et
1169 5345 1351 5417 bysso,
1384 5345 1651 5417 jacentem
1692 5347 1901 5401 ulcero-
1934 5342 1937 5345 ’

306 5453 432 5494 sum
465 5451 751 5507 pauperem
789 5448 912 5492 ante
941 5451 1091 5490 suam
1127 5436 1343 5507 januam
1379 5436 1773 5490 contemnebat.
1796 5434 1900 5493 Sed

300 5525 405 5585 ille
454 5527 654 5582 Iinetus
695 5543 725 5581 a
772 5526 1014 5591 canibus,
1059 5526 1365 5582 thesaurum
1407 5525 1505 5581 sibi
1548 5536 1803 5582 :etcrnutn
1849 5530 1898 5581 in

303 5618 543 5677 Abrahae
568 5618 776 5689 gremio
809 5617 1180 5690 comparabat,
1212 5625 1267 5673 et
1295 5617 1340 5672 si
1366 5633 1469 5673 non
1499 5616 1788 5672 abundanti
1821 5616 1899 5671 fa-

300 5711 535 5778 cultate,
568 5711 652 5783 pia
685 5721 862 5766 tamen
888 5719 941 5766 et
967 5711 1143 5781 opima
1172 5710 1464 5766 voluntate.
1495 5708 1585 5764 Ille
1612 5718 1787 5763 autem
1815 5708 1896 5764 di-

304 5811 425 5871 ves,
456 5803 547 5874 qui
586 5801 687 5858 sibi
728 5816 951 5873 magnus
980 5800 1255 5857 videbatur
1280 5801 1331 5856 itt
1361 5812 1589 5872 purpura
1626 5808 1677 5856 ct
1715 5798 1893 5872 bysso,

1728 352 1957 411 SERSIO
1996 353 2233 420 XXXVI.

3532 372 3635 435 213

2055 483 2298 532 mortuus
2343 483 2581 550 sepultus
2627 494 2709 539 est
2754 484 2806 540 in
2855 484 3079 542 inferno.
3121 488 3186 543 Et
3227 488 3351 560 quid
3400 490 3635 548 invenit’

2049 565 2324 624 Etemam
2350 571 2513 637 sitim,
2539 572 2900 632 indelieientcs
2922 578 3181 635 ﬂammas.
3206 581 3475 638 Successit
3497 584 3631 654 ignis

2050 670 2296 727 purpum
2325 672 2381 716 et
2410 663 2571 736 bysso
2605 684 2618 717 :
2647 681 2708 721 ea
2740 668 2913 724 tunica
2959 668 3198 739 ardebat,
3227 687 3327 743 qua
3355 689 3412 728 se
3440 690 3630 744 exspo-

2048 751 2178 805 liare
2203 767 2306 806 non
2340 763 2563 825 poterat.
2608 756 2710 812 Pro
2749 760 2917 829 epulis
2957 761 3195 827 ariditas,
3229 772 3284 818 et
3305 750 3628 822 desiderium

2046 849 2206 911 guttai
2228 843 2295 899 de
2315 844 2478 915 digito
2508 850 2775 919 pauperis,
2805 861 2943 907 s.cut
2973 853 3046 907 illi
3076 854 3330 909 micarum
3352 855 3420 909 de
3445 872 3628 913 mensa

2044 931 2222 988 divitis
2249 936 2287 988 ί.
2312 935 2416 991 Sed
2462 937 2599 993 illius
2641 950 2849 1011 egestas
2891 944 3231 1013 prtetcriens,
3272 946 3428 1015 hujus
3470 963 3651 1019 pmna'

2044 1038 2364 1095 permanens
2393 1031 2412 1061 '
2440 1030 2587 1103 (Luc.
2616 1049 2719 1096 svt,
2753 1033 2959 1102 lii-26).
2991 1036 3102 1092 IIoc
3134 1038 3408 1094 attendant
3434 1040 3626 1095 divites

2044 1114 2200 1185 hujus
2230 1120 2431 1187 numdi,
2460 1132 2514 1176 et
2539 1138 2641 1178 non
2677 1126 2905 1194 superbe
2931 1126 3156 1197 sapiant.
3182 1127 3356 1183 Facile
3383 1130 3623 1198 tribuant,

2041 1212 2408 1267 communicent
2434 1229 2454 1267 :
2481 1215 2813 1271 thesaurizeut
2837 1219 2933 1271 sibi
2961 1218 3342 1289 fundamentum
3368 1220 3550 1275 bonum
3573 1223 3623 1276 in

2041 1304 2300 1371 futurum;
2327 1304 2412 1360 ubi
2442 1317 2565 1361 sunt
2589 1309 2698 1362 veri
2719 1310 2907 1365 divites
2924 1310 2966 1378 ³,
2985 1311 3078 1365 sed
3101 1328 3206 1367 non
3231 1312 3383 1383 hujus
3406 1314 3622 1372 mundi:

2040 1400 2096 1445 ut
2119 1395 2501 1462 apprehendant
2525 1413 2689 1451 verum
2717 1400 2888 1453 vitam.

2108 1481 2341 1541 CAPUT
2356 1485 2463 1540 VII.
2494 1518 2566 1528 —
2594 1488 2646 1541 7.
2675 1488 2869 1543 Divitiis
2900 1491 3215 1546 interioribus
3239 1493 3432 1548 divites.
3459 1490 3620 1550 Forte

2037 1589 2163 1645 ergo
2199 1574 2301 1630 hoc
2340 1577 2612 1632 adutonuit
2654 1577 2924 1649 Scriptum
2964 1570 3139 1635 divina
3166 1624 3180 1646 ,
3219 1584 3305 1638 tibi
3334 1583 3444 1651 ait,
3486 1582 3625 1640 Sunt

2035 1670 2121 1739 qni
2143 1686 2194 1723 se
2223 1669 2398 1724 divites
2421 1669 2680 1737 a/fcctant,
2703 1672 2830 1727 nihil
2851 1673 3104 1735 habentes,
3131 1685 3345 1745 propter
3361 1675 3618 1747 superbos

2036 1773 2322 1827 pannusos.
2346 1760 2401 1814 Si
2419 1762 2559 1814 enim
2590 1762 2679 1815 vix
2717 1763 2971 1817 toleratur
3008 1764 3157 1819 dives
3185 1765 3465 1835 superbos,
3490 1781 3619 1836 pau-

2034 1866 2212 1921 perem
2234 1853 2518 1922 superbum
2566 1855 2683 1937 quis
2698 1853 2870 1909 ferat?
2893 1852 3136 1912 Meliores
3152 1867 3272 1911 sunt
3293 1873 3422 1928 ergo
3439 1858 3512 1912 illi
3528 1859 3615 1929 qui

2030 1957 2092 1997 se
2119 1941 2430 2011 bumiliant,
2462 1959 2580 1998 cum
2619 1944 2726 1998 sint
2752 1945 2962 2001 divites.
2990 1945 3369 2002 Vcrmutamen
3408 1947 3475 2003 de
3496 1948 3617 2003 aliis

2031 2033 2228 2088 divitiis
2267 2047 2326 2089 se
2369 2034 2548 2088 dicere
2599 2035 3138 2104 Seriptura_testatur
3182 2055 3197 2090 :
3239 2048 3420 2093 secuta
3469 2040 3611 2094 enim

2028 2124 2265 2194 adjtmvit
2291 2165 2307 2189 ,
2336 2122 2635 2195 Redemptio
2673 2127 2857 2179 animae
2894 2127 2987 2180 viri
3014 2128 3201 2181 divitiae
3236 2129 3385 2197 ejus;
3424 2144 3616 2200 pauper

2027 2225 2194 2269 autem
2231 2232 2331 2269 non
2372 2214 2549 2281 suffert
2576 2217 2757 2271 minas.
2805 2216 3103 2287 Intelligere
3130 2217 3389 2273 debemus
3414 2234 3478 2275 es
3508 2220 3612 2276 alia

2028 2307 2208 2361 nescio
2234 2322 2335 2377 qua
2376 2318 2682 2377 paupertate
2721 2323 3049 2378 pauperem,
3080 2316 3137 2365 et
3158 2326 3223 2365 es
3269 2311 3387 2366 aliis
3432 2308 3614 2367 nescio

2024 2398 2218 2468 quibm
2246 2397 2441 2452 divitiis
2467 2398 2701 2452 divitem.
2734 2399 2904 2452 Altius
2932 2401 3074 2454 enim
3106 2400 3300 2457 divites
3319 2443 3333 2466 ,
3368 2402 3419 2456 in
3448 2403 3609 2458 corde

2024 2486 2251 2555 divites,
2284 2489 2423 2559 pleni
2450 2487 2754 2545 fortitudine
2779 2534 2791 2557 ,
2820 2491 2982 2561 Opimi
3012 2492 3205 2560 pietate
3233 2536 3247 2557 ,
3277 2493 3611 2552 abundantes

2025 2580 2300 2645 charitatc,
2333 2596 2510 2636 secum
2548 2591 2669 2636 sunt
2697 2581 2908 2649 divites,
2938 2583 3219 2639 interiores
3243 2594 3368 2640 sunt
3394 2580 3606 2642 divites.

2025 2673 2160 2728 Sunt
2184 2685 2356 2727 autem
2386 2673 2473 2743 qui
2494 2690 2547 2727 se
2571 2674 2746 2727 divites
2772 2673 3034 2742 alfectant,
3067 2691 3179 2730 cum
3204 2677 3304 2731 sint
3325 2693 3567 2746 pauperes
3592 2693 3611 2733 τ

2018 2767 2146 2838 justi
2185 2767 2285 2822 sibi
2324 2767 2603 2828 videntur.
2632 2782 2753 2822 eum
2800 2768 2907 2822 sint
2946 2768 3130 2839 iniqui.
3163 2768 3385 2824 Divitias
3411 2771 3607 2841 quippe

2024 2858 2142 2915 illas
2168 2861 2460 2929 intelligere
2487 2859 2741 2914 debemus
2770 2878 2783 2913 :
2812 2862 3061 2929 quoniam
3093 2861 3300 2930 aperuit
3328 2862 3605 2933 Scriptura

2022 2952 2145 3023 quid
2176 2953 2399 3017 dixerit,
2432 2953 2724 3017 Redemptio
2753 2953 2936 3007 auinue
2963 2952 3058 3007 viri
3085 2951 3271 3008 divitia
3298 2955 3457 3023 ipsius
3481 3000 3496 3024 ,
3525 2955 3606 3010 In-

2022 3044 2198 3114 telligo
2221 3086 2235 3107 ,
2264 3044 2464 3113 inquit,
2490 3040 2625 3113 quas
2658 3043 2750 3097 tibi
2795 3042 3005 3099 divitias
3042 3045 3432 3101 commendem.
3465 3048 3607 3114 Quu-

2024 3137 2161 3190 ttiam
2192 3135 2320 3199 dixi,
2351 3133 2485 3190 Sunt
2510 3135 2597 3205 qui
2624 3151 2674 3187 se
2699 3135 2872 3189 divites
2899 3134 3156 3203 affectant.
3184 3135 3317 3191 nihil
3336 3137 3606 3203 habentes;

2022 3237 2069 3282 et
2096 3238 2211 3281 sunt
2235 3227 2321 3297 qui
2348 3243 2400 3280 se
2425 3226 2710 3291 humilium,
2744 3244 2857 3280 cum
2884 3230 2985 3282 sint
3010 3228 3225 3294 divites;
3255 3229 3371 3285 illas
3399 3239 3602 3302 tempu-

2022 3318 2163 3372 ralcs
2187 3328 2239 3372 et
2278 3328 2518 3371 terrenas
2556 3327 2609 3372 et
2634 3318 2868 3374 visibiles
2910 3318 3121 3375 divitias
3158 3321 3430 3389 cogitabas
3462 3340 3474 3375 :
3504 3338 3566 3393 eg
3588 3312 3617 3370 ι“

2020 3417 2196 3464 autem
2238 3423 2345 3463 non
2385 3409 2526 3478 ipsas
2553 3408 2695 3475 dico,
2736 3409 2829 3465 sed
2853 3424 2987 3480 quas
3014 3410 3184 3465 dicam
3216 3421 3606 3481 consequenter

2019 3499 2320 3567 admoneo;
2350 3499 2647 3570 Redemptio
2684 3501 2870 3555 anima:
2905 3500 3000 3555 viri
3021 3543 3036 3566 ,
3064 3501 3252 3556 divitiae
3279 3503 3438 3574 ipsius
3464 3514 3601 3559 sunt.

2019 3591 2160 3662 Ergo
2210 3590 2299 3661 qui
2348 3607 2451 3646 non
2493 3591 2686 3645 habent
2736 3593 2927 3645 animm
2976 3591 3439 3662 redemptionem,
3481 3595 3600 3666 quia

2019 3682 2182 3753 iniqui
2210 3692 2332 3736 sunt
2358 3725 2372 3747 ,
2401 3691 2454 3737 et
2477 3681 2649 3751 justos
2681 3697 2739 3736 se
2779 3681 2946 3735 videri
2976 3682 3223 3737 affectant
3246 3725 3258 3746 ,
3288 3684 3410 3755 quia
3439 3686 3606 3758 Itypn—

2018 3773 2163 3828 critus
2190 3780 2313 3828 sunt
2332 3816 2346 3839 ,
2378 3773 2472 3842 ipsi
2504 3779 2628 3825 sunt
2653 3771 2720 3827 de
2745 3771 2934 3844 quibus
2959 3772 3065 3837 ait,
3091 3771 3224 3828 Sunt
3248 3775 3333 3846 qui
3354 3792 3408 3829 se
3431 3776 3605 3832 divites

2016 3864 2286 3932 aﬂ'ectant,
2319 3865 2447 3919 nihil
2473 3865 2706 3920 habentes
2731 3881 2750 3918 :
2769 3866 2941 3934 justos
2968 3880 3027 3921 se
3055 3866 3239 3921 Volunt
3263 3866 3452 3934 videri,
3482 3885 3601 3925 eum

2018 3957 2071 4012 in
2099 3957 2231 4013 cella
2261 3957 2600 4012 conscientia:
2642 3973 2745 4012 non
2780 3956 3010 4012 habeant
3049 3974 3236 4013 aurum
3268 3958 3504 4029 justitize.
3538 3961 3603 4016 Et

2015 4059 2139 4105 sunt
2181 4051 2319 4120 pleni
2352 4051 2372 4083 ⁸
2396 4093 2411 4117 ,
2446 4060 2590 4106 tanto
2621 4050 2962 4117 humiliores,
3001 4060 3198 4122 quanto
3237 4051 3460 4109 ditiores
3490 4071 3502 4107 :
3535 4054 3601 4111 de

2014 4148 2208 4218 quibus
2249 4148 2445 4204 dictttm
2485 4158 2600 4216 est,
2633 4147 2778 4204 Beati
2820 4166 3064 4221 pauperes
3107 4150 3288 4221 spiritu
3312 4190 3327 4217 ,
3362 4148 3591 4220 quanio»

2014 4246 2237 4314 ipsorum
2259 4250 2328 4295 est
2354 4259 2564 4313 regnum
2592 4240 2829 4296 carlorunt
2854 4237 3062 4313 (Matth.
3089 4258 3144 4307 ν,
3173 4240 3249 4313 3).

2084 4332 2309 4388 CAPUT
2339 4332 2471 4387 Vlll.
2505 4364 2573 4373 —-
2612 4334 2664 4388 8.
2702 4332 2972 4388 Interiores
3011 4334 3215 4398 divitiae,
3258 4332 3385 4402 ﬁdes
3414 4375 3428 4397 ,
3467 4348 3595 4386 auro

2014 4426 2349 4498 proferenda.
2379 4424 2515 4493 Quid
2543 4440 2668 4497 ergo
2693 4425 2887 4494 quzcris
2908 4424 3139 4490 divitias,
3169 4440 3286 4494 qua:
3314 4421 3598 4478 oculis‘hu-

2012 4519 2184 4574 manis
2212 4529 2261 4573 et
2291 4517 2498 4573 carneis
2526 4517 2897 4572 blandiuntur?
2924 4517 3087 4572 Lucet
3106 4534 3294 4572 aurum
3328 4536 3338 4571 :
3364 4516 3454 4573 sed
3479 4517 3598 4587 plus

2011 4611 2150 4664 lucet
2180 4608 2330 4664 fides.
2360 4608 2508 4679 Elige
2535 4608 2659 4679 quid
2701 4600 2751 4662 in
2779 4608 2939 4664 corde
2982 4608 3179 4663 habere
3205 4607 3421 4663 debeas.
3452 4607 3596 4663 Intus

2012 4703 2200 4773 plenus
2224 4712 2339 4758 esto
2363 4744 2379 4769 ,
2410 4702 2493 4756 ubi
2523 4700 2734 4756 divitias
2766 4711 2880 4755 tuas
2913 4700 3051 4757 Deus
3082 4701 3265 4767 videt,
3295 4700 3456 4755 homo
3483 4718 3587 4757 nun

2010 4798 2172 4852 videt.
2201 4797 2307 4851 Nec
2344 4806 2519 4851 tamen
2567 4796 2686 4865 quia
2718 4795 2879 4849 homo
2909 4812 3013 4850 non
3056 4795 3197 4851 videt
3225 4836 3239 4859 ,
3287 4796 3406 4851 ideo
3433 4795 3594 4850 debes

2010 4900 2351 4946 contemnere
2394 4887 2535 4958 quod
2580 4889 2719 4942 intus
2767 4887 2952 4943 habes.
3001 4887 3093 4943 Vis
3135 4887 3315 4942 videre
3345 4929 3359 4951 ,
3391 4887 3513 4957 quia
3543 4900 3596 4938 ιιι

2010 4981 2176 5036 oculis
2202 4980 2499 5050 iniquorum
2527 4978 2646 5049 plus
2673 4977 2813 5032 lucet
2839 4977 2988 5043 lidcs,
3022 4993 3177 5048 quam
3202 4977 3426 5030 aurum?
3451 4975 3593 5043 Qu»-

2009 5073 2170 5128 modo
2199 5070 2376 5125 laudat
2413 5070 2570 5125 etiam
2599 5084 2789 5123 avarus
2819 5070 3065 5124 dominus
3093 5084 3305 5124 servum
3339 5069 3545 5139 fidelem
3569 5071 3594 5124 ?

2009 5165 2147 5221 Nihil
2178 5165 2267 5219 illo
2287 5162 2411 5217 dicit
2439 5176 2556 5216 esse
2582 5161 2865 5231 pretiosius
2893 5177 2906 5214 :
2936 5161 3040 5215 imo
3069 5176 3188 5215 eum
3219 5161 3437 5216 omnino
3469 5177 3592 5233 pru-

2010 5259 2138 5313 tium
2173 5272 2277 5333 non
2306 5254 2501 5310 habere
2526 5261 2767 5335 testatur.
2800 5253 2979 5309 llabeo
3008 5269 3244 5321 servum,
3271 5252 3458 5325 inquit,
3484 5269 3590 5308 non

2074 5376 2089 5406 ι
2119 5382 2216 5421 Am.
2240 5378 2317 5420 Er.
2356 5377 2407 5420 et
2435 5369 2719 5420 Sorbonicus
2748 5376 2850 5429 313.,
3111 5372 3214 5429 erat
3236 5365 3299 5426 ei,
3329 5371 3376 5429 et
3397 5363 3590 5416 desida-

2007 5436 2302 5501 ritnuguttte
2324 5430 2814 5501 dedigitopauperis,
2838 5427 2963 5480 sicut
2985 5427 3058 5480 illi
3078 5428 3314 5479 micarum
3343 5427 3405 5476 de
3427 5440 3591 5477 meum

2007 5492 2583 5559 dit'ittls'indt'gertliafuit.
2926 5558 2931 5559 ί
3123 5555 3131 5559 Α
3280 5548 3293 5559 ,
3349 5543 3361 5553 .
3606 5496 3621 5509 “

2070 5562 2090 5591 ²
2113 5548 2398 5608 sorbooi'cus
2414 5548 2498 5605 its".
2521 5555 2639 5605 :sed
2652 5551 2783 5606 illius
2802 5558 2988 5617 egestas
3008 5548 3420 5617 prateriil,hajus
3440 5562 3587 5615 ptem

2070 5623 2266 5669 rmanet.

2007 5635 2423 5729 codex
2446 5676 2746 5735 Sorbomeus,
2768 5674 2848 5724 ubi
2868 5674 2964 5725 sint
2980 5673 3081 5724 reri
3102 5672 3288 5726 divites.

2070 5745 2090 5775 ἰ
2114 5750 2220 5802 Iov.
2249 5748 2298 5790 ut
2317 5753 2409 5789 non
2432 5744 2539 5790 sunt
2570 5737 2711 5801 pleni.
2743 5739 2903 5798 Abest,
2944 5750 3057 5802 non,
3085 5738 3146 5788 ab
3338 5736 3450 5789 aliis
3469 5741 3522 5787 es
3553 5748 3582 5783 a

2008 5800 2260 5858 s'urlzoul'co
2285 5810 2361 5851 iis.
