3938 6186
314 372 418 437 219

315 500 476 555 habet
501 493 744 567 pretium.
770 489 1056 562 Etspectas
1085 493 1138 540 tu
1165 479 1340 539 unde?
1362 479 1521 536 Forte
1547 478 1685 535 bene
1711 473 1892 567 saltat.

1537 354 1594 411 s.
1629 347 1992 411 sucusrmt
2034 347 2333 421 spissam

3473 352 3586 408 22)

2001 468 2091 533 tis,
2116 482 2219 523 non
2247 467 2449 537 habens
2469 467 2610 523 intus
2624 469 2839 541 spiritus
2860 468 3548 541 pletdtudinemmrnameat
3563 491 3581 527 ι

316 601 404 647 aut
432 559 662 658 opiimus
686 559 889 654 coquus
913 589 1014 635 est.
1038 576 1151 633 Non
1177 595 1189 630 :
1213 573 1426 631 attende
1452 569 1758 643 interiorem
1783 566 1895 621 lau-

2023 559 2284 629 piritualia
2300 600 2315 626 ,
2344 559 2726 630 supellectilem
2750 561 3081 631 spiritualem
3101 601 3121 626 ι
3150 571 3426 633 totumque
3448 563 3583 625 mihi

321 684 469 739 dem.
499 677 660 741 Nihil,
688 674 875 746 inquit.
905 672 1130 728 ﬁdelius.
1160 669 1335 725 Placet
1360 665 1476 730 tibi,
1498 663 1682 726 homo,
1706 673 1898 716 servus

321 785 442 827 tuus
468 768 657 833 fidelis,
682 775 737 823 et
765 772 821 819 tu
847 779 951 821 non
979 762 1055 817 vis
1078 775 1197 816 esse
1222 758 1331 813 Deo
1358 770 1543 811 servus
1571 751 1778 808 ﬁdelis?
1801 750 1899 823 At:

323 863 496 921 tendis
524 861 644 931 quia
674 859 838 915 habes
862 871 1073 912 servum
1115 864 1262 909 tuum
1284 893 1301 915 ,
1333 847 1547 903 attende
1584 845 1707 916 quia
1732 842 1927 913 babes.

318 965 374 1011 et
401 951 703 1008 Dominum.
734 949 961 1003 Servum
990 954 1135 1001 tuum
1171 940 1382 1012 potuisti
1410 950 1720 1008 comparare
1745 974 1761 1001 ,
1790 947 1899 991 non

318 1058 504 1100 creare
529 1057 546 1095 :
573 1040 827 1096 Dominus
857 1046 976 1091 tuus
999 1044 1054 1089 et
1076 1033 1238 1087 verbo
1262 1046 1360 1087 suo
1384 1027 1580 1085 creavit
1604 1035 1675 1089 te.
1703 1033 1757 1079 et
1777 1037 1902 1078 san-

317 1134 477 1204 guine
505 1146 603 1187 suo
630 1128 858 1186 redemit
883 1136 954 1182 te.
980 1123 1035 1181 Si
1065 1122 1256 1178 vilnisti
1284 1120 1398 1186 tibi,
1428 1117 1602 1173 recole
1624 1115 1856 1187 pretium
1882 1129 1898 1166 :

326 1222 374 1277 si
412 1231 466 1277 et
489 1222 593 1277 hoc
620 1219 815 1274 oblitus
843 1230 924 1282 es,
956 1215 1071 1284 lege
1102 1209 1467 1282 Evangelinm,
1492 1208 1903 1263 instrumentum

326 1321 495 1365 tuum.
525 1310 707 1366 Fidem
738 1322 885 1361 amas
913 1306 963 1359 in
989 1318 1143 1359 servo
1169 1312 1278 1366 tuo,
1307 1310 1361 1355 et
1378 1299 1631 1353 Dominus
1659 1304 1780 1351 tuus
1799 1309 1905 1350 non

326 1404 517 1473 qumrit
536 1417 653 1456 eam
679 1402 730 1454 in
755 1400 894 1455 suo?
919 1396 1099 1454 Redde
1118 1395 1258 1465 quod
1286 1394 1474 1465 exigis.
1496 1391 1649 1459 Quod
1670 1390 1762 1446 tibi
1778 1403 1907 1459 gau-

326 1495 424 1551 des
450 1493 596 1549 reddi
618 1495 685 1548 ab
711 1492 979 1557 inferiore,
1005 1488 1169 1545 redde
1187 1484 1468 1557 superiori.
1491 1487 1653 1540 Amas
1671 1498 1905 1547 servum,

326 1586 416 1656 qui
442 1585 669 1640 ﬁdeliter
695 1582 923 1639 custodit
951 1594 1137 1636 aurum
1173 1590 1319 1633 tuum
1373 1593 1386 1632 :
1427 1574 1534 1631 noli
1569 1583 1912 1629 contemnere

330 1676 612 1730 Dominum
639 1715 655 1740 ,
707 1673 799 1744 qui
852 1668 1268 1727 misericnrditer
1311 1664 1546 1722 custodit
1589 1679 1684 1718 cor
1737 1672 1907 1717 tuum.

329 1769 531 1829 Omnes
555 1783 683 1839 ergo
711 1765 906 1821 habent
933 1763 1119 1819 oculos
1147 1761 1213 1816 ad
1242 1757 1559 1814 laudandam
1584 1756 1742 1811 ﬁdem
1766 1795 1782 1821 ,
1815 1751 1913 1809 sed

331 1859 543 1932 quando
570 1859 785 1928 exigunt
811 1854 960 1911 reddi
990 1853 1113 1909 sibi.
1146 1850 1278 1906 Nam
1306 1848 1519 1921 quando
1544 1847 1611 1903 ab
1639 1846 1717 1902 eis
1740 1844 1911 1915 exigi-

333 1963 443 2020 tur,
466 1950 714 2009 claudunt
732 1949 937 2019 oculos,
960 1947 1149 2007 nolunt
1170 1960 1289 2000 eam
1312 1943 1493 1998 videre
1513 1956 1670 2013 quam
1695 1940 1916 2011 pulchra

336 2047 428 2099 sit.
454 2044 563 2099 Aut
586 2042 723 2097 forte
742 2041 902 2098 stulta
927 2039 1132 2094 insania
1157 2045 1432 2108 propterea
1457 2034 1647 2089 nolunt
1671 2032 1914 2098 reddere,

337 2148 404 2189 ne
430 2131 655 2203 perdam
684 2149 699 2184 :
729 2120 998 2201 quomodo
1026 2131 1180 2182 timet
1201 2127 1321 2196 quis
1351 2124 1573 2181 reddere
1598 2125 1874 2194 pecuniam
1899 2141 1915 2190 ;

334 2239 458 2281 cuin
484 2224 627 2285 enim
648 2222 939 2279 reddiderit
962 2236 1078 2276 eam
1099 2262 1114 2286 ,
1143 2234 1248 2277 non
1277 2217 1511 2273 habebit.
1541 2216 1656 2271 Non
1685 2216 1762 2272 sic
1791 2216 1919 2272 red-

336 2313 479 2369 ditur
510 2312 642 2369 ﬁdes
672 2330 689 2369 ι
720 2322 773 2367 et
808 2310 1048 2366 redditur
1070 2350 1089 2376 ,
1117 2319 1168 2363 et
1210 2308 1454 2364 habetur.
1494 2305 1684 2361 Mirum
1722 2305 1868 2363 dictu
1901 2324 1915 2361 :

334 2405 447 2461 imo
471 2405 514 2461 si
545 2420 649 2458 non
674 2402 932 2469 redditur,
959 2418 1063 2455 non
1095 2399 1337 2455 habetur.

408 2494 635 2552 CAPUT
682 2494 773 2547 IX.
818 2522 891 2532 —
938 2492 992 2546 9.
1044 2489 1247 2543 Divitia:
1290 2506 1384 2558 pro
1424 2488 1612 2543 anima:
1661 2486 1827 2544 saluts
1868 2487 1921 2542 in

334 2585 664 2655 etreatosynis
689 2581 1045 2654 expendenda.
1070 2610 1140 2621 —-
1160 2576 1454 2647 Redentptio
1474 2579 1658 2635 anima
1681 2578 1770 2632 viri
1795 2577 1925 2632 dioi-

336 2676 426 2731 lite
450 2674 627 2744 ipsius.
656 2672 843 2728 Merita
874 2671 950 2725 illi
975 2670 1261 2724 vanissimo
1282 2668 1430 2723 diviti
1457 2668 1726 2724 insultavit
1757 2668 1921 2735 Deus,

339 2773 399 2819 ut
437 2762 749 2817 admoneret
790 2775 891 2815 nos
941 2774 1010 2815 ne
1057 2757 1178 2815 talia
1231 2756 1596 2822 imitaremur;
1640 2757 1726 2813 cui
1771 2757 1920 2829 regio

346 2861 610 2911 luctuosa
655 2849 979 2911 succedens.
1026 2847 1253 2902 turbavit
1295 2844 1562 2902 hominem
1603 2847 1756 2918 capia
1799 2848 1920 2917 plus

341 2960 498 3014 quam
528 2943 724 3014 inopia.
752 2940 1011 3012 Cogitavit
1060 2939 1201 2994 enim
1240 2938 1379 3011 apud
1402 2953 1495 3004 se,
1522 2938 1707 2995 dicens
1735 2956 1751 2993 :
1784 2938 1921 3007 Quid

342 3036 547 3106 faciam,
569 3050 667 3107 quo
692 3049 984 3107 congregem
1004 3032 1197 3102 [ructus
1216 3048 1348 3085 meos
1368 3032 1393 3085 .’
1416 3032 1479 3086 Et
1501 3046 1623 3087 cum
1646 3039 1924 3089 testuassct

343 3134 606 3189 arctatus,
645 3124 855 3180 tandem
882 3124 982 3177 sibi
1010 3123 1154 3177 visus
1182 3131 1264 3177 est
1293 3121 1559 3181 invenisse
1586 3123 1867 3178 consilium
1904 3142 1919 3180 :

341 3215 433 3270 sed
461 3230 654 3269 vanum
683 3213 988 3269 consilium.
1021 3212 1133 3269 lloc
1163 3214 1304 3268 enim
1332 3214 1609 3269 consilium
1638 3229 1742 3269 non
1766 3214 1920 3275 inve-

345 3308 421 3362 uit
447 3306 745 3381 prudentia,
777 3304 870 3360 sed
906 3304 1149 3359 avaritia.
1185 3303 1468 3370 Destrnam,
1509 3305 1698 3375 inquit,
1737 3316 1919 3361 veteres

343 3399 613 3471 apothecas
631 3398 865 3463 minores,
882 3408 930 3453 et
953 3414 1104 3451 novas
1129 3397 1312 3467 faciam
1333 3399 1622 3467 atupliores,
1642 3408 1687 3452 et
1703 3398 1920 3467 implrbo

340 3508 425 3547 eas
445 3508 466 3558 ;
490 3500 536 3545 et
563 3490 728 3544 dicam
754 3483 1087 3543 animatum:
1111 3504 1130 3543 :
1160 3488 1341 3541 Anima
1363 3529 1379 3553 ,
1408 3490 1558 3544 [tabes
1584 3491 1745 3545 multa
1769 3490 1920 3559 bona,

340 3584 547 3650 satiare,
568 3580 865 3649 iucundare.
893 3580 982 3635 Ait
1006 3580 1079 3634 illi
1111 3598 1124 3634 :
1158 3578 1344 3646 Stulte,
1373 3580 1425 3635 in
1453 3595 1560 3651 quo
1591 3582 1680 3636 tibi
1706 3582 1924 3650 sapiens

342 3673 557 3740 videris,
586 3671 764 3737 stulte,
798 3671 924 3742 quid
950 3670 1170 3726 dixisti?
1196 3671 1321 3725 Dico
1345 3671 1537 3727 animze
1566 3688 1721 3736 metu.
1751 3673 1921 3731 Habes

342 3764 501 3819 multa
528 3766 675 3830 bona,
693 3764 895 3818 satiare.
921 3760 1033 3816 Ilac
1055 3771 1199 3817 nocte
1221 3765 1474 3833 auferetur
1495 3773 1594 3817 ate
1611 3765 1781 3818 anima
1801 3774 1886 3820 tua
1903 3784 1922 3821 :

342 3855 451 3909 lucc
475 3869 588 3924 qua!
615 3853 807 3924 parasti
835 3852 979 3923 cujus
1018 3861 1160 3907 erunt
1200 3850 1345 3924 (an.
1380 3869 1450 3907 xtl
1476 3894 1492 3920 ,
1528 3853 1761 3926 16-20)?
1790 3856 1926 3919 Quid

341 3945 473 4002 enim
497 3945 698 4017 prodest
719 3944 925 4008 homini,
955 3943 998 3998 si
1026 3953 1187 3997 totum
1213 3943 1455 3998 mundum
1479 3944 1715 4010 lucretur,
1739 3949 1924 4006 animt:

342 4048 505 4095 autem
523 4052 630 4092 sua:
649 4035 998 4095 detrimentum
1022 4036 1243 4105 patiatur
1261 4033 1473 4105 (Matth.
1500 4052 1612 4102 xw,
1628 4038 1759 4112 26),?
1776 4039 1921 4108 ideo,

344 4132 641 4206 Redemptio
680 4132 863 4186 anima:
896 4129 990 4185 viri
1026 4125 1214 4184 divitia:
1247 4129 1375 4201 ejus.
1409 4127 1514 4185 llas
1556 4130 1644 4187 ille
1681 4149 1847 4191 vanus
1872 4144 1928 4192 et

341 4224 536 4282 stultus
575 4222 783 4279 divitias
820 4236 924 4277 non
966 4217 1214 4276 habebat.
1254 4220 1498 4275 Animam
1541 4220 1738 4293 quippe
1774 4238 1924 4281 suam

338 4314 698 4386 eleemosynis
739 4328 844 4368 non
888 4310 1216 4378 redimebat,
1254 4309 1457 4366 fructus
1499 4314 1760 4382 perituros
1793 4331 1925 4373 con-

343 4408 523 4462 debat.
567 4403 941 4468 llecondebat,
984 4401 1231 4469 inquam,
1268 4402 1532 4471 perituros
1575 4403 1775 4461 fructus
1805 4424 1927 4479 pcr-

347 4500 535 4564 iturus,
557 4495 688 4551 nihil
710 4495 935 4564 largiens
956 4492 1177 4549 Domino
1196 4491 1260 4547 ad
1288 4510 1446 4563 quem
1472 4493 1644 4551 fuerat
1667 4500 1922 4557 exitums.

344 4588 513 4656 Quam
542 4584 767 4639 frontem
801 4582 1072 4638 habiturus
1099 4592 1181 4636 est
1208 4583 1259 4636 in
1303 4582 1394 4638 illo
1417 4583 1651 4655 judicio,
1678 4604 1799 4646 cum
1827 4608 1926 4648 au-

346 4678 461 4733 dire
483 4675 706 4746 ceperit
728 4717 743 4739 ,
774 4672 976 4729 Esurivi
996 4715 1011 4740 ,
1043 4685 1088 4731 et
1130 4691 1229 4728 non
1258 4673 1439 4730 dedisti
1467 4677 1591 4731 mihi
1621 4680 1927 4739 manducare

348 4765 464 4839 (Id.
494 4783 636 4833 xxv,
687 4764 820 4833 £2)?
865 4763 1109 4820 Animam
1160 4765 1300 4819 enim
1350 4782 1500 4822 suam
1562 4771 1840 4840 superﬁuis
1873 4786 1927 4833 et

348 4858 526 4916 nimiis
553 4855 721 4928 epulis
760 4856 956 4912 satiare
982 4855 1229 4926 cupiebat
1253 4897 1267 4921 ,
1302 4872 1590 4929 pauperum
1634 4870 1712 4917 tot
1741 4864 1925 4922 inanes

348 4961 562 5007 ventres
580 4946 989 5020 superbissimus
1011 4947 1400 5003 contemnebat.
1426 4949 1706 5008 Nesciebat
1729 4971 1927 5029 paupe-

350 5058 465 5099 rum
496 5050 710 5097 ventres
736 5036 1007 5109 apothecis
1036 5037 1145 5092 suis
1171 5052 1291 5094 esse
1331 5038 1567 5097 tutiores.
1603 5043 1753 5111 Quod
1782 5050 1923 5104 eiiiin

348 5132 669 5187 recondebat
692 5131 744 5185 in
765 5129 867 5185 illis
886 5127 1159 5199 apothecis
1179 5129 1307 5193 suis,
1332 5127 1575 5188 fortassis
1595 5147 1649 5190 et
1668 5154 1695 5189 a
1720 5136 1921 5196 fnrilnis

351 5220 688 5278 auferebatur
718 5237 732 5272 :
764 5219 809 5274 si
838 5229 1013 5273 autem
1044 5217 1353 5275 reconderet
1382 5222 1432 5275 in
1464 5236 1752 5295 pauperum
1785 5244 1919 5284 vc..-

353 5313 518 5367 tribus
542 5352 557 5377 ,
585 5310 637 5364 in
665 5318 802 5364 terra
829 5308 1040 5378 quidem
1068 5308 1438 5379 digerebamr,
1467 5312 1563 5367 sed
1591 5314 1645 5369 in
1669 5317 1808 5371 caelo
1837 5327 1925 5373 tn-

352 5404 458 5455 tins
481 5401 806 5456 servabatur.
847 5398 988 5468 Ergo
1009 5436 1025 5463 ,
1053 5396 1352 5470 Redemptio
1394 5403 1580 5460 enim
1618 5406 1713 5461 viri
1739 5409 1928 5467 divitiae

357 5497 530 5564 ipsius.

422 5584 647 5641 CAPUT
676 5583 745 5639 Χ.
784 5613 858 5625 -
884 5582 969 5639 10.
1006 5581 1288 5651 Paupertas
1312 5584 1470 5640 ωιίιηί
1498 5603 1604 5656 pm
1628 5591 1805 5649 timore
1835 5596 1931 5651 mi-

356 5694 535 5729 narum
583 5677 738 5729 animi
777 5677 1072 5744 deﬁcientis.
1140 5676 1207 5732 Ει
1245 5678 1370 5748 quid
1409 5682 1678 5749 sequitur?
1722 5682 1930 5757 Pauper

355 5781 519 5824 autem
551 5783 650 5820 non
675 5765 853 5835 sum"
878 5768 1058 5821 minas.
1095 5767 1315 5840 Pauper,
1347 5773 1544 5830 scilicet
1577 5776 1743 5833 inanis
1761 5779 1919 5851 justi-

1997 647 2138 720 quod
2162 650 2331 705 oculis
2362 666 2466 707 non
2504 651 2715 707 videtur
2732 690 2751 718 ,
2776 651 2870 708 sed
2897 660 3076 709 mente
3102 652 3221 723 plus
3244 653 3481 711 cernitur
3508 656 3523 687 ⁸
3560 673 3577 712 :

1999 756 2105 797 non
2140 740 2341 796 habens
2372 741 2486 797 haec
2514 742 2684 809 intus,
2713 759 2814 797 non
2849 743 3027 811 aufert
3061 746 3245 801 mittas.
3280 745 3506 813 Quando
3529 748 3589 805 ei

1999 830 2197 887 dictum
2237 831 2396 887 fuerit
2434 832 2504 888 ab
2550 833 2725 905 aliquo
2775 844 3009 903 potente.
3061 834 3156 890 Dic
3204 834 3313 892 hoc
3360 838 3587 901 verbum

2001 932 2183 977 contra
2209 923 2479 979 inimicum
2507 939 2683 979 meum
2709 964 2724 988 ,
2754 925 2841 980 dic
2868 925 3059 980 falsum
3088 925 3455 983 testimonium
3476 967 3495 993 .
3524 939 3587 982 ut

2002 1028 2122 1068 enm
2156 1029 2316 1085 quem
2343 1015 2461 1069 volo
2485 1016 2781 1086 epprimam
2816 1023 2871 1069 et
2910 1014 3163 1083 domem;
3193 1014 3329 1073 forte
3370 1027 3540 1073 teutat
3567 1036 3587 1072 :

2003 1106 2118 1161 Non
2148 1104 2304 1174 facio,
2326 1122 2435 1162 non
2456 1107 2585 1165 mihi
2607 1105 2814 1163 adduco
2837 1117 3131 1178 peceatum.
3158 1108 3385 1165 Tantum
3406 1120 3587 1181 negat,

2006 1214 2282 1271 quousque
2311 1197 2465 1255 dives
2494 1200 2682 1254 minari
2713 1199 2945 1269 incipiat.
2974 1198 3087 1257 Sed
3111 1200 3234 1270 quia
3263 1216 3458 1270 pauper
3483 1209 3599 1264 est,

2008 1308 2109 1345 non
2137 1289 2313 1358 suﬂ'ert
2354 1292 2537 1346 minas.
2586 1290 2723 1358 Quid
2751 1299 2871 1356 est,
2912 1308 3103 1363 pauper
3128 1294 3251 1347 est?
3276 1291 3392 1348 Non
3430 1292 3599 1349 habet

2009 1379 2217 1436 divitias
2244 1382 2552 1446 interiores,
2577 1396 2711 1451 quas
2738 1391 3003 1455 martyres
3028 1382 3349 1448 habuerunt,
3375 1384 3467 1454 qui
3494 1399 3592 1454 pro

2010 1471 2231 1525 veritate
2250 1486 2311 1524 ac
2334 1471 2436 1526 ﬁde
2454 1471 2649 1526 Christi
2669 1487 2858 1527 omnes
2877 1472 3049 1527 minas
3064 1473 3245 1529 saeculi
3264 1482 3595 1544 οοιιιεηῳω·

2013 1572 2154 1618 runt.
2199 1563 2338 1618 Nihil
2375 1564 2443 1619 Ile
2465 1563 2628 1621 corde
2654 1563 3000 1635 perdiderunt
3020 1606 3037 1632 ,
3069 1567 3126 1620 in
3160 1567 3301 1623 casio
3330 1576 3591 1638 quantum

2015 1656 2368 1712 invenerunt?
2395 1652 2601 1729 Pauper
2618 1673 2745 1728 ergo
2764 1675 2863 1711 non
2889 1658 3064 1724 stt/fert
3084 1660 3267 1715 atinas.
3287 1660 3401 1716 Non
3422 1670 3599 1730 potest

2014 1747 2193 1802 dicere
2228 1747 2374 1802 diviti
2399 1749 2610 1820 cogenti
2638 1764 2700 1806 se
2726 1748 2793 1805 ad
2827 1750 3051 1820 alicujus
3078 1750 3320 1821 injuriam
3357 1752 3597 1822 proferre

2019 1838 2206 1895 falsum
2240 1841 2620 1908 testimmiium,
2648 1841 2764 1899 Non
2789 1843 2940 1899 facio.
2965 1842 3078 1898 Non
3108 1843 3265 1900 hibet
3290 1844 3431 1901 intus
3457 1845 3611 1907 unde.

2018 1932 2378 2002 respondeat,
2413 1948 2517 1990 non
2560 1943 2646 1990 est
2674 1934 2926 1992 tlie'sauro
2955 1937 3203 1992 interiore
3243 1937 3504 1995 solidatus
3544 1948 3610 1994 et

2018 2024 2206 2094 plenus
2238 2041 2251 2080 :
2281 2040 2386 2079 non
2411 2035 2493 2081 est
2514 2026 2607 2098 qui
2628 2025 2786 2089 dicat,
2810 2028 2929 2095 quia
2958 2043 3062 2084 non
3083 2027 3245 2084 habet
3262 2029 3404 2085 unde
3420 2030 3600 2094 dicat;

2021 2130 2126 2169 non
2154 2125 2238 2170 est
2260 2116 2347 2185 qui
2368 2115 2527 2180 dicat,
2558 2117 2694 2185 Quid
2722 2118 2851 2173 mihi
2877 2118 3109 2175 facturus
3132 2136 3193 2175 es
3216 2121 3305 2190 qui
3329 2121 3550 2176 mittaris
3570 2121 3594 2175 ’ἔ

2021 2203 2092 2262 Ut
2136 2206 2355 2261 multant
2380 2250 2395 2273 ,
2425 2206 2695 2263 ablaturus
2723 2209 2863 2280 quod
2902 2209 3073 2265 habeo
3106 2229 3121 2264 :
3155 2210 3294 2266 tollis
3337 2211 3479 2282 quod
3508 2228 3621 2279 ωε,

2023 2296 2241 2352 lictnrus
2267 2313 2383 2354 sum
2409 2315 2424 2363 ;
2452 2299 2593 2355 tollis
2619 2341 2633 2365 ,
2663 2300 2803 2371 quod
2833 2302 2931 2357 etsi
2969 2317 3073 2357 non
3106 2303 3260 2357 tollas
3284 2345 3299 2367 ,
3327 2303 3451 2357 dum
3484 2305 3608 2359 vivo

2025 2388 2245 2444 forsitan
2275 2389 2578 2460 perditurus
2601 2407 2717 2448 sum
2754 2411 2767 2448 :
2798 2392 2865 2448 de
2888 2409 3010 2449 arca
3038 2394 3291 2450 interiore
3318 2395 3448 2453 nihil
3472 2410 3606 2465 pcr-

2024 2476 2114 2534 do.
2140 2478 2272 2534 Cum
2300 2479 2425 2536 mihi
2454 2481 2669 2536 minaris
2693 2481 2905 2538 auferre
2929 2482 3068 2553 quod
3095 2483 3233 2539 intus
3259 2484 3455 2547 habeo,
3479 2499 3620 2541 γεω·

2027 2570 2104 2624 vis
2128 2569 2338 2627 auferre
2372 2570 2513 2642 quod
2543 2571 2684 2631 intus
2711 2571 2898 2628 habeo.
2924 2572 3033 2629 Sed
3057 2573 3183 2629 illud
3212 2583 3365 2647 potes
3393 2573 3609 2630 auferre

2025 2670 2080 2715 et
2108 2661 2301 2717 habere
2328 2678 2341 2714 :
2372 2660 2529 2718 ﬁdem
2558 2662 2601 2717 si
2623 2663 2879 2725 minando
2894 2664 3196 2732 abstuleris,
3218 2673 3272 2720 ct
3291 2679 3392 2735 ego
3420 2666 3605 2736 perdo,

2026 2759 2081 2806 et
2113 2760 2165 2806 tu
2192 2766 2296 2807 non
2329 2749 2567 2809 habebis.
2596 2752 2711 2808 Non
2738 2769 2872 2824 ergo
2893 2754 3029 2810 facio
3053 2756 3195 2827 quod
3221 2756 3471 2824 hortaris,
3500 2773 3623 2812 non

2026 2858 2155 2898 curo
2180 2842 2318 2914 quod
2345 2842 2580 2899 minaris.
2612 2843 2717 2901 Sed
2746 2854 2893 2915 potes
2927 2846 3194 2909 saeviendo
3230 2847 3392 2903 etiam
3418 2848 3484 2907 de
3510 2865 3613 2921 pa-

2029 2936 2124 2991 tria
2139 2951 2222 2992 me
2236 2938 2451 3007 pellere.
2467 2936 2723 3007 Nocnisti,
2737 2938 2782 2994 si
2796 2938 2920 2995 illuc
2933 2955 3016 2995 nte
3031 2940 3320 3011 expuleris,
3339 2942 3427 2999 ubi
3440 2942 3617 2999 Deum

2028 3043 2202 3083 meum
2235 3029 2469 3085 invenire
2493 3046 2598 3085 non
2626 3046 2861 3100 possum.
2884 3032 3045 3088 Forte
3067 3033 3266 3091 valebis
3284 3035 3446 3091 etiam
3469 3036 3617 3093 occi-
3704 3031 3717 3037 “

2027 3116 2173 3173 dere.
2200 3118 2406 3174 Rnente
2430 3121 2625 3175 carnali
2664 3120 2844 3185 domo,
2875 3122 3153 3185 incolumis
3191 3122 3459 3181 habitator
3475 3125 3609 3183 abs-

2026 3211 2178 3274 cedo.
2206 3221 2257 3267 et
2303 3212 2368 3267 ad
2392 3213 2536 3267 illum
2562 3215 2645 3270 cui
2670 3231 2824 3269 servo
2853 3214 3009 3270 ﬁdem
3032 3232 3250 3274 securus
3274 3218 3450 3284 exibo,
3473 3227 3529 3275 et
3552 3228 3609 3274 te

2026 3304 2252 3374 amplius
2279 3320 2382 3361 non
2415 3306 2628 3362 timebo.
2664 3304 2791 3363 Vide
2819 3308 2960 3363 enim
2996 3308 3124 3378 quid
3157 3309 3394 3377 minaris,
3425 3320 3483 3366 ut
3510 3311 3611 3366 fal-

2028 3409 2143 3449 sum
2175 3396 2530 3452 testimonium
2559 3397 2729 3453 dicam
2774 3417 2787 3453 :
2819 3409 3043 3455 mortem
3075 3401 3331 3468 minaris,
3362 3402 3457 3460 sed
3485 3420 3623 3461 cor-

2028 3484 2190 3554 poris.
2220 3485 2345 3542 Plus
2373 3502 2470 3558 ego
2496 3503 2618 3543 eum
2647 3489 2808 3545 timeo
2828 3531 2844 3556 ,
2877 3491 2964 3561 qui
3003 3490 3136 3546 dixit
3159 3534 3177 3559 ,
3206 3490 3277 3546 0s
3308 3494 3443 3563 quod
3467 3512 3617 3551 mcu-

2028 3575 2147 3629 titur
2174 3617 2189 3642 ,
2220 3577 2400 3632 occidit
2436 3578 2655 3633 animant
2687 3578 2843 3652 '(Sap.
2872 3597 2887 3636 ι
2913 3623 2930 3648 ,
2961 3582 3072 3652 il).
3119 3580 3209 3639 llis
3236 3584 3434 3640 divitiis
3469 3586 3623 3643 intus

2029 3664 2217 3736 plenus
2238 3677 2292 3722 et
2311 3669 2540 3739 apimus,
2559 3672 2679 3726 talia
2707 3674 2926 3728 minanti
2956 3672 3038 3729 vel
3060 3675 3275 3731 meliora
3300 3677 3609 3749 respondet.
3634 3744 3641 3751 ί

2031 3756 2238 3831 Pauper
2259 3771 2423 3817 autem
2450 3780 2549 3817 non
2577 3762 2753 3832 suﬂert
2774 3767 2954 3820 minas.

2100 3848 2323 3909 CAPUT
2351 3851 2442 3908 XI.
2473 3885 2544 3894 —
2584 3856 2668 3909 11.
2698 3853 2899 3911 Divitiw
2934 3874 3064 3913 verti:
3101 3874 3132 3912 a
3158 3856 3269 3914 Deo
3298 3860 3611 3931 αρείεηάιικ

2030 3940 2208 3995 Simus
2260 3958 2389 4014 ergo
2436 3945 2662 4009 divites,
2716 3956 2771 4001 et
2821 3947 3101 4006 timeamus
3157 3966 3275 4007 esse
3330 3966 3609 4021 pauperes.

2030 4032 2342 4098 Quaeramus
2366 4043 2541 4090 autem
2572 4037 2775 4106 impleri
2812 4054 2907 4093 cor
2933 4050 3172 4096 nostrum
3202 4041 3399 4097 divitiis
3425 4042 3493 4096 ab
3519 4040 3629 4096 ila)»

2030 4123 2118 4193 qui
2150 4139 2273 4179 vere
2302 4124 2449 4179 dives
2474 4135 2574 4180 est.
2608 4126 2677 4182 Et
2716 4127 2759 4182 si
2806 4124 2940 4186 forte
2982 4132 3349 4203 unusquisque
3378 4143 3625 4187 vestrum

2030 4214 2191 4269 intrat
2227 4214 2283 4270 in
2307 4231 2402 4271 cor
2424 4232 2576 4272 suum
2604 4260 2619 4283 ,
2646 4227 2700 4274 et
2729 4218 2836 4273 illic
2862 4220 3073 4275 divitias
3099 4222 3225 4278 istas
3247 4239 3354 4278 non
3385 4223 3617 4289 invenit,

2031 4306 2203 4374 pulset
2229 4306 2296 4362 ad
2323 4305 2540 4363 divitem
2575 4325 2588 4364 :
2621 4307 2712 4364 ﬁat
2737 4320 2860 4367 ante
2879 4311 3095 4383 januam
3134 4314 3273 4369 illius
3308 4315 3429 4385 pius
3456 4331 3617 4372 men—
3646 4370 3651 4379 ,

2030 4396 2200 4466 dicus,
2226 4405 2284 4453 ut
2306 4398 2375 4453 sit
2401 4398 2492 4455 illo
2512 4399 2743 4458 donante
2766 4401 2916 4458 dives
2943 4401 3211 4474 impletus.
3240 4404 3305 4460 Et
3329 4421 3473 4468 vere.
3502 4406 3617 4462 ira-

2031 4498 2138 4543 tres
2166 4489 2308 4555 mei,
2339 4499 2702 4562 paupertatem
2746 4505 2980 4549 nostram
3008 4536 3021 4557 ,
3051 4504 3339 4566 egestatem
3370 4506 3619 4555 nostram.

2031 4576 2283 4634 debemus
2308 4580 2531 4638 Domino
2566 4582 2675 4640 Deo
2704 4595 2887 4641 nostro
2921 4587 3183 4643 conﬁteri.
3219 4587 3362 4643 llanc
3386 4588 3624 4649 contitev

2032 4668 2185 4724 batur
2212 4669 2529 4729 Publicanus
2550 4714 2565 4738 .
2595 4674 2683 4747 qui
2713 4690 2813 4731 nec
2840 4674 3026 4731 oculos
3052 4674 3118 4733 ad
3147 4675 3340 4735 caelum
3380 4677 3615 4735 audebat

2033 4762 2230 4820 levare.
2256 4763 2373 4841 Non
2394 4766 2537 4821 enim
2563 4765 2790 4823 habebat
2816 4782 2937 4823 cum
2965 4784 3064 4839 qua
3090 4768 3383 4824 substantia
3410 4769 3617 4827 levaret

2031 4855 2216 4910 oculos
2243 4872 2369 4912 suos
2392 4855 2552 4912 homo
2579 4867 2843 4929 peccator.
2869 4858 3194 4916 Attendebat
3211 4859 3276 4916 ad
3298 4862 3619 4918 inanitatem

2032 4962 2181 5004 suam
2212 4966 2227 5003 :
2248 4948 2341 5004 sed
2367 4949 2739 5020 plenitudinem
2765 4951 2969 5007 Dotnini
2991 4953 3365 5024 cognoscebat,
3390 4963 3619 5010 noverat

2031 5052 2089 5094 se
2118 5039 2184 5095 ad
2210 5038 2407 5096 fontem
2434 5041 2643 5098 venisse
2680 5043 2970 5099 sitientem.
3004 5042 3195 5099 Aridas
3224 5043 3401 5101 fauces
3429 5057 3615 5101 osten—

2031 5132 2208 5195 debat,
2240 5132 2324 5202 pie
2352 5132 2511 5187 ubera
2538 5132 2802 5204 implenda
2832 5135 3071 5204 pulsabat
3103 5153 3116 5189 :
3147 5133 3383 5203 Domine,
3417 5135 3611 5205 inquit,

2035 5227 2261 5282 tondens
2291 5237 2473 5298 pectus
2495 5271 2510 5295 ,
2537 5231 2722 5286 oculos
2746 5230 3000 5301 dejiciens
3024 5231 3075 5285 in
3104 5239 3296 5285 terram
3313 5271 3329 5295 ,
3364 5230 3616 5301 propitius

2032 5325 2136 5372 esto
2164 5319 2287 5372 mihi
2310 5321 2576 5390 peccatori.
2609 5321 2736 5377 Dico
2761 5336 2879 5393 ego,
2909 5326 3030 5392 quia
3046 5321 3156 5392 jam
3176 5336 3243 5376 ex
3268 5320 3439 5391 aliqua
3464 5332 3616 5391 parte

2032 5407 2185 5465 dives
2230 5418 2376 5477 erat,
2422 5426 2542 5466 cum
2581 5411 2679 5471 ista
2726 5411 2993 5484 cogitabat
3032 5421 3088 5468 et
3124 5411 3359 5484 petebat.
3395 5410 3525 5466 Nam
3568 5412 3617 5466 si
3658 5402 3665 5408 ’

2034 5498 2207 5556 adhuc
2250 5501 2391 5556 omni
2438 5502 2598 5557 modo
2650 5519 2850 5576 panper
2887 5514 3022 5571 erat,
3067 5502 3224 5576 hujus
3263 5502 3619 5559 confessionis

2035 5606 2270 5662 gemmas
2301 5592 2437 5648 unde
2463 5593 2804 5664 proferebat?
2831 5594 2935 5654 Sed
2966 5600 3140 5651 tamen
3176 5593 3532 5651 abundantior
3561 5604 3619 5651 ct

2039 5683 2240 5751 plenior
2278 5683 2343 5739 de
2383 5685 2578 5756 templo
2615 5684 2889 5743 descendit
2918 5687 3255 5761 justiﬁcatus.
3303 5686 3397 5742 llic
3438 5695 3618 5741 autem

2103 5796 2117 5823 ¹
2145 5794 2426 5846 Sorbouicus
2448 5802 2552 5860 ιι,
2577 5797 2661 5848 snt
2680 5798 2789 5862 plus
2804 5805 2956 5851 mute
2977 5797 3309 5864 perpenditur.
