3938 6186
300 380 404 441 213

300 499 400 556 bus
425 497 579 553 nosz
608 504 661 548 ut
706 502 875 547 mater
923 506 935 542 :
985 503 1106 542 nam
1133 487 1286 541 unius
1312 499 1445 539 uxor
1472 491 1570 538 est.
1618 477 1880 534 Mulierem

303 596 483 663 [Man
501 590 612 655 quis
654 583 902 639 inueniet!
925 579 1196 635 Mulierem
1229 579 1379 632 istam
1408 585 1515 629 tam
1548 573 1739 628 fortem
1764 582 1883 663 quis

302 659 410 736 non
432 677 609 735 videt?
633 674 738 732 Sed
770 675 880 743 jam
918 672 1190 726 inventam
1217 709 1231 733 ,
1253 668 1363 739 jam
1391 664 1714 722 eminentem
1735 704 1749 726 ,
1773 659 1889 729 jaur

302 773 640 843 conspicuam
658 809 672 832 ,
693 767 801 837 jam
830 762 1113 838 gloriosam
1134 802 1150 828 ,
1178 760 1288 830 jam
1308 766 1548 813 ornatam
1569 796 1585 821 ,
1608 755 1719 823 jam
1749 750 1883 843 luei-

304 840 464 926 datn';
491 860 600 930 jam
619 900 634 927 ,
663 865 721 913 ut
739 858 846 913 cito
869 855 1130 926 explicem
1151 894 1167 919 ,
1197 857 1309 906 toto
1339 858 1599 904 terrarqu
1621 843 1752 899 orbe
1776 840 1882 896 dil-

305 945 496 1013 tuum.

373 1044 599 1103 CAPUT
636 1044 724 1100 lll.
778 1072 852 1085 -—
889 1043 945 1097 3.
997 1037 1272 1094 Pretiosior
1318 1040 1485 1088 autem
1515 1039 1588 1086 est
1635 1027 1885 1099 lapidibus

307 1140 573 1211 pretiosis,
617 1152 731 1208 quer
789 1131 1039 1205 ejusmodi
1068 1139 1160 1184 est.
1209 1125 1344 1196 Quid
1410 1137 1697 1195 maguum,
1764 1119 1884 1211 quia

306 1207 593 1302 pretiosior
632 1207 741 1281 est
783 1224 977 1280 mulier
1022 1222 1137 1276 ham
1192 1217 1453 1289 lapidibus
1496 1211 1780 1284 pretiosis?
1830 1207 1886 1264 Si

308 1320 468 1377 modo
516 1320 775 1374 humanas
823 1315 1071 1370 avaritias
1095 1309 1371 1382 cogitetis,
1417 1308 1461 1361 si
1495 1305 1558 1359 ad
1591 1302 1886 1374 proprieta-

308 1421 414 1467 tem
456 1410 784 1481 accipiantur
824 1406 1024 1477 lapides
1049 1402 1293 1476 pretiosi,
1346 1397 1469 1470 quid
1494 1410 1739 1465 magnum
1770 1400 1849 1447 est
1870 1434 1884 1455 .

306 1504 447 1575 quod
478 1501 797 1573 quibuslibet
819 1497 1079 1569 lapidibus
1108 1492 1389 1565 pretiosior
1414 1488 1679 1544 invenitur
1705 1484 1888 1575 Eccle-

307 1574 425 1649 sia?
471 1591 625 1647 Nulla
658 1591 778 1645 talis
817 1587 1142 1659 comparatio
1196 1593 1277 1640 est
1325 1600 1338 1635 :
1388 1579 1640 1635 scd'sunt
1688 1574 1889 1645 lapides

309 1682 527 1753 pretiosi
577 1681 630 1736 in
686 1680 794 1735 illa.
824 1680 954 1734 Tam
1006 1674 1222 1749 pretiosi
1276 1680 1401 1728 sunt
1436 1669 1638 1741 lapides
1683 1666 1801 1731 isti,
1833 1673 1892 1718 ut

308 1774 411 1827 vivi
460 1771 703 1826 dicantur
726 1769 768 1843 (Ι
812 1769 953 1824 Petr.
997 1784 1066 1833 tt,
1095 1768 1160 1831 ι,
1203 1766 1282 1835 5).
1330 1764 1468 1820 Sunt
1515 1774 1642 1832 ergo
1690 1757 1891 1829 lapides

309 1861 529 1933 pretiosi
556 1870 810 1915 ornantes
835 1874 952 1915 eam
982 1876 997 1913 :
1028 1856 1123 1912 sed
1161 1864 1245 1911 est
1283 1856 1392 1924 ipsa
1426 1851 1724 1923 pretiosior.
1760 1846 1892 1903 Volo

309 1953 506 2024 aliquid
551 1951 927 2008 commendare
951 1947 1209 2005 Charitati
1251 1956 1473 2013 vestrae,
1518 1952 1772 2017 quantum
1798 1958 1891 1997 ea-

311 2046 435 2116 pio,
458 2054 713 2116 quantum
741 2043 960 2112 capitis,
1004 2050 1256 2112 quantum
1305 2039 1495 2102 timeo,
1527 2045 1782 2106 quantum
1828 2033 1895 2087 ti-

316 2150 464 2191 mere
510 2134 716 2191 debetis
743 2134 761 2165 ί
790 2133 859 2188 de
894 2132 977 2186 his
1026 2130 1293 2201 lapidibus
1345 2127 1613 2199 pretiosis.
1664 2124 1801 2180 Sunt
1838 2123 1893 2177 in

314 2225 550 2282 Ecclesia
580 2224 780 2294 lapides
808 2223 1057 2293 pretiosi,
1088 2229 1143 2277 et
1180 2234 1396 2290 semper
1422 2216 1666 2281 luerunt,
1714 2212 1891 2281 docti,

313 2314 644 2371 abundantes
670 2314 892 2370 scientia
938 2320 993 2369 et
1019 2311 1230 2382 eloquio
1258 2318 1313 2365 et
1358 2307 1503 2362 omni
1547 2305 1896 2360 instructione

319 2404 496 2476 Legis.
529 2404 753 2459 Pretiosi
779 2402 937 2474 plane
964 2401 1166 2472 lapides
1191 2398 1276 2454 isti
1306 2407 1427 2454 sunt
1458 2414 1471 2450 :
1500 2396 1593 2451 sed
1615 2408 1680 2449 ex
1710 2407 1895 2449 eorum

316 2508 540 2550 numero
586 2493 802 2564 quidam
844 2491 1226 2546 aberraverunt
1254 2488 1322 2542 ab
1361 2494 1674 2541 ornamento
1713 2482 1897 2539 mulie-

318 2586 394 2641 ris
438 2585 618 2655 hujus.
648 2584 918 2651 Quantum
954 2583 1095 2637 enim
1142 2580 1368 2649 pertinet
1393 2576 1459 2632 ad
1500 2576 1794 2631 doctrinam
1846 2582 1901 2628 ct

315 2679 588 2748 eloquium
620 2676 760 2732 unde
805 2674 967 2745 fulget
991 2675 1013 2706 '
1037 2715 1051 2737 ,
1089 2672 1221 2742 lapis
1242 2670 1507 2748 pretiosus
1535 2676 1652 2723 erat
1677 2667 1898 2738 Cypria-

321 2746 464 2824 nus:
487 2767 581 2822 sed
625 2766 820 2821 mansit
864 2767 917 2821 in
957 2763 1116 2835 hujus
1143 2746 1476 2817 ornamento.
1507 2759 1665 2829 Lapis
1703 2757 1902 2828 pretio-

320 2873 412 2912 sus
439 2866 555 2913 erat
584 2858 819 2912 Donatus
850 2874 865 2910 :
892 2855 986 2912 sed
1025 2852 1230 2910 resiluit
1253 2868 1281 2906 a
1308 2865 1564 2922 compage
1614 2864 1900 2904 ornamen-

322 2949 384 3004 ti.
414 2948 508 3003 llle
532 2949 623 3019 qui
671 2948 897 3014 mansit,
931 2947 983 3000 in
1010 2961 1071 3001 ea
1116 2958 1175 3000 se
1198 2943 1363 2998 amari
1392 2942 1560 2996 voluit
1585 2940 1606 2971 ³
1634 2957 1649 2994 :
1678 2939 1768 2995 ille
1812 2938 1901 3009 qui

322 3040 448 3096 inde
468 3054 724 3097 excussus
751 3048 862 3106 est,
892 3048 1091 3110 prmter
1121 3037 1261 3091 illam
1288 3050 1480 3089 nomen
1510 3034 1612 3089 sibi
1638 3032 1900 3104 qumsivit.

321 3133 419 3189 illo
442 3148 760 3203 permanens
799 3147 919 3187 cum
947 3132 1063 3197 illa,
1112 3130 1179 3185 ad
1206 3129 1347 3183 illam
1373 3126 1583 3197 collegit
1610 3145 1623 3180 :
1654 3125 1745 3181 ille
1770 3126 1905 3180 resi-

322 3227 488 3290 liens,
538 3241 642 3280 non
689 3225 973 3294 colligere,
1018 3222 1114 3278 sed
1156 3235 1406 3293 spargere
1434 3217 1753 3288 concupivit.
1783 3215 1904 3272 Mali

324 3319 415 3373 lilii
431 3362 446 3384 ,
473 3318 598 3390 quid
624 3317 907 3389 sequimini
934 3316 1161 3387 lapidem
1185 3315 1475 3384 pretiosum
1493 3355 1506 3377 ,
1531 3313 1595 3369 de
1619 3327 1904 3366 ornamen-

323 3421 378 3464 to
402 3410 561 3479 hujus
583 3409 822 3464 mulieris
845 3423 1127 3464 excussum
1144 3408 1169 3459 ’ἐ
1198 3405 1551 3476 Respondetis
1578 3405 1705 3460 mihi
1727 3447 1740 3469 ,
1767 3403 1906 3472 Quid

323 3500 509 3556 civim?
536 3501 614 3555 Tu
644 3500 723 3555 sic
751 3500 1051 3570 intelligens
1072 3496 1337 3569 quomodo
1362 3495 1487 3552 ille?
1511 3505 1603 3550 aut
1622 3496 1699 3551 sic
1726 3496 1907 3566 loque-

324 3595 400 3649 ris
428 3595 698 3668 quomodo
741 3593 867 3649 ille?
902 3602 994 3647 aut
1023 3601 1127 3646 tam
1167 3591 1355 3647 doctus
1398 3605 1457 3646 es
1485 3606 1641 3661 quam
1670 3589 1799 3644 ille?
1825 3588 1907 3643 Sit

325 3687 450 3741 licet
482 3685 837 3756 intelligens:
871 3683 1165 3739 Intellectus
1191 3684 1377 3747 bonus,
1410 3683 1637 3736 omnibus
1679 3680 1902 3751 facienti-

324 3778 415 3832 bus
438 3792 552 3830 actu
576 3774 749 3846 (Psal.
781 3790 882 3839 cx,
916 3775 1023 3846 ιθ).
1053 3774 1134 3830 Sit
1156 3775 1283 3829 licet
1310 3774 1526 3837 doctus,
1559 3773 1684 3828 licet
1715 3773 1906 3827 libera-

326 3870 462 3925 libus
488 3868 784 3940 d‘isciplinis
824 3877 878 3924 ct
920 3869 1190 3940 mysteriis
1219 3866 1376 3937 Legis
1414 3866 1738 3931 instructus,
1771 3867 1907 3936 lapis

324 3968 407 4015 est
458 3961 763 4030 pretiosus:
792 3960 903 4015 redi
957 3960 1025 4014 ab
1054 3959 1148 4015 illo
1188 3958 1254 4014 ad
1287 3959 1440 4013 istam
1461 3999 1476 4024 ,
1512 3955 1789 4012 Pretiosior
1833 3968 1908 4012 est

324 4051 575 4124 lapidibus
602 4052 850 4122 pretiosis.
896 4050 1054 4122 Lapis
1083 4052 1348 4122 pretiosus
1376 4050 1422 4106 si
1449 4067 1552 4105 non
1582 4048 1651 4104 sit
1676 4048 1728 4103 in
1751 4063 1908 4104 orna-

328 4151 510 4197 mento
535 4143 777 4199 mulieris
803 4143 986 4211 hujus,
1023 4143 1167 4213 jacet
1195 4142 1247 4198 in
1302 4142 1552 4197 tenebris.
1583 4140 1741 4211 Lapis
1782 4156 1908 4212 pre-

328 4232 496 4289 tiosus
519 4225 755 4303 quolibet
770 4233 940 4303 jacet,
968 4233 1111 4303 jacet
1136 4234 1186 4287 in
1217 4234 1450 4288 tenebris
1483 4249 1495 4286 :
1527 4248 1660 4303 opus
1687 4232 1762 4287 illi
1791 4242 1909 4289 erat

326 4331 383 4378 ut
408 4325 464 4380 in
489 4333 803 4380 irritamento
845 4325 1003 4393 hujus
1040 4324 1248 4378 feminae
1292 4333 1656 4391 permaneret,
1689 4335 1741 4379 et
1767 4334 1908 4379 esset

330 4416 384 4469 in
408 4415 727 4485 compagine
747 4415 1041 4469 ornamenti
1063 4414 1196 4482 ejus.
1229 4413 1342 4482 Ego
1364 4424 1539 4467 autem
1569 4414 1793 4469 ﬁdenter
1828 4412 1911 4470 di-

328 4505 497 4560 xerim
518 4547 534 4571 ,
562 4504 779 4574 pretiosi
809 4504 1010 4575 lapides
1038 4503 1157 4559 ideo
1186 4503 1311 4558 dicti
1341 4514 1492 4569 sunt,
1521 4505 1641 4575 quia
1669 4519 1795 4560 caro
1820 4522 1909 4559 va-

328 4597 443 4652 lent
466 4596 488 4627 ⁸
519 4614 533 4649 :
555 4597 665 4666 jam
691 4597 780 4652 ille
804 4597 922 4651 vilis
947 4606 1058 4662 est,
1109 4597 1334 4671 pretium
1377 4596 1638 4667 perdidit,
1680 4599 1769 4668 qui
1804 4616 1908 4654 non

333 4687 497 4745 habet
520 4688 851 4744 charilatem.
887 4689 1186 4745 Doctriuatn
1230 4703 1378 4743 suam
1421 4688 1584 4760 jaclct
1611 4689 1766 4758 licet,
1810 4690 1911 4747 lin-

328 4794 489 4850 guam
528 4795 683 4836 suam
717 4779 883 4850 jactet
912 4781 1036 4838 licet
1065 4799 1079 4835 :
1110 4780 1291 4837 audiat
1329 4783 1705 4839 aestimatorem
1756 4800 1909 4841 vero-

328 4887 449 4928 rum
469 4871 703 4943 lapidum
732 4882 986 4931 matrona:
1014 4873 1200 4944 hujus;
1227 4874 1436 4940 audiat,
1463 4875 1698 4947 inquam,
1725 4892 1911 4949 quem-

330 4964 454 5022 dam
503 4966 762 5024 artiﬁcem
807 4969 1102 5025 ornamenti
1156 4967 1529 5038 inspectorem.
1571 4970 1707 5038 Quid
1746 4971 1912 5042 jactat

335 5057 565 5129 linguam
594 5072 777 5127 suam,
800 5061 908 5132 jam
950 5076 1052 5117 non
1104 5062 1397 5133 pretiosus,
1429 5063 1523 5116 sed
1572 5061 1695 5117 vilis
1738 5064 1911 5134 lapis?

333 5149 397 5206 Si
442 5151 633 5221 linguis
681 5152 935 5207 hominum
964 5152 1166 5223 loquar,
1224 5153 1426 5224 inquit,
1469 5163 1515 5207 et
1568 5153 1908 5226 Angelorum,

331 5241 626 5294 Charitelen:
653 5250 817 5295 autem
847 5258 946 5296 non
973 5243 1213 5309 habeant,
1252 5245 1417 5312 factus
1440 5260 1551 5297 sum
1587 5253 1911 5298 momentum

334 5417 741 5529 “Latices-unus
772 5424 854 5468 us.
873 5454 888 5481 ,
918 5422 1148 5481 quantum
1179 5422 1340 5479 teneo,
1365 5423 1594 5483 quantum
1627 5425 1786 5470 tenere
1822 5420 1909 5471 de-

398 5512 493 5586 ria
527 5545 607 5609 ags.
626 5541 900 5609 sorbonioo,
920 5542 1047 5592 unde
1063 5536 1265 5607 fulgent.
1297 5540 1428 5606 Apud
1452 5540 1767 5603 andimsium,
1784 5543 1913 5595 unde

333 5597 636 5667 hqcrntttlier
657 5599 820 5667 fulget.

335 5660 751 5772 ("norbeiousi‘
780 5671 877 5712 usu:
907 5661 990 5715 Ille
1014 5662 1167 5726 quiin
1203 5678 1261 5716 ea
1296 5661 1606 5728 resumis-itm
1636 5678 1810 5717 amre
1830 5680 1910 5718 ro-

400 5766 518 5833 {sic
531 5786 747 5846 potiores
763 5788 865 5834 uss.
886 5784 1002 5836 Editi
1028 5800 1162 5852 vero,
1187 5789 1296 5853 quia
1313 5787 1543 5842 rlmritote
1560 5766 1728 5844 ralem.

1488 370 1492 375 ”
1519 366 1578 421 S.
1621 360 1989 420 AUGiiS’l‘lNl
2033 358 2339 418 EPISCOPI

3475 352 3584 413 92i

1990 489 2177 530 sonans
2199 514 2214 536 ,
2256 483 2344 527 aut
2370 469 2659 544 cymbalum
2689 471 2903 525 tinniens
2934 469 2976 543 (Ι
3000 468 3118 525 Cor.
3152 484 3243 524 nu
3263 511 3277 535 ,
3315 467 3391 543 ι).
3420 464 3579 540 Cym-

1991 568 2169 624 balum
2193 577 2275 623 est
2294 566 2429 637 lapis
2456 565 2549 622 ille
2589 583 2603 620 :
2630 564 2741 636 jam
2768 581 2871 620 non
2902 562 3095 635 fulget,
3116 561 3210 618 sed
3232 556 3406 619 tinnit.
3437 558 3581 630 Ergo

1990 661 2179 717 discite
2227 659 2427 730 lapides
2481 658 2787 725 aestimare,
2834 657 3190 729 negotiatores
3237 654 3388 727 regni
3413 640 3580 710 ecclo-

1993 770 2110 808 rum
2143 770 2156 807 :
2191 753 2366 807 nullus
2390 752 2542 807 vobis
2571 750 2703 821 lapis
2733 751 2967 820 placeat,
3020 758 3216 818 praeter
3242 746 3406 816 hujus
3452 764 3571 802 mu-

1992 844 2135 901 lieris
2155 853 2545 899 ornamentum.
2581 842 2715 898 Haec
2754 854 2873 913 qum
2904 840 3187 910 pretiosior
3214 848 3294 894 est
3320 838 3581 911 lapidibus

1993 936 2238 1005 pretiosis
2257 977 2271 1000 ,
2300 933 2601 988 ornamenti
2632 932 2713 986 sui
2744 932 2856 1001 ipsa
2883 931 3110 1001 pretium
3140 936 3240 983 est.

2060 1018 2287 1081 CAPUT
2315 1022 2403 1079 ιν.
2431 1054 2502 1064 --
2550 1023 2603 1078 4.
2644 1021 2862 1090 Conﬁdit
2881 1038 3032 1091 super
3061 1037 3171 1074 eam
3199 1036 3285 1073 cor
3435 1020 3568 1088 ejus,

1994 1116 2155 1172 Plane
2179 1114 2417 1182 conlidit,
2455 1123 2508 1170 et
2538 1122 2597 1169 ut
2636 1112 2964 1168 conﬁdamus
2989 1112 3189 1167 docuit.
3215 1110 3554 1167 Commendo

1995 1208 2072 1263 vit
2091 1208 2231 1263 enim
2274 1208 2566 1263 Ecclesium
2615 1222 2783 1276 usque
2837 1204 2902 1259 ad
2947 1181 3200 1261 terminos
3252 1214 3430 1270 terrm,
3488 1220 3584 1275 per

1993 1314 2178 1355 omnes
2206 1308 2412 1369 gentes,
2444 1315 2473 1353 a
2525 1299 2656 1353 mari
2701 1312 2867 1369 usque
2916 1296 2981 1353 ad
3028 1313 3192 1352 utare.
3236 1296 3362 1351 ihec
3401 1297 3580 1351 sinon

1994 1407 2162 1462 usque
2191 1391 2255 1446 ad
2307 1391 2465 1446 linem
2510 1390 2950 1461 perseveraverit,
2999 1405 3103 1443 non
3143 1404 3303 1458 super
3330 1405 3445 1443 eam
3489 1403 3582 1442 cor

1995 1484 2089 1536 viri
2131 1482 2244 1551 ejus
2296 1480 2535 1535 confidit.
2581 1479 2801 1549 Conﬁtlit
2852 1496 3003 1550 super
3030 1495 3139 1533 eam
3176 1496 3262 1533 cor
3293 1479 3386 1533 viri
3432 1478 3584 1548 ejus:

1997 1562 2254 1645 pr:eSCitts
2299 1572 2537 1636 conlidit,
2570 1571 2677 1625 falli
2708 1587 2811 1626 non
2853 1579 3021 1640 potest
3054 1569 3142 1641 qui
3184 1568 3424 1624 conlidit.
3466 1568 3583 1625 Non

1994 1663 2193 1717 d;ctunt
2225 1672 2326 1728 est,
2373 1662 2602 1717 Conlidit
2634 1676 2795 1731 super
2837 1677 2952 1715 eam
2982 1676 3076 1715 cor
3116 1660 3344 1714 ﬁliorum
3380 1678 3393 1712 :
3429 1670 3583 1730 pote-

1996 1763 2115 1809 rant
2151 1754 2291 1809 enim
2327 1753 2416 1808 lilii
2467 1753 2583 1822 ejus
2630 1753 2834 1823 parvuli
2886 1751 3029 1817 falli;
3074 1750 3215 1805 illius
3258 1766 3354 1806 cor
3379 1751 3587 1805 nullum

1996 1843 2328 1899 mendacium
2355 1844 2576 1913 decipit.
2608 1844 2806 1899 Verum
2854 1853 2936 1897 est
2979 1858 3128 1913 ergo,
3179 1841 3323 1913 quod
3343 1843 3584 1897 conlidit.

2001 1935 2127 2003 Quae
2153 1936 2269 1989 talis
2296 1944 2389 1998 est,
2413 1935 2591 2005 spoliis
2614 1951 2714 1989 non
2730 1934 2992 2006 indigebit.
3026 1933 3140 1988 Non
3161 1934 3281 2005 quia
3308 1949 3414 1989 non
3439 1948 3591 2005 qua:-

1998 2030 2068 2083 rit
2086 2029 2279 2098 spolia,
2306 2028 2428 2084 ideo
2457 2045 2566 2083 nou
2594 2027 2849 2098 indigebit
2877 2045 2892 2082 :
2916 2027 3010 2083 sed
3037 2028 3158 2098 quia
3188 2027 3369 2083 multis
3417 2028 3589 2082 abun-

1998 2118 2161 2174 dabit.
2194 2119 2321 2186 Qua:
2372 2118 2489 2173 talis
2534 2128 2624 2183 est,
2680 2118 2857 2189 spoliis
2910 2135 3009 2172 non
3044 2118 3302 2190 indigebit.
3345 2117 3593 2188 Undique

1999 2212 2191 2284 spoliat
2217 2213 2493 2279 tnundum,
2521 2214 2715 2284 ubique
2742 2213 2963 2279 dillusa;
2987 2214 3124 2284 rapit
3140 2213 3370 2284 undique
3388 2224 3589 2282 impura

2000 2306 2229 2360 diabolo.
2261 2307 2371 2361 lloc
2398 2307 2538 2363 enim
2567 2308 2616 2362 ci
2648 2307 2897 2377 promisit
2920 2307 3000 2360 vir
3023 2307 3142 2376 ejus
3170 2307 3210 2371 ί.
3252 2306 3337 2361 cui
3377 2305 3508 2360 dicit
3534 2305 3594 2357 in

2000 2398 2104 2452 alio
2132 2399 2337 2468 psalmo
2365 2416 2377 2452 :
2410 2397 2738 2471 Exsultoego
2766 2399 2818 2453 in
2844 2398 3002 2455 verbis
3029 2397 3150 2465 luis,
3177 2406 3307 2452 sicut
3331 2399 3415 2468 qui
3451 2397 3590 2451 inre-

2001 2489 2075 2543 nit
2120 2490 2286 2559 spolia
2326 2499 2486 2544 mmm
2536 2488 2709 2561 (Psat.
2745 2505 2926 2556 cxvtu,
2951 2486 3099 2561 £62).
3127 2485 3597 2557 Quemadmodum

2002 2582 2187 2651 spoliis
2228 2582 2445 2654 indiget,
2492 2597 2612 2652 qua:
2665 2581 2896 2653 undique
2934 2581 3094 2652 rapit,
3135 2581 3367 2652 undique
3403 2580 3597 2645 trahitr

2003 2675 2236 2746 undique
2256 2676 2478 2746 acquirit
2505 2676 2529 2729 ’ἒ
3104 2728 3107 2729 ν

2074 2765 2128 2821 5.
2159 2764 2409 2836 Operatur
2436 2767 2570 2820 enim
2596 2767 2700 2821 viro
2728 2783 2819 2821 suo
2845 2766 2999 2831 bona,
3022 2777 3069 2822 et
3090 2783 3192 2821 non
3222 2767 3358 2820 uiola
3381 2783 3433 2819 tn
3454 2765 3595 2819 omni

2006 2864 2247 2925 tempore.
2294 2856 2429 2912 llinc
2453 2866 2532 2910 est
2565 2856 2706 2927 quod
2726 2857 2989 2927 exspoliat
3014 2856 3207 2911 mulier
3233 2855 3330 2909 ista
3380 2866 3595 2926 gentes,

2005 2946 2277 3016 operando
2304 2946 2421 3001 viro
2448 2961 2547 3001 suo
2575 2946 2733 3014 bona,
2784 2957 2839 3001 et
2867 2963 2972 3002 non
2999 2947 3158 3005 mala.
3197 2946 3253 3001 in
3278 2948 3424 3000 omni
3452 2956 3600 3001 tem-

2007 3054 2137 3109 pore
2178 3049 2431 3109 operatur
2470 3040 2693 3104 bonum,
2730 3048 2787 3094 et
2811 3055 2917 3094 nou
2956 3040 3189 3094 malum:
3223 3053 3321 3094 nec
3346 3038 3468 3103 sibi,
3498 3038 3603 3094 seti

2007 3130 2154 3196 viro;
2181 3131 2349 3202 utqui
2370 3131 2519 3197 vivit,
2539 3131 2647 3200 jam
2679 3145 2785 3185 non
2812 3130 2913 3185 sibi
2952 3132 3112 3194 vivat,
3135 3128 3228 3185 sed
3256 3129 3305 3185 ei
3330 3130 3417 3200 qui
3447 3145 3596 3183 mor-

2011 3232 2134 3279 tuus
2180 3231 2263 3278 est
2301 3238 2398 3292 pro
2444 3219 2716 3288 omnibus,
2744 3230 2798 3276 et
2823 3220 3116 3274 resurrexit
3155 3220 3218 3292 (ll
3247 3218 3363 3273 Cor.
3386 3236 3441 3283 v,
3480 3220 3601 3297 15).,

2008 3312 2136 3369 Viro
2163 3327 2291 3382 ergo
2324 3321 2576 3383 Operatur
2605 3310 2824 3375 bonum,
2849 3326 3030 3366 coram
3060 3310 3171 3364 Deo
3202 3321 3455 3379 operatur
3500 3309 3599 3364 bo-

2008 3422 2136 3460 num
2161 3423 2174 3460 :
2209 3405 2283 3460 illi
2314 3404 2499 3470 servit,
2528 3404 2603 3458 illi
2634 3403 2824 3458 devota
2846 3411 2961 3466 est;
2995 3402 3139 3456 illum
3160 3400 3350 3471 diligit,
3379 3400 3451 3455 illi
3482 3400 3595 3471 pla-

2008 3512 2131 3553 cere
2155 3511 2367 3566 semper
2403 3494 2600 3550 studet.
2627 3493 2744 3548 Non
2763 3510 2824 3549 se
2852 3501 3028 3557 ornat,
3052 3507 3150 3547 nec
3176 3502 3392 3561 propter
3410 3489 3597 3545 oculis

2009 3604 2156 3653 suos,
2181 3604 2279 3644 nec
2309 3598 2527 3660 propter
2549 3586 2733 3641 oculos
2774 3585 2997 3640 alienos.
3022 3583 3138 3638 Non
3164 3592 3248 3638 est
3267 3582 3335 3637 de
3355 3582 3454 3637 sibi
3479 3582 3562 3651 pla
3580 3612 3596 3622 -

2010 3679 2275 3745 centibus,
2333 3692 2440 3732 non
2492 3684 2576 3733 est
2621 3675 2689 3731 de
2740 3690 2834 3730 sua
2891 3673 3292 3745 qumrentibus:
3341 3670 3597 3743 Operan

2010 3772 2144 3825 enim
2169 3771 2275 3825 viro
2312 3785 2428 3824 suo.
2456 3767 2556 3835 Qui
2578 3777 2755 3822 autem
2786 3766 2887 3821 sibi
2912 3775 3222 3834 cperantur,
3264 3779 3456 3820 omnes
3498 3779 3594 3818 sua

2010 3870 2274 3933 qumrunt,
2305 3876 2408 3916 non
2438 3877 2554 3931 qua:
2577 3859 2705 3915 .lesu
2729 3858 2931 3913 Christi
2956 3856 3212 3930 (Philipp.
3240 3857 3427 3927 tt,2l).

2082 3951 2329 4008 CAPUT.
2374 3950 2435 4005 V.
2465 3981 2536 3992 —
2577 3951 2631 4005 6.
2676 3949 2940 4004 Inveniens
2980 3947 3150 4003 laneus
3191 3960 3240 4003 et
3264 3949 3445 4014 linunt,
3477 3949 3599 4018 fecit

2011 4045 2133 4099 utile
2163 4044 2390 4099 manibus
2428 4044 2550 4098 suis.
2596 4042 2885 4098 Laniﬁcam
2931 4050 2986 4098 et
3024 4041 3275 4100 liu'tﬁczlm
3296 4054 3597 4096 matronam

2013 4137 2167 4192 istaut
2197 4145 2413 4191 sanctus
2438 4151 2615 4190 sermo
2645 4134 2919 4190 describit.
2947 4134 3211 4201 Qumritur
3232 4142 3411 4189 autem
3435 4149 3466 4187 a
3488 4146 3599 4187 no-

2014 4226 2095 4282 bis
2122 4226 2248 4297 qnid
2274 4231 2342 4281 sit
2362 4226 2505 4290 lana,
2535 4225 2660 4296 quid
2711 4225 2781 4280 sit
2808 4226 2993 4280 linum.
3024 4224 3224 4279 Lanam
3262 4224 3478 4280 carnale
3498 4225 3601 4278 all.

2012 4319 2136 4388 quid
2162 4328 2312 4388 puto,
2349 4319 2514 4373 linum
2558 4317 2850 4388 spirituale.
2894 4318 3007 4374 Hoc
3035 4318 3301 4389 conjicere
3323 4318 3497 4373 audeo
3527 4335 3595 4374 ex

2012 4410 2200 4465 ordine
2258 4409 2695 4464 vestimentorum
2760 4418 3065 4463 nostrorum
3109 4425 3124 4462 :
3178 4409 3425 4463 interiora
3468 4422 3599 4465 sunt

2014 4502 2157 4557 enim
2202 4502 2337 4559 linea
2379 4502 2727 4567 vestimenta;
2785 4502 2960 4568 lanea,
2999 4502 3283 4557 exteriora.
3326 4500 3599 4569 Quidquid

2014 4610 2176 4649 carne
2216 4610 2521 4665 operantur,
2564 4594 2617 4649 in
2659 4603 2905 4664 promptu
2945 4603 3029 4648 est
3054 4611 3068 4647 :
3098 4593 3352 4665 quidquid
3381 4594 3597 4663 spiritu,

2016 4688 2068 4742 iu
2097 4697 2326 4743 secreto.
2353 4686 2575 4755 Operari
2596 4696 2771 4742 autem
2802 4703 2982 4751 carne,
3006 4696 3061 4741 et
3108 4703 3212 4741 non
3243 4687 3456 4756 operari
3483 4688 3599 4756 spi-

1992 4782 2139 4859 ,ritu,
2169 4780 2408 4849 quamvis
2438 4779 2633 4834 bonum
2666 4778 2931 4844 videatur,
2960 4779 3089 4834 utile
3120 4795 3224 4832 non
3254 4787 3355 4833 est.
3388 4778 3596 4849 Opera-

2016 4873 2059 4925 ri
2089 4880 2264 4926 autem
2292 4872 2498 4941 spiritu,
2518 4877 2573 4925 et
2601 4884 2706 4924 non
2751 4870 2957 4940 operari
2979 4885 3157 4939 carne,
3192 4870 3461 4940 pigrorunt
3490 4882 3596 4926 cst.

2016 4961 2227 5017 iuvenis
2275 4962 2545 5016 hominem
2590 4960 2948 5031 porrigentem
3001 4976 3158 5015 manu
3202 4960 3599 5033 elcemosynatu

2017 5053 2255 5124 pauperi,
2270 5067 2369 5109 nec
2385 5060 2560 5107 tamen
2578 5051 2644 5105 de
2669 5051 2778 5106 Deo
2802 5050 2871 5106 ibi
2889 5049 3231 5121 cogitantem,
3255 5050 3349 5106 sed
3365 5050 3598 5105 immini-

2018 5142 2116 5199 bus
2146 5143 2355 5213 placere
2378 5143 2708 5211 cupientem:
2730 5141 2878 5197 lanea
2905 5142 3068 5195 vestis
3092 5139 3262 5194 videri
3289 5148 3484 5211 potest,
3519 5141 3597 5195 in.

2020 5235 2267 5288 tcriorem
2295 5234 2486 5287 lineam
2521 5248 2624 5287 non
2672 5232 2849 5288 habet.
2881 5230 3089 5285 Iuvenis
3131 5231 3292 5285 alium
3332 5231 3597 5287 dicentem

2019 5322 2133 5388 tibi,
2163 5323 2369 5379 Sul‘licit
2396 5322 2524 5377 mihi
2569 5323 2621 5378 in
2647 5322 2971 5379 conscientia
3014 5321 3179 5376 Deum
3202 5322 3397 5386 colere,
3434 5322 3598 5376 leum

2020 5414 2278 5481 adorare;
2303 5414 2429 5486 quid
2459 5414 2586 5468 mihi
2612 5429 2746 5484 Opus
2770 5422 2853 5468 est
2881 5421 2971 5468 aut
2996 5413 3049 5467 in
3077 5412 3357 5467 ecclesiam
3386 5411 3483 5475 ire,
3510 5423 3603 5465 aut

2018 5505 2300 5561 visibiliter
2344 5505 2554 5560 misceri
2596 5504 2948 5561 Christianis?
2994 5504 3187 5559 lineam
3245 5504 3356 5555 vult
3402 5501 3601 5557 Italum

2019 5595 2134 5650 sine
2155 5595 2329 5650 tunica
2354 5595 2523 5651 lanea.
2552 5593 2669 5650 Non
2712 5594 2878 5662 novit,
2906 5608 3079 5663 neque
3111 5588 3455 5647 connnendat
3475 5588 3597 5647 talia

2018 5728 2241 5843 ad‘MIL‘diti
2269 5742 2280 5780 :
2312 5737 2409 5781 Hoc
2432 5727 2559 5781 enim
2579 5733 2624 5779 et
2648 5725 2865 5792 promisit
2904 5726 3003 5777 riro
3039 5725 3160 5788 eius.
3177 5720 3496 5775 mentiantur
3522 5727 3568 5778 it.
3592 5745 3601 5773 ;
