1994 3095
181 102 236 130 925

182 166 266 194 qtera
278 158 375 186 mulier
398 158 457 184 ista.
481 156 594 184 Dicenda
610 161 672 183 sunt
684 155 792 191 quidem
817 160 843 184 et
856 154 974 182 docenda

181 204 333 239 spiritualia
346 204 404 231 sine
427 202 594 230 carnalihus'
612 212 618 229 :
635 202 681 229 sed
705 202 741 229 illi
762 201 806 236 qui
832 201 976 236 accipiunt,

180 252 284 279 debent
300 254 327 277 et
342 255 434 277 tenere
447 249 604 284 spiritualia,
616 253 642 276 ct
654 255 704 276 non
718 247 860 276 carnaliter
873 248 976 282 operari

183 296 314 324 carnalia.
331 294 432 322 Invenit
455 295 511 322 ba-c
526 294 621 322 mulier
632 295 715 321 lunam
729 299 752 320 ct
774 294 862 325 linunt,
873 298 897 320 et
921 294 977 328 fecit

181 344 245 370 utile
255 342 372 370 ntanibus
380 342 442 369 suis.
458 341 530 368 Lana
553 341 601 367 ista
613 346 639 368 et
652 341 732 367 linum
746 340 805 371 hoc,
820 340 844 367 in
858 340 977 374 Scriptu-

182 392 220 417 ris
234 389 336 417 sanctis
359 393 409 416 est.
426 388 499 415 Multi
526 387 677 419 inveniunt,
704 386 750 415 sed
775 387 869 414 nolunt
889 386 978 413 facere

181 434 283 470 aliquid
299 435 366 462 utile
379 434 502 461 manibus
516 433 581 460 suis.
594 432 706 464 Invenit,
728 437 755 459 et
768 431 839 459 fecit.
855 431 921 458 Cum
931 439 978 458 au.

181 482 256 515 ditis,
273 480 401 508 invenitis
416 489 422 506 ε
435 487 495 507 cum
512 479 579 506 bene
606 479 703 511 vivitis,
726 478 821 505 facilis.
846 477 978 505 lnvenieus

181 529 267 553 lunam
281 530 305 552 et
319 526 410 558 linunt,
427 525 485 560 fecit
500 525 559 551 utile
579 524 693 550 ntanibus
704 523 767 550 suis.
783 522 877 550 Videte
893 523 976 555 illam,

181 573 223 599 cui
237 572 336 599 dicitur
349 580 355 597 :
369 570 382 597 Ι
387 579 402 597 ιι
415 571 543 597 dexteram
565 574 588 596 et
602 570 628 596 in
653 569 780 597 sinistrum
794 568 914 599 extende;
937 576 978 594 se-

182 626 241 644 tum
254 617 321 643 enim
332 621 404 642 tuum
419 615 576 642 Iutrcditabit
600 620 685 650 gentes
697 621 706 641 .'
720 621 771 640 non
786 618 821 640 est
836 613 902 648 quod
918 621 976 648 par—

181 673 237 697 cas,
245 663 449 700 porrigelongius
459 663 585 697 funiculus
594 667 649 688 tuos
656 661 731 698 (Isrti.
740 668 791 694 LIV,
801 661 827 694 5,
836 661 875 697 ⁸2).
886 661 979 688 Videte.

182 711 258 737 illam
271 719 278 737 ε
293 709 374 737 Facta
396 713 432 736 est
446 709 520 743 quasi
544 709 624 741 naris,
640 716 690 742 qua
713 707 853 744 negotiator
872 716 888 733 ιι
907 708 980 743 longe

181 756 298 791 congerit
320 755 368 782 sibi
389 755 499 781 divitias.
516 754 618 781 Divitiae
641 754 759 781 mulieris
780 753 870 791 hujus,
888 753 979 781 laudes

183 801 234 829 \iri
244 801 313 836 ejus.
327 800 419 828 Videte
433 808 511 835 quam
528 807 543 826 a
559 799 637 835 longe
651 799 771 832 congerit
782 800 831 827 sibi
852 799 958 827 dititias
971 808 977 826 :

183 848 205 873 Α
220 847 282 873 solis
295 851 351 873 ortu
364 854 441 880 usque
453 845 487 872 ad
499 853 624 878 accusant,
636 845 763 872 laudabile
775 853 865 872 nomen
876 844 979 872 Domim

184 892 273 926 (l'sal.
290 900 352 923 cxu,
369 890 408 928 ὅ).

219 936 334 965 CAPUT
349 936 392 963 Vl.
418 951 454 956 -—
475 936 501 963 7.
528 935 650 971 Exsurgit
665 937 695 961 tle
722 935 844 967 noctibus,
870 940 894 962 et
912 935 980 961 dedit

184 993 256 1011 mas
280 983 377 1016 domui,
392 987 415 1010 et
438 990 515 1018 opera
529 982 638 1008 ancillis.
658 980 777 1016 Exsurgit
802 981 833 1007 de
845 981 956 1008 noctibus
971 989 980 1007 :

184 1030 249 1066 quid
261 1029 352 1057 valent
362 1028 476 1056 noctes?
491 1027 548 1055 Non
563 1035 622 1055 eam
640 1031 773 1062 premunt,
795 1034 847 1054 non
871 1034 930 1053 eam
954 1026 980 1054 in

185 1076 402 1111 tenebrisjacere
411 1078 518 1110 cogunt.
530 1073 563 1100 Et
571 1073 603 1100 de
615 1073 727 1100 noctibus
739 1073 867 1108 exsurgit:
878 1076 978 1107 noctes,

188 1120 379 1147 tribulationes
387 1124 459 1145 sunt.
471 1118 522 1144 Sed
539 1117 583 1144 cui
596 1118 663 1148 haec,
673 1121 697 1143 ct
706 1118 737 1143 de
749 1117 865 1143 noctibus
875 1124 979 1142 consur-

186 1168 235 1202 git,
244 1170 272 1193 et
281 1165 309 1192 in
318 1164 540 1192 tribulationibus
551 1163 666 1198 prolicit.
676 1163 707 1189 Et
717 1163 787 1190 dedit
796 1170 868 1190 escas
877 1161 977 1189 domui:

187 1213 215 1240 in
238 1212 365 1240 noctibus
379 1211 497 1246 przcbnit
512 1218 541 1237 se
556 1210 732 1242 imitandam;
753 1210 856 1237 faciens
872 1209 977 1241 docuit,

188 1258 262 1294 quod
278 1257 434 1285 faciendum
446 1257 528 1288 dixit;
548 1260 575 1283 et
593 1261 657 1283 tunc
671 1255 745 1282 dedit
757 1255 796 1283 eis
807 1263 895 1283 escas.
911 1254 978 1289 Quis

187 1304 315 1332 comedat
325 1303 359 1330 de
371 1302 470 1330 nocte?
485 1301 601 1329 Prorsus
610 1306 637 1328 ct
651 1306 715 1328 tunc
730 1301 803 1328 dedit
813 1308 900 1328 escas.
911 1300 979 1334 Qui-

186 1351 242 1378 bus
257 1351 332 1378 enim
348 1349 433 1382 dedit,
461 1357 569 1383 semper
587 1349 723 1376 esuriant.
743 1348 820 1375 Βωιὶ
837 1348 910 1374 enim
933 1347 979 1382 qui

185 1398 308 1424 esuriant
323 1402 347 1424 et
370 1397 462 1424 sitiunt
472 1395 618 1431 justitiam,
635 1395 698 1429 quia
714 1395 766 1428 ipsi
787 1394 979 1422 suturobuntur

186 1442 296 1476 (Matth.
308 1452 333 1475 ι’,
343 1442 381 1477 ὓ).
391 1442 412 1470 Α
424 1447 496 1469 nocte
507 1442 617 1477 spiritus
629 1449 699 1468 meus
711 1441 803 1475 uigilat
814 1441 849 1466 ad
861 1445 895 1472 te,
908 1440 976 1467 Deus

187 1490 268 1519 (Isai.
279 1498 352 1521 sxvt,
361 1489 399 1523 9).
410 1489 497 1516 Media
513 1494 588 1515 nocte
601 1489 740 1522 surgebam
752 1487 787 1513 ad
801 1486 977 1521 conﬁtendum

185 1536 236 1561 tibi
252 1534 338 1568 (Paul.
353 1541 449 1566 cxvm,
460 1533 517 1567 62).
530 1532 593 1560 llazc
606 1532 732 1560 alimenta
744 1535 877 1558 nocturna
891 1531 979 1558 abun-

185 1582 256 1607 dant
271 1581 299 1607 in
318 1581 530 1608 domomulieris
546 1578 731 1612 lmins.Nemo
744 1578 778 1604 ibi
797 1578 895 1605 famem
912 1578 979 1613 pati-

183 1628 239 1655 tur,
255 1630 304 1650 nec
318 1622 407 1658 palpat
420 1626 449 1649 ut
466 1621 584 1649 inveniat
605 1621 676 1657 quod
697 1621 887 1650 manducelur:
901 1622 979 1651 ardet

185 1668 223 1695 ibi
245 1668 352 1696 lucerna
371 1666 528 1703 prophetize.
547 1666 600 1694 Sed
618 1667 744 1702 numquid
764 1667 978 1696 manducandum

182 1720 227 1742 est
248 1720 276 1742 et
288 1714 455 1742 vacandum?
478 1713 524 1740 llla
534 1713 604 1740 enim
626 1721 685 1747 qua:
708 1713 775 1740 dedit
798 1722 867 1740 escas
879 1714 975 1747 domui,

182 1760 260 1788 dedit
272 1764 298 1787 et
324 1767 401 1795 opera
424 1759 532 1785 ancillis.
555 1758 664 1785 Ancilla:
680 1759 736 1785 ista:
752 1759 834 1793 ipsius
851 1764 927 1791 sunt.
943 1768 976 1787 an

184 1805 236 1832 viri
250 1804 334 1840 ejus?
353 1805 394 1832 An
419 1804 480 1840 quia
495 1804 545 1831 viri
564 1804 648 1840 ipsius
663 1809 736 1838 sunt,
761 1809 787 1831 et
804 1805 885 1839 ipsius
897 1806 977 1833 sunt?

182 1854 226 1880 Αιι
245 1851 336 1880 mutue
345 1851 448 1879 ancilla:
461 1851 516 1885 ipsa
530 1851 589 1878 est?
602 1850 658 1885 Ipsa
672 1852 742 1878 enim
756 1858 905 1886 quanquam
919 1859 975 1879 ma-

182 1898 440 1930 terfamilias,tamen
449 1897 572 1924 ancillam
580 1905 608 1924 se
617 1904 669 1923 non
681 1896 845 1932 dt'dignclur.
854 1897 978 1925 Attendat

183 1944 300 1978 pretium
313 1951 401 1976 suum,
416 1942 507 1978 diligat
520 1942 660 1969 Dominum
675 1950 764 1969 suum.
779 1944 920 1977 Agnoscat,
936 1943 976 1971 in—

183 1998 274 2025 quam,
290 1997 319 2017 se
329 1990 462 2022 ancillam,
474 1997 523 2016 nec
537 1989 627 2016 timeat
639 1989 829 2017 conditionem.
842 1989 896 2017 Nec
906 1990 977 2018 enim

181 2037 343 2071 dedignatur
356 2036 400 2063 ille
413 2035 551 2071 conjugcm
567 2036 663 2068 facere,
677 2043 756 2070 quam
772 2036 837 2063 tanti
857 2037 930 2064 emit.
945 2037 978 2064 Et

181 2089 351 2117 unaqnmque
377 2081 472 2115 conjux
497 2081 565 2108 bona
592 2081 717 2108 maritum
743 2089 819 2108 suum
841 2081 977 2109 dominum

180 2134 271 2156 vorat.
292 2128 405 2155 Prorsus
420 2136 472 2155 non
487 2128 572 2155 Solum
589 2133 676 2160 vocat,
696 2127 741 2154 sed
767 2127 817 2155 hoc
835 2129 913 2162 sapit,
927 2128 978 2156 hoc

182 2179 273 2206 sonat,
288 2174 340 2200 hoc
363 2177 448 2207 gestat
470 2174 561 2205 corde,
585 2173 635 2200 hoc
651 2173 788 2207 proﬁtetur
800 2181 856 2206 ore,
876 2174 977 2202 tabulas

183 2220 397 2249 matrimoniales
410 2220 586 2247 instrumenta
611 2220 754 2254 emptionis
778 2227 834 2247 stne
857 2220 976 2255 deputat.

184 2267 232 2293 list
258 2273 323 2301 ergo
344 2265 450 2297 ancilla,
476 2265 543 2292 dans
559 2273 639 2299 opera
665 2266 777 2292 ancillis.
800 2265 847 2293 Est
862 2267 975 2294 ancilla:

181 2312 241 2346 ejus
254 2312 326 2339 enim
337 2311 408 2339 [ilius
422 2316 463 2339 est
476 2312 521 2347 qui
537 2311 609 2343 dicit,
624 2310 682 2347 Ego
692 2320 777 2339 servus
790 2316 859 2345 tuus,
873 2317 895 2339 et
908 2313 977 2347 ﬁlius

181 2358 284 2386 ancilla:
297 2364 349 2385 ιιιω
363 2358 447 2392 (Paul.
471 2366 535 2390 (ειν,
550 2359 607 2393 ili).

219 2403 334 2432 CAPUT
353 2403 409 2431 νη.
424 2418 459 2423 -
475 2403 502 2433 8.
523 2404 688 2436 Qumsiturus
703 2411 762 2431 eras
776 2404 838 2439 quid
851 2409 912 2439 agat
925 2405 977 2432 illis

182 2449 315 2485 operibus
332 2449 413 2483 etiam
437 2449 591 2482 nocturnis;
611 2449 670 2476 audi
685 2449 747 2484 quid
761 2456 822 2484 agat
838 2459 845 2477 :
869 2449 977 2486 Prospi-

181 2497 252 2524 cieus
262 2504 352 2531 agrum
367 2500 476 2523 mercata
488 2500 534 2523 est.
549 2495 726 2530 Prospiciens,
735 2504 788 2523 non
802 2496 828 2523 in
840 2497 976 2531 praesenti,

181 2543 231 2571 sed
246 2542 273 2569 in
289 2541 389 2574 futuro,
404 2546 520 2569 mercata
544 2545 585 2568 est
598 2548 689 2575 agrum
704 2541 782 2568 istum
795 2550 801 2567 :
814 2541 977 2576 prospiciens

181 2587 246 2619 title.
262 2594 322 2621 spe.
340 2586 403 2614 Inde
416 2586 492 2614 etde
505 2586 629 2614 noctibus
643 2587 737 2621 surgit.
762 2587 793 2614 Si
817 2587 888 2615 enim
910 2587 977 2622 quod

180 2641 233 2661 non
257 2633 370 2659 videmus
393 2640 539 2667 speramus,
565 2640 610 2666 per
634 2633 779 2667 patientiam
805 2638 977 2668 exspectamus

181 2678 272 2713 (Rom.
300 2685 357 2709 vni,
371 2677 429 2713 25).
454 2677 482 2705 In
506 2678 630 2706 omnibus
646 2678 841 2707 tribulationem
853 2680 975 2713 patiens:

181 2724 312 2759 prospicit
326 2723 398 2751 enim
424 2724 538 2758 agrum'
551 2731 630 2759 quem
651 2727 792 2756 mercatur.
821 2724 884 2752 Inde
905 2726 976 2753 enim

214 2790 269 2828 ΞΡ
279 2791 337 2828 ’f“:
346 2791 373 2824 ΑΞ
384 2790 443 2825 α’ἔῑί
455 2788 819 2828 οἳῖἓῖιἯὶξδέλἸ¹⁶¹1¹Ἡ¹¹ι
833 2827 837 2828 ,
939 2819 945 2828 ρ
963 2824 968 2828 .

213 2819 456 2846 'lti.uirbeieusis:
471 2824 497 2844 m
519 2819 626 2846 omnibus
654 2819 842 2846 tribulationibus
862 2819 977 2855 prnspiri:

866 97 980 126 SER-M0
1000 96 1133 126 XXXV”.

1773 109 1825 138 228

1034 155 1128 182 mulier
1142 156 1215 183 furtis
1229 157 1334 185 diritur.
1348 159 1414 193 Quid
1430 166 1490 189 sunt
1515 169 1606 191 noctes
1629 165 1679 191 illa:
1694 173 1747 200 prae
1762 175 1826 202 agro

1033 200 1076 226 illo
1089 201 1094 214 ¹
1110 201 1121 226 '.’
1137 201 1211 233 Quod
1224 204 1289 229 enim
1305 205 1338 230 ad
1351 214 1460 240 primatis
1474 211 1612 243 temporale
1623 216 1659 237 est
1675 217 1696 238 ot
1712 212 1764 239 leve
1779 200 1826 240 ln-

1032 245 1170 273 bulutionis
1194 253 1286 275 nostrre
1308 250 1377 284 (cum
1394 251 1426 278 de
1441 254 1561 281 noctibus
1576 257 1729 293 surgimus),
1746 259 1772 286 in
1784 260 1824 286 in-

1033 292 1176 319 credibilem
1193 295 1292 321 modum
1307 302 1427 324 (uernum
1449 300 1538 333 gloria:
1559 303 1657 335 p-nnlus
1670 310 1786 337 operatur
1800 307 1825 331 in

1031 338 1102 364 nobis
1124 338 1181 374 (cor
1196 340 1353 369 habentibus
1367 344 1376 358 ‘
1390 344 1422 370 ad
1450 353 1540 379 agrum
1564 348 1660 383 llltltlt),
1677 358 1726 377 non
1748 359 1826 386 resp:-

1031 384 1151 411 t'irutibus
1176 394 1231 420 ([ιιιι·
1256 387 1381 422 videntur,
1406 391 1450 416 sed
1471 399 1526 425 qum
1550 401 1599 419 non
1619 394 1741 422 videntur.
1764 396 1826 430 Qua

1031 429 1096 455 ('ltlm
1108 430 1230 463 ridentur,
1242 435 1390 467 (corporalia
1400 441 1474 468 sunt;
1485 446 1541 471 quin
1552 444 1633 466 autem
1645 449 1693 466 non
1703 442 1824 474 videntur,

1031 480 1124 502 tl'lc‘t’ltlt
1138 477 1169 509 (ll
1180 478 1238 504 Cor.
1256 488 1289 512 tv,
1305 481 1330 511 8,
1342 482 1383 513 ~l7,
1399 482 1451 518 l8).
1462 484 1552 517 Qualis
1565 491 1605 513 est
1619 495 1682 522 ager
1693 488 1825 523 iile?Qu:e

1032 521 1201 554 pulchritudo
1210 525 1267 558 ejus
1279 526 1336 552 est?
1353 526 1552 556 lnardescamus
1564 531 1596 557 ad
1612 521 1673 558 eum
1689 521 1826 567 possiden-

1033 565 1106 592 dum.
1125 567 1250 595 l’ulamus
1276 578 1326 596 non
1356 572 1410 605 ipse
1425 578 1474 605 cst,
1498 574 1531 601 de
1549 583 1602 610 quo
1615 565 1775 612 dixitvDeus,
1793 579 1825 606 Et

1031 611 1124 645 sperirs
1137 614 1192 647 agri
1204 622 1298 641 "terunt
1310 621 1345 642 est
1360 616 1443 651 (Psul.
1457 627 1525 647 XLII.
1543 622 1552 647 Ι
1564 622 1587 653 l)
1601 622 1612 647 ?

1070 656 1095 682 9.
1116 656 1275 692 l’rospirierzs
1290 669 1378 695 agrum
1393 669 1502 690 mercata
1517 671 1562 692 est.
1579 666 1627 693 Ubi
1642 673 1756 696 mercata
1772 675 1822 702 est,

1033 701 1112 729 ltrtln't
1125 703 1158 730 ibi
1174 711 1276 739 agrum.
1292 706 1340 733 Ubi
1360 715 1450 742 agrum
1464 710 1475 736 '3
1490 710 1539 738 Ubi
1555 718 1669 740 increula
1688 715 1748 741 est?
1773 701 1823 743 Ubi

1034 748 1120 780 posuit
1134 752 1161 775 et
1173 749 1323 777 thesaurum
1335 760 1422 785 suum,
1436 759 1462 781 ut
1474 756 1547 783 lit-ret
1562 758 1596 789 ei,
1613 757 1662 785 Ubi
1673 765 1709 786 est
1725 761 1826 787 llic-sau-

1033 801 1075 818 rus
1088 798 1155 826 tuus,
1170 795 1204 821 ibi
1217 800 1252 822 es!
1274 801 1296 822 ct
1323 805 1365 823 cor
1380 803 1448 825 luunt
1475 800 1580 834 (.llnt1/t.
1598 811 1630 835 vt,
1646 804 1702 838 Ἥ).
1720 804 1825 839 Prospi-

1033 838 1099 864 ciens
1112 847 1200 874 agrum
1215 847 1324 868 mercata
1337 848 1381 869 est.
1399 843 1472 872 Unde
1497 852 1611 874 mercata
1628 849 1687 875 est?
1705 850 1741 877 Ne
1756 851 1823 878 forte

1034 888 1060 909 tu
1085 884 1221 918 desperes,
1245 891 1273 913 et
1298 889 1426 923 suspires,
1454 895 1478 917 ct
1500 892 1564 919 nihil
1592 901 1664 928 agas,
1691 903 1753 929 ager
1777 896 1825 924 iste

1033 936 1140 964 segnem
1156 936 1300 959 amatorem
1316 942 1366 960 non
1392 941 1471 962 amat.
1487 937 1522 964 ibi
1538 943 1609 965 certe
1632 948 1691 966 cum
1712 941 1744 968 ad
1763 950 1823 969 cum

1033 976 1148 1009 veneris,
1165 976 1273 1005 forsitan
1289 981 1449 1016 requiesces,
1465 991 1513 1010 nec
1527 992 1593 1018 opus
1605 986 1656 1013 erit
1669 992 1696 1013 ut
1708 987 1823 1016 labores.

1033 1020 1091 1047 Non
1104 1022 1175 1049 enim
1191 1024 1298 1051 esttalis
1314 1033 1377 1060 ager
1398 1027 1453 1058 ille,
1470 1030 1554 1063 qualis
1566 1030 1626 1062 iste,
1643 1032 1685 1059 ubi
1700 1032 1783 1060 Adam
1798 1034 1824 1060 in

1034 1066 1130 1094 sudore
1143 1068 1229 1095 vultus
1239 1070 1278 1096 sui
1293 1071 1407 1097 comedit
1423 1080 1516 1107 panem
1530 1082 1605 1101 suum
1622 1076 1696 1112 (Gen.
1713 1086 1749 1111 ut,
1768 1079 1824 1114 l9).

1034 1110 1112 1138 Modo
1141 1117 1228 1140 tamen
1249 1119 1277 1141 ut
1291 1115 1324 1142 ad
1350 1116 1420 1143 illius
1447 1119 1501 1153 agri
1529 1110 1644 1154 speciem
1669 1110 1823 1158 pervenias.

1033 1163 1157 1191 compara
1172 1158 1215 1185 tibi
1230 1160 1299 1187 unde
1313 1168 1451 1196 compares
1462 1172 1553 1198 agrum
1568 1166 1601 1192 ibi
1615 1166 1634 1192 ³.
1649 1168 1715 1200 Quid
1725 1169 1824 1197 '.’Col|i-

1033 1210 1065 1237 ge
1079 1203 1201 1236 pretium.
1220 1205 1273 1232 lloe
1287 1206 1356 1232 enim
1377 1208 1430 1242 agit
1446 1209 1501 1236 lure
1517 1210 1621 1239 mulier.
1635 1212 1726 1240 Videte
1749 1214 1770 1241 si
1784 1220 1824 1242 ta-

1033 1247 1112 1274 citmn
1127 1254 1175 1275 est.
1192 1250 1257 1277 Cum
1281 1251 1378 1279 dictum
1399 1258 1449 1286 est,
1467 1255 1632 1290 Prospiciat:
1647 1267 1736 1293 agrum
1758 1268 1824 1287 mer-

1033 1298 1089 1320 cata
1103 1299 1138 1320 est
1153 1302 1162 1320 :
1178 1300 1302 1330 tanquam
1314 1297 1428 1331 diceres,
1446 1299 1521 1328 Unde
1535 1308 1649 1329 mercata
1665 1304 1726 1330 est?

1068 1339 1179 1368 CAPUT
1194 1341 1258 1369 Vlll.
1279 1358 1310 1362 —
1325 1343 1363 1370 De
1375 1346 1507 1381 fructibus,
1521 1348 1566 1380 ait,
1585 1358 1704 1376 manuum
1719 1359 1825 1379 suarum

1033 1385 1153 1419 plantavit
1168 1389 1358 1422 possessionem.
1388 1390 1444 1425 Ipsa
1472 1399 1546 1420 erant
1569 1402 1650 1429 opera
1672 1404 1732 1430 qua:
1745 1397 1824 1425 dabat

1032 1432 1144 1465 ancillis,
1169 1438 1196 1460 ut
1217 1434 1250 1461 de
1269 1435 1396 1463 fructibus
1415 1446 1540 1466 mammm
1560 1449 1667 1470 suarum
1692 1445 1824 1478 plantaret

1032 1480 1228 1513 possessionem
1256 1482 1280 1509 iu
1297 1487 1436 1510 mtcrntnn.
1452 1484 1523 1513 illam
1540 1488 1609 1514 enim
1628 1492 1823 1523 pessossioncm

1032 1524 1107 1557 dixit,
1125 1534 1183 1560 qu:e
1206 1526 1291 1554 futura
1313 1534 1362 1555 cst.
1379 1529 1434 1557 lloc
1449 1530 1564 1561 insinuat
1586 1536 1666 1563 verbo
1686 1538 1757 1572 quod
1775 1539 1823 1572 ait,

1032 1570 1045 1596 I
1049 1572 1097 1597 'ros
1101 1573 1150 1606 pici
1153 1583 1161 1598 ί
1166 1582 1204 1599 ns.

1068 1617 1110 1644 10.
1132 1618 1267 1646 Sucrincla
1284 1622 1382 1656 fortiter
1396 1623 1494 1653 lumbos
1508 1635 1581 1658 suos,
1597 1629 1707 1663 firmauit
1721 1631 1824 1658 brachio

1030 1671 1086 1690 sua.
1104 1664 1170 1692 Vere
1184 1665 1266 1693 fortis.
1280 1667 1344 1695 Vide
1358 1670 1379 1695 si
1393 1677 1445 1698 non
1459 1677 1499 1698 cst
1512 1674 1617 1700 ancilla.
1633 1675 1717 1708 Quam
1729 1676 1824 1705 devote

1031 1710 1113 1736 servit
1122 1730 1130 1742 ,
1145 1719 1223 1746 quant
1238 1715 1378 1747 apparate!
1397 1724 1429 1743 ne
1442 1716 1582 1746 fluitantes
1594 1720 1667 1747 sinus
1678 1722 1823 1750 carnalium

1031 1757 1303 1789 concupiscentiarmn
1327 1759 1473 1793 impediant
1496 1770 1669 1798 operantem;
1696 1768 1824 1803 succingit

1032 1800 1148 1832 lumbos,
1167 1806 1194 1828 ut
1214 1803 1277 1829 nihil
1299 1806 1460 1839 superﬂuum
1482 1809 1583 1842 calcet,
1607 1810 1672 1838 dum
1691 1812 1716 1839 in
1742 1800 1823 1848 opere

1031 1846 1146 1874 festinat.
1162 1847 1199 1875 lbi
1214 1849 1284 1875 enim
1304 1851 1411 1879 castitas
1426 1854 1544 1882 mulieris
1558 1854 1652 1890 hujus,
1673 1866 1739 1886 zona
1753 1846 1822 1894 prae-

1030 1892 1098 1926 ccpti
1112 1894 1252 1920 constricta
1263 1915 1270 1926 ,
1286 1900 1312 1922 et
1326 1896 1359 1923 ad
1373 1905 1452 1925 nume
1464 1906 1530 1933 opus
1544 1900 1641 1929 bonum
1653 1892 1760 1939 semper
1774 1913 1805 1939 pa
1815 1922 1822 1927 -

1031 1943 1097 1966 rata.
1123 1939 1257 1968 Succinrta
1271 1943 1367 1976 fortiter
1380 1944 1476 1972 lumbos
1494 1955 1569 1980 suos,
1590 1948 1698 1981 [irritavit
1719 1950 1822 1978 brachia

1030 1993 1076 2011 sua
1087 2005 1094 2018 ,
1110 1993 1161 2012 non
1182 1986 1326 2014 defectura.
1343 1988 1418 2017 Unde
1437 1990 1486 2018 hoc
1497 1991 1508 2018 ?
1521 1992 1636 2020 (instabit
1655 1996 1714 2029 quia
1728 1996 1820 2024 bonum

1030 2035 1067 2057 est
1089 2031 1196 2066 operari.
1221 2031 1271 2059 Ubi
1298 2038 1338 2060 est
1361 2034 1493 2068 palatum,
1520 2038 1589 2071 quod
1611 2044 1732 2073 gustatttr
1754 2041 1823 2069 hoc?

1031 2075 1143 2110 Fugiunt
1162 2077 1282 2105 homines
1297 2079 1431 2112 laborem,
1448 2083 1522 2116 quasi
1545 2091 1663 2112 atnarttm
1682 2095 1688 2113 :
1706 2087 1823 2115 timendo

1030 2128 1146 2156 gustare,
1161 2123 1282 2156 nesciunt
1292 2125 1353 2159 quid
1368 2133 1468 2154 amare.
1486 2128 1586 2156 Bonum
1602 2139 1668 2165 opus
1681 2132 1744 2160 facit
1756 2141 1822 2161 con-

1030 2168 1140 2194 scientia
1155 2168 1223 2195 bona
1237 2168 1257 2195 ‘.
1275 2169 1307 2197 Et
1329 2171 1390 2205 quid
1404 2172 1523 2205 dulcius,
1547 2174 1641 2203 fratres
1651 2197 1659 2210 ,
1675 2177 1743 2204 bona
1757 2186 1822 2206 con-

1030 2213 1157 2240 scientia?
1170 2213 1234 2247 Qua:
1244 2215 1265 2241 si
1280 2223 1332 2243 non
1344 2220 1395 2250 est,
1407 2219 1495 2253 pungit
1505 2227 1513 2251 ;
1524 2227 1612 2247 amara
1627 2227 1688 2249 sunt
1700 2224 1788 2251 omnia
1801 2225 1822 2252 ’.

1030 2258 1110 2286 Gusta
1125 2267 1188 2294 ergo
1198 2280 1205 2292 ,
1219 2264 1294 2295 gusta
1304 2281 1310 2293 ,
1325 2266 1352 2288 et
1371 2262 1473 2290 videbis
1487 2266 1620 2299 quomodo
1633 2269 1728 2302 sapiat,
1744 2278 1823 2305 quam

1031 2309 1057 2331 te
1071 2304 1226 2338 delectabit,
1242 2314 1319 2341 quam
1340 2313 1429 2342 postea
1445 2317 1496 2336 non
1517 2310 1641 2345 desines,
1666 2314 1715 2341 nisi
1740 2320 1823 2343 totum

1030 2357 1181 2378 consumas.
1197 2350 1311 2378 Gustaut't
1323 2353 1380 2387 quia
1394 2353 1485 2380 bonum
1502 2360 1537 2382 est
1553 2359 1662 2391 operari.

1067 2395 1109 2422 ll.
1131 2395 1191 2423 Non
1205 2397 1375 2432 czslinguetur
1388 2398 1489 2426 lucerna
1506 2402 1560 2432 eius
1573 2407 1625 2429 tota
1642 2409 1723 2431 nocte.
1741 2405 1823 2433 Nemo

1031 2451 1286 2489 agrinpqoolbertinus
1297 2459 1306 2488 :_
1318 2457 1345 2489 tu
1360 2453 1468 2480 omnibus
1476 2455 1652 2482 tribulationem
1665 2458 1764 2489 patiam,
1779 2464 1823 2486 sed

1030 2481 1076 2516 non
1089 2481 1210 2516 deﬁciens,
1225 2483 1338 2516 prospicit
1349 2491 1445 2516 agrum.

1063 2513 1149 2551 'IApud
1160 2513 1308 2551 ambrosiam
1320 2519 1346 2539 et
1356 2513 1526 2551 tii‘sogboulcts
1533 2520 1596 2547 mss,
1609 2523 1654 2550 pro
1665 2525 1723 2551 agro
1733 2519 1783 2547 illa.
1797 2525 1823 2548 In

1029 2543 1226 2582 “€‘3019l‘5l2W
1236 2544 1289 2582 fluit
1300 2551 1359 2582 αρε(
1369 2545 1411 2571 ille
1422 2546 1452 2582 ν.
1478 2576 1483 2582 .
1533 2577 1538 2582 .

1062 2576 1070 2590 ι
1082 2578 1105 2598 ι.ι
1122 2575 1256 2612 sorbpuieis
1270 2580 1321 2612 uss.
1341 2577 1422 2612 deest,
1442 2576 1598 2612 habentibus;
1617 2580 1719 2612 ejusque
1736 2581 1824 2608 lomm

1029 2607 1184 2642 pennaiiensi
1202 2609 1248 2642 es},
1268 2605 1450 2642 ζευαγιζίὺιιδζέῑ
1467 2609 1491 2633 in
1505 2605 1644 2642 Corbeicns'i
1663 2605 1716 2642 pio,
1728 2605 1773 2637 c3;
1781 2605 1824 2638 ibi

1029 2636 1146 2692 bentibulisé
1154 2640 1212 2692 ritca
1225 2637 1315 2692 legitur
1324 2639 1374 2665 sic:
1384 2639 1444 2665 Colit
1454 2646 1541 2672 agrum
1548 2640 1617 2666 ium
1630 2636 1677 2667 πάι
1695 2636 1715 2667 Γ.
1778 2636 1810 2648 μ

1030 2674 1084 2692 ante
1093 2675 1115 2692 ιιι
1147 2674 1162 2692 η
1175 2675 1213 2692 ur.
1225 2675 1240 2692 e
1267 2687 1273 2692 .
1708 2649 1824 2675 apum"

1047 2674 1084 2692 [ξω
1093 2671 1213 2698 ridentur,
1225 2673 1273 2693 etc.

1030 2674 1084 2699 qnw
1093 2674 1213 2698 ridentur,
1225 2674 1273 2693 etc.

1033 2699 1072 2739 ...³
1084 2702 1136 2723 Mss.
1156 2700 1276 2724 Sorbonicl
1294 2703 1320 2725 et
1335 2702 1518 2729 Gennaneus'e.
1537 2703 1601 2728 unde
1627 2709 1750 2736 compares
1780 2713 1825 2739 age

1029 2729 1070 2755 ibi.

1062 2762 1071 2794 ξ
1082 2764 1122 2785 \ts.
1135 2760 1294 2794 Colbertinus,
1307 2761 1365 2794 facit
1376 2762 1544 2794 conscientiam
1555 2764 1649 2791 bonam.

1060 2793 1071 2806 ιι
1085 2796 1123 2831 us.
1131 2792 1284 2831 corbeiensis
1297 2792 1342 2818 {Et
1351 2793 1528 2831 quidmzarius
1538 2795 1617 2822 male?
1623 2795 1685 2823 uola
1696 2804 1758 2824 enim
1765 2805 1825 2831 puo-

1029 2824 1072 2854 qit.
1082 2826 1105 2848 et
1117 2822 1158 2848 cui
1168 2823 1238 2853 inest,
1250 2830 1334 2849 amara
1342 2822 1395 2849 sunt
1408 2825 1495 2851 onmia.
