  <div class='ocr_page' id='page_1' title='image "/cluster/home/n/w/nwhite01/storage/ocr_20150623/38/hvd.32044096580600/119.png"; bbox 0 0 3938 6186; ppageno 0'>
   <div class='ocr_carea' id='block_1_1' title="bbox 369 275 471 328">
    <p class='ocr_par' dir='ltr' id='par_1_1' title="bbox 369 275 471 328">
     <span class='ocr_line' id='line_1_1' title="bbox 369 275 471 328; baseline 0 0"><span class='ocrx_word' id='word_1_1' title='bbox 369 275 471 328; x_wconf 62' lang='grc' dir='ltr'><strong>εει</strong></span> 
     </span>
    </p>
   </div>
   <div class='ocr_carea' id='block_1_2' title="bbox 371 370 1953 452">
    <p class='ocr_par' dir='ltr' id='par_1_2' title="bbox 371 370 1953 452">
     <span class='ocr_line' id='line_1_2' title="bbox 371 370 1953 452; baseline -0.011 -9"><span class='ocrx_word' id='word_1_2' title='bbox 371 386 605 442; x_wconf 74' lang='lat' dir='ltr'><strong>accendit</strong></span> <span class='ocrx_word' id='word_1_3' title='bbox 630 386 911 448; x_wconf 80' lang='lat' dir='ltr'><strong>lucernam,</strong></span> <span class='ocrx_word' id='word_1_4' title='bbox 942 388 990 435; x_wconf 81' lang='lat' dir='ltr'><strong>cf</strong></span> <span class='ocrx_word' id='word_1_5' title='bbox 1018 379 1157 452; x_wconf 81' lang='lat' dir='ltr'><strong>ponit</strong></span> <span class='ocrx_word' id='word_1_6' title='bbox 1187 379 1277 433; x_wconf 81' lang='lat' dir='ltr'><strong>sub</strong></span> <span class='ocrx_word' id='word_1_7' title='bbox 1306 376 1477 431; x_wconf 82' lang='lat' dir='ltr'><strong>modio</strong></span> <span class='ocrx_word' id='word_1_8' title='bbox 1508 374 1717 443; x_wconf 70' lang='lat' dir='ltr'><strong>(Matth.</strong></span> <span class='ocrx_word' id='word_1_9' title='bbox 1751 387 1807 438; x_wconf 75' lang='grc' dir='ltr'><strong>γ,</strong></span> <span class='ocrx_word' id='word_1_10' title='bbox 1842 370 1953 442; x_wconf 76' lang='grc'><strong>15).</strong></span> 
     </span>
    </p>
   </div>
   <div class='ocr_carea' id='block_1_3' title="bbox 367 462 1954 540">
    <p class='ocr_par' dir='ltr' id='par_1_3' title="bbox 367 462 1954 540">
     <span class='ocr_line' id='line_1_3' title="bbox 367 462 1954 540; baseline -0.01 -7"><span class='ocrx_word' id='word_1_11' title='bbox 367 479 455 533; x_wconf 71' lang='lat' dir='ltr'><strong>Tu</strong></span> <span class='ocrx_word' id='word_1_12' title='bbox 468 475 776 535; x_wconf 76' lang='lat' dir='ltr'><strong>iiiuminabis</strong></span> <span class='ocrx_word' id='word_1_13' title='bbox 788 478 1044 530; x_wconf 75' lang='lat' dir='ltr'><strong>lucernam</strong></span> <span class='ocrx_word' id='word_1_14' title='bbox 1061 486 1246 537; x_wconf 77' lang='lat' dir='ltr'><strong>nteant,</strong></span> <span class='ocrx_word' id='word_1_15' title='bbox 1268 468 1482 523; x_wconf 83' lang='lat' dir='ltr'><strong>Domine</strong></span> <span class='ocrx_word' id='word_1_16' title='bbox 1495 464 1667 540; x_wconf 83' lang='lat' dir='ltr'><strong>(Psal.</strong></span> <span class='ocrx_word' id='word_1_17' title='bbox 1687 477 1818 530; x_wconf 76' lang='lat' dir='ltr'><strong>xvn,</strong></span> <span class='ocrx_word' id='word_1_18' title='bbox 1835 462 1954 534; x_wconf 80' lang='lat'><strong>29).</strong></span> 
     </span>
    </p>
   </div>
   <div class='ocr_carea' id='block_1_4' title="bbox 371 558 1958 637">
    <p class='ocr_par' dir='ltr' id='par_1_4' title="bbox 371 558 1958 637">
     <span class='ocr_line' id='line_1_4' title="bbox 371 558 1958 637; baseline -0.009 -10"><span class='ocrx_word' id='word_1_19' title='bbox 371 571 610 626; x_wconf 78' lang='lat' dir='ltr'><strong>Lucerna</strong></span> <span class='ocrx_word' id='word_1_20' title='bbox 657 568 794 633; x_wconf 74' lang='lat' dir='ltr'><strong>eius.</strong></span> <span class='ocrx_word' id='word_1_21' title='bbox 838 579 962 637; x_wconf 86' lang='lat' dir='ltr'><strong>spes</strong></span> <span class='ocrx_word' id='word_1_22' title='bbox 1003 565 1139 635; x_wconf 85' lang='lat' dir='ltr'><strong>ejus.</strong></span> <span class='ocrx_word' id='word_1_23' title='bbox 1187 564 1267 619; x_wconf 80' lang='lat' dir='ltr'><strong>Ad</strong></span> <span class='ocrx_word' id='word_1_24' title='bbox 1300 558 1460 617; x_wconf 77' lang='lat' dir='ltr'><strong>illam</strong></span> <span class='ocrx_word' id='word_1_25' title='bbox 1489 569 1742 630; x_wconf 73' lang='lat' dir='ltr'><strong>operatur</strong></span> <span class='ocrx_word' id='word_1_26' title='bbox 1781 558 1958 613; x_wconf 82' lang='lat' dir='ltr'><strong>cumis</strong></span> 
     </span>
    </p>
   </div>
   <div class='ocr_carea' id='block_1_5' title="bbox 370 650 1958 732">
    <p class='ocr_par' dir='ltr' id='par_1_5' title="bbox 370 650 1958 732">
     <span class='ocr_line' id='line_1_5' title="bbox 370 650 1958 732; baseline -0.009 -13"><span class='ocrx_word' id='word_1_27' title='bbox 370 664 533 719; x_wconf 78' lang='lat' dir='ltr'><strong>homo</strong></span> <span class='ocrx_word' id='word_1_28' title='bbox 551 705 566 730; x_wconf 91' lang='lat'><strong>,</strong></span> <span class='ocrx_word' id='word_1_29' title='bbox 593 657 849 732; x_wconf 82' lang='lat' dir='ltr'><strong>quicquid</strong></span> <span class='ocrx_word' id='word_1_30' title='bbox 870 657 1001 714; x_wconf 75' lang='lat' dir='ltr'><strong>boui</strong></span> <span class='ocrx_word' id='word_1_31' title='bbox 1023 656 1090 714; x_wconf 86' lang='lat' dir='ltr'><strong>ad</strong></span> <span class='ocrx_word' id='word_1_32' title='bbox 1112 671 1262 727; x_wconf 86' lang='lat' dir='ltr'><strong>spem</strong></span> <span class='ocrx_word' id='word_1_33' title='bbox 1288 654 1431 711; x_wconf 87' lang='lat' dir='ltr'><strong>facit.</strong></span> <span class='ocrx_word' id='word_1_34' title='bbox 1459 654 1526 709; x_wconf 85' lang='lat' dir='ltr'><strong>Et</strong></span> <span class='ocrx_word' id='word_1_35' title='bbox 1550 654 1601 709; x_wconf 92' lang='lat' dir='ltr'><strong>in</strong></span> <span class='ocrx_word' id='word_1_36' title='bbox 1622 662 1782 709; x_wconf 85' lang='lat' dir='ltr'><strong>nocte</strong></span> <span class='ocrx_word' id='word_1_37' title='bbox 1805 650 1958 705; x_wconf 90' lang='lat' dir='ltr'><strong>ardet</strong></span> 
     </span>
    </p>
   </div>
   <div class='ocr_carea' id='block_1_6' title="bbox 368 743 1957 820">
    <p class='ocr_par' dir='ltr' id='par_1_6' title="bbox 368 743 1957 820">
     <span class='ocr_line' id='line_1_6' title="bbox 368 743 1957 820; baseline -0.009 -10"><span class='ocrx_word' id='word_1_38' title='bbox 368 757 583 811; x_wconf 87' lang='lat' dir='ltr'><strong>lucerna</strong></span> <span class='ocrx_word' id='word_1_39' title='bbox 604 753 724 808; x_wconf 87' lang='lat' dir='ltr'><strong>ista.</strong></span> <span class='ocrx_word' id='word_1_40' title='bbox 741 749 897 820; x_wconf 83' lang='lat' dir='ltr'><strong>Quod</strong></span> <span class='ocrx_word' id='word_1_41' title='bbox 918 749 1061 805; x_wconf 88' lang='lat' dir='ltr'><strong>enim</strong></span> <span class='ocrx_word' id='word_1_42' title='bbox 1084 765 1188 803; x_wconf 89' lang='lat' dir='ltr'><strong>non</strong></span> <span class='ocrx_word' id='word_1_43' title='bbox 1213 748 1473 815; x_wconf 82' lang='lat' dir='ltr'><strong>videmus,</strong></span> <span class='ocrx_word' id='word_1_44' title='bbox 1498 760 1776 816; x_wconf 89' lang='lat' dir='ltr'><strong>speramus</strong></span> <span class='ocrx_word' id='word_1_45' title='bbox 1797 763 1811 798; x_wconf 89' lang='lat'><strong>:</strong></span> <span class='ocrx_word' id='word_1_46' title='bbox 1835 743 1957 799; x_wconf 89' lang='lat' dir='ltr'><strong>ideo</strong></span> 
     </span>
    </p>
   </div>
   <div class='ocr_carea' id='block_1_7' title="bbox 369 841 1952 907">
    <p class='ocr_par' dir='ltr' id='par_1_7' title="bbox 369 841 1952 907">
     <span class='ocr_line' id='line_1_7' title="bbox 369 841 1952 907; baseline -0.007 -7"><span class='ocrx_word' id='word_1_47' title='bbox 369 860 472 900; x_wconf 74' lang='lat' dir='ltr'><strong>nos</strong></span> <span class='ocrx_word' id='word_1_48' title='bbox 503 854 603 901; x_wconf 84' lang='lat' dir='ltr'><strong>est.</strong></span> <span class='ocrx_word' id='word_1_49' title='bbox 632 843 687 900; x_wconf 86' lang='lat' dir='ltr'><strong>Si</strong></span> <span class='ocrx_word' id='word_1_50' title='bbox 714 851 894 899; x_wconf 85' lang='lat' dir='ltr'><strong>autem</strong></span> <span class='ocrx_word' id='word_1_51' title='bbox 921 851 1104 896; x_wconf 79' lang='lat' dir='ltr'><strong>ct&#39;non</strong></span> <span class='ocrx_word' id='word_1_52' title='bbox 1134 841 1393 904; x_wconf 77' lang='lat' dir='ltr'><strong>videmus,</strong></span> <span class='ocrx_word' id='word_1_53' title='bbox 1422 847 1475 893; x_wconf 92' lang='lat' dir='ltr'><strong>et</strong></span> <span class='ocrx_word' id='word_1_54' title='bbox 1502 853 1608 893; x_wconf 89' lang='lat' dir='ltr'><strong>non</strong></span> <span class='ocrx_word' id='word_1_55' title='bbox 1638 849 1952 907; x_wconf 80' lang='lat' dir='ltr'><strong>speramus:</strong></span> 
     </span>
    </p>
   </div>
   <div class='ocr_carea' id='block_1_8' title="bbox 366 925 1955 1000">
    <p class='ocr_par' dir='ltr' id='par_1_8' title="bbox 366 925 1955 1000">
     <span class='ocr_line' id='line_1_8' title="bbox 366 925 1955 1000; baseline -0.007 -9"><span class='ocrx_word' id='word_1_56' title='bbox 366 946 422 991; x_wconf 87' lang='lat' dir='ltr'><strong>et</strong></span> <span class='ocrx_word' id='word_1_57' title='bbox 450 952 554 990; x_wconf 79' lang='lat' dir='ltr'><strong>nox</strong></span> <span class='ocrx_word' id='word_1_58' title='bbox 580 944 663 991; x_wconf 87' lang='lat' dir='ltr'><strong>est</strong></span> <span class='ocrx_word' id='word_1_59' title='bbox 682 977 697 1000; x_wconf 92' lang='lat'><strong>,</strong></span> <span class='ocrx_word' id='word_1_60' title='bbox 721 943 776 989; x_wconf 88' lang='lat' dir='ltr'><strong>et</strong></span> <span class='ocrx_word' id='word_1_61' title='bbox 802 933 1014 988; x_wconf 87' lang='lat' dir='ltr'><strong>lucerna</strong></span> <span class='ocrx_word' id='word_1_62' title='bbox 1046 948 1151 987; x_wconf 89' lang='lat' dir='ltr'><strong>non</strong></span> <span class='ocrx_word' id='word_1_63' title='bbox 1181 931 1352 986; x_wconf 86' lang='lat' dir='ltr'><strong>ardet.</strong></span> <span class='ocrx_word' id='word_1_64' title='bbox 1380 929 1518 999; x_wconf 83' lang='lat' dir='ltr'><strong>Quid</strong></span> <span class='ocrx_word' id='word_1_65' title='bbox 1546 926 1808 983; x_wconf 79' lang='lat' dir='ltr'><strong>infelicius</strong></span> <span class='ocrx_word' id='word_1_66' title='bbox 1833 925 1955 981; x_wconf 84' lang='lat' dir='ltr'><strong>tali-</strong></span> 
     </span>
    </p>
   </div>
   <div class='ocr_carea' id='block_1_9' title="bbox 367 1017 1953 1085">
    <p class='ocr_par' dir='ltr' id='par_1_9' title="bbox 367 1017 1953 1085">
     <span class='ocr_line' id='line_1_9' title="bbox 367 1017 1953 1085; baseline -0.006 -3"><span class='ocrx_word' id='word_1_67' title='bbox 367 1028 467 1083; x_wconf 81' lang='lat' dir='ltr'><strong>bus</strong></span> <span class='ocrx_word' id='word_1_68' title='bbox 496 1024 770 1085; x_wconf 70' lang='lat' dir='ltr'><strong>lmebris?</strong></span> <span class='ocrx_word' id='word_1_69' title='bbox 809 1022 879 1080; x_wconf 77' lang='lat' dir='ltr'><strong>lit</strong></span> <span class='ocrx_word' id='word_1_70' title='bbox 905 1032 1083 1078; x_wconf 81' lang='lat' dir='ltr'><strong>autem</strong></span> <span class='ocrx_word' id='word_1_71' title='bbox 1113 1037 1218 1076; x_wconf 92' lang='lat' dir='ltr'><strong>non</strong></span> <span class='ocrx_word' id='word_1_72' title='bbox 1243 1020 1552 1076; x_wconf 81' lang='lat' dir='ltr'><strong>deficiamus</strong></span> <span class='ocrx_word' id='word_1_73' title='bbox 1591 1019 1645 1073; x_wconf 89' lang='lat' dir='ltr'><strong>in</strong></span> <span class='ocrx_word' id='word_1_74' title='bbox 1677 1017 1913 1074; x_wconf 79' lang='lat' dir='ltr'><strong>tenebris</strong></span> <span class='ocrx_word' id='word_1_75' title='bbox 1936 1059 1953 1085; x_wconf 90' lang='lat'><strong>,</strong></span> 
     </span>
    </p>
   </div>
   <div class='ocr_carea' id='block_1_10' title="bbox 365 1112 1955 1191">
    <p class='ocr_par' dir='ltr' id='par_1_10' title="bbox 365 1112 1955 1191">
     <span class='ocr_line' id='line_1_10' title="bbox 365 1112 1955 1191; baseline -0.008 -15"><span class='ocrx_word' id='word_1_76' title='bbox 365 1133 416 1175; x_wconf 80' lang='lat' dir='ltr'><strong>ct</strong></span> <span class='ocrx_word' id='word_1_77' title='bbox 448 1136 544 1191; x_wconf 87' lang='lat' dir='ltr'><strong>per</strong></span> <span class='ocrx_word' id='word_1_78' title='bbox 572 1119 873 1190; x_wconf 83' lang='lat' dir='ltr'><strong>patientiam</strong></span> <span class='ocrx_word' id='word_1_79' title='bbox 900 1126 1289 1185; x_wconf 65' lang='lat' dir='ltr'><strong>exspectemus,</strong></span> <span class='ocrx_word' id='word_1_80' title='bbox 1324 1113 1463 1184; x_wconf 86' lang='lat' dir='ltr'><strong>quod</strong></span> <span class='ocrx_word' id='word_1_81' title='bbox 1495 1127 1598 1166; x_wconf 85' lang='lat' dir='ltr'><strong>non</strong></span> <span class='ocrx_word' id='word_1_82' title='bbox 1630 1112 1798 1164; x_wconf 84' lang='lat' dir='ltr'><strong>visum</strong></span> <span class='ocrx_word' id='word_1_83' title='bbox 1831 1124 1955 1178; x_wconf 79' lang='lat' dir='ltr'><strong>spe-</strong></span> 
     </span>
    </p>
   </div>
   <div class='ocr_carea' id='block_1_11' title="bbox 366 1201 1954 1277">
    <p class='ocr_par' dir='ltr' id='par_1_11' title="bbox 366 1201 1954 1277">
     <span class='ocr_line' id='line_1_11' title="bbox 366 1201 1954 1277; baseline -0.01 -9"><span class='ocrx_word' id='word_1_84' title='bbox 366 1226 581 1277; x_wconf 80' lang='lat' dir='ltr'><strong>ramus,</strong></span> <span class='ocrx_word' id='word_1_85' title='bbox 612 1221 718 1265; x_wconf 71' lang='lat' dir='ltr'><strong>tota</strong></span> <span class='ocrx_word' id='word_1_86' title='bbox 769 1221 923 1263; x_wconf 88' lang='lat' dir='ltr'><strong>nocte</strong></span> <span class='ocrx_word' id='word_1_87' title='bbox 963 1208 1144 1261; x_wconf 81' lang='lat' dir='ltr'><strong>ardeat</strong></span> <span class='ocrx_word' id='word_1_88' title='bbox 1192 1208 1404 1261; x_wconf 74' lang='lat' dir='ltr'><strong>lucerna</strong></span> <span class='ocrx_word' id='word_1_89' title='bbox 1440 1213 1638 1257; x_wconf 81' lang='lat' dir='ltr'><strong>nostra.</strong></span> <span class='ocrx_word' id='word_1_90' title='bbox 1674 1201 1775 1269; x_wconf 84' lang='lat' dir='ltr'><strong>Qui</strong></span> <span class='ocrx_word' id='word_1_91' title='bbox 1812 1201 1954 1253; x_wconf 84' lang='lat' dir='ltr'><strong>enim</strong></span> 
     </span>
    </p>
   </div>
   <div class='ocr_carea' id='block_1_12' title="bbox 368 1293 1956 1373">
    <p class='ocr_par' dir='ltr' id='par_1_12' title="bbox 368 1293 1956 1373">
     <span class='ocr_line' id='line_1_12' title="bbox 368 1293 1956 1373; baseline -0.007 -16"><span class='ocrx_word' id='word_1_92' title='bbox 368 1304 523 1358; x_wconf 85' lang='lat' dir='ltr'><strong>nobis</strong></span> <span class='ocrx_word' id='word_1_93' title='bbox 548 1302 783 1373; x_wconf 75' lang='lat' dir='ltr'><strong>quotidie</strong></span> <span class='ocrx_word' id='word_1_94' title='bbox 815 1301 1045 1369; x_wconf 84' lang='lat' dir='ltr'><strong>loquitur</strong></span> <span class='ocrx_word' id='word_1_95' title='bbox 1074 1298 1329 1363; x_wconf 82' lang='lat' dir='ltr'><strong>verbum,</strong></span> <span class='ocrx_word' id='word_1_96' title='bbox 1365 1307 1613 1367; x_wconf 84' lang='lat' dir='ltr'><strong>tanquam</strong></span> <span class='ocrx_word' id='word_1_97' title='bbox 1659 1296 1835 1349; x_wconf 86' lang='lat' dir='ltr'><strong>uleutn</strong></span> <span class='ocrx_word' id='word_1_98' title='bbox 1877 1293 1956 1347; x_wconf 85' lang='lat' dir='ltr'><strong>in-</strong></span> 
     </span>
    </p>
   </div>
   <div class='ocr_carea' id='block_1_13' title="bbox 370 1392 1323 1460">
    <p class='ocr_par' dir='ltr' id='par_1_13' title="bbox 370 1392 1323 1460">
     <span class='ocr_line' id='line_1_13' title="bbox 370 1392 1323 1460; baseline -0.006 -12"><span class='ocrx_word' id='word_1_99' title='bbox 370 1393 561 1459; x_wconf 85' lang='lat' dir='ltr'><strong>fundit,</strong></span> <span class='ocrx_word' id='word_1_100' title='bbox 596 1408 663 1447; x_wconf 88' lang='lat' dir='ltr'><strong>ne</strong></span> <span class='ocrx_word' id='word_1_101' title='bbox 693 1393 907 1446; x_wconf 83' lang='lat' dir='ltr'><strong>lucerna</strong></span> <span class='ocrx_word' id='word_1_102' title='bbox 937 1392 1323 1460; x_wconf 77' lang='lat' dir='ltr'><strong>exstinguatur.</strong></span> 
     </span>
    </p>
   </div>
   <div class='ocr_carea' id='block_1_14' title="bbox 440 1476 1955 1545">
    <p class='ocr_par' dir='ltr' id='par_1_14' title="bbox 440 1476 1955 1545">
     <span class='ocr_line' id='line_1_14' title="bbox 440 1476 1955 1545; baseline -0.008 -6"><span class='ocrx_word' id='word_1_103' title='bbox 440 1483 528 1539; x_wconf 74' lang='grc'><strong>12.</strong></span> <span class='ocrx_word' id='word_1_104' title='bbox 572 1482 760 1537; x_wconf 75' lang='lat' dir='ltr'><strong>Manus</strong></span> <span class='ocrx_word' id='word_1_105' title='bbox 786 1497 904 1536; x_wconf 86' lang='lat' dir='ltr'><strong>suas</strong></span> <span class='ocrx_word' id='word_1_106' title='bbox 930 1480 1149 1535; x_wconf 71' lang='lat' dir='ltr'><strong>extendit</strong></span> <span class='ocrx_word' id='word_1_107' title='bbox 1176 1478 1244 1533; x_wconf 83' lang='lat' dir='ltr'><strong>ad</strong></span> <span class='ocrx_word' id='word_1_108' title='bbox 1271 1479 1435 1533; x_wconf 77' lang='lat' dir='ltr'><strong>utilia.</strong></span> <span class='ocrx_word' id='word_1_109' title='bbox 1465 1476 1729 1545; x_wconf 83' lang='lat' dir='ltr'><strong>Quantum</strong></span> <span class='ocrx_word' id='word_1_110' title='bbox 1770 1482 1955 1528; x_wconf 76' lang='lat' dir='ltr'><strong>cxten-</strong></span> 
     </span>
    </p>
   </div>
   <div class='ocr_carea' id='block_1_15' title="bbox 367 1565 1957 1642">
    <p class='ocr_par' dir='ltr' id='par_1_15' title="bbox 367 1565 1957 1642">
     <span class='ocr_line' id='line_1_15' title="bbox 367 1565 1957 1642; baseline -0.007 -12"><span class='ocrx_word' id='word_1_111' title='bbox 367 1574 446 1630; x_wconf 78' lang='lat' dir='ltr'><strong>dit</strong></span> <span class='ocrx_word' id='word_1_112' title='bbox 471 1575 567 1629; x_wconf 85' lang='lat' dir='ltr'><strong>bas</strong></span> <span class='ocrx_word' id='word_1_113' title='bbox 603 1572 837 1628; x_wconf 81' lang='lat' dir='ltr'><strong>manus?</strong></span> <span class='ocrx_word' id='word_1_114' title='bbox 873 1572 918 1625; x_wconf 86' lang='grc' dir='ltr'><em>Α</em></span> <span class='ocrx_word' id='word_1_115' title='bbox 947 1572 1074 1624; x_wconf 88' lang='lat' dir='ltr'><strong>mari</strong></span> <span class='ocrx_word' id='word_1_116' title='bbox 1100 1586 1257 1642; x_wconf 83' lang='lat' dir='ltr'><strong>usque</strong></span> <span class='ocrx_word' id='word_1_117' title='bbox 1296 1570 1362 1623; x_wconf 80' lang='lat' dir='ltr'><strong>ad</strong></span> <span class='ocrx_word' id='word_1_118' title='bbox 1391 1584 1557 1633; x_wconf 87' lang='lat' dir='ltr'><strong>mare,</strong></span> <span class='ocrx_word' id='word_1_119' title='bbox 1588 1577 1632 1621; x_wconf 88' lang='lat' dir='ltr'><strong>et</strong></span> <span class='ocrx_word' id='word_1_120' title='bbox 1675 1583 1707 1619; x_wconf 92' lang='lat' dir='ltr'><strong>a</strong></span> <span class='ocrx_word' id='word_1_121' title='bbox 1748 1565 1957 1636; x_wconf 74' lang='lat' dir='ltr'><strong>[tantine</strong></span> 
     </span>
    </p>
   </div>
   <div class='ocr_carea' id='block_1_16' title="bbox 368 1656 1952 1736">
    <p class='ocr_par' dir='ltr' id='par_1_16' title="bbox 368 1656 1952 1736">
     <span class='ocr_line' id='line_1_16' title="bbox 368 1656 1952 1736; baseline -0.006 -18"><span class='ocrx_word' id='word_1_122' title='bbox 368 1682 526 1736; x_wconf 85' lang='lat' dir='ltr'><strong>usque</strong></span> <span class='ocrx_word' id='word_1_123' title='bbox 544 1665 611 1718; x_wconf 80' lang='lat' dir='ltr'><strong>ad</strong></span> <span class='ocrx_word' id='word_1_124' title='bbox 636 1663 873 1718; x_wconf 80' lang='lat' dir='ltr'><strong>terminos</strong></span> <span class='ocrx_word' id='word_1_125' title='bbox 891 1661 1025 1717; x_wconf 85' lang='lat' dir='ltr'><strong>orbis</strong></span> <span class='ocrx_word' id='word_1_126' title='bbox 1046 1659 1217 1734; x_wconf 85' lang='lat' dir='ltr'><strong>(Psal.</strong></span> <span class='ocrx_word' id='word_1_127' title='bbox 1244 1675 1390 1723; x_wconf 78' lang='lat' dir='ltr'><strong>um,</strong></span> <span class='ocrx_word' id='word_1_128' title='bbox 1417 1656 1492 1730; x_wconf 83' lang='lat'><strong>8),</strong></span> <span class='ocrx_word' id='word_1_129' title='bbox 1523 1673 1629 1729; x_wconf 92' lang='lat' dir='ltr'><strong>quo</strong></span> <span class='ocrx_word' id='word_1_130' title='bbox 1654 1656 1889 1726; x_wconf 83' lang='lat' dir='ltr'><strong>pervenit</strong></span> <span class='ocrx_word' id='word_1_131' title='bbox 1913 1656 1952 1708; x_wconf 77' lang='grc'><strong>⁸.</strong></span> 
     </span>
    </p>
   </div>
   <div class='ocr_carea' id='block_1_17' title="bbox 370 1747 1954 1813">
    <p class='ocr_par' dir='ltr' id='par_1_17' title="bbox 370 1747 1954 1813">
     <span class='ocr_line' id='line_1_17' title="bbox 370 1747 1954 1813; baseline -0.008 -3"><span class='ocrx_word' id='word_1_132' title='bbox 370 1754 523 1810; x_wconf 73' lang='lat' dir='ltr'><strong>Unde</strong></span> <span class='ocrx_word' id='word_1_133' title='bbox 549 1768 655 1809; x_wconf 87' lang='lat' dir='ltr'><strong>non</strong></span> <span class='ocrx_word' id='word_1_134' title='bbox 683 1756 874 1807; x_wconf 80' lang='lat' dir='ltr'><strong>frustra</strong></span> <span class='ocrx_word' id='word_1_135' title='bbox 900 1752 1095 1806; x_wconf 87' lang='lat' dir='ltr'><strong>dictum</strong></span> <span class='ocrx_word' id='word_1_136' title='bbox 1118 1760 1219 1813; x_wconf 81' lang='lat' dir='ltr'><strong>cst,</strong></span> <span class='ocrx_word' id='word_1_137' title='bbox 1248 1749 1314 1803; x_wconf 82' lang='lat' dir='ltr'><strong>In</strong></span> <span class='ocrx_word' id='word_1_138' title='bbox 1344 1749 1604 1804; x_wconf 78' lang='lat' dir='ltr'><strong>dexteram</strong></span> <span class='ocrx_word' id='word_1_139' title='bbox 1625 1759 1673 1801; x_wconf 83' lang='lat' dir='ltr'><strong>et</strong></span> <span class='ocrx_word' id='word_1_140' title='bbox 1700 1747 1954 1800; x_wconf 80' lang='lat' dir='ltr'><strong>sinistram</strong></span> 
     </span>
    </p>
   </div>
   <div class='ocr_carea' id='block_1_18' title="bbox 368 1838 1954 1919">
    <p class='ocr_par' dir='ltr' id='par_1_18' title="bbox 368 1838 1954 1919">
     <span class='ocr_line' id='line_1_18' title="bbox 368 1838 1954 1919; baseline -0.006 -17"><span class='ocrx_word' id='word_1_141' title='bbox 368 1847 578 1902; x_wconf 63' lang='lat' dir='ltr'><strong>extante</strong></span> <span class='ocrx_word' id='word_1_142' title='bbox 623 1845 773 1919; x_wconf 82' lang='lat' dir='ltr'><strong>(Isai.</strong></span> <span class='ocrx_word' id='word_1_143' title='bbox 805 1861 919 1911; x_wconf 78' lang='grc' dir='ltr'>ιιν,</span> <span class='ocrx_word' id='word_1_144' title='bbox 950 1846 1027 1915; x_wconf 81' lang='lat'><strong>‘5).</strong></span> <span class='ocrx_word' id='word_1_145' title='bbox 1064 1842 1301 1897; x_wconf 71' lang='lat' dir='ltr'><strong>Extendi!</strong></span> <span class='ocrx_word' id='word_1_146' title='bbox 1344 1858 1521 1895; x_wconf 87' lang='lat' dir='ltr'><strong>manus</strong></span> <span class='ocrx_word' id='word_1_147' title='bbox 1550 1857 1703 1906; x_wconf 87' lang='lat' dir='ltr'><strong>suas,</strong></span> <span class='ocrx_word' id='word_1_148' title='bbox 1749 1838 1842 1895; x_wconf 89' lang='lat' dir='ltr'><strong>sed</strong></span> <span class='ocrx_word' id='word_1_149' title='bbox 1887 1839 1954 1893; x_wconf 86' lang='lat' dir='ltr'><strong>ad</strong></span> 
     </span>
    </p>
   </div>
   <div class='ocr_carea' id='block_1_19' title="bbox 367 1938 534 1992">
    <p class='ocr_par' dir='ltr' id='par_1_19' title="bbox 367 1938 534 1992">
     <span class='ocr_line' id='line_1_19' title="bbox 367 1938 534 1992; baseline 0.006 -1"><span class='ocrx_word' id='word_1_150' title='bbox 367 1938 534 1992; x_wconf 69' lang='lat' dir='ltr'><strong>utilia.</strong></span> 
     </span>
    </p>
   </div>
   <div class='ocr_carea' id='block_1_20' title="bbox 435 2020 1954 2094">
    <p class='ocr_par' dir='ltr' id='par_1_20' title="bbox 435 2020 1954 2094">
     <span class='ocr_line' id='line_1_20' title="bbox 435 2020 1954 2094; baseline -0.005 -9"><span class='ocrx_word' id='word_1_151' title='bbox 435 2027 662 2085; x_wconf 71' lang='lat' dir='ltr'><strong>CAPUT</strong></span> <span class='ocrx_word' id='word_1_152' title='bbox 703 2027 792 2081; x_wconf 79' lang='lat' dir='ltr'><strong>IX.</strong></span> <span class='ocrx_word' id='word_1_153' title='bbox 818 2057 890 2068; x_wconf 89' lang='lat'><strong>——</strong></span> <span class='ocrx_word' id='word_1_154' title='bbox 917 2027 1003 2082; x_wconf 78' lang='lat' dir='ltr'><strong>f3.</strong></span> <span class='ocrx_word' id='word_1_155' title='bbox 1043 2024 1263 2080; x_wconf 80' lang='lat' dir='ltr'><strong>Brachia</strong></span> <span class='ocrx_word' id='word_1_156' title='bbox 1290 2040 1486 2094; x_wconf 81' lang='lat' dir='ltr'><strong>quoque</strong></span> <span class='ocrx_word' id='word_1_157' title='bbox 1512 2039 1603 2078; x_wconf 89' lang='lat' dir='ltr'><strong>sua</strong></span> <span class='ocrx_word' id='word_1_158' title='bbox 1642 2022 1859 2090; x_wconf 76' lang='lat' dir='ltr'><strong>ﬁrmauit</strong></span> <span class='ocrx_word' id='word_1_159' title='bbox 1900 2020 1954 2079; x_wconf 82' lang='lat' dir='ltr'><strong>in</strong></span> 
     </span>
    </p>
   </div>
   <div class='ocr_carea' id='block_1_21' title="bbox 367 2114 1952 2191">
    <p class='ocr_par' dir='ltr' id='par_1_21' title="bbox 367 2114 1952 2191">
     <span class='ocr_line' id='line_1_21' title="bbox 367 2114 1952 2191; baseline -0.005 -17"><span class='ocrx_word' id='word_1_160' title='bbox 367 2124 556 2191; x_wconf 78' lang='lat' dir='ltr'><strong>fusum.</strong></span> <span class='ocrx_word' id='word_1_161' title='bbox 580 2118 698 2174; x_wconf 83' lang='lat' dir='ltr'><strong>Non</strong></span> <span class='ocrx_word' id='word_1_162' title='bbox 723 2120 790 2172; x_wconf 88' lang='lat' dir='ltr'><strong>ab</strong></span> <span class='ocrx_word' id='word_1_163' title='bbox 811 2116 1172 2172; x_wconf 78' lang='lat' dir='ltr'><strong>infundendo:</strong></span> <span class='ocrx_word' id='word_1_164' title='bbox 1203 2116 1296 2171; x_wconf 89' lang='lat' dir='ltr'><strong>sed</strong></span> <span class='ocrx_word' id='word_1_165' title='bbox 1321 2116 1371 2168; x_wconf 90' lang='lat' dir='ltr'><strong>in</strong></span> <span class='ocrx_word' id='word_1_166' title='bbox 1395 2114 1520 2168; x_wconf 90' lang='lat' dir='ltr'><strong>illud</strong></span> <span class='ocrx_word' id='word_1_167' title='bbox 1544 2116 1952 2167; x_wconf 86' lang='lat' dir='ltr'><strong>instrumentum</strong></span> 
     </span>
    </p>
   </div>
   <div class='ocr_carea' id='block_1_22' title="bbox 366 2202 1956 2280">
    <p class='ocr_par' dir='ltr' id='par_1_22' title="bbox 366 2202 1956 2280">
     <span class='ocr_line' id='line_1_22' title="bbox 366 2202 1956 2280; baseline -0.006 -15"><span class='ocrx_word' id='word_1_168' title='bbox 366 2210 579 2265; x_wconf 77' lang='lat' dir='ltr'><strong>lanificii</strong></span> <span class='ocrx_word' id='word_1_169' title='bbox 598 2252 613 2275; x_wconf 92' lang='lat'><strong>,</strong></span> <span class='ocrx_word' id='word_1_170' title='bbox 642 2209 782 2280; x_wconf 90' lang='lat' dir='ltr'><strong>quod</strong></span> <span class='ocrx_word' id='word_1_171' title='bbox 810 2216 1003 2263; x_wconf 83' lang='lat' dir='ltr'><strong>vocant</strong></span> <span class='ocrx_word' id='word_1_172' title='bbox 1031 2205 1226 2260; x_wconf 88' lang='lat' dir='ltr'><strong>fusum.</strong></span> <span class='ocrx_word' id='word_1_173' title='bbox 1260 2205 1336 2260; x_wconf 90' lang='lat' dir='ltr'><strong>Dc</strong></span> <span class='ocrx_word' id='word_1_174' title='bbox 1364 2202 1480 2258; x_wconf 85' lang='lat' dir='ltr'><strong>fuso</strong></span> <span class='ocrx_word' id='word_1_175' title='bbox 1517 2204 1619 2258; x_wconf 89' lang='lat' dir='ltr'><strong>isto</strong></span> <span class='ocrx_word' id='word_1_176' title='bbox 1638 2244 1653 2269; x_wconf 89' lang='lat'><strong>,</strong></span> <span class='ocrx_word' id='word_1_177' title='bbox 1684 2202 1823 2272; x_wconf 88' lang='lat' dir='ltr'><strong>quod</strong></span> <span class='ocrx_word' id='word_1_178' title='bbox 1853 2203 1956 2256; x_wconf 88' lang='lat' dir='ltr'><strong>Do-</strong></span> 
     </span>
    </p>
   </div>
   <div class='ocr_carea' id='block_1_23' title="bbox 364 2294 1955 2367">
    <p class='ocr_par' dir='ltr' id='par_1_23' title="bbox 364 2294 1955 2367">
     <span class='ocr_line' id='line_1_23' title="bbox 364 2294 1955 2367; baseline -0.005 -10"><span class='ocrx_word' id='word_1_179' title='bbox 364 2302 544 2357; x_wconf 83' lang='lat' dir='ltr'><strong>minus</strong></span> <span class='ocrx_word' id='word_1_180' title='bbox 578 2300 771 2363; x_wconf 69' lang='lat' dir='ltr'><strong>dolat,</strong></span> <span class='ocrx_word' id='word_1_181' title='bbox 802 2298 976 2353; x_wconf 73' lang='lat' dir='ltr'><strong>diram</strong></span> <span class='ocrx_word' id='word_1_182' title='bbox 1002 2316 1015 2351; x_wconf 90' lang='lat'><strong>:</strong></span> <span class='ocrx_word' id='word_1_183' title='bbox 1048 2313 1218 2367; x_wconf 83' lang='lat' dir='ltr'><strong>neque</strong></span> <span class='ocrx_word' id='word_1_184' title='bbox 1246 2297 1387 2351; x_wconf 86' lang='lat' dir='ltr'><strong>enim</strong></span> <span class='ocrx_word' id='word_1_185' title='bbox 1435 2297 1531 2349; x_wconf 81' lang='lat' dir='ltr'><strong>ista</strong></span> <span class='ocrx_word' id='word_1_186' title='bbox 1560 2294 1787 2359; x_wconf 74' lang='lat' dir='ltr'><strong>[artificia</strong></span> <span class='ocrx_word' id='word_1_187' title='bbox 1830 2303 1955 2349; x_wconf 82' lang='lat' dir='ltr'><strong>sunt</strong></span> 
     </span>
    </p>
   </div>
   <div class='ocr_carea' id='block_1_24' title="bbox 366 2387 1952 2459">
    <p class='ocr_par' dir='ltr' id='par_1_24' title="bbox 366 2387 1952 2459">
     <span class='ocr_line' id='line_1_24' title="bbox 366 2387 1952 2459; baseline -0.006 -10"><span class='ocrx_word' id='word_1_188' title='bbox 366 2410 396 2450; x_wconf 81' lang='grc' dir='ltr'><strong>ιι</strong></span> <span class='ocrx_word' id='word_1_189' title='bbox 424 2394 553 2448; x_wconf 82' lang='lat' dir='ltr'><strong>viris</strong></span> <span class='ocrx_word' id='word_1_190' title='bbox 578 2393 770 2447; x_wconf 83' lang='lat' dir='ltr'><strong>aliena.</strong></span> <span class='ocrx_word' id='word_1_191' title='bbox 803 2391 994 2446; x_wconf 80' lang='lat' dir='ltr'><strong>Audite</strong></span> <span class='ocrx_word' id='word_1_192' title='bbox 1022 2389 1146 2459; x_wconf 88' lang='lat' dir='ltr'><strong>quid</strong></span> <span class='ocrx_word' id='word_1_193' title='bbox 1178 2391 1265 2449; x_wconf 82' lang='lat' dir='ltr'><strong>sit,</strong></span> <span class='ocrx_word' id='word_1_194' title='bbox 1295 2387 1518 2441; x_wconf 80' lang='lat' dir='ltr'><strong>Brachia</strong></span> <span class='ocrx_word' id='word_1_195' title='bbox 1542 2404 1635 2441; x_wconf 89' lang='lat' dir='ltr'><strong>sua</strong></span> <span class='ocrx_word' id='word_1_196' title='bbox 1658 2387 1875 2457; x_wconf 76' lang='lat' dir='ltr'><strong>ﬁrmavit</strong></span> <span class='ocrx_word' id='word_1_197' title='bbox 1902 2387 1952 2439; x_wconf 89' lang='lat' dir='ltr'><strong>in</strong></span> 
     </span>
    </p>
   </div>
   <div class='ocr_carea' id='block_1_25' title="bbox 366 2474 1953 2552">
    <p class='ocr_par' dir='ltr' id='par_1_25' title="bbox 366 2474 1953 2552">
     <span class='ocr_line' id='line_1_25' title="bbox 366 2474 1953 2552; baseline -0.005 -16"><span class='ocrx_word' id='word_1_198' title='bbox 366 2488 553 2552; x_wconf 61' lang='lat' dir='ltr'><strong>pusum.</strong></span> <span class='ocrx_word' id='word_1_199' title='bbox 589 2481 764 2535; x_wconf 81' lang='lat' dir='ltr'><strong>Potuit</strong></span> <span class='ocrx_word' id='word_1_200' title='bbox 799 2479 1012 2542; x_wconf 85' lang='lat' dir='ltr'><strong>dicere,</strong></span> <span class='ocrx_word' id='word_1_201' title='bbox 1047 2478 1099 2530; x_wconf 93' lang='lat' dir='ltr'><strong>In</strong></span> <span class='ocrx_word' id='word_1_202' title='bbox 1139 2479 1337 2531; x_wconf 84' lang='lat' dir='ltr'><strong>colunt.</strong></span> <span class='ocrx_word' id='word_1_203' title='bbox 1370 2475 1568 2530; x_wconf 80' lang='lat' dir='ltr'><strong>Fusnnt</strong></span> <span class='ocrx_word' id='word_1_204' title='bbox 1607 2475 1773 2540; x_wconf 79' lang='lat' dir='ltr'><strong>dixit,</strong></span> <span class='ocrx_word' id='word_1_205' title='bbox 1819 2474 1953 2533; x_wconf 81' lang='lat' dir='ltr'><strong>forte</strong></span> 
     </span>
    </p>
   </div>
   <div class='ocr_carea' id='block_1_26' title="bbox 365 2568 1951 2640">
    <p class='ocr_par' dir='ltr' id='par_1_26' title="bbox 365 2568 1951 2640">
     <span class='ocr_line' id='line_1_26' title="bbox 365 2568 1951 2640; baseline -0.007 -9"><span class='ocrx_word' id='word_1_206' title='bbox 365 2588 473 2631; x_wconf 81' lang='lat' dir='ltr'><strong>non</strong></span> <span class='ocrx_word' id='word_1_207' title='bbox 501 2575 714 2629; x_wconf 80' lang='lat' dir='ltr'><strong>frustra.</strong></span> <span class='ocrx_word' id='word_1_208' title='bbox 753 2572 1006 2640; x_wconf 77' lang='lat' dir='ltr'><strong>Quamvis</strong></span> <span class='ocrx_word' id='word_1_209' title='bbox 1035 2571 1201 2639; x_wconf 83' lang='lat' dir='ltr'><strong>possit</strong></span> <span class='ocrx_word' id='word_1_210' title='bbox 1246 2569 1447 2635; x_wconf 88' lang='lat' dir='ltr'><strong>videri,</strong></span> <span class='ocrx_word' id='word_1_211' title='bbox 1479 2583 1577 2623; x_wconf 89' lang='lat' dir='ltr'><strong>nec</strong></span> <span class='ocrx_word' id='word_1_212' title='bbox 1602 2568 1830 2623; x_wconf 80' lang='lat' dir='ltr'><strong>absurde</strong></span> <span class='ocrx_word' id='word_1_213' title='bbox 1869 2568 1951 2621; x_wconf 86' lang='lat' dir='ltr'><strong>iu-</strong></span> 
     </span>
    </p>
   </div>
   <div class='ocr_carea' id='block_1_27' title="bbox 366 2660 1952 2739">
    <p class='ocr_par' dir='ltr' id='par_1_27' title="bbox 366 2660 1952 2739">
     <span class='ocr_line' id='line_1_27' title="bbox 366 2660 1952 2739; baseline -0.005 -17"><span class='ocrx_word' id='word_1_214' title='bbox 366 2668 528 2739; x_wconf 77' lang='lat' dir='ltr'><strong>tclligi</strong></span> <span class='ocrx_word' id='word_1_215' title='bbox 563 2666 633 2722; x_wconf 89' lang='lat' dir='ltr'><strong>de</strong></span> <span class='ocrx_word' id='word_1_216' title='bbox 671 2667 787 2720; x_wconf 90' lang='lat' dir='ltr'><strong>fuso</strong></span> <span class='ocrx_word' id='word_1_217' title='bbox 831 2663 1115 2719; x_wconf 88' lang='lat' dir='ltr'><strong>lanificium</strong></span> <span class='ocrx_word' id='word_1_218' title='bbox 1158 2661 1509 2733; x_wconf 77' lang='lat' dir='ltr'><strong>signiﬁcatum</strong></span> <span class='ocrx_word' id='word_1_219' title='bbox 1535 2703 1551 2731; x_wconf 83' lang='lat'><strong>,</strong></span> <span class='ocrx_word' id='word_1_220' title='bbox 1600 2660 1667 2717; x_wconf 87' lang='lat' dir='ltr'><strong>de</strong></span> <span class='ocrx_word' id='word_1_221' title='bbox 1717 2660 1952 2715; x_wconf 85' lang='lat' dir='ltr'><strong>lanificio</strong></span> 
     </span>
    </p>
   </div>
   <div class='ocr_carea' id='block_1_28' title="bbox 365 2753 1953 2827">
    <p class='ocr_par' dir='ltr' id='par_1_28' title="bbox 365 2753 1953 2827">
     <span class='ocr_line' id='line_1_28' title="bbox 365 2753 1953 2827; baseline -0.004 -13"><span class='ocrx_word' id='word_1_222' title='bbox 365 2758 560 2814; x_wconf 83' lang='lat' dir='ltr'><strong>bonum</strong></span> <span class='ocrx_word' id='word_1_223' title='bbox 591 2772 744 2827; x_wconf 90' lang='lat' dir='ltr'><strong>opus,</strong></span> <span class='ocrx_word' id='word_1_224' title='bbox 774 2766 1023 2827; x_wconf 86' lang='lat' dir='ltr'><strong>tanquam</strong></span> <span class='ocrx_word' id='word_1_225' title='bbox 1049 2763 1211 2809; x_wconf 78' lang='lat' dir='ltr'><strong>casta:</strong></span> <span class='ocrx_word' id='word_1_226' title='bbox 1236 2753 1475 2809; x_wconf 83' lang='lat' dir='ltr'><strong>mulieris</strong></span> <span class='ocrx_word' id='word_1_227' title='bbox 1499 2761 1553 2808; x_wconf 93' lang='lat' dir='ltr'><strong>et</strong></span> <span class='ocrx_word' id='word_1_228' title='bbox 1575 2761 1834 2807; x_wconf 76' lang='lat' dir='ltr'><strong>matronae</strong></span> <span class='ocrx_word' id='word_1_229' title='bbox 1854 2753 1953 2808; x_wconf 90' lang='lat' dir='ltr'><strong>im-</strong></span> 
     </span>
    </p>
   </div>
   <div class='ocr_carea' id='block_1_29' title="bbox 364 2843 1952 2920">
    <p class='ocr_par' dir='ltr' id='par_1_29' title="bbox 364 2843 1952 2920">
     <span class='ocr_line' id='line_1_29' title="bbox 364 2843 1952 2920; baseline -0.004 -14"><span class='ocrx_word' id='word_1_230' title='bbox 364 2850 527 2920; x_wconf 56' lang='lat' dir='ltr'><strong>pigrae</strong></span> <span class='ocrx_word' id='word_1_231' title='bbox 554 2857 611 2905; x_wconf 89' lang='lat' dir='ltr'><strong>et</strong></span> <span class='ocrx_word' id='word_1_232' title='bbox 644 2849 951 2919; x_wconf 75' lang='lat' dir='ltr'><strong>diligentis:</strong></span> <span class='ocrx_word' id='word_1_233' title='bbox 998 2855 1179 2901; x_wconf 86' lang='lat' dir='ltr'><strong>tamen</strong></span> <span class='ocrx_word' id='word_1_234' title='bbox 1221 2860 1355 2916; x_wconf 78' lang='lat' dir='ltr'><strong>ego,</strong></span> <span class='ocrx_word' id='word_1_235' title='bbox 1389 2844 1727 2908; x_wconf 65' lang='lat' dir='ltr'><strong>clarissimi,</strong></span> <span class='ocrx_word' id='word_1_236' title='bbox 1759 2843 1813 2898; x_wconf 92' lang='lat' dir='ltr'><strong>in</strong></span> <span class='ocrx_word' id='word_1_237' title='bbox 1850 2844 1952 2901; x_wconf 88' lang='lat' dir='ltr'><strong>isto</strong></span> 
     </span>
    </p>
   </div>
   <div class='ocr_carea' id='block_1_30' title="bbox 364 2934 1949 3011">
    <p class='ocr_par' dir='ltr' id='par_1_30' title="bbox 364 2934 1949 3011">
     <span class='ocr_line' id='line_1_30' title="bbox 364 2934 1949 3011; baseline -0.004 -14"><span class='ocrx_word' id='word_1_238' title='bbox 364 2942 482 2997; x_wconf 82' lang='lat' dir='ltr'><strong>fuso</strong></span> <span class='ocrx_word' id='word_1_239' title='bbox 503 2983 519 3007; x_wconf 91' lang='lat'><strong>,</strong></span> <span class='ocrx_word' id='word_1_240' title='bbox 550 2939 692 3011; x_wconf 91' lang='lat' dir='ltr'><strong>quod</strong></span> <span class='ocrx_word' id='word_1_241' title='bbox 721 2939 994 3010; x_wconf 76' lang='lat' dir='ltr'><strong>intelligo,</strong></span> <span class='ocrx_word' id='word_1_242' title='bbox 1028 2953 1132 2992; x_wconf 90' lang='lat' dir='ltr'><strong>non</strong></span> <span class='ocrx_word' id='word_1_243' title='bbox 1177 2938 1384 2991; x_wconf 80' lang='lat' dir='ltr'><strong>tacebo.</strong></span> <span class='ocrx_word' id='word_1_244' title='bbox 1414 2934 1600 2992; x_wconf 83' lang='lat' dir='ltr'><strong>Omnis</strong></span> <span class='ocrx_word' id='word_1_245' title='bbox 1624 2934 1715 3006; x_wconf 90' lang='lat' dir='ltr'><strong>qui</strong></span> <span class='ocrx_word' id='word_1_246' title='bbox 1741 2935 1866 2990; x_wconf 86' lang='lat' dir='ltr'><strong>vivit</strong></span> <span class='ocrx_word' id='word_1_247' title='bbox 1897 2936 1949 2990; x_wconf 93' lang='lat' dir='ltr'><strong>in</strong></span> 
     </span>
    </p>
   </div>
   <div class='ocr_carea' id='block_1_31' title="bbox 363 3026 1949 3102">
    <p class='ocr_par' dir='ltr' id='par_1_31' title="bbox 363 3026 1949 3102">
     <span class='ocr_line' id='line_1_31' title="bbox 363 3026 1949 3102; baseline -0.002 -15"><span class='ocrx_word' id='word_1_248' title='bbox 363 3033 517 3088; x_wconf 77' lang='lat' dir='ltr'><strong>bouis</strong></span> <span class='ocrx_word' id='word_1_249' title='bbox 541 3031 793 3102; x_wconf 75' lang='lat' dir='ltr'><strong>operibus</strong></span> <span class='ocrx_word' id='word_1_250' title='bbox 816 3032 872 3085; x_wconf 89' lang='lat' dir='ltr'><strong>iu</strong></span> <span class='ocrx_word' id='word_1_251' title='bbox 898 3042 1079 3085; x_wconf 88' lang='lat' dir='ltr'><strong>sancta</strong></span> <span class='ocrx_word' id='word_1_252' title='bbox 1108 3027 1365 3089; x_wconf 82' lang='lat' dir='ltr'><strong>Ecclesia.</strong></span> <span class='ocrx_word' id='word_1_253' title='bbox 1400 3044 1504 3083; x_wconf 91' lang='lat' dir='ltr'><strong>non</strong></span> <span class='ocrx_word' id='word_1_254' title='bbox 1532 3027 1822 3099; x_wconf 82' lang='lat' dir='ltr'><strong>neglector,</strong></span> <span class='ocrx_word' id='word_1_255' title='bbox 1854 3026 1949 3084; x_wconf 86' lang='lat' dir='ltr'><strong>sed</strong></span> 
     </span>
    </p>
   </div>
   <div class='ocr_carea' id='block_1_32' title="bbox 362 3119 1946 3193">
    <p class='ocr_par' dir='ltr' id='par_1_32' title="bbox 362 3119 1946 3193">
     <span class='ocr_line' id='line_1_32' title="bbox 362 3119 1946 3193; baseline -0.002 -14"><span class='ocrx_word' id='word_1_256' title='bbox 362 3125 583 3179; x_wconf 73' lang='lat' dir='ltr'><strong>effector</strong></span> <span class='ocrx_word' id='word_1_257' title='bbox 608 3131 995 3193; x_wconf 65' lang='lat' dir='ltr'><strong>praeceptorum</strong></span> <span class='ocrx_word' id='word_1_258' title='bbox 1043 3122 1134 3177; x_wconf 90' lang='lat' dir='ltr'><strong>Dei</strong></span> <span class='ocrx_word' id='word_1_259' title='bbox 1164 3163 1179 3188; x_wconf 89' lang='lat'><strong>,</strong></span> <span class='ocrx_word' id='word_1_260' title='bbox 1208 3122 1332 3191; x_wconf 88' lang='lat' dir='ltr'><strong>quid</strong></span> <span class='ocrx_word' id='word_1_261' title='bbox 1369 3119 1525 3176; x_wconf 79' lang='lat' dir='ltr'><strong>faciat</strong></span> <span class='ocrx_word' id='word_1_262' title='bbox 1554 3136 1674 3176; x_wconf 90' lang='lat' dir='ltr'><strong>cras</strong></span> <span class='ocrx_word' id='word_1_263' title='bbox 1694 3164 1709 3186; x_wconf 89' lang='lat'><strong>,</strong></span> <span class='ocrx_word' id='word_1_264' title='bbox 1737 3123 1946 3188; x_wconf 84' lang='lat' dir='ltr'><strong>nescit;</strong></span> 
     </span>
    </p>
   </div>
   <div class='ocr_carea' id='block_1_33' title="bbox 361 3211 1949 3286">
    <p class='ocr_par' dir='ltr' id='par_1_33' title="bbox 361 3211 1949 3286">
     <span class='ocr_line' id='line_1_33' title="bbox 361 3211 1949 3286; baseline 0.001 -19"><span class='ocrx_word' id='word_1_265' title='bbox 361 3216 489 3286; x_wconf 85' lang='lat' dir='ltr'><strong>quid</strong></span> <span class='ocrx_word' id='word_1_266' title='bbox 519 3216 701 3271; x_wconf 82' lang='lat' dir='ltr'><strong>fecerit</strong></span> <span class='ocrx_word' id='word_1_267' title='bbox 742 3214 930 3281; x_wconf 84' lang='lat' dir='ltr'><strong>hodie,</strong></span> <span class='ocrx_word' id='word_1_268' title='bbox 964 3214 1082 3269; x_wconf 91' lang='lat' dir='ltr'><strong>scit.</strong></span> <span class='ocrx_word' id='word_1_269' title='bbox 1130 3213 1205 3268; x_wconf 89' lang='lat' dir='ltr'><strong>De</strong></span> <span class='ocrx_word' id='word_1_270' title='bbox 1235 3213 1408 3267; x_wconf 86' lang='lat' dir='ltr'><strong>futuro</strong></span> <span class='ocrx_word' id='word_1_271' title='bbox 1447 3228 1609 3281; x_wconf 82' lang='lat' dir='ltr'><strong>Opere</strong></span> <span class='ocrx_word' id='word_1_272' title='bbox 1647 3211 1832 3278; x_wconf 79' lang='lat' dir='ltr'><strong>lintei,</strong></span> <span class='ocrx_word' id='word_1_273' title='bbox 1880 3212 1949 3269; x_wconf 89' lang='lat' dir='ltr'><strong>de</strong></span> 
     </span>
    </p>
   </div>
   <div class='ocr_carea' id='block_1_34' title="bbox 362 3304 1943 3379">
    <p class='ocr_par' dir='ltr' id='par_1_34' title="bbox 362 3304 1943 3379">
     <span class='ocr_line' id='line_1_34' title="bbox 362 3304 1943 3379; baseline -0.003 -15"><span class='ocrx_word' id='word_1_274' title='bbox 362 3309 634 3379; x_wconf 60' lang='lat' dir='ltr'><strong>praeterito</strong></span> <span class='ocrx_word' id='word_1_275' title='bbox 654 3307 886 3378; x_wconf 71' lang='lat' dir='ltr'><strong>gaudet:</strong></span> <span class='ocrx_word' id='word_1_276' title='bbox 915 3312 970 3361; x_wconf 85' lang='lat' dir='ltr'><strong>ct</strong></span> <span class='ocrx_word' id='word_1_277' title='bbox 996 3316 1052 3360; x_wconf 92' lang='lat' dir='ltr'><strong>ut</strong></span> <span class='ocrx_word' id='word_1_278' title='bbox 1074 3316 1384 3376; x_wconf 74' lang='lat' dir='ltr'><strong>pcrsmeret</strong></span> <span class='ocrx_word' id='word_1_279' title='bbox 1410 3305 1460 3359; x_wconf 91' lang='lat' dir='ltr'><strong>in</strong></span> <span class='ocrx_word' id='word_1_280' title='bbox 1488 3305 1641 3360; x_wconf 90' lang='lat' dir='ltr'><strong>bonis</strong></span> <span class='ocrx_word' id='word_1_281' title='bbox 1670 3304 1943 3375; x_wconf 80' lang='lat' dir='ltr'><strong>operibus,</strong></span> 
     </span>
    </p>
   </div>
   <div class='ocr_carea' id='block_1_35' title="bbox 359 3395 1946 3470">
    <p class='ocr_par' dir='ltr' id='par_1_35' title="bbox 359 3395 1946 3470">
     <span class='ocr_line' id='line_1_35' title="bbox 359 3395 1946 3470; baseline 0.001 -20"><span class='ocrx_word' id='word_1_282' title='bbox 359 3399 576 3470; x_wconf 56' lang='lat' dir='ltr'><strong>uigilat;</strong></span> <span class='ocrx_word' id='word_1_283' title='bbox 610 3414 678 3455; x_wconf 87' lang='lat' dir='ltr'><strong>ne</strong></span> <span class='ocrx_word' id='word_1_284' title='bbox 707 3396 844 3453; x_wconf 86' lang='lat' dir='ltr'><strong>forte</strong></span> <span class='ocrx_word' id='word_1_285' title='bbox 873 3397 1147 3467; x_wconf 71' lang='lat' dir='ltr'><strong>negligens</strong></span> <span class='ocrx_word' id='word_1_286' title='bbox 1175 3396 1506 3459; x_wconf 86' lang='lat' dir='ltr'><strong>futurorum,</strong></span> <span class='ocrx_word' id='word_1_287' title='bbox 1539 3395 1725 3466; x_wconf 88' lang='lat' dir='ltr'><strong>perdat</strong></span> <span class='ocrx_word' id='word_1_288' title='bbox 1753 3406 1946 3465; x_wconf 71' lang='lat' dir='ltr'><strong>prmte-</strong></span> 
     </span>
    </p>
   </div>
   <div class='ocr_carea' id='block_1_36' title="bbox 359 3486 1945 3558">
    <p class='ocr_par' dir='ltr' id='par_1_36' title="bbox 359 3486 1945 3558">
     <span class='ocr_line' id='line_1_36' title="bbox 359 3486 1945 3558; baseline -0.001 -14"><span class='ocrx_word' id='word_1_289' title='bbox 359 3490 537 3544; x_wconf 79' lang='lat' dir='ltr'><strong>ritum.</strong></span> <span class='ocrx_word' id='word_1_290' title='bbox 582 3488 636 3543; x_wconf 83' lang='lat' dir='ltr'><strong>in</strong></span> <span class='ocrx_word' id='word_1_291' title='bbox 665 3486 868 3544; x_wconf 87' lang='lat' dir='ltr'><strong>orando</strong></span> <span class='ocrx_word' id='word_1_292' title='bbox 916 3495 1090 3542; x_wconf 82' lang='lat' dir='ltr'><strong>tamen</strong></span> <span class='ocrx_word' id='word_1_293' title='bbox 1132 3487 1388 3551; x_wconf 86' lang='lat' dir='ltr'><strong>Domino,</strong></span> <span class='ocrx_word' id='word_1_294' title='bbox 1423 3488 1474 3541; x_wconf 88' lang='lat' dir='ltr'><strong>in</strong></span> <span class='ocrx_word' id='word_1_295' title='bbox 1502 3488 1647 3541; x_wconf 89' lang='lat' dir='ltr'><strong>omni</strong></span> <span class='ocrx_word' id='word_1_296' title='bbox 1687 3486 1945 3558; x_wconf 83' lang='lat' dir='ltr'><strong>depreca-</strong></span> 
     </span>
    </p>
   </div>
   <div class='ocr_carea' id='block_1_37' title="bbox 361 3577 1946 3651">
    <p class='ocr_par' dir='ltr' id='par_1_37' title="bbox 361 3577 1946 3651">
     <span class='ocr_line' id='line_1_37' title="bbox 361 3577 1946 3651; baseline 0.001 -19"><span class='ocrx_word' id='word_1_297' title='bbox 361 3581 503 3634; x_wconf 83' lang='lat' dir='ltr'><strong>tione</strong></span> <span class='ocrx_word' id='word_1_298' title='bbox 527 3592 622 3633; x_wconf 80' lang='lat' dir='ltr'><strong>stta</strong></span> <span class='ocrx_word' id='word_1_299' title='bbox 643 3620 659 3646; x_wconf 91' lang='lat'><strong>,</strong></span> <span class='ocrx_word' id='word_1_300' title='bbox 693 3594 796 3632; x_wconf 90' lang='lat' dir='ltr'><strong>non</strong></span> <span class='ocrx_word' id='word_1_301' title='bbox 842 3579 999 3633; x_wconf 76' lang='lat' dir='ltr'><strong>liabet</strong></span> <span class='ocrx_word' id='word_1_302' title='bbox 1036 3577 1242 3631; x_wconf 84' lang='lat' dir='ltr'><strong>firmam</strong></span> <span class='ocrx_word' id='word_1_303' title='bbox 1281 3578 1661 3632; x_wconf 82' lang='lat' dir='ltr'><strong>conscientiam</strong></span> <span class='ocrx_word' id='word_1_304' title='bbox 1690 3577 1756 3633; x_wconf 89' lang='lat' dir='ltr'><strong>de</strong></span> <span class='ocrx_word' id='word_1_305' title='bbox 1784 3594 1946 3651; x_wconf 82' lang='lat' dir='ltr'><strong>opere</strong></span> 
     </span>
    </p>
   </div>
   <div class='ocr_carea' id='block_1_38' title="bbox 360 3666 1945 3738">
    <p class='ocr_par' dir='ltr' id='par_1_38' title="bbox 360 3666 1945 3738">
     <span class='ocr_line' id='line_1_38' title="bbox 360 3666 1945 3738; baseline 0.001 -16"><span class='ocrx_word' id='word_1_306' title='bbox 360 3674 555 3735; x_wconf 65' lang='lat' dir='ltr'><strong>tamne,</strong></span> <span class='ocrx_word' id='word_1_307' title='bbox 582 3669 676 3724; x_wconf 82' lang='lat' dir='ltr'><strong>sed</strong></span> <span class='ocrx_word' id='word_1_308' title='bbox 704 3668 774 3724; x_wconf 87' lang='lat' dir='ltr'><strong>de</strong></span> <span class='ocrx_word' id='word_1_309' title='bbox 798 3669 1103 3738; x_wconf 70' lang='lat' dir='ltr'><strong>pncterito;</strong></span> <span class='ocrx_word' id='word_1_310' title='bbox 1136 3683 1200 3723; x_wconf 78' lang='lat' dir='ltr'><strong>ex</strong></span> <span class='ocrx_word' id='word_1_311' title='bbox 1224 3683 1290 3723; x_wconf 89' lang='lat' dir='ltr'><strong>eo</strong></span> <span class='ocrx_word' id='word_1_312' title='bbox 1313 3667 1456 3738; x_wconf 86' lang='lat' dir='ltr'><strong>quod</strong></span> <span class='ocrx_word' id='word_1_313' title='bbox 1484 3666 1628 3738; x_wconf 78' lang='lat' dir='ltr'><strong>fecit,</strong></span> <span class='ocrx_word' id='word_1_314' title='bbox 1653 3685 1757 3723; x_wconf 85' lang='lat' dir='ltr'><strong>non</strong></span> <span class='ocrx_word' id='word_1_315' title='bbox 1789 3684 1852 3723; x_wconf 79' lang='lat' dir='ltr'><strong>ex</strong></span> <span class='ocrx_word' id='word_1_316' title='bbox 1880 3685 1945 3724; x_wconf 89' lang='lat' dir='ltr'><strong>eo</strong></span> 
     </span>
    </p>
   </div>
   <div class='ocr_carea' id='block_1_39' title="bbox 357 3757 1942 3830">
    <p class='ocr_par' dir='ltr' id='par_1_39' title="bbox 357 3757 1942 3830">
     <span class='ocr_line' id='line_1_39' title="bbox 357 3757 1942 3830; baseline -0.001 -16"><span class='ocrx_word' id='word_1_317' title='bbox 357 3760 499 3830; x_wconf 82' lang='lat' dir='ltr'><strong>quod</strong></span> <span class='ocrx_word' id='word_1_318' title='bbox 525 3758 758 3815; x_wconf 79' lang='lat' dir='ltr'><strong>facturus</strong></span> <span class='ocrx_word' id='word_1_319' title='bbox 772 3768 874 3814; x_wconf 85' lang='lat' dir='ltr'><strong>est.</strong></span> <span class='ocrx_word' id='word_1_320' title='bbox 897 3759 1012 3813; x_wconf 81' lang='lat' dir='ltr'><strong>Jam</strong></span> <span class='ocrx_word' id='word_1_321' title='bbox 1034 3773 1162 3829; x_wconf 78' lang='lat' dir='ltr'><strong>ergo</strong></span> <span class='ocrx_word' id='word_1_322' title='bbox 1187 3760 1230 3813; x_wconf 88' lang='lat' dir='ltr'><strong>si</strong></span> <span class='ocrx_word' id='word_1_323' title='bbox 1255 3757 1357 3812; x_wconf 86' lang='lat' dir='ltr'><strong>hoc</strong></span> <span class='ocrx_word' id='word_1_324' title='bbox 1380 3772 1566 3813; x_wconf 87' lang='lat' dir='ltr'><strong>verum</strong></span> <span class='ocrx_word' id='word_1_325' title='bbox 1588 3773 1710 3814; x_wconf 82' lang='lat' dir='ltr'><strong>esse</strong></span> <span class='ocrx_word' id='word_1_326' title='bbox 1737 3774 1942 3815; x_wconf 89' lang='lat' dir='ltr'><strong>mecum</strong></span> 
     </span>
    </p>
   </div>
   <div class='ocr_carea' id='block_1_40' title="bbox 355 3848 1940 3917">
    <p class='ocr_par' dir='ltr' id='par_1_40' title="bbox 355 3848 1940 3917">
     <span class='ocr_line' id='line_1_40' title="bbox 355 3848 1940 3917; baseline 0.001 -14"><span class='ocrx_word' id='word_1_327' title='bbox 355 3851 581 3914; x_wconf 81' lang='lat' dir='ltr'><strong>videtis,</strong></span> <span class='ocrx_word' id='word_1_328' title='bbox 609 3850 865 3906; x_wconf 75' lang='lat' dir='ltr'><strong>attendite</strong></span> <span class='ocrx_word' id='word_1_329' title='bbox 906 3850 959 3904; x_wconf 91' lang='lat' dir='ltr'><strong>in</strong></span> <span class='ocrx_word' id='word_1_330' title='bbox 988 3849 1219 3904; x_wconf 78' lang='lat' dir='ltr'><strong>lanificio</strong></span> <span class='ocrx_word' id='word_1_331' title='bbox 1265 3849 1371 3903; x_wconf 89' lang='lat' dir='ltr'><strong>duo</strong></span> <span class='ocrx_word' id='word_1_332' title='bbox 1412 3848 1763 3903; x_wconf 87' lang='lat' dir='ltr'><strong>instrumenta</strong></span> <span class='ocrx_word' id='word_1_333' title='bbox 1811 3850 1940 3917; x_wconf 88' lang='lat' dir='ltr'><strong>ista,</strong></span> 
     </span>
    </p>
   </div>
   <div class='ocr_carea' id='block_1_41' title="bbox 356 3938 1944 4010">
    <p class='ocr_par' dir='ltr' id='par_1_41' title="bbox 356 3938 1944 4010">
     <span class='ocr_line' id='line_1_41' title="bbox 356 3938 1944 4010; baseline 0.004 -21"><span class='ocrx_word' id='word_1_334' title='bbox 356 3940 532 3996; x_wconf 70' lang='lat' dir='ltr'><strong>colum</strong></span> <span class='ocrx_word' id='word_1_335' title='bbox 572 3949 627 3995; x_wconf 88' lang='lat' dir='ltr'><strong>et</strong></span> <span class='ocrx_word' id='word_1_336' title='bbox 670 3940 863 3994; x_wconf 63' lang='lat' dir='ltr'><strong>fissum.</strong></span> <span class='ocrx_word' id='word_1_337' title='bbox 911 3938 966 3994; x_wconf 90' lang='lat' dir='ltr'><strong>In</strong></span> <span class='ocrx_word' id='word_1_338' title='bbox 991 3940 1112 3994; x_wconf 85' lang='lat' dir='ltr'><strong>culo</strong></span> <span class='ocrx_word' id='word_1_339' title='bbox 1140 3939 1257 3993; x_wconf 85' lang='lat' dir='ltr'><strong>lana</strong></span> <span class='ocrx_word' id='word_1_340' title='bbox 1289 3938 1523 3993; x_wconf 87' lang='lat' dir='ltr'><strong>involuta</strong></span> <span class='ocrx_word' id='word_1_341' title='bbox 1551 3947 1663 4006; x_wconf 89' lang='lat' dir='ltr'><strong>est,</strong></span> <span class='ocrx_word' id='word_1_342' title='bbox 1692 3955 1811 4010; x_wconf 68' lang='lat' dir='ltr'><strong>quae</strong></span> <span class='ocrx_word' id='word_1_343' title='bbox 1855 3938 1944 3997; x_wconf 87' lang='lat' dir='ltr'><strong>illo</strong></span> 
     </span>
    </p>
   </div>
   <div class='ocr_carea' id='block_1_42' title="bbox 355 4030 1942 4099">
    <p class='ocr_par' dir='ltr' id='par_1_42' title="bbox 355 4030 1942 4099">
     <span class='ocr_line' id='line_1_42' title="bbox 355 4030 1942 4099; baseline 0.003 -14"><span class='ocrx_word' id='word_1_344' title='bbox 355 4055 362 4071; x_wconf 79' lang='grc' dir='ltr'><strong>ι</strong></span> <span class='ocrx_word' id='word_1_345' title='bbox 392 4031 592 4086; x_wconf 80' lang='lat' dir='ltr'><strong>uccuda</strong></span> <span class='ocrx_word' id='word_1_346' title='bbox 618 4041 673 4086; x_wconf 84' lang='lat' dir='ltr'><strong>et</strong></span> <span class='ocrx_word' id='word_1_347' title='bbox 699 4031 869 4087; x_wconf 75' lang='lat' dir='ltr'><strong>nenda</strong></span> <span class='ocrx_word' id='word_1_348' title='bbox 902 4040 1136 4086; x_wconf 84' lang='lat' dir='ltr'><strong>transeat</strong></span> <span class='ocrx_word' id='word_1_349' title='bbox 1156 4032 1210 4085; x_wconf 91' lang='lat' dir='ltr'><strong>in</strong></span> <span class='ocrx_word' id='word_1_350' title='bbox 1236 4030 1430 4085; x_wconf 88' lang='lat' dir='ltr'><strong>fusum.</strong></span> <span class='ocrx_word' id='word_1_351' title='bbox 1461 4031 1613 4099; x_wconf 85' lang='lat' dir='ltr'><strong>Quod</strong></span> <span class='ocrx_word' id='word_1_352' title='bbox 1642 4033 1695 4086; x_wconf 90' lang='lat' dir='ltr'><strong>in</strong></span> <span class='ocrx_word' id='word_1_353' title='bbox 1721 4033 1839 4088; x_wconf 92' lang='lat' dir='ltr'><strong>colo</strong></span> <span class='ocrx_word' id='word_1_354' title='bbox 1860 4042 1942 4089; x_wconf 78' lang='lat' dir='ltr'><strong>est</strong></span> 
     </span>
    </p>
   </div>
   <div class='ocr_carea' id='block_1_43' title="bbox 356 4122 1938 4197">
    <p class='ocr_par' dir='ltr' id='par_1_43' title="bbox 356 4122 1938 4197">
     <span class='ocr_line' id='line_1_43' title="bbox 356 4122 1938 4197; baseline 0.002 -21"><span class='ocrx_word' id='word_1_355' title='bbox 356 4123 672 4189; x_wconf 85' lang='lat' dir='ltr'><strong>involutum,</strong></span> <span class='ocrx_word' id='word_1_356' title='bbox 700 4132 784 4178; x_wconf 82' lang='lat' dir='ltr'><strong>est</strong></span> <span class='ocrx_word' id='word_1_357' title='bbox 813 4122 1044 4177; x_wconf 84' lang='lat' dir='ltr'><strong>futurum</strong></span> <span class='ocrx_word' id='word_1_358' title='bbox 1073 4139 1087 4176; x_wconf 92' lang='lat'><strong>:</strong></span> <span class='ocrx_word' id='word_1_359' title='bbox 1116 4122 1256 4192; x_wconf 86' lang='lat' dir='ltr'><strong>quod</strong></span> <span class='ocrx_word' id='word_1_360' title='bbox 1288 4124 1339 4176; x_wconf 91' lang='lat' dir='ltr'><strong>in</strong></span> <span class='ocrx_word' id='word_1_361' title='bbox 1372 4122 1489 4178; x_wconf 88' lang='lat' dir='ltr'><strong>fuso</strong></span> <span class='ocrx_word' id='word_1_362' title='bbox 1516 4123 1796 4178; x_wconf 81' lang='lat' dir='ltr'><strong>collectum</strong></span> <span class='ocrx_word' id='word_1_363' title='bbox 1827 4133 1938 4197; x_wconf 78' lang='lat' dir='ltr'><strong>est,</strong></span> 
     </span>
    </p>
   </div>
   <div class='ocr_carea' id='block_1_44' title="bbox 351 4213 1939 4285">
    <p class='ocr_par' dir='ltr' id='par_1_44' title="bbox 351 4213 1939 4285">
     <span class='ocr_line' id='line_1_44' title="bbox 351 4213 1939 4285; baseline 0.004 -20"><span class='ocrx_word' id='word_1_364' title='bbox 351 4216 461 4284; x_wconf 76' lang='lat' dir='ltr'><strong>jam</strong></span> <span class='ocrx_word' id='word_1_365' title='bbox 490 4216 816 4285; x_wconf 66' lang='lat' dir='ltr'><strong>prmeritqu</strong></span> <span class='ocrx_word' id='word_1_366' title='bbox 839 4223 941 4269; x_wconf 84' lang='lat' dir='ltr'><strong>est.</strong></span> <span class='ocrx_word' id='word_1_367' title='bbox 968 4213 1118 4283; x_wconf 83' lang='lat' dir='ltr'><strong>Opus</strong></span> <span class='ocrx_word' id='word_1_368' title='bbox 1143 4229 1271 4284; x_wconf 78' lang='lat' dir='ltr'><strong>ergo</strong></span> <span class='ocrx_word' id='word_1_369' title='bbox 1300 4224 1446 4269; x_wconf 88' lang='lat' dir='ltr'><strong>tuum</strong></span> <span class='ocrx_word' id='word_1_370' title='bbox 1478 4215 1533 4270; x_wconf 89' lang='lat' dir='ltr'><strong>in</strong></span> <span class='ocrx_word' id='word_1_371' title='bbox 1561 4216 1680 4271; x_wconf 89' lang='lat' dir='ltr'><strong>fuso</strong></span> <span class='ocrx_word' id='word_1_372' title='bbox 1703 4224 1806 4281; x_wconf 88' lang='lat' dir='ltr'><strong>cst,</strong></span> <span class='ocrx_word' id='word_1_373' title='bbox 1835 4233 1939 4272; x_wconf 89' lang='lat' dir='ltr'><strong>non</strong></span> 
     </span>
    </p>
   </div>
   <div class='ocr_carea' id='block_1_45' title="bbox 355 4305 1938 4376">
    <p class='ocr_par' dir='ltr' id='par_1_45' title="bbox 355 4305 1938 4376">
     <span class='ocr_line' id='line_1_45' title="bbox 355 4305 1938 4376; baseline 0.001 -14"><span class='ocrx_word' id='word_1_374' title='bbox 355 4310 411 4362; x_wconf 91' lang='lat' dir='ltr'><strong>in</strong></span> <span class='ocrx_word' id='word_1_375' title='bbox 445 4309 584 4364; x_wconf 85' lang='lat' dir='ltr'><strong>colo.</strong></span> <span class='ocrx_word' id='word_1_376' title='bbox 616 4306 671 4362; x_wconf 84' lang='lat' dir='ltr'><strong>lu</strong></span> <span class='ocrx_word' id='word_1_377' title='bbox 697 4308 816 4363; x_wconf 86' lang='lat' dir='ltr'><strong>culo</strong></span> <span class='ocrx_word' id='word_1_378' title='bbox 836 4306 978 4362; x_wconf 89' lang='lat' dir='ltr'><strong>enim</strong></span> <span class='ocrx_word' id='word_1_379' title='bbox 1004 4316 1104 4372; x_wconf 89' lang='lat' dir='ltr'><strong>est,</strong></span> <span class='ocrx_word' id='word_1_380' title='bbox 1137 4305 1280 4376; x_wconf 83' lang='lat' dir='ltr'><strong>quod</strong></span> <span class='ocrx_word' id='word_1_381' title='bbox 1308 4306 1540 4362; x_wconf 85' lang='lat' dir='ltr'><strong>tacturus</strong></span> <span class='ocrx_word' id='word_1_382' title='bbox 1568 4322 1657 4372; x_wconf 86' lang='lat' dir='ltr'><strong>es;</strong></span> <span class='ocrx_word' id='word_1_383' title='bbox 1692 4309 1744 4363; x_wconf 89' lang='lat' dir='ltr'><strong>in</strong></span> <span class='ocrx_word' id='word_1_384' title='bbox 1782 4308 1899 4364; x_wconf 88' lang='lat' dir='ltr'><strong>fuso</strong></span> <span class='ocrx_word' id='word_1_385' title='bbox 1922 4351 1938 4375; x_wconf 87' lang='lat'><strong>,</strong></span> 
     </span>
    </p>
   </div>
   <div class='ocr_carea' id='block_1_46' title="bbox 354 4397 1940 4474">
    <p class='ocr_par' dir='ltr' id='par_1_46' title="bbox 354 4397 1940 4474">
     <span class='ocr_line' id='line_1_46' title="bbox 354 4397 1940 4474; baseline -0.002 -16"><span class='ocrx_word' id='word_1_386' title='bbox 354 4402 495 4474; x_wconf 83' lang='lat' dir='ltr'><strong>quod</strong></span> <span class='ocrx_word' id='word_1_387' title='bbox 526 4400 715 4455; x_wconf 85' lang='lat' dir='ltr'><strong>fecisti.</strong></span> <span class='ocrx_word' id='word_1_388' title='bbox 757 4397 888 4454; x_wconf 72' lang='lat' dir='ltr'><strong>Vide</strong></span> <span class='ocrx_word' id='word_1_389' title='bbox 914 4412 1042 4468; x_wconf 77' lang='lat' dir='ltr'><strong>ergo</strong></span> <span class='ocrx_word' id='word_1_390' title='bbox 1079 4398 1123 4451; x_wconf 88' lang='lat' dir='ltr'><strong>si</strong></span> <span class='ocrx_word' id='word_1_391' title='bbox 1149 4397 1345 4467; x_wconf 85' lang='lat' dir='ltr'><strong>aliquid</strong></span> <span class='ocrx_word' id='word_1_392' title='bbox 1377 4398 1538 4455; x_wconf 82' lang='lat' dir='ltr'><strong>habes</strong></span> <span class='ocrx_word' id='word_1_393' title='bbox 1566 4399 1619 4453; x_wconf 88' lang='lat' dir='ltr'><strong>in</strong></span> <span class='ocrx_word' id='word_1_394' title='bbox 1651 4400 1768 4454; x_wconf 91' lang='lat' dir='ltr'><strong>fuso</strong></span> <span class='ocrx_word' id='word_1_395' title='bbox 1788 4444 1802 4466; x_wconf 89' lang='lat'><strong>,</strong></span> <span class='ocrx_word' id='word_1_396' title='bbox 1851 4400 1940 4456; x_wconf 91' lang='lat' dir='ltr'><strong>ubi</strong></span> 
     </span>
    </p>
   </div>
   <div class='ocr_carea' id='block_1_47' title="bbox 359 4487 1936 4561">
    <p class='ocr_par' dir='ltr' id='par_1_47' title="bbox 359 4487 1936 4561">
     <span class='ocr_line' id='line_1_47' title="bbox 359 4487 1936 4561; baseline 0.001 -16"><span class='ocrx_word' id='word_1_397' title='bbox 359 4488 636 4546; x_wconf 70' lang='lat' dir='ltr'><strong>ﬁrmentur</strong></span> <span class='ocrx_word' id='word_1_398' title='bbox 661 4489 874 4545; x_wconf 87' lang='lat' dir='ltr'><strong>braclua</strong></span> <span class='ocrx_word' id='word_1_399' title='bbox 903 4499 1011 4544; x_wconf 84' lang='lat' dir='ltr'><strong>tua.</strong></span> <span class='ocrx_word' id='word_1_400' title='bbox 1053 4487 1128 4543; x_wconf 91' lang='lat' dir='ltr'><strong>lbi</strong></span> <span class='ocrx_word' id='word_1_401' title='bbox 1154 4489 1256 4544; x_wconf 86' lang='lat' dir='ltr'><strong>erit</strong></span> <span class='ocrx_word' id='word_1_402' title='bbox 1283 4488 1313 4543; x_wconf 73' lang='grc' dir='ltr'><strong>1ο</strong></span> <span class='ocrx_word' id='word_1_403' title='bbox 1324 4491 1433 4544; x_wconf 66' lang='grc' dir='ltr'><strong>ινιὶε</strong></span> <span class='ocrx_word' id='word_1_404' title='bbox 1460 4493 1781 4546; x_wconf 86' lang='lat' dir='ltr'><strong>conscientia</strong></span> <span class='ocrx_word' id='word_1_405' title='bbox 1811 4502 1896 4547; x_wconf 90' lang='lat' dir='ltr'><strong>tua</strong></span> <span class='ocrx_word' id='word_1_406' title='bbox 1921 4535 1936 4561; x_wconf 80' lang='lat'><strong>,</strong></span> 
     </span>
    </p>
   </div>
   <div class='ocr_carea' id='block_1_48' title="bbox 356 4581 1938 4657">
    <p class='ocr_par' dir='ltr' id='par_1_48' title="bbox 356 4581 1938 4657">
     <span class='ocr_line' id='line_1_48' title="bbox 356 4581 1938 4657; baseline 0.001 -18"><span class='ocrx_word' id='word_1_407' title='bbox 356 4583 427 4640; x_wconf 80' lang='lat' dir='ltr'><strong>ibi</strong></span> <span class='ocrx_word' id='word_1_408' title='bbox 451 4596 671 4639; x_wconf 73' lang='lat' dir='ltr'><strong>secum</strong></span> <span class='ocrx_word' id='word_1_409' title='bbox 699 4583 808 4637; x_wconf 88' lang='lat' dir='ltr'><strong>Deo</strong></span> <span class='ocrx_word' id='word_1_410' title='bbox 834 4581 982 4637; x_wconf 74' lang='lat' dir='ltr'><strong>dices</strong></span> <span class='ocrx_word' id='word_1_411' title='bbox 1006 4599 1019 4636; x_wconf 90' lang='lat'><strong>:</strong></span> <span class='ocrx_word' id='word_1_412' title='bbox 1053 4581 1124 4635; x_wconf 88' lang='lat' dir='ltr'><strong>Da</strong></span> <span class='ocrx_word' id='word_1_413' title='bbox 1144 4624 1159 4648; x_wconf 90' lang='lat'><strong>,</strong></span> <span class='ocrx_word' id='word_1_414' title='bbox 1188 4582 1309 4652; x_wconf 82' lang='lat' dir='ltr'><strong>quia</strong></span> <span class='ocrx_word' id='word_1_415' title='bbox 1338 4581 1459 4637; x_wconf 84' lang='lat' dir='ltr'><strong>dedi</strong></span> <span class='ocrx_word' id='word_1_416' title='bbox 1484 4600 1499 4649; x_wconf 90' lang='lat'><strong>;</strong></span> <span class='ocrx_word' id='word_1_417' title='bbox 1528 4583 1735 4639; x_wconf 84' lang='lat' dir='ltr'><strong>dimitte</strong></span> <span class='ocrx_word' id='word_1_418' title='bbox 1758 4627 1772 4648; x_wconf 89' lang='lat'><strong>,</strong></span> <span class='ocrx_word' id='word_1_419' title='bbox 1816 4586 1938 4657; x_wconf 84' lang='lat' dir='ltr'><strong>quia</strong></span> 
     </span>
    </p>
   </div>
   <div class='ocr_carea' id='block_1_49' title="bbox 355 4670 1938 4744">
    <p class='ocr_par' dir='ltr' id='par_1_49' title="bbox 355 4670 1938 4744">
     <span class='ocr_line' id='line_1_49' title="bbox 355 4670 1938 4744; baseline 0.002 -16"><span class='ocrx_word' id='word_1_420' title='bbox 355 4672 530 4728; x_wconf 71' lang='lat' dir='ltr'><strong>dimisi</strong></span> <span class='ocrx_word' id='word_1_421' title='bbox 555 4688 570 4737; x_wconf 88' lang='lat'><strong>;</strong></span> <span class='ocrx_word' id='word_1_422' title='bbox 600 4672 701 4738; x_wconf 86' lang='lat' dir='ltr'><strong>fac,</strong></span> <span class='ocrx_word' id='word_1_423' title='bbox 726 4672 849 4742; x_wconf 86' lang='lat' dir='ltr'><strong>quia</strong></span> <span class='ocrx_word' id='word_1_424' title='bbox 880 4670 999 4727; x_wconf 86' lang='lat' dir='ltr'><strong>feci.</strong></span> <span class='ocrx_word' id='word_1_425' title='bbox 1032 4670 1145 4727; x_wconf 84' lang='lat' dir='ltr'><strong>Non</strong></span> <span class='ocrx_word' id='word_1_426' title='bbox 1176 4671 1320 4727; x_wconf 84' lang='lat' dir='ltr'><strong>enim</strong></span> <span class='ocrx_word' id='word_1_427' title='bbox 1351 4673 1486 4743; x_wconf 84' lang='lat' dir='ltr'><strong>petis</strong></span> <span class='ocrx_word' id='word_1_428' title='bbox 1512 4675 1810 4744; x_wconf 68' lang='lat' dir='ltr'><strong>prurmium,</strong></span> <span class='ocrx_word' id='word_1_429' title='bbox 1837 4677 1938 4731; x_wconf 82' lang='lat' dir='ltr'><strong>nisi</strong></span> 
     </span>
    </p>
   </div>
   <div class='ocr_carea' id='block_1_50' title="bbox 355 4763 1941 4839">
    <p class='ocr_par' dir='ltr' id='par_1_50' title="bbox 355 4763 1941 4839">
     <span class='ocr_line' id='line_1_50' title="bbox 355 4763 1941 4839; baseline 0.003 -22"><span class='ocrx_word' id='word_1_430' title='bbox 355 4779 520 4835; x_wconf 80' lang='lat' dir='ltr'><strong>opere</strong></span> <span class='ocrx_word' id='word_1_431' title='bbox 560 4772 711 4835; x_wconf 81' lang='lat' dir='ltr'><strong>gesto</strong></span> <span class='ocrx_word' id='word_1_432' title='bbox 733 4806 746 4830; x_wconf 93' lang='lat'><strong>,</strong></span> <span class='ocrx_word' id='word_1_433' title='bbox 780 4780 886 4818; x_wconf 85' lang='lat' dir='ltr'><strong>nun</strong></span> <span class='ocrx_word' id='word_1_434' title='bbox 913 4778 1074 4834; x_wconf 87' lang='lat' dir='ltr'><strong>opere</strong></span> <span class='ocrx_word' id='word_1_435' title='bbox 1097 4763 1347 4834; x_wconf 79' lang='lat' dir='ltr'><strong>gerendo.</strong></span> <span class='ocrx_word' id='word_1_436' title='bbox 1375 4764 1635 4835; x_wconf 83' lang='lat' dir='ltr'><strong>Quidquid</strong></span> <span class='ocrx_word' id='word_1_437' title='bbox 1663 4780 1789 4836; x_wconf 85' lang='lat' dir='ltr'><strong>ergo</strong></span> <span class='ocrx_word' id='word_1_438' title='bbox 1813 4780 1941 4839; x_wconf 88' lang='lat' dir='ltr'><strong>ope-</strong></span> 
     </span>
    </p>
   </div>
   <div class='ocr_carea' id='block_1_51' title="bbox 353 4854 1941 4929">
    <p class='ocr_par' dir='ltr' id='par_1_51' title="bbox 353 4854 1941 4929">
     <span class='ocr_line' id='line_1_51' title="bbox 353 4854 1941 4929; baseline 0.002 -18"><span class='ocrx_word' id='word_1_439' title='bbox 353 4856 489 4911; x_wconf 72' lang='lat' dir='ltr'><strong>raria</strong></span> <span class='ocrx_word' id='word_1_440' title='bbox 506 4899 520 4922; x_wconf 86' lang='lat'><strong>,</strong></span> <span class='ocrx_word' id='word_1_441' title='bbox 544 4864 684 4909; x_wconf 85' lang='lat' dir='ltr'><strong>totus</strong></span> <span class='ocrx_word' id='word_1_442' title='bbox 710 4854 918 4910; x_wconf 86' lang='lat' dir='ltr'><strong>animus</strong></span> <span class='ocrx_word' id='word_1_443' title='bbox 937 4855 1002 4910; x_wconf 90' lang='lat' dir='ltr'><strong>ad</strong></span> <span class='ocrx_word' id='word_1_444' title='bbox 1030 4854 1205 4911; x_wconf 86' lang='lat' dir='ltr'><strong>fusum</strong></span> <span class='ocrx_word' id='word_1_445' title='bbox 1233 4855 1321 4910; x_wconf 88' lang='lat' dir='ltr'><strong>sit.</strong></span> <span class='ocrx_word' id='word_1_446' title='bbox 1344 4854 1477 4923; x_wconf 85' lang='lat' dir='ltr'><strong>Quia</strong></span> <span class='ocrx_word' id='word_1_447' title='bbox 1498 4866 1552 4912; x_wconf 93' lang='lat' dir='ltr'><strong>et</strong></span> <span class='ocrx_word' id='word_1_448' title='bbox 1574 4856 1714 4927; x_wconf 89' lang='lat' dir='ltr'><strong>quod</strong></span> <span class='ocrx_word' id='word_1_449' title='bbox 1742 4858 1941 4929; x_wconf 83' lang='lat' dir='ltr'><strong>pendet</strong></span> 
     </span>
    </p>
   </div>
   <div class='ocr_carea' id='block_1_52' title="bbox 355 4946 1938 5017">
    <p class='ocr_par' dir='ltr' id='par_1_52' title="bbox 355 4946 1938 5017">
     <span class='ocr_line' id='line_1_52' title="bbox 355 4946 1938 5017; baseline 0.002 -14"><span class='ocrx_word' id='word_1_450' title='bbox 355 4948 407 5003; x_wconf 68' lang='lat' dir='ltr'><strong>in</strong></span> <span class='ocrx_word' id='word_1_451' title='bbox 428 4946 553 5007; x_wconf 80' lang='lat' dir='ltr'><strong>ccio</strong></span> <span class='ocrx_word' id='word_1_452' title='bbox 570 4987 592 5015; x_wconf 92' lang='lat'><strong>,</strong></span> <span class='ocrx_word' id='word_1_453' title='bbox 618 4947 687 5011; x_wconf 71' lang='lat' dir='ltr'><strong>sd</strong></span> <span class='ocrx_word' id='word_1_454' title='bbox 712 4946 889 5002; x_wconf 71' lang='lat' dir='ltr'><strong>insutu</strong></span> <span class='ocrx_word' id='word_1_455' title='bbox 918 4946 1287 5017; x_wconf 67' lang='lat' dir='ltr'><strong>injiciendum</strong></span> <span class='ocrx_word' id='word_1_456' title='bbox 1317 4956 1436 5009; x_wconf 84' lang='lat' dir='ltr'><strong>est:</strong></span> <span class='ocrx_word' id='word_1_457' title='bbox 1464 4962 1569 5004; x_wconf 85' lang='lat' dir='ltr'><strong>non</strong></span> <span class='ocrx_word' id='word_1_458' title='bbox 1600 4958 1777 5007; x_wconf 81' lang='lat' dir='ltr'><strong>autem</strong></span> <span class='ocrx_word' id='word_1_459' title='bbox 1809 4951 1938 5006; x_wconf 88' lang='lat' dir='ltr'><strong>illud</strong></span> 
     </span>
    </p>
   </div>
   <div class='ocr_carea' id='block_1_53' title="bbox 352 5038 1935 5120">
    <p class='ocr_par' dir='ltr' id='par_1_53' title="bbox 352 5038 1935 5120">
     <span class='ocr_line' id='line_1_53' title="bbox 352 5038 1935 5120; baseline 0.001 -24"><span class='ocrx_word' id='word_1_460' title='bbox 352 5039 492 5111; x_wconf 85' lang='lat' dir='ltr'><strong>quod</strong></span> <span class='ocrx_word' id='word_1_461' title='bbox 515 5040 794 5113; x_wconf 80' lang='lat' dir='ltr'><strong>collectum</strong></span> <span class='ocrx_word' id='word_1_462' title='bbox 821 5047 901 5120; x_wconf 82' lang='lat' dir='ltr'><strong>est</strong></span> <span class='ocrx_word' id='word_1_463' title='bbox 922 5039 975 5094; x_wconf 92' lang='lat' dir='ltr'><strong>iu</strong></span> <span class='ocrx_word' id='word_1_464' title='bbox 999 5038 1136 5111; x_wconf 80' lang='lat' dir='ltr'><strong>fuso,</strong></span> <span class='ocrx_word' id='word_1_465' title='bbox 1166 5038 1232 5097; x_wconf 88' lang='lat' dir='ltr'><strong>ad</strong></span> <span class='ocrx_word' id='word_1_466' title='bbox 1258 5041 1434 5109; x_wconf 75' lang='lat' dir='ltr'><strong>colunt</strong></span> <span class='ocrx_word' id='word_1_467' title='bbox 1458 5040 1814 5103; x_wconf 84' lang='lat' dir='ltr'><strong>revocandum</strong></span> <span class='ocrx_word' id='word_1_468' title='bbox 1834 5052 1935 5098; x_wconf 85' lang='lat' dir='ltr'><strong>est.</strong></span> 
     </span>
    </p>
   </div>
   <div class='ocr_carea' id='block_1_54' title="bbox 356 5128 1936 5204">
    <p class='ocr_par' dir='ltr' id='par_1_54' title="bbox 356 5128 1936 5204">
     <span class='ocr_line' id='line_1_54' title="bbox 356 5128 1936 5204; baseline 0.002 -19"><span class='ocrx_word' id='word_1_469' title='bbox 356 5134 495 5202; x_wconf 67' lang='lat' dir='ltr'><strong>Ergo</strong></span> <span class='ocrx_word' id='word_1_470' title='bbox 521 5132 639 5188; x_wconf 86' lang='lat' dir='ltr'><strong>vide</strong></span> <span class='ocrx_word' id='word_1_471' title='bbox 666 5128 792 5202; x_wconf 89' lang='lat' dir='ltr'><strong>quid</strong></span> <span class='ocrx_word' id='word_1_472' title='bbox 813 5147 956 5204; x_wconf 84' lang='lat' dir='ltr'><strong>agas,</strong></span> <span class='ocrx_word' id='word_1_473' title='bbox 992 5142 1051 5186; x_wconf 89' lang='lat' dir='ltr'><strong>ut</strong></span> <span class='ocrx_word' id='word_1_474' title='bbox 1073 5130 1272 5197; x_wconf 78' lang='lat' dir='ltr'><strong>habeas</strong></span> <span class='ocrx_word' id='word_1_475' title='bbox 1293 5132 1347 5185; x_wconf 81' lang='lat' dir='ltr'><strong>in</strong></span> <span class='ocrx_word' id='word_1_476' title='bbox 1368 5132 1505 5197; x_wconf 66' lang='lat' dir='ltr'><strong>fuso,</strong></span> <span class='ocrx_word' id='word_1_477' title='bbox 1529 5141 1588 5187; x_wconf 86' lang='lat' dir='ltr'><strong>ut</strong></span> <span class='ocrx_word' id='word_1_478' title='bbox 1612 5133 1826 5188; x_wconf 83' lang='lat' dir='ltr'><strong>brachia</strong></span> <span class='ocrx_word' id='word_1_479' title='bbox 1849 5142 1936 5188; x_wconf 90' lang='lat' dir='ltr'><strong>tua</strong></span> 
     </span>
    </p>
   </div>
   <div class='ocr_carea' id='block_1_55' title="bbox 352 5220 1941 5293">
    <p class='ocr_par' dir='ltr' id='par_1_55' title="bbox 352 5220 1941 5293">
     <span class='ocr_line' id='line_1_55' title="bbox 352 5220 1941 5293; baseline 0 -13"><span class='ocrx_word' id='word_1_480' title='bbox 352 5221 534 5283; x_wconf 82' lang='lat' dir='ltr'><strong>firmes</strong></span> <span class='ocrx_word' id='word_1_481' title='bbox 556 5222 608 5277; x_wconf 88' lang='lat' dir='ltr'><strong>in</strong></span> <span class='ocrx_word' id='word_1_482' title='bbox 631 5220 826 5293; x_wconf 85' lang='lat' dir='ltr'><strong>fusum,</strong></span> <span class='ocrx_word' id='word_1_483' title='bbox 850 5230 906 5285; x_wconf 85' lang='lat' dir='ltr'><strong>ut</strong></span> <span class='ocrx_word' id='word_1_484' title='bbox 927 5230 1094 5281; x_wconf 87' lang='lat' dir='ltr'><strong>totum</strong></span> <span class='ocrx_word' id='word_1_485' title='bbox 1116 5221 1323 5279; x_wconf 77' lang='lat' dir='ltr'><strong>coletur.</strong></span> <span class='ocrx_word' id='word_1_486' title='bbox 1340 5221 1407 5277; x_wconf 87' lang='lat' dir='ltr'><strong>ad</strong></span> <span class='ocrx_word' id='word_1_487' title='bbox 1432 5221 1605 5281; x_wconf 83' lang='lat' dir='ltr'><strong>fusum</strong></span> <span class='ocrx_word' id='word_1_488' title='bbox 1623 5265 1639 5291; x_wconf 90' lang='lat'><strong>,</strong></span> <span class='ocrx_word' id='word_1_489' title='bbox 1665 5234 1721 5281; x_wconf 82' lang='lat' dir='ltr'><strong>ut</strong></span> <span class='ocrx_word' id='word_1_490' title='bbox 1745 5223 1941 5281; x_wconf 82' lang='lat' dir='ltr'><strong>habeat</strong></span> 
     </span>
    </p>
   </div>
   <div class='ocr_carea' id='block_1_56' title="bbox 350 5310 1933 5384">
    <p class='ocr_par' dir='ltr' id='par_1_56' title="bbox 350 5310 1933 5384">
     <span class='ocr_line' id='line_1_56' title="bbox 350 5310 1933 5384; baseline 0.001 -15"><span class='ocrx_word' id='word_1_491' title='bbox 350 5313 550 5384; x_wconf 76' lang='lat' dir='ltr'><strong>aliquid</strong></span> <span class='ocrx_word' id='word_1_492' title='bbox 577 5312 750 5368; x_wconf 74' lang='lat' dir='ltr'><strong>fusum</strong></span> <span class='ocrx_word' id='word_1_493' title='bbox 775 5310 915 5382; x_wconf 77' lang='lat' dir='ltr'><strong>quod</strong></span> <span class='ocrx_word' id='word_1_494' title='bbox 945 5318 1001 5367; x_wconf 78' lang='lat' dir='ltr'><strong>te</strong></span> <span class='ocrx_word' id='word_1_495' title='bbox 1023 5311 1347 5378; x_wconf 69' lang='lat' dir='ltr'><strong>cumulatur,</strong></span> <span class='ocrx_word' id='word_1_496' title='bbox 1374 5312 1516 5383; x_wconf 65' lang='lat' dir='ltr'><strong>quod</strong></span> <span class='ocrx_word' id='word_1_497' title='bbox 1543 5323 1593 5369; x_wconf 86' lang='lat' dir='ltr'><strong>te</strong></span> <span class='ocrx_word' id='word_1_498' title='bbox 1615 5315 1892 5370; x_wconf 80' lang='lat' dir='ltr'><strong>continuet</strong></span> <span class='ocrx_word' id='word_1_499' title='bbox 1917 5357 1933 5382; x_wconf 88' lang='lat'><strong>,</strong></span> 
     </span>
    </p>
   </div>
   <div class='ocr_carea' id='block_1_57' title="bbox 349 5401 1937 5481">
    <p class='ocr_par' dir='ltr' id='par_1_57' title="bbox 349 5401 1937 5481">
     <span class='ocr_line' id='line_1_57' title="bbox 349 5401 1937 5481; baseline -0.004 -27"><span class='ocrx_word' id='word_1_500' title='bbox 349 5404 491 5477; x_wconf 78' lang='lat' dir='ltr'><strong>qund</strong></span> <span class='ocrx_word' id='word_1_501' title='bbox 529 5404 619 5461; x_wconf 90' lang='lat' dir='ltr'><strong>tibi</strong></span> <span class='ocrx_word' id='word_1_502' title='bbox 663 5403 755 5465; x_wconf 79' lang='lat' dir='ltr'><strong>det</strong></span> <span class='ocrx_word' id='word_1_503' title='bbox 778 5401 1022 5470; x_wconf 75' lang='lat' dir='ltr'><strong>fiduciam</strong></span> <span class='ocrx_word' id='word_1_504' title='bbox 1059 5401 1381 5481; x_wconf 75' lang='lat' dir='ltr'><strong>deprecandi</strong></span> <span class='ocrx_word' id='word_1_505' title='bbox 1422 5411 1477 5463; x_wconf 90' lang='lat' dir='ltr'><strong>et</strong></span> <span class='ocrx_word' id='word_1_506' title='bbox 1518 5404 1767 5477; x_wconf 76' lang='lat' dir='ltr'><strong>sperandi</strong></span> <span class='ocrx_word' id='word_1_507' title='bbox 1812 5422 1937 5477; x_wconf 65' lang='lat' dir='ltr'><strong>pro-</strong></span> 
     </span>
    </p>
   </div>
   <div class='ocr_carea' id='block_1_58' title="bbox 354 5510 536 5548">
    <p class='ocr_par' dir='ltr' id='par_1_58' title="bbox 354 5510 536 5548">
     <span class='ocr_line' id='line_1_58' title="bbox 354 5510 536 5548; baseline -0.005 0"><span class='ocrx_word' id='word_1_508' title='bbox 354 5510 513 5548; x_wconf 48' lang='lat'><strong>&quot;&quot;5831</strong></span> <span class='ocrx_word' id='word_1_509' title='bbox 523 5533 536 5547; x_wconf 76' lang='grc' dir='ltr'><strong>ο</strong></span> 
     </span>
    </p>
   </div>
   <div class='ocr_carea' id='block_1_59' title="bbox 416 5584 1933 5657">
    <p class='ocr_par' dir='ltr' id='par_1_59' title="bbox 416 5584 1933 5657">
     <span class='ocr_line' id='line_1_59' title="bbox 416 5584 1933 5657; baseline 0.005 -25"><span class='ocrx_word' id='word_1_510' title='bbox 416 5584 429 5615; x_wconf 83' lang='lat'><em>‘</em></span> <span class='ocrx_word' id='word_1_511' title='bbox 462 5593 507 5653; x_wconf 60' lang='lat' dir='ltr'><strong>sl</strong></span> <span class='ocrx_word' id='word_1_512' title='bbox 525 5584 589 5657; x_wconf 63' lang='lat' dir='ltr'><strong>tul</strong></span> <span class='ocrx_word' id='word_1_513' title='bbox 607 5585 935 5657; x_wconf 46' lang='lat' dir='ltr'><strong>ambrosium;</strong></span> <span class='ocrx_word' id='word_1_514' title='bbox 952 5593 1067 5636; x_wconf 80' lang='lat' dir='ltr'><strong>Ecce</strong></span> <span class='ocrx_word' id='word_1_515' title='bbox 1097 5596 1195 5657; x_wconf 77' lang='lat' dir='ltr'><strong>quo</strong></span> <span class='ocrx_word' id='word_1_516' title='bbox 1209 5586 1503 5657; x_wconf 57' lang='lat' dir='ltr'><strong>permuniit.</strong></span> <span class='ocrx_word' id='word_1_517' title='bbox 1527 5591 1576 5635; x_wconf 88' lang='lat' dir='ltr'><strong>tn</strong></span> <span class='ocrx_word' id='word_1_518' title='bbox 1600 5585 1933 5657; x_wconf 59' lang='lat' dir='ltr'><strong>“scaber-ti-</strong></span> 
     </span>
    </p>
   </div>
   <div class='ocr_carea' id='block_1_60' title="bbox 351 5640 1935 5764">
    <p class='ocr_par' dir='ltr' id='par_1_60' title="bbox 351 5640 1935 5764">
     <span class='ocr_line' id='line_1_60' title="bbox 354 5640 1935 5716; baseline 0.006 -26"><span class='ocrx_word' id='word_1_519' title='bbox 354 5655 420 5711; x_wconf 73' lang='lat' dir='ltr'><strong>uo</strong></span> <span class='ocrx_word' id='word_1_520' title='bbox 432 5640 507 5691; x_wconf 69' lang='lat' dir='ltr'><strong>sic</strong></span> <span class='ocrx_word' id='word_1_521' title='bbox 528 5645 708 5706; x_wconf 74' lang='lat' dir='ltr'><strong>legitur</strong></span> <span class='ocrx_word' id='word_1_522' title='bbox 731 5678 747 5703; x_wconf 92' lang='lat'><strong>,</strong></span> <span class='ocrx_word' id='word_1_523' title='bbox 770 5652 859 5716; x_wconf 70' lang='lat' dir='ltr'><strong>eta</strong></span> <span class='ocrx_word' id='word_1_524' title='bbox 878 5648 1073 5712; x_wconf 75' lang='lat' dir='ltr'><strong>ﬂumine</strong></span> <span class='ocrx_word' id='word_1_525' title='bbox 1096 5640 1222 5698; x_wconf 66' lang='lat' dir='ltr'><strong>{me</strong></span> <span class='ocrx_word' id='word_1_526' title='bbox 1244 5640 1400 5712; x_wconf 67' lang='lat' dir='ltr'><strong>carpit,</strong></span> <span class='ocrx_word' id='word_1_527' title='bbox 1426 5660 1573 5713; x_wconf 73' lang='lat' dir='ltr'><strong>usque</strong></span> <span class='ocrx_word' id='word_1_528' title='bbox 1587 5646 1652 5707; x_wconf 79' lang='lat' dir='ltr'><strong>ad</strong></span> <span class='ocrx_word' id='word_1_529' title='bbox 1677 5655 1823 5702; x_wconf 79' lang='lat' dir='ltr'><strong>terra&#39;</strong></span> <span class='ocrx_word' id='word_1_530' title='bbox 1841 5656 1935 5702; x_wconf 71' lang='lat' dir='ltr'><strong>trr-</strong></span> 
     </span>
     <span class='ocr_line' id='line_1_61' title="bbox 351 5712 859 5764; baseline 0.008 -14"><span class='ocrx_word' id='word_1_531' title='bbox 351 5714 507 5757; x_wconf 81' lang='lat' dir='ltr'><strong>mmos</strong></span> <span class='ocrx_word' id='word_1_532' title='bbox 526 5719 612 5762; x_wconf 70' lang='lat' dir='ltr'><strong>quo</strong></span> <span class='ocrx_word' id='word_1_533' title='bbox 637 5712 859 5764; x_wconf 76' lang='lat' dir='ltr'><strong>prrrmtt.</strong></span> 
     </span>
    </p>
   </div>
   <div class='ocr_carea' id='block_1_61' title="bbox 1560 234 2433 320">
    <p class='ocr_par' dir='ltr' id='par_1_61' title="bbox 1560 234 2433 320">
     <span class='ocr_line' id='line_1_62' title="bbox 1560 234 2433 320; baseline 0.003 -3"><span class='ocrx_word' id='word_1_534' title='bbox 1560 249 1571 257; x_wconf 87' lang='lat'><strong>&#39;</strong></span> <span class='ocrx_word' id='word_1_535' title='bbox 1613 262 1672 319; x_wconf 88' lang='lat' dir='ltr'><strong>s.</strong></span> <span class='ocrx_word' id='word_1_536' title='bbox 1714 234 2089 317; x_wconf 65' lang='lat' dir='ltr'><strong>sucesriivt</strong></span> <span class='ocrx_word' id='word_1_537' title='bbox 2128 260 2433 320; x_wconf 68' lang='lat' dir='ltr'><strong>emacem</strong></span> 
     </span>
    </p>
   </div>
   <div class='ocr_carea' id='block_1_62' title="bbox 3534 258 3645 319">
    <p class='ocr_par' dir='ltr' id='par_1_62' title="bbox 3534 258 3645 319">
     <span class='ocr_line' id='line_1_63' title="bbox 3534 258 3645 319; baseline 0.027 -3"><span class='ocrx_word' id='word_1_538' title='bbox 3534 258 3645 319; x_wconf 67' lang='lat'><strong>128</strong></span> 
     </span>
    </p>
   </div>
   <div class='ocr_carea' id='block_1_63' title="bbox 2132 370 3648 454">
    <p class='ocr_par' dir='ltr' id='par_1_63' title="bbox 2132 370 3648 454">
     <span class='ocr_line' id='line_1_64' title="bbox 2132 370 3648 454; baseline 0.01 -29"><span class='ocrx_word' id='word_1_539' title='bbox 2132 370 2361 429; x_wconf 71' lang='lat' dir='ltr'><strong>CAPUT</strong></span> <span class='ocrx_word' id='word_1_540' title='bbox 2387 374 2530 429; x_wconf 75' lang='lat' dir='ltr'><strong>X.—-—</strong></span> <span class='ocrx_word' id='word_1_541' title='bbox 2560 376 2643 429; x_wconf 70' lang='lat' dir='ltr'><strong>li.</strong></span> <span class='ocrx_word' id='word_1_542' title='bbox 2676 374 2743 430; x_wconf 73' lang='lat' dir='ltr'><strong>i-Zt</strong></span> <span class='ocrx_word' id='word_1_543' title='bbox 2770 375 2897 447; x_wconf 90' lang='lat' dir='ltr'><strong>quid</strong></span> <span class='ocrx_word' id='word_1_544' title='bbox 2920 379 3118 449; x_wconf 58' lang='lat' dir='ltr'><strong>agam?</strong></span> <span class='ocrx_word' id='word_1_545' title='bbox 3144 379 3282 434; x_wconf 85' lang='lat' dir='ltr'><strong>forte</strong></span> <span class='ocrx_word' id='word_1_546' title='bbox 3308 379 3478 439; x_wconf 77' lang='lat' dir='ltr'><strong>dicis:</strong></span> <span class='ocrx_word' id='word_1_547' title='bbox 3516 384 3648 454; x_wconf 79' lang='lat' dir='ltr'><strong>quid</strong></span> 
     </span>
    </p>
   </div>
   <div class='ocr_carea' id='block_1_64' title="bbox 2064 466 3663 542">
    <p class='ocr_par' dir='ltr' id='par_1_64' title="bbox 2064 466 3663 542">
     <span class='ocr_line' id='line_1_65' title="bbox 2064 466 3663 542; baseline 0.006 -22"><span class='ocrx_word' id='word_1_548' title='bbox 2064 466 2322 535; x_wconf 82' lang='lat' dir='ltr'><strong>tncjubcs</strong></span> <span class='ocrx_word' id='word_1_549' title='bbox 2351 468 2551 523; x_wconf 81' lang='lat' dir='ltr'><strong>habere</strong></span> <span class='ocrx_word' id='word_1_550' title='bbox 2577 468 2629 523; x_wconf 91' lang='lat' dir='ltr'><strong>in</strong></span> <span class='ocrx_word' id='word_1_551' title='bbox 2658 468 2818 524; x_wconf 86' lang='lat' dir='ltr'><strong>fuso?</strong></span> <span class='ocrx_word' id='word_1_552' title='bbox 2848 470 2983 526; x_wconf 78' lang='lat' dir='ltr'><strong>Audi</strong></span> <span class='ocrx_word' id='word_1_553' title='bbox 3010 470 3137 542; x_wconf 89' lang='lat' dir='ltr'><strong>quid</strong></span> <span class='ocrx_word' id='word_1_554' title='bbox 3167 470 3443 542; x_wconf 79' lang='lat' dir='ltr'><strong>sequitur:</strong></span> <span class='ocrx_word' id='word_1_555' title='bbox 3471 473 3663 540; x_wconf 66' lang='lat' dir='ltr'><strong>lanii.</strong></span> 
     </span>
    </p>
   </div>
   <div class='ocr_carea' id='block_1_65' title="bbox 2063 562 3661 638">
    <p class='ocr_par' dir='ltr' id='par_1_65' title="bbox 2063 562 3661 638">
     <span class='ocr_line' id='line_1_66' title="bbox 2063 562 3661 638; baseline 0.009 -27"><span class='ocrx_word' id='word_1_556' title='bbox 2063 569 2229 615; x_wconf 67' lang='lat' dir='ltr'><strong>(autem</strong></span> <span class='ocrx_word' id='word_1_557' title='bbox 2257 576 2375 615; x_wconf 84' lang='lat' dir='ltr'><strong>suas</strong></span> <span class='ocrx_word' id='word_1_558' title='bbox 2397 562 2597 632; x_wconf 87' lang='lat' dir='ltr'><strong>aperuit</strong></span> <span class='ocrx_word' id='word_1_559' title='bbox 2621 564 2852 634; x_wconf 81' lang='lat' dir='ltr'><strong>pauperi.</strong></span> <span class='ocrx_word' id='word_1_560' title='bbox 2884 562 2975 618; x_wconf 83' lang='lat' dir='ltr'><strong>Eia</strong></span> <span class='ocrx_word' id='word_1_561' title='bbox 3001 606 3017 631; x_wconf 95' lang='lat'><strong>,</strong></span> <span class='ocrx_word' id='word_1_562' title='bbox 3047 581 3154 619; x_wconf 76' lang='lat' dir='ltr'><strong>tum</strong></span> <span class='ocrx_word' id='word_1_563' title='bbox 3182 581 3279 620; x_wconf 89' lang='lat' dir='ltr'><strong>nos</strong></span> <span class='ocrx_word' id='word_1_564' title='bbox 3308 567 3501 638; x_wconf 81' lang='lat' dir='ltr'><strong>pudeat</strong></span> <span class='ocrx_word' id='word_1_565' title='bbox 3522 569 3661 625; x_wconf 85' lang='lat' dir='ltr'><strong>lani-</strong></span> 
     </span>
    </p>
   </div>
   <div class='ocr_carea' id='block_1_66' title="bbox 2068 650 3655 731">
    <p class='ocr_par' dir='ltr' id='par_1_66' title="bbox 2068 650 3655 731">
     <span class='ocr_line' id='line_1_67' title="bbox 2068 650 3655 731; baseline 0.008 -27"><span class='ocrx_word' id='word_1_566' title='bbox 2068 650 2243 705; x_wconf 86' lang='lat' dir='ltr'><strong>ficium</strong></span> <span class='ocrx_word' id='word_1_567' title='bbox 2268 661 2512 707; x_wconf 80' lang='lat' dir='ltr'><strong>sanrtum</strong></span> <span class='ocrx_word' id='word_1_568' title='bbox 2533 653 2730 709; x_wconf 84' lang='lat' dir='ltr'><strong>docere</strong></span> <span class='ocrx_word' id='word_1_569' title='bbox 2754 670 2871 709; x_wconf 81' lang='lat' dir='ltr'><strong>vos.</strong></span> <span class='ocrx_word' id='word_1_570' title='bbox 2904 653 3122 720; x_wconf 71' lang='lat' dir='ltr'><strong>Videte,</strong></span> <span class='ocrx_word' id='word_1_571' title='bbox 3154 657 3198 711; x_wconf 87' lang='lat' dir='ltr'><strong>si</strong></span> <span class='ocrx_word' id='word_1_572' title='bbox 3225 658 3346 728; x_wconf 84' lang='lat' dir='ltr'><strong>quis</strong></span> <span class='ocrx_word' id='word_1_573' title='bbox 3371 658 3529 715; x_wconf 80' lang='lat' dir='ltr'><strong>habet</strong></span> <span class='ocrx_word' id='word_1_574' title='bbox 3545 662 3655 731; x_wconf 84' lang='lat' dir='ltr'><strong>ple-</strong></span> 
     </span>
    </p>
   </div>
   <div class='ocr_carea' id='block_1_67' title="bbox 2062 744 3655 821">
    <p class='ocr_par' dir='ltr' id='par_1_67' title="bbox 2062 744 3655 821">
     <span class='ocr_line' id='line_1_68' title="bbox 2062 744 3655 821; baseline 0.007 -24"><span class='ocrx_word' id='word_1_575' title='bbox 2062 759 2188 798; x_wconf 86' lang='lat' dir='ltr'><strong>num</strong></span> <span class='ocrx_word' id='word_1_576' title='bbox 2232 745 2498 800; x_wconf 80' lang='lat' dir='ltr'><strong>sacculum</strong></span> <span class='ocrx_word' id='word_1_577' title='bbox 2525 786 2539 810; x_wconf 88' lang='lat'><strong>,</strong></span> <span class='ocrx_word' id='word_1_578' title='bbox 2589 746 2800 814; x_wconf 86' lang='lat' dir='ltr'><strong>plenum</strong></span> <span class='ocrx_word' id='word_1_579' title='bbox 2845 744 3127 814; x_wconf 81' lang='lat' dir='ltr'><strong>horreum,</strong></span> <span class='ocrx_word' id='word_1_580' title='bbox 3176 748 3385 820; x_wconf 85' lang='lat' dir='ltr'><strong>plenam</strong></span> <span class='ocrx_word' id='word_1_581' title='bbox 3427 753 3655 821; x_wconf 80' lang='lat' dir='ltr'><strong>apothe-</strong></span> 
     </span>
    </p>
   </div>
   <div class='ocr_carea' id='block_1_68' title="bbox 2060 837 3654 906">
    <p class='ocr_par' dir='ltr' id='par_1_68' title="bbox 2060 837 3654 906">
     <span class='ocr_line' id='line_1_69' title="bbox 2060 837 3654 906; baseline 0.008 -18"><span class='ocrx_word' id='word_1_582' title='bbox 2060 848 2176 889; x_wconf 89' lang='lat' dir='ltr'><strong>cam</strong></span> <span class='ocrx_word' id='word_1_583' title='bbox 2220 851 2234 889; x_wconf 90' lang='lat'><strong>:</strong></span> <span class='ocrx_word' id='word_1_584' title='bbox 2275 837 2454 891; x_wconf 86' lang='lat' dir='ltr'><strong>omnia</strong></span> <span class='ocrx_word' id='word_1_585' title='bbox 2495 837 2595 891; x_wconf 86' lang='lat' dir='ltr'><strong>ista</strong></span> <span class='ocrx_word' id='word_1_586' title='bbox 2631 838 2683 891; x_wconf 85' lang='lat' dir='ltr'><strong>in</strong></span> <span class='ocrx_word' id='word_1_587' title='bbox 2723 838 2841 893; x_wconf 90' lang='lat' dir='ltr'><strong>colo</strong></span> <span class='ocrx_word' id='word_1_588' title='bbox 2880 847 3038 906; x_wconf 87' lang='lat' dir='ltr'><strong>sunt,</strong></span> <span class='ocrx_word' id='word_1_589' title='bbox 3071 848 3344 896; x_wconf 81' lang='lat' dir='ltr'><strong>transeant</strong></span> <span class='ocrx_word' id='word_1_590' title='bbox 3374 843 3654 900; x_wconf 81' lang='lat' dir='ltr'><strong>infusum.</strong></span> 
     </span>
    </p>
   </div>
   <div class='ocr_carea' id='block_1_69' title="bbox 2064 926 3653 1003">
    <p class='ocr_par' dir='ltr' id='par_1_69' title="bbox 2064 926 3653 1003">
     <span class='ocr_line' id='line_1_70' title="bbox 2064 926 3653 1003; baseline 0.006 -23"><span class='ocrx_word' id='word_1_591' title='bbox 2064 926 2248 982; x_wconf 68' lang='lat' dir='ltr'><strong>Videte</strong></span> <span class='ocrx_word' id='word_1_592' title='bbox 2295 927 2565 998; x_wconf 88' lang='lat' dir='ltr'><strong>quomodo</strong></span> <span class='ocrx_word' id='word_1_593' title='bbox 2612 939 2702 984; x_wconf 88' lang='lat' dir='ltr'><strong>net</strong></span> <span class='ocrx_word' id='word_1_594' title='bbox 2731 930 2747 961; x_wconf 84' lang='grc'>¹</span> <span class='ocrx_word' id='word_1_595' title='bbox 2769 972 2785 998; x_wconf 86' lang='grc'><em>,</em></span> <span class='ocrx_word' id='word_1_596' title='bbox 2818 931 2943 986; x_wconf 67' lang='lat' dir='ltr'><strong>&quot;imo</strong></span> <span class='ocrx_word' id='word_1_597' title='bbox 2980 931 3155 987; x_wconf 78' lang='lat' dir='ltr'><strong>videte</strong></span> <span class='ocrx_word' id='word_1_598' title='bbox 3191 935 3457 1003; x_wconf 86' lang='lat' dir='ltr'><strong>quomodo</strong></span> <span class='ocrx_word' id='word_1_599' title='bbox 3486 937 3653 990; x_wconf 79' lang='lat' dir='ltr'><strong>neiat.</strong></span> 
     </span>
    </p>
   </div>
   <div class='ocr_carea' id='block_1_70' title="bbox 2062 1008 3648 1093">
    <p class='ocr_par' dir='ltr' id='par_1_70' title="bbox 2062 1008 3648 1093">
     <span class='ocr_line' id='line_1_71' title="bbox 2062 1008 3648 1093; baseline 0.008 -22"><span class='ocrx_word' id='word_1_600' title='bbox 2062 1017 2195 1072; x_wconf 85' lang='lat' dir='ltr'><strong>Dum</strong></span> <span class='ocrx_word' id='word_1_601' title='bbox 2238 1035 2427 1075; x_wconf 88' lang='lat' dir='ltr'><strong>omnes</strong></span> <span class='ocrx_word' id='word_1_602' title='bbox 2455 1020 2787 1077; x_wconf 85' lang='lat' dir='ltr'><strong>instruantur</strong></span> <span class='ocrx_word' id='word_1_603' title='bbox 2806 1065 2821 1089; x_wconf 88' lang='lat'><strong>,</strong></span> <span class='ocrx_word' id='word_1_604' title='bbox 2849 1026 3177 1093; x_wconf 79' lang='lat' dir='ltr'><strong>grammatici</strong></span> <span class='ocrx_word' id='word_1_605' title='bbox 3209 1008 3313 1081; x_wconf 73' lang='lat' dir='ltr'><strong>non</strong></span> <span class='ocrx_word' id='word_1_606' title='bbox 3344 1028 3648 1084; x_wconf 76' lang='lat' dir='ltr'><strong>timeantur.</strong></span> 
     </span>
    </p>
   </div>
   <div class='ocr_carea' id='block_1_71' title="bbox 2063 1110 3649 1189">
    <p class='ocr_par' dir='ltr' id='par_1_71' title="bbox 2063 1110 3649 1189">
     <span class='ocr_line' id='line_1_72' title="bbox 2063 1110 3649 1189; baseline 0.006 -23"><span class='ocrx_word' id='word_1_607' title='bbox 2063 1110 2252 1166; x_wconf 63' lang='lat' dir='ltr'><strong>ﬁlanns</strong></span> <span class='ocrx_word' id='word_1_608' title='bbox 2277 1122 2442 1167; x_wconf 82' lang='lat' dir='ltr'><strong>autem</strong></span> <span class='ocrx_word' id='word_1_609' title='bbox 2463 1131 2587 1169; x_wconf 88' lang='lat' dir='ltr'><strong>suas</strong></span> <span class='ocrx_word' id='word_1_610' title='bbox 2611 1115 2808 1184; x_wconf 86' lang='lat' dir='ltr'><strong>aperuit</strong></span> <span class='ocrx_word' id='word_1_611' title='bbox 2836 1118 3064 1186; x_wconf 81' lang='lat' dir='ltr'><strong>pauperi,</strong></span> <span class='ocrx_word' id='word_1_612' title='bbox 3094 1122 3309 1189; x_wconf 79' lang='lat' dir='ltr'><strong>fructum</strong></span> <span class='ocrx_word' id='word_1_613' title='bbox 3337 1129 3502 1174; x_wconf 77' lang='lat' dir='ltr'><strong>autem</strong></span> <span class='ocrx_word' id='word_1_614' title='bbox 3530 1138 3649 1176; x_wconf 78' lang='lat' dir='ltr'><strong>uor—</strong></span> 
     </span>
    </p>
   </div>
   <div class='ocr_carea' id='block_1_72' title="bbox 2058 1203 3650 1278">
    <p class='ocr_par' dir='ltr' id='par_1_72' title="bbox 2058 1203 3650 1278">
     <span class='ocr_line' id='line_1_73' title="bbox 2058 1203 3650 1278; baseline 0.008 -24"><span class='ocrx_word' id='word_1_615' title='bbox 2058 1204 2187 1256; x_wconf 75' lang='lat' dir='ltr'><strong>rexit</strong></span> <span class='ocrx_word' id='word_1_616' title='bbox 2215 1203 2373 1266; x_wconf 80' lang='lat' dir='ltr'><strong>inopi.</strong></span> <span class='ocrx_word' id='word_1_617' title='bbox 2405 1204 2589 1259; x_wconf 78' lang='lat' dir='ltr'><strong>Manus</strong></span> <span class='ocrx_word' id='word_1_618' title='bbox 2615 1205 2852 1274; x_wconf 68' lang='lat' dir='ltr'><strong>pauperi.</strong></span> <span class='ocrx_word' id='word_1_619' title='bbox 2879 1205 3106 1262; x_wconf 86' lang='lat' dir='ltr'><strong>fructum</strong></span> <span class='ocrx_word' id='word_1_620' title='bbox 3129 1208 3291 1277; x_wconf 78' lang='lat' dir='ltr'><strong>inopi.</strong></span> <span class='ocrx_word' id='word_1_621' title='bbox 3321 1209 3413 1264; x_wconf 83' lang='lat' dir='ltr'><strong>Est</strong></span> <span class='ocrx_word' id='word_1_622' title='bbox 3435 1212 3650 1278; x_wconf 81' lang='lat' dir='ltr'><strong>quidam</strong></span> 
     </span>
    </p>
   </div>
   <div class='ocr_carea' id='block_1_73' title="bbox 2060 1299 3652 1373">
    <p class='ocr_par' dir='ltr' id='par_1_73' title="bbox 2060 1299 3652 1373">
     <span class='ocr_line' id='line_1_74' title="bbox 2060 1299 3652 1373; baseline 0.008 -27"><span class='ocrx_word' id='word_1_623' title='bbox 2060 1309 2259 1362; x_wconf 88' lang='lat' dir='ltr'><strong>panper</strong></span> <span class='ocrx_word' id='word_1_624' title='bbox 2277 1335 2291 1359; x_wconf 91' lang='lat'><strong>,</strong></span> <span class='ocrx_word' id='word_1_625' title='bbox 2335 1311 2524 1351; x_wconf 90' lang='lat' dir='ltr'><strong>manus</strong></span> <span class='ocrx_word' id='word_1_626' title='bbox 2567 1308 2683 1350; x_wconf 84' lang='lat' dir='ltr'><strong>tuas</strong></span> <span class='ocrx_word' id='word_1_627' title='bbox 2712 1299 2902 1367; x_wconf 82' lang='lat' dir='ltr'><strong>qua-rit</strong></span> <span class='ocrx_word' id='word_1_628' title='bbox 2930 1313 2943 1350; x_wconf 87' lang='lat'><strong>:</strong></span> <span class='ocrx_word' id='word_1_629' title='bbox 2972 1307 3054 1354; x_wconf 88' lang='lat' dir='ltr'><strong>cst</strong></span> <span class='ocrx_word' id='word_1_630' title='bbox 3084 1300 3295 1369; x_wconf 89' lang='lat' dir='ltr'><strong>quidam</strong></span> <span class='ocrx_word' id='word_1_631' title='bbox 3323 1300 3476 1373; x_wconf 87' lang='lat' dir='ltr'><strong>inops</strong></span> <span class='ocrx_word' id='word_1_632' title='bbox 3494 1345 3509 1367; x_wconf 86' lang='lat'><strong>,</strong></span> <span class='ocrx_word' id='word_1_633' title='bbox 3538 1303 3652 1358; x_wconf 83' lang='lat' dir='ltr'><strong>fru-</strong></span> 
     </span>
    </p>
   </div>
   <div class='ocr_carea' id='block_1_74' title="bbox 2059 1388 3646 1460">
    <p class='ocr_par' dir='ltr' id='par_1_74' title="bbox 2059 1388 3646 1460">
     <span class='ocr_line' id='line_1_75' title="bbox 2059 1388 3646 1460; baseline 0.008 -23"><span class='ocrx_word' id='word_1_634' title='bbox 2059 1394 2201 1439; x_wconf 87' lang='lat' dir='ltr'><strong>ctum</strong></span> <span class='ocrx_word' id='word_1_635' title='bbox 2246 1397 2392 1440; x_wconf 85' lang='lat' dir='ltr'><strong>tuunt</strong></span> <span class='ocrx_word' id='word_1_636' title='bbox 2428 1390 2641 1457; x_wconf 62' lang='lat' dir='ltr'><strong>quaerit.</strong></span> <span class='ocrx_word' id='word_1_637' title='bbox 2670 1388 2770 1457; x_wconf 76' lang='lat' dir='ltr'><strong>Qut</strong></span> <span class='ocrx_word' id='word_1_638' title='bbox 2795 1406 3034 1460; x_wconf 75' lang='lat' dir='ltr'><strong>qiurrcre</strong></span> <span class='ocrx_word' id='word_1_639' title='bbox 3083 1407 3185 1445; x_wconf 87' lang='lat' dir='ltr'><strong>non</strong></span> <span class='ocrx_word' id='word_1_640' title='bbox 3216 1392 3325 1446; x_wconf 84' lang='lat' dir='ltr'><strong>vult</strong></span> <span class='ocrx_word' id='word_1_641' title='bbox 3366 1409 3397 1447; x_wconf 76' lang='grc' dir='ltr'><strong>ιι</strong></span> <span class='ocrx_word' id='word_1_642' title='bbox 3428 1404 3513 1460; x_wconf 91' lang='lat' dir='ltr'><strong>te,</strong></span> <span class='ocrx_word' id='word_1_643' title='bbox 3546 1395 3646 1450; x_wconf 88' lang='lat' dir='ltr'><strong>nisi</strong></span> 
     </span>
    </p>
   </div>
   <div class='ocr_carea' id='block_1_75' title="bbox 2058 1475 3647 1552">
    <p class='ocr_par' dir='ltr' id='par_1_75' title="bbox 2058 1475 3647 1552">
     <span class='ocr_line' id='line_1_76' title="bbox 2058 1475 3647 1552; baseline 0.009 -23"><span class='ocrx_word' id='word_1_644' title='bbox 2058 1475 2198 1544; x_wconf 85' lang='lat' dir='ltr'><strong>quod</strong></span> <span class='ocrx_word' id='word_1_645' title='bbox 2229 1479 2562 1533; x_wconf 86' lang='lat' dir='ltr'><strong>neccessitati</strong></span> <span class='ocrx_word' id='word_1_646' title='bbox 2587 1494 2698 1534; x_wconf 73' lang='lat' dir='ltr'><strong>sum</strong></span> <span class='ocrx_word' id='word_1_647' title='bbox 2721 1481 2920 1550; x_wconf 82' lang='lat' dir='ltr'><strong>prosit,</strong></span> <span class='ocrx_word' id='word_1_648' title='bbox 2946 1497 3144 1552; x_wconf 84' lang='lat' dir='ltr'><strong>pauper</strong></span> <span class='ocrx_word' id='word_1_649' title='bbox 3165 1492 3276 1549; x_wconf 87' lang='lat' dir='ltr'><strong>cst,</strong></span> <span class='ocrx_word' id='word_1_650' title='bbox 3308 1499 3499 1542; x_wconf 87' lang='lat' dir='ltr'><strong>manus</strong></span> <span class='ocrx_word' id='word_1_651' title='bbox 3529 1496 3647 1543; x_wconf 84' lang='lat' dir='ltr'><strong>tuas</strong></span> 
     </span>
    </p>
   </div>
   <div class='ocr_carea' id='block_1_76' title="bbox 2058 1570 3649 1648">
    <p class='ocr_par' dir='ltr' id='par_1_76' title="bbox 2058 1570 3649 1648">
     <span class='ocr_line' id='line_1_77' title="bbox 2058 1570 3649 1648; baseline 0.01 -28"><span class='ocrx_word' id='word_1_652' title='bbox 2058 1583 2325 1638; x_wconf 74' lang='lat' dir='ltr'><strong>qnmrens.</strong></span> <span class='ocrx_word' id='word_1_653' title='bbox 2372 1570 2469 1625; x_wconf 69' lang='lat' dir='ltr'><strong>Est</strong></span> <span class='ocrx_word' id='word_1_654' title='bbox 2511 1580 2690 1627; x_wconf 87' lang='lat' dir='ltr'><strong>autem</strong></span> <span class='ocrx_word' id='word_1_655' title='bbox 2738 1574 2872 1627; x_wconf 87' lang='lat' dir='ltr'><strong>alius</strong></span> <span class='ocrx_word' id='word_1_656' title='bbox 2917 1575 3103 1645; x_wconf 82' lang='lat' dir='ltr'><strong>inops,</strong></span> <span class='ocrx_word' id='word_1_657' title='bbox 3152 1578 3243 1646; x_wconf 87' lang='lat' dir='ltr'><strong>qui</strong></span> <span class='ocrx_word' id='word_1_658' title='bbox 3286 1576 3458 1635; x_wconf 89' lang='lat' dir='ltr'><strong>dicit:</strong></span> <span class='ocrx_word' id='word_1_659' title='bbox 3489 1578 3649 1648; x_wconf 79' lang='lat' dir='ltr'><strong>Quasi</strong></span> 
     </span>
    </p>
   </div>
   <div class='ocr_carea' id='block_1_77' title="bbox 2059 1660 3644 1745">
    <p class='ocr_par' dir='ltr' id='par_1_77' title="bbox 2059 1660 3644 1745">
     <span class='ocr_line' id='line_1_78' title="bbox 2059 1660 3644 1745; baseline 0.011 -33"><span class='ocrx_word' id='word_1_660' title='bbox 2059 1660 2189 1713; x_wconf 82' lang='lat' dir='ltr'><strong>nihil</strong></span> <span class='ocrx_word' id='word_1_661' title='bbox 2226 1661 2494 1729; x_wconf 77' lang='lat' dir='ltr'><strong>habentes,</strong></span> <span class='ocrx_word' id='word_1_662' title='bbox 2535 1674 2584 1717; x_wconf 82' lang='lat' dir='ltr'><strong>et</strong></span> <span class='ocrx_word' id='word_1_663' title='bbox 2629 1665 2798 1720; x_wconf 81' lang='lat' dir='ltr'><strong>omnia</strong></span> <span class='ocrx_word' id='word_1_664' title='bbox 2837 1669 3144 1736; x_wconf 72' lang='lat' dir='ltr'><strong>possidentes</strong></span> <span class='ocrx_word' id='word_1_665' title='bbox 3178 1669 3241 1740; x_wconf 85' lang='grc'><strong>(11</strong></span> <span class='ocrx_word' id='word_1_666' title='bbox 3270 1669 3388 1727; x_wconf 85' lang='lat' dir='ltr'><strong>Cor.</strong></span> <span class='ocrx_word' id='word_1_667' title='bbox 3422 1688 3503 1743; x_wconf 76' lang='grc' dir='ltr'>γι,</span> <span class='ocrx_word' id='word_1_668' title='bbox 3533 1674 3644 1745; x_wconf 87' lang='grc'><strong>10).</strong></span> 
     </span>
    </p>
   </div>
   <div class='ocr_carea' id='block_1_78' title="bbox 2058 1748 3643 1830">
    <p class='ocr_par' dir='ltr' id='par_1_78' title="bbox 2058 1748 3643 1830">
     <span class='ocr_line' id='line_1_79' title="bbox 2058 1748 3643 1830; baseline 0.009 -27"><span class='ocrx_word' id='word_1_669' title='bbox 2058 1748 2171 1804; x_wconf 78' lang='lat' dir='ltr'><strong>Non</strong></span> <span class='ocrx_word' id='word_1_670' title='bbox 2211 1753 2359 1822; x_wconf 83' lang='lat' dir='ltr'><strong>quasi</strong></span> <span class='ocrx_word' id='word_1_671' title='bbox 2388 1754 2692 1809; x_wconf 81' lang='lat' dir='ltr'><strong>necessitati</strong></span> <span class='ocrx_word' id='word_1_672' title='bbox 2721 1770 2831 1811; x_wconf 74' lang='lat' dir='ltr'><strong>sua:</strong></span> <span class='ocrx_word' id='word_1_673' title='bbox 2860 1758 2971 1812; x_wconf 87' lang='lat' dir='ltr'><strong>vult</strong></span> <span class='ocrx_word' id='word_1_674' title='bbox 2998 1758 3243 1814; x_wconf 83' lang='lat' dir='ltr'><strong>satisfieri</strong></span> <span class='ocrx_word' id='word_1_675' title='bbox 3270 1761 3338 1817; x_wconf 87' lang='lat' dir='ltr'><strong>de</strong></span> <span class='ocrx_word' id='word_1_676' title='bbox 3364 1761 3487 1818; x_wconf 82' lang='lat' dir='ltr'><strong>dato</strong></span> <span class='ocrx_word' id='word_1_677' title='bbox 3512 1771 3603 1818; x_wconf 87' lang='lat' dir='ltr'><strong>tuo</strong></span> <span class='ocrx_word' id='word_1_678' title='bbox 3625 1780 3643 1830; x_wconf 79' lang='lat'><strong>&#39;,</strong></span> 
     </span>
    </p>
   </div>
   <div class='ocr_carea' id='block_1_79' title="bbox 2057 1842 3646 1921">
    <p class='ocr_par' dir='ltr' id='par_1_79' title="bbox 2057 1842 3646 1921">
     <span class='ocr_line' id='line_1_80' title="bbox 2057 1842 3646 1921; baseline 0.01 -26"><span class='ocrx_word' id='word_1_679' title='bbox 2057 1842 2151 1895; x_wconf 88' lang='lat' dir='ltr'><strong>sed</strong></span> <span class='ocrx_word' id='word_1_680' title='bbox 2197 1850 2448 1914; x_wconf 88' lang='lat' dir='ltr'><strong>tanquam</strong></span> <span class='ocrx_word' id='word_1_681' title='bbox 2493 1845 2544 1898; x_wconf 89' lang='lat' dir='ltr'><strong>in</strong></span> <span class='ocrx_word' id='word_1_682' title='bbox 2586 1846 2777 1901; x_wconf 87' lang='lat' dir='ltr'><strong>arbore</strong></span> <span class='ocrx_word' id='word_1_683' title='bbox 2806 1847 3097 1915; x_wconf 76' lang='lat' dir='ltr'><strong>dominica,</strong></span> <span class='ocrx_word' id='word_1_684' title='bbox 3130 1867 3286 1918; x_wconf 85' lang='lat' dir='ltr'><strong>quam</strong></span> <span class='ocrx_word' id='word_1_685' title='bbox 3315 1850 3567 1921; x_wconf 78' lang='lat' dir='ltr'><strong>plantavit</strong></span> <span class='ocrx_word' id='word_1_686' title='bbox 3590 1864 3646 1912; x_wconf 86' lang='lat' dir='ltr'><strong>et</strong></span> 
     </span>
    </p>
   </div>
   <div class='ocr_carea' id='block_1_80' title="bbox 2057 1933 3642 2011">
    <p class='ocr_par' dir='ltr' id='par_1_80' title="bbox 2057 1933 3642 2011">
     <span class='ocr_line' id='line_1_81' title="bbox 2057 1933 3642 2011; baseline 0.009 -24"><span class='ocrx_word' id='word_1_687' title='bbox 2057 1933 2281 2003; x_wconf 81' lang='lat' dir='ltr'><strong>rigavit,</strong></span> <span class='ocrx_word' id='word_1_688' title='bbox 2328 1938 2558 1990; x_wconf 82' lang='lat' dir='ltr'><strong>fructum</strong></span> <span class='ocrx_word' id='word_1_689' title='bbox 2602 1938 2812 2007; x_wconf 73' lang='lat' dir='ltr'><strong>qutt&#39;ril.</strong></span> <span class='ocrx_word' id='word_1_690' title='bbox 2858 1938 3031 2008; x_wconf 85' lang='lat' dir='ltr'><strong>Ipsum</strong></span> <span class='ocrx_word' id='word_1_691' title='bbox 3073 1942 3194 1996; x_wconf 88' lang='lat' dir='ltr'><strong>audi</strong></span> <span class='ocrx_word' id='word_1_692' title='bbox 3234 1942 3300 1997; x_wconf 88' lang='lat' dir='ltr'><strong>de</strong></span> <span class='ocrx_word' id='word_1_693' title='bbox 3328 1946 3642 2011; x_wconf 84' lang='lat' dir='ltr'><strong>quibusdam</strong></span> 
     </span>
    </p>
   </div>
   <div class='ocr_carea' id='block_1_81' title="bbox 2057 2024 3644 2104">
    <p class='ocr_par' dir='ltr' id='par_1_81' title="bbox 2057 2024 3644 2104">
     <span class='ocr_line' id='line_1_82' title="bbox 2057 2024 3644 2104; baseline 0.008 -26"><span class='ocrx_word' id='word_1_694' title='bbox 2057 2024 2368 2091; x_wconf 72' lang='lat' dir='ltr'><strong>dicentem,</strong></span> <span class='ocrx_word' id='word_1_695' title='bbox 2419 2042 2541 2081; x_wconf 84' lang='lat' dir='ltr'><strong>cum</strong></span> <span class='ocrx_word' id='word_1_696' title='bbox 2593 2027 2661 2081; x_wconf 92' lang='lat' dir='ltr'><strong>de</strong></span> <span class='ocrx_word' id='word_1_697' title='bbox 2712 2029 2906 2083; x_wconf 87' lang='lat' dir='ltr'><strong>talibus</strong></span> <span class='ocrx_word' id='word_1_698' title='bbox 2946 2032 3248 2104; x_wconf 77' lang='lat' dir='ltr'><strong>loqueretur</strong></span> <span class='ocrx_word' id='word_1_699' title='bbox 3291 2051 3305 2087; x_wconf 92' lang='lat'><strong>:</strong></span> <span class='ocrx_word' id='word_1_700' title='bbox 3359 2033 3479 2090; x_wconf 76' lang='lat' dir='ltr'><strong>Non</strong></span> <span class='ocrx_word' id='word_1_701' title='bbox 3522 2038 3644 2094; x_wconf 83' lang='lat' dir='ltr'><strong>auia</strong></span> 
     </span>
    </p>
   </div>
   <div class='ocr_carea' id='block_1_82' title="bbox 2055 2116 3639 2195">
    <p class='ocr_par' dir='ltr' id='par_1_82' title="bbox 2055 2116 3639 2195">
     <span class='ocr_line' id='line_1_83' title="bbox 2055 2116 3639 2195; baseline 0.008 -25"><span class='ocrx_word' id='word_1_702' title='bbox 2055 2128 2226 2187; x_wconf 79' lang='lat' dir='ltr'><strong>quer</strong></span> <span class='ocrx_word' id='word_1_703' title='bbox 2262 2116 2473 2184; x_wconf 79' lang='lat' dir='ltr'><strong>datum,</strong></span> <span class='ocrx_word' id='word_1_704' title='bbox 2513 2118 2602 2173; x_wconf 85' lang='lat' dir='ltr'><strong>sed</strong></span> <span class='ocrx_word' id='word_1_705' title='bbox 2638 2120 2837 2190; x_wconf 78' lang='lat' dir='ltr'><strong>requiro</strong></span> <span class='ocrx_word' id='word_1_706' title='bbox 2867 2125 3087 2191; x_wconf 77' lang='lat' dir='ltr'><strong>fructum</strong></span> <span class='ocrx_word' id='word_1_707' title='bbox 3117 2121 3376 2195; x_wconf 72' lang='lat' dir='ltr'><strong>(Philipp.</strong></span> <span class='ocrx_word' id='word_1_708' title='bbox 3408 2142 3457 2181; x_wconf 86' lang='lat' dir='ltr'><strong>tv</strong></span> <span class='ocrx_word' id='word_1_709' title='bbox 3478 2170 3493 2191; x_wconf 90' lang='lat'><strong>,</strong></span> <span class='ocrx_word' id='word_1_710' title='bbox 3528 2128 3639 2195; x_wconf 77' lang='lat' dir='ltr'><strong>i7}.</strong></span> 
     </span>
    </p>
   </div>
   <div class='ocr_carea' id='block_1_83' title="bbox 2060 2198 3644 2283">
    <p class='ocr_par' dir='ltr' id='par_1_83' title="bbox 2060 2198 3644 2283">
     <span class='ocr_line' id='line_1_84' title="bbox 2060 2198 3644 2283; baseline 0.008 -25"><span class='ocrx_word' id='word_1_711' title='bbox 2060 2230 2065 2237; x_wconf 65' lang='grc' dir='ltr'>ν</span> <span class='ocrx_word' id='word_1_712' title='bbox 2129 2206 2218 2261; x_wconf 85' lang='grc'><strong>15.</strong></span> <span class='ocrx_word' id='word_1_713' title='bbox 2268 2198 2392 2261; x_wconf 77' lang='lat' dir='ltr'><strong>Non</strong></span> <span class='ocrx_word' id='word_1_714' title='bbox 2432 2217 2506 2263; x_wconf 83' lang='lat' dir='ltr'><strong>est</strong></span> <span class='ocrx_word' id='word_1_715' title='bbox 2542 2209 2787 2265; x_wconf 66' lang='lat' dir='ltr'><strong>sollicitus</strong></span> <span class='ocrx_word' id='word_1_716' title='bbox 2827 2211 2890 2265; x_wconf 84' lang='lat' dir='ltr'><strong>de</strong></span> <span class='ocrx_word' id='word_1_717' title='bbox 2930 2212 3143 2283; x_wconf 68' lang='lat' dir='ltr'><strong>hisque:</strong></span> <span class='ocrx_word' id='word_1_718' title='bbox 3170 2214 3224 2269; x_wconf 84' lang='lat' dir='ltr'><strong>in</strong></span> <span class='ocrx_word' id='word_1_719' title='bbox 3252 2215 3401 2271; x_wconf 75' lang='lat' dir='ltr'><strong>domo</strong></span> <span class='ocrx_word' id='word_1_720' title='bbox 3425 2226 3540 2271; x_wconf 79' lang='lat' dir='ltr'><strong>sunt</strong></span> <span class='ocrx_word' id='word_1_721' title='bbox 3566 2222 3644 2272; x_wconf 78' lang='lat' dir='ltr'><strong>vir</strong></span> 
     </span>
    </p>
   </div>
   <div class='ocr_carea' id='block_1_84' title="bbox 2060 2286 3639 2358">
    <p class='ocr_par' dir='ltr' id='par_1_84' title="bbox 2060 2286 3639 2358">
     <span class='ocr_line' id='line_1_85' title="bbox 2060 2286 3639 2358; baseline 0.005 -17"><span class='ocrx_word' id='word_1_722' title='bbox 2060 2286 2198 2358; x_wconf 79' lang='lat' dir='ltr'><strong>ejus.</strong></span> <span class='ocrx_word' id='word_1_723' title='bbox 2216 2302 2333 2342; x_wconf 83' lang='lat' dir='ltr'><strong>cum</strong></span> <span class='ocrx_word' id='word_1_724' title='bbox 2357 2286 2555 2341; x_wconf 72' lang='lat' dir='ltr'><strong>alicubi</strong></span> <span class='ocrx_word' id='word_1_725' title='bbox 2572 2290 2899 2343; x_wconf 81' lang='lat' dir='ltr'><strong>demoratur.</strong></span> <span class='ocrx_word' id='word_1_726' title='bbox 2918 2289 3040 2344; x_wconf 83' lang='lat' dir='ltr'><strong>Non</strong></span> <span class='ocrx_word' id='word_1_727' title='bbox 3061 2301 3133 2344; x_wconf 86' lang='lat' dir='ltr'><strong>est</strong></span> <span class='ocrx_word' id='word_1_728' title='bbox 3159 2292 3417 2347; x_wconf 71' lang='lat' dir='ltr'><strong>sollicitus</strong></span> <span class='ocrx_word' id='word_1_729' title='bbox 3433 2309 3550 2355; x_wconf 74' lang='lat' dir='ltr'><strong>ante</strong></span> <span class='ocrx_word' id='word_1_730' title='bbox 3582 2296 3639 2348; x_wconf 76' lang='lat' dir='ltr'><strong>iis</strong></span> 
     </span>
    </p>
   </div>
   <div class='ocr_carea' id='block_1_85' title="bbox 2058 2380 3639 2457">
    <p class='ocr_par' dir='ltr' id='par_1_85' title="bbox 2058 2380 3639 2457">
     <span class='ocr_line' id='line_1_86' title="bbox 2058 2380 3639 2457; baseline 0.006 -23"><span class='ocrx_word' id='word_1_731' title='bbox 2058 2380 2216 2435; x_wconf 73' lang='lat' dir='ltr'><strong>domo</strong></span> <span class='ocrx_word' id='word_1_732' title='bbox 2238 2389 2379 2445; x_wconf 85' lang='lat' dir='ltr'><strong>sunt,</strong></span> <span class='ocrx_word' id='word_1_733' title='bbox 2412 2382 2495 2435; x_wconf 74' lang='lat' dir='ltr'><strong>vir</strong></span> <span class='ocrx_word' id='word_1_734' title='bbox 2533 2381 2649 2450; x_wconf 85' lang='lat' dir='ltr'><strong>ejus</strong></span> <span class='ocrx_word' id='word_1_735' title='bbox 2675 2397 2694 2435; x_wconf 91' lang='lat'><strong><em>:</em></strong></span> <span class='ocrx_word' id='word_1_736' title='bbox 2737 2384 2859 2450; x_wconf 87' lang='lat' dir='ltr'><strong>quia</strong></span> <span class='ocrx_word' id='word_1_737' title='bbox 2895 2384 3047 2438; x_wconf 89' lang='lat' dir='ltr'><strong>novit</strong></span> <span class='ocrx_word' id='word_1_738' title='bbox 3077 2384 3340 2441; x_wconf 86' lang='lat' dir='ltr'><strong>Dominus</strong></span> <span class='ocrx_word' id='word_1_739' title='bbox 3367 2389 3459 2457; x_wconf 76' lang='lat' dir='ltr'><strong>qui</strong></span> <span class='ocrx_word' id='word_1_740' title='bbox 3506 2399 3639 2444; x_wconf 80' lang='lat' dir='ltr'><strong>sunt</strong></span> 
     </span>
    </p>
   </div>
   <div class='ocr_carea' id='block_1_86' title="bbox 2057 2472 3636 2549">
    <p class='ocr_par' dir='ltr' id='par_1_86' title="bbox 2057 2472 3636 2549">
     <span class='ocr_line' id='line_1_87' title="bbox 2057 2472 3636 2549; baseline 0.006 -22"><span class='ocrx_word' id='word_1_741' title='bbox 2057 2472 2178 2544; x_wconf 73' lang='lat' dir='ltr'><strong>ejus</strong></span> <span class='ocrx_word' id='word_1_742' title='bbox 2200 2473 2265 2542; x_wconf 94' lang='lat' dir='ltr'><strong>(ll</strong></span> <span class='ocrx_word' id='word_1_743' title='bbox 2297 2473 2409 2526; x_wconf 78' lang='lat' dir='ltr'><strong>Tim</strong></span> <span class='ocrx_word' id='word_1_744' title='bbox 2455 2491 2514 2534; x_wconf 84' lang='grc' dir='ltr'>ιι,</span> <span class='ocrx_word' id='word_1_745' title='bbox 2538 2473 2649 2542; x_wconf 79' lang='lat' dir='ltr'><strong>l9).</strong></span> <span class='ocrx_word' id='word_1_746' title='bbox 2674 2473 3062 2540; x_wconf 83' lang='lat' dir='ltr'><strong>Quomodo‘sit</strong></span> <span class='ocrx_word' id='word_1_747' title='bbox 3090 2476 3393 2533; x_wconf 78' lang='lat' dir='ltr'><strong>sollicitus:</strong></span> <span class='ocrx_word' id='word_1_748' title='bbox 3416 2482 3636 2549; x_wconf 72' lang='lat' dir='ltr'><strong>quando</strong></span> 
     </span>
    </p>
   </div>
   <div class='ocr_carea' id='block_1_87' title="bbox 2055 2566 3632 2641">
    <p class='ocr_par' dir='ltr' id='par_1_87' title="bbox 2055 2566 3632 2641">
     <span class='ocr_line' id='line_1_88' title="bbox 2055 2566 3632 2641; baseline 0.005 -22"><span class='ocrx_word' id='word_1_749' title='bbox 2055 2580 2185 2636; x_wconf 68' lang='lat' dir='ltr'><strong>quos</strong></span> <span class='ocrx_word' id='word_1_750' title='bbox 2216 2566 2628 2635; x_wconf 75' lang='lat' dir='ltr'><strong>pra&#39;destinavit,</strong></span> <span class='ocrx_word' id='word_1_751' title='bbox 2652 2567 2790 2635; x_wconf 83' lang='lat' dir='ltr'><strong>ipsos</strong></span> <span class='ocrx_word' id='word_1_752' title='bbox 2814 2578 2862 2620; x_wconf 83' lang='lat' dir='ltr'><strong>et</strong></span> <span class='ocrx_word' id='word_1_753' title='bbox 2892 2570 3128 2633; x_wconf 78' lang='lat' dir='ltr'><strong>vocarit;</strong></span> <span class='ocrx_word' id='word_1_754' title='bbox 3161 2581 3211 2624; x_wconf 79' lang='lat' dir='ltr'><strong>et</strong></span> <span class='ocrx_word' id='word_1_755' title='bbox 3247 2587 3376 2641; x_wconf 76' lang='lat' dir='ltr'><strong>quos</strong></span> <span class='ocrx_word' id='word_1_756' title='bbox 3408 2575 3632 2635; x_wconf 74' lang='lat' dir='ltr'><strong>vocavit.</strong></span> 
     </span>
    </p>
   </div>
   <div class='ocr_carea' id='block_1_88' title="bbox 2056 2655 3638 2737">
    <p class='ocr_par' dir='ltr' id='par_1_88' title="bbox 2056 2655 3638 2737">
     <span class='ocr_line' id='line_1_89' title="bbox 2056 2655 3638 2737; baseline 0.006 -27"><span class='ocrx_word' id='word_1_757' title='bbox 2056 2658 2195 2727; x_wconf 80' lang='lat' dir='ltr'><strong>ipsos</strong></span> <span class='ocrx_word' id='word_1_758' title='bbox 2213 2655 2618 2723; x_wconf 76' lang='lat' dir='ltr'><strong>rtjustiﬁcauit;</strong></span> <span class='ocrx_word' id='word_1_759' title='bbox 2642 2665 2690 2712; x_wconf 88' lang='lat' dir='ltr'><strong>et</strong></span> <span class='ocrx_word' id='word_1_760' title='bbox 2708 2660 3178 2730; x_wconf 76' lang='lat' dir='ltr'><strong>quosjustilicavit,</strong></span> <span class='ocrx_word' id='word_1_761' title='bbox 3203 2665 3342 2729; x_wconf 79' lang='lat' dir='ltr'><strong>ipsos</strong></span> <span class='ocrx_word' id='word_1_762' title='bbox 3364 2674 3415 2721; x_wconf 83' lang='lat' dir='ltr'><strong>et</strong></span> <span class='ocrx_word' id='word_1_763' title='bbox 3435 2666 3638 2737; x_wconf 77' lang='lat' dir='ltr'><strong>gloriﬁ—</strong></span> 
     </span>
    </p>
   </div>
   <div class='ocr_carea' id='block_1_89' title="bbox 2054 2746 3633 2825">
    <p class='ocr_par' dir='ltr' id='par_1_89' title="bbox 2054 2746 3633 2825">
     <span class='ocr_line' id='line_1_90' title="bbox 2054 2746 3633 2825; baseline 0.004 -23"><span class='ocrx_word' id='word_1_764' title='bbox 2054 2748 2235 2802; x_wconf 70' lang='lat' dir='ltr'><strong>mit!</strong></span> <span class='ocrx_word' id='word_1_765' title='bbox 2256 2746 2316 2802; x_wconf 85' lang='lat' dir='ltr'><strong>Si</strong></span> <span class='ocrx_word' id='word_1_766' title='bbox 2342 2747 2481 2802; x_wconf 78' lang='lat' dir='ltr'><strong>Deus</strong></span> <span class='ocrx_word' id='word_1_767' title='bbox 2501 2764 2595 2818; x_wconf 88' lang='lat' dir='ltr'><strong>pro</strong></span> <span class='ocrx_word' id='word_1_768' title='bbox 2620 2749 2788 2813; x_wconf 79' lang='lat' dir='ltr'><strong>nobis,</strong></span> <span class='ocrx_word' id='word_1_769' title='bbox 2818 2751 2934 2818; x_wconf 83' lang='lat' dir='ltr'><strong>quis</strong></span> <span class='ocrx_word' id='word_1_770' title='bbox 2967 2762 3154 2806; x_wconf 73' lang='lat' dir='ltr'><strong>contra</strong></span> <span class='ocrx_word' id='word_1_771' title='bbox 3189 2770 3281 2807; x_wconf 80' lang='lat' dir='ltr'><strong>nos</strong></span> <span class='ocrx_word' id='word_1_772' title='bbox 3310 2753 3488 2825; x_wconf 73' lang='lat' dir='ltr'><strong>(Rom.</strong></span> <span class='ocrx_word' id='word_1_773' title='bbox 3510 2773 3633 2821; x_wconf 82' lang='lat' dir='ltr'><strong>vm,</strong></span> 
     </span>
    </p>
   </div>
   <div class='ocr_carea' id='block_1_90' title="bbox 2054 2835 3636 2913">
    <p class='ocr_par' dir='ltr' id='par_1_90' title="bbox 2054 2835 3636 2913">
     <span class='ocr_line' id='line_1_91' title="bbox 2054 2835 3636 2913; baseline 0.004 -17"><span class='ocrx_word' id='word_1_774' title='bbox 2054 2840 2146 2904; x_wconf 76' lang='lat'><strong>50.</strong></span> <span class='ocrx_word' id='word_1_775' title='bbox 2168 2839 2444 2908; x_wconf 78' lang='grc' dir='ltr'><strong>51)1Νωι</strong></span> <span class='ocrx_word' id='word_1_776' title='bbox 2467 2851 2541 2895; x_wconf 87' lang='lat' dir='ltr'><strong>cst</strong></span> <span class='ocrx_word' id='word_1_777' title='bbox 2567 2841 2823 2896; x_wconf 77' lang='lat' dir='ltr'><strong>sollicitus</strong></span> <span class='ocrx_word' id='word_1_778' title='bbox 2840 2843 2923 2897; x_wconf 79' lang='lat' dir='ltr'><strong>uir</strong></span> <span class='ocrx_word' id='word_1_779' title='bbox 2939 2844 3054 2913; x_wconf 73' lang='lat' dir='ltr'><strong>ejus</strong></span> <span class='ocrx_word' id='word_1_780' title='bbox 3078 2860 3098 2898; x_wconf 89' lang='lat'><strong><em>:</em></strong></span> <span class='ocrx_word' id='word_1_781' title='bbox 3119 2846 3270 2899; x_wconf 81' lang='lat' dir='ltr'><strong>novit</strong></span> <span class='ocrx_word' id='word_1_782' title='bbox 3290 2862 3440 2913; x_wconf 85' lang='lat' dir='ltr'><strong>suos,</strong></span> <span class='ocrx_word' id='word_1_783' title='bbox 3466 2835 3636 2903; x_wconf 82' lang='lat' dir='ltr'><strong>nove-</strong></span> 
     </span>
    </p>
   </div>
   <div class='ocr_carea' id='block_1_91' title="bbox 2053 2931 3631 3000">
    <p class='ocr_par' dir='ltr' id='par_1_91' title="bbox 2053 2931 3631 3000">
     <span class='ocr_line' id='line_1_92' title="bbox 2053 2931 3631 3000; baseline 0.004 -13"><span class='ocrx_word' id='word_1_784' title='bbox 2053 2938 2184 2988; x_wconf 82' lang='lat' dir='ltr'><strong>runt</strong></span> <span class='ocrx_word' id='word_1_785' title='bbox 2195 2946 2322 2988; x_wconf 85' lang='lat' dir='ltr'><strong>eum</strong></span> <span class='ocrx_word' id='word_1_786' title='bbox 2340 2932 2443 2987; x_wconf 90' lang='lat' dir='ltr'><strong>sui.</strong></span> <span class='ocrx_word' id='word_1_787' title='bbox 2462 2931 2592 2989; x_wconf 77' lang='lat' dir='ltr'><strong>Cum</strong></span> <span class='ocrx_word' id='word_1_788' title='bbox 2609 2934 2811 2987; x_wconf 77' lang='lat' dir='ltr'><strong>alicubi</strong></span> <span class='ocrx_word' id='word_1_789' title='bbox 2826 2936 3152 2991; x_wconf 78' lang='lat' dir='ltr'><strong>demoratur.</strong></span> <span class='ocrx_word' id='word_1_790' title='bbox 3171 2934 3273 2992; x_wconf 72' lang='lat' dir='ltr'><strong>Ubi</strong></span> <span class='ocrx_word' id='word_1_791' title='bbox 3294 2937 3631 3000; x_wconf 79' lang='lat' dir='ltr'><strong>demoratur.</strong></span> 
     </span>
    </p>
   </div>
   <div class='ocr_carea' id='block_1_92' title="bbox 2050 3022 3631 3100">
    <p class='ocr_par' dir='ltr' id='par_1_92' title="bbox 2050 3022 3631 3100">
     <span class='ocr_line' id='line_1_93' title="bbox 2050 3022 3631 3100; baseline 0.006 -21"><span class='ocrx_word' id='word_1_792' title='bbox 2050 3022 2161 3081; x_wconf 79' lang='lat' dir='ltr'><strong>nisi</strong></span> <span class='ocrx_word' id='word_1_793' title='bbox 2191 3023 2338 3079; x_wconf 83' lang='lat' dir='ltr'><strong>unde</strong></span> <span class='ocrx_word' id='word_1_794' title='bbox 2358 3034 2625 3081; x_wconf 84' lang='lat' dir='ltr'><strong>venturus</strong></span> <span class='ocrx_word' id='word_1_795' title='bbox 2640 3026 2758 3081; x_wconf 84' lang='lat' dir='ltr'><strong>est?</strong></span> <span class='ocrx_word' id='word_1_796' title='bbox 2793 3025 3113 3083; x_wconf 77' lang='lat' dir='ltr'><strong>Demoratm‘</strong></span> <span class='ocrx_word' id='word_1_797' title='bbox 3142 3028 3238 3094; x_wconf 84' lang='lat' dir='ltr'><strong>ibi,</strong></span> <span class='ocrx_word' id='word_1_798' title='bbox 3258 3031 3414 3100; x_wconf 83' lang='lat' dir='ltr'><strong>quasi</strong></span> <span class='ocrx_word' id='word_1_799' title='bbox 3453 3031 3631 3089; x_wconf 80' lang='lat' dir='ltr'><strong>tardat</strong></span> 
     </span>
    </p>
   </div>
   <div class='ocr_carea' id='block_1_93' title="bbox 2051 3113 3632 3189">
    <p class='ocr_par' dir='ltr' id='par_1_93' title="bbox 2051 3113 3632 3189">
     <span class='ocr_line' id='line_1_94' title="bbox 2051 3113 3632 3189; baseline 0.004 -18"><span class='ocrx_word' id='word_1_800' title='bbox 2051 3114 2126 3171; x_wconf 74' lang='lat' dir='ltr'><strong>ibi</strong></span> <span class='ocrx_word' id='word_1_801' title='bbox 2168 3113 2324 3170; x_wconf 75' lang='lat' dir='ltr'><strong>Multi</strong></span> <span class='ocrx_word' id='word_1_802' title='bbox 2342 3116 2491 3170; x_wconf 85' lang='lat' dir='ltr'><strong>enim</strong></span> <span class='ocrx_word' id='word_1_803' title='bbox 2510 3116 2622 3184; x_wconf 85' lang='lat' dir='ltr'><strong>jam</strong></span> <span class='ocrx_word' id='word_1_804' title='bbox 2643 3117 2956 3172; x_wconf 75' lang='lat' dir='ltr'><strong>desiderant</strong></span> <span class='ocrx_word' id='word_1_805' title='bbox 2980 3120 3273 3174; x_wconf 78' lang='lat' dir='ltr'><strong>adventum</strong></span> <span class='ocrx_word' id='word_1_806' title='bbox 3291 3122 3443 3189; x_wconf 73' lang='lat' dir='ltr'><strong>ejus;</strong></span> <span class='ocrx_word' id='word_1_807' title='bbox 3467 3132 3523 3177; x_wconf 88' lang='lat' dir='ltr'><strong>et</strong></span> <span class='ocrx_word' id='word_1_808' title='bbox 3541 3123 3632 3178; x_wconf 84' lang='lat' dir='ltr'><strong>de-</strong></span> 
     </span>
    </p>
   </div>
   <div class='ocr_carea' id='block_1_94' title="bbox 2049 3206 3631 3279">
    <p class='ocr_par' dir='ltr' id='par_1_94' title="bbox 2049 3206 3631 3279">
     <span class='ocr_line' id='line_1_95' title="bbox 2049 3206 3631 3279; baseline 0.003 -14"><span class='ocrx_word' id='word_1_809' title='bbox 2049 3208 2311 3265; x_wconf 71' lang='lat' dir='ltr'><strong>siderium</strong></span> <span class='ocrx_word' id='word_1_810' title='bbox 2333 3222 2526 3263; x_wconf 89' lang='lat' dir='ltr'><strong>eorum</strong></span> <span class='ocrx_word' id='word_1_811' title='bbox 2552 3206 2823 3269; x_wconf 69' lang='lat' dir='ltr'><strong>dilectur.</strong></span> <span class='ocrx_word' id='word_1_812' title='bbox 2853 3211 3026 3264; x_wconf 82' lang='lat' dir='ltr'><strong>donec</strong></span> <span class='ocrx_word' id='word_1_813' title='bbox 3052 3212 3344 3279; x_wconf 64' lang='lat' dir='ltr'><strong>impleatur</strong></span> <span class='ocrx_word' id='word_1_814' title='bbox 3369 3229 3631 3269; x_wconf 84' lang='lat' dir='ltr'><strong>numerus</strong></span> 
     </span>
    </p>
   </div>
   <div class='ocr_carea' id='block_1_95' title="bbox 2050 3301 3640 3373">
    <p class='ocr_par' dir='ltr' id='par_1_95' title="bbox 2050 3301 3640 3373">
     <span class='ocr_line' id='line_1_96' title="bbox 2050 3301 3640 3373; baseline 0.007 -20"><span class='ocrx_word' id='word_1_815' title='bbox 2050 3301 2410 3355; x_wconf 82' lang='lat' dir='ltr'><strong>membrorum</strong></span> <span class='ocrx_word' id='word_1_816' title='bbox 2460 3312 2716 3357; x_wconf 78' lang='lat' dir='ltr'><strong>matrona:</strong></span> <span class='ocrx_word' id='word_1_817' title='bbox 2754 3302 2934 3373; x_wconf 68' lang='lat' dir='ltr'><strong>huius.</strong></span> <span class='ocrx_word' id='word_1_818' title='bbox 2976 3304 3126 3361; x_wconf 73' lang='lat' dir='ltr'><strong>Multi</strong></span> <span class='ocrx_word' id='word_1_819' title='bbox 3174 3315 3351 3362; x_wconf 84' lang='lat' dir='ltr'><strong>autem</strong></span> <span class='ocrx_word' id='word_1_820' title='bbox 3394 3307 3460 3363; x_wconf 85' lang='lat' dir='ltr'><strong>nd</strong></span> <span class='ocrx_word' id='word_1_821' title='bbox 3488 3325 3640 3365; x_wconf 81' lang='lat' dir='ltr'><strong>suam</strong></span> 
     </span>
    </p>
   </div>
   <div class='ocr_carea' id='block_1_96' title="bbox 2051 3391 3644 3463">
    <p class='ocr_par' dir='ltr' id='par_1_96' title="bbox 2051 3391 3644 3463">
     <span class='ocr_line' id='line_1_97' title="bbox 2051 3391 3644 3463; baseline 0.008 -19"><span class='ocrx_word' id='word_1_822' title='bbox 2051 3391 2376 3461; x_wconf 78' lang='lat' dir='ltr'><strong>impietatem</strong></span> <span class='ocrx_word' id='word_1_823' title='bbox 2419 3393 2667 3449; x_wconf 81' lang='lat' dir='ltr'><strong>tarditate</strong></span> <span class='ocrx_word' id='word_1_824' title='bbox 2707 3394 2847 3449; x_wconf 85' lang='lat' dir='ltr'><strong>illius</strong></span> <span class='ocrx_word' id='word_1_825' title='bbox 2884 3395 3205 3463; x_wconf 74' lang='lat' dir='ltr'><strong>abutuntur;</strong></span> <span class='ocrx_word' id='word_1_826' title='bbox 3238 3408 3290 3453; x_wconf 92' lang='lat' dir='ltr'><strong>et</strong></span> <span class='ocrx_word' id='word_1_827' title='bbox 3319 3398 3443 3455; x_wconf 89' lang='lat' dir='ltr'><strong>dicit</strong></span> <span class='ocrx_word' id='word_1_828' title='bbox 3470 3401 3644 3457; x_wconf 85' lang='lat' dir='ltr'><strong>malus</strong></span> 
     </span>
    </p>
   </div>
   <div class='ocr_carea' id='block_1_97' title="bbox 2049 3482 3643 3559">
    <p class='ocr_par' dir='ltr' id='par_1_97' title="bbox 2049 3482 3643 3559">
     <span class='ocr_line' id='line_1_98' title="bbox 2049 3482 3643 3559; baseline 0.005 -22"><span class='ocrx_word' id='word_1_829' title='bbox 2049 3497 2236 3537; x_wconf 81' lang='lat' dir='ltr'><strong>servus</strong></span> <span class='ocrx_word' id='word_1_830' title='bbox 2255 3525 2269 3549; x_wconf 91' lang='lat'><strong>,</strong></span> <span class='ocrx_word' id='word_1_831' title='bbox 2303 3482 2494 3537; x_wconf 82' lang='lat' dir='ltr'><strong>Tardat</strong></span> <span class='ocrx_word' id='word_1_832' title='bbox 2520 3484 2753 3538; x_wconf 85' lang='lat' dir='ltr'><strong>dominus</strong></span> <span class='ocrx_word' id='word_1_833' title='bbox 2782 3503 2940 3539; x_wconf 82' lang='lat' dir='ltr'><strong>meus.</strong></span> <span class='ocrx_word' id='word_1_834' title='bbox 2972 3486 3041 3541; x_wconf 83' lang='lat' dir='ltr'><strong>Et</strong></span> <span class='ocrx_word' id='word_1_835' title='bbox 3071 3488 3253 3559; x_wconf 89' lang='lat' dir='ltr'><strong>incipit</strong></span> <span class='ocrx_word' id='word_1_836' title='bbox 3281 3490 3487 3545; x_wconf 74' lang='lat' dir='ltr'><strong>ca-derc</strong></span> <span class='ocrx_word' id='word_1_837' title='bbox 3509 3508 3643 3545; x_wconf 63' lang='lat' dir='ltr'><strong>cun.</strong></span> 
     </span>
    </p>
   </div>
   <div class='ocr_carea' id='block_1_98' title="bbox 2049 3573 3642 3655">
    <p class='ocr_par' dir='ltr' id='par_1_98' title="bbox 2049 3573 3642 3655">
     <span class='ocr_line' id='line_1_99' title="bbox 2049 3573 3642 3655; baseline 0.006 -29"><span class='ocrx_word' id='word_1_838' title='bbox 2049 3578 2363 3631; x_wconf 84' lang='lat' dir='ltr'><strong>servos:‘ct</strong></span> <span class='ocrx_word' id='word_1_839' title='bbox 2403 3573 2651 3629; x_wconf 83' lang='lat' dir='ltr'><strong>inebriari</strong></span> <span class='ocrx_word' id='word_1_840' title='bbox 2693 3591 2812 3629; x_wconf 88' lang='lat' dir='ltr'><strong>cum</strong></span> <span class='ocrx_word' id='word_1_841' title='bbox 2851 3577 3021 3632; x_wconf 82' lang='lat' dir='ltr'><strong>malis.</strong></span> <span class='ocrx_word' id='word_1_842' title='bbox 3068 3575 3238 3633; x_wconf 82' lang='lat' dir='ltr'><strong>Veniet</strong></span> <span class='ocrx_word' id='word_1_843' title='bbox 3267 3579 3502 3635; x_wconf 77' lang='lat' dir='ltr'><strong>dominus</strong></span> <span class='ocrx_word' id='word_1_844' title='bbox 3528 3598 3642 3655; x_wconf 65' lang='lat' dir='ltr'><strong>ejus</strong></span> 
     </span>
    </p>
   </div>
   <div class='ocr_carea' id='block_1_99' title="bbox 2047 3664 3637 3741">
    <p class='ocr_par' dir='ltr' id='par_1_99' title="bbox 2047 3664 3637 3741">
     <span class='ocr_line' id='line_1_100' title="bbox 2047 3664 3637 3741; baseline 0.006 -24"><span class='ocrx_word' id='word_1_845' title='bbox 2047 3664 2103 3717; x_wconf 85' lang='lat' dir='ltr'><strong>in</strong></span> <span class='ocrx_word' id='word_1_846' title='bbox 2145 3665 2227 3718; x_wconf 73' lang='lat' dir='ltr'><strong>die</strong></span> <span class='ocrx_word' id='word_1_847' title='bbox 2265 3679 2368 3736; x_wconf 70' lang='lat' dir='ltr'><strong>qua</strong></span> <span class='ocrx_word' id='word_1_848' title='bbox 2406 3668 2589 3730; x_wconf 75' lang='lat' dir='ltr'><strong>nescit,</strong></span> <span class='ocrx_word' id='word_1_849' title='bbox 2620 3677 2666 3721; x_wconf 86' lang='lat' dir='ltr'><strong>ct</strong></span> <span class='ocrx_word' id='word_1_850' title='bbox 2694 3668 2818 3720; x_wconf 89' lang='lat' dir='ltr'><strong>hora</strong></span> <span class='ocrx_word' id='word_1_851' title='bbox 2842 3685 2943 3741; x_wconf 76' lang='lat' dir='ltr'><strong>qua</strong></span> <span class='ocrx_word' id='word_1_852' title='bbox 2966 3669 3195 3740; x_wconf 80' lang='lat' dir='ltr'><strong>ignorat,</strong></span> <span class='ocrx_word' id='word_1_853' title='bbox 3221 3682 3267 3725; x_wconf 85' lang='lat' dir='ltr'><strong>et</strong></span> <span class='ocrx_word' id='word_1_854' title='bbox 3289 3673 3475 3728; x_wconf 80' lang='lat' dir='ltr'><strong>dividet</strong></span> <span class='ocrx_word' id='word_1_855' title='bbox 3500 3690 3637 3727; x_wconf 83' lang='lat' dir='ltr'><strong>eum.</strong></span> 
     </span>
    </p>
   </div>
   <div class='ocr_carea' id='block_1_100' title="bbox 2048 3757 3639 3837">
    <p class='ocr_par' dir='ltr' id='par_1_100' title="bbox 2048 3757 3639 3837">
     <span class='ocr_line' id='line_1_101' title="bbox 2048 3757 3639 3837; baseline 0.009 -28"><span class='ocrx_word' id='word_1_856' title='bbox 2048 3757 2408 3812; x_wconf 77' lang='lat' dir='ltr'><strong>Ministrorum</strong></span> <span class='ocrx_word' id='word_1_857' title='bbox 2448 3758 2591 3812; x_wconf 82' lang='lat' dir='ltr'><strong>enim</strong></span> <span class='ocrx_word' id='word_1_858' title='bbox 2620 3767 2674 3812; x_wconf 88' lang='lat' dir='ltr'><strong>et</strong></span> <span class='ocrx_word' id='word_1_859' title='bbox 2701 3761 3106 3828; x_wconf 76' lang='lat' dir='ltr'><strong>pmpositornm</strong></span> <span class='ocrx_word' id='word_1_860' title='bbox 3136 3778 3329 3831; x_wconf 85' lang='lat' dir='ltr'><strong>corpus</strong></span> <span class='ocrx_word' id='word_1_861' title='bbox 3352 3773 3466 3830; x_wconf 86' lang='lat' dir='ltr'><strong>est,</strong></span> <span class='ocrx_word' id='word_1_862' title='bbox 3495 3767 3639 3837; x_wconf 80' lang='lat' dir='ltr'><strong>quod</strong></span> 
     </span>
    </p>
   </div>
   <div class='ocr_carea' id='block_1_101' title="bbox 2047 3846 3635 3925">
    <p class='ocr_par' dir='ltr' id='par_1_101' title="bbox 2047 3846 3635 3925">
     <span class='ocr_line' id='line_1_102' title="bbox 2047 3846 3635 3925; baseline 0.006 -24"><span class='ocrx_word' id='word_1_863' title='bbox 2047 3846 2138 3902; x_wconf 75' lang='lat' dir='ltr'><strong>dat</strong></span> <span class='ocrx_word' id='word_1_864' title='bbox 2183 3849 2236 3902; x_wconf 84' lang='lat' dir='ltr'><strong>in</strong></span> <span class='ocrx_word' id='word_1_865' title='bbox 2280 3856 2523 3919; x_wconf 83' lang='lat' dir='ltr'><strong>tempore</strong></span> <span class='ocrx_word' id='word_1_866' title='bbox 2565 3848 2845 3904; x_wconf 81' lang='lat' dir='ltr'><strong>conservis</strong></span> <span class='ocrx_word' id='word_1_867' title='bbox 2880 3850 3077 3905; x_wconf 88' lang='lat' dir='ltr'><strong>cibaria</strong></span> <span class='ocrx_word' id='word_1_868' title='bbox 3098 3853 3146 3905; x_wconf 81' lang='grc'><strong>³.</strong></span> <span class='ocrx_word' id='word_1_869' title='bbox 3181 3850 3404 3921; x_wconf 68' lang='lat' dir='ltr'><strong>Dii-idet,</strong></span> <span class='ocrx_word' id='word_1_870' title='bbox 3435 3856 3635 3925; x_wconf 87' lang='lat' dir='ltr'><strong>inquit,</strong></span> 
     </span>
    </p>
   </div>
   <div class='ocr_carea' id='block_1_102' title="bbox 2047 3938 3638 4012">
    <p class='ocr_par' dir='ltr' id='par_1_102' title="bbox 2047 3938 3638 4012">
     <span class='ocr_line' id='line_1_103' title="bbox 2047 3938 3638 4012; baseline 0.003 -20"><span class='ocrx_word' id='word_1_871' title='bbox 2047 3955 2182 4008; x_wconf 62' lang='lat' dir='ltr'><strong>eum.</strong></span> <span class='ocrx_word' id='word_1_872' title='bbox 2217 3938 2384 3993; x_wconf 85' lang='lat' dir='ltr'><strong>liabet</strong></span> <span class='ocrx_word' id='word_1_873' title='bbox 2405 3940 2573 3994; x_wconf 75' lang='lat' dir='ltr'><strong>Iunios</strong></span> <span class='ocrx_word' id='word_1_874' title='bbox 2596 3947 2651 3994; x_wconf 90' lang='lat' dir='ltr'><strong>et</strong></span> <span class='ocrx_word' id='word_1_875' title='bbox 2679 3939 2849 3995; x_wconf 83' lang='lat' dir='ltr'><strong>malus</strong></span> <span class='ocrx_word' id='word_1_876' title='bbox 2866 3982 2881 4006; x_wconf 92' lang='lat'><strong>,</strong></span> <span class='ocrx_word' id='word_1_877' title='bbox 2911 3949 2967 3995; x_wconf 92' lang='lat' dir='ltr'><strong>ct</strong></span> <span class='ocrx_word' id='word_1_878' title='bbox 2989 3953 3202 4012; x_wconf 86' lang='lat' dir='ltr'><strong>separat</strong></span> <span class='ocrx_word' id='word_1_879' title='bbox 3222 3944 3390 4000; x_wconf 83' lang='lat' dir='ltr'><strong>maius</strong></span> <span class='ocrx_word' id='word_1_880' title='bbox 3409 3960 3439 4000; x_wconf 90' lang='lat' dir='ltr'><strong>a</strong></span> <span class='ocrx_word' id='word_1_881' title='bbox 3460 3945 3638 4001; x_wconf 82' lang='lat' dir='ltr'><strong>bouis.</strong></span> 
     </span>
    </p>
   </div>
   <div class='ocr_carea' id='block_1_103' title="bbox 2047 4029 3639 4104">
    <p class='ocr_par' dir='ltr' id='par_1_103' title="bbox 2047 4029 3639 4104">
     <span class='ocr_line' id='line_1_104' title="bbox 2047 4029 3639 4104; baseline 0.006 -20"><span class='ocrx_word' id='word_1_882' title='bbox 2047 4029 2116 4084; x_wconf 81' lang='lat' dir='ltr'><strong>Et</strong></span> <span class='ocrx_word' id='word_1_883' title='bbox 2142 4040 2334 4102; x_wconf 56' lang='lat' dir='ltr'><strong>partem</strong></span> <span class='ocrx_word' id='word_1_884' title='bbox 2356 4033 2466 4102; x_wconf 68' lang='lat' dir='ltr'><strong>ejus</strong></span> <span class='ocrx_word' id='word_1_885' title='bbox 2492 4048 2610 4085; x_wconf 81' lang='lat' dir='ltr'><strong>cum</strong></span> <span class='ocrx_word' id='word_1_886' title='bbox 2639 4032 2917 4103; x_wconf 76' lang='lat' dir='ltr'><strong>hypocritis</strong></span> <span class='ocrx_word' id='word_1_887' title='bbox 2944 4044 3109 4104; x_wconf 77' lang='lat' dir='ltr'><strong>ponet.</strong></span> <span class='ocrx_word' id='word_1_888' title='bbox 3138 4034 3252 4091; x_wconf 80' lang='lat' dir='ltr'><strong>Non</strong></span> <span class='ocrx_word' id='word_1_889' title='bbox 3285 4046 3449 4093; x_wconf 83' lang='lat' dir='ltr'><strong>totum</strong></span> <span class='ocrx_word' id='word_1_890' title='bbox 3476 4039 3639 4094; x_wconf 87' lang='lat' dir='ltr'><strong>mini-</strong></span> 
     </span>
    </p>
   </div>
   <div class='ocr_carea' id='block_1_104' title="bbox 2046 4123 3641 4192">
    <p class='ocr_par' dir='ltr' id='par_1_104' title="bbox 2046 4123 3641 4192">
     <span class='ocr_line' id='line_1_105' title="bbox 2046 4123 3641 4192; baseline 0.006 -16"><span class='ocrx_word' id='word_1_891' title='bbox 2046 4131 2213 4176; x_wconf 88' lang='lat' dir='ltr'><strong>strum</strong></span> <span class='ocrx_word' id='word_1_892' title='bbox 2262 4140 2275 4176; x_wconf 88' lang='lat'><strong>:</strong></span> <span class='ocrx_word' id='word_1_893' title='bbox 2318 4123 2439 4192; x_wconf 80' lang='lat' dir='ltr'><strong>quia</strong></span> <span class='ocrx_word' id='word_1_894' title='bbox 2480 4132 2604 4179; x_wconf 84' lang='lat' dir='ltr'><strong>sunt</strong></span> <span class='ocrx_word' id='word_1_895' title='bbox 2640 4124 2713 4179; x_wconf 89' lang='lat' dir='ltr'><strong>ibi</strong></span> <span class='ocrx_word' id='word_1_896' title='bbox 2741 4131 2791 4178; x_wconf 90' lang='lat' dir='ltr'><strong>et</strong></span> <span class='ocrx_word' id='word_1_897' title='bbox 2818 4123 3183 4182; x_wconf 73' lang='lat' dir='ltr'><strong>desiderantes</strong></span> <span class='ocrx_word' id='word_1_898' title='bbox 3209 4128 3498 4184; x_wconf 82' lang='lat' dir='ltr'><strong>adventum</strong></span> <span class='ocrx_word' id='word_1_899' title='bbox 3530 4130 3641 4185; x_wconf 83' lang='lat' dir='ltr'><strong>Do-</strong></span> 
     </span>
    </p>
   </div>
   <div class='ocr_carea' id='block_1_105' title="bbox 2047 4212 3637 4291">
    <p class='ocr_par' dir='ltr' id='par_1_105' title="bbox 2047 4212 3637 4291">
     <span class='ocr_line' id='line_1_106' title="bbox 2047 4212 3637 4291; baseline 0.006 -26"><span class='ocrx_word' id='word_1_900' title='bbox 2047 4213 2195 4266; x_wconf 83' lang='lat' dir='ltr'><strong>mini.</strong></span> <span class='ocrx_word' id='word_1_901' title='bbox 2245 4212 2380 4267; x_wconf 87' lang='lat' dir='ltr'><strong>Sunt</strong></span> <span class='ocrx_word' id='word_1_902' title='bbox 2421 4212 2490 4268; x_wconf 90' lang='lat' dir='ltr'><strong>ibi</strong></span> <span class='ocrx_word' id='word_1_903' title='bbox 2537 4222 2592 4268; x_wconf 88' lang='lat' dir='ltr'><strong>et</strong></span> <span class='ocrx_word' id='word_1_904' title='bbox 2631 4228 2698 4268; x_wconf 78' lang='lat' dir='ltr'><strong>cx</strong></span> <span class='ocrx_word' id='word_1_905' title='bbox 2745 4213 2837 4268; x_wconf 89' lang='lat' dir='ltr'><strong>illo</strong></span> <span class='ocrx_word' id='word_1_906' title='bbox 2881 4230 3135 4283; x_wconf 83' lang='lat' dir='ltr'><strong>numero,</strong></span> <span class='ocrx_word' id='word_1_907' title='bbox 3176 4217 3247 4272; x_wconf 89' lang='lat' dir='ltr'><strong>de</strong></span> <span class='ocrx_word' id='word_1_908' title='bbox 3279 4233 3385 4291; x_wconf 85' lang='lat' dir='ltr'><strong>quo</strong></span> <span class='ocrx_word' id='word_1_909' title='bbox 3409 4219 3637 4286; x_wconf 86' lang='lat' dir='ltr'><strong>dicitur,</strong></span> 
     </span>
    </p>
   </div>
   <div class='ocr_carea' id='block_1_106' title="bbox 2045 4301 3639 4377">
    <p class='ocr_par' dir='ltr' id='par_1_106' title="bbox 2045 4301 3639 4377">
     <span class='ocr_line' id='line_1_107' title="bbox 2045 4301 3639 4377; baseline 0.007 -22"><span class='ocrx_word' id='word_1_910' title='bbox 2045 4301 2230 4356; x_wconf 64' lang='lat' dir='ltr'><strong>Beatus</strong></span> <span class='ocrx_word' id='word_1_911' title='bbox 2262 4304 2349 4357; x_wconf 77' lang='lat' dir='ltr'><strong>ille</strong></span> <span class='ocrx_word' id='word_1_912' title='bbox 2380 4319 2583 4371; x_wconf 61' lang='lat' dir='ltr'><strong>arvus,</strong></span> <span class='ocrx_word' id='word_1_913' title='bbox 2623 4320 2803 4375; x_wconf 77' lang='lat' dir='ltr'><strong>quem,</strong></span> <span class='ocrx_word' id='word_1_914' title='bbox 2840 4321 2955 4359; x_wconf 80' lang='lat' dir='ltr'><strong>cum</strong></span> <span class='ocrx_word' id='word_1_915' title='bbox 2981 4309 3169 4361; x_wconf 72' lang='lat' dir='ltr'><strong>verterit</strong></span> <span class='ocrx_word' id='word_1_916' title='bbox 3197 4309 3461 4377; x_wconf 75' lang='lat' dir='ltr'><strong>donrinus,</strong></span> <span class='ocrx_word' id='word_1_917' title='bbox 3494 4311 3639 4365; x_wconf 72' lang='lat' dir='ltr'><strong>iuve-</strong></span> 
     </span>
    </p>
   </div>
   <div class='ocr_carea' id='block_1_107' title="bbox 2046 4394 3641 4473">
    <p class='ocr_par' dir='ltr' id='par_1_107' title="bbox 2046 4394 3641 4473">
     <span class='ocr_line' id='line_1_108' title="bbox 2046 4394 3641 4473; baseline 0.008 -26"><span class='ocrx_word' id='word_1_918' title='bbox 2046 4396 2172 4448; x_wconf 79' lang='lat' dir='ltr'><strong>nerit</strong></span> <span class='ocrx_word' id='word_1_919' title='bbox 2218 4396 2290 4448; x_wconf 89' lang='lat' dir='ltr'><strong>ita</strong></span> <span class='ocrx_word' id='word_1_920' title='bbox 2334 4395 2597 4466; x_wconf 79' lang='lat' dir='ltr'><strong>facientem</strong></span> <span class='ocrx_word' id='word_1_921' title='bbox 2645 4394 2791 4468; x_wconf 84' lang='lat' dir='ltr'><strong>(Luc.</strong></span> <span class='ocrx_word' id='word_1_922' title='bbox 2824 4412 2934 4462; x_wconf 75' lang='lat' dir='ltr'><strong>xu.</strong></span> <span class='ocrx_word' id='word_1_923' title='bbox 2967 4398 3069 4467; x_wconf 69' lang='lat'><strong>45,</strong></span> <span class='ocrx_word' id='word_1_924' title='bbox 3101 4398 3198 4467; x_wconf 72' lang='grc' dir='ltr'><strong>ιθ,</strong></span> <span class='ocrx_word' id='word_1_925' title='bbox 3228 4401 3340 4470; x_wconf 74' lang='lat' dir='ltr'><strong>i5).</strong></span> <span class='ocrx_word' id='word_1_926' title='bbox 3372 4401 3513 4473; x_wconf 62' lang='lat' dir='ltr'><strong>Ergo</strong></span> <span class='ocrx_word' id='word_1_927' title='bbox 3544 4418 3641 4459; x_wconf 77' lang='lat' dir='ltr'><strong>ve-</strong></span> 
     </span>
    </p>
   </div>
   <div class='ocr_carea' id='block_1_108' title="bbox 2046 4484 2662 4549">
    <p class='ocr_par' dir='ltr' id='par_1_108' title="bbox 2046 4484 2662 4549">
     <span class='ocr_line' id='line_1_109' title="bbox 2046 4484 2662 4549; baseline 0 -10"><span class='ocrx_word' id='word_1_928' title='bbox 2046 4484 2152 4539; x_wconf 82' lang='lat' dir='ltr'><strong>niet</strong></span> <span class='ocrx_word' id='word_1_929' title='bbox 2177 4526 2191 4549; x_wconf 93' lang='lat'><strong>,</strong></span> <span class='ocrx_word' id='word_1_930' title='bbox 2212 4494 2271 4541; x_wconf 82' lang='lat' dir='ltr'><strong>et</strong></span> <span class='ocrx_word' id='word_1_931' title='bbox 2296 4485 2494 4540; x_wconf 80' lang='lat' dir='ltr'><strong>dividet</strong></span> <span class='ocrx_word' id='word_1_932' title='bbox 2519 4501 2662 4542; x_wconf 78' lang='lat' dir='ltr'><strong>eum.</strong></span> 
     </span>
    </p>
   </div>
   <div class='ocr_carea' id='block_1_109' title="bbox 2113 4576 3636 4640">
    <p class='ocr_par' dir='ltr' id='par_1_109' title="bbox 2113 4576 3636 4640">
     <span class='ocr_line' id='line_1_110' title="bbox 2113 4576 3636 4640; baseline 0.005 -8"><span class='ocrx_word' id='word_1_933' title='bbox 2113 4577 2341 4634; x_wconf 74' lang='lat' dir='ltr'><strong>CAPUT</strong></span> <span class='ocrx_word' id='word_1_934' title='bbox 2370 4576 2535 4632; x_wconf 71' lang='lat' dir='ltr'><strong>XL—</strong></span> <span class='ocrx_word' id='word_1_935' title='bbox 2555 4580 2643 4634; x_wconf 83' lang='grc'><strong>16.</strong></span> <span class='ocrx_word' id='word_1_936' title='bbox 2672 4579 2823 4636; x_wconf 77' lang='lat' dir='ltr'><strong>Nune</strong></span> <span class='ocrx_word' id='word_1_937' title='bbox 2842 4580 3053 4636; x_wconf 89' lang='lat' dir='ltr'><strong>interim</strong></span> <span class='ocrx_word' id='word_1_938' title='bbox 3075 4582 3382 4638; x_wconf 76' lang='lat' dir='ltr'><strong>demoratur</strong></span> <span class='ocrx_word' id='word_1_939' title='bbox 3399 4584 3594 4640; x_wconf 83' lang='lat' dir='ltr'><strong>alicubi</strong></span> <span class='ocrx_word' id='word_1_940' title='bbox 3621 4602 3636 4639; x_wconf 89' lang='lat'><strong>:</strong></span> 
     </span>
    </p>
   </div>
   <div class='ocr_carea' id='block_1_110' title="bbox 2045 4669 3642 4742">
    <p class='ocr_par' dir='ltr' id='par_1_110' title="bbox 2045 4669 3642 4742">
     <span class='ocr_line' id='line_1_111' title="bbox 2045 4669 3642 4742; baseline 0.004 -18"><span class='ocrx_word' id='word_1_941' title='bbox 2045 4669 2139 4724; x_wconf 80' lang='lat' dir='ltr'><strong>sed</strong></span> <span class='ocrx_word' id='word_1_942' title='bbox 2186 4686 2297 4724; x_wconf 86' lang='lat' dir='ltr'><strong>non</strong></span> <span class='ocrx_word' id='word_1_943' title='bbox 2332 4680 2414 4725; x_wconf 82' lang='lat' dir='ltr'><strong>est</strong></span> <span class='ocrx_word' id='word_1_944' title='bbox 2459 4670 2716 4725; x_wconf 71' lang='lat' dir='ltr'><strong>sollicitus</strong></span> <span class='ocrx_word' id='word_1_945' title='bbox 2757 4671 2882 4742; x_wconf 80' lang='lat' dir='ltr'><strong>quid</strong></span> <span class='ocrx_word' id='word_1_946' title='bbox 2923 4680 3109 4741; x_wconf 76' lang='lat' dir='ltr'><strong>agatur</strong></span> <span class='ocrx_word' id='word_1_947' title='bbox 3143 4673 3194 4726; x_wconf 89' lang='lat' dir='ltr'><strong>in</strong></span> <span class='ocrx_word' id='word_1_948' title='bbox 3228 4673 3410 4727; x_wconf 71' lang='lat' dir='ltr'><strong>timuit.</strong></span> <span class='ocrx_word' id='word_1_949' title='bbox 3450 4674 3642 4731; x_wconf 73' lang='lat' dir='ltr'><strong>Omnes</strong></span> 
     </span>
    </p>
   </div>
   <div class='ocr_carea' id='block_1_111' title="bbox 2045 4763 3640 4834">
    <p class='ocr_par' dir='ltr' id='par_1_111' title="bbox 2045 4763 3640 4834">
     <span class='ocr_line' id='line_1_112' title="bbox 2045 4763 3640 4834; baseline 0.004 -17"><span class='ocrx_word' id='word_1_950' title='bbox 2045 4764 2176 4817; x_wconf 87' lang='lat' dir='ltr'><strong>enim</strong></span> <span class='ocrx_word' id='word_1_951' title='bbox 2203 4765 2339 4834; x_wconf 85' lang='lat' dir='ltr'><strong>apud</strong></span> <span class='ocrx_word' id='word_1_952' title='bbox 2358 4779 2468 4818; x_wconf 84' lang='lat' dir='ltr'><strong>eam</strong></span> <span class='ocrx_word' id='word_1_953' title='bbox 2491 4763 2650 4818; x_wconf 79' lang='lat' dir='ltr'><strong>vestiti</strong></span> <span class='ocrx_word' id='word_1_954' title='bbox 2668 4775 2805 4817; x_wconf 84' lang='lat' dir='ltr'><strong>sunt.</strong></span> <span class='ocrx_word' id='word_1_955' title='bbox 2829 4764 3091 4834; x_wconf 78' lang='lat' dir='ltr'><strong>Numquid</strong></span> <span class='ocrx_word' id='word_1_956' title='bbox 3108 4765 3175 4820; x_wconf 86' lang='lat' dir='ltr'><strong>de</strong></span> <span class='ocrx_word' id='word_1_957' title='bbox 3196 4767 3434 4822; x_wconf 79' lang='lat' dir='ltr'><strong>nuditate</strong></span> <span class='ocrx_word' id='word_1_958' title='bbox 3452 4783 3640 4823; x_wconf 78' lang='lat' dir='ltr'><strong>servo-</strong></span> 
     </span>
    </p>
   </div>
   <div class='ocr_carea' id='block_1_112' title="bbox 2046 4856 3637 4926">
    <p class='ocr_par' dir='ltr' id='par_1_112' title="bbox 2046 4856 3637 4926">
     <span class='ocr_line' id='line_1_113' title="bbox 2046 4856 3637 4926; baseline 0.001 -16"><span class='ocrx_word' id='word_1_959' title='bbox 2046 4872 2161 4911; x_wconf 84' lang='lat' dir='ltr'><strong>rum</strong></span> <span class='ocrx_word' id='word_1_960' title='bbox 2208 4870 2424 4911; x_wconf 77' lang='lat' dir='ltr'><strong>suorum</strong></span> <span class='ocrx_word' id='word_1_961' title='bbox 2469 4856 2724 4910; x_wconf 81' lang='lat' dir='ltr'><strong>sollicitus</strong></span> <span class='ocrx_word' id='word_1_962' title='bbox 2761 4856 2892 4920; x_wconf 87' lang='lat' dir='ltr'><strong>crit,</strong></span> <span class='ocrx_word' id='word_1_963' title='bbox 2924 4871 3047 4910; x_wconf 77' lang='lat' dir='ltr'><strong>cum</strong></span> <span class='ocrx_word' id='word_1_964' title='bbox 3074 4858 3262 4911; x_wconf 77' lang='lat' dir='ltr'><strong>alicubi</strong></span> <span class='ocrx_word' id='word_1_965' title='bbox 3292 4859 3599 4914; x_wconf 83' lang='lat' dir='ltr'><strong>demoratur</strong></span> <span class='ocrx_word' id='word_1_966' title='bbox 3619 4902 3637 4926; x_wconf 83' lang='lat'><strong>,</strong></span> 
     </span>
    </p>
   </div>
   <div class='ocr_carea' id='block_1_113' title="bbox 2046 4948 3635 5022">
    <p class='ocr_par' dir='ltr' id='par_1_113' title="bbox 2046 4948 3635 5022">
     <span class='ocr_line' id='line_1_114' title="bbox 2046 4948 3635 5022; baseline 0.003 -20"><span class='ocrx_word' id='word_1_967' title='bbox 2046 4948 2249 5007; x_wconf 80' lang='lat' dir='ltr'><strong>habens</strong></span> <span class='ocrx_word' id='word_1_968' title='bbox 2297 4949 2576 5019; x_wconf 74' lang='lat' dir='ltr'><strong>cotijugem</strong></span> <span class='ocrx_word' id='word_1_969' title='bbox 2625 4949 2831 5004; x_wconf 75' lang='lat' dir='ltr'><strong>talem?</strong></span> <span class='ocrx_word' id='word_1_970' title='bbox 2882 4949 3063 5004; x_wconf 77' lang='lat' dir='ltr'><strong>Vcstiti</strong></span> <span class='ocrx_word' id='word_1_971' title='bbox 3108 4959 3264 5015; x_wconf 85' lang='lat' dir='ltr'><strong>sunt,</strong></span> <span class='ocrx_word' id='word_1_972' title='bbox 3314 4961 3368 5006; x_wconf 87' lang='lat' dir='ltr'><strong>et</strong></span> <span class='ocrx_word' id='word_1_973' title='bbox 3410 4956 3635 5022; x_wconf 79' lang='lat' dir='ltr'><strong>optime.</strong></span> 
     </span>
    </p>
   </div>
   <div class='ocr_carea' id='block_1_114' title="bbox 2044 5038 3639 5113">
    <p class='ocr_par' dir='ltr' id='par_1_114' title="bbox 2044 5038 3639 5113">
     <span class='ocr_line' id='line_1_115' title="bbox 2044 5038 3639 5113; baseline 0.001 -17"><span class='ocrx_word' id='word_1_974' title='bbox 2044 5041 2210 5110; x_wconf 79' lang='lat' dir='ltr'><strong>Quam</strong></span> <span class='ocrx_word' id='word_1_975' title='bbox 2237 5042 2440 5112; x_wconf 86' lang='lat' dir='ltr'><strong>optime</strong></span> <span class='ocrx_word' id='word_1_976' title='bbox 2467 5041 2624 5095; x_wconf 87' lang='lat' dir='ltr'><strong>vultis</strong></span> <span class='ocrx_word' id='word_1_977' title='bbox 2652 5054 2812 5095; x_wconf 78' lang='lat' dir='ltr'><strong>nosse</strong></span> <span class='ocrx_word' id='word_1_978' title='bbox 2829 5040 2855 5094; x_wconf 81' lang='lat'><strong>?</strong></span> <span class='ocrx_word' id='word_1_979' title='bbox 2884 5038 3135 5112; x_wconf 69' lang='lat' dir='ltr'><strong>Quotquot</strong></span> <span class='ocrx_word' id='word_1_980' title='bbox 3162 5042 3219 5095; x_wconf 82' lang='lat' dir='ltr'><strong>in</strong></span> <span class='ocrx_word' id='word_1_981' title='bbox 3240 5041 3442 5097; x_wconf 79' lang='lat' dir='ltr'><strong>Christo</strong></span> <span class='ocrx_word' id='word_1_982' title='bbox 3466 5044 3639 5113; x_wconf 63' lang='lat' dir='ltr'><strong>bapti-</strong></span> 
     </span>
    </p>
   </div>
   <div class='ocr_carea' id='block_1_115' title="bbox 2043 5132 3640 5207">
    <p class='ocr_par' dir='ltr' id='par_1_115' title="bbox 2043 5132 3640 5207">
     <span class='ocr_line' id='line_1_116' title="bbox 2043 5132 3640 5207; baseline 0.003 -20"><span class='ocrx_word' id='word_1_983' title='bbox 2043 5136 2144 5189; x_wconf 74' lang='lat' dir='ltr'><strong>sati</strong></span> <span class='ocrx_word' id='word_1_984' title='bbox 2184 5135 2334 5199; x_wconf 81' lang='lat' dir='ltr'><strong>estis,</strong></span> <span class='ocrx_word' id='word_1_985' title='bbox 2376 5132 2630 5188; x_wconf 82' lang='lat' dir='ltr'><strong>Christum</strong></span> <span class='ocrx_word' id='word_1_986' title='bbox 2670 5132 2905 5189; x_wconf 79' lang='lat' dir='ltr'><strong>induistis</strong></span> <span class='ocrx_word' id='word_1_987' title='bbox 2935 5132 3129 5207; x_wconf 63' lang='lat' dir='ltr'><strong>(fiatut.</strong></span> <span class='ocrx_word' id='word_1_988' title='bbox 3154 5150 3247 5199; x_wconf 74' lang='lat' dir='ltr'><strong>tu,</strong></span> <span class='ocrx_word' id='word_1_989' title='bbox 3288 5135 3401 5207; x_wconf 73' lang='lat'><strong>97).</strong></span> <span class='ocrx_word' id='word_1_990' title='bbox 3449 5135 3640 5191; x_wconf 82' lang='lat' dir='ltr'><strong>Omnes</strong></span> 
     </span>
    </p>
   </div>
   <div class='ocr_carea' id='block_1_116' title="bbox 2043 5225 3636 5294">
    <p class='ocr_par' dir='ltr' id='par_1_116' title="bbox 2043 5225 3636 5294">
     <span class='ocr_line' id='line_1_117' title="bbox 2043 5225 3636 5294; baseline 0.001 -13"><span class='ocrx_word' id='word_1_991' title='bbox 2043 5226 2262 5281; x_wconf 78' lang='lat' dir='ltr'><strong>condno</strong></span> <span class='ocrx_word' id='word_1_992' title='bbox 2297 5225 2438 5294; x_wconf 80' lang='lat' dir='ltr'><strong>apud</strong></span> <span class='ocrx_word' id='word_1_993' title='bbox 2481 5241 2593 5280; x_wconf 76' lang='lat' dir='ltr'><strong>eam</strong></span> <span class='ocrx_word' id='word_1_994' title='bbox 2630 5225 2792 5279; x_wconf 73' lang='lat' dir='ltr'><strong>restiti</strong></span> <span class='ocrx_word' id='word_1_995' title='bbox 2831 5233 2968 5279; x_wconf 78' lang='lat' dir='ltr'><strong>sunt.</strong></span> <span class='ocrx_word' id='word_1_996' title='bbox 3010 5225 3078 5279; x_wconf 79' lang='lat' dir='ltr'><strong>Et</strong></span> <span class='ocrx_word' id='word_1_997' title='bbox 3107 5226 3395 5281; x_wconf 80' lang='lat' dir='ltr'><strong>boni-servi</strong></span> <span class='ocrx_word' id='word_1_998' title='bbox 3427 5236 3479 5282; x_wconf 81' lang='lat' dir='ltr'><strong>et</strong></span> <span class='ocrx_word' id='word_1_999' title='bbox 3509 5227 3636 5283; x_wconf 79' lang='lat' dir='ltr'><strong>muti</strong></span> 
     </span>
    </p>
   </div>
   <div class='ocr_carea' id='block_1_117' title="bbox 2044 5316 3637 5387">
    <p class='ocr_par' dir='ltr' id='par_1_117' title="bbox 2044 5316 3637 5387">
     <span class='ocr_line' id='line_1_118' title="bbox 2044 5316 3637 5387; baseline 0.001 -15"><span class='ocrx_word' id='word_1_1000' title='bbox 2044 5319 2183 5372; x_wconf 77' lang='lat' dir='ltr'><strong>scivi</strong></span> <span class='ocrx_word' id='word_1_1001' title='bbox 2232 5317 2406 5372; x_wconf 84' lang='lat' dir='ltr'><strong>vestiti</strong></span> <span class='ocrx_word' id='word_1_1002' title='bbox 2444 5324 2568 5372; x_wconf 86' lang='lat' dir='ltr'><strong>sunt</strong></span> <span class='ocrx_word' id='word_1_1003' title='bbox 2612 5332 2625 5370; x_wconf 89' lang='lat'><strong>:</strong></span> <span class='ocrx_word' id='word_1_1004' title='bbox 2670 5316 2764 5372; x_wconf 84' lang='lat' dir='ltr'><strong>sed</strong></span> <span class='ocrx_word' id='word_1_1005' title='bbox 2804 5316 2927 5372; x_wconf 87' lang='lat' dir='ltr'><strong>boni</strong></span> <span class='ocrx_word' id='word_1_1006' title='bbox 2967 5318 3107 5372; x_wconf 87' lang='lat' dir='ltr'><strong>servi</strong></span> <span class='ocrx_word' id='word_1_1007' title='bbox 3152 5319 3328 5372; x_wconf 74' lang='lat' dir='ltr'><strong>vestiti</strong></span> <span class='ocrx_word' id='word_1_1008' title='bbox 3357 5327 3511 5382; x_wconf 83' lang='lat' dir='ltr'><strong>sunt,</strong></span> <span class='ocrx_word' id='word_1_1009' title='bbox 3543 5321 3637 5387; x_wconf 79' lang='lat' dir='ltr'><strong>qui</strong></span> 
     </span>
    </p>
   </div>
   <div class='ocr_carea' id='block_1_118' title="bbox 2042 5408 3638 5475">
    <p class='ocr_par' dir='ltr' id='par_1_118' title="bbox 2042 5408 3638 5475">
     <span class='ocr_line' id='line_1_119' title="bbox 2042 5408 3638 5475; baseline 0.002 -11"><span class='ocrx_word' id='word_1_1010' title='bbox 2042 5409 2315 5464; x_wconf 71' lang='lat' dir='ltr'><strong>Christum</strong></span> <span class='ocrx_word' id='word_1_1011' title='bbox 2360 5408 2679 5475; x_wconf 82' lang='lat' dir='ltr'><strong>induerunt,</strong></span> <span class='ocrx_word' id='word_1_1012' title='bbox 2731 5423 2835 5464; x_wconf 83' lang='lat' dir='ltr'><strong>non</strong></span> <span class='ocrx_word' id='word_1_1013' title='bbox 2886 5418 3091 5464; x_wconf 85' lang='lat' dir='ltr'><strong>tantum</strong></span> <span class='ocrx_word' id='word_1_1014' title='bbox 3134 5410 3187 5465; x_wconf 90' lang='lat' dir='ltr'><strong>in</strong></span> <span class='ocrx_word' id='word_1_1015' title='bbox 3231 5408 3400 5466; x_wconf 87' lang='lat' dir='ltr'><strong>forma</strong></span> <span class='ocrx_word' id='word_1_1016' title='bbox 3444 5411 3638 5467; x_wconf 83' lang='lat' dir='ltr'><strong>Sacra-</strong></span> 
     </span>
    </p>
   </div>
   <div class='ocr_carea' id='block_1_119' title="bbox 2108 5524 3359 5587">
    <p class='ocr_par' dir='ltr' id='par_1_119' title="bbox 2108 5524 3359 5587">
     <span class='ocr_line' id='line_1_120' title="bbox 2108 5524 3359 5587; baseline 0.007 -13"><span class='ocrx_word' id='word_1_1017' title='bbox 2108 5528 2124 5558; x_wconf 74' lang='grc' dir='ltr'><strong>ι</strong></span> <span class='ocrx_word' id='word_1_1018' title='bbox 2151 5531 2257 5575; x_wconf 73' lang='lat' dir='ltr'><strong>uss.</strong></span> <span class='ocrx_word' id='word_1_1019' title='bbox 2284 5524 2485 5587; x_wconf 79' lang='lat' dir='ltr'><strong>aliquot,</strong></span> <span class='ocrx_word' id='word_1_1020' title='bbox 2510 5530 2654 5587; x_wconf 51' lang='lat' dir='ltr'><strong>neat,</strong></span> <span class='ocrx_word' id='word_1_1021' title='bbox 3068 5584 3078 5587; x_wconf 27' lang='grc' dir='ltr'><strong>Α</strong></span> <span class='ocrx_word' id='word_1_1022' title='bbox 3192 5585 3199 5587; x_wconf 13' lang='grc' dir='ltr'>ξ</span> <span class='ocrx_word' id='word_1_1023' title='bbox 3299 5584 3311 5587; x_wconf 65' lang='grc'><em>,</em></span> <span class='ocrx_word' id='word_1_1024' title='bbox 3350 5530 3359 5537; x_wconf 82' lang='grc'><em>’</em></span> 
     </span>
    </p>
   </div>
   <div class='ocr_carea' id='block_1_120' title="bbox 2104 5584 3637 5645">
    <p class='ocr_par' dir='ltr' id='par_1_120' title="bbox 2104 5584 3637 5645">
     <span class='ocr_line' id='line_1_121' title="bbox 2104 5584 3637 5645; baseline 0 -10"><span class='ocrx_word' id='word_1_1025' title='bbox 2104 5592 2123 5618; x_wconf 80' lang='grc'>²</span> <span class='ocrx_word' id='word_1_1026' title='bbox 2146 5587 2305 5636; x_wconf 68' lang='lat' dir='ltr'><strong>Culex</strong></span> <span class='ocrx_word' id='word_1_1027' title='bbox 2329 5584 2430 5644; x_wconf 76' lang='lat' dir='ltr'><strong>0b.,</strong></span> <span class='ocrx_word' id='word_1_1028' title='bbox 2453 5591 2499 5637; x_wconf 81' lang='lat' dir='ltr'><strong>et</strong></span> <span class='ocrx_word' id='word_1_1029' title='bbox 2521 5584 2703 5639; x_wconf 66' lang='lat' dir='ltr'><strong>diuidet</strong></span> <span class='ocrx_word' id='word_1_1030' title='bbox 2726 5598 2856 5645; x_wconf 62' lang='grc' dir='ltr'><strong>βων.</strong></span> <span class='ocrx_word' id='word_1_1031' title='bbox 2896 5598 2956 5641; x_wconf 83' lang='lat' dir='ltr'><strong>ne</strong></span> <span class='ocrx_word' id='word_1_1032' title='bbox 2982 5584 3221 5643; x_wconf 67' lang='lat' dir='ltr'><strong>sociauit</strong></span> <span class='ocrx_word' id='word_1_1033' title='bbox 3242 5584 3570 5643; x_wconf 70' lang='lat' dir='ltr'><strong>ministrorum</strong></span> <span class='ocrx_word' id='word_1_1034' title='bbox 3591 5591 3637 5636; x_wconf 72' lang='lat' dir='ltr'><strong>rt</strong></span> 
     </span>
    </p>
   </div>
   <div class='ocr_carea' id='block_1_121' title="bbox 2044 5645 3644 5714">
    <p class='ocr_par' dir='ltr' id='par_1_121' title="bbox 2044 5645 3644 5714">
     <span class='ocr_line' id='line_1_122' title="bbox 2044 5645 3644 5714; baseline 0.001 -15"><span class='ocrx_word' id='word_1_1035' title='bbox 2044 5654 2407 5714; x_wconf 64' lang='grc' dir='ltr'>νςειρρᾳειιονιιιιι</span> <span class='ocrx_word' id='word_1_1036' title='bbox 2429 5647 2678 5714; x_wconf 37' lang='lat' dir='ltr'><strong>rapiant-tm</strong></span> <span class='ocrx_word' id='word_1_1037' title='bbox 2701 5646 2823 5709; x_wconf 85' lang='lat' dir='ltr'><strong>ejus.</strong></span> <span class='ocrx_word' id='word_1_1038' title='bbox 2847 5645 2933 5710; x_wconf 84' lang='lat' dir='ltr'><strong>qui</strong></span> <span class='ocrx_word' id='word_1_1039' title='bbox 2953 5646 3140 5714; x_wconf 34' lang='lat' dir='ltr'><strong>diua-in</strong></span> <span class='ocrx_word' id='word_1_1040' title='bbox 3159 5655 3371 5710; x_wconf 72' lang='lat' dir='ltr'><strong>tempore</strong></span> <span class='ocrx_word' id='word_1_1041' title='bbox 3392 5661 3644 5714; x_wconf 64' lang='lat' dir='ltr'><strong>quartus</strong></span> 
     </span>
    </p>
   </div>
   <div class='ocr_carea' id='block_1_122' title="bbox 2043 5707 3464 5775">
    <p class='ocr_par' dir='ltr' id='par_1_122' title="bbox 2043 5707 3464 5775">
     <span class='ocr_line' id='line_1_123' title="bbox 2043 5707 3464 5775; baseline 0.004 -18"><span class='ocrx_word' id='word_1_1042' title='bbox 2043 5707 2243 5763; x_wconf 65' lang='lat' dir='ltr'><strong>cnam.</strong></span> <span class='ocrx_word' id='word_1_1043' title='bbox 2268 5715 2319 5760; x_wconf 73' lang='lat' dir='ltr'><strong>rt</strong></span> <span class='ocrx_word' id='word_1_1044' title='bbox 2337 5707 2494 5771; x_wconf 65' lang='lat' dir='ltr'><strong>paulo</strong></span> <span class='ocrx_word' id='word_1_1045' title='bbox 2508 5709 2629 5760; x_wconf 63' lang='lat' dir='ltr'><strong>infra</strong></span> <span class='ocrx_word' id='word_1_1046' title='bbox 2653 5722 2664 5756; x_wconf 93' lang='lat'>:</span> <span class='ocrx_word' id='word_1_1047' title='bbox 2689 5707 2787 5760; x_wconf 52' lang='lat' dir='ltr'><strong>.v‘un</strong></span> <span class='ocrx_word' id='word_1_1048' title='bbox 2802 5707 2950 5760; x_wconf 77' lang='lat' dir='ltr'><strong>totum</strong></span> <span class='ocrx_word' id='word_1_1049' title='bbox 2968 5707 3316 5773; x_wconf 69' lang='lat' dir='ltr'><strong>ministrorum,</strong></span> <span class='ocrx_word' id='word_1_1050' title='bbox 3335 5709 3464 5775; x_wconf 62' lang='lat' dir='ltr'><strong>quia</strong></span> 
     </span>
    </p>
   </div>
  </div>
