3988 6190
319 274 429 332 253

317 391 424 444 erit
454 387 655 457 inopia,
689 386 831 440 nulla
877 386 980 441 erit
1007 385 1316 456 indigentia.
1343 381 1478 450 Quid
1521 377 1678 436 modo
1723 377 1917 450 quairis

315 482 448 544 hoc,
482 488 772 548 antequam
793 477 1019 549 surgas?
1044 477 1098 532 Si
1123 477 1260 530 tiIins
1284 489 1344 529 es
1369 471 1609 528 mulieris
1639 471 1815 542 hujus,
1838 481 1916 525 at-

321 569 490 625 tende
519 566 735 638 quando
763 567 858 621 tibi
899 565 1097 621 divitia:
1146 561 1917 636 promittantur.-Surrexerunt

323 663 422 725 ﬁlii
445 661 582 730 ejus,
610 669 656 713 et
681 659 830 712 dilati
860 667 996 713 sunt.
1025 657 1158 713 Para
1187 666 1238 711 te
1271 652 1678 710 resurrectionis
1705 649 1916 705 divitias

324 754 598 822 accipere.
623 749 741 804 Noli
765 749 862 803 has
886 763 1089 814 amare,
1117 756 1175 801 ut
1203 744 1458 802 merearis
1481 743 1547 798 ad
1575 743 1691 797 illas
1712 741 1910 796 venire.

325 845 680 899 Surrexerunt
711 841 805 908 ﬁlii
834 842 962 912 ejus,
995 851 1040 894 et
1062 841 1207 894 dilati
1231 849 1368 893 sunt.

396 933 624 990 CAPUT
665 932 829 988 XVII.
851 930 1026 986 —26.
1053 929 1119 984 Et
1149 931 1224 984 t-ir
1247 930 1359 1000 ejus
1384 925 1608 982 laudavit
1643 942 1774 980 eam.
1807 923 1916 978 Nos

322 1043 446 1080 eam
494 1025 848 1087 laudabimus,
892 1021 986 1077 sed
1019 1037 1124 1077 non
1175 1020 1244 1076 de
1294 1029 1498 1074 nostro.
1545 1016 1666 1086 Ipse
1701 1016 1778 1070 vir
1804 1015 1915 1081 ejus

324 1118 553 1171 laudauit
583 1133 713 1171 eam.
764 1114 989 1182 Quando
1030 1121 1355 1167 surrexerunt
1385 1109 1482 1180 ﬁlii
1519 1111 1650 1180 ejus,
1681 1117 1728 1163 et
1768 1106 1914 1160 dilati

320 1219 442 1263 sunt
465 1224 485 1270 ;
511 1207 741 1262 attendit
768 1221 908 1270 eam,
934 1215 989 1260 et
1025 1203 1254 1274 inspexit
1283 1217 1422 1266 eam,
1451 1211 1504 1255 et
1531 1199 1754 1254 laudavit
1779 1214 1911 1253 eam.

326 1301 462 1367 Quis
480 1299 614 1354 nolit
630 1297 814 1353 audire
838 1295 1106 1367 quomodo
1127 1292 1450 1349 laudaverit?
1470 1291 1527 1348 Si
1550 1301 1655 1346 tam
1678 1288 1914 1359 jucunde

320 1390 574 1454 audistis,
616 1403 737 1443 cum
768 1387 1076 1442 laudaretur
1104 1402 1134 1438 a
1177 1384 1363 1448 nobis;
1394 1381 1663 1453 quomodo
1699 1379 1914 1435 audire-

319 1497 469 1545 mus,
501 1483 545 1534 si
576 1493 854 1551 possemus
881 1477 1068 1534 audire
1087 1478 1224 1532 sicut
1247 1492 1366 1532 eam
1399 1474 1631 1530 laudavit
1655 1472 1735 1526 vir
1760 1471 1913 1540 ejus?

320 1572 586 1626 Laudavit
605 1587 722 1626 eam
753 1570 805 1624 in
830 1570 1223 1626 resurrectione
1249 1587 1262 1623 :
1286 1583 1408 1623 cum
1436 1565 1907 1628 resurrexerimus,

318 1662 624 1717 audiemus.
644 1664 724 1716 An
746 1670 801 1715 et
830 1659 990 1714 modo
1012 1675 1116 1714 non
1141 1659 1304 1712 tacuit
1328 1657 1540 1712 laudem
1560 1655 1765 1725 ipsius?
1788 1653 1912 1708 Hinc

320 1763 409 1808 est
457 1753 569 1822 ipsa
608 1751 746 1817 laus,
789 1751 903 1820 ipsa
949 1759 1221 1819 sequetur.
1255 1745 1601 1807 Audiamns‘.
1637 1743 1912 1799 audiamus

320 1842 775 1913 quemadmodum
820 1857 936 1897 eam
966 1840 1261 1894 laudaverit
1286 1839 1366 1893 vir
1403 1837 1540 1907 ejus,
1573 1835 1758 1891 videns
1790 1849 1911 1890 eam

318 1938 432 2002 jam
460 1948 581 1990 cum
603 1941 744 1986 tanta
778 1930 1104 1986 beatitudine
1126 1929 1378 1994 ﬁliorum,
1408 1925 1629 1981 divitum
1653 1925 1708 1979 in
1729 1939 1909 1980 resur-

324 2024 566 2078 rectione
586 2031 937 2077 mortuorum.

397 2114 495 2168 2'1.
521 2113 733 2180 Multae,
765 2114 955 2183 inquit,
979 2113 1102 2181 ﬁlia
1129 2116 1349 2183 fecerunt
1383 2110 1670 2180 potentiam.
1705 2109 1912 2164 Laudes

321 2215 487 2271 sunt,
535 2205 725 2276 quibus
765 2219 881 2259 eam
904 2202 1082 2258 laudat
1108 2201 1188 2256 vir
1232 2201 1368 2271 ejus.
1406 2198 1586 2254 Multa:
1616 2199 1740 2268 ﬁlia
1783 2199 1913 2268 {ece-

325 2307 448 2349 runt
479 2295 770 2365 potentiam.
795 2293 924 2361 Quae
942 2293 1084 2360 ﬁlim,
1105 2291 1297 2361 quibus
1319 2290 1431 2345 haec
1453 2287 1824 2358 comparatur?
1847 2287 1913 2342 Et

323 2403 433 2440 non
464 2395 820 2456 comparatur.
862 2383 1043 2438 Mulae
1086 2383 1209 2452 ﬁlia:
1255 2381 1480 2451 fuerunt
1508 2379 1783 2449 potentiam
1813 2395 1832 2432 :
1859 2388 1912 2432 tu

322 2489 491 2532 autem
527 2477 795 2547 superasti.
827 2476 1120 2542 Attendite,
1148 2488 1279 2543 rogo
1305 2487 1400 2526 vos
1435 2488 1448 2523 :
1474 2471 1585 2540 jam
1617 2470 1669 2524 iu
1699 2471 1800 2524 line
1829 2469 1912 2526 le-

320 2568 515 2623 ctionis
540 2583 746 2624 sumus.
775 2566 950 2621 Metuo
975 2565 1116 2620 cnim
1145 2578 1213 2618 ne
1244 2561 1315 2617 ibi
1339 2576 1437 2617 vos
1467 2561 1693 2615 habeam
1722 2559 1910 2629 fatiga-

321 2669 430 2722 tos,
473 2657 561 2713 ubi
607 2656 836 2712 maxime
893 2657 1046 2726 exigo
1088 2654 1339 2710 intentos.
1391 2651 1684 2706 Audiamus
1724 2649 1910 2704 laudes

321 2749 490 2804 illius.
523 2747 705 2802 Multa
731 2748 854 2816 ﬁlia:
879 2747 1102 2816 fecerunt
1129 2745 1406 2816 potentiam
1435 2759 1454 2798 :
1478 2753 1530 2797 tu
1559 2752 1728 2797 autem
1753 2757 1908 2810 supe-

320 2839 475 2903 rasti,
507 2848 556 2891 et
600 2838 962 2908 superposuisti
997 2853 1188 2891 omnes.
1223 2834 1319 2902 Tu,
1348 2835 1538 2906 inquit,
1566 2850 1735 2888 omnes
1756 2847 1908 2903 supe-

318 2930 468 2995 rasti,
486 2939 542 2982 tu
557 2945 710 2996 super
736 2945 906 2982 omnes
921 2927 1152 2999 posuisti.
1175 2927 1305 2993 Quae
1337 2935 1462 2979 suat
1489 2939 1618 2995 ergo
1639 2923 1756 2978 alia:
1787 2922 1909 2977 lilia:

322 3036 444 3088 qum
478 3019 718 3073 fecerunt
748 3019 1056 3088 potentiam,
1081 3033 1214 3089 quas
1249 3017 1346 3072 ista
1371 3015 1656 3086 superam,
1679 3022 1733 3068 et
1750 3027 1913 3084 super

320 3125 460 3181 quas
488 3111 587 3165 ista
611 3109 987 3179 superposuit?
1009 3111 1116 3164 Aut
1133 3123 1292 3178 quam
1325 3107 1616 3179 potentiam
1644 3105 1905 3173 fecerunt,

314 3208 414 3256 aut
441 3199 586 3255 unde
618 3202 717 3256 ista
737 3199 1045 3270 superavit?
1083 3200 1217 3254 Sunt
1245 3199 1388 3254 enim
1434 3197 1586 3252 mala:
1621 3196 1763 3262 ﬁliae,
1791 3210 1911 3267 quae

314 3302 448 3348 sunt
479 3291 735 3348 haereses.
766 3291 945 3358 Quare
981 3290 1141 3344 ῆιίςυῖ
1165 3289 1298 3357 Quia
1328 3300 1382 3345 et
1409 3290 1512 3344 illa:
1541 3304 1605 3345 ex
1649 3288 1746 3343 ista
1774 3297 1911 3342 naue

312 3386 504 3440 sunt'.
537 3382 644 3438 Sed
674 3383 795 3438 lilia:
825 3382 1000 3447 malae,
1021 3383 1141 3436 tilia:
1172 3398 1276 3436 non
1295 3379 1641 3436 similitudine
1668 3395 1897 3446 morum,

315 3473 419 3530 sed
451 3472 801 3530 similitudine
827 3472 1316 3528 Sacrameutorum.
1351 3470 1551 3526 Ilabeul
1583 3479 1636 3525 et
1666 3469 1794 3540 ipsa:
1816 3469 1914 3525 Sa-

316 3573 601 3620 cmmenta
642 3573 846 3631 nostra,
890 3563 1088 3617 habent
1123 3560 1426 3632 Scripturas
1455 3571 1682 3627 nostras,
1715 3561 1914 3617 habent

317 3663 496 3714 Amen
529 3667 584 3713 et
613 3657 839 3713 Alleluia
872 3666 1142 3720 nostrum,
1175 3655 1372 3710 habent
1397 3655 1662 3724 pleneque
1687 3654 1911 3726 Symbo-

316 3751 435 3804 lum
463 3758 736 3813 nostrum,
788 3747 986 3802 habent
1032 3747 1215 3802 multa;
1261 3746 1586 3816 Daptismum
1626 3755 1909 3799 nostrum:

328 3839 455 3894 ideo
483 3840 626 3894 tiliae.
659 3837 766 3895 Sed
795 3838 916 3892 huic
943 3837 1173 3901 mulieri,
1197 3836 1356 3891 vultis
1407 3849 1587 3900 nosse,
1615 3834 1739 3906 quid
1786 3833 1908 3889 alibi

314 3930 525 3986 dictum
554 3929 645 3996 sit,
692 3929 745 3984 in
793 3929 1026 3984 Canticis
1072 3926 1442 3983 canticorum?
1469 3925 1614 3982 Sicut
1654 3926 1816 3980 lilium
1858 3925 1912 3980 in

314 4019 489 4074 medio
525 4020 807 4090 spinarum,
851 4020 922 4073 ita
966 4019 1202 4089 proxima
1251 4035 1362 4072 mea
1410 4019 1464 4071 in
1495 4017 1660 4072 medio
1687 4017 1911 4085 ﬁliarum

317 4110 495 4166 (Cant.
523 4097 586 4176 η’,
613 4110 690 4170 2).
724 4109 914 4164 Mirum
942 4107 1394 4174 dictum,easdem
1421 4116 1474 4162 et
1502 4107 1681 4177 spinas
1702 4106 1832 4160 dixit
1858 4115 1912 4160 et

317 4204 478 4257 tilias.
501 4202 568 4256 Et
591 4202 697 4258 illa:
720 4203 886 4272 spina:
913 4201 1110 4256 faciunt
1135 4200 1468 4272 potentiam?
1488 4199 1705 4255 Faciunt
1729 4199 1904 4268 plane.

314 4293 441 4350 Non
471 4276 1156 4364 videtisquemadmoduni
1200 4301 1256 4347 et
1299 4292 1427 4361 ipsa:
1456 4292 1689 4346 haereses
1732 4298 1907 4354 orent,

313 4387 583 4456 jejunent.
608 4384 1148 4456 deuteleemosynas,
1181 4382 1399 4437 laudent
1433 4381 1742 4438 Christum?
1777 4383 1908 4437 Pos-

317 4492 442 4531 sum
472 4476 671 4542 dicere,
701 4490 822 4530 esse
855 4476 923 4530 ibi
950 4473 1463 4545 pseud0pr0phetas,
1495 4473 1562 4529 de
1598 4474 1792 4544 quibus
1825 4474 1907 4528 di-

314 4578 466 4622 ctum
506 4575 607 4630 est,
643 4565 860 4620 Faciunt
890 4571 1035 4637 signa
1064 4577 1110 4620 et
1141 4565 1375 4636 prodigia
1403 4565 1582 4627 multa,
1623 4575 1676 4618 ut
1704 4565 1907 4636 fallant,

321 4651 368 4714 si
402 4659 515 4727 ﬁeri
534 4667 716 4728 potest,
746 4658 896 4710 etiam
920 4658 1118 4711 electos.
1139 4656 1271 4711 Ecce
1298 4657 1510 4726 prtedixi
1537 4655 1670 4711 vobis
1699 4656 1906 4726 (Matth.

207 4808 214 4817 ,
311 4769 469 4818 xxiv,
498 4752 590 4818 9.4,
632 4752 750 4821 25).
784 4750 1001 4806 Faciunt
1033 4751 1323 4820 potentiam
1372 4758 1427 4805 et
1464 4749 1632 4819 Spinae
1670 4767 1683 4802 :
1713 4749 1778 4805 dc
1809 4767 1910 4820 qua

317 4845 561 4914 potentia
592 4843 808 4908 dicitur,
842 4841 1029 4898 Nonne
1077 4843 1128 4896 in
1159 4842 1360 4896 nomine
1387 4853 1471 4896 tuo
1498 4843 1912 4898 manducavimus

318 4945 370 4989 et
403 4935 635 5000 bibimus,
684 4946 730 4988 et
758 4936 812 4988 in
866 4936 1068 4988 nomine
1097 4945 1180 4988 tuo
1235 4936 1436 4988 virtutes
1479 4935 1662 4988 multas
1703 4936 1912 5006 fecimus

317 5027 538 5097 (Matth.
569 5044 659 5094 vtt,
690 5028 781 5092 22,
828 5038 873 5082 et
905 5028 1032 5081 Luc.
1064 5043 1175 5090 xu],
1221 5026 1355 5096 ‘26}?
1386 5025 1810 5082 .Ilanducavimus
1861 5040 1910 5082 et

322 5120 562 5181 bibimus,
589 5133 694 5174 non
743 5118 810 5174 dc
852 5133 1186 5189 quocumque
1213 5117 1330 5173 ciba
1371 5116 1572 5173 dilueret
1606 5135 1621 5172 :
1651 5118 1816 5172 nostis
1843 5117 1909 5173 de

317 5226 430 5281 quo
456 5211 637 5266 dicere
660 5210 850 5279 potuit,
874 5210 956 5265 vel
987 5210 1106 5265 cibo
1133 5209 1212 5264 vel
1239 5220 1382 5280 potu.
1409 5208 1472 5263 Et
1499 5211 1705 5264 virtutes
1729 5212 1911 5266 multas

316 5305 555 5375 fecimus.
609 5303 832 5358 Faciunt
873 5303 1163 5373 potentiam
1207 5302 1386 5356 multa:
1431 5303 1572 5367 lilitc,
1610 5318 1714 5358 non
1743 5319 1907 5373 nega-

313 5411 474 5451 mus:
509 5406 563 5449 et
589 5397 756 5465 spina:
786 5396 971 5450 ﬂorem
1003 5393 1224 5459 habent,
1270 5393 1363 5448 sed
1407 5393 1634 5454 fructum
1675 5403 1778 5448 non
1813 5395 1909 5449 IIII-

358 5532 396 5599 ,ι
425 5531 569 5579 liber
591 5529 656 5582 el.
688 5527 1478 5599 Audiainusitammmssinilla,
1511 5528 1795 5581 etcumilla
1826 5544 1911 5580 au-

312 5591 511 5641 diamus
534 5591 959 5650 quemadmodum,
980 5599 1076 5641 ete.

313 5660 404 5764 ἐμὲ
423 5652 582 5709 aditi,
607 5652 728 5715 Quia
748 5659 793 5704 et
813 5652 914 5704 illa:
938 5658 986 5704 et
1023 5653 1130 5706 isne
1159 5658 1287 5705 nata
1321 5659 1428 5704 sunt
1486 5653 1656 5713 Melius
1684 5659 1790 5704 uss.
1809 5689 1824 5716 ,
1846 5667 1911 5706 ex

587 5825 857 5898 PAmOL.
899 5829 1004 5892 XX
1015 5826 1230 5890 XVIII.
1871 5831 1885 5858 ο

1698 261 1927 321 εειιδιο
1967 259 2232 316 XXXVII.

3500 257 3605 315 33(

2027 375 2173 433 bent.
2221 378 2347 434 llaec
2368 389 2546 436 autem
2575 378 2658 434 cui
2697 378 2850 446 dixit,
2882 377 2956 432 Tn
2981 388 3150 434 autem
3175 377 3426 448 superasti
3449 386 3498 432 et
3523 393 3612 432 su-

2025 469 2324 538 perposuisti
2345 486 2532 535 omnes,
2564 467 2703 524 unde
2723 468 3011 540 superavit,
3039 469 3140 523 nisi
3161 469 3282 540 quia
3306 483 3409 522 non
3432 465 3608 523 solum

2022 557 2231 626 ﬂorem,
2253 559 2348 614 sed
2368 570 2422 614 et
2449 559 2676 615 fructum
2706 559 2899 614 habet?

2091 649 2316 706 CAPUT
2343 650 2526 705 XVIII.
2548 681 2617 691 --
2641 650 2732 705 28.
2764 650 2930 718 Quem
2962 649 3191 706 fructum
3225 648 3428 705 habet?
3460 648 3612 706 Unde

2020 745 2326 814 superavit?
2376 745 2591 800 Dicatur
2639 745 2787 798 mihi.
2840 745 3342 815 Supereminentem,
3402 743 3608 815 inquit.

2019 834 2150 887 uiam
2186 835 2321 889 vobis
2359 835 2664 890 demonstro.
2705 835 2874 902 Quam
2918 834 3404 906 supereminentem
3431 835 3612 890 viam?

2019 924 2150 990 Quia
2177 924 2297 980 inde
2329 925 2427 979 ista
2454 926 2744 994 superavit,
2771 925 2892 980 inde
2914 926 3009 980 ista
3033 925 3367 996 superposuit
3397 939 3608 981 omnes.

2023 1016 2084 1070 Si
2118 1015 2302 1086 linguis
2346 1017 2604 1072 hominum
2651 1017 2830 1086 loquar
2863 1025 2912 1070 el
2939 1016 3269 1086 Angelorum,
3311 1015 3607 1070 charitatetn

2018 1115 2184 1159 autem
2208 1122 2307 1160 non
2337 1105 2570 1172 habeam,
2603 1111 2766 1179 factus
2793 1125 2906 1161 sum
2931 1118 3258 1162 tet-amentum
3284 1123 3491 1169 sonans.
3519 1117 3608 1162 aut

2019 1197 2302 1264 cymbalum
2349 1197 2584 1252 tinniens.
2637 1197 2896 1268 Loquitur
2938 1198 3151 1270 linguis,
3200 1198 3266 1254 ad
3315 1201 3607 1270 potentiam

2019 1285 2162 1341 illam
2202 1286 2361 1343 ﬂores
2396 1289 2681 1356 pertinent.
2716 1289 2778 1344 Si
2809 1289 2968 1342 sciam
3007 1289 3175 1342 omnia
3211 1301 3528 1344 sacramenta
3564 1305 3609 1346 et

2019 1395 2216 1433 omnem
2259 1380 2557 1446 scientiam,
2608 1365 2655 1435 ei
2705 1379 2916 1434 habeam
2959 1396 3156 1433 omnem
3195 1380 3514 1450 prophetiam
3561 1390 3611 1434 et

2018 1485 2214 1524 omnem
2254 1471 2425 1536 ﬁdem,
2452 1471 2524 1524 ita
2563 1481 2616 1524 ut
2658 1481 2850 1526 montes
2889 1475 3214 1542 transferam,
3258 1470 3474 1543 (quanta
3517 1487 3614 1541 po-

2020 1561 2180 1616 tentia
2198 1562 2237 1632 !)
2263 1563 2560 1617 charitatem
2585 1573 2755 1617 autem
2781 1579 2879 1616 non
2906 1561 3136 1628 habeant,
3162 1563 3289 1617 nihil
3311 1579 3442 1618 sunt.
3466 1558 3605 1618 Audi

2018 1653 2192 1710 adhuc
2235 1655 2367 1710 alias
2412 1655 2705 1725 potentias,
2739 1655 2804 1710 ad
2855 1657 3041 1710 ﬂorem
3091 1656 3452 1726 pertinentes.
3499 1671 3605 1713 non

2017 1743 2082 1798 ad
2112 1743 2362 1799 fructum.
2420 1746 2482 1800 Si
2523 1746 2824 1800 distribuere
2878 1745 3050 1800 omnia
3093 1762 3204 1800 mea
3253 1744 3604 1817 pauperibus,

2017 1843 2064 1887 et
2134 1835 2392 1891 tradidero
2451 1851 2635 1905 corpus
2682 1853 2844 1892 meum
2897 1847 2953 1890 ut
3011 1836 3258 1902 ardeant,
3309 1837 3606 1892 charitatens

2017 1933 2182 1979 autent
2221 1942 2320 1979 non
2367 1925 2608 1993 habuero,
2662 1926 2791 1980 nihil
2836 1926 2961 1980 mihi
3000 1925 3199 1998 prodest
3240 1925 3299 1996 (ι
3343 1924 3460 1982 Cor.
3506 1943 3604 1990 xtt.

2017 2018 2106 2079 5|.
2136 2027 2183 2072 et
2212 2033 2329 2080 xm,
2370 2019 2448 2087 5).
2477 2015 2625 2071 Hane
2659 2017 2804 2071 habet
2838 2018 2935 2072 ista
2959 2017 3408 2087 supereminentem
3433 2017 3565 2073 viam
3584 2059 3602 2084 ,

2016 2107 2159 2162 unde
2201 2108 2273 2162 illi
2312 2107 2463 2171 dixit,
2499 2106 2680 2160 Multas
2719 2108 2843 2176 ﬁliae
2875 2110 3098 2180 fecerunt
3136 2111 3402 2178 potentias.
3431 2107 3607 2164 Multa:

2017 2199 2207 2254 locuta:
2237 2207 2358 2252 sunt
2379 2197 2592 2268 linguis,
2620 2197 2855 2253 scierunt
2881 2197 3059 2252 omnia
3088 2209 3440 2266 sacramenta,
3466 2199 3606 2258 lece-

2017 2297 2143 2343 runt
2172 2289 2396 2343 virtutes
2423 2288 2613 2342 multas
2634 2329 2647 2352 ,
2681 2287 2944 2342 daunonia
2971 2288 3332 2356 excluserunt,
3364 2304 3450 2344 res
3479 2304 3604 2346 suas

2017 2379 2343 2449 pauperibus
2380 2378 2788 2446 distribuerunt,
2819 2393 3044 2448 corpora
3069 2394 3165 2435 sua
3205 2379 3414 2450 ignibus
3443 2381 3606 2436 tradi-

2016 2470 2232 2527 derunt.
2263 2469 2403 2525 Infra
2435 2479 2485 2526 te
2523 2479 2647 2524 sunt
2676 2471 2716 2535 ί,
2745 2470 2866 2540 quia
2905 2469 3214 2526 charitatem
3255 2485 3360 2525 non
3402 2470 3604 2528 habue-

2015 2573 2156 2619 runt.
2185 2564 2262 2618 Tu
2291 2573 2456 2619 autem
2485 2563 2734 2635 superasti
2766 2571 2812 2617 et
2852 2563 3222 2633 superposuiin
3256 2579 3428 2618 omnes
3454 2579 3473 2618 :
3498 2577 3605 2621 non

2015 2656 2188 2710 solum
2231 2655 2382 2722 ﬂore,
2423 2656 2516 2711 sed
2555 2667 2611 2712 et
2640 2655 2810 2711 Iruetu
2836 2654 3076 2725 gravida,
3109 2655 3280 2710 fructu
3305 2655 3602 2712 abundans.

2015 2747 2149 2803 Vide
2176 2747 2346 2818 ipsum
2375 2748 2584 2803 bntrum
2610 2748 2654 2814 ί,
2687 2746 2826 2802 unde
2853 2746 3086 2817 incipiat.
3112 2745 3245 2802 Cum
3269 2757 3606 2805 enumeraret

2015 2851 2175 2908 opera
2205 2839 2401 2902 carnis,
2427 2836 2832 2899 Fornieationes.
2865 2837 3052 2908 inquit,
3081 2838 3431 2905 immunditiis,
3463 2839 3607 2894 luxu.

2015 2928 2131 2994 rite,
2174 2928 2426 2982 idolorum
2468 2929 2709 2990 servitus.
2755 2927 3023 2996 veneﬁcia,
3053 2927 3356 2990 inimicitite.
3396 2939 3604 2986 conten-

2017 3019 2195 3087 tiones,
2217 3019 2580 3082 azmulationes,
2602 3019 2964 3084 animositates,
2987 3018 3346 3086 dissensiones,
3367 3019 3606 3090 htereses.

2014 3111 2237 3176 incidite,
2265 3112 2667 3178 comessationes,
2699 3111 2961 3166 ebrietates
2979 3152 2995 3175 ,
3031 3120 3076 3166 et
3129 3111 3206 3166 his
3243 3113 3468 3180 similia;
3492 3131 3606 3187 quis

2018 3201 2237 3272 prtedico
2266 3202 2422 3268 vobis,
2452 3203 2582 3256 sicut
2611 3202 2846 3271 prtedixi,
2875 3202 3113 3272 quoniam
3139 3203 3224 3269 qui
3265 3203 3388 3257 talia
3424 3218 3604 3276 agunt,

2016 3309 2226 3364 regnum
2274 3292 2369 3346 Dei
2414 3309 2512 3347 non
2562 3292 2881 3364 possidebunt
2929 3309 2948 3348 :
2985 3294 3308 3350 enumeratis
3355 3297 3604 3352 omnibus

2016 3383 2182 3453 spinis
2212 3382 2264 3437 in
2295 3384 2466 3452 ignem
2498 3382 2791 3449 mittendis,
2828 3381 3049 3436 Fructus
3075 3393 3242 3437 autem
3268 3385 3481 3455 spiritus
3509 3398 3602 3453 est,

2017 3473 2213 3542 inquit.
2241 3474 2496 3540 charitas;
2527 3483 2580 3528 et
2621 3473 2689 3527 ab
2716 3474 2816 3527 hoc
2841 3475 3011 3543 capite
3041 3474 3084 3537 ³,
3112 3475 3180 3530 ab
3219 3476 3318 3531 hac
3355 3486 3602 3547 tauquam

2016 3564 2192 3618 radice
2235 3572 2426 3618 ciete-ra
2467 3573 2840 3627 contexuntur,
2889 3563 3172 3627 Gaudium,
3220 3566 3604 3636 pax,lon9ani-

2017 3659 2193 3716 initas,
2240 3654 2550 3724 benignitas,
2580 3653 2810 3717 bonitas,
2862 3654 3017 3722 ﬁdes,
3043 3655 3394 3718 mansuetudo,
3443 3655 3602 3709 conti-

2017 3748 2184 3802 nentia
2215 3745 2412 3820 (Colat.
2451 3761 2507 3811 v,
2552 3745 2618 3800 l9
2642 3745 2756 3805 231.
2793 3745 2946 3801 Unde
2989 3745 3089 3800 iste
3126 3745 3311 3801 hotrus
3349 3746 3604 3817 pulcher?

2015 3838 2146 3904 Quia
2183 3837 2379 3907 pendet
2411 3851 2443 3891 a
2489 3834 2766 3891 charitate.
2798 3835 2982 3890 Multa
3013 3836 3139 3906 ﬁlice
3175 3837 3396 3907 fecerunt
3431 3849 3594 3908 potest.

2017 3940 2136 3982 ltmtt
2166 3945 2184 3982 :
2212 3939 2264 3982 tu
2291 3937 2458 3982 autem
2486 3928 2738 3997 superasti
2761 3937 2808 3983 et
2833 3929 3202 4000 superposuisti
3230 3946 3420 3986 omnes.

2085 4019 2310 4076 CAPUT
2337 4017 2478 4075 XIX.
2509 4050 2578 4060 —
2605 4019 2694 4074 29.
2735 4019 2792 4074 In
2825 4019 2926 4074 illis
2955 4019 3081 4090 quid
3112 4020 3404 4076 remansit?
3435 4020 3608 4078 Falsa»

2015 4116 2212 4188 gratiae,
2258 4123 2305 4168 ct
2343 4129 2476 4168 vana
2521 4115 2710 4182 species
2757 4111 3002 4167 mulieris.
3038 4109 3170 4182 Quia
3209 4113 3254 4168 si
3289 4113 3602 4169 charitatem

2018 4222 2120 4260 non
2155 4205 2355 4270 habeo,
2389 4208 2554 4276 factus
2583 4221 2693 4258 sum
2723 4213 3049 4257 ammentum
3077 4219 3293 4270 sonans,
3325 4212 3370 4259 cl
3397 4206 3603 4276 cymba-

2017 4298 2120 4350 lum
2158 4297 2374 4350 tinniens
2417 4311 2434 4352 .'
2473 4295 2601 4349 nihil
2635 4311 2777 4361 sunt,
2825 4294 2952 4348 nihil
3002 4295 3126 4348 ntihi
3166 4295 3393 4366 prodest.
3436 4294 3605 4350 Falsa!

2015 4399 2129 4443 sunt
2156 4403 2284 4459 ergo
2307 4387 2504 4460 gratia,
2535 4395 2581 4440 ct
2611 4402 2737 4440 vana
2765 4386 2954 4458 species
2983 4387 3224 4441 mulieris.
3261 4385 3450 4442 Mulier
3474 4388 3604 4442 enim

2015 4481 2216 4551 sapiens
2237 4477 2564 4533 benedicitur.
2593 4475 2698 4531 Ista
2720 4492 2838 4548 qua:
2855 4475 3100 4548 quaesivit
3117 4477 3242 4548 quid
3268 4476 3604 4550 intelligeret.

2016 4587 2133 4642 qum:
2173 4571 2500 4627 intellectum
2536 4567 2840 4634 custodivit,
2876 4569 2973 4623 ista
3004 4569 3237 4640 sapiens,
3259 4571 3356 4625 ista
3384 4569 3602 4626 benedi-

2015 4663 2152 4717 citur
2185 4680 2196 4717 :
2227 4677 2331 4716 non
2360 4661 2463 4716 illa:
2510 4658 2656 4714 falsa:
2697 4659 2935 4728 species,
2975 4674 3079 4714 non
3122 4659 3211 4713 illa
3243 4675 3376 4715 vana
3415 4661 3602 4730 gratia.

2019 4752 2244 4823 Sapiens
2278 4752 2470 4807 mulier
2508 4748 2863 4805 benedicitur.
2897 4748 3148 4804 Timorem
3191 4760 3357 4804 autem
3397 4749 3603 4806 Domini

2015 4844 2126 4914 ipsa
2151 4842 2427 4896 collaudat.
2458 4841 2574 4910 Ipsa
2595 4855 2713 4910 qua:
2739 4838 3089 4902 benedicitur.
3114 4840 3380 4896 Collaudat
3406 4841 3603 4912 aliquid

2017 4935 2156 4990 unde
2186 4933 2552 4997 benedicatur,
2579 4931 2702 5002 quia
2743 4931 2955 5002 sapiens
2993 4939 3093 4985 est.
3124 4930 3259 4999 Quid
3299 4931 3599 4988 collaudat?

2015 5026 2285 5081 Timorem
2331 5023 2561 5088 Domini,
2603 5037 2708 5092 quo
2747 5021 3002 5092 perducta
3044 5030 3125 5075 est
3165 5021 3231 5076 ad
3266 5022 3598 5093 sapientiam.

2019 5115 2227 5172 Initium
2252 5115 2392 5169 enim
2419 5113 2716 5183 sapientiae,
2741 5113 2901 5168 timor
2923 5111 3129 5167 Domini
3157 5109 3328 5184 (Psal.
3356 5127 3452 5183 cx,
3479 5115 3570 5182 I0)
3596 5135 3606 5167 :

2016 5205 2058 5260 1'
2065 5208 2269 5258 itnorem
2303 5215 2474 5259 autem
2502 5203 2719 5258 Domini
2763 5203 2873 5272 ipsa
2898 5202 3174 5258 collaudat.
3201 5203 3488 5261 Lahoriosa
3530 5215 3612 5260 tut

2019 5297 2263 5354 noctibus
2292 5295 2334 5364 ⁵,
2366 5296 2503 5350 inter
2533 5304 2609 5350 tot
2638 5295 2888 5351 scandala
2914 5294 3145 5366 patiens,
3177 5295 3394 5367 provida
3413 5297 3483 5352 ad
3513 5315 3600 5352 et-

2018 5466 2044 5500 ‘
2083 5475 2096 5505 ¹
2122 5473 2255 5532 Fditi,
2287 5470 2467 5536 tnﬂalte
2488 5479 2610 5524 sunt.
2640 5479 2693 5522 At
2714 5471 3020 5536 colhertinus
3041 5479 3122 5521 its.
3153 5473 3492 5536 Infratc‘sunt.
3519 5479 3592 5525 \ta

2017 5538 2098 5608 aia
2117 5536 2176 5608 ad
2197 5532 2396 5608 sessim
2419 5535 2563 5608 huius
2585 5534 2834 5608 ςεεεείοῑιέἓι
2859 5542 2923 5608 νει
2945 5539 3116 5608 We
3133 5532 3392 5608 δῖιβεναετεο
3416 5543 3514 5585 θυε-

2080 5601 2098 5628 ι
2124 5602 2188 5646 tta
2213 5598 2260 5646 in
2283 5603 2393 5657 Mss.
2417 5593 2534 5657 stin
2559 5596 2719 5657 editis,
2746 5595 2862 5646 ride
2883 5593 3245 5657 ipsumﬂorein.

2082 5658 2102 5687 ³
2126 5658 2245 5707 Iiditi
2269 5665 2322 5707 El
2344 5655 2406 5720 ab
2427 5655 2691 5720 hocapice.
2719 5664 2773 5706 Αι
2793 5654 2923 5720 uss;
2939 5654 3112 5720 capite,

2082 5730 2102 5749 ι
2127 5720 2199 5768 sic
2221 5725 2302 5769 its.
2327 5715 2649 5768 Colbertinus.
2679 5726 2730 5769 At
2754 5715 3213 5780 edul,totlattdlbtts.

2990 5793 3248 5896 aluit}
