3938 6186
330 284 435 341 εδς

330 384 677 467 spectandum
697 428 710 453 ,
743 379 895 437 fortis
932 374 997 429 ad
1029 366 1380 467 tolerando-tit,
1412 351 1754 467 contemnas!

332 439 729 542 ’ς
760 466 1030 527 laboribus
1068 460 1231 515 finitis
1251 499 1266 524 ,
1293 453 1426 547 Date
1462 450 1539 505 illi
1577 451 1641 501 de
1670 439 1913 547 ﬂuctibus

333 588 577 632 manuum
622 577 847 623 auarum.
897 555 1067 622 Fecit,
1115 549 1237 606 fecit
1279 564 1293 600 ε
1342 544 1500 615 digna
1654 544 1912 632 recipere:

625 621 688 710 de
722 648 963 726 fructibus
1000 657 1241 699 manuum
1277 649 1485 726 auarum
1518 633 1565 726 ’ἶ
1582 627 1722 726 Quid
1755 621 1916 679 date?

348 718 539 818 l’enite,
568 718 810 804 benedicti
838 738 1009 795 Patria
1037 735 1155 790 mei.
1191 731 1318 785 Date
1345 725 1422 781 illi
1450 725 1512 777 de
1539 718 1784 818 fructibus
1809 729 1920 818 nta-

1548 247 1605 302 S.
1650 230 2010 299 AUGUSTINI
2050 231 2351 290 EPISCOPI

3495 226 3605 287 ῦὸ

2015 343 2229 403 liuentia
2259 362 2438 404 rerum
2468 346 2652 411 simus,
2687 346 2809 401 sive
2829 343 2883 399 in
2916 342 3182 415 angustia,
3206 343 3606 413 exspectandus

2017 447 2101 493 est
2138 440 2413 503 Dominus,
2454 438 2543 509 qui
2567 445 2623 492 et
2656 436 2797 508 quod
2829 450 2956 490 vere
2996 434 3195 489 bonum
3232 442 3289 490 et
3323 448 3490 490 suave
3523 444 3606 490 est

2019 528 2130 595 det,
2159 538 2211 583 et
2234 528 2375 599 quod
2401 543 2527 584 vere
2552 527 2753 582 malum
2776 535 2864 582 est
2891 534 3097 580 avertat
3118 539 3153 579 a
3183 524 3357 580 nobis.

2091 621 2146 676 2.
2188 620 2334 676 Bona
2373 629 2426 674 et
2458 619 2597 673 mala
2640 618 2783 672 bonis
2824 626 2872 672 et
2904 617 3053 671 utalia
3104 614 3410 671 communia.
3442 615 3612 673 Scan-
3650 601 3657 641 ί

2023 711 2197 767 datum
2243 711 2307 765 de
2325 711 2562 781 felicitate
2589 709 2859 763 malorum.
2893 708 3040 763 Bona
3080 708 3170 763 Dei
3192 722 3311 778 qua:
3350 709 3612 777 promittit

338 800 654 916 έὲιὶῖιῖὲίὶιὲ.
696 838 834 908 eum
877 833 1031 892 ααιεν
1071 828 1326 899 mea
1360 836 1575 916 νεσπυπξ
1600 816 1747 916 ,ηκςω
2020 803 2720 916 ἱῗῗξίδξ.⁵“ἑ¹ἱθ-ῗῗ¹ζῖἶῗῗ2¹
2743 801 2900 916 :.::‘
2927 800 3615 916 1?“.‘3.f!.““.°.."1".‘3i‘fi_‘.'3:

339 904 572 1012 paratum
612 942 684 990 est
708 904 793 985 iob
837 927 1033 998 origine
1070 920 1291 1012 mundi;
1313 917 1450 1012 Ecce
1490 909 1615 1011 quid

340 995 532 1102 quibus
552 1025 795 1098 fructibus
816 995 1053 1074 manuum
1071 1012 1220 1084 ejus?
1244 1002 1623 1102 Biturici-enim:
1646 1007 1693 1102 et

504 1084 811 1172 manducare
847 1106 1058 1181 (Matth.
1100 1117 1236 1169 xxv,
1281 1098 1374 1166 3i,
1417 1093 1534 1165 35).
1577 1091 1710 1146 Date
1750 1087 1828 1142 illi
1863 1084 1926 1140 de

345 1212 593 1285 fructibus
622 1220 863 1262 manuum
889 1203 1018 1273 ejus.
1324 1284 1331 1285 ί
1368 1283 1376 1285 ἢ
1438 1278 1457 1285 Δ
1494 1281 1505 1285 Δ
1565 1277 1580 1285 ⁸
1797 1271 1829 1285 Δ.

416 1302 640 1361 CAPUT
668 1298 787 1355 XX.
810 1294 994 1350 —-50.
1026 1291 1087 1346 Et
1121 1286 1263 1360 quod
1302 1283 1383 1351 illi
1423 1277 1617 1336 deinde
1657 1277 1925 1342 negotium

349 1400 472 1461 erit,
513 1393 674 1451 ﬁnitis
703 1383 1008 1446 laboribus?
1038 1380 1105 1436 Et
1143 1377 1377 1435 laudetur
1400 1374 1454 1427 in
1493 1368 1651 1461 portis
1680 1367 1771 1461 vi:
1796 1364 1925 1435 ejus.

348 1455 469 1565 ipse
499 1485 604 1542 crit
643 1489 828 1555 portus
863 1476 1107 1533 laborum
1148 1458 1698 1565 nostrorumuvidere
1726 1455 1927 1565 ‘D'eum,

346 1545 401 1636 .2
445 1545 665 1633 laudare
706 1572 894 1628 Deum.
916 1566 1034 1622 Non
1084 1561 1154 1617 ibi
1194 1558 1402 1615 dicetur
1441 1572 1455 1608 :
1494 1551 1683 1633 Surge,
1726 1545 1931 1636 labora,

351 1668 482 1728 vesti
537 1678 740 1727 servos,
789 1658 927 1717 vesti
976 1664 1030 1710 te
1076 1654 1270 1722 ipsam,
1323 1657 1518 1702 ornare
1568 1651 1819 1711 purpura,
1854 1631 1932 1734 Ida

529 1723 756 1816 famulis,
788 1745 1000 1804 attende
1039 1759 1105 1798 ne
1131 1741 1346 1795 lucerna
1375 1733 1760 1800 exstinguatur,
1790 1723 1938 1779 solli-

353 1848 458 1907 cita
497 1856 634 1912 esto,
674 1854 833 1911 surge
866 1837 936 1893 de
963 1832 1228 1894 noctibus,
1264 1826 1412 1897 aperi
1449 1818 1669 1893 pauperi
1697 1817 1934 1918 manum,

355 1940 540 2011 trajice
560 1908 630 1992 de
645 1908 841 1991 colo'in
867 1927 1062 1985 fusum.
1082 1922 1198 1978 Non
1222 1925 1380 1975 erunt
1398 1927 1557 1986 opera
1583 1908 1935 2011 necessitatis,

357 1997 454 2091 ubi
477 2028 620 2088 nulla
659 2020 971 2082 necessitas.
998 2015 1115 2073 Non
1150 2018 1307 2068 erunt
1345 2020 1508 2077 opera
1537 1997 1938 2091 misericordia),

495 2116 637 2175 nulla
684 2112 918 2170 miseria.
960 2106 1078 2163 Non
1112 2102 1309 2171 frangis
1342 2111 1532 2169 panem
1568 2090 1809 2164 pauperi,
1850 2087 1942 2143 ubi

360 2224 517 2268 ιιοηιυ
537 2204 820 2262 mendicat.
862 2199 977 2255 Non
1004 2193 1231 2263 suscipis
1262 2186 1621 2260 peregrinum,
1638 2181 1732 2236 ubi
1756 2191 1945 2235 omnes

360 2305 412 2359 in
453 2300 621 2373 patria
661 2310 755 2352 sua
780 2294 981 2348 vivunt.
1011 2284 1338 2344 Nonxvisitas
1377 2292 1599 2373 aegrum,
1754 2283 1944 2328 omnes

361 2365 619 2466 perpetuo
657 2386 773 2443 sani
813 2390 957 2438 sunt.
995 2379 1112 2434 Non
1150 2374 1316 2431 vestis
1359 2370 1577 2466 nudum,
1625 2365 1715 2423 ubi
1760 2375 1948 2466 omnes

363 2455 561 2541 interna
606 2482 726 2535 luce
753 2474 933 2533 vestiti
975 2480 1121 2528 sunt.
1151 2468 1268 2524 Non
1308 2463 1505 2535 sepelis
1539 2469 1825 2522 mortuum,
1858 2455 1947 2511 ubi

365 2589 553 2631 omnes
570 2571 688 2626 sine
709 2564 940 2623 termino
958 2562 1160 2616 vivunt.
1184 2556 1296 2613 Nec
1316 2563 1491 2609 tamen
1514 2552 1612 2606 ista
1634 2564 1738 2605 non
1761 2560 1946 2618 agens,

367 2662 499 2723 nihil
553 2662 666 2733 agis
695 2676 708 2713 :
736 2655 940 2712 videbis
978 2651 1122 2708 enim
1163 2660 1324 2718 quem
1362 2640 1709 2733 desiderasti,
1748 2649 1800 2693 ct
1833 2637 1955 2733 sine

367 2727 876 2812 defcctu'laudabis.
917 2745 1081 2801 istum
1118 2738 1347 2810 accipies
1382 2734 1633 2791 fructum.
1661 2731 1812 2785 Tunc
1850 2727 1953 2783 erit

370 2862 473 2907 una
510 2848 601 2904 illa
639 2859 797 2917 quam
838 2838 1014 2911 petisti
1059 2853 1073 2891 :
1106 2834 1275 2891 Unam
1314 2830 1433 2902 petii
1469 2844 1501 2880 η
1542 2826 1783 2890 Domino,
1823 2823 1956 2917 Itane

370 2941 640 3013 requiram,
658 2911 725 2990 ut
751 2932 1026 2988 inhabilem
1050 2928 1102 2981 in
1132 2924 1281 2979 domo
1309 2918 1509 2975 Domini
1538 2932 1627 2988 per
1644 2928 1823 3013 omnes
1847 2911 1955 2966 dies

371 3002 487 3087 vita
521 3002 666 3083 metu.
694 3024 763 3080 Et
801 3020 925 3093 quid
966 3018 1038 3074 ibi
1072 3013 1281 3071 facies?
1313 3010 1380 3067 Ut
1407 3005 1713 3073 contempler
1736 3002 1955 3093 detecta-

374 3122 561 3176 tienem
594 3115 798 3172 Domini
824 3091 1008 3184 ‘(Psah
1044 3121 1196 3171 xxvi,
1227 3103 1307 3173 4).
1342 3101 1408 3155 Et
1450 3097 1686 3152 laudetur
1710 3094 1767 3148 iit
1799 3091 1959 3163 portis

374 3213 452 3266 air
487 3211 616 3282 ejus.
667 3205 810 3262 Beati
848 3202 933 3274 qui
981 3197 1208 3254 habitant
1244 3194 1297 3248 in
1337 3192 1486 3246 domo
1524 3199 1647 3282 tua;
1681 3187 1734 3239 in
1771 3184 1960 3238 mula

374 3280 677 3360 alcon—lorum
702 3296 977 3353 laudabunt
1002 3301 1050 3348 te
1077 3289 1247 3364 (Paul.
1276 3292 1505 3348 txxxm,

839 3423 1070 3485 SERMO
1108 3394 1535 3490 xxxvnt‘m.

381 3549 457 3604 De
484 3546 646 3602 verbis
672 3541 1012 3599 Ecclesiaatici
1040 3554 1096 3602 ll,
1140 3537 1254 3601 1-5,
1290 3534 1413 3599 Fili,
1444 3530 1704 3588 accedens
1740 3528 1808 3584 ad
1843 3542 1963 3582 ser-

454 3610 681 3694 vitutem
718 3634 840 3699 Dei,
869 3641 967 3687 etc.
1011 3630 1078 3684 Et
1115 3629 1179 3682 de
1210 3626 1371 3682 verbis
1409 3623 1604 3678 Paabni
1641 3633 1869 3684 xxxvtu,
1907 3620 1961 3685 7,

456 3733 771 3800 Quanquam
802 3728 854 3782 in
884 3723 1114 3795 imagine
1139 3720 1377 3777 ambulat
1404 3718 1587 3783 homo,
1613 3725 1714 3770 etc.
1741 3712 1820 3768 De
1841 3729 1966 3767 ron-

455 3821 666 3878 tin‘entia
692 3829 743 3874 et
767 3816 1081 3881 austinentia.

455 3954 682 4017 CAPUT
709 3950 991 4012 PRIMUM.
1046 3979 1115 3990 ——
1145 3949 1196 4004 ι.
1237 3945 1369 4001 Data:
1405 3944 1609 3999 virtutes
1643 3942 1797 4011 Imjua
1832 3940 1966 3994 vita.

387 4053 504 4109 lino
528 4059 651 4107 sunt
680 4064 798 4121 quze
826 4047 877 4102 in
905 4044 1007 4101 bac
1025 4042 1133 4097 vita
1162 4039 1325 4096 veluti
1353 4036 1616 4093 laboriosa
1646 4033 1798 4088 nobis
1827 4047 1969 4104 prat-

389 4144 677 4217 cipiuntur,
707 4136 981 4195 continere
1011 4144 1065 4190 et
1090 4132 1374 4189 sustinere.
1405 4124 1663 4185 iubemur
1685 4126 1825 4181 enim
1852 4140 1974 4179 con-

392 4237 565 4292 tinere
605 4231 674 4287 ab
712 4230 795 4285 itis
830 4244 948 4300 qua:
986 4226 1038 4281 in
1079 4224 1180 4280 hoc
1216 4220 1414 4279 mundo
1449 4221 1697 4277 dicuntur
1735 4218 1895 4286 bona,
1921 4226 1975 4272 et

391 4327 656 4384 sustinere
694 4338 758 4379 ea
784 4315 904 4394 qua:
940 4319 992 4373 in
1022 4317 1124 4371 hoc
1159 4314 1360 4370 mundo
1398 4312 1668 4367 abundant
1696 4310 1853 4365 mala.
1881 4306 1975 4363 Illa

274 4412 289 4419 ”
392 4415 744 4479 continentia,
792 4411 893 4467 ista
930 4404 1247 4462 sustinentia
1284 4413 1501 4457 vocatur
1542 4419 1557 4457 :
1595 4401 1713 4457 dua:
1753 4402 1979 4454 virtutes

392 4524 512 4578 qua:
543 4503 798 4561 mundant
820 4500 1070 4560 animam,
1094 4504 1149 4551 et
1172 4508 1419 4566 capacem
1449 4491 1647 4547 faciunt
1667 4491 1975 4546 divinitatis.

395 4599 453 4654 In
496 4593 766 4652 l’renandis
805 4589 1111 4646 libidinibus
1149 4596 1203 4642 et
1247 4580 1558 4641 coercendis
1596 4580 1976 4652 voluptatibus,

398 4706 466 4748 ne
513 4688 731 4747 scducat
773 4683 916 4756 quod
960 4681 1100 4738 male
1141 4678 1425 4742 blanditur,
1480 4684 1534 4732 et
1578 4684 1797 4730 enervet
1838 4672 1980 4745 quod

399 4794 718 4856 prosperum
759 4776 973 4840 dicitur,
1004 4769 1328 4828 continentia
1367 4765 1521 4824 nobis
1547 4780 1687 4837 opus
1722 4773 1804 4820 est
1834 4783 1846 4818 :
1877 4780 1980 4819 non

356 4888 381 4939 ,λ
399 4872 624 4931 credere
649 4866 883 4927 felicitati
912 4876 1159 4930 terrenae,
1189 4870 1244 4917 et
1267 4874 1434 4932 usque
1462 4857 1528 4913 ad
1560 4857 1717 4914 liuent
1745 4872 1985 4929 qumrerc

402 4966 728 5029 felicitatem,
759 4975 877 5034 qua:
906 4974 1011 5014 non
1044 4956 1203 5012 habet
1231 4953 1409 5010 tinem.
1444 4952 1512 5009 Ut
1539 4961 1714 5008 autem
1742 4959 1824 5006 cst
1858 4965 1989 5006 cou-

403 5057 662 5123 tinentite,
689 5052 927 5111 felicitati
951 5047 1129 5104 mundi
1156 5060 1258 5103 non
1279 5044 1535 5101 credere:
1562 5044 1632 5099 ita
1658 5041 1988 5098 sustinentia:

401 5157 506 5215 est,
538 5145 838 5204 infclicitati
869 5140 1050 5198 mundi
1087 5154 1191 5195 non
1220 5137 1414 5194 cedere
1441 5138 1484 5189 '.
1515 5134 1640 5191 Sive
1668 5148 1795 5205 ergo
1825 5133 1877 5187 in
1908 5129 1987 5186 af-

470 5311 488 5341 ι
514 5307 587 5356 sic
601 5299 952 5363 legendumex
973 5295 1257 5347 auctoritate
1274 5290 1528 5363 cotﬁciscl.
1544 5287 1990 5363 [laboribusﬁn‘ita

546 5352 709 5435 iure
731 5359 1445 5435 evetitwmmm:
1466 5352 1976 5435 Wfa‘ﬁgxz’lﬂ-..

943 5417 1111 5491 φυηάὶ
1140 5428 1237 5491 tum
1254 5414 1460 5491 cedere.
1554 5420 1683 5491 atas:
1707 5411 1992 5478 infeliatati.

398 5490 465 5544 Et
487 5474 652 5541 eiii;
666 5474 932 5539 victbrinus
951 5480 1075 5540 loco,
1096 5475 1287 5544 cedere.
1305 5476 1472 5544 liabet,
1487 5474 1707 5544 credere.

476 5536 1069 5601 'V'Kdﬁatssft’etaviauum'
1083 5548 1137 5593 et
1158 5536 1478 5601 Victorinum,
1506 5544 1559 5589 et
1578 5536 1640 5588 ad
1674 5541 1869 5587 Am.F.r.
1892 5545 1993 5588 Par.

413 5620 526 5664 ιον.
549 5611 851 5662 emendatus.

478 5676 555 5738 (α)
586 5672 730 5734 Alias,
746 5670 811 5722 de
824 5672 1071 5756 tempus
1090 5662 1207 5719 ω.

1641 5786 1768 5804 ,οη-..ν

2018 893 2158 968 piis,
2185 893 2237 946 in
2277 892 2380 946 fine
2415 900 2712 946 servantur.
2743 889 2889 945 Bona
2925 897 2981 944 ct
3016 891 3153 944 mala
3187 905 3307 961 qua:
3335 900 3615 947 versantur

2028 992 2084 1039 et
2108 975 2400 1038 misceﬁtur
2424 983 2479 1036 in
2502 981 2718 1045 steculo,
2746 995 2845 1036 nec
2872 980 2995 1036 boui
3023 980 3369 1045 soli'babeut,
3393 996 3492 1036 nec
3510 982 3615 1038 soli

2030 1075 2177 1130 mali.
2225 1073 2488 1145 Quidquid
2528 1073 2652 1129 boni
2695 1074 2750 1128 in
2793 1072 2898 1129 hoc
2931 1071 3130 1129 mundo
3167 1072 3387 1140 dixeris,
3419 1073 3618 1129 habent

2032 1166 2178 1231 boni,
2209 1165 2408 1221 habent
2430 1156 2484 1220 et
2506 1164 2630 1220 mali
2662 1182 2678 1217 :
2705 1163 2867 1219 veluti
2897 1162 3121 1225 salutem
3153 1162 3321 1232 ipsam
3351 1163 3616 1233 corporis,

2032 1264 2087 1311 et
2125 1256 2249 1311 boni
2282 1255 2479 1309 habent
2505 1263 2560 1309 et
2592 1253 2739 1308 mali.
2771 1253 2990 1308 Divitias
3022 1262 3077 1306 et
3104 1251 3242 1322 apud
3274 1253 3441 1309 bonos
3465 1254 3618 1310 inve-

2034 1345 2171 1413 nies,
2196 1354 2253 1400 et
2277 1344 2415 1415 apud
2440 1345 2629 1399 malos.
2657 1343 2975 1399 Successum
3002 1342 3251 1408 ﬁliorum,
3278 1353 3332 1398 et
3357 1343 3619 1398 bonorum

2036 1446 2092 1494 et
2126 1440 2385 1494 malorum
2425 1437 2624 1493 donum
2663 1436 2907 1492 videmus
2940 1450 3066 1492 esse
3103 1450 3407 1492 commune.
3443 1435 3621 1490 Vitam

2039 1529 2251 1601 longam
2288 1529 2376 1584 diu
2413 1528 2601 1584 vivunt
2639 1527 2763 1582 boni
2801 1525 3037 1598 quidam,
3077 1525 3171 1580 diu
3194 1526 3376 1581 vivunt
3407 1535 3461 1580 et
3495 1525 3625 1580 mali

2038 1618 2272 1692 quidam.
2293 1622 2362 1677 Et
2382 1633 2733 1691 quaecumque
2752 1620 2856 1675 alia
2877 1632 3159 1675 numerare
3182 1618 3418 1677 volueris
3442 1618 3494 1673 in
3522 1617 3629 1673 hoc

2040 1713 2239 1768 saculo
2265 1712 2400 1767 bona
2421 1751 2437 1777 ,
2469 1711 2733 1782 permixte
2758 1710 2968 1765 invenis
2989 1708 3132 1780 apud
3158 1709 3327 1764 bonos
3346 1719 3405 1764 et
3432 1709 3624 1764 malos.

2042 1805 2271 1861 Rursum
2312 1818 2663 1876 quaecumque
2686 1818 2921 1873 aspera,
2951 1817 3301 1875 quaecumque
3339 1803 3509 1858 tristia
3529 1844 3543 1869 ,
3570 1813 3630 1858 et

2044 1898 2167 1954 boni
2197 1899 2470 1969 patiuntur
2494 1907 2551 1954 et
2575 1898 2735 1963 mali;
2767 1896 2960 1953 famem
2979 1937 2995 1962 ,
3027 1897 3276 1959 morbos,
3307 1895 3541 1963 dolores,
3572 1907 3635 1951 et

2044 1990 2265 2056 damna,
2298 1991 2671 2061 oppressiones
2689 2030 2704 2057 ,
2734 1990 2991 2045 orbitates
3019 2008 3032 2045 :
3063 1990 3364 2044 communis
3406 1989 3518 2045 inec
3544 1999 3635 2045 est

2047 2084 2282 2139 omnium
2322 2082 2573 2138 materies
2610 2083 2986 2155 lacrymarum.
3018 2082 3198 2138 Facile
3235 2091 3317 2137 est
3355 2097 3482 2153 ergo
3528 2081 3636 2138 hoc

2048 2176 2258 2240 videre,
2286 2185 2340 2231 et
2377 2175 2517 2230 bona
2545 2175 2726 2231 steculi
2749 2173 2891 2244 apud
2919 2175 3086 2229 bonos
3113 2183 3169 2229 et
3193 2174 3361 2229 malos
3402 2188 3543 2239 esse,
3576 2183 3637 2228 et

2051 2267 2187 2321 mala
2222 2266 2402 2322 smeuli
2426 2267 2599 2321 bonos
2631 2265 2908 2334 malosque
2942 2263 3198 2334 perferre.
3234 2263 3302 2319 Et
3336 2264 3456 2319 ideo
3493 2276 3639 2334 quo-

2051 2357 2293 2413 rumdam
2339 2357 2504 2430 pedes
2550 2357 2604 2413 in
2643 2357 2729 2411 via
2778 2356 2868 2411 Dei
2918 2356 3181 2422 titubant,
3232 2363 3287 2412 et
3333 2356 3642 2412 exorbitare

2052 2457 2331 2504 conantur.
2383 2447 2530 2503 Multi
2574 2448 2718 2503 enim
2760 2444 2977 2502 deviant
3027 2454 3083 2501 et
3128 2446 3461 2511 exorbitant,
3510 2462 3641 2503 cum

2054 2540 2379 2597 instituerint
2406 2548 2461 2595 et
2491 2539 2866 2610 proposuerint
2891 2539 3091 2605 animo,
3122 2548 3406 2611 propterea
3434 2540 3647 2595 servire

2057 2631 2188 2697 Deo,
2229 2640 2287 2685 ut
2324 2630 2477 2686 bonis
2516 2629 2744 2685 terrenis
2787 2628 3080 2696 abundent,
3120 2637 3175 2685 et
3207 2629 3361 2685 malis
3398 2641 3643 2692 careant,

2057 2734 2226 2792 eaque
2261 2720 2516 2776 devitent.
2543 2718 2675 2775 Cum
2716 2722 2859 2777 enim
2899 2720 2998 2775 sibi
3027 2720 3129 2775 hoc
3157 2723 3547 2792 proposuerint,
3587 2734 3650 2778 et

2059 2811 2196 2867 banc
2247 2811 2547 2867 mercedem
2594 2810 2962 2867 constituerint
3015 2812 3224 2881 pietatis
3270 2821 3325 2868 et
3368 2814 3653 2884 religionis

2059 2915 2208 2968 aute;
2235 2900 2449 2974 quando
2471 2901 2700 2957 viderint
2727 2916 2785 2956 se
2813 2902 3078 2971 laborare,
3105 2910 3159 2958 et
3186 2902 3379 2959 ﬂorere
3410 2904 3648 2974 iniquos,

2060 2994 2213 3064 quasi
2238 2993 2564 3064 perdiderint
2591 2993 2893 3050 mercedem
2919 2996 2960 3059 ²·,
2988 2994 3137 3065 quasi
3164 3009 3257 3050 eos
3286 2993 3533 3052 fefellerit
3556 2998 3653 3066 qui

2061 3086 2292 3155 vocavit,
2319 3087 2470 3157 quasi
2508 3086 2702 3140 frustra
2729 3100 2866 3158 opus
2904 3085 3158 3141 indixerit
3180 3087 3268 3157 qui
3310 3087 3362 3141 in
3399 3088 3659 3144 mercede

2062 3175 2290 3247 decepit,
2311 3176 2618 3231 renuntiant
2644 3176 2773 3230 Deo.
2804 3176 2872 3231 Et
2893 3191 2999 3247 quo
3023 3191 3081 3231 se
3109 3177 3288 3233 miseri
3308 3188 3622 3232 convertunt
3639 3219 3655 3240 ,

2070 3274 2372 3322 avertentes
2410 3281 2469 3321 se
2498 3265 2566 3320 ab
2600 3266 2691 3322 illo
2717 3283 2745 3320 a
2771 3282 2877 3337 quo
2917 3266 3038 3321 facti
3068 3275 3209 3331 sunt,
3241 3277 3295 3322 et
3330 3267 3661 3323 inbtnrentes

2068 3358 2170 3412 illis
2196 3373 2312 3427 qua:
2335 3356 2469 3411 facta
2496 3358 2655 3412 sunt?
2677 3358 2811 3412 Cum
2838 3358 3060 3426 cmperit
3086 3357 3260 3427 perire
3286 3357 3426 3428 quod
3454 3357 3657 3412 factum

2067 3456 2170 3515 est,
2201 3448 2291 3501 ubi
2338 3448 2440 3502 erit
2481 3457 2687 3501 amator
2727 3446 3004 3518 temporis,
3053 3447 3139 3518 qui
3180 3448 3406 3519 perdidit
3438 3448 3667 3504 tutemi-

2069 3547 2229 3594 tatem
2250 3539 2273 3592 ?

2140 3629 2366 3687 CAPUT
2396 3629 2458 3684 ll.
2483 3660 2556 3671 —-
2579 3633 2632 3686 '5.
2671 3629 2822 3685 Fides
2852 3632 2933 3684 hic
2963 3632 3260 3686 necessaria.
3291 3631 3509 3700 Tempua
3535 3632 3667 3701 ﬁdei

2071 3730 2116 3776 et
2153 3732 2349 3790 tempus
2385 3720 2585 3791 speciei.
2632 3720 2864 3775 Proinde
2901 3729 3120 3791 propter
3171 3720 3257 3776 illa
3328 3722 3463 3777 bona
3485 3764 3500 3787 ,
3536 3738 3669 3793 qua:

2079 3828 2188 3870 non
2218 3814 2364 3869 dabit
2392 3813 2531 3870 Deus
2572 3813 2674 3868 nisi
2704 3812 2886 3880 bonis,
2913 3822 2968 3867 et
2994 3823 3211 3885 propter
3237 3813 3322 3869 illa
3349 3814 3507 3879 mala,
3538 3830 3670 3885 qtm

2074 3921 2181 3961 non
2204 3904 2496 3960 inferuntur
2514 3904 2614 3959 nisi
2631 3904 2804 3969 malis,
2829 3904 2951 3975 quia
2975 3904 3029 3959 in
3047 3904 3152 3960 ﬁne
3171 3904 3499 3975 apparebunt
3514 3913 3669 3959 utra-

2074 4013 2195 4069 que,
2222 3997 2364 4053 credi
2394 3996 2495 4052 sibi
2526 3997 2637 4052 vult
2657 3997 2817 4053 Deus.
2839 3996 2971 4066 Qua:
2999 3997 3142 4054 enim
3171 4013 3375 4052 merces
3397 3996 3538 4061 ﬁdei,
3568 4008 3671 4053 aut

2076 4087 2219 4158 quod
2264 4086 2482 4142 omnino
2526 4087 2610 4142 vel
2657 4103 2854 4143 nomen
2898 4087 3049 4153 ﬁdei,
3079 4087 3122 4143 si
3163 4088 3323 4144 modo
3362 4089 3444 4142 vis
3481 4087 3672 4144 videre

2078 4180 2219 4250 quod
2262 4181 2487 4236 teneas?
2528 4179 2646 4235 Non
2682 4180 2855 4245 debes
2878 4196 3005 4251 ergo
3041 4180 3221 4236 videre
3265 4180 3403 4251 quod
3438 4180 3670 4247 credas;

2080 4270 2171 4325 sed
2194 4270 2413 4326 credere
2433 4270 2574 4340 quod
2602 4270 2812 4340 videas;
2837 4272 3057 4328 credere
3085 4273 3332 4342 quamdiu
3363 4288 3465 4327 non
3489 4272 3672 4339 vides,
3782 4304 3793 4314 ι

2081 4376 2149 4417 ne
2192 4375 2311 4416 cum
2355 4361 2554 4416 videris
2597 4361 2904 4417 erubescas.
2945 4362 3088 4432 Ergo
3127 4363 3409 4418 credamus
3450 4362 3492 4429 ³,
3537 4363 3673 4418 dum

2084 4463 2294 4524 tempus
2336 4462 2419 4508 est
2459 4452 2598 4519 lldt‘l,
2641 4463 2923 4524 antequam
2963 4455 3033 4509 sit
3078 4461 3288 4524 tempus
3324 4455 3540 4526 speciei.
3577 4454 3673 4512 Sic

2083 4545 2225 4600 enim
2250 4544 2381 4599 dicit
2409 4545 2714 4615 Apostolus,
2750 4545 3007 4612 Quamdiu
3033 4562 3207 4600 sumus
3234 4547 3287 4601 in
3315 4548 3409 4600 hoc
3434 4563 3670 4617 corpore,

2087 4635 2466 4707 peregrinantur
2511 4652 2544 4689 a
2585 4635 2801 4690 Domino
2828 4652 2848 4690 :
2876 4653 2965 4705 per
2992 4637 3146 4706 ﬁdem
3184 4638 3315 4692 enim
3353 4636 3683 4692 ambulamus

2089 4725 2169 4797 (ll
2188 4725 2316 4791 Cor.
2348 4742 2402 4791 v,
2430 4728 2485 4794 6,
2515 4727 2592 4800 7).
2625 4729 2767 4798 Ergo
2791 4743 2886 4799 per
2912 4728 3069 4784 ﬁdem
3100 4728 3452 4796 ambulamus,
3483 4746 3678 4802 quam-

2088 4819 2177 4875 diu
2215 4817 2483 4875 credimus
2521 4819 2663 4891 quod
2701 4835 2807 4875 non
2832 4820 3071 4877 videmus
3110 4840 3122 4875 :
3159 4823 3456 4877 tenebimus
3493 4833 3680 4878 autem

2090 4911 2343 4981 speciem,
2373 4925 2495 4968 cum
2522 4911 2813 4967 viderimus
2848 4911 2981 4969 facie
3018 4912 3086 4968 ad
3126 4914 3335 4981 faciem,
3377 4915 3531 4970 sicuti
3573 4925 3682 4970 cst.

2092 5001 2328 5072 Tempus
2365 5001 2489 5057 ﬁdei
2526 5011 2580 5058 et
2611 5010 2820 5073 tempus
2859 5003 3057 5074 speciei
3086 5003 3320 5061 Joannes
3348 5007 3506 5061 etiam
3544 5022 3684 5078 apa-

2093 5092 2262 5146 stolus
2291 5092 2345 5146 in
2373 5091 2608 5161 Epistula
2633 5107 2729 5149 sua
2754 5093 3048 5164 distinguit,
3078 5095 3261 5151 dicens
3290 5114 3303 5149 :
3330 5095 3685 5165 Dilectt'aat'nti,

2094 5198 2229 5237 nunc
2254 5183 2350 5252 lilii
2378 5181 2476 5238 Dei
2502 5201 2693 5249 sumus,
2726 5195 2774 5239 et
2801 5186 3025 5240 nondum
3063 5189 3301 5258 apparuit
3328 5188 3449 5258 quid
3472 5190 3684 5243 erimus.

2097 5275 2209 5333 Hoc
2238 5289 2445 5367 tempus
2467 5284 2552 5332 est
2577 5275 2697 5331 ﬁdei
2729 5293 2743 5331 :
2772 5275 2951 5333 videte
2977 5286 3186 5350 tempus
3211 5279 3430 5348 speciei.
3454 5278 3688 5347 Scimus,

2163 5416 2180 5447 ί
2207 5410 2451 5477 Ηοογιροο
2480 5410 2632 5477 verba
2667 5411 2888 5477 quaedam
2920 5412 2969 5462 in
3013 5420 3126 5464 ante
3159 5412 3305 5477 editis
3339 5412 3694 5477 μεθίει-πρῖε..

2100 5489 2293 5528 necnon
2313 5474 2439 5525 infra
2459 5472 2629 5537 plures
2650 5475 2826 5537 μεθείω
2848 5488 3022 5525 versus
3054 5472 3381 5527 restituuntur
3401 5472 3705 5527 auctoritate

2166 5602 2192 5668 ξ
2202 5600 2278 5668 sic
2584 5603 2669 5647 Its.
2694 5597 2811 5650 Editi
2833 5610 2968 5661 vero,
2995 5597 3295 5664 perdiderint
3319 5611 3478 5664 ψαη.

2174 5662 2194 5693 ³
2216 5667 2343 5723 uss,
2371 5657 2631 5734 credimus.
