  <div class='ocr_page' id='page_1' title='image "/cluster/home/n/w/nwhite01/storage/ocr_20150623/38/hvd.32044096580600/124.png"; bbox 0 0 1969 3093; ppageno 0'>
   <div class='ocr_carea' id='block_1_1' title="bbox 144 199 934 238">
    <p class='ocr_par' dir='ltr' id='par_1_1' title="bbox 144 199 934 238">
     <span class='ocr_line' id='line_1_1' title="bbox 144 199 934 238; baseline -0.006 -8"><span class='ocrx_word' id='word_1_1' title='bbox 144 201 246 238; x_wconf 86' lang='lat' dir='ltr'><strong>inquit,</strong></span> <span class='ocrx_word' id='word_1_2' title='bbox 270 201 392 236; x_wconf 80' lang='lat' dir='ltr'><strong>quoniam</strong></span> <span class='ocrx_word' id='word_1_3' title='bbox 413 207 472 226; x_wconf 77' lang='lat' dir='ltr'><strong>cum</strong></span> <span class='ocrx_word' id='word_1_4' title='bbox 492 199 648 234; x_wconf 72' lang='lat' dir='ltr'><strong><em>apparuerit,</em></strong></span> <span class='ocrx_word' id='word_1_5' title='bbox 671 199 765 226; x_wconf 69' lang='lat' dir='ltr'><strong>similes</strong></span> <span class='ocrx_word' id='word_1_6' title='bbox 785 199 809 226; x_wconf 82' lang='lat' dir='ltr'><strong>ei</strong></span> <span class='ocrx_word' id='word_1_7' title='bbox 830 200 934 231; x_wconf 83' lang='lat' dir='ltr'><strong>erimus,</strong></span> 
     </span>
    </p>
   </div>
   <div class='ocr_carea' id='block_1_2' title="bbox 146 244 853 283">
    <p class='ocr_par' dir='ltr' id='par_1_2' title="bbox 146 244 853 283">
     <span class='ocr_line' id='line_1_2' title="bbox 146 244 853 283; baseline -0.003 -9"><span class='ocrx_word' id='word_1_8' title='bbox 146 247 266 283; x_wconf 65' lang='lat' dir='ltr'><strong>muniam</strong></span> <span class='ocrx_word' id='word_1_9' title='bbox 278 246 420 273; x_wconf 76' lang='lat' dir='ltr'><strong>videbimus</strong></span> <span class='ocrx_word' id='word_1_10' title='bbox 431 253 487 272; x_wconf 80' lang='lat' dir='ltr'><strong>eum</strong></span> <span class='ocrx_word' id='word_1_11' title='bbox 500 245 573 272; x_wconf 73' lang='lat' dir='ltr'><strong>sicuti</strong></span> <span class='ocrx_word' id='word_1_12' title='bbox 585 249 620 271; x_wconf 82' lang='lat' dir='ltr'><strong>est</strong></span> <span class='ocrx_word' id='word_1_13' title='bbox 633 245 660 281; x_wconf 94' lang='grc'><strong>(1</strong></span> <span class='ocrx_word' id='word_1_14' title='bbox 672 245 751 272; x_wconf 78' lang='lat' dir='ltr'><strong>Joan.</strong></span> <span class='ocrx_word' id='word_1_15' title='bbox 765 253 802 276; x_wconf 83' lang='lat' dir='ltr'><strong>tu,</strong></span> <span class='ocrx_word' id='word_1_16' title='bbox 814 244 853 280; x_wconf 74' lang='grc'><strong>2).</strong></span> 
     </span>
    </p>
   </div>
   <div class='ocr_carea' id='block_1_3' title="bbox 181 289 937 327">
    <p class='ocr_par' dir='ltr' id='par_1_3' title="bbox 181 289 937 327">
     <span class='ocr_line' id='line_1_3' title="bbox 181 289 937 327; baseline -0.003 -8"><span class='ocrx_word' id='word_1_17' title='bbox 181 293 207 320; x_wconf 72' lang='grc'><strong>4.</strong></span> <span class='ocrx_word' id='word_1_18' title='bbox 221 292 333 327; x_wconf 71' lang='lat' dir='ltr'><strong>Tempus</strong></span> <span class='ocrx_word' id='word_1_19' title='bbox 357 291 418 326; x_wconf 78' lang='lat' dir='ltr'><strong>ﬁdei</strong></span> <span class='ocrx_word' id='word_1_20' title='bbox 440 291 601 317; x_wconf 72' lang='lat' dir='ltr'><strong>laboriosum.</strong></span> <span class='ocrx_word' id='word_1_21' title='bbox 624 289 794 318; x_wconf 81' lang='lat' dir='ltr'><strong>Laboriosum</strong></span> <span class='ocrx_word' id='word_1_22' title='bbox 814 295 854 317; x_wconf 84' lang='lat' dir='ltr'><strong>est</strong></span> <span class='ocrx_word' id='word_1_23' title='bbox 878 290 937 317; x_wconf 90' lang='lat' dir='ltr'><strong>ﬁdei</strong></span> 
     </span>
    </p>
   </div>
   <div class='ocr_carea' id='block_1_4' title="bbox 145 334 939 372">
    <p class='ocr_par' dir='ltr' id='par_1_4' title="bbox 145 334 939 372">
     <span class='ocr_line' id='line_1_4' title="bbox 145 334 939 372; baseline -0.003 -8"><span class='ocrx_word' id='word_1_24' title='bbox 145 343 252 372; x_wconf 75' lang='lat' dir='ltr'><strong>r-mpus</strong></span> <span class='ocrx_word' id='word_1_25' title='bbox 266 345 273 362; x_wconf 83' lang='lat'><strong>:</strong></span> <span class='ocrx_word' id='word_1_26' title='bbox 285 336 346 371; x_wconf 83' lang='lat' dir='ltr'><strong>quis</strong></span> <span class='ocrx_word' id='word_1_27' title='bbox 365 336 465 370; x_wconf 81' lang='lat' dir='ltr'><strong>negat?</strong></span> <span class='ocrx_word' id='word_1_28' title='bbox 484 334 657 362; x_wconf 81' lang='lat' dir='ltr'><strong>Laboriosum</strong></span> <span class='ocrx_word' id='word_1_29' title='bbox 675 339 734 369; x_wconf 86' lang='lat' dir='ltr'><strong>est,</strong></span> <span class='ocrx_word' id='word_1_30' title='bbox 758 335 804 362; x_wconf 88' lang='lat' dir='ltr'><strong>sed</strong></span> <span class='ocrx_word' id='word_1_31' title='bbox 826 335 876 363; x_wconf 92' lang='lat' dir='ltr'><strong>hoc</strong></span> <span class='ocrx_word' id='word_1_32' title='bbox 898 339 939 362; x_wconf 90' lang='lat' dir='ltr'><strong>est</strong></span> 
     </span>
    </p>
   </div>
   <div class='ocr_carea' id='block_1_5' title="bbox 141 379 938 418">
    <p class='ocr_par' dir='ltr' id='par_1_5' title="bbox 141 379 938 418">
     <span class='ocr_line' id='line_1_5' title="bbox 141 379 938 418; baseline -0.004 -8"><span class='ocrx_word' id='word_1_33' title='bbox 141 391 211 418; x_wconf 80' lang='lat' dir='ltr'><strong>opus</strong></span> <span class='ocrx_word' id='word_1_34' title='bbox 230 381 305 416; x_wconf 83' lang='lat' dir='ltr'><strong>cujus</strong></span> <span class='ocrx_word' id='word_1_35' title='bbox 320 381 364 408; x_wconf 86' lang='lat' dir='ltr'><strong>illa</strong></span> <span class='ocrx_word' id='word_1_36' title='bbox 379 387 482 408; x_wconf 82' lang='lat' dir='ltr'><strong>merces</strong></span> <span class='ocrx_word' id='word_1_37' title='bbox 501 385 552 407; x_wconf 85' lang='lat' dir='ltr'><strong>est.</strong></span> <span class='ocrx_word' id='word_1_38' title='bbox 564 379 622 407; x_wconf 85' lang='lat' dir='ltr'><strong>Noli</strong></span> <span class='ocrx_word' id='word_1_39' title='bbox 637 380 710 415; x_wconf 79' lang='lat' dir='ltr'><strong>piger</strong></span> <span class='ocrx_word' id='word_1_40' title='bbox 722 387 782 407; x_wconf 86' lang='lat' dir='ltr'><strong>esse</strong></span> <span class='ocrx_word' id='word_1_41' title='bbox 797 380 822 407; x_wconf 93' lang='lat' dir='ltr'><strong>in</strong></span> <span class='ocrx_word' id='word_1_42' title='bbox 836 388 917 415; x_wconf 77' lang='lat' dir='ltr'><strong>opere</strong></span> <span class='ocrx_word' id='word_1_43' title='bbox 928 401 938 413; x_wconf 91' lang='lat'><strong>,</strong></span> 
     </span>
    </p>
   </div>
   <div class='ocr_carea' id='block_1_6' title="bbox 140 425 938 462">
    <p class='ocr_par' dir='ltr' id='par_1_6' title="bbox 140 425 938 462">
     <span class='ocr_line' id='line_1_6' title="bbox 140 425 938 462; baseline -0.001 -7"><span class='ocrx_word' id='word_1_44' title='bbox 140 428 221 462; x_wconf 77' lang='lat' dir='ltr'><strong>utth</strong></span> <span class='ocrx_word' id='word_1_45' title='bbox 233 426 384 454; x_wconf 85' lang='lat' dir='ltr'><strong>mercedem</strong></span> <span class='ocrx_word' id='word_1_46' title='bbox 397 425 545 452; x_wconf 82' lang='lat' dir='ltr'><strong>desideras.</strong></span> <span class='ocrx_word' id='word_1_47' title='bbox 559 425 587 453; x_wconf 86' lang='lat' dir='ltr'><strong>Si</strong></span> <span class='ocrx_word' id='word_1_48' title='bbox 601 432 680 460; x_wconf 86' lang='lat' dir='ltr'><strong>quem</strong></span> <span class='ocrx_word' id='word_1_49' title='bbox 694 425 764 453; x_wconf 90' lang='lat' dir='ltr'><strong>enim</strong></span> <span class='ocrx_word' id='word_1_50' title='bbox 786 430 813 452; x_wconf 85' lang='lat' dir='ltr'><strong>et</strong></span> <span class='ocrx_word' id='word_1_51' title='bbox 832 430 859 453; x_wconf 91' lang='lat' dir='ltr'><strong>tu</strong></span> <span class='ocrx_word' id='word_1_52' title='bbox 882 426 938 461; x_wconf 86' lang='lat' dir='ltr'><strong>ipse</strong></span> 
     </span>
    </p>
   </div>
   <div class='ocr_carea' id='block_1_7' title="bbox 141 471 936 503">
    <p class='ocr_par' dir='ltr' id='par_1_7' title="bbox 141 471 936 503">
     <span class='ocr_line' id='line_1_7' title="bbox 141 471 936 503; baseline -0.001 -4"><span class='ocrx_word' id='word_1_53' title='bbox 141 473 340 500; x_wconf 80' lang='lat' dir='ltr'><strong>mercenarium</strong></span> <span class='ocrx_word' id='word_1_54' title='bbox 351 471 534 503; x_wconf 83' lang='lat' dir='ltr'><strong>conduxisses,</strong></span> <span class='ocrx_word' id='word_1_55' title='bbox 549 479 599 497; x_wconf 91' lang='lat' dir='ltr'><strong>non</strong></span> <span class='ocrx_word' id='word_1_56' title='bbox 612 475 672 498; x_wconf 87' lang='lat' dir='ltr'><strong>ante</strong></span> <span class='ocrx_word' id='word_1_57' title='bbox 684 472 831 498; x_wconf 82' lang='lat' dir='ltr'><strong>mercedem</strong></span> <span class='ocrx_word' id='word_1_58' title='bbox 844 480 936 499; x_wconf 80' lang='lat' dir='ltr'><strong>nume—</strong></span> 
     </span>
    </p>
   </div>
   <div class='ocr_carea' id='block_1_8' title="bbox 140 516 937 552">
    <p class='ocr_par' dir='ltr' id='par_1_8' title="bbox 140 516 937 552">
     <span class='ocr_line' id='line_1_8' title="bbox 140 516 937 552; baseline -0.004 -6"><span class='ocrx_word' id='word_1_59' title='bbox 140 525 219 546; x_wconf 76' lang='lat' dir='ltr'><strong>rares</strong></span> <span class='ocrx_word' id='word_1_60' title='bbox 231 539 238 549; x_wconf 85' lang='lat'><strong>,</strong></span> <span class='ocrx_word' id='word_1_61' title='bbox 251 525 332 552; x_wconf 87' lang='lat' dir='ltr'><strong>quam</strong></span> <span class='ocrx_word' id='word_1_62' title='bbox 354 517 380 543; x_wconf 93' lang='lat' dir='ltr'><strong>in</strong></span> <span class='ocrx_word' id='word_1_63' title='bbox 394 524 474 550; x_wconf 87' lang='lat' dir='ltr'><strong>opere</strong></span> <span class='ocrx_word' id='word_1_64' title='bbox 487 523 639 543; x_wconf 72' lang='lat' dir='ltr'><strong>exerceres.</strong></span> <span class='ocrx_word' id='word_1_65' title='bbox 657 516 761 543; x_wconf 78' lang='lat' dir='ltr'><strong>Diceres</strong></span> <span class='ocrx_word' id='word_1_66' title='bbox 777 517 799 543; x_wconf 90' lang='lat' dir='ltr'><strong>ci</strong></span> <span class='ocrx_word' id='word_1_67' title='bbox 812 538 818 547; x_wconf 93' lang='lat'><strong>,</strong></span> <span class='ocrx_word' id='word_1_68' title='bbox 832 517 882 543; x_wconf 85' lang='lat' dir='ltr'><strong>Fac</strong></span> <span class='ocrx_word' id='word_1_69' title='bbox 892 538 898 549; x_wconf 96' lang='lat'><strong>,</strong></span> <span class='ocrx_word' id='word_1_70' title='bbox 912 523 937 543; x_wconf 81' lang='lat' dir='ltr'><strong>et</strong></span> 
     </span>
    </p>
   </div>
   <div class='ocr_carea' id='block_1_9' title="bbox 140 562 937 597">
    <p class='ocr_par' dir='ltr' id='par_1_9' title="bbox 140 562 937 597">
     <span class='ocr_line' id='line_1_9' title="bbox 140 562 937 597; baseline -0.003 -6"><span class='ocrx_word' id='word_1_71' title='bbox 140 563 235 597; x_wconf 80' lang='lat' dir='ltr'><strong>accipe</strong></span> <span class='ocrx_word' id='word_1_72' title='bbox 255 572 262 589; x_wconf 84' lang='lat'><strong>:</strong></span> <span class='ocrx_word' id='word_1_73' title='bbox 285 570 336 589; x_wconf 92' lang='lat' dir='ltr'><strong>non</strong></span> <span class='ocrx_word' id='word_1_74' title='bbox 358 562 403 589; x_wconf 89' lang='lat' dir='ltr'><strong>tibi</strong></span> <span class='ocrx_word' id='word_1_75' title='bbox 425 562 540 593; x_wconf 88' lang='lat' dir='ltr'><strong>diceret,</strong></span> <span class='ocrx_word' id='word_1_76' title='bbox 559 562 611 592; x_wconf 87' lang='lat' dir='ltr'><strong>Da,</strong></span> <span class='ocrx_word' id='word_1_77' title='bbox 634 566 660 588; x_wconf 88' lang='lat' dir='ltr'><strong>ct</strong></span> <span class='ocrx_word' id='word_1_78' title='bbox 680 562 754 588; x_wconf 84' lang='lat' dir='ltr'><strong>l‘acio.</strong></span> <span class='ocrx_word' id='word_1_79' title='bbox 771 562 815 589; x_wconf 88' lang='lat' dir='ltr'><strong>Sic</strong></span> <span class='ocrx_word' id='word_1_80' title='bbox 834 570 896 596; x_wconf 76' lang='lat' dir='ltr'><strong>ergo</strong></span> <span class='ocrx_word' id='word_1_81' title='bbox 911 567 937 589; x_wconf 85' lang='lat' dir='ltr'><strong>et</strong></span> 
     </span>
    </p>
   </div>
   <div class='ocr_carea' id='block_1_10' title="bbox 140 607 935 638">
    <p class='ocr_par' dir='ltr' id='par_1_10' title="bbox 140 607 935 638">
     <span class='ocr_line' id='line_1_10' title="bbox 140 607 935 638; baseline -0.004 -1"><span class='ocrx_word' id='word_1_82' title='bbox 140 609 225 637; x_wconf 66' lang='lat' dir='ltr'><strong>Dem.</strong></span> <span class='ocrx_word' id='word_1_83' title='bbox 238 609 278 636; x_wconf 85' lang='lat' dir='ltr'><strong>Tu</strong></span> <span class='ocrx_word' id='word_1_84' title='bbox 293 616 345 635; x_wconf 80' lang='lat' dir='ltr'><strong>non</strong></span> <span class='ocrx_word' id='word_1_85' title='bbox 361 607 429 634; x_wconf 79' lang='lat' dir='ltr'><strong>fallis</strong></span> <span class='ocrx_word' id='word_1_86' title='bbox 439 607 631 634; x_wconf 82' lang='lat' dir='ltr'><strong>mercenarium</strong></span> <span class='ocrx_word' id='word_1_87' title='bbox 646 611 717 634; x_wconf 90' lang='lat' dir='ltr'><strong>tuum</strong></span> <span class='ocrx_word' id='word_1_88' title='bbox 734 608 828 634; x_wconf 86' lang='lat' dir='ltr'><strong>timens</strong></span> <span class='ocrx_word' id='word_1_89' title='bbox 845 609 935 638; x_wconf 80' lang='lat' dir='ltr'><strong>Deum:</strong></span> 
     </span>
    </p>
   </div>
   <div class='ocr_carea' id='block_1_11' title="bbox 140 653 937 689">
    <p class='ocr_par' dir='ltr' id='par_1_11' title="bbox 140 653 937 689">
     <span class='ocr_line' id='line_1_11' title="bbox 140 653 937 689; baseline -0.004 -6"><span class='ocrx_word' id='word_1_90' title='bbox 140 663 167 683; x_wconf 86' lang='lat' dir='ltr'><strong>te</strong></span> <span class='ocrx_word' id='word_1_91' title='bbox 184 655 242 689; x_wconf 88' lang='lat' dir='ltr'><strong>ipse</strong></span> <span class='ocrx_word' id='word_1_92' title='bbox 258 654 328 681; x_wconf 82' lang='lat' dir='ltr'><strong>Deus</strong></span> <span class='ocrx_word' id='word_1_93' title='bbox 339 654 426 685; x_wconf 80' lang='lat' dir='ltr'><strong>fallet,</strong></span> <span class='ocrx_word' id='word_1_94' title='bbox 440 654 483 688; x_wconf 92' lang='lat' dir='ltr'><strong>qui</strong></span> <span class='ocrx_word' id='word_1_95' title='bbox 496 654 570 687; x_wconf 83' lang='lat' dir='ltr'><strong>jubet</strong></span> <span class='ocrx_word' id='word_1_96' title='bbox 581 661 613 679; x_wconf 90' lang='lat' dir='ltr'><strong>nc</strong></span> <span class='ocrx_word' id='word_1_97' title='bbox 629 653 704 680; x_wconf 81' lang='lat' dir='ltr'><strong>fallas</strong></span> <span class='ocrx_word' id='word_1_98' title='bbox 724 654 937 680; x_wconf 82' lang='lat' dir='ltr'><strong>mercenarium?</strong></span> 
     </span>
    </p>
   </div>
   <div class='ocr_carea' id='block_1_12' title="bbox 137 699 935 734">
    <p class='ocr_par' dir='ltr' id='par_1_12' title="bbox 137 699 935 734">
     <span class='ocr_line' id='line_1_12' title="bbox 137 699 935 734; baseline -0.004 -6"><span class='ocrx_word' id='word_1_99' title='bbox 137 701 289 728; x_wconf 83' lang='lat' dir='ltr'><strong>Tamen-tu</strong></span> <span class='ocrx_word' id='word_1_100' title='bbox 309 699 379 734; x_wconf 89' lang='lat' dir='ltr'><strong>quod</strong></span> <span class='ocrx_word' id='word_1_101' title='bbox 394 699 547 734; x_wconf 85' lang='lat' dir='ltr'><strong>promiseris</strong></span> <span class='ocrx_word' id='word_1_102' title='bbox 563 703 638 732; x_wconf 84' lang='lat' dir='ltr'><strong>potes</strong></span> <span class='ocrx_word' id='word_1_103' title='bbox 653 703 679 725; x_wconf 87' lang='lat' dir='ltr'><strong>et</strong></span> <span class='ocrx_word' id='word_1_104' title='bbox 698 707 750 725; x_wconf 89' lang='lat' dir='ltr'><strong>non</strong></span> <span class='ocrx_word' id='word_1_105' title='bbox 770 699 852 730; x_wconf 82' lang='lat' dir='ltr'><strong>dare;</strong></span> <span class='ocrx_word' id='word_1_106' title='bbox 868 704 894 725; x_wconf 88' lang='lat' dir='ltr'><strong>et</strong></span> <span class='ocrx_word' id='word_1_107' title='bbox 914 700 935 725; x_wconf 81' lang='lat' dir='ltr'><strong>si</strong></span> 
     </span>
    </p>
   </div>
   <div class='ocr_carea' id='block_1_13' title="bbox 142 743 937 774">
    <p class='ocr_par' dir='ltr' id='par_1_13' title="bbox 142 743 937 774">
     <span class='ocr_line' id='line_1_13' title="bbox 142 743 937 774; baseline -0.004 -1"><span class='ocrx_word' id='word_1_108' title='bbox 142 754 198 773; x_wconf 88' lang='lat' dir='ltr'><strong>non</strong></span> <span class='ocrx_word' id='word_1_109' title='bbox 211 749 252 772; x_wconf 85' lang='lat' dir='ltr'><strong>est</strong></span> <span class='ocrx_word' id='word_1_110' title='bbox 266 745 292 771; x_wconf 89' lang='lat' dir='ltr'><strong>in</strong></span> <span class='ocrx_word' id='word_1_111' title='bbox 304 743 386 771; x_wconf 88' lang='lat' dir='ltr'><strong>corde</strong></span> <span class='ocrx_word' id='word_1_112' title='bbox 398 749 444 771; x_wconf 91' lang='lat' dir='ltr'><strong>tuo</strong></span> <span class='ocrx_word' id='word_1_113' title='bbox 457 743 533 770; x_wconf 82' lang='lat' dir='ltr'><strong>dolus</strong></span> <span class='ocrx_word' id='word_1_114' title='bbox 547 743 682 774; x_wconf 62' lang='grc' dir='ltr'><strong>[δὶ›ἱιηιίς,</strong></span> <span class='ocrx_word' id='word_1_115' title='bbox 699 748 739 770; x_wconf 88' lang='lat' dir='ltr'><strong>est</strong></span> <span class='ocrx_word' id='word_1_116' title='bbox 751 748 836 770; x_wconf 86' lang='lat' dir='ltr'><strong>tamen</strong></span> <span class='ocrx_word' id='word_1_117' title='bbox 849 744 873 770; x_wconf 88' lang='lat' dir='ltr'><strong>in</strong></span> <span class='ocrx_word' id='word_1_118' title='bbox 887 744 937 770; x_wconf 81' lang='lat' dir='ltr'><strong>fra-</strong></span> 
     </span>
    </p>
   </div>
   <div class='ocr_carea' id='block_1_14' title="bbox 140 788 935 826">
    <p class='ocr_par' dir='ltr' id='par_1_14' title="bbox 140 788 935 826">
     <span class='ocr_line' id='line_1_14' title="bbox 140 788 935 826; baseline -0.003 -8"><span class='ocrx_word' id='word_1_119' title='bbox 140 791 246 826; x_wconf 70' lang='lat' dir='ltr'><strong>gilitate</strong></span> <span class='ocrx_word' id='word_1_120' title='bbox 256 789 371 817; x_wconf 84' lang='lat' dir='ltr'><strong>humana</strong></span> <span class='ocrx_word' id='word_1_121' title='bbox 385 789 471 823; x_wconf 82' lang='lat' dir='ltr'><strong>inopia</strong></span> <span class='ocrx_word' id='word_1_122' title='bbox 493 788 664 815; x_wconf 80' lang='lat' dir='ltr'><strong>difﬁcultatis.</strong></span> <span class='ocrx_word' id='word_1_123' title='bbox 687 788 754 821; x_wconf 84' lang='lat' dir='ltr'><strong>Quid</strong></span> <span class='ocrx_word' id='word_1_124' title='bbox 777 789 809 815; x_wconf 86' lang='lat' dir='ltr'><strong>dc</strong></span> <span class='ocrx_word' id='word_1_125' title='bbox 830 789 881 816; x_wconf 87' lang='lat' dir='ltr'><strong>Deo</strong></span> <span class='ocrx_word' id='word_1_126' title='bbox 902 790 935 816; x_wconf 90' lang='lat' dir='ltr'><strong>ti-</strong></span> 
     </span>
    </p>
   </div>
   <div class='ocr_carea' id='block_1_15' title="bbox 142 834 936 870">
    <p class='ocr_par' dir='ltr' id='par_1_15' title="bbox 142 834 936 870">
     <span class='ocr_line' id='line_1_15' title="bbox 142 834 936 870; baseline -0.001 -7"><span class='ocrx_word' id='word_1_127' title='bbox 142 843 265 863; x_wconf 78' lang='lat' dir='ltr'><strong>meamus</strong></span> <span class='ocrx_word' id='word_1_128' title='bbox 279 856 285 868; x_wconf 94' lang='lat'><strong>,</strong></span> <span class='ocrx_word' id='word_1_129' title='bbox 299 835 343 870; x_wconf 78' lang='lat' dir='ltr'><strong>qui</strong></span> <span class='ocrx_word' id='word_1_130' title='bbox 358 842 407 861; x_wconf 85' lang='lat' dir='ltr'><strong>nec</strong></span> <span class='ocrx_word' id='word_1_131' title='bbox 426 834 516 861; x_wconf 83' lang='lat' dir='ltr'><strong>l&#39;allerc</strong></span> <span class='ocrx_word' id='word_1_132' title='bbox 531 839 614 868; x_wconf 83' lang='lat' dir='ltr'><strong>potest</strong></span> <span class='ocrx_word' id='word_1_133' title='bbox 628 855 633 865; x_wconf 87' lang='lat'><strong>,</strong></span> <span class='ocrx_word' id='word_1_134' title='bbox 648 834 707 868; x_wconf 87' lang='lat' dir='ltr'><strong>quia</strong></span> <span class='ocrx_word' id='word_1_135' title='bbox 722 835 818 861; x_wconf 78' lang='lat' dir='ltr'><strong>veritas</strong></span> <span class='ocrx_word' id='word_1_136' title='bbox 831 840 871 861; x_wconf 86' lang='lat' dir='ltr'><strong>est</strong></span> <span class='ocrx_word' id='word_1_137' title='bbox 882 855 888 866; x_wconf 88' lang='lat'><strong>,</strong></span> <span class='ocrx_word' id='word_1_138' title='bbox 910 841 936 862; x_wconf 84' lang='lat' dir='ltr'><strong>et</strong></span> 
     </span>
    </p>
   </div>
   <div class='ocr_carea' id='block_1_16' title="bbox 139 878 682 914">
    <p class='ocr_par' dir='ltr' id='par_1_16' title="bbox 139 878 682 914">
     <span class='ocr_line' id='line_1_16' title="bbox 139 878 682 914; baseline -0.009 -5"><span class='ocrx_word' id='word_1_139' title='bbox 139 881 260 910; x_wconf 78' lang='lat' dir='ltr'><strong>abundat</strong></span> <span class='ocrx_word' id='word_1_140' title='bbox 272 880 410 911; x_wconf 77' lang='lat' dir='ltr'><strong>ontnibus,</strong></span> <span class='ocrx_word' id='word_1_141' title='bbox 425 879 485 914; x_wconf 88' lang='lat' dir='ltr'><strong>quia</strong></span> <span class='ocrx_word' id='word_1_142' title='bbox 499 878 560 906; x_wconf 82' lang='lat' dir='ltr'><strong>fecit</strong></span> <span class='ocrx_word' id='word_1_143' title='bbox 575 879 682 905; x_wconf 85' lang='lat' dir='ltr'><strong>omnia?</strong></span> 
     </span>
    </p>
   </div>
   <div class='ocr_carea' id='block_1_17' title="bbox 175 923 935 958">
    <p class='ocr_par' dir='ltr' id='par_1_17' title="bbox 175 923 935 958">
     <span class='ocr_line' id='line_1_17' title="bbox 175 923 935 958; baseline -0.007 -4"><span class='ocrx_word' id='word_1_144' title='bbox 175 924 292 954; x_wconf 78' lang='lat' dir='ltr'><strong>CAPUT</strong></span> <span class='ocrx_word' id='word_1_145' title='bbox 307 924 349 951; x_wconf 80' lang='lat' dir='ltr'><strong>Ill.</strong></span> <span class='ocrx_word' id='word_1_146' title='bbox 369 924 443 951; x_wconf 79' lang='lat'><strong>~5.</strong></span> <span class='ocrx_word' id='word_1_147' title='bbox 466 923 541 950; x_wconf 80' lang='lat' dir='ltr'><strong>Fides</strong></span> <span class='ocrx_word' id='word_1_148' title='bbox 561 924 668 957; x_wconf 85' lang='lat' dir='ltr'><strong>primum</strong></span> <span class='ocrx_word' id='word_1_149' title='bbox 695 928 854 958; x_wconf 73' lang='lat' dir='ltr'><strong>pra&#39;ceptum.</strong></span> <span class='ocrx_word' id='word_1_150' title='bbox 880 923 935 950; x_wconf 77' lang='lat' dir='ltr'><strong>Vita</strong></span> 
     </span>
    </p>
   </div>
   <div class='ocr_carea' id='block_1_18' title="bbox 141 967 933 1002">
    <p class='ocr_par' dir='ltr' id='par_1_18' title="bbox 141 967 933 1002">
     <span class='ocr_line' id='line_1_18' title="bbox 141 967 933 1002; baseline -0.003 -5"><span class='ocrx_word' id='word_1_151' title='bbox 141 970 254 997; x_wconf 69' lang='lat' dir='ltr'><strong>hominis</strong></span> <span class='ocrx_word' id='word_1_152' title='bbox 282 969 415 996; x_wconf 78' lang='lat' dir='ltr'><strong>crescendo</strong></span> <span class='ocrx_word' id='word_1_153' title='bbox 443 968 571 994; x_wconf 74' lang='lat' dir='ltr'><strong>decrescit.</strong></span> <span class='ocrx_word' id='word_1_154' title='bbox 599 967 743 994; x_wconf 72' lang='lat' dir='ltr'><strong>Credamus</strong></span> <span class='ocrx_word' id='word_1_155' title='bbox 774 975 836 1002; x_wconf 78' lang='lat' dir='ltr'><strong>ergo</strong></span> <span class='ocrx_word' id='word_1_156' title='bbox 862 968 933 1001; x_wconf 86' lang='lat' dir='ltr'><strong>Deo,</strong></span> 
     </span>
    </p>
   </div>
   <div class='ocr_carea' id='block_1_19' title="bbox 140 1013 934 1050">
    <p class='ocr_par' dir='ltr' id='par_1_19' title="bbox 140 1013 934 1050">
     <span class='ocr_line' id='line_1_19' title="bbox 140 1013 934 1050; baseline -0.005 -7"><span class='ocrx_word' id='word_1_157' title='bbox 140 1016 249 1044; x_wconf 77' lang='lat' dir='ltr'><strong>fratres.</strong></span> <span class='ocrx_word' id='word_1_158' title='bbox 264 1015 320 1042; x_wconf 86' lang='lat' dir='ltr'><strong>Hoc</strong></span> <span class='ocrx_word' id='word_1_159' title='bbox 335 1019 376 1042; x_wconf 86' lang='lat' dir='ltr'><strong>est</strong></span> <span class='ocrx_word' id='word_1_160' title='bbox 389 1013 501 1050; x_wconf 90' lang='lat' dir='ltr'><strong>primum</strong></span> <span class='ocrx_word' id='word_1_161' title='bbox 517 1018 675 1047; x_wconf 65' lang='lat' dir='ltr'><strong>prtcceptum</strong></span> <span class='ocrx_word' id='word_1_162' title='bbox 685 1033 692 1045; x_wconf 94' lang='lat'><strong>,</strong></span> <span class='ocrx_word' id='word_1_163' title='bbox 707 1013 757 1040; x_wconf 87' lang='lat' dir='ltr'><strong>hoc</strong></span> <span class='ocrx_word' id='word_1_164' title='bbox 770 1018 809 1040; x_wconf 87' lang='lat' dir='ltr'><strong>est</strong></span> <span class='ocrx_word' id='word_1_165' title='bbox 833 1014 934 1040; x_wconf 89' lang='lat' dir='ltr'><strong>initium</strong></span> 
     </span>
    </p>
   </div>
   <div class='ocr_carea' id='block_1_20' title="bbox 141 1058 933 1095">
    <p class='ocr_par' dir='ltr' id='par_1_20' title="bbox 141 1058 933 1095">
     <span class='ocr_line' id='line_1_20' title="bbox 141 1058 933 1095; baseline -0.005 -7"><span class='ocrx_word' id='word_1_166' title='bbox 141 1061 280 1095; x_wconf 71' lang='lat' dir='ltr'><strong>religionis</strong></span> <span class='ocrx_word' id='word_1_167' title='bbox 296 1064 324 1087; x_wconf 88' lang='lat' dir='ltr'><strong>et</strong></span> <span class='ocrx_word' id='word_1_168' title='bbox 338 1060 398 1086; x_wconf 70' lang='lat' dir='ltr'><strong>vita:</strong></span> <span class='ocrx_word' id='word_1_169' title='bbox 413 1063 511 1085; x_wconf 78' lang='lat' dir='ltr'><strong>nostra:</strong></span> <span class='ocrx_word' id='word_1_170' title='bbox 528 1059 546 1091; x_wconf 87' lang='lat'><strong>&#39;,</strong></span> <span class='ocrx_word' id='word_1_171' title='bbox 563 1059 643 1084; x_wconf 84' lang='lat' dir='ltr'><strong>ﬁxum</strong></span> <span class='ocrx_word' id='word_1_172' title='bbox 659 1058 755 1085; x_wconf 88' lang='lat' dir='ltr'><strong>habere</strong></span> <span class='ocrx_word' id='word_1_173' title='bbox 770 1066 816 1085; x_wconf 86' lang='lat' dir='ltr'><strong>cor</strong></span> <span class='ocrx_word' id='word_1_174' title='bbox 829 1058 853 1084; x_wconf 88' lang='lat' dir='ltr'><strong>in</strong></span> <span class='ocrx_word' id='word_1_175' title='bbox 867 1058 933 1090; x_wconf 88' lang='lat' dir='ltr'><strong>lide,</strong></span> 
     </span>
    </p>
   </div>
   <div class='ocr_carea' id='block_1_21' title="bbox 140 1103 935 1141">
    <p class='ocr_par' dir='ltr' id='par_1_21' title="bbox 140 1103 935 1141">
     <span class='ocr_line' id='line_1_21' title="bbox 140 1103 935 1141; baseline -0.006 -7"><span class='ocrx_word' id='word_1_176' title='bbox 140 1111 167 1134; x_wconf 89' lang='lat' dir='ltr'><strong>ct</strong></span> <span class='ocrx_word' id='word_1_177' title='bbox 178 1105 285 1141; x_wconf 76' lang='lat' dir='ltr'><strong>ﬁgendo</strong></span> <span class='ocrx_word' id='word_1_178' title='bbox 299 1112 346 1132; x_wconf 86' lang='lat' dir='ltr'><strong>cor</strong></span> <span class='ocrx_word' id='word_1_179' title='bbox 357 1106 383 1131; x_wconf 95' lang='lat' dir='ltr'><strong>in</strong></span> <span class='ocrx_word' id='word_1_180' title='bbox 397 1104 448 1131; x_wconf 82' lang='lat' dir='ltr'><strong>ﬁde</strong></span> <span class='ocrx_word' id='word_1_181' title='bbox 460 1104 551 1130; x_wconf 81' lang='lat' dir='ltr'><strong>vivere</strong></span> <span class='ocrx_word' id='word_1_182' title='bbox 566 1104 642 1134; x_wconf 84' lang='lat' dir='ltr'><strong>bene.</strong></span> <span class='ocrx_word' id='word_1_183' title='bbox 658 1104 791 1130; x_wconf 85' lang='lat' dir='ltr'><strong>abstinere</strong></span> <span class='ocrx_word' id='word_1_184' title='bbox 804 1103 837 1129; x_wconf 91' lang='lat' dir='ltr'><strong>ab</strong></span> <span class='ocrx_word' id='word_1_185' title='bbox 850 1104 935 1130; x_wconf 90' lang='lat' dir='ltr'><strong>omni-</strong></span> 
     </span>
    </p>
   </div>
   <div class='ocr_carea' id='block_1_22' title="bbox 141 1149 935 1183">
    <p class='ocr_par' dir='ltr' id='par_1_22' title="bbox 141 1149 935 1183">
     <span class='ocr_line' id='line_1_22' title="bbox 141 1149 935 1183; baseline -0.004 -5"><span class='ocrx_word' id='word_1_186' title='bbox 141 1152 189 1179; x_wconf 88' lang='lat' dir='ltr'><strong>bus</strong></span> <span class='ocrx_word' id='word_1_187' title='bbox 205 1151 380 1182; x_wconf 78' lang='lat' dir='ltr'><strong>seductoriis,</strong></span> <span class='ocrx_word' id='word_1_188' title='bbox 394 1150 526 1176; x_wconf 86' lang='lat' dir='ltr'><strong>sustinere</strong></span> <span class='ocrx_word' id='word_1_189' title='bbox 537 1149 604 1175; x_wconf 87' lang='lat' dir='ltr'><strong>mala</strong></span> <span class='ocrx_word' id='word_1_190' title='bbox 619 1150 772 1183; x_wconf 72' lang='lat' dir='ltr'><strong>temporalia</strong></span> <span class='ocrx_word' id='word_1_191' title='bbox 785 1157 792 1181; x_wconf 91' lang='lat'><strong>;</strong></span> <span class='ocrx_word' id='word_1_192' title='bbox 805 1153 830 1175; x_wconf 85' lang='lat' dir='ltr'><strong>ct</strong></span> <span class='ocrx_word' id='word_1_193' title='bbox 843 1157 935 1183; x_wconf 89' lang='lat' dir='ltr'><strong>quam-</strong></span> 
     </span>
    </p>
   </div>
   <div class='ocr_carea' id='block_1_23' title="bbox 138 1194 934 1227">
    <p class='ocr_par' dir='ltr' id='par_1_23' title="bbox 138 1194 934 1227">
     <span class='ocr_line' id='line_1_23' title="bbox 138 1194 934 1227; baseline -0.006 -3"><span class='ocrx_word' id='word_1_194' title='bbox 138 1197 186 1224; x_wconf 80' lang='lat' dir='ltr'><strong>diu</strong></span> <span class='ocrx_word' id='word_1_195' title='bbox 200 1196 246 1223; x_wconf 78' lang='lat' dir='ltr'><strong>illa</strong></span> <span class='ocrx_word' id='word_1_196' title='bbox 257 1195 427 1222; x_wconf 78' lang='lat' dir='ltr'><strong>blandiuntur</strong></span> <span class='ocrx_word' id='word_1_197' title='bbox 440 1199 466 1221; x_wconf 84' lang='lat' dir='ltr'><strong>et</strong></span> <span class='ocrx_word' id='word_1_198' title='bbox 480 1195 522 1221; x_wconf 89' lang='lat' dir='ltr'><strong>illa</strong></span> <span class='ocrx_word' id='word_1_199' title='bbox 534 1195 677 1227; x_wconf 78' lang='lat' dir='ltr'><strong>minamur,</strong></span> <span class='ocrx_word' id='word_1_200' title='bbox 687 1194 826 1220; x_wconf 78' lang='lat' dir='ltr'><strong>adversum</strong></span> <span class='ocrx_word' id='word_1_201' title='bbox 839 1199 934 1220; x_wconf 89' lang='lat' dir='ltr'><strong>utrum-</strong></span> 
     </span>
    </p>
   </div>
   <div class='ocr_carea' id='block_1_24' title="bbox 139 1239 934 1277">
    <p class='ocr_par' dir='ltr' id='par_1_24' title="bbox 139 1239 934 1277">
     <span class='ocr_line' id='line_1_24' title="bbox 139 1239 934 1277; baseline -0.008 -7"><span class='ocrx_word' id='word_1_202' title='bbox 139 1250 191 1277; x_wconf 87' lang='lat' dir='ltr'><strong>que</strong></span> <span class='ocrx_word' id='word_1_203' title='bbox 206 1242 394 1269; x_wconf 82' lang='lat' dir='ltr'><strong>incoucussum</strong></span> <span class='ocrx_word' id='word_1_204' title='bbox 416 1240 512 1266; x_wconf 84' lang='lat' dir='ltr'><strong>habere</strong></span> <span class='ocrx_word' id='word_1_205' title='bbox 525 1247 571 1265; x_wconf 84' lang='lat' dir='ltr'><strong>cur</strong></span> <span class='ocrx_word' id='word_1_206' title='bbox 585 1240 606 1271; x_wconf 84' lang='lat'><strong>&#39;,</strong></span> <span class='ocrx_word' id='word_1_207' title='bbox 621 1246 654 1265; x_wconf 92' lang='lat' dir='ltr'><strong>ne</strong></span> <span class='ocrx_word' id='word_1_208' title='bbox 667 1239 692 1265; x_wconf 89' lang='lat' dir='ltr'><strong>in</strong></span> <span class='ocrx_word' id='word_1_209' title='bbox 709 1239 752 1265; x_wconf 87' lang='lat' dir='ltr'><strong>illa</strong></span> <span class='ocrx_word' id='word_1_210' title='bbox 768 1239 868 1265; x_wconf 71' lang='lat' dir='ltr'><strong>delluas</strong></span> <span class='ocrx_word' id='word_1_211' title='bbox 879 1260 886 1271; x_wconf 84' lang='lat'><strong>,</strong></span> <span class='ocrx_word' id='word_1_212' title='bbox 903 1247 934 1265; x_wconf 86' lang='lat' dir='ltr'><strong>ne</strong></span> 
     </span>
    </p>
   </div>
   <div class='ocr_carea' id='block_1_25' title="bbox 140 1285 934 1323">
    <p class='ocr_par' dir='ltr' id='par_1_25' title="bbox 140 1285 934 1323">
     <span class='ocr_line' id='line_1_25' title="bbox 140 1285 934 1323; baseline -0.006 -7"><span class='ocrx_word' id='word_1_213' title='bbox 140 1290 167 1317; x_wconf 82' lang='lat' dir='ltr'><strong>in</strong></span> <span class='ocrx_word' id='word_1_214' title='bbox 177 1289 222 1316; x_wconf 82' lang='lat' dir='ltr'><strong>illa</strong></span> <span class='ocrx_word' id='word_1_215' title='bbox 236 1288 376 1323; x_wconf 79' lang='lat' dir='ltr'><strong>frangaris.</strong></span> <span class='ocrx_word' id='word_1_216' title='bbox 386 1286 514 1314; x_wconf 81' lang='lat' dir='ltr'><strong>ilabendo</strong></span> <span class='ocrx_word' id='word_1_217' title='bbox 527 1293 589 1320; x_wconf 84' lang='lat' dir='ltr'><strong>ergo</strong></span> <span class='ocrx_word' id='word_1_218' title='bbox 602 1285 802 1316; x_wconf 87' lang='lat' dir='ltr'><strong>continentiam,</strong></span> <span class='ocrx_word' id='word_1_219' title='bbox 814 1285 934 1312; x_wconf 83' lang='lat' dir='ltr'><strong>habendo</strong></span> 
     </span>
    </p>
   </div>
   <div class='ocr_carea' id='block_1_26' title="bbox 138 1332 931 1366">
    <p class='ocr_par' dir='ltr' id='par_1_26' title="bbox 138 1332 931 1366">
     <span class='ocr_line' id='line_1_26' title="bbox 138 1332 931 1366; baseline -0.005 -4"><span class='ocrx_word' id='word_1_220' title='bbox 138 1336 218 1362; x_wconf 79' lang='lat' dir='ltr'><strong>etiam</strong></span> <span class='ocrx_word' id='word_1_221' title='bbox 233 1333 430 1365; x_wconf 79' lang='lat' dir='ltr'><strong>sustinentiam,</strong></span> <span class='ocrx_word' id='word_1_222' title='bbox 445 1340 504 1359; x_wconf 87' lang='lat' dir='ltr'><strong>cum</strong></span> <span class='ocrx_word' id='word_1_223' title='bbox 520 1332 587 1359; x_wconf 88' lang='lat' dir='ltr'><strong>bona</strong></span> <span class='ocrx_word' id='word_1_224' title='bbox 603 1332 756 1366; x_wconf 86' lang='lat' dir='ltr'><strong>temporalia</strong></span> <span class='ocrx_word' id='word_1_225' title='bbox 771 1332 931 1363; x_wconf 83' lang='lat' dir='ltr'><strong>transierint,</strong></span> 
     </span>
    </p>
   </div>
   <div class='ocr_carea' id='block_1_27' title="bbox 136 1378 932 1414">
    <p class='ocr_par' dir='ltr' id='par_1_27' title="bbox 136 1378 932 1414">
     <span class='ocr_line' id='line_1_27' title="bbox 136 1378 932 1414; baseline -0.005 -6"><span class='ocrx_word' id='word_1_226' title='bbox 136 1385 165 1408; x_wconf 79' lang='lat' dir='ltr'><strong>et</strong></span> <span class='ocrx_word' id='word_1_227' title='bbox 181 1380 252 1408; x_wconf 77' lang='lat' dir='ltr'><strong>mala</strong></span> <span class='ocrx_word' id='word_1_228' title='bbox 266 1387 325 1414; x_wconf 77' lang='lat' dir='ltr'><strong>qua:</strong></span> <span class='ocrx_word' id='word_1_229' title='bbox 338 1379 483 1406; x_wconf 77' lang='lat' dir='ltr'><strong>inferantur</strong></span> <span class='ocrx_word' id='word_1_230' title='bbox 497 1386 548 1405; x_wconf 89' lang='lat' dir='ltr'><strong>non</strong></span> <span class='ocrx_word' id='word_1_231' title='bbox 562 1383 655 1409; x_wconf 86' lang='lat' dir='ltr'><strong>erunt;</strong></span> <span class='ocrx_word' id='word_1_232' title='bbox 671 1378 779 1405; x_wconf 77' lang='lat' dir='ltr'><strong>habebis</strong></span> <span class='ocrx_word' id='word_1_233' title='bbox 794 1387 871 1405; x_wconf 84' lang='lat' dir='ltr'><strong>omne</strong></span> <span class='ocrx_word' id='word_1_234' title='bbox 885 1378 932 1405; x_wconf 88' lang='lat' dir='ltr'><strong>bo-</strong></span> 
     </span>
    </p>
   </div>
   <div class='ocr_carea' id='block_1_28' title="bbox 138 1423 932 1458">
    <p class='ocr_par' dir='ltr' id='par_1_28' title="bbox 138 1423 932 1458">
     <span class='ocr_line' id='line_1_28' title="bbox 138 1423 932 1458; baseline -0.003 -6"><span class='ocrx_word' id='word_1_235' title='bbox 138 1433 220 1457; x_wconf 76' lang='lat' dir='ltr'><strong>num,</strong></span> <span class='ocrx_word' id='word_1_236' title='bbox 242 1425 353 1452; x_wconf 73' lang='lat' dir='ltr'><strong>habebis</strong></span> <span class='ocrx_word' id='word_1_237' title='bbox 367 1425 468 1451; x_wconf 92' lang='lat' dir='ltr'><strong>nullum</strong></span> <span class='ocrx_word' id='word_1_238' title='bbox 484 1424 592 1450; x_wconf 90' lang='lat' dir='ltr'><strong>malum.</strong></span> <span class='ocrx_word' id='word_1_239' title='bbox 610 1423 672 1450; x_wconf 79' lang='lat' dir='ltr'><strong>Ideo</strong></span> <span class='ocrx_word' id='word_1_240' title='bbox 693 1424 717 1450; x_wconf 89' lang='lat' dir='ltr'><strong>in</strong></span> <span class='ocrx_word' id='word_1_241' title='bbox 738 1424 849 1450; x_wconf 88' lang='lat' dir='ltr'><strong>lectione</strong></span> <span class='ocrx_word' id='word_1_242' title='bbox 870 1424 932 1458; x_wconf 88' lang='lat' dir='ltr'><strong>quid</strong></span> 
     </span>
    </p>
   </div>
   <div class='ocr_carea' id='block_1_29' title="bbox 138 1468 932 1501">
    <p class='ocr_par' dir='ltr' id='par_1_29' title="bbox 138 1468 932 1501">
     <span class='ocr_line' id='line_1_29' title="bbox 138 1468 932 1501; baseline -0.003 -4"><span class='ocrx_word' id='word_1_243' title='bbox 138 1471 218 1498; x_wconf 78' lang='lat' dir='ltr'><strong>nobis</strong></span> <span class='ocrx_word' id='word_1_244' title='bbox 229 1470 331 1497; x_wconf 77' lang='lat' dir='ltr'><strong>dictant</strong></span> <span class='ocrx_word' id='word_1_245' title='bbox 346 1470 406 1496; x_wconf 85' lang='lat' dir='ltr'><strong>est?</strong></span> <span class='ocrx_word' id='word_1_246' title='bbox 422 1468 484 1501; x_wconf 81' lang='lat' dir='ltr'><strong>Fili,</strong></span> <span class='ocrx_word' id='word_1_247' title='bbox 497 1469 615 1495; x_wconf 78' lang='lat' dir='ltr'><strong>accedens</strong></span> <span class='ocrx_word' id='word_1_248' title='bbox 627 1469 660 1494; x_wconf 88' lang='lat' dir='ltr'><strong>ad</strong></span> <span class='ocrx_word' id='word_1_249' title='bbox 670 1469 811 1495; x_wconf 76' lang='lat' dir='ltr'><strong>servitutem</strong></span> <span class='ocrx_word' id='word_1_250' title='bbox 824 1469 880 1500; x_wconf 67' lang='lat' dir='ltr'><strong>Uri,</strong></span> <span class='ocrx_word' id='word_1_251' title='bbox 895 1475 932 1496; x_wconf 80' lang='lat' dir='ltr'><strong>sta</strong></span> 
     </span>
    </p>
   </div>
   <div class='ocr_carea' id='block_1_30' title="bbox 137 1514 932 1551">
    <p class='ocr_par' dir='ltr' id='par_1_30' title="bbox 137 1514 932 1551">
     <span class='ocr_line' id='line_1_30' title="bbox 137 1514 932 1551; baseline -0.004 -8"><span class='ocrx_word' id='word_1_252' title='bbox 137 1517 163 1543; x_wconf 83' lang='lat' dir='ltr'><strong>in</strong></span> <span class='ocrx_word' id='word_1_253' title='bbox 176 1516 283 1551; x_wconf 77' lang='lat' dir='ltr'><strong>justitia</strong></span> <span class='ocrx_word' id='word_1_254' title='bbox 293 1521 315 1542; x_wconf 85' lang='lat' dir='ltr'><strong>et</strong></span> <span class='ocrx_word' id='word_1_255' title='bbox 326 1516 423 1547; x_wconf 84' lang='lat' dir='ltr'><strong>timore,</strong></span> <span class='ocrx_word' id='word_1_256' title='bbox 436 1520 458 1541; x_wconf 87' lang='lat' dir='ltr'><strong>et</strong></span> <span class='ocrx_word' id='word_1_257' title='bbox 472 1523 588 1548; x_wconf 81' lang='lat' dir='ltr'><strong>pra&#39;para</strong></span> <span class='ocrx_word' id='word_1_258' title='bbox 600 1515 709 1540; x_wconf 86' lang='lat' dir='ltr'><strong>animam</strong></span> <span class='ocrx_word' id='word_1_259' title='bbox 725 1519 794 1540; x_wconf 88' lang='lat' dir='ltr'><strong>tuam</strong></span> <span class='ocrx_word' id='word_1_260' title='bbox 807 1514 840 1540; x_wconf 85' lang='lat' dir='ltr'><strong>ad</strong></span> <span class='ocrx_word' id='word_1_261' title='bbox 850 1520 932 1540; x_wconf 75' lang='lat' dir='ltr'><strong>lenta-</strong></span> 
     </span>
    </p>
   </div>
   <div class='ocr_carea' id='block_1_31' title="bbox 137 1560 932 1595">
    <p class='ocr_par' dir='ltr' id='par_1_31' title="bbox 137 1560 932 1595">
     <span class='ocr_line' id='line_1_31' title="bbox 137 1560 932 1595; baseline -0.003 -6"><span class='ocrx_word' id='word_1_262' title='bbox 137 1562 243 1589; x_wconf 74' lang='lat' dir='ltr'><strong>tiouem.</strong></span> <span class='ocrx_word' id='word_1_263' title='bbox 269 1560 390 1595; x_wconf 86' lang='lat' dir='ltr'><strong>Deprime</strong></span> <span class='ocrx_word' id='word_1_264' title='bbox 406 1569 449 1587; x_wconf 79' lang='lat' dir='ltr'><strong>cor</strong></span> <span class='ocrx_word' id='word_1_265' title='bbox 463 1566 549 1592; x_wconf 88' lang='lat' dir='ltr'><strong>tuum,</strong></span> <span class='ocrx_word' id='word_1_266' title='bbox 565 1565 588 1586; x_wconf 86' lang='lat' dir='ltr'><strong>et</strong></span> <span class='ocrx_word' id='word_1_267' title='bbox 614 1561 723 1591; x_wconf 82' lang='lat' dir='ltr'><strong>sustine;</strong></span> <span class='ocrx_word' id='word_1_268' title='bbox 746 1565 771 1586; x_wconf 86' lang='lat' dir='ltr'><strong>ut</strong></span> <span class='ocrx_word' id='word_1_269' title='bbox 794 1566 887 1586; x_wconf 78' lang='lat' dir='ltr'><strong>crescut</strong></span> <span class='ocrx_word' id='word_1_270' title='bbox 906 1562 932 1587; x_wconf 85' lang='lat' dir='ltr'><strong>in</strong></span> 
     </span>
    </p>
   </div>
   <div class='ocr_carea' id='block_1_32' title="bbox 137 1605 931 1637">
    <p class='ocr_par' dir='ltr' id='par_1_32' title="bbox 137 1605 931 1637">
     <span class='ocr_line' id='line_1_32' title="bbox 137 1605 931 1637; baseline -0.004 -3"><span class='ocrx_word' id='word_1_271' title='bbox 137 1607 282 1634; x_wconf 66' lang='lat' dir='ltr'><strong>notissimis</strong></span> <span class='ocrx_word' id='word_1_272' title='bbox 293 1606 343 1632; x_wconf 80' lang='lat' dir='ltr'><strong>rita</strong></span> <span class='ocrx_word' id='word_1_273' title='bbox 355 1610 408 1632; x_wconf 86' lang='lat' dir='ltr'><strong>tua.</strong></span> <span class='ocrx_word' id='word_1_274' title='bbox 424 1606 480 1633; x_wconf 83' lang='lat' dir='ltr'><strong>Non</strong></span> <span class='ocrx_word' id='word_1_275' title='bbox 492 1610 520 1632; x_wconf 88' lang='lat' dir='ltr'><strong>ut.</strong></span> <span class='ocrx_word' id='word_1_276' title='bbox 531 1605 619 1637; x_wconf 83' lang='lat' dir='ltr'><strong>modo,</strong></span> <span class='ocrx_word' id='word_1_277' title='bbox 637 1605 684 1632; x_wconf 91' lang='lat' dir='ltr'><strong>scd</strong></span> <span class='ocrx_word' id='word_1_278' title='bbox 701 1610 728 1632; x_wconf 86' lang='lat' dir='ltr'><strong>ut</strong></span> <span class='ocrx_word' id='word_1_279' title='bbox 743 1606 767 1631; x_wconf 89' lang='lat' dir='ltr'><strong>in</strong></span> <span class='ocrx_word' id='word_1_280' title='bbox 782 1605 931 1632; x_wconf 72' lang='lat' dir='ltr'><strong>nmissitnis</strong></span> 
     </span>
    </p>
   </div>
   <div class='ocr_carea' id='block_1_33' title="bbox 137 1651 929 1680">
    <p class='ocr_par' dir='ltr' id='par_1_33' title="bbox 137 1651 929 1680">
     <span class='ocr_line' id='line_1_33' title="bbox 137 1651 929 1680; baseline -0.001 -2"><span class='ocrx_word' id='word_1_281' title='bbox 137 1654 190 1680; x_wconf 74' lang='lat' dir='ltr'><strong>vita</strong></span> <span class='ocrx_word' id='word_1_282' title='bbox 212 1658 257 1679; x_wconf 78' lang='lat' dir='ltr'><strong>tua</strong></span> <span class='ocrx_word' id='word_1_283' title='bbox 283 1656 387 1678; x_wconf 81' lang='lat' dir='ltr'><strong>crescat</strong></span> <span class='ocrx_word' id='word_1_284' title='bbox 403 1661 409 1677; x_wconf 90' lang='lat'>:</span> <span class='ocrx_word' id='word_1_285' title='bbox 425 1657 451 1678; x_wconf 90' lang='lat' dir='ltr'><strong>ut</strong></span> <span class='ocrx_word' id='word_1_286' title='bbox 475 1656 569 1677; x_wconf 77' lang='lat' dir='ltr'><strong>crescat</strong></span> <span class='ocrx_word' id='word_1_287' title='bbox 591 1652 616 1677; x_wconf 83' lang='lat' dir='ltr'><strong>in</strong></span> <span class='ocrx_word' id='word_1_288' title='bbox 645 1651 784 1677; x_wconf 76' lang='lat' dir='ltr'><strong>novissimis</strong></span> <span class='ocrx_word' id='word_1_289' title='bbox 807 1651 855 1677; x_wconf 79' lang='lat' dir='ltr'><strong>ritu</strong></span> <span class='ocrx_word' id='word_1_290' title='bbox 876 1657 929 1677; x_wconf 84' lang='lat' dir='ltr'><strong>tua.</strong></span> 
     </span>
    </p>
   </div>
   <div class='ocr_carea' id='block_1_34' title="bbox 136 1696 931 1731">
    <p class='ocr_par' dir='ltr' id='par_1_34' title="bbox 136 1696 931 1731">
     <span class='ocr_line' id='line_1_34' title="bbox 136 1696 931 1731; baseline -0.001 -7"><span class='ocrx_word' id='word_1_291' title='bbox 136 1698 289 1731; x_wconf 79' lang='lat' dir='ltr'><strong>antum,</strong></span> <span class='ocrx_word' id='word_1_292' title='bbox 316 1702 455 1731; x_wconf 78' lang='lat' dir='ltr'><strong>putamus,</strong></span> <span class='ocrx_word' id='word_1_293' title='bbox 479 1696 592 1723; x_wconf 78' lang='lat' dir='ltr'><strong>crescit?</strong></span> <span class='ocrx_word' id='word_1_294' title='bbox 615 1696 647 1723; x_wconf 84' lang='lat' dir='ltr'><strong>Ut</strong></span> <span class='ocrx_word' id='word_1_295' title='bbox 668 1696 712 1722; x_wconf 88' lang='lat' dir='ltr'><strong>liat</strong></span> <span class='ocrx_word' id='word_1_296' title='bbox 731 1701 838 1723; x_wconf 79' lang='lat' dir='ltr'><strong>:etcrna.</strong></span> <span class='ocrx_word' id='word_1_297' title='bbox 855 1696 931 1723; x_wconf 80' lang='lat' dir='ltr'><strong>Modo</strong></span> 
     </span>
    </p>
   </div>
   <div class='ocr_carea' id='block_1_35' title="bbox 135 1742 932 1776">
    <p class='ocr_par' dir='ltr' id='par_1_35' title="bbox 135 1742 932 1776">
     <span class='ocr_line' id='line_1_35' title="bbox 135 1742 932 1776; baseline -0.005 -4"><span class='ocrx_word' id='word_1_298' title='bbox 135 1745 207 1772; x_wconf 80' lang='lat' dir='ltr'><strong>enim</strong></span> <span class='ocrx_word' id='word_1_299' title='bbox 230 1744 286 1770; x_wconf 81' lang='lat' dir='ltr'><strong>vita</strong></span> <span class='ocrx_word' id='word_1_300' title='bbox 302 1743 416 1770; x_wconf 87' lang='lat' dir='ltr'><strong>humana</strong></span> <span class='ocrx_word' id='word_1_301' title='bbox 430 1763 436 1775; x_wconf 91' lang='lat'><strong>,</strong></span> <span class='ocrx_word' id='word_1_302' title='bbox 461 1742 584 1776; x_wconf 88' lang='lat' dir='ltr'><strong>quamdiu</strong></span> <span class='ocrx_word' id='word_1_303' title='bbox 606 1742 757 1776; x_wconf 90' lang='lat' dir='ltr'><strong>producitur</strong></span> <span class='ocrx_word' id='word_1_304' title='bbox 779 1746 806 1769; x_wconf 88' lang='lat' dir='ltr'><strong>ct.</strong></span> <span class='ocrx_word' id='word_1_305' title='bbox 829 1742 932 1769; x_wconf 79' lang='lat' dir='ltr'><strong>videtur</strong></span> 
     </span>
    </p>
   </div>
   <div class='ocr_carea' id='block_1_36' title="bbox 136 1787 931 1823">
    <p class='ocr_par' dir='ltr' id='par_1_36' title="bbox 136 1787 931 1823">
     <span class='ocr_line' id='line_1_36' title="bbox 136 1787 931 1823; baseline -0.003 -8"><span class='ocrx_word' id='word_1_306' title='bbox 136 1788 246 1823; x_wconf 77' lang='lat' dir='ltr'><strong>produci</strong></span> <span class='ocrx_word' id='word_1_307' title='bbox 257 1808 264 1819; x_wconf 86' lang='lat'><strong>.</strong></span> <span class='ocrx_word' id='word_1_308' title='bbox 284 1787 417 1815; x_wconf 79' lang='lat' dir='ltr'><strong>decrescit</strong></span> <span class='ocrx_word' id='word_1_309' title='bbox 439 1787 523 1821; x_wconf 86' lang='lat' dir='ltr'><strong>potius</strong></span> <span class='ocrx_word' id='word_1_310' title='bbox 538 1795 615 1821; x_wconf 87' lang='lat' dir='ltr'><strong>quam</strong></span> <span class='ocrx_word' id='word_1_311' title='bbox 638 1788 742 1814; x_wconf 83' lang='lat' dir='ltr'><strong>crescit.</strong></span> <span class='ocrx_word' id='word_1_312' title='bbox 758 1787 891 1813; x_wconf 84' lang='lat' dir='ltr'><strong>Attendite</strong></span> <span class='ocrx_word' id='word_1_313' title='bbox 905 1792 931 1814; x_wconf 90' lang='lat' dir='ltr'><strong>ct</strong></span> 
     </span>
    </p>
   </div>
   <div class='ocr_carea' id='block_1_37' title="bbox 135 1833 930 1866">
    <p class='ocr_par' dir='ltr' id='par_1_37' title="bbox 135 1833 930 1866">
     <span class='ocr_line' id='line_1_37' title="bbox 135 1833 930 1866; baseline -0.003 -5"><span class='ocrx_word' id='word_1_314' title='bbox 135 1834 223 1861; x_wconf 75' lang='lat' dir='ltr'><strong>videte</strong></span> <span class='ocrx_word' id='word_1_315' title='bbox 235 1855 244 1866; x_wconf 88' lang='lat'><strong>,</strong></span> <span class='ocrx_word' id='word_1_316' title='bbox 259 1833 454 1860; x_wconf 85' lang='lat' dir='ltr'><strong>ratiocinantini</strong></span> <span class='ocrx_word' id='word_1_317' title='bbox 470 1836 495 1859; x_wconf 85' lang='lat' dir='ltr'><strong>et</strong></span> <span class='ocrx_word' id='word_1_318' title='bbox 514 1833 599 1860; x_wconf 84' lang='lat' dir='ltr'><strong>videte</strong></span> <span class='ocrx_word' id='word_1_319' title='bbox 620 1833 678 1866; x_wconf 87' lang='lat' dir='ltr'><strong>qttia</strong></span> <span class='ocrx_word' id='word_1_320' title='bbox 695 1833 833 1859; x_wconf 72' lang='lat' dir='ltr'><strong>decrescit.</strong></span> <span class='ocrx_word' id='word_1_321' title='bbox 850 1833 930 1859; x_wconf 78' lang='lat' dir='ltr'><strong>Natus</strong></span> 
     </span>
    </p>
   </div>
   <div class='ocr_carea' id='block_1_38' title="bbox 134 1878 930 1913">
    <p class='ocr_par' dir='ltr' id='par_1_38' title="bbox 134 1878 930 1913">
     <span class='ocr_line' id='line_1_38' title="bbox 134 1878 930 1913; baseline -0.004 -6"><span class='ocrx_word' id='word_1_322' title='bbox 134 1885 176 1907; x_wconf 85' lang='lat' dir='ltr'><strong>est</strong></span> <span class='ocrx_word' id='word_1_323' title='bbox 190 1879 273 1906; x_wconf 87' lang='lat' dir='ltr'><strong>homo</strong></span> <span class='ocrx_word' id='word_1_324' title='bbox 290 1878 383 1906; x_wconf 88' lang='lat' dir='ltr'><strong>:verbi</strong></span> <span class='ocrx_word' id='word_1_325' title='bbox 401 1879 483 1913; x_wconf 86' lang='lat' dir='ltr'><strong>gratia</strong></span> <span class='ocrx_word' id='word_1_326' title='bbox 494 1899 501 1910; x_wconf 97' lang='lat'><strong>,</strong></span> <span class='ocrx_word' id='word_1_327' title='bbox 518 1879 652 1905; x_wconf 87' lang='lat' dir='ltr'><strong>constituit</strong></span> <span class='ocrx_word' id='word_1_328' title='bbox 667 1879 703 1905; x_wconf 89' lang='lat' dir='ltr'><strong>illi</strong></span> <span class='ocrx_word' id='word_1_329' title='bbox 719 1879 786 1905; x_wconf 79' lang='lat' dir='ltr'><strong>Deus</strong></span> <span class='ocrx_word' id='word_1_330' title='bbox 802 1879 861 1905; x_wconf 68' lang='lat' dir='ltr'><strong>tita-</strong></span> <span class='ocrx_word' id='word_1_331' title='bbox 876 1886 930 1905; x_wconf 73' lang='lat' dir='ltr'><strong>sua:</strong></span> 
     </span>
    </p>
   </div>
   <div class='ocr_carea' id='block_1_39' title="bbox 135 1923 929 1960">
    <p class='ocr_par' dir='ltr' id='par_1_39' title="bbox 135 1923 929 1960">
     <span class='ocr_line' id='line_1_39' title="bbox 135 1923 929 1960; baseline -0.004 -8"><span class='ocrx_word' id='word_1_332' title='bbox 135 1926 304 1960; x_wconf 79' lang='lat' dir='ltr'><strong>septuaginta</strong></span> <span class='ocrx_word' id='word_1_333' title='bbox 317 1931 402 1951; x_wconf 87' lang='lat' dir='ltr'><strong>annos</strong></span> <span class='ocrx_word' id='word_1_334' title='bbox 418 1933 424 1950; x_wconf 96' lang='lat'><strong>:</strong></span> <span class='ocrx_word' id='word_1_335' title='bbox 441 1924 548 1951; x_wconf 79' lang='lat' dir='ltr'><strong>Accedit</strong></span> <span class='ocrx_word' id='word_1_336' title='bbox 562 1924 598 1950; x_wconf 86' lang='lat' dir='ltr'><strong>illi</strong></span> <span class='ocrx_word' id='word_1_337' title='bbox 620 1925 670 1950; x_wconf 80' lang='lat' dir='ltr'><strong>vita</strong></span> <span class='ocrx_word' id='word_1_338' title='bbox 681 1944 689 1956; x_wconf 94' lang='lat'><strong>,</strong></span> <span class='ocrx_word' id='word_1_339' title='bbox 710 1923 839 1955; x_wconf 87' lang='lat' dir='ltr'><strong>dicimus,</strong></span> <span class='ocrx_word' id='word_1_340' title='bbox 870 1931 929 1950; x_wconf 79' lang='lat' dir='ltr'><strong>cre~</strong></span> 
     </span>
    </p>
   </div>
   <div class='ocr_carea' id='block_1_40' title="bbox 135 1970 929 2004">
    <p class='ocr_par' dir='ltr' id='par_1_40' title="bbox 135 1970 929 2004">
     <span class='ocr_line' id='line_1_40' title="bbox 135 1970 929 2004; baseline -0.004 -5"><span class='ocrx_word' id='word_1_341' title='bbox 135 1971 246 1999; x_wconf 66' lang='lat' dir='ltr'><strong>mdo.</strong></span> <span class='ocrx_word' id='word_1_342' title='bbox 261 1970 381 2002; x_wconf 79' lang='lat' dir='ltr'><strong>Accedit,</strong></span> <span class='ocrx_word' id='word_1_343' title='bbox 393 1978 426 1997; x_wconf 92' lang='lat' dir='ltr'><strong>an</strong></span> <span class='ocrx_word' id='word_1_344' title='bbox 441 1970 544 1997; x_wconf 89' lang='lat' dir='ltr'><strong>decedit</strong></span> <span class='ocrx_word' id='word_1_345' title='bbox 554 1970 564 1996; x_wconf 84' lang='lat'>?</span> <span class='ocrx_word' id='word_1_346' title='bbox 576 1971 643 1997; x_wconf 81' lang='lat' dir='ltr'><strong>Ecce</strong></span> <span class='ocrx_word' id='word_1_347' title='bbox 656 1970 688 1997; x_wconf 89' lang='lat' dir='ltr'><strong>de</strong></span> <span class='ocrx_word' id='word_1_348' title='bbox 702 1971 865 2004; x_wconf 77' lang='lat' dir='ltr'><strong>septuaginta</strong></span> <span class='ocrx_word' id='word_1_349' title='bbox 881 1979 929 1997; x_wconf 89' lang='lat' dir='ltr'><strong>an-</strong></span> 
     </span>
    </p>
   </div>
   <div class='ocr_carea' id='block_1_41' title="bbox 135 2015 927 2050">
    <p class='ocr_par' dir='ltr' id='par_1_41' title="bbox 135 2015 927 2050">
     <span class='ocr_line' id='line_1_41' title="bbox 135 2015 927 2050; baseline -0.003 -6"><span class='ocrx_word' id='word_1_350' title='bbox 135 2016 175 2044; x_wconf 79' lang='lat' dir='ltr'><strong>uis</strong></span> <span class='ocrx_word' id='word_1_351' title='bbox 187 2016 259 2044; x_wconf 81' lang='lat' dir='ltr'><strong>vixit</strong></span> <span class='ocrx_word' id='word_1_352' title='bbox 275 2015 411 2050; x_wconf 76' lang='lat' dir='ltr'><strong>sexaginta</strong></span> <span class='ocrx_word' id='word_1_353' title='bbox 423 2035 430 2048; x_wconf 89' lang='lat'><strong>,</strong></span> <span class='ocrx_word' id='word_1_354' title='bbox 447 2015 732 2042; x_wconf 71' lang='lat' dir='ltr'><strong>remanseruutdccem</strong></span> <span class='ocrx_word' id='word_1_355' title='bbox 749 2025 754 2042; x_wconf 89' lang='lat'><strong>:</strong></span> <span class='ocrx_word' id='word_1_356' title='bbox 771 2016 927 2042; x_wconf 87' lang='lat' dir='ltr'><strong>diminutum</strong></span> 
     </span>
    </p>
   </div>
   <div class='ocr_carea' id='block_1_42' title="bbox 134 2061 928 2098">
    <p class='ocr_par' dir='ltr' id='par_1_42' title="bbox 134 2061 928 2098">
     <span class='ocr_line' id='line_1_42' title="bbox 134 2061 928 2098; baseline -0.001 -9"><span class='ocrx_word' id='word_1_357' title='bbox 134 2068 173 2089; x_wconf 85' lang='lat' dir='ltr'><strong>est</strong></span> <span class='ocrx_word' id='word_1_358' title='bbox 184 2062 259 2098; x_wconf 84' lang='lat' dir='ltr'><strong>quod</strong></span> <span class='ocrx_word' id='word_1_359' title='bbox 273 2066 331 2089; x_wconf 87' lang='lat' dir='ltr'><strong>crat</strong></span> <span class='ocrx_word' id='word_1_360' title='bbox 346 2061 525 2096; x_wconf 88' lang='lat' dir='ltr'><strong>propositum;</strong></span> <span class='ocrx_word' id='word_1_361' title='bbox 542 2065 568 2088; x_wconf 86' lang='lat' dir='ltr'><strong>et</strong></span> <span class='ocrx_word' id='word_1_362' title='bbox 578 2065 677 2096; x_wconf 86' lang='lat' dir='ltr'><strong>quanto</strong></span> <span class='ocrx_word' id='word_1_363' title='bbox 691 2062 748 2095; x_wconf 88' lang='lat' dir='ltr'><strong>plus</strong></span> <span class='ocrx_word' id='word_1_364' title='bbox 762 2062 841 2093; x_wconf 75' lang='lat' dir='ltr'><strong>vivit,</strong></span> <span class='ocrx_word' id='word_1_365' title='bbox 857 2066 928 2088; x_wconf 76' lang='lat' dir='ltr'><strong>tumo</strong></span> 
     </span>
    </p>
   </div>
   <div class='ocr_carea' id='block_1_43' title="bbox 134 2106 926 2140">
    <p class='ocr_par' dir='ltr' id='par_1_43' title="bbox 134 2106 926 2140">
     <span class='ocr_line' id='line_1_43' title="bbox 134 2106 926 2140; baseline -0.003 -6"><span class='ocrx_word' id='word_1_366' title='bbox 134 2108 223 2134; x_wconf 82' lang='lat' dir='ltr'><strong>minus</strong></span> <span class='ocrx_word' id='word_1_367' title='bbox 244 2107 282 2134; x_wconf 90' lang='lat' dir='ltr'><strong>illi</strong></span> <span class='ocrx_word' id='word_1_368' title='bbox 303 2110 394 2134; x_wconf 82' lang='lat' dir='ltr'><strong>restat.</strong></span> <span class='ocrx_word' id='word_1_369' title='bbox 412 2106 523 2140; x_wconf 77' lang='lat' dir='ltr'><strong>Ideoque</strong></span> <span class='ocrx_word' id='word_1_370' title='bbox 537 2106 648 2134; x_wconf 75' lang='lat' dir='ltr'><strong>vivendo</strong></span> <span class='ocrx_word' id='word_1_371' title='bbox 663 2106 704 2133; x_wconf 88' lang='lat' dir='ltr'><strong>hic</strong></span> <span class='ocrx_word' id='word_1_372' title='bbox 723 2107 851 2133; x_wconf 78' lang='lat' dir='ltr'><strong>decreseit</strong></span> <span class='ocrx_word' id='word_1_373' title='bbox 864 2107 926 2139; x_wconf 84' lang='lat' dir='ltr'><strong>vita,</strong></span> 
     </span>
    </p>
   </div>
   <div class='ocr_carea' id='block_1_44' title="bbox 134 2152 927 2188">
    <p class='ocr_par' dir='ltr' id='par_1_44' title="bbox 134 2152 927 2188">
     <span class='ocr_line' id='line_1_44' title="bbox 134 2152 927 2188; baseline 0 -9"><span class='ocrx_word' id='word_1_374' title='bbox 134 2161 184 2181; x_wconf 86' lang='lat' dir='ltr'><strong>non</strong></span> <span class='ocrx_word' id='word_1_375' title='bbox 198 2153 309 2181; x_wconf 81' lang='lat' dir='ltr'><strong>crescit.</strong></span> <span class='ocrx_word' id='word_1_376' title='bbox 324 2152 396 2180; x_wconf 84' lang='lat' dir='ltr'><strong>Tene</strong></span> <span class='ocrx_word' id='word_1_377' title='bbox 406 2152 476 2188; x_wconf 85' lang='lat' dir='ltr'><strong>quod</strong></span> <span class='ocrx_word' id='word_1_378' title='bbox 493 2152 536 2179; x_wconf 88' lang='lat' dir='ltr'><strong>tibi</strong></span> <span class='ocrx_word' id='word_1_379' title='bbox 551 2152 670 2188; x_wconf 84' lang='lat' dir='ltr'><strong>promisit</strong></span> <span class='ocrx_word' id='word_1_380' title='bbox 685 2153 755 2179; x_wconf 85' lang='lat' dir='ltr'><strong>Deus</strong></span> <span class='ocrx_word' id='word_1_381' title='bbox 767 2174 773 2185; x_wconf 95' lang='lat'><strong>,</strong></span> <span class='ocrx_word' id='word_1_382' title='bbox 795 2158 821 2179; x_wconf 87' lang='lat' dir='ltr'><strong>ut</strong></span> <span class='ocrx_word' id='word_1_383' title='bbox 834 2158 927 2179; x_wconf 80' lang='lat' dir='ltr'><strong>crescat</strong></span> 
     </span>
    </p>
   </div>
   <div class='ocr_carea' id='block_1_45' title="bbox 134 2198 438 2226">
    <p class='ocr_par' dir='ltr' id='par_1_45' title="bbox 134 2198 438 2226">
     <span class='ocr_line' id='line_1_45' title="bbox 134 2198 438 2226; baseline 0 -2"><span class='ocrx_word' id='word_1_384' title='bbox 134 2200 159 2225; x_wconf 72' lang='lat' dir='ltr'><strong>in</strong></span> <span class='ocrx_word' id='word_1_385' title='bbox 168 2199 262 2226; x_wconf 78' lang='lat' dir='ltr'><strong>missi</strong></span> <span class='ocrx_word' id='word_1_386' title='bbox 267 2199 314 2225; x_wconf 79' lang='lat' dir='ltr'><strong>mis</strong></span> <span class='ocrx_word' id='word_1_387' title='bbox 324 2198 373 2225; x_wconf 69' lang='lat' dir='ltr'><strong>vita</strong></span> <span class='ocrx_word' id='word_1_388' title='bbox 386 2203 438 2224; x_wconf 90' lang='lat' dir='ltr'><strong>tua.</strong></span> 
     </span>
    </p>
   </div>
   <div class='ocr_carea' id='block_1_46' title="bbox 167 2243 927 2277">
    <p class='ocr_par' dir='ltr' id='par_1_46' title="bbox 167 2243 927 2277">
     <span class='ocr_line' id='line_1_46' title="bbox 167 2243 927 2277; baseline -0.004 -5"><span class='ocrx_word' id='word_1_389' title='bbox 167 2243 284 2272; x_wconf 69' lang='lat' dir='ltr'><strong>CAPUT</strong></span> <span class='ocrx_word' id='word_1_390' title='bbox 297 2243 342 2271; x_wconf 88' lang='lat' dir='ltr'><strong>IV.</strong></span> <span class='ocrx_word' id='word_1_391' title='bbox 356 2258 391 2263; x_wconf 91' lang='lat'><strong>-—</strong></span> <span class='ocrx_word' id='word_1_392' title='bbox 401 2243 426 2270; x_wconf 85' lang='lat'><strong>6.</strong></span> <span class='ocrx_word' id='word_1_393' title='bbox 440 2243 567 2270; x_wconf 82' lang='lat' dir='ltr'><strong>Laborant</strong></span> <span class='ocrx_word' id='word_1_394' title='bbox 576 2252 620 2277; x_wconf 86' lang='lat' dir='ltr'><strong>pro</strong></span> <span class='ocrx_word' id='word_1_395' title='bbox 629 2243 805 2277; x_wconf 75' lang='lat' dir='ltr'><strong>cupiditatibus</strong></span> <span class='ocrx_word' id='word_1_396' title='bbox 815 2244 877 2275; x_wconf 77' lang='lat' dir='ltr'><strong>suis,</strong></span> <span class='ocrx_word' id='word_1_397' title='bbox 889 2244 927 2270; x_wconf 83' lang='lat' dir='ltr'><strong>la-</strong></span> 
     </span>
    </p>
   </div>
   <div class='ocr_carea' id='block_1_47' title="bbox 133 2289 926 2324">
    <p class='ocr_par' dir='ltr' id='par_1_47' title="bbox 133 2289 926 2324">
     <span class='ocr_line' id='line_1_47' title="bbox 133 2289 926 2324; baseline -0.003 -7"><span class='ocrx_word' id='word_1_398' title='bbox 133 2292 224 2317; x_wconf 64' lang='lat' dir='ltr'><strong>korore</strong></span> <span class='ocrx_word' id='word_1_399' title='bbox 235 2290 327 2317; x_wconf 71' lang='lat' dir='ltr'><strong>uolunt</strong></span> <span class='ocrx_word' id='word_1_400' title='bbox 344 2298 390 2324; x_wconf 86' lang='lat' dir='ltr'><strong>pro</strong></span> <span class='ocrx_word' id='word_1_401' title='bbox 401 2289 446 2316; x_wconf 85' lang='lat' dir='ltr'><strong>Dei</strong></span> <span class='ocrx_word' id='word_1_402' title='bbox 461 2290 598 2324; x_wconf 74' lang='lat' dir='ltr'><strong>promissis.</strong></span> <span class='ocrx_word' id='word_1_403' title='bbox 612 2289 710 2315; x_wconf 85' lang='lat' dir='ltr'><strong>Deinde</strong></span> <span class='ocrx_word' id='word_1_404' title='bbox 727 2289 845 2323; x_wconf 87' lang='lat' dir='ltr'><strong>sequitur</strong></span> <span class='ocrx_word' id='word_1_405' title='bbox 857 2289 926 2323; x_wconf 88' lang='lat' dir='ltr'><strong>quod</strong></span> 
     </span>
    </p>
   </div>
   <div class='ocr_carea' id='block_1_48' title="bbox 135 2334 926 2368">
    <p class='ocr_par' dir='ltr' id='par_1_48' title="bbox 135 2334 926 2368">
     <span class='ocr_line' id='line_1_48' title="bbox 135 2334 926 2368; baseline -0.003 -7"><span class='ocrx_word' id='word_1_406' title='bbox 135 2337 233 2363; x_wconf 72' lang='lat' dir='ltr'><strong>lectum</strong></span> <span class='ocrx_word' id='word_1_407' title='bbox 245 2343 299 2362; x_wconf 86' lang='lat' dir='ltr'><strong>non</strong></span> <span class='ocrx_word' id='word_1_408' title='bbox 315 2334 326 2350; x_wconf 78' lang='grc'><strong>⁸</strong></span> <span class='ocrx_word' id='word_1_409' title='bbox 340 2339 380 2362; x_wconf 86' lang='lat' dir='ltr'><strong>est</strong></span> <span class='ocrx_word' id='word_1_410' title='bbox 395 2343 401 2360; x_wconf 87' lang='lat'><strong>:</strong></span> <span class='ocrx_word' id='word_1_411' title='bbox 420 2335 499 2360; x_wconf 75' lang='lat' dir='ltr'><strong>Omne</strong></span> <span class='ocrx_word' id='word_1_412' title='bbox 510 2334 576 2368; x_wconf 81' lang='lat' dir='ltr'><strong>quod</strong></span> <span class='ocrx_word' id='word_1_413' title='bbox 587 2334 629 2360; x_wconf 86' lang='lat' dir='ltr'><strong>tibi</strong></span> <span class='ocrx_word' id='word_1_414' title='bbox 638 2334 783 2368; x_wconf 83' lang='lat' dir='ltr'><strong>applicitum</strong></span> <span class='ocrx_word' id='word_1_415' title='bbox 797 2334 871 2367; x_wconf 75' lang='lat' dir='ltr'><strong>fuerit</strong></span> <span class='ocrx_word' id='word_1_416' title='bbox 882 2342 926 2359; x_wconf 83' lang='lat' dir='ltr'><strong>ac-</strong></span> 
     </span>
    </p>
   </div>
   <div class='ocr_carea' id='block_1_49' title="bbox 133 2379 926 2416">
    <p class='ocr_par' dir='ltr' id='par_1_49' title="bbox 133 2379 926 2416">
     <span class='ocr_line' id='line_1_49' title="bbox 133 2379 926 2416; baseline -0.003 -9"><span class='ocrx_word' id='word_1_417' title='bbox 133 2381 200 2416; x_wconf 69' lang='lat' dir='ltr'><strong>cipe,</strong></span> <span class='ocrx_word' id='word_1_418' title='bbox 214 2386 238 2407; x_wconf 90' lang='lat' dir='ltr'><strong>et</strong></span> <span class='ocrx_word' id='word_1_419' title='bbox 251 2380 278 2406; x_wconf 85' lang='lat' dir='ltr'><strong>in</strong></span> <span class='ocrx_word' id='word_1_420' title='bbox 289 2380 377 2406; x_wconf 81' lang='lat' dir='ltr'><strong>dolore</strong></span> <span class='ocrx_word' id='word_1_421' title='bbox 389 2380 492 2411; x_wconf 76' lang='lat' dir='ltr'><strong>sustine,</strong></span> <span class='ocrx_word' id='word_1_422' title='bbox 506 2379 563 2405; x_wconf 88' lang='lat' dir='ltr'><strong>etin</strong></span> <span class='ocrx_word' id='word_1_423' title='bbox 574 2380 714 2405; x_wconf 82' lang='lat' dir='ltr'><strong>humilitate</strong></span> <span class='ocrx_word' id='word_1_424' title='bbox 725 2385 767 2405; x_wconf 84' lang='lat' dir='ltr'><strong>tua</strong></span> <span class='ocrx_word' id='word_1_425' title='bbox 781 2379 926 2413; x_wconf 74' lang='lat' dir='ltr'><strong>patientiam</strong></span> 
     </span>
    </p>
   </div>
   <div class='ocr_carea' id='block_1_50' title="bbox 134 2424 923 2459">
    <p class='ocr_par' dir='ltr' id='par_1_50' title="bbox 134 2424 923 2459">
     <span class='ocr_line' id='line_1_50' title="bbox 134 2424 923 2459; baseline -0.003 -7"><span class='ocrx_word' id='word_1_426' title='bbox 134 2426 207 2452; x_wconf 72' lang='lat' dir='ltr'><strong>habe.</strong></span> <span class='ocrx_word' id='word_1_427' title='bbox 224 2425 351 2458; x_wconf 75' lang='lat' dir='ltr'><strong>Quoniam</strong></span> <span class='ocrx_word' id='word_1_428' title='bbox 370 2425 396 2451; x_wconf 82' lang='lat' dir='ltr'><strong>in</strong></span> <span class='ocrx_word' id='word_1_429' title='bbox 410 2425 471 2459; x_wconf 27' lang='lat' dir='ltr'><strong>igne.</strong></span> <span class='ocrx_word' id='word_1_430' title='bbox 485 2424 604 2459; x_wconf 82' lang='lat' dir='ltr'><strong>probatur</strong></span> <span class='ocrx_word' id='word_1_431' title='bbox 623 2433 712 2450; x_wconf 86' lang='lat' dir='ltr'><strong>aurum</strong></span> <span class='ocrx_word' id='word_1_432' title='bbox 734 2429 757 2450; x_wconf 85' lang='lat' dir='ltr'><strong>et</strong></span> <span class='ocrx_word' id='word_1_433' title='bbox 778 2430 923 2458; x_wconf 84' lang='lat' dir='ltr'><strong>argentum,</strong></span> 
     </span>
    </p>
   </div>
   <div class='ocr_carea' id='block_1_51' title="bbox 133 2470 923 2506">
    <p class='ocr_par' dir='ltr' id='par_1_51' title="bbox 133 2470 923 2506">
     <span class='ocr_line' id='line_1_51' title="bbox 133 2470 923 2506; baseline -0.003 -7"><span class='ocrx_word' id='word_1_434' title='bbox 133 2473 248 2499; x_wconf 67' lang='lat' dir='ltr'><strong>bonum</strong></span> <span class='ocrx_word' id='word_1_435' title='bbox 256 2479 314 2498; x_wconf 78' lang='lat' dir='ltr'><strong>vero</strong></span> <span class='ocrx_word' id='word_1_436' title='bbox 326 2471 490 2506; x_wconf 74' lang='lat' dir='ltr'><strong>acceptabiles</strong></span> <span class='ocrx_word' id='word_1_437' title='bbox 501 2471 525 2497; x_wconf 82' lang='lat' dir='ltr'><strong>in</strong></span> <span class='ocrx_word' id='word_1_438' title='bbox 534 2471 632 2497; x_wconf 83' lang='lat' dir='ltr'><strong>camino</strong></span> <span class='ocrx_word' id='word_1_439' title='bbox 642 2470 821 2497; x_wconf 80' lang='lat' dir='ltr'><strong>liumiliatiouis</strong></span> <span class='ocrx_word' id='word_1_440' title='bbox 833 2470 923 2505; x_wconf 73' lang='lat' dir='ltr'><strong>(Ereti.</strong></span> 
     </span>
    </p>
   </div>
   <div class='ocr_carea' id='block_1_52' title="bbox 133 2515 924 2550">
    <p class='ocr_par' dir='ltr' id='par_1_52' title="bbox 133 2515 924 2550">
     <span class='ocr_line' id='line_1_52' title="bbox 133 2515 924 2550; baseline -0.004 -5"><span class='ocrx_word' id='word_1_441' title='bbox 133 2525 169 2550; x_wconf 87' lang='lat' dir='ltr'><strong>ll,</strong></span> <span class='ocrx_word' id='word_1_442' title='bbox 185 2518 260 2550; x_wconf 76' lang='grc'><strong>1-5).</strong></span> <span class='ocrx_word' id='word_1_443' title='bbox 274 2517 372 2544; x_wconf 87' lang='lat' dir='ltr'><strong>Durum</strong></span> <span class='ocrx_word' id='word_1_444' title='bbox 386 2516 506 2546; x_wconf 81' lang='lat' dir='ltr'><strong>videtur,</strong></span> <span class='ocrx_word' id='word_1_445' title='bbox 527 2515 655 2543; x_wconf 77' lang='lat' dir='ltr'><strong>deiecisti.</strong></span> <span class='ocrx_word' id='word_1_446' title='bbox 672 2516 765 2543; x_wconf 82' lang='lat' dir='ltr'><strong>Nonne</strong></span> <span class='ocrx_word' id='word_1_447' title='bbox 779 2516 840 2543; x_wconf 87' lang='lat' dir='ltr'><strong>illud</strong></span> <span class='ocrx_word' id='word_1_448' title='bbox 855 2516 924 2550; x_wconf 88' lang='lat' dir='ltr'><strong>quod</strong></span> 
     </span>
    </p>
   </div>
   <div class='ocr_carea' id='block_1_53' title="bbox 133 2561 925 2597">
    <p class='ocr_par' dir='ltr' id='par_1_53' title="bbox 133 2561 925 2597">
     <span class='ocr_line' id='line_1_53' title="bbox 133 2561 925 2597; baseline -0.004 -7"><span class='ocrx_word' id='word_1_449' title='bbox 133 2571 187 2590; x_wconf 85' lang='lat' dir='ltr'><strong>non</strong></span> <span class='ocrx_word' id='word_1_450' title='bbox 200 2562 291 2590; x_wconf 85' lang='lat' dir='ltr'><strong>deﬁcit</strong></span> <span class='ocrx_word' id='word_1_451' title='bbox 310 2561 466 2597; x_wconf 86' lang='lat' dir='ltr'><strong>perdidisti?</strong></span> <span class='ocrx_word' id='word_1_452' title='bbox 478 2561 550 2588; x_wconf 83' lang='lat' dir='ltr'><strong>Multi</strong></span> <span class='ocrx_word' id='word_1_453' title='bbox 572 2562 652 2589; x_wconf 88' lang='lat' dir='ltr'><strong>multa</strong></span> <span class='ocrx_word' id='word_1_454' title='bbox 669 2562 803 2596; x_wconf 87' lang='lat' dir='ltr'><strong>patiuntur</strong></span> <span class='ocrx_word' id='word_1_455' title='bbox 819 2566 925 2595; x_wconf 88' lang='lat' dir='ltr'><strong>propter</strong></span> 
     </span>
    </p>
   </div>
   <div class='ocr_carea' id='block_1_54' title="bbox 134 2607 922 2641">
    <p class='ocr_par' dir='ltr' id='par_1_54' title="bbox 134 2607 922 2641">
     <span class='ocr_line' id='line_1_54' title="bbox 134 2607 922 2641; baseline -0.003 -6"><span class='ocrx_word' id='word_1_456' title='bbox 134 2607 274 2641; x_wconf 79' lang='lat' dir='ltr'><strong>pecuniam</strong></span> <span class='ocrx_word' id='word_1_457' title='bbox 290 2607 449 2641; x_wconf 85' lang='lat' dir='ltr'><strong>perituram,</strong></span> <span class='ocrx_word' id='word_1_458' title='bbox 461 2610 487 2633; x_wconf 89' lang='lat' dir='ltr'><strong>et</strong></span> <span class='ocrx_word' id='word_1_459' title='bbox 502 2611 528 2633; x_wconf 91' lang='lat' dir='ltr'><strong>tu</strong></span> <span class='ocrx_word' id='word_1_460' title='bbox 539 2614 591 2634; x_wconf 91' lang='lat' dir='ltr'><strong>non</strong></span> <span class='ocrx_word' id='word_1_461' title='bbox 605 2607 644 2633; x_wconf 86' lang='lat' dir='ltr'><strong>vis</strong></span> <span class='ocrx_word' id='word_1_462' title='bbox 657 2607 708 2641; x_wconf 88' lang='lat' dir='ltr'><strong>pati</strong></span> <span class='ocrx_word' id='word_1_463' title='bbox 726 2612 832 2641; x_wconf 79' lang='lat' dir='ltr'><strong>propter</strong></span> <span class='ocrx_word' id='word_1_464' title='bbox 845 2607 922 2633; x_wconf 86' lang='lat' dir='ltr'><strong>vitam</strong></span> 
     </span>
    </p>
   </div>
   <div class='ocr_carea' id='block_1_55' title="bbox 132 2652 922 2687">
    <p class='ocr_par' dir='ltr' id='par_1_55' title="bbox 132 2652 922 2687">
     <span class='ocr_line' id='line_1_55' title="bbox 132 2652 922 2687; baseline -0.001 -7"><span class='ocrx_word' id='word_1_465' title='bbox 132 2653 307 2680; x_wconf 79' lang='lat' dir='ltr'><strong>mansuram?</strong></span> <span class='ocrx_word' id='word_1_466' title='bbox 319 2652 363 2681; x_wconf 87' lang='lat' dir='ltr'><strong>Sic</strong></span> <span class='ocrx_word' id='word_1_467' title='bbox 375 2659 484 2680; x_wconf 81' lang='lat' dir='ltr'><strong>recusas</strong></span> <span class='ocrx_word' id='word_1_468' title='bbox 503 2652 622 2679; x_wconf 82' lang='lat' dir='ltr'><strong>laborare</strong></span> <span class='ocrx_word' id='word_1_469' title='bbox 637 2661 683 2687; x_wconf 90' lang='lat' dir='ltr'><strong>pro</strong></span> <span class='ocrx_word' id='word_1_470' title='bbox 699 2653 743 2680; x_wconf 84' lang='lat' dir='ltr'><strong>Dei</strong></span> <span class='ocrx_word' id='word_1_471' title='bbox 767 2653 903 2687; x_wconf 84' lang='lat' dir='ltr'><strong>promissis</strong></span> <span class='ocrx_word' id='word_1_472' title='bbox 915 2674 922 2685; x_wconf 82' lang='lat'><strong>,</strong></span> 
     </span>
    </p>
   </div>
   <div class='ocr_carea' id='block_1_56' title="bbox 133 2697 924 2734">
    <p class='ocr_par' dir='ltr' id='par_1_56' title="bbox 133 2697 924 2734">
     <span class='ocr_line' id='line_1_56' title="bbox 133 2697 924 2734; baseline -0.001 -8"><span class='ocrx_word' id='word_1_473' title='bbox 133 2699 210 2733; x_wconf 63' lang='lat' dir='ltr'><strong>quasi</strong></span> <span class='ocrx_word' id='word_1_474' title='bbox 224 2706 276 2726; x_wconf 90' lang='lat' dir='ltr'><strong>non</strong></span> <span class='ocrx_word' id='word_1_475' title='bbox 293 2698 398 2726; x_wconf 79' lang='lat' dir='ltr'><strong>labores</strong></span> <span class='ocrx_word' id='word_1_476' title='bbox 419 2705 466 2733; x_wconf 89' lang='lat' dir='ltr'><strong>pro</strong></span> <span class='ocrx_word' id='word_1_477' title='bbox 479 2697 664 2732; x_wconf 82' lang='lat' dir='ltr'><strong>cupiditatibus</strong></span> <span class='ocrx_word' id='word_1_478' title='bbox 686 2698 746 2725; x_wconf 87' lang='lat' dir='ltr'><strong>tuis.</strong></span> <span class='ocrx_word' id='word_1_479' title='bbox 763 2698 863 2732; x_wconf 88' lang='lat' dir='ltr'><strong>Quanta</strong></span> <span class='ocrx_word' id='word_1_480' title='bbox 879 2706 924 2734; x_wconf 81' lang='lat' dir='ltr'><strong>pa-</strong></span> 
     </span>
    </p>
   </div>
   <div class='ocr_carea' id='block_1_57' title="bbox 164 2772 671 2803">
    <p class='ocr_par' dir='ltr' id='par_1_57' title="bbox 164 2772 671 2803">
     <span class='ocr_line' id='line_1_57' title="bbox 164 2772 671 2803; baseline -0.002 -5"><span class='ocrx_word' id='word_1_481' title='bbox 164 2775 171 2790; x_wconf 85' lang='lat'>&#39;</span> <span class='ocrx_word' id='word_1_482' title='bbox 186 2778 236 2798; x_wconf 66' lang='lat' dir='ltr'><strong>sui.</strong></span> <span class='ocrx_word' id='word_1_483' title='bbox 247 2777 272 2798; x_wconf 81' lang='lat' dir='ltr'><strong>et</strong></span> <span class='ocrx_word' id='word_1_484' title='bbox 283 2773 418 2798; x_wconf 71' lang='lat' dir='ltr'><strong>victm-inus</strong></span> <span class='ocrx_word' id='word_1_485' title='bbox 429 2777 479 2803; x_wconf 64' lang='grc' dir='ltr'><em>ιιι,</em></span> <span class='ocrx_word' id='word_1_486' title='bbox 488 2775 513 2798; x_wconf 78' lang='lat' dir='ltr'><strong>et</strong></span> <span class='ocrx_word' id='word_1_487' title='bbox 521 2772 566 2798; x_wconf 72' lang='lat' dir='ltr'><strong>via</strong></span> <span class='ocrx_word' id='word_1_488' title='bbox 576 2775 671 2798; x_wconf 62' lang='lat' dir='ltr'><strong>nostra.</strong></span> 
     </span>
    </p>
   </div>
   <div class='ocr_carea' id='block_1_58' title="bbox 163 2803 776 2834">
    <p class='ocr_par' dir='ltr' id='par_1_58' title="bbox 163 2803 776 2834">
     <span class='ocr_line' id='line_1_58' title="bbox 163 2803 776 2834; baseline 0 -5"><span class='ocrx_word' id='word_1_489' title='bbox 163 2805 173 2821; x_wconf 80' lang='lat'>&#39;</span> <span class='ocrx_word' id='word_1_490' title='bbox 182 2805 219 2829; x_wconf 83' lang='lat' dir='ltr'><strong>sic</strong></span> <span class='ocrx_word' id='word_1_491' title='bbox 228 2805 361 2830; x_wconf 73' lang='lat' dir='ltr'><strong>ticta&#39;imts</strong></span> <span class='ocrx_word' id='word_1_492' title='bbox 370 2807 410 2829; x_wconf 72' lang='lat' dir='ltr'><strong>Ms.</strong></span> <span class='ocrx_word' id='word_1_493' title='bbox 424 2807 451 2834; x_wconf 74' lang='lat' dir='ltr'><strong>At</strong></span> <span class='ocrx_word' id='word_1_494' title='bbox 466 2803 535 2834; x_wconf 81' lang='lat' dir='ltr'><strong>editi,</strong></span> <span class='ocrx_word' id='word_1_495' title='bbox 547 2803 571 2829; x_wconf 81' lang='lat' dir='ltr'><strong>in</strong></span> <span class='ocrx_word' id='word_1_496' title='bbox 579 2803 621 2829; x_wconf 82' lang='lat' dir='ltr'><strong>hoc</strong></span> <span class='ocrx_word' id='word_1_497' title='bbox 630 2803 717 2829; x_wconf 68' lang='lat' dir='ltr'><strong>habere</strong></span> <span class='ocrx_word' id='word_1_498' title='bbox 728 2809 776 2829; x_wconf 82' lang='lat' dir='ltr'><strong>cor.</strong></span> 
     </span>
    </p>
   </div>
   <div class='ocr_carea' id='block_1_59' title="bbox 164 2832 548 2863">
    <p class='ocr_par' dir='ltr' id='par_1_59' title="bbox 164 2832 548 2863">
     <span class='ocr_line' id='line_1_59' title="bbox 164 2832 548 2863; baseline 0.003 -4"><span class='ocrx_word' id='word_1_499' title='bbox 164 2835 175 2853; x_wconf 75' lang='grc' dir='ltr'><strong><em>ο</em></strong></span> <span class='ocrx_word' id='word_1_500' title='bbox 186 2836 268 2862; x_wconf 65' lang='lat' dir='ltr'><strong>Abest.</strong></span> <span class='ocrx_word' id='word_1_501' title='bbox 275 2841 330 2863; x_wconf 78' lang='lat' dir='ltr'><strong>non.</strong></span> <span class='ocrx_word' id='word_1_502' title='bbox 340 2841 355 2858; x_wconf 88' lang='lat' dir='ltr'><strong>a</strong></span> <span class='ocrx_word' id='word_1_503' title='bbox 367 2832 494 2861; x_wconf 67' lang='lat' dir='ltr'><strong>victoriae.</strong></span> <span class='ocrx_word' id='word_1_504' title='bbox 508 2832 548 2860; x_wconf 74' lang='lat' dir='ltr'><strong>us.</strong></span> 
     </span>
    </p>
   </div>
   <div class='ocr_carea' id='block_1_60' title="bbox 798 139 1073 170">
    <p class='ocr_par' dir='ltr' id='par_1_60' title="bbox 798 139 1073 170">
     <span class='ocr_line' id='line_1_60' title="bbox 798 139 1073 170; baseline 0 -1"><span class='ocrx_word' id='word_1_505' title='bbox 798 139 914 169; x_wconf 70' lang='lat' dir='ltr'><strong>SERMO</strong></span> <span class='ocrx_word' id='word_1_506' title='bbox 933 139 1073 170; x_wconf 73' lang='lat' dir='ltr'><strong>XXXYlll.</strong></span> 
     </span>
    </p>
   </div>
   <div class='ocr_carea' id='block_1_61' title="bbox 1729 154 1781 182">
    <p class='ocr_par' dir='ltr' id='par_1_61' title="bbox 1729 154 1781 182">
     <span class='ocr_line' id='line_1_61' title="bbox 1729 154 1781 182; baseline 0.038 -2"><span class='ocrx_word' id='word_1_507' title='bbox 1729 154 1781 182; x_wconf 71' lang='grc'><strong>258</strong></span> 
     </span>
    </p>
   </div>
   <div class='ocr_carea' id='block_1_62' title="bbox 970 198 1781 244">
    <p class='ocr_par' dir='ltr' id='par_1_62' title="bbox 970 198 1781 244">
     <span class='ocr_line' id='line_1_62' title="bbox 970 198 1781 244; baseline 0.018 -20"><span class='ocrx_word' id='word_1_508' title='bbox 970 221 973 225; x_wconf 91' lang='grc'>.</span> <span class='ocrx_word' id='word_1_509' title='bbox 995 198 1094 227; x_wconf 90' lang='lat' dir='ltr'><strong>tiuntur</strong></span> <span class='ocrx_word' id='word_1_510' title='bbox 1108 208 1156 235; x_wconf 90' lang='lat' dir='ltr'><strong>pro</strong></span> <span class='ocrx_word' id='word_1_511' title='bbox 1168 208 1215 229; x_wconf 83' lang='lat' dir='ltr'><strong>sua</strong></span> <span class='ocrx_word' id='word_1_512' title='bbox 1229 203 1366 239; x_wconf 81' lang='lat' dir='ltr'><strong>iniquitate</strong></span> <span class='ocrx_word' id='word_1_513' title='bbox 1379 205 1515 235; x_wconf 84' lang='lat' dir='ltr'><strong>latrones?</strong></span> <span class='ocrx_word' id='word_1_514' title='bbox 1529 213 1625 244; x_wconf 83' lang='lat' dir='ltr'><strong>quanta</strong></span> <span class='ocrx_word' id='word_1_515' title='bbox 1646 211 1781 244; x_wconf 80' lang='lat' dir='ltr'><strong>patiuntur</strong></span> 
     </span>
    </p>
   </div>
   <div class='ocr_carea' id='block_1_63' title="bbox 994 246 1780 292">
    <p class='ocr_par' dir='ltr' id='par_1_63' title="bbox 994 246 1780 292">
     <span class='ocr_line' id='line_1_63' title="bbox 994 246 1780 292; baseline 0.02 -22"><span class='ocrx_word' id='word_1_516' title='bbox 994 251 1041 278; x_wconf 90' lang='lat' dir='ltr'><strong>pro</strong></span> <span class='ocrx_word' id='word_1_517' title='bbox 1053 246 1109 272; x_wconf 89' lang='lat' dir='ltr'><strong>suis</strong></span> <span class='ocrx_word' id='word_1_518' title='bbox 1118 248 1262 277; x_wconf 84' lang='lat' dir='ltr'><strong>sceleribus</strong></span> <span class='ocrx_word' id='word_1_519' title='bbox 1275 251 1381 285; x_wconf 86' lang='lat' dir='ltr'><strong>perditi,</strong></span> <span class='ocrx_word' id='word_1_520' title='bbox 1393 259 1440 287; x_wconf 88' lang='lat' dir='ltr'><strong>pro</strong></span> <span class='ocrx_word' id='word_1_521' title='bbox 1451 260 1496 281; x_wconf 84' lang='lat' dir='ltr'><strong>sua</strong></span> <span class='ocrx_word' id='word_1_522' title='bbox 1512 256 1627 290; x_wconf 82' lang='lat' dir='ltr'><strong>nequitia</strong></span> <span class='ocrx_word' id='word_1_523' title='bbox 1642 257 1780 292; x_wconf 83' lang='lat' dir='ltr'><strong>luxuriosi,</strong></span> 
     </span>
    </p>
   </div>
   <div class='ocr_carea' id='block_1_64' title="bbox 993 294 1791 338">
    <p class='ocr_par' dir='ltr' id='par_1_64' title="bbox 993 294 1791 338">
     <span class='ocr_line' id='line_1_64' title="bbox 993 294 1791 338; baseline 0.021 -23"><span class='ocrx_word' id='word_1_524' title='bbox 993 297 1041 323; x_wconf 91' lang='lat' dir='ltr'><strong>pro</strong></span> <span class='ocrx_word' id='word_1_525' title='bbox 1056 297 1112 338; x_wconf 29' lang='grc' dir='ltr'><strong>ἐυρ</strong></span> <span class='ocrx_word' id='word_1_526' title='bbox 1136 294 1247 321; x_wconf 85' lang='lat' dir='ltr'><strong>avaritia</strong></span> <span class='ocrx_word' id='word_1_527' title='bbox 1270 297 1445 331; x_wconf 74' lang='lat' dir='ltr'><strong>negotiatores</strong></span> <span class='ocrx_word' id='word_1_528' title='bbox 1472 307 1545 328; x_wconf 77' lang='lat' dir='ltr'><strong>mare</strong></span> <span class='ocrx_word' id='word_1_529' title='bbox 1566 306 1757 331; x_wconf 81' lang='lat' dir='ltr'><strong>transmeantes</strong></span> <span class='ocrx_word' id='word_1_530' title='bbox 1771 300 1791 338; x_wconf 28' lang='lat'><strong>,-</strong></span> 
     </span>
    </p>
   </div>
   <div class='ocr_carea' id='block_1_65' title="bbox 991 335 1780 378">
    <p class='ocr_par' dir='ltr' id='par_1_65' title="bbox 991 335 1780 378">
     <span class='ocr_line' id='line_1_65' title="bbox 991 335 1780 378; baseline 0.02 -18"><span class='ocrx_word' id='word_1_531' title='bbox 991 335 1077 363; x_wconf 82' lang='lat' dir='ltr'><strong>ventis</strong></span> <span class='ocrx_word' id='word_1_532' title='bbox 1098 340 1348 376; x_wconf 80' lang='lat' dir='ltr'><strong>tempestatibusque</strong></span> <span class='ocrx_word' id='word_1_533' title='bbox 1367 349 1463 378; x_wconf 90' lang='lat' dir='ltr'><strong>corpus</strong></span> <span class='ocrx_word' id='word_1_534' title='bbox 1482 350 1508 372; x_wconf 93' lang='lat' dir='ltr'><strong>ct</strong></span> <span class='ocrx_word' id='word_1_535' title='bbox 1521 346 1635 373; x_wconf 85' lang='lat' dir='ltr'><strong>animam</strong></span> <span class='ocrx_word' id='word_1_536' title='bbox 1657 335 1780 376; x_wconf 48' lang='lat' dir='ltr'><strong>commit;</strong></span> 
     </span>
    </p>
   </div>
   <div class='ocr_carea' id='block_1_66' title="bbox 992 384 1778 424">
    <p class='ocr_par' dir='ltr' id='par_1_66' title="bbox 992 384 1778 424">
     <span class='ocr_line' id='line_1_66' title="bbox 992 384 1778 424; baseline 0.02 -18"><span class='ocrx_word' id='word_1_537' title='bbox 992 384 1088 415; x_wconf 85' lang='lat' dir='ltr'><strong>tentes,</strong></span> <span class='ocrx_word' id='word_1_538' title='bbox 1103 389 1149 409; x_wconf 89' lang='lat' dir='ltr'><strong>sua</strong></span> <span class='ocrx_word' id='word_1_539' title='bbox 1163 384 1342 420; x_wconf 83' lang='lat' dir='ltr'><strong>relinquentes</strong></span> <span class='ocrx_word' id='word_1_540' title='bbox 1353 408 1361 420; x_wconf 89' lang='lat'><strong>,</strong></span> <span class='ocrx_word' id='word_1_541' title='bbox 1376 388 1409 415; x_wconf 90' lang='lat' dir='ltr'><strong>ad</strong></span> <span class='ocrx_word' id='word_1_542' title='bbox 1425 388 1511 424; x_wconf 83' lang='lat' dir='ltr'><strong>ignota</strong></span> <span class='ocrx_word' id='word_1_543' title='bbox 1525 393 1682 420; x_wconf 82' lang='lat' dir='ltr'><strong>currentes?</strong></span> <span class='ocrx_word' id='word_1_544' title='bbox 1693 393 1778 422; x_wconf 74' lang='lat' dir='ltr'><strong>Iudex</strong></span> 
     </span>
    </p>
   </div>
   <div class='ocr_carea' id='block_1_67' title="bbox 991 424 1781 471">
    <p class='ocr_par' dir='ltr' id='par_1_67' title="bbox 991 424 1781 471">
     <span class='ocr_line' id='line_1_67' title="bbox 991 424 1781 471; baseline 0.02 -20"><span class='ocrx_word' id='word_1_545' title='bbox 991 424 1014 471; x_wconf 75' lang='lat' dir='ltr'><strong>si</strong></span> <span class='ocrx_word' id='word_1_546' title='bbox 1027 428 1178 460; x_wconf 84' lang='lat' dir='ltr'><strong>pronuntiat</strong></span> <span class='ocrx_word' id='word_1_547' title='bbox 1191 430 1326 464; x_wconf 81' lang='lat' dir='ltr'><strong>exsilium,</strong></span> <span class='ocrx_word' id='word_1_548' title='bbox 1339 440 1415 467; x_wconf 67' lang='lat' dir='ltr'><strong>pinna</strong></span> <span class='ocrx_word' id='word_1_549' title='bbox 1431 439 1471 461; x_wconf 90' lang='lat' dir='ltr'><strong>cst</strong></span> <span class='ocrx_word' id='word_1_550' title='bbox 1488 444 1494 461; x_wconf 90' lang='lat'><strong>:</strong></span> <span class='ocrx_word' id='word_1_551' title='bbox 1509 437 1616 463; x_wconf 84' lang='lat' dir='ltr'><strong>avaritia</strong></span> <span class='ocrx_word' id='word_1_552' title='bbox 1627 437 1701 471; x_wconf 87' lang='lat' dir='ltr'><strong>jubet</strong></span> <span class='ocrx_word' id='word_1_553' title='bbox 1711 441 1781 467; x_wconf 70' lang='lat' dir='ltr'><strong>exsi-</strong></span> 
     </span>
    </p>
   </div>
   <div class='ocr_carea' id='block_1_68' title="bbox 991 470 1780 518">
    <p class='ocr_par' dir='ltr' id='par_1_68' title="bbox 991 470 1780 518">
     <span class='ocr_line' id='line_1_68' title="bbox 991 470 1780 518; baseline 0.019 -21"><span class='ocrx_word' id='word_1_554' title='bbox 991 470 1065 518; x_wconf 86' lang='lat' dir='ltr'><strong>lium,</strong></span> <span class='ocrx_word' id='word_1_555' title='bbox 1080 477 1107 499; x_wconf 89' lang='lat' dir='ltr'><strong>ct</strong></span> <span class='ocrx_word' id='word_1_556' title='bbox 1119 474 1208 501; x_wconf 85' lang='lat' dir='ltr'><strong>l:etitia</strong></span> <span class='ocrx_word' id='word_1_557' title='bbox 1219 480 1260 503; x_wconf 82' lang='lat' dir='ltr'><strong>est</strong></span> <span class='ocrx_word' id='word_1_558' title='bbox 1271 477 1299 503; x_wconf 64' lang='grc' dir='ltr'><strong>*ἲ</strong></span> <span class='ocrx_word' id='word_1_559' title='bbox 1313 477 1380 511; x_wconf 88' lang='lat' dir='ltr'><strong>Quid</strong></span> <span class='ocrx_word' id='word_1_560' title='bbox 1395 487 1458 514; x_wconf 83' lang='lat' dir='ltr'><strong>ergo</strong></span> <span class='ocrx_word' id='word_1_561' title='bbox 1470 488 1592 516; x_wconf 79' lang='lat' dir='ltr'><strong>magnum</strong></span> <span class='ocrx_word' id='word_1_562' title='bbox 1607 470 1653 510; x_wconf 83' lang='lat' dir='ltr'><strong>tibi</strong></span> <span class='ocrx_word' id='word_1_563' title='bbox 1668 484 1780 518; x_wconf 85' lang='lat' dir='ltr'><strong>imperat</strong></span> 
     </span>
    </p>
   </div>
   <div class='ocr_carea' id='block_1_69' title="bbox 991 517 1779 559">
    <p class='ocr_par' dir='ltr' id='par_1_69' title="bbox 991 517 1779 559">
     <span class='ocr_line' id='line_1_69' title="bbox 991 517 1779 559; baseline 0.019 -17"><span class='ocrx_word' id='word_1_564' title='bbox 991 517 1118 550; x_wconf 81' lang='lat' dir='ltr'><strong>sapientia</strong></span> <span class='ocrx_word' id='word_1_565' title='bbox 1128 540 1135 550; x_wconf 87' lang='lat'><strong>,</strong></span> <span class='ocrx_word' id='word_1_566' title='bbox 1151 521 1219 554; x_wconf 93' lang='lat' dir='ltr'><strong>quod</strong></span> <span class='ocrx_word' id='word_1_567' title='bbox 1235 528 1286 548; x_wconf 91' lang='lat' dir='ltr'><strong>non</strong></span> <span class='ocrx_word' id='word_1_568' title='bbox 1302 529 1391 556; x_wconf 63' lang='lat' dir='ltr'><strong>posset</strong></span> <span class='ocrx_word' id='word_1_569' title='bbox 1408 524 1537 559; x_wconf 84' lang='lat' dir='ltr'><strong>imperare</strong></span> <span class='ocrx_word' id='word_1_570' title='bbox 1549 528 1678 555; x_wconf 82' lang='lat' dir='ltr'><strong>avaritia?</strong></span> <span class='ocrx_word' id='word_1_571' title='bbox 1690 517 1724 556; x_wconf 74' lang='lat' dir='ltr'><strong>Et</strong></span> <span class='ocrx_word' id='word_1_572' title='bbox 1738 535 1779 556; x_wconf 84' lang='lat' dir='ltr'><strong>ta-</strong></span> 
     </span>
    </p>
   </div>
   <div class='ocr_carea' id='block_1_70' title="bbox 991 565 1778 610">
    <p class='ocr_par' dir='ltr' id='par_1_70' title="bbox 991 565 1778 610">
     <span class='ocr_line' id='line_1_70' title="bbox 991 565 1778 610; baseline 0.019 -22"><span class='ocrx_word' id='word_1_573' title='bbox 991 568 1051 610; x_wconf 81' lang='lat' dir='ltr'><strong>men</strong></span> <span class='ocrx_word' id='word_1_574' title='bbox 1067 570 1126 590; x_wconf 88' lang='lat' dir='ltr'><strong>cum</strong></span> <span class='ocrx_word' id='word_1_575' title='bbox 1139 565 1251 601; x_wconf 86' lang='lat' dir='ltr'><strong>imperat</strong></span> <span class='ocrx_word' id='word_1_576' title='bbox 1264 569 1382 600; x_wconf 85' lang='lat' dir='ltr'><strong>avaritia.</strong></span> <span class='ocrx_word' id='word_1_577' title='bbox 1395 569 1467 597; x_wconf 79' lang='lat' dir='ltr'><strong>facis.</strong></span> <span class='ocrx_word' id='word_1_578' title='bbox 1483 571 1513 598; x_wconf 89' lang='lat' dir='ltr'><strong>Et</strong></span> <span class='ocrx_word' id='word_1_579' title='bbox 1529 580 1588 599; x_wconf 91' lang='lat' dir='ltr'><strong>cum</strong></span> <span class='ocrx_word' id='word_1_580' title='bbox 1601 573 1696 601; x_wconf 74' lang='lat' dir='ltr'><strong>feceris</strong></span> <span class='ocrx_word' id='word_1_581' title='bbox 1709 576 1778 610; x_wconf 85' lang='lat' dir='ltr'><strong>quod</strong></span> 
     </span>
    </p>
   </div>
   <div class='ocr_carea' id='block_1_71' title="bbox 991 608 1779 650">
    <p class='ocr_par' dir='ltr' id='par_1_71' title="bbox 991 608 1779 650">
     <span class='ocr_line' id='line_1_71' title="bbox 991 608 1779 650; baseline 0.016 -15"><span class='ocrx_word' id='word_1_582' title='bbox 991 608 1104 643; x_wconf 84' lang='lat' dir='ltr'><strong>imperat</strong></span> <span class='ocrx_word' id='word_1_583' title='bbox 1115 612 1238 646; x_wconf 85' lang='lat' dir='ltr'><strong>avaritia,</strong></span> <span class='ocrx_word' id='word_1_584' title='bbox 1252 614 1314 650; x_wconf 92' lang='lat' dir='ltr'><strong>quid</strong></span> <span class='ocrx_word' id='word_1_585' title='bbox 1334 615 1455 644; x_wconf 83' lang='lat' dir='ltr'><strong>habebis?</strong></span> <span class='ocrx_word' id='word_1_586' title='bbox 1467 617 1575 645; x_wconf 86' lang='lat' dir='ltr'><strong>Plenam</strong></span> <span class='ocrx_word' id='word_1_587' title='bbox 1591 619 1699 647; x_wconf 88' lang='lat' dir='ltr'><strong>domum</strong></span> <span class='ocrx_word' id='word_1_588' title='bbox 1713 608 1779 648; x_wconf 76' lang='lat' dir='ltr'><strong>auro</strong></span> 
     </span>
    </p>
   </div>
   <div class='ocr_carea' id='block_1_72' title="bbox 989 657 1779 700">
    <p class='ocr_par' dir='ltr' id='par_1_72' title="bbox 989 657 1779 700">
     <span class='ocr_line' id='line_1_72' title="bbox 989 657 1779 700; baseline 0.018 -20"><span class='ocrx_word' id='word_1_589' title='bbox 989 659 1017 700; x_wconf 81' lang='lat' dir='ltr'><strong>et</strong></span> <span class='ocrx_word' id='word_1_590' title='bbox 1030 661 1150 689; x_wconf 77' lang='lat' dir='ltr'><strong>argento.</strong></span> <span class='ocrx_word' id='word_1_591' title='bbox 1164 657 1221 685; x_wconf 85' lang='lat' dir='ltr'><strong>Non</strong></span> <span class='ocrx_word' id='word_1_592' title='bbox 1236 660 1338 694; x_wconf 80' lang='lat' dir='ltr'><strong>legisti,</strong></span> <span class='ocrx_word' id='word_1_593' title='bbox 1355 662 1504 698; x_wconf 82' lang='lat' dir='ltr'><strong>Quanquam</strong></span> <span class='ocrx_word' id='word_1_594' title='bbox 1515 664 1540 691; x_wconf 90' lang='lat' dir='ltr'><strong>in</strong></span> <span class='ocrx_word' id='word_1_595' title='bbox 1549 665 1656 700; x_wconf 77' lang='lat' dir='ltr'><strong>imgine</strong></span> <span class='ocrx_word' id='word_1_596' title='bbox 1665 667 1676 682; x_wconf 81' lang='grc'>⁵</span> <span class='ocrx_word' id='word_1_597' title='bbox 1690 668 1779 694; x_wconf 79' lang='lat' dir='ltr'><strong>ambu-</strong></span> 
     </span>
    </p>
   </div>
   <div class='ocr_carea' id='block_1_73' title="bbox 990 699 1778 744">
    <p class='ocr_par' dir='ltr' id='par_1_73' title="bbox 990 699 1778 744">
     <span class='ocr_line' id='line_1_73' title="bbox 990 699 1778 744; baseline 0.019 -19"><span class='ocrx_word' id='word_1_598' title='bbox 990 699 1025 725; x_wconf 88' lang='lat' dir='ltr'><strong>lat</strong></span> <span class='ocrx_word' id='word_1_599' title='bbox 1044 700 1129 734; x_wconf 87' lang='lat' dir='ltr'><strong>homo,</strong></span> <span class='ocrx_word' id='word_1_600' title='bbox 1149 706 1231 730; x_wconf 83' lang='lat' dir='ltr'><strong>tamen</strong></span> <span class='ocrx_word' id='word_1_601' title='bbox 1244 712 1306 732; x_wconf 86' lang='lat' dir='ltr'><strong>vane</strong></span> <span class='ocrx_word' id='word_1_602' title='bbox 1318 707 1479 734; x_wconf 83' lang='lat' dir='ltr'><strong>conturbatur</strong></span> <span class='ocrx_word' id='word_1_603' title='bbox 1490 717 1499 740; x_wconf 87' lang='lat'><strong>,&#39;</strong></span> <span class='ocrx_word' id='word_1_604' title='bbox 1512 699 1663 738; x_wconf 66' lang='lat' dir='ltr'><strong>(Ianuarth</strong></span> <span class='ocrx_word' id='word_1_605' title='bbox 1674 732 1681 744; x_wconf 91' lang='lat'><strong>,</strong></span> <span class='ocrx_word' id='word_1_606' title='bbox 1695 717 1719 739; x_wconf 88' lang='lat' dir='ltr'><strong>et</strong></span> <span class='ocrx_word' id='word_1_607' title='bbox 1734 721 1778 739; x_wconf 79' lang='lat' dir='ltr'><strong>ne-</strong></span> 
     </span>
    </p>
   </div>
   <div class='ocr_carea' id='block_1_74' title="bbox 988 745 1777 788">
    <p class='ocr_par' dir='ltr' id='par_1_74' title="bbox 988 745 1777 788">
     <span class='ocr_line' id='line_1_74' title="bbox 988 745 1777 788; baseline 0.02 -19"><span class='ocrx_word' id='word_1_608' title='bbox 988 745 1035 770; x_wconf 82' lang='lat' dir='ltr'><strong>scit</strong></span> <span class='ocrx_word' id='word_1_609' title='bbox 1055 747 1096 772; x_wconf 85' lang='lat' dir='ltr'><strong>cui</strong></span> <span class='ocrx_word' id='word_1_610' title='bbox 1117 755 1146 773; x_wconf 87' lang='lat' dir='ltr'><strong>ea</strong></span> <span class='ocrx_word' id='word_1_611' title='bbox 1168 748 1292 784; x_wconf 85' lang='lat' dir='ltr'><strong>colligat?</strong></span> <span class='ocrx_word' id='word_1_612' title='bbox 1310 751 1397 784; x_wconf 87' lang='lat' dir='ltr'><strong>Quare</strong></span> <span class='ocrx_word' id='word_1_613' title='bbox 1419 761 1483 788; x_wconf 89' lang='lat' dir='ltr'><strong>ergo</strong></span> <span class='ocrx_word' id='word_1_614' title='bbox 1504 756 1615 783; x_wconf 83' lang='lat' dir='ltr'><strong>cantasti</strong></span> <span class='ocrx_word' id='word_1_615' title='bbox 1638 761 1665 783; x_wconf 80' lang='lat' dir='ltr'><strong>et</strong></span> <span class='ocrx_word' id='word_1_616' title='bbox 1686 757 1777 785; x_wconf 88' lang='lat' dir='ltr'><strong>dixisti</strong></span> 
     </span>
    </p>
   </div>
   <div class='ocr_carea' id='block_1_75' title="bbox 988 788 1776 835">
    <p class='ocr_par' dir='ltr' id='par_1_75' title="bbox 988 788 1776 835">
     <span class='ocr_line' id='line_1_75' title="bbox 988 788 1776 835; baseline 0.02 -21"><span class='ocrx_word' id='word_1_617' title='bbox 988 788 1045 816; x_wconf 73' lang='lat' dir='ltr'><strong>Deo</strong></span> <span class='ocrx_word' id='word_1_618' title='bbox 1060 789 1080 821; x_wconf 84' lang='grc'><strong>³,</strong></span> <span class='ocrx_word' id='word_1_619' title='bbox 1093 791 1200 819; x_wconf 83' lang='lat' dir='ltr'><strong>Auribus</strong></span> <span class='ocrx_word' id='word_1_620' title='bbox 1211 795 1309 828; x_wconf 81' lang='lat' dir='ltr'><strong>percipe</strong></span> <span class='ocrx_word' id='word_1_621' title='bbox 1321 795 1446 831; x_wconf 71' lang='lat' dir='ltr'><strong>lucrymat</strong></span> <span class='ocrx_word' id='word_1_622' title='bbox 1460 806 1526 826; x_wconf 83' lang='lat' dir='ltr'><strong>meas</strong></span> <span class='ocrx_word' id='word_1_623' title='bbox 1539 799 1623 835; x_wconf 69' lang='lat' dir='ltr'><strong>(Paul.</strong></span> <span class='ocrx_word' id='word_1_624' title='bbox 1637 809 1717 829; x_wconf 82' lang='lat' dir='ltr'><strong>xxvnt</strong></span> <span class='ocrx_word' id='word_1_625' title='bbox 1728 822 1735 833; x_wconf 79' lang='lat'><strong>,</strong></span> <span class='ocrx_word' id='word_1_626' title='bbox 1749 803 1776 832; x_wconf 87' lang='lat'><strong>7.</strong></span> 
     </span>
    </p>
   </div>
   <div class='ocr_carea' id='block_1_76' title="bbox 991 835 1777 883">
    <p class='ocr_par' dir='ltr' id='par_1_76' title="bbox 991 835 1777 883">
     <span class='ocr_line' id='line_1_76' title="bbox 991 835 1777 883; baseline 0.02 -23"><span class='ocrx_word' id='word_1_627' title='bbox 991 835 1034 883; x_wconf 52' lang='lat' dir='ltr'><strong>lii)</strong></span> <span class='ocrx_word' id='word_1_628' title='bbox 1044 835 1056 860; x_wconf 64' lang='grc' dir='ltr'><strong>ἒ)</strong></span> <span class='ocrx_word' id='word_1_629' title='bbox 1068 836 1155 883; x_wconf 83' lang='lat' dir='ltr'><strong>Quare</strong></span> <span class='ocrx_word' id='word_1_630' title='bbox 1168 842 1194 865; x_wconf 95' lang='lat' dir='ltr'><strong>tu</strong></span> <span class='ocrx_word' id='word_1_631' title='bbox 1209 847 1261 866; x_wconf 89' lang='lat' dir='ltr'><strong>non</strong></span> <span class='ocrx_word' id='word_1_632' title='bbox 1278 842 1389 876; x_wconf 86' lang='lat' dir='ltr'><strong>percipis</strong></span> <span class='ocrx_word' id='word_1_633' title='bbox 1403 844 1510 871; x_wconf 88' lang='lat' dir='ltr'><strong>auribus</strong></span> <span class='ocrx_word' id='word_1_634' title='bbox 1520 846 1599 873; x_wconf 78' lang='lat' dir='ltr'><strong>retba</strong></span> <span class='ocrx_word' id='word_1_635' title='bbox 1612 847 1685 881; x_wconf 88' lang='lat' dir='ltr'><strong>ejus,</strong></span> <span class='ocrx_word' id='word_1_636' title='bbox 1699 856 1713 874; x_wconf 84' lang='lat' dir='ltr'><strong>a</strong></span> <span class='ocrx_word' id='word_1_637' title='bbox 1724 856 1777 883; x_wconf 87' lang='lat' dir='ltr'><strong>quo</strong></span> 
     </span>
    </p>
   </div>
   <div class='ocr_carea' id='block_1_77' title="bbox 988 880 1776 921">
    <p class='ocr_par' dir='ltr' id='par_1_77' title="bbox 988 880 1776 921">
     <span class='ocr_line' id='line_1_77' title="bbox 988 880 1776 921; baseline 0.02 -16"><span class='ocrx_word' id='word_1_638' title='bbox 988 880 1028 906; x_wconf 86' lang='lat' dir='ltr'><strong>vis</strong></span> <span class='ocrx_word' id='word_1_639' title='bbox 1051 882 1149 916; x_wconf 83' lang='lat' dir='ltr'><strong>percipi</strong></span> <span class='ocrx_word' id='word_1_640' title='bbox 1164 883 1295 919; x_wconf 81' lang='lat' dir='ltr'><strong>lacrymas</strong></span> <span class='ocrx_word' id='word_1_641' title='bbox 1314 888 1390 914; x_wconf 86' lang='lat' dir='ltr'><strong>tuas?</strong></span> <span class='ocrx_word' id='word_1_642' title='bbox 1403 888 1430 915; x_wconf 86' lang='lat' dir='ltr'><strong>Si</strong></span> <span class='ocrx_word' id='word_1_643' title='bbox 1454 880 1776 921; x_wconf 21' lang='lat' dir='ltr'><strong>accusaverisravuritiam</strong></span> 
     </span>
    </p>
   </div>
   <div class='ocr_carea' id='block_1_78' title="bbox 989 926 1776 965">
    <p class='ocr_par' dir='ltr' id='par_1_78' title="bbox 989 926 1776 965">
     <span class='ocr_line' id='line_1_78' title="bbox 989 926 1776 965; baseline 0.02 -15"><span class='ocrx_word' id='word_1_644' title='bbox 989 928 1071 957; x_wconf 86' lang='lat' dir='ltr'><strong>tuam,</strong></span> <span class='ocrx_word' id='word_1_645' title='bbox 1087 926 1208 955; x_wconf 83' lang='lat' dir='ltr'><strong>invitabit</strong></span> <span class='ocrx_word' id='word_1_646' title='bbox 1222 929 1253 955; x_wconf 84' lang='lat' dir='ltr'><strong>ad</strong></span> <span class='ocrx_word' id='word_1_647' title='bbox 1268 931 1424 965; x_wconf 86' lang='lat' dir='ltr'><strong>sapientiam</strong></span> <span class='ocrx_word' id='word_1_648' title='bbox 1436 940 1521 960; x_wconf 88' lang='lat' dir='ltr'><strong>suam.</strong></span> <span class='ocrx_word' id='word_1_649' title='bbox 1541 935 1594 963; x_wconf 91' lang='lat' dir='ltr'><strong>Sed</strong></span> <span class='ocrx_word' id='word_1_650' title='bbox 1612 943 1671 964; x_wconf 89' lang='lat' dir='ltr'><strong>cum</strong></span> <span class='ocrx_word' id='word_1_651' title='bbox 1684 945 1776 965; x_wconf 86' lang='lat' dir='ltr'><strong>susce-</strong></span> 
     </span>
    </p>
   </div>
   <div class='ocr_carea' id='block_1_79' title="bbox 990 971 1776 1011">
    <p class='ocr_par' dir='ltr' id='par_1_79' title="bbox 990 971 1776 1011">
     <span class='ocr_line' id='line_1_79' title="bbox 990 971 1776 1011; baseline 0.02 -15"><span class='ocrx_word' id='word_1_652' title='bbox 990 971 1059 1004; x_wconf 88' lang='lat' dir='ltr'><strong>peris</strong></span> <span class='ocrx_word' id='word_1_653' title='bbox 1083 972 1175 1007; x_wconf 80' lang='lat' dir='ltr'><strong>jugum</strong></span> <span class='ocrx_word' id='word_1_654' title='bbox 1200 975 1355 1009; x_wconf 67' lang='lat' dir='ltr'><strong>sapientiae.</strong></span> <span class='ocrx_word' id='word_1_655' title='bbox 1380 978 1511 1006; x_wconf 85' lang='lat' dir='ltr'><strong>laboriosa</strong></span> <span class='ocrx_word' id='word_1_656' title='bbox 1536 981 1605 1008; x_wconf 83' lang='lat' dir='ltr'><strong>erit?</strong></span> <span class='ocrx_word' id='word_1_657' title='bbox 1633 981 1776 1011; x_wconf 82' lang='lat' dir='ltr'><strong>Laborinsa</strong></span> 
     </span>
    </p>
   </div>
   <div class='ocr_carea' id='block_1_80' title="bbox 989 1015 1776 1063">
    <p class='ocr_par' dir='ltr' id='par_1_80' title="bbox 989 1015 1776 1063">
     <span class='ocr_line' id='line_1_80' title="bbox 989 1015 1776 1063; baseline 0.019 -22"><span class='ocrx_word' id='word_1_658' title='bbox 989 1015 1066 1050; x_wconf 86' lang='lat' dir='ltr'><strong>plane</strong></span> <span class='ocrx_word' id='word_1_659' title='bbox 1078 1025 1084 1042; x_wconf 95' lang='lat'>:</span> <span class='ocrx_word' id='word_1_660' title='bbox 1096 1017 1143 1063; x_wconf 83' lang='lat' dir='ltr'><strong>sed</strong></span> <span class='ocrx_word' id='word_1_661' title='bbox 1157 1018 1217 1046; x_wconf 84' lang='lat' dir='ltr'><strong>vide</strong></span> <span class='ocrx_word' id='word_1_662' title='bbox 1226 1027 1278 1055; x_wconf 89' lang='lat' dir='ltr'><strong>quo</strong></span> <span class='ocrx_word' id='word_1_663' title='bbox 1293 1021 1354 1054; x_wconf 85' lang='lat' dir='ltr'><strong>ﬁne,</strong></span> <span class='ocrx_word' id='word_1_664' title='bbox 1368 1030 1418 1057; x_wconf 90' lang='lat' dir='ltr'><strong>qua</strong></span> <span class='ocrx_word' id='word_1_665' title='bbox 1433 1025 1565 1052; x_wconf 86' lang='lat' dir='ltr'><strong>mercede.</strong></span> <span class='ocrx_word' id='word_1_666' title='bbox 1577 1025 1706 1062; x_wconf 84' lang='lat' dir='ltr'><strong>Numquid</strong></span> <span class='ocrx_word' id='word_1_667' title='bbox 1717 1035 1776 1063; x_wconf 68' lang='lat' dir='ltr'><strong>quae</strong></span> 
     </span>
    </p>
   </div>
   <div class='ocr_carea' id='block_1_81' title="bbox 989 1062 1775 1104">
    <p class='ocr_par' dir='ltr' id='par_1_81' title="bbox 989 1062 1775 1104">
     <span class='ocr_line' id='line_1_81' title="bbox 989 1062 1775 1104; baseline 0.018 -18"><span class='ocrx_word' id='word_1_668' title='bbox 989 1068 1036 1094; x_wconf 90' lang='lat' dir='ltr'><strong>per</strong></span> <span class='ocrx_word' id='word_1_669' title='bbox 1047 1062 1203 1096; x_wconf 84' lang='lat' dir='ltr'><strong>sapientiam</strong></span> <span class='ocrx_word' id='word_1_670' title='bbox 1218 1064 1319 1100; x_wconf 77' lang='lat' dir='ltr'><strong>colligis</strong></span> <span class='ocrx_word' id='word_1_671' title='bbox 1332 1087 1339 1099; x_wconf 94' lang='lat'><strong>,</strong></span> <span class='ocrx_word' id='word_1_672' title='bbox 1354 1068 1440 1095; x_wconf 84' lang='lat' dir='ltr'><strong>nescis</strong></span> <span class='ocrx_word' id='word_1_673' title='bbox 1452 1069 1494 1095; x_wconf 89' lang='lat' dir='ltr'><strong>cui</strong></span> <span class='ocrx_word' id='word_1_674' title='bbox 1512 1069 1621 1104; x_wconf 78' lang='lat' dir='ltr'><strong>Colligas</strong></span> <span class='ocrx_word' id='word_1_675' title='bbox 1641 1072 1695 1098; x_wconf 82' lang='lat' dir='ltr'><strong>ea?</strong></span> <span class='ocrx_word' id='word_1_676' title='bbox 1717 1072 1775 1100; x_wconf 87' lang='lat' dir='ltr'><strong>Tibi</strong></span> 
     </span>
    </p>
   </div>
   <div class='ocr_carea' id='block_1_82' title="bbox 987 1106 1776 1147">
    <p class='ocr_par' dir='ltr' id='par_1_82' title="bbox 987 1106 1776 1147">
     <span class='ocr_line' id='line_1_82' title="bbox 987 1106 1776 1147; baseline 0.015 -15"><span class='ocrx_word' id='word_1_677' title='bbox 987 1106 1099 1142; x_wconf 77' lang='lat' dir='ltr'><strong>colligis.</strong></span> <span class='ocrx_word' id='word_1_678' title='bbox 1116 1108 1306 1144; x_wconf 85' lang='lat' dir='ltr'><strong>Expergisccre</strong></span> <span class='ocrx_word' id='word_1_679' title='bbox 1319 1131 1326 1142; x_wconf 93' lang='lat'><strong>,</strong></span> <span class='ocrx_word' id='word_1_680' title='bbox 1342 1111 1436 1147; x_wconf 83' lang='lat' dir='ltr'><strong>evigila</strong></span> <span class='ocrx_word' id='word_1_681' title='bbox 1448 1133 1455 1144; x_wconf 86' lang='lat'><strong>,</strong></span> <span class='ocrx_word' id='word_1_682' title='bbox 1478 1114 1574 1141; x_wconf 86' lang='lat' dir='ltr'><strong>habeto</strong></span> <span class='ocrx_word' id='word_1_683' title='bbox 1592 1122 1639 1142; x_wconf 92' lang='lat' dir='ltr'><strong>cor</strong></span> <span class='ocrx_word' id='word_1_684' title='bbox 1658 1116 1776 1144; x_wconf 76' lang='lat' dir='ltr'><strong>formicm</strong></span> 
     </span>
    </p>
   </div>
   <div class='ocr_carea' id='block_1_83' title="bbox 990 1150 1789 1195">
    <p class='ocr_par' dir='ltr' id='par_1_83' title="bbox 990 1150 1789 1195">
     <span class='ocr_line' id='line_1_83' title="bbox 990 1150 1789 1195; baseline 0.016 -18"><span class='ocrx_word' id='word_1_685' title='bbox 990 1150 1079 1185; x_wconf 78' lang='lat' dir='ltr'><strong>(Prov.</strong></span> <span class='ocrx_word' id='word_1_686' title='bbox 1095 1161 1135 1186; x_wconf 78' lang='lat' dir='ltr'><strong>vr,</strong></span> <span class='ocrx_word' id='word_1_687' title='bbox 1150 1154 1188 1188; x_wconf 86' lang='lat'><strong>6).</strong></span> <span class='ocrx_word' id='word_1_688' title='bbox 1204 1154 1315 1183; x_wconf 68' lang='lat' dir='ltr'><strong>Estatis</strong></span> <span class='ocrx_word' id='word_1_689' title='bbox 1329 1161 1432 1191; x_wconf 86' lang='lat' dir='ltr'><strong>tempus</strong></span> <span class='ocrx_word' id='word_1_690' title='bbox 1453 1163 1513 1192; x_wconf 86' lang='lat' dir='ltr'><strong>est,</strong></span> <span class='ocrx_word' id='word_1_691' title='bbox 1534 1159 1626 1195; x_wconf 77' lang='lat' dir='ltr'><strong>Collige</strong></span> <span class='ocrx_word' id='word_1_692' title='bbox 1639 1162 1708 1195; x_wconf 91' lang='lat' dir='ltr'><strong>quod</strong></span> <span class='ocrx_word' id='word_1_693' title='bbox 1730 1161 1789 1190; x_wconf 58' lang='lat' dir='ltr'><strong>tibi&#39;</strong></span> 
     </span>
    </p>
   </div>
   <div class='ocr_carea' id='block_1_84' title="bbox 988 1196 1776 1236">
    <p class='ocr_par' dir='ltr' id='par_1_84' title="bbox 988 1196 1776 1236">
     <span class='ocr_line' id='line_1_84' title="bbox 988 1196 1776 1236; baseline 0.015 -13"><span class='ocrx_word' id='word_1_694' title='bbox 988 1196 1021 1223; x_wconf 86' lang='lat' dir='ltr'><strong>ad</strong></span> <span class='ocrx_word' id='word_1_695' title='bbox 1043 1197 1156 1225; x_wconf 86' lang='lat' dir='ltr'><strong>hiemem</strong></span> <span class='ocrx_word' id='word_1_696' title='bbox 1173 1200 1264 1233; x_wconf 80' lang='lat' dir='ltr'><strong>prosit.</strong></span> <span class='ocrx_word' id='word_1_697' title='bbox 1278 1200 1389 1234; x_wconf 85' lang='lat' dir='ltr'><strong>Quando</strong></span> <span class='ocrx_word' id='word_1_698' title='bbox 1402 1203 1447 1229; x_wconf 92' lang='lat' dir='ltr'><strong>tibi</strong></span> <span class='ocrx_word' id='word_1_699' title='bbox 1468 1203 1535 1231; x_wconf 87' lang='lat' dir='ltr'><strong>bene</strong></span> <span class='ocrx_word' id='word_1_700' title='bbox 1556 1208 1611 1236; x_wconf 87' lang='lat' dir='ltr'><strong>est.</strong></span> <span class='ocrx_word' id='word_1_701' title='bbox 1627 1210 1688 1233; x_wconf 91' lang='lat' dir='ltr'><strong>tunc</strong></span> <span class='ocrx_word' id='word_1_702' title='bbox 1704 1207 1776 1235; x_wconf 87' lang='lat' dir='ltr'><strong>disce</strong></span> 
     </span>
    </p>
   </div>
   <div class='ocr_carea' id='block_1_85' title="bbox 989 1242 1776 1284">
    <p class='ocr_par' dir='ltr' id='par_1_85' title="bbox 989 1242 1776 1284">
     <span class='ocr_line' id='line_1_85' title="bbox 989 1242 1776 1284; baseline 0.014 -16"><span class='ocrx_word' id='word_1_703' title='bbox 989 1242 1058 1269; x_wconf 90' lang='lat' dir='ltr'><strong>unde</strong></span> <span class='ocrx_word' id='word_1_704' title='bbox 1072 1244 1229 1271; x_wconf 88' lang='lat' dir='ltr'><strong>sustenteris</strong></span> <span class='ocrx_word' id='word_1_705' title='bbox 1241 1245 1346 1279; x_wconf 90' lang='lat' dir='ltr'><strong>quando</strong></span> <span class='ocrx_word' id='word_1_706' title='bbox 1355 1246 1400 1274; x_wconf 89' lang='lat' dir='ltr'><strong>tibi</strong></span> <span class='ocrx_word' id='word_1_707' title='bbox 1413 1247 1479 1275; x_wconf 89' lang='lat' dir='ltr'><strong>male</strong></span> <span class='ocrx_word' id='word_1_708' title='bbox 1488 1253 1537 1275; x_wconf 88' lang='lat' dir='ltr'><strong>est.</strong></span> <span class='ocrx_word' id='word_1_709' title='bbox 1551 1249 1621 1277; x_wconf 84' lang='lat' dir='ltr'><strong>Bene</strong></span> <span class='ocrx_word' id='word_1_710' title='bbox 1629 1250 1686 1284; x_wconf 88' lang='lat' dir='ltr'><strong>tibi,</strong></span> <span class='ocrx_word' id='word_1_711' title='bbox 1698 1256 1776 1279; x_wconf 74' lang='lat' dir='ltr'><strong>restas</strong></span> 
     </span>
    </p>
   </div>
   <div class='ocr_carea' id='block_1_86' title="bbox 989 1289 1802 1331">
    <p class='ocr_par' dir='ltr' id='par_1_86' title="bbox 989 1289 1802 1331">
     <span class='ocr_line' id='line_1_86' title="bbox 989 1289 1802 1331; baseline 0.015 -17"><span class='ocrx_word' id='word_1_712' title='bbox 989 1292 1031 1314; x_wconf 87' lang='lat' dir='ltr'><strong>cst</strong></span> <span class='ocrx_word' id='word_1_713' title='bbox 1045 1297 1051 1314; x_wconf 91' lang='lat'><strong>:</strong></span> <span class='ocrx_word' id='word_1_714' title='bbox 1068 1289 1120 1316; x_wconf 89' lang='lat' dir='ltr'><strong>noli</strong></span> <span class='ocrx_word' id='word_1_715' title='bbox 1135 1296 1193 1317; x_wconf 81' lang='lat' dir='ltr'><strong>esse</strong></span> <span class='ocrx_word' id='word_1_716' title='bbox 1207 1290 1291 1325; x_wconf 85' lang='lat' dir='ltr'><strong>piger,</strong></span> <span class='ocrx_word' id='word_1_717' title='bbox 1308 1292 1400 1327; x_wconf 80' lang='lat' dir='ltr'><strong>collige</strong></span> <span class='ocrx_word' id='word_1_718' title='bbox 1412 1300 1493 1328; x_wconf 86' lang='lat' dir='ltr'><strong>grana</strong></span> <span class='ocrx_word' id='word_1_719' title='bbox 1507 1294 1540 1322; x_wconf 91' lang='lat' dir='ltr'><strong>de</strong></span> <span class='ocrx_word' id='word_1_720' title='bbox 1551 1302 1612 1323; x_wconf 82' lang='lat' dir='ltr'><strong>arca</strong></span> <span class='ocrx_word' id='word_1_721' title='bbox 1626 1296 1757 1325; x_wconf 89' lang='lat' dir='ltr'><strong>dominica</strong></span> <span class='ocrx_word' id='word_1_722' title='bbox 1767 1319 1775 1331; x_wconf 85' lang='lat'><strong>.</strong></span> <span class='ocrx_word' id='word_1_723' title='bbox 1796 1289 1802 1292; x_wconf 50' lang='grc'><em>’</em></span> 
     </span>
    </p>
   </div>
   <div class='ocr_carea' id='block_1_87' title="bbox 987 1334 1774 1372">
    <p class='ocr_par' dir='ltr' id='par_1_87' title="bbox 987 1334 1774 1372">
     <span class='ocr_line' id='line_1_87' title="bbox 987 1334 1774 1372; baseline 0.014 -12"><span class='ocrx_word' id='word_1_724' title='bbox 987 1334 1065 1361; x_wconf 84' lang='lat' dir='ltr'><strong>verba</strong></span> <span class='ocrx_word' id='word_1_725' title='bbox 1083 1335 1127 1362; x_wconf 85' lang='lat' dir='ltr'><strong>Dei</strong></span> <span class='ocrx_word' id='word_1_726' title='bbox 1141 1335 1173 1363; x_wconf 89' lang='lat' dir='ltr'><strong>de</strong></span> <span class='ocrx_word' id='word_1_727' title='bbox 1189 1336 1307 1364; x_wconf 83' lang='lat' dir='ltr'><strong>Ecclesia</strong></span> <span class='ocrx_word' id='word_1_728' title='bbox 1322 1338 1380 1371; x_wconf 86' lang='lat' dir='ltr'><strong>Dei,</strong></span> <span class='ocrx_word' id='word_1_729' title='bbox 1395 1343 1422 1366; x_wconf 91' lang='lat' dir='ltr'><strong>et</strong></span> <span class='ocrx_word' id='word_1_730' title='bbox 1435 1340 1548 1368; x_wconf 89' lang='lat' dir='ltr'><strong>reconde</strong></span> <span class='ocrx_word' id='word_1_731' title='bbox 1561 1341 1630 1369; x_wconf 91' lang='lat' dir='ltr'><strong>intus</strong></span> <span class='ocrx_word' id='word_1_732' title='bbox 1644 1342 1669 1369; x_wconf 93' lang='lat' dir='ltr'><strong>in</strong></span> <span class='ocrx_word' id='word_1_733' title='bbox 1683 1343 1774 1372; x_wconf 87' lang='lat' dir='ltr'><strong>corde.</strong></span> 
     </span>
    </p>
   </div>
   <div class='ocr_carea' id='block_1_88' title="bbox 986 1379 1774 1421">
    <p class='ocr_par' dir='ltr' id='par_1_88' title="bbox 986 1379 1774 1421">
     <span class='ocr_line' id='line_1_88' title="bbox 986 1379 1774 1421; baseline 0.013 -15"><span class='ocrx_word' id='word_1_734' title='bbox 986 1379 1061 1408; x_wconf 78' lang='lat' dir='ltr'><strong>Nune</strong></span> <span class='ocrx_word' id='word_1_735' title='bbox 1072 1381 1117 1408; x_wconf 91' lang='lat' dir='ltr'><strong>tibi</strong></span> <span class='ocrx_word' id='word_1_736' title='bbox 1131 1382 1235 1416; x_wconf 79' lang='lat' dir='ltr'><strong>quidem</strong></span> <span class='ocrx_word' id='word_1_737' title='bbox 1251 1383 1318 1411; x_wconf 88' lang='lat' dir='ltr'><strong>bene</strong></span> <span class='ocrx_word' id='word_1_738' title='bbox 1328 1388 1370 1411; x_wconf 87' lang='lat' dir='ltr'><strong>cst</strong></span> <span class='ocrx_word' id='word_1_739' title='bbox 1382 1394 1388 1411; x_wconf 90' lang='lat'><strong>:</strong></span> <span class='ocrx_word' id='word_1_740' title='bbox 1399 1385 1487 1413; x_wconf 77' lang='lat' dir='ltr'><strong>veniet</strong></span> <span class='ocrx_word' id='word_1_741' title='bbox 1500 1391 1526 1413; x_wconf 89' lang='lat' dir='ltr'><strong>et</strong></span> <span class='ocrx_word' id='word_1_742' title='bbox 1536 1387 1640 1421; x_wconf 89' lang='lat' dir='ltr'><strong>quando</strong></span> <span class='ocrx_word' id='word_1_743' title='bbox 1649 1388 1683 1415; x_wconf 92' lang='lat' dir='ltr'><strong>sit</strong></span> <span class='ocrx_word' id='word_1_744' title='bbox 1696 1389 1774 1417; x_wconf 88' lang='lat' dir='ltr'><strong>male.</strong></span> 
     </span>
    </p>
   </div>
   <div class='ocr_carea' id='block_1_89' title="bbox 986 1425 1775 1461">
    <p class='ocr_par' dir='ltr' id='par_1_89' title="bbox 986 1425 1775 1461">
     <span class='ocr_line' id='line_1_89' title="bbox 986 1425 1775 1461; baseline 0.011 -9"><span class='ocrx_word' id='word_1_745' title='bbox 986 1425 1062 1453; x_wconf 92' lang='lat' dir='ltr'><strong>Omni</strong></span> <span class='ocrx_word' id='word_1_746' title='bbox 1079 1426 1178 1455; x_wconf 91' lang='lat' dir='ltr'><strong>homini</strong></span> <span class='ocrx_word' id='word_1_747' title='bbox 1203 1428 1291 1456; x_wconf 86' lang='lat' dir='ltr'><strong>veniet</strong></span> <span class='ocrx_word' id='word_1_748' title='bbox 1315 1430 1470 1458; x_wconf 87' lang='lat' dir='ltr'><strong>tribulatio:</strong></span> <span class='ocrx_word' id='word_1_749' title='bbox 1489 1432 1538 1459; x_wconf 87' lang='lat' dir='ltr'><strong>etsi</strong></span> <span class='ocrx_word' id='word_1_750' title='bbox 1562 1433 1649 1460; x_wconf 89' lang='lat' dir='ltr'><strong>omnia</strong></span> <span class='ocrx_word' id='word_1_751' title='bbox 1672 1438 1775 1461; x_wconf 88' lang='lat' dir='ltr'><strong>terrena</strong></span> 
     </span>
    </p>
   </div>
   <div class='ocr_carea' id='block_1_90' title="bbox 986 1474 1775 1512">
    <p class='ocr_par' dir='ltr' id='par_1_90' title="bbox 986 1474 1775 1512">
     <span class='ocr_line' id='line_1_90' title="bbox 986 1474 1775 1512; baseline 0.01 -12"><span class='ocrx_word' id='word_1_752' title='bbox 986 1478 1048 1500; x_wconf 88' lang='lat' dir='ltr'><strong>sunt</strong></span> <span class='ocrx_word' id='word_1_753' title='bbox 1059 1474 1082 1501; x_wconf 94' lang='lat' dir='ltr'><strong>ci</strong></span> <span class='ocrx_word' id='word_1_754' title='bbox 1095 1495 1103 1507; x_wconf 87' lang='lat'><strong>,</strong></span> <span class='ocrx_word' id='word_1_755' title='bbox 1119 1479 1191 1502; x_wconf 89' lang='lat' dir='ltr'><strong>certe</strong></span> <span class='ocrx_word' id='word_1_756' title='bbox 1211 1483 1271 1502; x_wconf 91' lang='lat' dir='ltr'><strong>cum</strong></span> <span class='ocrx_word' id='word_1_757' title='bbox 1285 1476 1395 1512; x_wconf 61' lang='lat' dir='ltr'><strong>cmperit</strong></span> <span class='ocrx_word' id='word_1_758' title='bbox 1414 1477 1481 1504; x_wconf 90' lang='lat' dir='ltr'><strong>mori</strong></span> <span class='ocrx_word' id='word_1_759' title='bbox 1494 1498 1501 1510; x_wconf 92' lang='lat'><strong>,</strong></span> <span class='ocrx_word' id='word_1_760' title='bbox 1518 1486 1565 1512; x_wconf 89' lang='lat' dir='ltr'><strong>per</strong></span> <span class='ocrx_word' id='word_1_761' title='bbox 1580 1479 1775 1509; x_wconf 86' lang='lat' dir='ltr'><strong>tribulationem</strong></span> 
     </span>
    </p>
   </div>
   <div class='ocr_carea' id='block_1_91' title="bbox 987 1519 1776 1559">
    <p class='ocr_par' dir='ltr' id='par_1_91' title="bbox 987 1519 1776 1559">
     <span class='ocr_line' id='line_1_91' title="bbox 987 1519 1776 1559; baseline 0.011 -14"><span class='ocrx_word' id='word_1_762' title='bbox 987 1519 1079 1546; x_wconf 82' lang='lat' dir='ltr'><strong>transit</strong></span> <span class='ocrx_word' id='word_1_763' title='bbox 1092 1519 1125 1547; x_wconf 90' lang='lat' dir='ltr'><strong>ad</strong></span> <span class='ocrx_word' id='word_1_764' title='bbox 1135 1520 1212 1547; x_wconf 83' lang='lat' dir='ltr'><strong>aliam</strong></span> <span class='ocrx_word' id='word_1_765' title='bbox 1228 1520 1318 1548; x_wconf 86' lang='lat' dir='ltr'><strong>vitam.</strong></span> <span class='ocrx_word' id='word_1_766' title='bbox 1332 1522 1397 1555; x_wconf 88' lang='lat' dir='ltr'><strong>Quis</strong></span> <span class='ocrx_word' id='word_1_767' title='bbox 1410 1522 1480 1550; x_wconf 86' lang='lat' dir='ltr'><strong>enim</strong></span> <span class='ocrx_word' id='word_1_768' title='bbox 1496 1528 1535 1550; x_wconf 89' lang='lat' dir='ltr'><strong>est</strong></span> <span class='ocrx_word' id='word_1_769' title='bbox 1550 1523 1594 1559; x_wconf 88' lang='lat' dir='ltr'><strong>qui</strong></span> <span class='ocrx_word' id='word_1_770' title='bbox 1609 1524 1688 1558; x_wconf 83' lang='lat' dir='ltr'><strong>dicat,</strong></span> <span class='ocrx_word' id='word_1_771' title='bbox 1706 1526 1776 1554; x_wconf 80' lang='lat' dir='ltr'><strong>Bene</strong></span> 
     </span>
    </p>
   </div>
   <div class='ocr_carea' id='block_1_92' title="bbox 986 1565 1370 1598">
    <p class='ocr_par' dir='ltr' id='par_1_92' title="bbox 986 1565 1370 1598">
     <span class='ocr_line' id='line_1_92' title="bbox 986 1565 1370 1598; baseline 0.008 -7"><span class='ocrx_word' id='word_1_772' title='bbox 986 1565 1049 1591; x_wconf 91' lang='lat' dir='ltr'><strong>mihi</strong></span> <span class='ocrx_word' id='word_1_773' title='bbox 1063 1565 1128 1598; x_wconf 84' lang='lat' dir='ltr'><strong>erit,</strong></span> <span class='ocrx_word' id='word_1_774' title='bbox 1144 1570 1171 1593; x_wconf 88' lang='lat' dir='ltr'><strong>et</strong></span> <span class='ocrx_word' id='word_1_775' title='bbox 1186 1573 1238 1593; x_wconf 92' lang='lat' dir='ltr'><strong>non</strong></span> <span class='ocrx_word' id='word_1_776' title='bbox 1254 1567 1370 1594; x_wconf 84' lang='lat' dir='ltr'><strong>moriar?</strong></span> 
     </span>
    </p>
   </div>
   <div class='ocr_carea' id='block_1_93' title="bbox 1020 1610 1774 1644">
    <p class='ocr_par' dir='ltr' id='par_1_93' title="bbox 1020 1610 1774 1644">
     <span class='ocr_line' id='line_1_93' title="bbox 1020 1610 1774 1644; baseline 0.009 -6"><span class='ocrx_word' id='word_1_777' title='bbox 1020 1610 1133 1639; x_wconf 72' lang='lat' dir='ltr'><strong>CAPUT</strong></span> <span class='ocrx_word' id='word_1_778' title='bbox 1149 1611 1179 1638; x_wconf 79' lang='grc' dir='ltr'><strong>ν.</strong></span> <span class='ocrx_word' id='word_1_779' title='bbox 1193 1627 1229 1631; x_wconf 91' lang='grc'><strong>-</strong></span> <span class='ocrx_word' id='word_1_780' title='bbox 1243 1611 1268 1638; x_wconf 93' lang='grc'><strong>7.</strong></span> <span class='ocrx_word' id='word_1_781' title='bbox 1279 1611 1364 1640; x_wconf 88' lang='lat' dir='ltr'><strong>Timor</strong></span> <span class='ocrx_word' id='word_1_782' title='bbox 1375 1614 1461 1640; x_wconf 82' lang='lat' dir='ltr'><strong>mortis</strong></span> <span class='ocrx_word' id='word_1_783' title='bbox 1473 1614 1544 1641; x_wconf 83' lang='lat' dir='ltr'><strong>diriti</strong></span> <span class='ocrx_word' id='word_1_784' title='bbox 1558 1615 1653 1643; x_wconf 85' lang='lat' dir='ltr'><strong>Iwntim&#39;</strong></span> <span class='ocrx_word' id='word_1_785' title='bbox 1665 1622 1700 1644; x_wconf 86' lang='lat' dir='ltr'><strong>est</strong></span> <span class='ocrx_word' id='word_1_786' title='bbox 1713 1625 1774 1644; x_wconf 89' lang='lat' dir='ltr'><strong>con-</strong></span> 
     </span>
    </p>
   </div>
   <div class='ocr_carea' id='block_1_94' title="bbox 986 1656 1773 1694">
    <p class='ocr_par' dir='ltr' id='par_1_94' title="bbox 986 1656 1773 1694">
     <span class='ocr_line' id='line_1_94' title="bbox 986 1656 1773 1694; baseline 0.013 -13"><span class='ocrx_word' id='word_1_787' title='bbox 986 1656 1056 1682; x_wconf 86' lang='lat' dir='ltr'><strong>tinua</strong></span> <span class='ocrx_word' id='word_1_788' title='bbox 1070 1656 1204 1683; x_wconf 80' lang='lat' dir='ltr'><strong>tribulatio.</strong></span> <span class='ocrx_word' id='word_1_789' title='bbox 1221 1657 1345 1691; x_wconf 76' lang='lat' dir='ltr'><strong>Quamvis</strong></span> <span class='ocrx_word' id='word_1_790' title='bbox 1356 1680 1363 1690; x_wconf 95' lang='lat'><strong>,</strong></span> <span class='ocrx_word' id='word_1_791' title='bbox 1379 1660 1400 1686; x_wconf 93' lang='lat' dir='ltr'><strong>si</strong></span> <span class='ocrx_word' id='word_1_792' title='bbox 1414 1668 1487 1687; x_wconf 86' lang='lat' dir='ltr'><strong>amas</strong></span> <span class='ocrx_word' id='word_1_793' title='bbox 1501 1661 1595 1694; x_wconf 82' lang='lat' dir='ltr'><strong>vitam,</strong></span> <span class='ocrx_word' id='word_1_794' title='bbox 1616 1668 1643 1689; x_wconf 91' lang='lat' dir='ltr'><strong>ct</strong></span> <span class='ocrx_word' id='word_1_795' title='bbox 1663 1669 1773 1691; x_wconf 73' lang='lat' dir='ltr'><strong>mortem</strong></span> 
     </span>
    </p>
   </div>
   <div class='ocr_carea' id='block_1_95' title="bbox 986 1701 1773 1742">
    <p class='ocr_par' dir='ltr' id='par_1_95' title="bbox 986 1701 1773 1742">
     <span class='ocr_line' id='line_1_95' title="bbox 986 1701 1773 1742; baseline 0.013 -15"><span class='ocrx_word' id='word_1_796' title='bbox 986 1701 1063 1728; x_wconf 82' lang='lat' dir='ltr'><strong>times</strong></span> <span class='ocrx_word' id='word_1_797' title='bbox 1078 1701 1098 1734; x_wconf 68' lang='grc'><strong>³,</strong></span> <span class='ocrx_word' id='word_1_798' title='bbox 1117 1702 1172 1737; x_wconf 84' lang='lat' dir='ltr'><strong>ipse</strong></span> <span class='ocrx_word' id='word_1_799' title='bbox 1187 1703 1265 1730; x_wconf 89' lang='lat' dir='ltr'><strong>timor</strong></span> <span class='ocrx_word' id='word_1_800' title='bbox 1279 1705 1371 1731; x_wconf 88' lang='lat' dir='ltr'><strong>mortis</strong></span> <span class='ocrx_word' id='word_1_801' title='bbox 1383 1726 1390 1736; x_wconf 84' lang='lat'><strong>,</strong></span> <span class='ocrx_word' id='word_1_802' title='bbox 1413 1705 1497 1733; x_wconf 81' lang='lat' dir='ltr'><strong>hiems</strong></span> <span class='ocrx_word' id='word_1_803' title='bbox 1511 1708 1661 1742; x_wconf 80' lang='lat' dir='ltr'><strong>quotidiana</strong></span> <span class='ocrx_word' id='word_1_804' title='bbox 1676 1714 1725 1736; x_wconf 83' lang='lat' dir='ltr'><strong>est.</strong></span> <span class='ocrx_word' id='word_1_805' title='bbox 1741 1710 1773 1738; x_wconf 81' lang='lat' dir='ltr'><strong>Et</strong></span> 
     </span>
    </p>
   </div>
   <div class='ocr_carea' id='block_1_96' title="bbox 985 1747 1775 1786">
    <p class='ocr_par' dir='ltr' id='par_1_96' title="bbox 985 1747 1775 1786">
     <span class='ocr_line' id='line_1_96' title="bbox 985 1747 1775 1786; baseline 0.014 -14"><span class='ocrx_word' id='word_1_806' title='bbox 985 1749 1048 1773; x_wconf 88' lang='lat' dir='ltr'><strong>tunc</strong></span> <span class='ocrx_word' id='word_1_807' title='bbox 1062 1747 1175 1774; x_wconf 76' lang='lat' dir='ltr'><strong>maxime</strong></span> <span class='ocrx_word' id='word_1_808' title='bbox 1187 1748 1278 1783; x_wconf 82' lang='lat' dir='ltr'><strong>pungit</strong></span> <span class='ocrx_word' id='word_1_809' title='bbox 1293 1749 1338 1776; x_wconf 89' lang='lat' dir='ltr'><strong>tim</strong></span> <span class='ocrx_word' id='word_1_810' title='bbox 1351 1758 1371 1776; x_wconf 76' lang='lat' dir='ltr'><strong>-r</strong></span> <span class='ocrx_word' id='word_1_811' title='bbox 1381 1751 1485 1784; x_wconf 89' lang='lat' dir='ltr'><strong>mortis,</strong></span> <span class='ocrx_word' id='word_1_812' title='bbox 1501 1752 1606 1786; x_wconf 88' lang='lat' dir='ltr'><strong>quando</strong></span> <span class='ocrx_word' id='word_1_813' title='bbox 1620 1753 1695 1781; x_wconf 88' lang='lat' dir='ltr'><strong>nobis</strong></span> <span class='ocrx_word' id='word_1_814' title='bbox 1706 1754 1775 1783; x_wconf 87' lang='lat' dir='ltr'><strong>bene</strong></span> 
     </span>
    </p>
   </div>
   <div class='ocr_carea' id='block_1_97' title="bbox 984 1790 1769 1827">
    <p class='ocr_par' dir='ltr' id='par_1_97' title="bbox 984 1790 1769 1827">
     <span class='ocr_line' id='line_1_97' title="bbox 984 1790 1769 1827; baseline 0.011 -9"><span class='ocrx_word' id='word_1_815' title='bbox 984 1795 1034 1818; x_wconf 87' lang='lat' dir='ltr'><strong>est.</strong></span> <span class='ocrx_word' id='word_1_816' title='bbox 1045 1790 1111 1818; x_wconf 83' lang='lat' dir='ltr'><strong>Nam</strong></span> <span class='ocrx_word' id='word_1_817' title='bbox 1129 1792 1234 1826; x_wconf 90' lang='lat' dir='ltr'><strong>quando</strong></span> <span class='ocrx_word' id='word_1_818' title='bbox 1247 1794 1315 1821; x_wconf 89' lang='lat' dir='ltr'><strong>male</strong></span> <span class='ocrx_word' id='word_1_819' title='bbox 1330 1799 1371 1821; x_wconf 86' lang='lat' dir='ltr'><strong>est</strong></span> <span class='ocrx_word' id='word_1_820' title='bbox 1389 1795 1464 1822; x_wconf 88' lang='lat' dir='ltr'><strong>nobis</strong></span> <span class='ocrx_word' id='word_1_821' title='bbox 1476 1816 1483 1827; x_wconf 88' lang='lat'><strong>,</strong></span> <span class='ocrx_word' id='word_1_822' title='bbox 1499 1803 1551 1823; x_wconf 90' lang='lat' dir='ltr'><strong>non</strong></span> <span class='ocrx_word' id='word_1_823' title='bbox 1568 1797 1689 1825; x_wconf 90' lang='lat' dir='ltr'><strong>timemus</strong></span> <span class='ocrx_word' id='word_1_824' title='bbox 1700 1807 1769 1827; x_wconf 87' lang='lat' dir='ltr'><strong>mor-</strong></span> 
     </span>
    </p>
   </div>
   <div class='ocr_carea' id='block_1_98' title="bbox 984 1837 1774 1878">
    <p class='ocr_par' dir='ltr' id='par_1_98' title="bbox 984 1837 1774 1878">
     <span class='ocr_line' id='line_1_98' title="bbox 984 1837 1774 1878; baseline 0.013 -15"><span class='ocrx_word' id='word_1_825' title='bbox 984 1841 1048 1864; x_wconf 89' lang='lat' dir='ltr'><strong>tem.</strong></span> <span class='ocrx_word' id='word_1_826' title='bbox 1071 1837 1182 1870; x_wconf 87' lang='lat' dir='ltr'><strong>Quando</strong></span> <span class='ocrx_word' id='word_1_827' title='bbox 1204 1838 1280 1866; x_wconf 89' lang='lat' dir='ltr'><strong>uobis</strong></span> <span class='ocrx_word' id='word_1_828' title='bbox 1301 1839 1368 1866; x_wconf 88' lang='lat' dir='ltr'><strong>bene</strong></span> <span class='ocrx_word' id='word_1_829' title='bbox 1390 1845 1448 1873; x_wconf 86' lang='lat' dir='ltr'><strong>est,</strong></span> <span class='ocrx_word' id='word_1_830' title='bbox 1465 1846 1526 1869; x_wconf 90' lang='lat' dir='ltr'><strong>tunc</strong></span> <span class='ocrx_word' id='word_1_831' title='bbox 1547 1843 1630 1878; x_wconf 81' lang='lat' dir='ltr'><strong>magis</strong></span> <span class='ocrx_word' id='word_1_832' title='bbox 1652 1844 1774 1873; x_wconf 87' lang='lat' dir='ltr'><strong>timemus</strong></span> 
     </span>
    </p>
   </div>
   <div class='ocr_carea' id='block_1_99' title="bbox 984 1883 1773 1920">
    <p class='ocr_par' dir='ltr' id='par_1_99' title="bbox 984 1883 1773 1920">
     <span class='ocr_line' id='line_1_99' title="bbox 984 1883 1773 1920; baseline 0.013 -11"><span class='ocrx_word' id='word_1_833' title='bbox 984 1887 1107 1910; x_wconf 89' lang='lat' dir='ltr'><strong>mortem.</strong></span> <span class='ocrx_word' id='word_1_834' title='bbox 1128 1883 1189 1910; x_wconf 86' lang='lat' dir='ltr'><strong>Ideo</strong></span> <span class='ocrx_word' id='word_1_835' title='bbox 1208 1884 1253 1911; x_wconf 90' lang='lat' dir='ltr'><strong>ille</strong></span> <span class='ocrx_word' id='word_1_836' title='bbox 1272 1884 1364 1918; x_wconf 85' lang='lat' dir='ltr'><strong>dives,</strong></span> <span class='ocrx_word' id='word_1_837' title='bbox 1386 1893 1463 1920; x_wconf 88' lang='lat' dir='ltr'><strong>quem</strong></span> <span class='ocrx_word' id='word_1_838' title='bbox 1482 1886 1648 1917; x_wconf 86' lang='lat' dir='ltr'><strong>delectabant</strong></span> <span class='ocrx_word' id='word_1_839' title='bbox 1662 1891 1773 1919; x_wconf 88' lang='lat' dir='ltr'><strong>multum</strong></span> 
     </span>
    </p>
   </div>
   <div class='ocr_carea' id='block_1_100' title="bbox 982 1928 1771 1967">
    <p class='ocr_par' dir='ltr' id='par_1_100' title="bbox 982 1928 1771 1967">
     <span class='ocr_line' id='line_1_100' title="bbox 982 1928 1771 1967; baseline 0.009 -12"><span class='ocrx_word' id='word_1_840' title='bbox 982 1928 1080 1956; x_wconf 79' lang='lat' dir='ltr'><strong>divitia:</strong></span> <span class='ocrx_word' id='word_1_841' title='bbox 1102 1937 1157 1957; x_wconf 76' lang='lat' dir='ltr'><strong>sua:</strong></span> <span class='ocrx_word' id='word_1_842' title='bbox 1180 1930 1310 1965; x_wconf 84' lang='lat' dir='ltr'><strong>(habebat</strong></span> <span class='ocrx_word' id='word_1_843' title='bbox 1323 1931 1394 1958; x_wconf 88' lang='lat' dir='ltr'><strong>cnim</strong></span> <span class='ocrx_word' id='word_1_844' title='bbox 1416 1940 1524 1967; x_wconf 83' lang='lat' dir='ltr'><strong>magnas</strong></span> <span class='ocrx_word' id='word_1_845' title='bbox 1543 1933 1647 1963; x_wconf 90' lang='lat' dir='ltr'><strong>divitias</strong></span> <span class='ocrx_word' id='word_1_846' title='bbox 1667 1941 1694 1964; x_wconf 86' lang='lat' dir='ltr'><strong>et</strong></span> <span class='ocrx_word' id='word_1_847' title='bbox 1715 1945 1771 1965; x_wconf 75' lang='lat' dir='ltr'><strong>ma.</strong></span> 
     </span>
    </p>
   </div>
   <div class='ocr_carea' id='block_1_101' title="bbox 982 1976 1773 2015">
    <p class='ocr_par' dir='ltr' id='par_1_101' title="bbox 982 1976 1773 2015">
     <span class='ocr_line' id='line_1_101' title="bbox 982 1976 1773 2015; baseline 0.013 -14"><span class='ocrx_word' id='word_1_848' title='bbox 982 1983 1047 2010; x_wconf 88' lang='lat' dir='ltr'><strong>gnas</strong></span> <span class='ocrx_word' id='word_1_849' title='bbox 1062 1976 1265 2011; x_wconf 82' lang='lat' dir='ltr'><strong>possessiones),</strong></span> <span class='ocrx_word' id='word_1_850' title='bbox 1280 1977 1360 2004; x_wconf 82' lang='lat' dir='ltr'><strong>credo</strong></span> <span class='ocrx_word' id='word_1_851' title='bbox 1369 1978 1439 2013; x_wconf 88' lang='lat' dir='ltr'><strong>quod</strong></span> <span class='ocrx_word' id='word_1_852' title='bbox 1453 1979 1670 2015; x_wconf 89' lang='lat' dir='ltr'><strong>interpellabatur</strong></span> <span class='ocrx_word' id='word_1_853' title='bbox 1678 1984 1773 2011; x_wconf 87' lang='lat' dir='ltr'><strong>timore</strong></span> 
     </span>
    </p>
   </div>
   <div class='ocr_carea' id='block_1_102' title="bbox 982 2021 1773 2062">
    <p class='ocr_par' dir='ltr' id='par_1_102' title="bbox 982 2021 1773 2062">
     <span class='ocr_line' id='line_1_102' title="bbox 982 2021 1773 2062; baseline 0.01 -15"><span class='ocrx_word' id='word_1_854' title='bbox 982 2021 1093 2053; x_wconf 89' lang='lat' dir='ltr'><strong>mortis,</strong></span> <span class='ocrx_word' id='word_1_855' title='bbox 1121 2026 1147 2048; x_wconf 89' lang='lat' dir='ltr'><strong>et</strong></span> <span class='ocrx_word' id='word_1_856' title='bbox 1170 2021 1238 2049; x_wconf 89' lang='lat' dir='ltr'><strong>inter</strong></span> <span class='ocrx_word' id='word_1_857' title='bbox 1264 2022 1370 2049; x_wconf 88' lang='lat' dir='ltr'><strong>delicias</strong></span> <span class='ocrx_word' id='word_1_858' title='bbox 1393 2023 1607 2052; x_wconf 86' lang='lat' dir='ltr'><strong>contabescebat.</strong></span> <span class='ocrx_word' id='word_1_859' title='bbox 1634 2025 1773 2062; x_wconf 81' lang='lat' dir='ltr'><strong>Cogitabat</strong></span> 
     </span>
    </p>
   </div>
   <div class='ocr_carea' id='block_1_103' title="bbox 982 2066 1772 2105">
    <p class='ocr_par' dir='ltr' id='par_1_103' title="bbox 982 2066 1772 2105">
     <span class='ocr_line' id='line_1_103' title="bbox 982 2066 1772 2105; baseline 0.01 -12"><span class='ocrx_word' id='word_1_860' title='bbox 982 2066 1051 2093; x_wconf 75' lang='lat' dir='ltr'><strong>enim</strong></span> <span class='ocrx_word' id='word_1_861' title='bbox 1070 2073 1099 2093; x_wconf 87' lang='lat' dir='ltr'><strong>se</strong></span> <span class='ocrx_word' id='word_1_862' title='bbox 1114 2066 1157 2093; x_wconf 90' lang='lat' dir='ltr'><strong>illa</strong></span> <span class='ocrx_word' id='word_1_863' title='bbox 1173 2066 1240 2093; x_wconf 86' lang='lat' dir='ltr'><strong>bona</strong></span> <span class='ocrx_word' id='word_1_864' title='bbox 1260 2066 1429 2100; x_wconf 82' lang='lat' dir='ltr'><strong>relicturum;</strong></span> <span class='ocrx_word' id='word_1_865' title='bbox 1446 2076 1668 2105; x_wconf 78' lang='lat' dir='ltr'><strong>congregaverat,</strong></span> <span class='ocrx_word' id='word_1_866' title='bbox 1684 2076 1711 2099; x_wconf 87' lang='lat' dir='ltr'><strong>et</strong></span> <span class='ocrx_word' id='word_1_867' title='bbox 1726 2081 1772 2101; x_wconf 86' lang='lat' dir='ltr'><strong>ne-</strong></span> 
     </span>
    </p>
   </div>
   <div class='ocr_carea' id='block_1_104' title="bbox 981 2110 1770 2148">
    <p class='ocr_par' dir='ltr' id='par_1_104' title="bbox 981 2110 1770 2148">
     <span class='ocr_line' id='line_1_104' title="bbox 981 2110 1770 2148; baseline 0.013 -11"><span class='ocrx_word' id='word_1_868' title='bbox 981 2110 1082 2138; x_wconf 86' lang='lat' dir='ltr'><strong>sciebat</strong></span> <span class='ocrx_word' id='word_1_869' title='bbox 1095 2111 1137 2138; x_wconf 91' lang='lat' dir='ltr'><strong>cui</strong></span> <span class='ocrx_word' id='word_1_870' title='bbox 1153 2119 1159 2137; x_wconf 89' lang='lat'>:</span> <span class='ocrx_word' id='word_1_871' title='bbox 1173 2115 1199 2138; x_wconf 87' lang='lat' dir='ltr'><strong>ct</strong></span> <span class='ocrx_word' id='word_1_872' title='bbox 1213 2111 1311 2146; x_wconf 89' lang='lat' dir='ltr'><strong>aliquid</strong></span> <span class='ocrx_word' id='word_1_873' title='bbox 1324 2112 1444 2147; x_wconf 84' lang='lat' dir='ltr'><strong>cupiebat</strong></span> <span class='ocrx_word' id='word_1_874' title='bbox 1457 2118 1585 2142; x_wconf 78' lang='lat' dir='ltr'><strong>:cternum</strong></span> <span class='ocrx_word' id='word_1_875' title='bbox 1596 2137 1602 2148; x_wconf 92' lang='lat'><strong>,</strong></span> <span class='ocrx_word' id='word_1_876' title='bbox 1615 2123 1641 2144; x_wconf 91' lang='lat' dir='ltr'><strong>et</strong></span> <span class='ocrx_word' id='word_1_877' title='bbox 1656 2119 1726 2146; x_wconf 87' lang='lat' dir='ltr'><strong>venit</strong></span> <span class='ocrx_word' id='word_1_878' title='bbox 1738 2120 1770 2147; x_wconf 86' lang='lat' dir='ltr'><strong>ad</strong></span> 
     </span>
    </p>
   </div>
   <div class='ocr_carea' id='block_1_105' title="bbox 982 2156 1769 2194">
    <p class='ocr_par' dir='ltr' id='par_1_105' title="bbox 982 2156 1769 2194">
     <span class='ocr_line' id='line_1_105' title="bbox 982 2156 1769 2194; baseline 0.011 -12"><span class='ocrx_word' id='word_1_879' title='bbox 982 2156 1133 2189; x_wconf 88' lang='lat' dir='ltr'><strong>Dominum,</strong></span> <span class='ocrx_word' id='word_1_880' title='bbox 1147 2161 1174 2183; x_wconf 90' lang='lat' dir='ltr'><strong>et</strong></span> <span class='ocrx_word' id='word_1_881' title='bbox 1184 2157 1220 2183; x_wconf 88' lang='lat' dir='ltr'><strong>ait</strong></span> <span class='ocrx_word' id='word_1_882' title='bbox 1235 2157 1285 2190; x_wconf 91' lang='lat' dir='ltr'><strong>illi,</strong></span> <span class='ocrx_word' id='word_1_883' title='bbox 1294 2157 1416 2192; x_wconf 78' lang='lat' dir='ltr'><strong>Magister</strong></span> <span class='ocrx_word' id='word_1_884' title='bbox 1427 2157 1506 2190; x_wconf 88' lang='lat' dir='ltr'><strong>bone,</strong></span> <span class='ocrx_word' id='word_1_885' title='bbox 1518 2160 1579 2194; x_wconf 90' lang='lat' dir='ltr'><strong>quid</strong></span> <span class='ocrx_word' id='word_1_886' title='bbox 1591 2160 1652 2189; x_wconf 89' lang='lat' dir='ltr'><strong>boni</strong></span> <span class='ocrx_word' id='word_1_887' title='bbox 1664 2161 1769 2194; x_wconf 78' lang='lat' dir='ltr'><strong>faciant.</strong></span> 
     </span>
    </p>
   </div>
   <div class='ocr_carea' id='block_1_106' title="bbox 981 2200 1771 2240">
    <p class='ocr_par' dir='ltr' id='par_1_106' title="bbox 981 2200 1771 2240">
     <span class='ocr_line' id='line_1_106' title="bbox 981 2200 1771 2240; baseline 0.011 -13"><span class='ocrx_word' id='word_1_888' title='bbox 981 2206 1009 2228; x_wconf 92' lang='lat' dir='ltr'><strong>nt</strong></span> <span class='ocrx_word' id='word_1_889' title='bbox 1026 2202 1105 2228; x_wconf 87' lang='lat' dir='ltr'><strong>vitam</strong></span> <span class='ocrx_word' id='word_1_890' title='bbox 1119 2205 1244 2228; x_wconf 68' lang='lat' dir='ltr'><strong>aeternam</strong></span> <span class='ocrx_word' id='word_1_891' title='bbox 1257 2200 1417 2237; x_wconf 79' lang='lat' dir='ltr'><strong>consequar?</strong></span> <span class='ocrx_word' id='word_1_892' title='bbox 1432 2202 1503 2231; x_wconf 86' lang='lat' dir='ltr'><strong>Bene</strong></span> <span class='ocrx_word' id='word_1_893' title='bbox 1520 2209 1561 2232; x_wconf 87' lang='lat' dir='ltr'><strong>est</strong></span> <span class='ocrx_word' id='word_1_894' title='bbox 1575 2206 1638 2233; x_wconf 91' lang='lat' dir='ltr'><strong>mihi</strong></span> <span class='ocrx_word' id='word_1_895' title='bbox 1649 2227 1657 2240; x_wconf 83' lang='lat'><strong>,</strong></span> <span class='ocrx_word' id='word_1_896' title='bbox 1671 2208 1717 2235; x_wconf 83' lang='lat' dir='ltr'><strong>sed</strong></span> <span class='ocrx_word' id='word_1_897' title='bbox 1731 2209 1771 2236; x_wconf 87' lang='lat' dir='ltr'><strong>la-</strong></span> 
     </span>
    </p>
   </div>
   <div class='ocr_carea' id='block_1_107' title="bbox 981 2247 1772 2284">
    <p class='ocr_par' dir='ltr' id='par_1_107' title="bbox 981 2247 1772 2284">
     <span class='ocr_line' id='line_1_107' title="bbox 981 2247 1772 2284; baseline 0.013 -11"><span class='ocrx_word' id='word_1_898' title='bbox 981 2247 1051 2274; x_wconf 87' lang='lat' dir='ltr'><strong>bitur</strong></span> <span class='ocrx_word' id='word_1_899' title='bbox 1065 2247 1134 2281; x_wconf 85' lang='lat' dir='ltr'><strong>quod</strong></span> <span class='ocrx_word' id='word_1_900' title='bbox 1150 2252 1243 2279; x_wconf 87' lang='lat' dir='ltr'><strong>teneo;</strong></span> <span class='ocrx_word' id='word_1_901' title='bbox 1259 2247 1327 2274; x_wconf 86' lang='lat' dir='ltr'><strong>bene</strong></span> <span class='ocrx_word' id='word_1_902' title='bbox 1341 2251 1382 2275; x_wconf 87' lang='lat' dir='ltr'><strong>est</strong></span> <span class='ocrx_word' id='word_1_903' title='bbox 1396 2248 1458 2278; x_wconf 82' lang='lat' dir='ltr'><strong>mihi</strong></span> <span class='ocrx_word' id='word_1_904' title='bbox 1468 2269 1475 2281; x_wconf 92' lang='lat'><strong>,</strong></span> <span class='ocrx_word' id='word_1_905' title='bbox 1494 2249 1542 2276; x_wconf 85' lang='lat' dir='ltr'><strong>sed</strong></span> <span class='ocrx_word' id='word_1_906' title='bbox 1556 2251 1643 2279; x_wconf 89' lang='lat' dir='ltr'><strong>subito</strong></span> <span class='ocrx_word' id='word_1_907' title='bbox 1654 2261 1705 2281; x_wconf 91' lang='lat' dir='ltr'><strong>non</strong></span> <span class='ocrx_word' id='word_1_908' title='bbox 1721 2258 1772 2284; x_wconf 88' lang='lat' dir='ltr'><strong>erit</strong></span> 
     </span>
    </p>
   </div>
   <div class='ocr_carea' id='block_1_108' title="bbox 980 2292 1768 2335">
    <p class='ocr_par' dir='ltr' id='par_1_108' title="bbox 980 2292 1768 2335">
     <span class='ocr_line' id='line_1_108' title="bbox 980 2292 1768 2335; baseline 0.01 -15"><span class='ocrx_word' id='word_1_909' title='bbox 980 2292 1050 2327; x_wconf 87' lang='lat' dir='ltr'><strong>quod</strong></span> <span class='ocrx_word' id='word_1_910' title='bbox 1064 2293 1149 2320; x_wconf 88' lang='lat' dir='ltr'><strong>habeo</strong></span> <span class='ocrx_word' id='word_1_911' title='bbox 1178 2302 1184 2320; x_wconf 92' lang='lat'><strong>:</strong></span> <span class='ocrx_word' id='word_1_912' title='bbox 1210 2293 1253 2320; x_wconf 92' lang='lat' dir='ltr'><strong>dic</strong></span> <span class='ocrx_word' id='word_1_913' title='bbox 1277 2293 1341 2320; x_wconf 91' lang='lat' dir='ltr'><strong>mihi</strong></span> <span class='ocrx_word' id='word_1_914' title='bbox 1364 2294 1434 2322; x_wconf 87' lang='lat' dir='ltr'><strong>unde</strong></span> <span class='ocrx_word' id='word_1_915' title='bbox 1451 2294 1561 2323; x_wconf 87' lang='lat' dir='ltr'><strong>habeam</strong></span> <span class='ocrx_word' id='word_1_916' title='bbox 1578 2298 1648 2332; x_wconf 89' lang='lat' dir='ltr'><strong>quod</strong></span> <span class='ocrx_word' id='word_1_917' title='bbox 1664 2306 1768 2335; x_wconf 83' lang='lat' dir='ltr'><strong>semper</strong></span> 
     </span>
    </p>
   </div>
   <div class='ocr_carea' id='block_1_109' title="bbox 980 2338 1770 2379">
    <p class='ocr_par' dir='ltr' id='par_1_109' title="bbox 980 2338 1770 2379">
     <span class='ocr_line' id='line_1_109' title="bbox 980 2338 1770 2379; baseline 0.011 -15"><span class='ocrx_word' id='word_1_918' title='bbox 980 2339 1049 2371; x_wconf 84' lang='lat' dir='ltr'><strong>erit;</strong></span> <span class='ocrx_word' id='word_1_919' title='bbox 1071 2338 1114 2366; x_wconf 92' lang='lat' dir='ltr'><strong>dic</strong></span> <span class='ocrx_word' id='word_1_920' title='bbox 1133 2339 1197 2365; x_wconf 81' lang='lat' dir='ltr'><strong>milii</strong></span> <span class='ocrx_word' id='word_1_921' title='bbox 1218 2339 1351 2374; x_wconf 92' lang='lat' dir='ltr'><strong>quomodo</strong></span> <span class='ocrx_word' id='word_1_922' title='bbox 1367 2342 1516 2374; x_wconf 81' lang='lat' dir='ltr'><strong>perveniam</strong></span> <span class='ocrx_word' id='word_1_923' title='bbox 1536 2342 1568 2369; x_wconf 91' lang='lat' dir='ltr'><strong>ad</strong></span> <span class='ocrx_word' id='word_1_924' title='bbox 1585 2343 1610 2370; x_wconf 90' lang='lat' dir='ltr'><strong>id</strong></span> <span class='ocrx_word' id='word_1_925' title='bbox 1628 2345 1698 2379; x_wconf 92' lang='lat' dir='ltr'><strong>quod</strong></span> <span class='ocrx_word' id='word_1_926' title='bbox 1718 2354 1770 2375; x_wconf 82' lang='lat' dir='ltr'><strong>neu</strong></span> 
     </span>
    </p>
   </div>
   <div class='ocr_carea' id='block_1_110' title="bbox 979 2384 1768 2426">
    <p class='ocr_par' dir='ltr' id='par_1_110' title="bbox 979 2384 1768 2426">
     <span class='ocr_line' id='line_1_110' title="bbox 979 2384 1768 2426; baseline 0.011 -15"><span class='ocrx_word' id='word_1_927' title='bbox 979 2384 1097 2419; x_wconf 84' lang='lat' dir='ltr'><strong>perdam.</strong></span> <span class='ocrx_word' id='word_1_928' title='bbox 1122 2385 1156 2412; x_wconf 85' lang='lat' dir='ltr'><strong>Et</strong></span> <span class='ocrx_word' id='word_1_929' title='bbox 1180 2385 1306 2412; x_wconf 89' lang='lat' dir='ltr'><strong>Dominus</strong></span> <span class='ocrx_word' id='word_1_930' title='bbox 1329 2385 1366 2412; x_wconf 89' lang='lat' dir='ltr'><strong>illi</strong></span> <span class='ocrx_word' id='word_1_931' title='bbox 1381 2394 1388 2413; x_wconf 87' lang='lat'><strong>:</strong></span> <span class='ocrx_word' id='word_1_932' title='bbox 1401 2386 1432 2413; x_wconf 86' lang='lat' dir='ltr'><strong>Si</strong></span> <span class='ocrx_word' id='word_1_933' title='bbox 1446 2388 1481 2413; x_wconf 79' lang='lat' dir='ltr'><strong>vis</strong></span> <span class='ocrx_word' id='word_1_934' title='bbox 1502 2388 1537 2414; x_wconf 83' lang='lat' dir='ltr'><strong>ad</strong></span> <span class='ocrx_word' id='word_1_935' title='bbox 1555 2388 1630 2416; x_wconf 71' lang='lat' dir='ltr'><strong>vitam</strong></span> <span class='ocrx_word' id='word_1_936' title='bbox 1652 2391 1768 2426; x_wconf 82' lang='lat' dir='ltr'><strong>ingredi.</strong></span> 
     </span>
    </p>
   </div>
   <div class='ocr_carea' id='block_1_111' title="bbox 979 2429 1771 2465">
    <p class='ocr_par' dir='ltr' id='par_1_111' title="bbox 979 2429 1771 2465">
     <span class='ocr_line' id='line_1_111' title="bbox 979 2429 1771 2465; baseline 0.009 -8"><span class='ocrx_word' id='word_1_937' title='bbox 979 2438 1049 2457; x_wconf 77' lang='lat' dir='ltr'><strong>serva</strong></span> <span class='ocrx_word' id='word_1_938' title='bbox 1073 2430 1201 2456; x_wconf 84' lang='lat' dir='ltr'><strong>mandata.</strong></span> <span class='ocrx_word' id='word_1_939' title='bbox 1216 2429 1341 2463; x_wconf 71' lang='lat' dir='ltr'><strong>Qumsivit</strong></span> <span class='ocrx_word' id='word_1_940' title='bbox 1360 2438 1420 2465; x_wconf 72' lang='lat' dir='ltr'><strong>qua:</strong></span> <span class='ocrx_word' id='word_1_941' title='bbox 1441 2431 1573 2459; x_wconf 84' lang='lat' dir='ltr'><strong>mandata.</strong></span> <span class='ocrx_word' id='word_1_942' title='bbox 1588 2434 1704 2462; x_wconf 79' lang='lat' dir='ltr'><strong>Audivit.</strong></span> <span class='ocrx_word' id='word_1_943' title='bbox 1723 2436 1771 2464; x_wconf 76' lang='lat' dir='ltr'><strong>Rc-</strong></span> 
     </span>
    </p>
   </div>
   <div class='ocr_carea' id='block_1_112' title="bbox 979 2475 1769 2510">
    <p class='ocr_par' dir='ltr' id='par_1_112' title="bbox 979 2475 1769 2510">
     <span class='ocr_line' id='line_1_112' title="bbox 979 2475 1769 2510; baseline 0.008 -7"><span class='ocrx_word' id='word_1_944' title='bbox 979 2475 1085 2510; x_wconf 81' lang='lat' dir='ltr'><strong>Spondit</strong></span> <span class='ocrx_word' id='word_1_945' title='bbox 1100 2483 1128 2502; x_wconf 85' lang='lat' dir='ltr'><strong>se</strong></span> <span class='ocrx_word' id='word_1_946' title='bbox 1143 2481 1157 2501; x_wconf 84' lang='lat' dir='ltr'><strong>a</strong></span> <span class='ocrx_word' id='word_1_947' title='bbox 1178 2481 1225 2501; x_wconf 92' lang='lat' dir='ltr'><strong>sua</strong></span> <span class='ocrx_word' id='word_1_948' title='bbox 1248 2475 1387 2509; x_wconf 85' lang='lat' dir='ltr'><strong>juventute</strong></span> <span class='ocrx_word' id='word_1_949' title='bbox 1410 2476 1498 2503; x_wconf 83' lang='lat' dir='ltr'><strong>omnia</strong></span> <span class='ocrx_word' id='word_1_950' title='bbox 1520 2484 1649 2506; x_wconf 81' lang='lat' dir='ltr'><strong>servasse.</strong></span> <span class='ocrx_word' id='word_1_951' title='bbox 1666 2480 1710 2508; x_wconf 81' lang='lat' dir='ltr'><strong>Ait</strong></span> <span class='ocrx_word' id='word_1_952' title='bbox 1733 2481 1769 2509; x_wconf 91' lang='lat' dir='ltr'><strong>illi</strong></span> 
     </span>
    </p>
   </div>
   <div class='ocr_carea' id='block_1_113' title="bbox 979 2519 1769 2559">
    <p class='ocr_par' dir='ltr' id='par_1_113' title="bbox 979 2519 1769 2559">
     <span class='ocr_line' id='line_1_113' title="bbox 979 2519 1769 2559; baseline 0.009 -12"><span class='ocrx_word' id='word_1_953' title='bbox 979 2520 1106 2548; x_wconf 86' lang='lat' dir='ltr'><strong>Dominus</strong></span> <span class='ocrx_word' id='word_1_954' title='bbox 1125 2519 1291 2547; x_wconf 85' lang='lat' dir='ltr'><strong>consiliarius</strong></span> <span class='ocrx_word' id='word_1_955' title='bbox 1304 2520 1364 2547; x_wconf 73' lang='lat' dir='ltr'><strong>vita:</strong></span> <span class='ocrx_word' id='word_1_956' title='bbox 1381 2524 1487 2549; x_wconf 79' lang='lat' dir='ltr'><strong>:eterna:</strong></span> <span class='ocrx_word' id='word_1_957' title='bbox 1501 2529 1508 2548; x_wconf 74' lang='grc' dir='ltr'>ε</span> <span class='ocrx_word' id='word_1_958' title='bbox 1522 2520 1607 2549; x_wconf 82' lang='lat' dir='ltr'><strong>Unum</strong></span> <span class='ocrx_word' id='word_1_959' title='bbox 1623 2523 1667 2551; x_wconf 81' lang='lat' dir='ltr'><strong>tibi</strong></span> <span class='ocrx_word' id='word_1_960' title='bbox 1679 2525 1769 2559; x_wconf 81' lang='lat' dir='ltr'><strong>deest;</strong></span> 
     </span>
    </p>
   </div>
   <div class='ocr_carea' id='block_1_114' title="bbox 1009 2586 1767 2623">
    <p class='ocr_par' dir='ltr' id='par_1_114' title="bbox 1009 2586 1767 2623">
     <span class='ocr_line' id='line_1_114' title="bbox 1009 2586 1767 2623; baseline 0.007 -11"><span class='ocrx_word' id='word_1_961' title='bbox 1009 2591 1018 2605; x_wconf 86' lang='grc' dir='ltr'><strong>ι</strong></span> <span class='ocrx_word' id='word_1_962' title='bbox 1031 2589 1067 2613; x_wconf 84' lang='lat' dir='ltr'><strong>sic</strong></span> <span class='ocrx_word' id='word_1_963' title='bbox 1083 2587 1274 2623; x_wconf 48' lang='lat' dir='ltr'><strong>victm-inustis.</strong></span> <span class='ocrx_word' id='word_1_964' title='bbox 1288 2589 1320 2623; x_wconf 78' lang='lat' dir='ltr'><strong>_At</strong></span> <span class='ocrx_word' id='word_1_965' title='bbox 1338 2586 1510 2623; x_wconf 71' lang='lat' dir='ltr'><strong>cditi,_tgn9ta</strong></span> <span class='ocrx_word' id='word_1_966' title='bbox 1526 2593 1668 2619; x_wconf 62' lang='lat' dir='ltr'><strong>quiet-entes.</strong></span> <span class='ocrx_word' id='word_1_967' title='bbox 1680 2594 1767 2623; x_wconf 58' lang='lat' dir='ltr'><strong>aude:</strong></span> 
     </span>
    </p>
   </div>
   <div class='ocr_carea' id='block_1_115' title="bbox 976 2617 1764 2675">
    <p class='ocr_par' dir='ltr' id='par_1_115' title="bbox 976 2617 1764 2675">
     <span class='ocr_line' id='line_1_115' title="bbox 976 2617 1764 2675; baseline -0.033 2"><span class='ocrx_word' id='word_1_968' title='bbox 976 2617 1274 2675; x_wconf 46' lang='lat' dir='ltr'><strong>:iiéiiiii’gfifmmmv</strong></span> <span class='ocrx_word' id='word_1_969' title='bbox 1285 2619 1374 2642; x_wconf 73' lang='grc' dir='ltr'><em>ινεπιον</em></span> <span class='ocrx_word' id='word_1_970' title='bbox 1390 2621 1425 2643; x_wconf 75' lang='lat' dir='ltr'><strong>est</strong></span> <span class='ocrx_word' id='word_1_971' title='bbox 1438 2617 1449 2643; x_wconf 71' lang='grc' dir='ltr'><em>Ξ</em></span> <span class='ocrx_word' id='word_1_972' title='bbox 1462 2617 1636 2646; x_wconf 72' lang='lat' dir='ltr'><strong>Deuser</strong></span> <span class='ocrx_word' id='word_1_973' title='bbox 1651 2617 1764 2654; x_wconf 63' lang='lat' dir='ltr'><strong>meum.</strong></span> 
     </span>
    </p>
   </div>
   <div class='ocr_carea' id='block_1_116' title="bbox 976 2654 1765 2712">
    <p class='ocr_par' dir='ltr' id='par_1_116' title="bbox 976 2654 1765 2712">
     <span class='ocr_line' id='line_1_116' title="bbox 976 2654 1153 2676; baseline -0.017 0"><span class='ocrx_word' id='word_1_974' title='bbox 976 2654 998 2676; x_wconf 86' lang='lat' dir='ltr'><strong>et</strong></span> <span class='ocrx_word' id='word_1_975' title='bbox 1008 2654 1090 2675; x_wconf 75' lang='lat' dir='ltr'><strong>aetum</strong></span> <span class='ocrx_word' id='word_1_976' title='bbox 1101 2654 1136 2674; x_wconf 84' lang='lat' dir='ltr'><strong>est</strong></span> <span class='ocrx_word' id='word_1_977' title='bbox 1144 2654 1153 2673; x_wconf 72' lang='grc' dir='ltr'><strong>,ν</strong></span> 
     </span>
     <span class='ocr_line' id='line_1_117' title="bbox 1007 2678 1765 2712; baseline 0.003 -7"><span class='ocrx_word' id='word_1_978' title='bbox 1007 2683 1018 2697; x_wconf 71' lang='grc'>³</span> <span class='ocrx_word' id='word_1_979' title='bbox 1038 2681 1116 2710; x_wconf 83' lang='lat' dir='ltr'><strong>Editi,</strong></span> <span class='ocrx_word' id='word_1_980' title='bbox 1145 2680 1171 2705; x_wconf 82' lang='lat' dir='ltr'><strong>in</strong></span> <span class='ocrx_word' id='word_1_981' title='bbox 1192 2678 1295 2711; x_wconf 65' lang='lat' dir='ltr'><strong>Magaw</strong></span> <span class='ocrx_word' id='word_1_982' title='bbox 1321 2678 1374 2704; x_wconf 80' lang='lat' dir='ltr'><strong>Dei.</strong></span> <span class='ocrx_word' id='word_1_983' title='bbox 1398 2679 1495 2710; x_wconf 73' lang='lat' dir='ltr'><strong>Abest,</strong></span> <span class='ocrx_word' id='word_1_984' title='bbox 1518 2680 1584 2712; x_wconf 74' lang='lat' dir='ltr'><strong>Dei,</strong></span> <span class='ocrx_word' id='word_1_985' title='bbox 1604 2687 1619 2707; x_wconf 84' lang='lat' dir='ltr'><strong>a</strong></span> <span class='ocrx_word' id='word_1_986' title='bbox 1647 2684 1765 2711; x_wconf 72' lang='lat' dir='ltr'><strong>Victorino</strong></span> 
     </span>
    </p>
   </div>
   <div class='ocr_carea' id='block_1_117' title="bbox 976 2715 1765 2776">
    <p class='ocr_par' dir='ltr' id='par_1_117' title="bbox 976 2715 1765 2776">
     <span class='ocr_line' id='line_1_118' title="bbox 976 2715 1765 2776; baseline 0.001 -9"><span class='ocrx_word' id='word_1_987' title='bbox 976 2715 1052 2767; x_wconf 68' lang='grc' dir='ltr'><strong>11³ίιιι</strong></span> <span class='ocrx_word' id='word_1_988' title='bbox 1065 2741 1184 2776; x_wconf 73' lang='lat' dir='ltr'><strong>Victorino</strong></span> <span class='ocrx_word' id='word_1_989' title='bbox 1196 2744 1290 2776; x_wconf 41' lang='lat' dir='ltr'><strong>nisque:</strong></span> <span class='ocrx_word' id='word_1_990' title='bbox 1300 2740 1386 2776; x_wconf 72' lang='lat' dir='ltr'><strong>dixist</strong></span> <span class='ocrx_word' id='word_1_991' title='bbox 1401 2745 1458 2770; x_wconf 84' lang='lat' dir='ltr'><strong>Deo,</strong></span> <span class='ocrx_word' id='word_1_992' title='bbox 1480 2742 1591 2768; x_wconf 73' lang='lat' dir='ltr'><strong>(mire</strong></span> <span class='ocrx_word' id='word_1_993' title='bbox 1601 2742 1765 2776; x_wconf 76' lang='grc' dir='ltr'><em>Ιαεννιπιιι-υηι</em></span> 
     </span>
    </p>
   </div>
   <div class='ocr_carea' id='block_1_118' title="bbox 976 2772 1497 2807">
    <p class='ocr_par' dir='ltr' id='par_1_118' title="bbox 976 2772 1497 2807">
     <span class='ocr_line' id='line_1_119' title="bbox 976 2772 1497 2807; baseline -0.004 -9"><span class='ocrx_word' id='word_1_994' title='bbox 976 2779 1101 2807; x_wconf 63' lang='lat' dir='ltr'><strong>marth</strong></span> <span class='ocrx_word' id='word_1_995' title='bbox 1110 2772 1136 2797; x_wconf 80' lang='lat' dir='ltr'><strong>id</strong></span> <span class='ocrx_word' id='word_1_996' title='bbox 1148 2775 1191 2807; x_wconf 76' lang='lat' dir='ltr'><strong>est.</strong></span> <span class='ocrx_word' id='word_1_997' title='bbox 1202 2772 1301 2797; x_wconf 53' lang='lat' dir='ltr'><strong>auribus</strong></span> <span class='ocrx_word' id='word_1_998' title='bbox 1311 2772 1417 2807; x_wconf 62' lang='lat' dir='ltr'><strong>percipe,</strong></span> <span class='ocrx_word' id='word_1_999' title='bbox 1429 2776 1476 2797; x_wconf 82' lang='lat' dir='ltr'><strong>etc.</strong></span> <span class='ocrx_word' id='word_1_1000' title='bbox 1492 2803 1497 2807; x_wconf 34' lang='grc' dir='ltr'><strong>η</strong></span> 
     </span>
    </p>
   </div>
   <div class='ocr_carea' id='block_1_119' title="bbox 979 2803 1761 2861">
    <p class='ocr_par' dir='ltr' id='par_1_119' title="bbox 979 2803 1761 2861">
     <span class='ocr_line' id='line_1_120' title="bbox 1008 2803 1761 2860; baseline 0.005 -32"><span class='ocrx_word' id='word_1_1001' title='bbox 1008 2805 1019 2819; x_wconf 73' lang='grc' dir='ltr'><strong>ι</strong></span> <span class='ocrx_word' id='word_1_1002' title='bbox 1030 2803 1209 2860; x_wconf 51' lang='lat' dir='ltr'><strong>“Ilic&#39;gctorinus</strong></span> <span class='ocrx_word' id='word_1_1003' title='bbox 1220 2806 1259 2827; x_wconf 79' lang='lat' dir='ltr'><strong>us.</strong></span> <span class='ocrx_word' id='word_1_1004' title='bbox 1282 2806 1307 2827; x_wconf 79' lang='lat' dir='ltr'><strong>At</strong></span> <span class='ocrx_word' id='word_1_1005' title='bbox 1319 2803 1385 2833; x_wconf 76' lang='lat' dir='ltr'><strong>edin,</strong></span> <span class='ocrx_word' id='word_1_1006' title='bbox 1400 2803 1509 2833; x_wconf 63' lang='lat' dir='ltr'><strong>(&quot;ianuis</strong></span> <span class='ocrx_word' id='word_1_1007' title='bbox 1520 2807 1585 2830; x_wconf 78' lang='lat' dir='ltr'><strong>ruunt</strong></span> <span class='ocrx_word' id='word_1_1008' title='bbox 1600 2804 1682 2837; x_wconf 73' lang='lat' dir='ltr'><strong>ruam.</strong></span> <span class='ocrx_word' id='word_1_1009' title='bbox 1699 2814 1761 2835; x_wconf 68' lang='lat' dir='ltr'><strong>mw.</strong></span> 
     </span>
     <span class='ocr_line' id='line_1_121' title="bbox 979 2840 1105 2861; baseline -0.032 0"><span class='ocrx_word' id='word_1_1010' title='bbox 979 2840 1025 2861; x_wconf 77' lang='grc' dir='ltr'><strong>ιιήι</strong></span> <span class='ocrx_word' id='word_1_1011' title='bbox 1042 2840 1066 2859; x_wconf 65' lang='grc' dir='ltr'><strong>ιη</strong></span> <span class='ocrx_word' id='word_1_1012' title='bbox 1099 2851 1105 2858; x_wconf 90' lang='grc'>.</span> 
     </span>
    </p>
   </div>
  </div>
