3938 6186
400 262 508 320 939

401 379 444 431 si
474 376 546 431 vis
574 376 820 449 perfectus
835 388 957 437 esse,
984 371 1128 435 vade,
1150 369 1305 424 renda
1328 368 1497 423 omnia
1512 383 1624 438 qu:
1646 368 1817 435 habes,
1842 375 1891 421 et
1911 365 1978 419 da

405 465 708 537 pauperibus
730 505 748 530 ,
790 473 836 516 ct
865 460 1066 515 habebis
1090 460 1378 514 thesaurum
1401 460 1457 514 iu
1492 458 1639 513 celo.
1681 456 1797 512 Non
1837 458 1979 512 enim

344 554 531 613 "dixit
550 596 565 620 ,
595 552 763 610 Perde
783 568 799 614 ;
822 551 950 616 sed,
973 550 1131 605 vende
1151 561 1199 603 et
1226 549 1337 604 veni
1365 550 1403 615 ί,
1432 564 1634 619 sequere
1658 564 1737 603 me
1764 546 1978 617 (illatua.

404 663 532 711 xix,
568 644 769 713 lli-29.).
812 641 904 697 Ille
939 641 1028 712 qui
1065 640 1426 697 delectabatur
1471 639 1674 694 divitiis
1716 639 1869 705 suis,
1924 645 1979 692 et

403 744 681 806 propterea
707 732 979 805 qua.wa
1016 747 1046 786 a
1089 732 1315 787 Domino
1352 729 1477 801 quid
1517 730 1638 784 boui
1665 728 1893 794 faceret,
1926 738 1983 784 nt

404 829 451 881 vi
477 842 563 881 am
590 833 844 881 aeternam
883 832 1299 893 consequeretur
1317 863 1330 885 ,
1361 820 1486 891 quia
1511 835 1541 875 a
1569 819 1775 875 deliciis
1797 819 1861 873 ad
1885 820 1982 879 de.

403 918 549 973 licius
594 915 825 986 migrare
858 913 1142 984 cupiebat,
1184 921 1239 969 et
1269 912 1362 966 has
1398 912 1591 982 quibus
1618 909 1980 967 delectabatur

401 1010 703 1080 relinquere
734 1006 1082 1070 Rimidabat,
1107 1003 1367 1061 abseeSsit
1406 1004 1573 1059 tristis
1594 1002 1663 1059 ad
1701 1004 1980 1059 thesaurus

399 1117 528 1159 suos
552 1112 812 1156 terrenos.
831 1098 1008 1154 Noluit
1031 1098 1252 1154 credere
1283 1097 1507 1153 Domino
1525 1096 1647 1167 quia
1672 1105 1851 1166 potest
1869 1111 1984 1151 ser-

403 1209 528 1249 vare
554 1194 607 1247 in
628 1190 788 1257 calo,
818 1188 960 1259 quod
989 1189 1277 1260 periturum
1299 1198 1377 1244 est
1400 1188 1451 1242 in
1479 1196 1635 1243 terra.
1668 1186 1845 1243 Noluit
1862 1200 1983 1244 esse

404 1298 560 1338 verus
588 1291 793 1336 amauir
834 1278 1065 1335 thesauri
1103 1280 1208 1334 sui.
1238 1278 1371 1337 Male
1404 1278 1670 1342 tenendo,
1707 1276 1978 1348 perdidit:

405 1376 629 1431 multum
654 1371 927 1442 diligendo
946 1411 960 1435 ,
992 1370 1187 1425 amisit.
1211 1367 1344 1425 Nam
1374 1370 1417 1424 si
1454 1368 1592 1424 bene
1620 1368 1767 1423 illum
1794 1368 1982 1438 dilige-

404 1476 522 1529 ret,
555 1466 606 1519 in
634 1465 828 1519 reatum
856 1461 1139 1533 migraret,
1174 1476 1280 1531 quo
1306 1461 1417 1530 ipse
1431 1469 1622 1529 postea
1648 1469 1980 1529 sequeretur.

407 1556 630 1613 Inunum
655 1554 731 1610 illi
758 1553 897 1609 Deus
933 1551 1168 1608 ostendit
1215 1550 1303 1605 ubi
1334 1551 1616 1620 migraret,
1658 1565 1764 1605 non
1810 1550 1984 1606 locum

404 1646 490 1700 ubi
518 1644 764 1714 perderet
791 1662 804 1696 :
830 1653 1039 1698 secutus
1057 1641 1200 1699 enim
1217 1642 1312 1706 ait,
1340 1639 1437 1696 Ubi
1459 1641 1592 1694 enim
1618 1640 1768 1710 fuerit
1794 1641 1986 1695 thesau-

403 1754 488 1792 rus
517 1746 662 1803 tuus,
687 1736 793 1791 illic
807 1736 900 1790 erit
918 1743 964 1789 et
986 1751 1075 1788 cor
1098 1742 1239 1788 suum
1270 1731 1381 1805 (Id.
1410 1748 1457 1789 Vl
1477 1773 1493 1800 ,
1514 1731 1647 1805 2i).'

474 1872 700 1929 CAPUT
752 1872 834 1926 τι.
878 1871 1027 1926 -8.
1070 1869 1273 1924 Divitiis
1299 1869 1352 1923 iu
1378 1877 1484 1923 tuto
1524 1878 1815 1941 ponuntur,
1862 1868 1985 1922 dum

406 1975 693 2038 erogantur.
739 1963 1071 2034 Eleemosyuo
1113 1963 1250 2032 piunt
1294 1963 1440 2033 fenus
1475 1959 1604 2015 Deo.
1654 1961 1761 2017 Sed
1806 1961 1987 2018 videre

400 2058 589 2117 volunt
630 2058 651 2089 '
691 2055 936 2110 homines
980 2054 1191 2109 divitias
1221 2053 1381 2108 suas?
1407 2052 1512 2107 Fac
1558 2055 1698 2125 quod
1744 2055 1799 2127 in
1844 2064 1987 2110 terra

409 2148 783 2212 thesaurizent,
810 2146 1062 2218 numquid
1091 2162 1196 2200 non
1218 2146 1403 2200 timent
1425 2144 1592 2201 videri
1611 2146 1820 2202 divitias
1839 2148 1988 2203 suas?

407 2240 674 2295 infodiunt
693 2249 746 2293 et
768 2236 1051 2293 obstruunt
1077 2244 1132 2291 et
1155 2236 1469 2308 cooperiunt
1494 2251 1587 2291 eas
1619 2254 1631 2290 :
1660 2244 1717 2292 et
1739 2252 1859 2292 cum
1886 2238 1988 2292 ob-

405 2330 693 2386 struxerint
718 2337 772 2383 ct
799 2325 1202 2399 cooperuerint,
1234 2326 1486 2395 numquid
1519 2326 1698 2381 vident
1723 2328 1862 2398 quod
1895 2329 1990 2384 ha-

409 2420 572 2478 bent?
610 2418 719 2474 Nec
748 2419 861 2488 ipse
899 2417 1039 2472 videt
1070 2433 1083 2469 :
1112 2425 1258 2487 Optat
1287 2425 1343 2469 ut
1373 2416 1573 2483 lateat,
1609 2417 1756 2472 timet
1785 2434 1850 2474 ne
1895 2435 1988 2489 pa-

411 2521 517 2567 teat
542 2511 583 2565 ³.
613 2510 743 2565 lisse
773 2509 884 2563 vult
908 2508 1056 2563 dives
1103 2507 1154 2561 in
1201 2507 1484 2577 opinione,
1517 2523 1622 2562 non
1666 2508 1717 2563 in
1746 2510 1987 2566 veritate.

407 2601 567 2671 Quasi
594 2598 788 2654 sufﬁcit
817 2598 1012 2653 habere
1043 2597 1094 2652 in
1122 2597 1478 2663 conscientia,
1524 2598 1664 2668 quod
1715 2611 1891 2656 servat
1938 2603 1988 2657 in

408 2689 634 2748 terra"?
673 2689 718 2747 Ο
760 2697 958 2760 quanto
1010 2688 1179 2759 major
1216 2688 1307 2743 tibi
1346 2697 1399 2743 et
1442 2689 1632 2744 melior
1665 2691 1990 2749 conscientia

406 2784 536 2848 erit,
564 2783 607 2836 si
633 2780 928 2837 servaveris
948 2781 1000 2835 in
1022 2780 1191 2835 etclo!
1222 2778 1317 2834 llic
1340 2794 1459 2834 cum
1483 2780 1723 2836 obrueris
1751 2783 1802 2837 in
1828 2792 1986 2849 terra,

410 2879 565 2931 times
594 2890 660 2929 ne
689 2873 822 2929 sciat
866 2886 1052 2928 servus
1096 2871 1215 2926 luus
1244 2881 1297 2925 et
1339 2870 1543 2927 aufetat
1570 2882 1624 2927 et
1669 2871 1830 2942 fugiat
1861 2872 1991 2930 :ltic

409 2970 564 3027 times
589 2981 656 3020 ne.
679 2963 883 3019 auferat
910 2961 1003 3017 tibi
1026 2977 1212 3017 servus
1242 2969 1362 3017 tuus
1388 2976 1404 3028 ;
1433 2961 1505 3017 ibi
1527 2976 1631 3017 non
1662 2962 1836 3031 times,
1869 2964 1990 3034 quia

412 3058 546 3112 bene
576 3055 668 3110 tibi
709 3061 887 3110 servat
930 3051 1183 3107 Dominus
1229 3060 1366 3107 tttus.
1395 3051 1499 3107 Sed
1528 3052 1730 3121 habeo,
1773 3054 1987 3123 inquis,

407 3162 618 3202 servum
647 3146 853 3202 ﬁdelem
875 3186 891 3211 ,
916 3145 1005 3216 qui
1035 3155 1088 3200 et
1127 3145 1373 3211 noverit,
1400 3155 1454 3200 et
1488 3161 1591 3200 non
1637 3148 1824 3217 prodat
1852 3149 1894 3214 ⁸,
1937 3159 1992 3203 et

412 3255 514 3293 non
569 3237 736 3292 tollat.
762 3234 1020 3302 Compara
1070 3235 1215 3290 illum
1262 3236 1495 3317 Domino
1543 3247 1650 3293 tuo.
1683 3238 1739 3294 Si
1782 3240 1988 3296 lideletu

409 3347 620 3387 servum
651 3328 933 3393 invenisti,
977 3328 1230 3383 Dominus
1261 3337 1380 3382 tuus
1420 3330 1633 3401 quando
1676 3340 1725 3386 te
1764 3331 1991 3387 fefellit?

414 3422 522 3479 Etsi
548 3438 652 3479 non
685 3429 860 3494 potest
886 3437 1070 3476 servus
1094 3429 1213 3475 tuus
1235 3421 1438 3489 tollere,
1470 3432 1643 3492 potest
1669 3434 1842 3480 tamen
1873 3441 1990 3496 per-

411 3518 538 3572 dere
566 3533 581 3570 :
615 3517 867 3570 Dominus
894 3522 1013 3568 tuus
1040 3528 1136 3568 nec
1168 3514 1354 3570 tollere
1394 3529 1493 3570 nec
1518 3515 1741 3584 perdere
1778 3527 1985 3588 potest,

411 3621 510 3661 nec
538 3605 711 3677 perire
754 3603 1029 3675 permittit.
1058 3602 1245 3661 Servat
1276 3603 1368 3659 tibi
1392 3644 1407 3669 ,
1441 3614 1621 3662 manet
1649 3606 1776 3673 tibi;
1807 3606 1993 3663 liberat

412 3709 480 3763 te,
516 3705 819 3754 manentem
850 3706 900 3751 te
923 3695 1063 3761 facit;
1086 3710 1183 3751 nec
1210 3695 1386 3766 perdet
1420 3705 1491 3762 te,
1515 3713 1613 3753 nec
1639 3698 1823 3767 perdet
1848 3700 1991 3771 quod

410 3789 457 3843 ei
489 3786 959 3843 commendaveris.
987 3784 1140 3852 Veni,
1166 3785 1352 3857 inquit,
1383 3788 1562 3858 accipe
1581 3788 1722 3858 quod
1744 3790 1880 3860 apud
1907 3806 1992 3846 tne

392 3870 654 3952 posuisti.
682 3879 850 3936 Absit.
883 3878 997 3933 Non
1028 3877 1129 3933 hoc
1152 3878 1242 3933 tibi
1272 3878 1401 3933 dicit
1426 3878 1563 3934 Deus
1592 3880 1632 3932 ⁸.
1660 3880 1793 3951 Ego,
1824 3870 1995 3952 inquit

412 3972 545 4038 tibi,
582 3970 672 4044 qui
713 3979 765 4026 te
799 3968 1040 4043 prohibui
1082 3967 1354 4034 fenerare,
1403 3968 1670 4025 feueratus
1698 3985 1814 4025 smn
1856 3988 1887 4027 a
1918 3980 1989 4027 te.

416 4066 639 4137 \‘olebas
654 4065 795 4121 enim
824 4062 1008 4119 fenore
1033 4076 1294 4125 crescere,
1320 4072 1375 4117 et
1397 4060 1562 4117 dabas
1587 4062 1785 4117 homini
1814 4073 1869 4119 ut
1899 4065 1991 4120 tibi

417 4155 536 4223 plus
565 4156 840 4219 redderet,
864 4152 1073 4226 quando
1094 4138 1388 4224 accipiebat
1416 4153 1649 4224 gaudens
1668 4196 1683 4222 ,
1710 4164 1761 4209 ct
1782 4156 1992 4226 quando

416 4247 667 4305 reddebat
683 4248 913 4317 plorans.
937 4246 1045 4300 lloc
1061 4246 1295 4307 volebas,
1313 4255 1476 4315 etcgo
1496 4246 1837 4318 pruliibebam
1856 4267 1867 4302 ε
1884 4249 1992 4304 dixi

415 4338 578 4399 enim,
610 4338 709 4405 Qui
734 4338 998 4408 pecuniam
1028 4351 1173 4390 suam
1219 4352 1318 4390 non
1339 4335 1478 4391 dedit
1505 4339 1574 4391 ad
1594 4355 1798 4394 usuram
1819 4340 1991 4411 (Paul.

417 4444 538 4494 xiv,
570 4428 649 4498 5).
682 4426 1031 4483 Prohibebam
1074 4434 1124 4480 te
1161 4439 1191 4479 a
1224 4425 1409 4481 fenuro
1437 4444 1449 4480 :
1475 4428 1638 4497 jubco
1679 4431 1770 4485 tibi
1799 4431 1954 4487 fenus
1977 4474 1992 4499 ,

417 4538 501 4576 me
531 4518 711 4576 feuera
735 4520 776 4574 ⁷.
819 4518 929 4573 Iloc
957 4517 1047 4572 tibi
1086 4518 1213 4574 dicit
1244 4519 1497 4575 Dominus
1525 4529 1643 4576 tuus
1674 4540 1687 4576 :
1716 4522 1887 4580 Pauca
1915 4524 1996 4579 vis

413 4611 541 4666 dare
564 4598 587 4679 ,⁷
626 4619 683 4665 et
729 4610 877 4680 plura
907 4608 1148 4680 accipere
1197 4627 1210 4663 :
1257 4610 1496 4682 relinque
1546 4611 1852 4682 hominem,
1906 4617 1995 4689 qui

416 4708 634 4782 plangit,
658 4704 869 4778 quando
885 4705 1071 4777 exigis;
1100 4720 1186 4760 me
1213 4705 1409 4773 iuveni,
1426 4706 1515 4778 qui
1537 4708 1762 4778 gaudeo,
1785 4712 1996 4781 quando

417 4800 600 4863 reddo.
634 4799 772 4856 Ecce
798 4796 985 4853 adsum
1017 4814 1032 4852 :
1060 4795 1154 4863 da,
1185 4806 1241 4853 et
1265 4813 1449 4864 sume;
1478 4805 1717 4870 tempore
1744 4799 1997 4857 redditio.

418 4896 498 4953 nis
520 4891 738 4950 reddam
762 4889 874 4965 tibi.
902 4888 968 4944 Et
986 4888 1108 4959 quid
1132 4887 1385 4944 reddam?
1412 4888 1581 4945 Pauca
1602 4888 1816 4958 dedisti,
1846 4891 1994 4962 plura

419 5004 570 5047 sume
604 5004 616 5039 :
660 4994 870 5040 terrena
900 4978 1126 5047 dedisti,
1155 4979 1390 5038 calestia
1437 4996 1590 5038 sume
1630 5000 1643 5037 :
1688 4983 1992 5054 temporalia

475 5188 490 5215 ⁸
518 5185 589 5234 sic
612 5182 877 5232 Victorinus
900 5186 979 5228 iis.
1007 5186 1060 5229 At
1084 5177 1219 5239 editi,
1237 5178 1325 5230 sed
1346 5191 1501 5239 serva,
1524 5186 1569 5231 et
1592 5179 1712 5231 veni.

471 5247 494 5278 '
517 5245 590 5295 Sic
604 5250 708 5294 uss.
733 5247 790 5291 Αι
809 5244 941 5299 Lov.,
966 5238 1125 5290 videri
1144 5239 1325 5290 nolunt.
1357 5238 1528 5290 ueteri
1553 5240 1689 5304 editi,
1726 5240 1888 5295 ridere
1911 5257 1992 5294 no-

409 5308 585 5417 ωΐῖιὲὶο
606 5372 715 5434 uss.
739 5372 793 5434 At
817 5361 950 5421 editi,
977 5372 1035 5410 ne
1052 5365 1231 5434 pereat.
1388 5422 1399 5434 _

472 5434 653 5488 ⁸1185..
697 5425 879 5479 [labere
927 5425 1262 5475 cmuciattimn
1314 5425 1429 5487 quia
1484 5431 1673 5485 servat,
1709 5434 1804 5477 etc.

473 5493 494 5524 ι
518 5490 781 5540 Victorinus
801 5494 904 5549 διε»,
925 5493 972 5537 et
987 5482 1290 5550 non‘perd‘ot,

475 5552 496 5583 ι
522 5526 787 5612 ἐιὶἒὶᾶιίὶίἶιέ
804 5526 912 5612 ’ῗιῖὲῖζ
926 5526 1172 5612 adium?
1325 5553 1466 5612 Deus.

472 5612 492 5642 ν
518 5617 574 5680 t_n_
587 5611 729 5680 gntus
756 5606 994 5680 omissum
1017 5607 1354 5680 fuerat”;qu
1384 5606 1473 5659 tibi
1492 5607 1648 5673 fenus,
1684 5620 1760 5662 me
1785 5609 1987 5677 fenero;

410 5673 537 5736 quod
562 5671 639 5721 hic
662 5683 725 5722 ex
742 5671 1093 5735 :mannscriptis
1113 5670 1401 5722 restituitur.

1608 253 1665 309 S.
1707 251 2074 310 AUGUSTINI
2115 249 2416 310 RPISCON

3567 261 3670 320 280

2087 364 2313 433 dedisti,
2340 376 2537 423 arteriis
2561 382 2711 425 sume
2736 386 2749 424 :
2777 384 2893 425 mea
2918 368 3141 438 dedisti,
3187 387 3273 429 me
3296 371 3469 443 ipsum
3500 394 3667 436 sume.

2086 455 2220 522 Quid
2262 457 2404 512 enim
2447 456 2674 527 dedisti,
2704 460 2803 514 nisi
2842 475 2907 515 ex
2933 476 3000 515 eo
3040 460 3184 531 quod
3214 477 3244 515 a
3272 478 3363 518 me
3383 468 3667 535 accepisti?

2085 546 2237 613 Quod
2266 547 2479 605 dederis
2507 550 2524 582 ¹
2556 565 2666 605 non
2690 550 2883 616 reddo,
2910 551 2998 622 qui
3027 552 3169 609 unde
3203 553 3360 610 dares
3395 556 3555 612 dedi?
3580 560 3670 629 qui

2089 648 2140 694 to
2162 639 2333 708 ipsum
2357 640 2448 711 qui
2471 640 2631 711 dares
2656 641 2814 707 dedi;
2849 643 2937 712 qui
2967 643 3059 698 tibi
3087 643 3358 700 Christum
3397 647 3482 703 cui
3516 648 3671 708 dares
3702 652 3711 706 ξ

2086 729 2229 795 dedi,
2260 732 2349 800 qui
2377 731 2469 787 tibi
2488 730 2691 791 diceret
2710 772 2727 797 ,
2759 732 2975 798 Quando
3001 733 3090 787 tuti
3115 750 3182 788 ea:
3206 735 3428 791 minimis
3449 738 3570 792 meis
3598 742 3673 810 [c-

2085 819 2216 886 cisti,
2243 820 2368 874 mihi
2404 821 2568 891 fecisti
2601 821 2811 893 (Bauli.
2845 839 2980 887 xxv,
3010 823 3124 893 £0).
3153 826 3290 882 Ecce
3317 828 3401 881 cui
3428 827 3545 895 das,
3575 844 3668 901 pa-

2086 910 2188 965 scit
2214 911 2234 942 ²
2254 922 2307 965 et
2326 911 2495 967 esurit
2518 924 2734 982 propter
2756 921 2807 968 te
2831 930 2846 967 :
2873 912 3053 980 donat,
3078 924 3133 970 et
3158 927 3299 986 eget.
3327 917 3547 984 Quando
3571 919 3667 975 do-

2087 1009 2212 1067 nat,
2253 1001 2332 1056 vis
2354 1002 2599 1072 accipere
2630 1020 2645 1060 :
2672 1003 2885 1074 quando
2908 1014 3063 1076 eget,
3103 1022 3209 1062 non
3240 1008 3322 1063 vis
3360 1010 3509 1064 dare.
3539 1011 3669 1079 Eget

2083 1090 2358 1160 Christus,
2384 1093 2600 1162 quando
2636 1102 2757 1165 eget
2772 1109 2979 1166 pauper
3005 1113 3020 1149 :
3050 1097 3418 1168 qlllOiltl‘tllttlS
3441 1101 3551 1155 suis
3593 1103 3668 1158 vi-

2088 1190 2194 1237 tam
2214 1193 2466 1239 aeternam
2486 1193 2702 1254 paratus
2724 1194 2810 1243 est
2829 1185 2981 1252 dare,
3013 1187 3067 1242 in
3097 1204 3414 1261 unoquoque
3441 1208 3669 1263 paupere

2083 1276 2447 1344 tcmporaliter
2461 1276 2706 1346 dignatus
2733 1286 2817 1333 est
2844 1279 3106 1349 accipere.

2159 1386 2380 1442 CAPUT
2412 1388 2518 1442 VII.
2541 1389 2685 1445 —9.
2734 1388 2933 1444 Divitior
2966 1391 3019 1444 in
3067 1392 3247 1446 caelum
3290 1396 3668 1466 pramittemla,

2090 1477 2368 1549 Pauper-es,
2399 1480 2647 1533 laturorii.
2673 1480 2740 1535 Et
2760 1481 3040 1537 consilium
3060 1483 3148 1537 dat
3175 1498 3281 1553 quo
3307 1486 3502 1555 tnigrcs
3532 1504 3546 1542 :
3574 1488 3667 1543 de-

2088 1571 2166 1625 dit
2210 1570 2354 1626 euim
2397 1571 2677 1627 consilium
2724 1588 2829 1643 quo
2876 1574 3105 1644 migrare
3144 1575 3359 1631 debeas.
3400 1577 3559 1649 Mign
3600 1579 3671 1635 de

2083 1671 2228 1717 terra
2276 1662 2328 1716 iu
2364 1663 2564 1718 emtum
2585 1703 2599 1727 ,
2632 1677 2700 1718 ne
2731 1663 2938 1734 perdas.
2966 1664 3139 1733 Quam
3173 1668 3323 1722 multi
3364 1669 3506 1723 enim
3528 1670 3669 1740 quod

2089 1751 2372 1808 servabant
2399 1752 2761 1823 perdiderunt,
2784 1763 2837 1808 ct
2868 1769 2966 1809 nec
2990 1756 3068 1810 sic
3084 1759 3310 1812 correcti
3339 1759 3390 1813 in
3418 1761 3555 1814 cmlo
3581 1775 3674 1828 po-

2084 1859 2217 1899 nere
2245 1842 2562 1898 didicerunt.
2594 1842 2649 1898 Si
2679 1844 2814 1898 forte
2857 1844 2946 1899 tibi
2991 1846 3182 1916 aliquis
3224 1846 3464 1915 diceret,
3511 1848 3669 1920 Mign

2083 1933 2299 1987 divitias
2315 1940 2443 1988 tuas
2470 1933 2538 1989 ab
2556 1931 2853 1989 Occidente
2882 1935 2934 1988 in
2958 1933 3235 1990 Orientem
3259 1979 3272 1999 ,
3301 1940 3345 1992 si
3373 1955 3477 1994 non
3506 1941 3586 1994 vis
3610 1952 3671 1995 ut

2091 2035 2341 2095 pereant;
2383 2033 2663 2091 mstuares,
2699 2025 2997 2093 laborares,
3039 2038 3340 2098 satageres,
3372 2032 3672 2087 attenderes

2090 2123 2284 2187 quanta
2309 2125 2489 2171 essent
2511 2131 2630 2187 qua:
2655 2115 2882 2172 haberes
2901 2158 2916 2183 ,
2946 2118 3154 2174 videres
3199 2128 3250 2175 te
3289 2122 3674 2193 multiplicitate

2091 2222 2269 2262 rerum
2299 2216 2503 2263 tuarum
2531 2207 2682 2263 facile
2708 2208 2758 2261 in
2784 2209 3064 2279 longinqua
3094 2210 3323 2279 migrare
3351 2227 3453 2265 non
3478 2228 3671 2283 posse:

2091 2306 2148 2353 ct
2174 2298 2312 2354 forte
2332 2297 2511 2366 lieres,
2534 2301 2657 2371 quia
2683 2299 2761 2355 ire
2778 2301 3049 2371 cogereris
3072 2343 3088 2368 ,
3116 2311 3170 2356 et
3209 2304 3474 2372 quomodo
3500 2314 3673 2362 tecum

2095 2390 2308 2446 tolleres
2329 2390 2469 2462 quod
2490 2391 2903 2463 eollegcrasnon
2928 2393 3217 2449 invenires.
3238 2395 3293 2450 iu
3310 2396 3674 2468 longinquiora

2094 2491 2146 2539 te
2174 2486 2403 2555 migrare
2416 2484 2602 2554 jussit,
2632 2485 2721 2555 qui
2752 2500 2855 2540 non
2886 2485 2994 2552 ait,
3026 2485 3190 2557 Migra
3218 2487 3284 2541 ab
3308 2487 3596 2544 Occidente
3624 2489 3675 2544 in

2090 2574 2396 2641 Orientem;
2426 2575 2554 2643 sed,
2588 2576 2748 2647 Migra
2790 2576 2858 2632 de.
2898 2588 3037 2633 terra
3068 2579 3120 2633 in
3160 2581 3375 2635 coelum.
3417 2578 3673 2647 Estuas,

2083 2667 2243 2737 quasi
2271 2665 2637 2723 difficultatem
2658 2669 2915 2737 majorem
2942 2669 3034 2724 tibi
3060 2668 3254 2725 videris
3283 2670 3388 2740 pati
3412 2712 3428 2738 ,
3467 2680 3521 2725 et
3545 2672 3677 2727 dicis

2094 2756 2191 2815 tibi
2221 2774 2236 2811 :
2266 2755 2321 2811 Si
2344 2772 2459 2810 non
2483 2756 2815 2813 inveniebam
2836 2758 3075 2826 jumenta
3099 2767 3153 2814 et
3178 2775 3366 2824 naves,
3398 2761 3593 2830 quibus
3614 2763 3678 2816 ab

2094 2843 2380 2901 Occidente
2401 2846 2684 2917 migrarent
2710 2846 2781 2902 ad
2804 2848 3098 2914 Orientem;
3121 2850 3676 2920 quomodo‘inveniam

2092 2936 2284 3003 scalas,
2314 2936 2507 3008 quibus
2530 2952 2560 2991 a
2588 2946 2726 2992 terra
2755 2938 2975 3010 migrent
2999 2940 3049 2994 in
3073 2941 3306 2996 caelum?
3325 2940 3462 3008 Noli,
3487 2943 3676 3013 inquit,

2095 3025 2188 3082 tibi
2218 3025 2379 3093 Deus,
2404 3026 2665 3092 laborare,
2681 3028 2791 3083 noli
2814 3029 3060 3085 laborare
3087 3050 3099 3085 :
3122 3032 3210 3101 qui
3240 3041 3292 3086 te
3315 3032 3533 3088 divitem
3555 3033 3676 3098 feci,

2092 3116 2183 3186 qui
2235 3116 2327 3171 tibi
2374 3116 2516 3186 quod
2559 3116 2716 3173 dares
2760 3117 2915 3187 dedi,
2946 3119 3231 3176 laturarios
3278 3122 3371 3177 tibi
3419 3136 3680 3193 pauperes

2093 3205 2217 3261 feci.
2243 3202 2299 3262 Si
2321 3247 2335 3271 ,
2371 3207 2518 3263 verbi
2547 3208 2712 3278 gratia
2733 3252 2749 3276 ,
2782 3209 3049 3266 invenires
3084 3212 3313 3283 aliquem
3358 3213 3571 3284 inopem
3613 3215 3681 3270 de

2095 3305 2242 3352 trans
2265 3312 2413 3353 mare
2436 3339 2450 3364 ,
2482 3306 2574 3352 aut
2598 3315 2705 3370 quo
2732 3298 2809 3354 ire
2831 3302 2994 3355 velles
3012 3342 3028 3368 ,
3062 3301 3331 3359 invenires
3357 3304 3481 3359 inde
3506 3307 3677 3360 civem

2092 3378 2327 3460 aliquem
2357 3391 2727 3446 necessitatem
2763 3392 3052 3461 patientem
3074 3436 3087 3457 ,
3122 3394 3330 3451 diceres
3358 3396 3452 3450 tibi
3481 3413 3496 3448 :
3533 3395 3679 3451 Civis

2092 3481 2194 3536 iste
2221 3480 2344 3536 inde
2369 3490 2451 3536 est
2473 3496 2581 3552 quo
2604 3497 2704 3553 ego
2726 3483 2846 3538 volo
2872 3484 2977 3550 ire;
3000 3494 3120 3554 eget
3150 3484 3235 3540 hic
3258 3525 3271 3550 ,
3300 3485 3370 3540 do
3399 3486 3473 3540 illi
3495 3486 3517 3518 ³
3534 3486 3679 3557 quod

2095 3572 2165 3628 ibi
2220 3572 2348 3627 mihi
2406 3573 2608 3628 reddat.
2663 3574 2805 3631 Ecce
2851 3584 2973 3647 eget
3011 3576 3098 3631 hic
3146 3592 3379 3648 panper,
3422 3579 3554 3634 civis
3598 3588 3682 3634 cst

2094 3666 2242 3735 regni
2276 3665 2532 3720 emtorem
2564 3666 2729 3736 :qnid
2763 3655 2974 3723 dubitas
3013 3667 3187 3725 facere
3217 3670 3596 3740 trajectitium?
3623 3671 3678 3725 Si

2095 3756 2238 3809 enim
2265 3755 2393 3810 dant
2422 3757 2510 3826 qui
2544 3756 2643 3810 hoc
2689 3756 2926 3824 faciunt,
2965 3767 3023 3812 ut
3055 3760 3203 3828 plura
3233 3760 3527 3829 accipiant,
3556 3776 3679 3816 cum

2096 3843 2161 3899 ad
2191 3859 2253 3899 ea
2292 3845 2404 3900 loca
2437 3846 2707 3911 venerint,
2734 3847 2874 3902 unde
2901 3857 2984 3902 est
3011 3848 3102 3904 ille
3124 3850 3214 3920 qui
3242 3852 3443 3920 accepit
3468 3867 3483 3909 :
3514 3852 3679 3909 facia-

2095 3950 2214 3990 mus
2241 3945 2295 3991 et
2322 3951 2439 3992 nos.

2168 4050 2394 4108 CAPUT
2438 4052 2581 4107 Vill:
2599 4084 2665 4094 —-
2695 4053 2778 4109 10.
2807 4052 2965 4109 Fides
2990 4055 3042 4109 in
3068 4055 3238 4122 corde,
3266 4057 3407 4125 quasi
3447 4054 3679 4112 Christus

2098 4141 2151 4211 ip
2201 4142 2315 4196 novi
2361 4142 2647 4211 dormiens,
2691 4145 2978 4199 excitanda.
3007 4144 3119 4200 Hoc
3158 4144 3245 4212 lit,
3276 4146 3323 4202 si
3363 4146 3675 4212 credamus,

2098 4232 2142 4287 si
2170 4233 2326 4288 tidem
2350 4234 2660 4289 excitemus.
2713 4234 2844 4289 Nam
2890 4251 3028 4291 Vane
3055 4237 3457 4292 conturbantur.
3500 4236 3679 4305 Quare

2099 4337 2233 4378 vane
2252 4324 2664 4379 conturbamur?
2693 4326 2823 4392 Quia
2852 4325 3148 4382 dormiente
3195 4326 3407 4381 Christo
3432 4328 3482 4381 in
3516 4330 3637 4383 navi
3660 4369 3675 4390 ,

2102 4430 2238 4486 pene
2275 4415 2718 4485 naufragaverunt
2744 4416 3010 4487 discipuli.
3058 4416 3362 4471 Dormiebat
3402 4415 3596 4483 Jesus,
3627 4430 3681 4473 et

2100 4504 2446 4560 turbabantur
2470 4505 2734 4576 discipuli.
2769 4506 2920 4561 Venti
2956 4506 3243 4563 saiviehant
3263 4547 3277 4571 ,
3310 4504 3504 4562 ﬂuctus
3527 4509 3675 4562 exei-

2100 4596 2364 4662 tabantur,
2393 4597 2542 4652 navis
2572 4597 2906 4669 mergebatur
2929 4597 3137 4669 (Matth.
3171 4615 3280 4666 vtn,
3301 4596 3515 4669 25-27).
3538 4596 3684 4664 Qua-

2101 4689 2194 4744 re?
2214 4688 2345 4758 Quia
2365 4688 2518 4745 Jesus
2546 4689 2862 4745 dormiebat.
2887 4690 2976 4746 Sic
3004 4699 3058 4745 et
3097 4699 3171 4755 tu,
3214 4689 3427 4760 quando
3468 4698 3650 4759 tempe
3669 4717 3681 4727 -

2100 4786 2266 4834 states
2295 4779 2644 4834 tentationum
2693 4779 2922 4835 szeviunt
2966 4780 3020 4833 in
3061 4781 3163 4834 isto
3192 4779 3407 4843 sa2culo,
3437 4779 3680 4833 turbatur

2098 4883 2192 4925 cor
2218 4881 2360 4925 tuum
2385 4912 2400 4936 ,
2446 4880 2695 4941 tanquam
2726 4870 2873 4924 navis
2904 4878 3013 4925 tua.
3042 4870 3237 4936 Quare,
3270 4870 3368 4925 nisi
3398 4871 3519 4941 quia
3544 4868 3677 4923 dor-

2098 4961 2194 5016 mit
2220 4960 2348 5016 tldes
2373 4961 2495 5015 tua?
2522 4960 2611 5017 Sic
2634 4961 2775 5016 enim
2817 4961 3013 5016 Paulus
3036 4961 3307 5031 apostolus
3352 4959 3500 5027 dicit,
3551 4959 3675 5028 quia

2100 5052 2298 5107 habitat
2321 5052 2563 5107 Christus
2592 5067 2685 5122 per
2714 5052 2869 5108 fidem
2899 5052 2949 5105 in
2975 5051 3222 5107 cordibus
3244 5052 3437 5106 uestris
3459 5050 3674 5121 (Epitcs.

2099 5158 2176 5210 ιιι,
2206 5141 2312 5215 l7).
2344 5142 2527 5197 Excita
2556 5157 2683 5214 ergo
2724 5141 2995 5198 Christum
3035 5143 3088 5197 in
3118 5141 3280 5198 corde
3326 5151 3450 5206 tuo,
3494 5141 3679 5211 vigilet

2098 5236 2229 5293 fides
2274 5245 2382 5301 tua,
2429 5234 2804 5306 tranquilletur
2841 5235 3164 5292 conscientia
3197 5242 3386 5309 tua,_et
3420 5234 3678 5289 liberatur

2099 5327 2247 5382 navis
2275 5334 2382 5381 tua.
2411 5323 2593 5391 Senti,
2648 5326 2895 5397 quoniam
2941 5325 3029 5395 qui
3078 5326 3323 5395 promisit
3363 5339 3519 5380 verax
3569 5335 3676 5379 est.

2095 5414 2337 5472 Nondum
2369 5415 2635 5475 ostendit;
2658 5415 2779 5486 quia
2810 5414 3045 5470 nomium
3062 5424 3144 5470 est
3175 5425 3383 5486 tempus
3411 5420 3674 5471 utostcn-

2157 5550 2177 5622 ξ
2197 5547 2326 5622 {qud
2357 5548 2601 5622 mitiga.
2629 5554 2970 5622 ven.‘eJtt.ov.,
2997 5559 3170 5622 ergone
3192 5546 3321 5614 quod
3342 5545 3551 5602 dederis.
3609 5554 3675 5611 Μ,

2155 5611 2177 5673 ξ
2198 5602 2270 5659 sic
2287 5618 2388 5673 ηε.
2413 5602 2550 5659 ΕΜΓ
2553 5622 2690 5669 vero,
2711 5614 2761 5673 ut
2780 5610 2874 5673 des
2890 5602 3060 5673 posvit:

2160 5672 2180 5704 ³
2202 5672 2466 5723 Victorinus
2487 5676 2590 5734 ais,
2606 5668 2694 5737 ego
2717 5670 2779 5721 do
