  <div class='ocr_page' id='page_1' title='image "/cluster/home/n/w/nwhite01/storage/ocr_20150623/38/hvd.32044096580600/126.png"; bbox 0 0 3988 6190; ppageno 0'>
   <div class='ocr_carea' id='block_1_1' title="bbox 339 329 448 384">
    <p class='ocr_par' dir='ltr' id='par_1_1' title="bbox 339 329 448 384">
     <span class='ocr_line' id='line_1_1' title="bbox 339 329 448 384; baseline -0.009 0"><span class='ocrx_word' id='word_1_1' title='bbox 339 329 448 384; x_wconf 66' lang='grc'><strong>³81</strong></span> 
     </span>
    </p>
   </div>
   <div class='ocr_carea' id='block_1_2' title="bbox 340 429 1926 505">
    <p class='ocr_par' dir='ltr' id='par_1_2' title="bbox 340 429 1926 505">
     <span class='ocr_line' id='line_1_2' title="bbox 340 429 1926 505; baseline -0.013 -7"><span class='ocrx_word' id='word_1_2' title='bbox 340 444 464 498; x_wconf 71' lang='lat' dir='ltr'><strong>dat.</strong></span> <span class='ocrx_word' id='word_1_3' title='bbox 544 436 710 494; x_wconf 71' lang='lat' dir='ltr'><strong>Multa</strong></span> <span class='ocrx_word' id='word_1_4' title='bbox 772 435 886 505; x_wconf 81' lang='lat' dir='ltr'><strong>jam</strong></span> <span class='ocrx_word' id='word_1_5' title='bbox 930 443 1105 489; x_wconf 88' lang='lat' dir='ltr'><strong>tamen</strong></span> <span class='ocrx_word' id='word_1_6' title='bbox 1151 431 1425 494; x_wconf 76' lang='lat' dir='ltr'><strong>ostendit:</strong></span> <span class='ocrx_word' id='word_1_7' title='bbox 1457 429 1720 483; x_wconf 79' lang='lat' dir='ltr'><strong>Christum</strong></span> <span class='ocrx_word' id='word_1_8' title='bbox 1771 440 1926 480; x_wconf 87' lang='lat' dir='ltr'><strong>suum</strong></span> 
     </span>
    </p>
   </div>
   <div class='ocr_carea' id='block_1_3' title="bbox 344 517 1928 602">
    <p class='ocr_par' dir='ltr' id='par_1_3' title="bbox 344 517 1928 602">
     <span class='ocr_line' id='line_1_3' title="bbox 344 517 1928 602; baseline -0.01 -16"><span class='ocrx_word' id='word_1_9' title='bbox 344 530 626 602; x_wconf 60' lang='lat' dir='ltr'><strong>permisit,</strong></span> <span class='ocrx_word' id='word_1_10' title='bbox 653 536 710 583; x_wconf 90' lang='lat' dir='ltr'><strong>et</strong></span> <span class='ocrx_word' id='word_1_11' title='bbox 733 524 882 581; x_wconf 90' lang='lat' dir='ltr'><strong>dedit</strong></span> <span class='ocrx_word' id='word_1_12' title='bbox 905 543 918 579; x_wconf 92' lang='lat'>:</span> <span class='ocrx_word' id='word_1_13' title='bbox 943 525 1383 580; x_wconf 78' lang='lat' dir='ltr'><strong>resurrectionem</strong></span> <span class='ocrx_word' id='word_1_14' title='bbox 1429 523 1546 588; x_wconf 75' lang='lat' dir='ltr'><strong>ejus</strong></span> <span class='ocrx_word' id='word_1_15' title='bbox 1573 517 1838 589; x_wconf 87' lang='lat' dir='ltr'><strong>promisit,</strong></span> <span class='ocrx_word' id='word_1_16' title='bbox 1873 524 1928 570; x_wconf 90' lang='lat' dir='ltr'><strong>et</strong></span> 
     </span>
    </p>
   </div>
   <div class='ocr_carea' id='block_1_4' title="bbox 340 609 1927 688">
    <p class='ocr_par' dir='ltr' id='par_1_4' title="bbox 340 609 1927 688">
     <span class='ocr_line' id='line_1_4' title="bbox 340 609 1927 688; baseline -0.011 -10"><span class='ocrx_word' id='word_1_17' title='bbox 340 621 497 678; x_wconf 80' lang='lat' dir='ltr'><strong>dedit</strong></span> <span class='ocrx_word' id='word_1_18' title='bbox 530 640 544 674; x_wconf 92' lang='lat'><strong>:</strong></span> <span class='ocrx_word' id='word_1_19' title='bbox 573 617 922 688; x_wconf 75' lang='lat' dir='ltr'><strong>Evangelium</strong></span> <span class='ocrx_word' id='word_1_20' title='bbox 950 630 1102 670; x_wconf 89' lang='lat' dir='ltr'><strong>suum</strong></span> <span class='ocrx_word' id='word_1_21' title='bbox 1133 613 1407 684; x_wconf 75' lang='lat' dir='ltr'><strong>promisit,</strong></span> <span class='ocrx_word' id='word_1_22' title='bbox 1449 620 1506 666; x_wconf 81' lang='lat' dir='ltr'><strong>et</strong></span> <span class='ocrx_word' id='word_1_23' title='bbox 1528 609 1709 664; x_wconf 88' lang='lat' dir='ltr'><strong>dedit:</strong></span> <span class='ocrx_word' id='word_1_24' title='bbox 1741 609 1927 671; x_wconf 74' lang='lat' dir='ltr'><strong>Eccle-</strong></span> 
     </span>
    </p>
   </div>
   <div class='ocr_carea' id='block_1_5' title="bbox 343 697 1925 771">
    <p class='ocr_par' dir='ltr' id='par_1_5' title="bbox 343 697 1925 771">
     <span class='ocr_line' id='line_1_5' title="bbox 343 697 1925 771; baseline -0.009 -7"><span class='ocrx_word' id='word_1_25' title='bbox 343 715 484 767; x_wconf 71' lang='lat' dir='ltr'><strong>sium</strong></span> <span class='ocrx_word' id='word_1_26' title='bbox 511 724 665 764; x_wconf 84' lang='lat' dir='ltr'><strong>suam</strong></span> <span class='ocrx_word' id='word_1_27' title='bbox 687 715 802 762; x_wconf 86' lang='lat' dir='ltr'><strong>toto</strong></span> <span class='ocrx_word' id='word_1_28' title='bbox 821 707 953 760; x_wconf 87' lang='lat' dir='ltr'><strong>orbe</strong></span> <span class='ocrx_word' id='word_1_29' title='bbox 974 703 1368 760; x_wconf 77' lang='lat' dir='ltr'><strong>diﬂ’undendam</strong></span> <span class='ocrx_word' id='word_1_30' title='bbox 1393 701 1651 771; x_wconf 69' lang='lat' dir='ltr'><strong>pronvisit,</strong></span> <span class='ocrx_word' id='word_1_31' title='bbox 1675 709 1728 753; x_wconf 93' lang='lat' dir='ltr'><strong>et</strong></span> <span class='ocrx_word' id='word_1_32' title='bbox 1743 697 1886 752; x_wconf 90' lang='lat' dir='ltr'><strong>dedit</strong></span> <span class='ocrx_word' id='word_1_33' title='bbox 1911 714 1925 750; x_wconf 90' lang='lat'><strong>:</strong></span> 
     </span>
    </p>
   </div>
   <div class='ocr_carea' id='block_1_6' title="bbox 346 788 1931 867">
    <p class='ocr_par' dir='ltr' id='par_1_6' title="bbox 346 788 1931 867">
     <span class='ocr_line' id='line_1_6' title="bbox 346 788 1931 867; baseline -0.009 -10"><span class='ocrx_word' id='word_1_34' title='bbox 346 801 719 857; x_wconf 84' lang='lat' dir='ltr'><strong>tribulationes</strong></span> <span class='ocrx_word' id='word_1_35' title='bbox 742 798 887 867; x_wconf 86' lang='lat' dir='ltr'><strong>ipsas</strong></span> <span class='ocrx_word' id='word_1_36' title='bbox 925 805 979 850; x_wconf 91' lang='lat' dir='ltr'><strong>et</strong></span> <span class='ocrx_word' id='word_1_37' title='bbox 1027 808 1250 864; x_wconf 71' lang='lat' dir='ltr'><strong>aggeres</strong></span> <span class='ocrx_word' id='word_1_38' title='bbox 1273 792 1628 848; x_wconf 73' lang='lat' dir='ltr'><strong>calamitatum</strong></span> <span class='ocrx_word' id='word_1_39' title='bbox 1677 791 1728 844; x_wconf 90' lang='lat' dir='ltr'><strong>in</strong></span> <span class='ocrx_word' id='word_1_40' title='bbox 1769 788 1931 843; x_wconf 86' lang='lat' dir='ltr'><strong>rebus</strong></span> 
     </span>
    </p>
   </div>
   <div class='ocr_carea' id='block_1_7' title="bbox 345 882 1931 959">
    <p class='ocr_par' dir='ltr' id='par_1_7' title="bbox 345 882 1931 959">
     <span class='ocr_line' id='line_1_7' title="bbox 345 882 1931 959; baseline -0.008 -12"><span class='ocrx_word' id='word_1_41' title='bbox 345 891 601 947; x_wconf 82' lang='lat' dir='ltr'><strong>humanis</strong></span> <span class='ocrx_word' id='word_1_42' title='bbox 630 887 893 959; x_wconf 71' lang='lat' dir='ltr'><strong>prvedisit,</strong></span> <span class='ocrx_word' id='word_1_43' title='bbox 923 895 978 942; x_wconf 89' lang='lat' dir='ltr'><strong>et</strong></span> <span class='ocrx_word' id='word_1_44' title='bbox 1021 884 1272 939; x_wconf 73' lang='lat' dir='ltr'><strong>ostendit.</strong></span> <span class='ocrx_word' id='word_1_45' title='bbox 1317 882 1524 949; x_wconf 88' lang='lat' dir='ltr'><strong>Quanta</strong></span> <span class='ocrx_word' id='word_1_46' title='bbox 1555 890 1678 936; x_wconf 91' lang='lat' dir='ltr'><strong>sunt</strong></span> <span class='ocrx_word' id='word_1_47' title='bbox 1702 895 1819 949; x_wconf 64' lang='lat' dir='ltr'><strong>quae</strong></span> <span class='ocrx_word' id='word_1_48' title='bbox 1845 895 1931 934; x_wconf 51' lang='lat' dir='ltr'><strong>re.</strong></span> 
     </span>
    </p>
   </div>
   <div class='ocr_carea' id='block_1_8' title="bbox 345 972 1930 1049">
    <p class='ocr_par' dir='ltr' id='par_1_8' title="bbox 345 972 1930 1049">
     <span class='ocr_line' id='line_1_8' title="bbox 345 972 1930 1049; baseline -0.008 -13"><span class='ocrx_word' id='word_1_49' title='bbox 345 983 536 1038; x_wconf 73' lang='lat' dir='ltr'><strong>stant?</strong></span> <span class='ocrx_word' id='word_1_50' title='bbox 558 980 847 1049; x_wconf 70' lang='lat' dir='ltr'><strong>inplentur</strong></span> <span class='ocrx_word' id='word_1_51' title='bbox 867 993 986 1047; x_wconf 77' lang='lat' dir='ltr'><strong>qua:</strong></span> <span class='ocrx_word' id='word_1_52' title='bbox 1026 975 1284 1044; x_wconf 85' lang='lat' dir='ltr'><strong>promissa</strong></span> <span class='ocrx_word' id='word_1_53' title='bbox 1309 984 1453 1038; x_wconf 86' lang='lat' dir='ltr'><strong>sunt,</strong></span> <span class='ocrx_word' id='word_1_54' title='bbox 1497 972 1784 1042; x_wconf 76' lang='lat' dir='ltr'><strong>implentur</strong></span> <span class='ocrx_word' id='word_1_55' title='bbox 1811 985 1930 1040; x_wconf 78' lang='lat' dir='ltr'><strong>qum</strong></span> 
     </span>
    </p>
   </div>
   <div class='ocr_carea' id='block_1_9' title="bbox 349 1061 1930 1141">
    <p class='ocr_par' dir='ltr' id='par_1_9' title="bbox 349 1061 1930 1141">
     <span class='ocr_line' id='line_1_9' title="bbox 349 1061 1930 1141; baseline -0.006 -19"><span class='ocrx_word' id='word_1_56' title='bbox 349 1071 605 1141; x_wconf 50' lang='lat' dir='ltr'><strong>praedicta</strong></span> <span class='ocrx_word' id='word_1_57' title='bbox 633 1078 757 1124; x_wconf 91' lang='lat' dir='ltr'><strong>sunt</strong></span> <span class='ocrx_word' id='word_1_58' title='bbox 781 1087 794 1122; x_wconf 90' lang='lat'><strong>:</strong></span> <span class='ocrx_word' id='word_1_59' title='bbox 821 1077 876 1122; x_wconf 91' lang='lat' dir='ltr'><strong>et</strong></span> <span class='ocrx_word' id='word_1_60' title='bbox 903 1067 1099 1120; x_wconf 85' lang='lat' dir='ltr'><strong>titubas</strong></span> <span class='ocrx_word' id='word_1_61' title='bbox 1125 1080 1192 1119; x_wconf 91' lang='lat' dir='ltr'><strong>ne</strong></span> <span class='ocrx_word' id='word_1_62' title='bbox 1214 1080 1316 1118; x_wconf 91' lang='lat' dir='ltr'><strong>non</strong></span> <span class='ocrx_word' id='word_1_63' title='bbox 1356 1065 1534 1118; x_wconf 80' lang='lat' dir='ltr'><strong>veniat</strong></span> <span class='ocrx_word' id='word_1_64' title='bbox 1555 1062 1693 1132; x_wconf 78' lang='lat' dir='ltr'><strong>quod</strong></span> <span class='ocrx_word' id='word_1_65' title='bbox 1725 1061 1930 1115; x_wconf 77' lang='lat' dir='ltr'><strong>restat?</strong></span> 
     </span>
    </p>
   </div>
   <div class='ocr_carea' id='block_1_10' title="bbox 349 1150 1930 1225">
    <p class='ocr_par' dir='ltr' id='par_1_10' title="bbox 349 1150 1930 1225">
     <span class='ocr_line' id='line_1_10' title="bbox 349 1150 1930 1225; baseline -0.008 -9"><span class='ocrx_word' id='word_1_66' title='bbox 349 1163 502 1216; x_wconf 79' lang='lat' dir='ltr'><strong>&#39;l‘unc</strong></span> <span class='ocrx_word' id='word_1_67' title='bbox 531 1161 720 1214; x_wconf 89' lang='lat' dir='ltr'><strong>timere</strong></span> <span class='ocrx_word' id='word_1_68' title='bbox 741 1157 986 1219; x_wconf 83' lang='lat' dir='ltr'><strong>deberes,</strong></span> <span class='ocrx_word' id='word_1_69' title='bbox 1016 1156 1062 1210; x_wconf 87' lang='lat' dir='ltr'><strong>si</strong></span> <span class='ocrx_word' id='word_1_70' title='bbox 1091 1153 1232 1225; x_wconf 87' lang='lat' dir='ltr'><strong>quod</strong></span> <span class='ocrx_word' id='word_1_71' title='bbox 1270 1153 1577 1223; x_wconf 68' lang='lat' dir='ltr'><strong>przedictum</strong></span> <span class='ocrx_word' id='word_1_72' title='bbox 1609 1161 1692 1206; x_wconf 78' lang='lat' dir='ltr'><strong>est</strong></span> <span class='ocrx_word' id='word_1_73' title='bbox 1720 1167 1824 1205; x_wconf 92' lang='lat' dir='ltr'><strong>non</strong></span> <span class='ocrx_word' id='word_1_74' title='bbox 1850 1150 1930 1204; x_wconf 87' lang='lat' dir='ltr'><strong>vi-</strong></span> 
     </span>
    </p>
   </div>
   <div class='ocr_carea' id='block_1_11' title="bbox 347 1245 1928 1314">
    <p class='ocr_par' dir='ltr' id='par_1_11' title="bbox 347 1245 1928 1314">
     <span class='ocr_line' id='line_1_11' title="bbox 347 1245 1928 1314; baseline -0.006 -10"><span class='ocrx_word' id='word_1_75' title='bbox 347 1254 533 1307; x_wconf 77' lang='lat' dir='ltr'><strong>deres.</strong></span> <span class='ocrx_word' id='word_1_76' title='bbox 577 1252 720 1305; x_wconf 87' lang='lat' dir='ltr'><strong>Bella</strong></span> <span class='ocrx_word' id='word_1_77' title='bbox 774 1259 932 1314; x_wconf 91' lang='lat' dir='ltr'><strong>sunt,</strong></span> <span class='ocrx_word' id='word_1_78' title='bbox 982 1247 1149 1301; x_wconf 87' lang='lat' dir='ltr'><strong>fames</strong></span> <span class='ocrx_word' id='word_1_79' title='bbox 1202 1256 1346 1311; x_wconf 85' lang='lat' dir='ltr'><strong>sunt,</strong></span> <span class='ocrx_word' id='word_1_80' title='bbox 1401 1245 1745 1300; x_wconf 81' lang='lat' dir='ltr'><strong>enutritiones</strong></span> <span class='ocrx_word' id='word_1_81' title='bbox 1787 1251 1928 1297; x_wconf 88' lang='lat' dir='ltr'><strong>sunt.</strong></span> 
     </span>
    </p>
   </div>
   <div class='ocr_carea' id='block_1_12' title="bbox 349 1334 1934 1412">
    <p class='ocr_par' dir='ltr' id='par_1_12' title="bbox 349 1334 1934 1412">
     <span class='ocr_line' id='line_1_12' title="bbox 349 1334 1934 1412; baseline -0.006 -16"><span class='ocrx_word' id='word_1_82' title='bbox 349 1343 779 1412; x_wconf 43' lang='lat' dir='ltr'><strong>Begimm‘super</strong></span> <span class='ocrx_word' id='word_1_83' title='bbox 805 1353 1030 1408; x_wconf 74' lang='lat' dir='ltr'><strong>regnum</strong></span> <span class='ocrx_word' id='word_1_84' title='bbox 1048 1344 1165 1402; x_wconf 86' lang='lat' dir='ltr'><strong>est,</strong></span> <span class='ocrx_word' id='word_1_85' title='bbox 1197 1345 1354 1391; x_wconf 68' lang='lat' dir='ltr'><strong>terra:</strong></span> <span class='ocrx_word' id='word_1_86' title='bbox 1395 1343 1573 1389; x_wconf 89' lang='lat' dir='ltr'><strong>motus</strong></span> <span class='ocrx_word' id='word_1_87' title='bbox 1611 1343 1752 1399; x_wconf 89' lang='lat' dir='ltr'><strong>sunt,</strong></span> <span class='ocrx_word' id='word_1_88' title='bbox 1788 1334 1934 1388; x_wconf 80' lang='lat' dir='ltr'><strong>cala-</strong></span> 
     </span>
    </p>
   </div>
   <div class='ocr_carea' id='block_1_13' title="bbox 346 1424 1931 1500">
    <p class='ocr_par' dir='ltr' id='par_1_13' title="bbox 346 1424 1931 1500">
     <span class='ocr_line' id='line_1_13' title="bbox 346 1424 1931 1500; baseline -0.008 -14"><span class='ocrx_word' id='word_1_89' title='bbox 346 1434 600 1487; x_wconf 79' lang='lat' dir='ltr'><strong>mitatum</strong></span> <span class='ocrx_word' id='word_1_90' title='bbox 623 1441 748 1485; x_wconf 89' lang='lat' dir='ltr'><strong>sunt</strong></span> <span class='ocrx_word' id='word_1_91' title='bbox 791 1427 1246 1500; x_wconf 74' lang='lat' dir='ltr'><strong>exaggerationes,</strong></span> <span class='ocrx_word' id='word_1_92' title='bbox 1291 1427 1615 1480; x_wconf 82' lang='lat' dir='ltr'><strong>abundantia</strong></span> <span class='ocrx_word' id='word_1_93' title='bbox 1650 1424 1931 1480; x_wconf 80' lang='lat' dir='ltr'><strong>scandalu-</strong></span> 
     </span>
    </p>
   </div>
   <div class='ocr_carea' id='block_1_14' title="bbox 351 1519 1931 1592">
    <p class='ocr_par' dir='ltr' id='par_1_14' title="bbox 351 1519 1931 1592">
     <span class='ocr_line' id='line_1_14' title="bbox 351 1519 1931 1592; baseline -0.004 -13"><span class='ocrx_word' id='word_1_94' title='bbox 351 1539 498 1588; x_wconf 85' lang='lat' dir='ltr'><strong>rum,</strong></span> <span class='ocrx_word' id='word_1_95' title='bbox 531 1523 690 1592; x_wconf 78' lang='lat' dir='ltr'><strong>frigus</strong></span> <span class='ocrx_word' id='word_1_96' title='bbox 718 1521 1022 1585; x_wconf 86' lang='lat' dir='ltr'><strong>charitatis,</strong></span> <span class='ocrx_word' id='word_1_97' title='bbox 1050 1519 1200 1589; x_wconf 85' lang='lat' dir='ltr'><strong>copia</strong></span> <span class='ocrx_word' id='word_1_98' title='bbox 1246 1519 1556 1590; x_wconf 62' lang='lat' dir='ltr'><strong>iniquitatis.</strong></span> <span class='ocrx_word' id='word_1_99' title='bbox 1593 1519 1717 1573; x_wconf 61' lang='lat' dir='ltr'><strong>ﬂare</strong></span> <span class='ocrx_word' id='word_1_100' title='bbox 1754 1519 1931 1572; x_wconf 84' lang='lat' dir='ltr'><strong>omnia</strong></span> 
     </span>
    </p>
   </div>
   <div class='ocr_carea' id='block_1_15' title="bbox 351 1608 1934 1687">
    <p class='ocr_par' dir='ltr' id='par_1_15' title="bbox 351 1608 1934 1687">
     <span class='ocr_line' id='line_1_15' title="bbox 351 1608 1934 1687; baseline -0.006 -15"><span class='ocrx_word' id='word_1_101' title='bbox 351 1619 496 1687; x_wconf 77' lang='lat' dir='ltr'><strong>lege,</strong></span> <span class='ocrx_word' id='word_1_102' title='bbox 519 1616 771 1685; x_wconf 64' lang='lat' dir='ltr'><strong>przedicta</strong></span> <span class='ocrx_word' id='word_1_103' title='bbox 793 1621 934 1668; x_wconf 90' lang='lat' dir='ltr'><strong>sunt.</strong></span> <span class='ocrx_word' id='word_1_104' title='bbox 958 1612 1118 1682; x_wconf 77' lang='lat' dir='ltr'><strong>Lege,</strong></span> <span class='ocrx_word' id='word_1_105' title='bbox 1137 1611 1278 1674; x_wconf 88' lang='lat' dir='ltr'><strong>vide,</strong></span> <span class='ocrx_word' id='word_1_106' title='bbox 1307 1610 1429 1682; x_wconf 86' lang='lat' dir='ltr'><strong>quia</strong></span> <span class='ocrx_word' id='word_1_107' title='bbox 1446 1612 1620 1666; x_wconf 86' lang='lat' dir='ltr'><strong>omnia</strong></span> <span class='ocrx_word' id='word_1_108' title='bbox 1642 1624 1760 1680; x_wconf 66' lang='lat' dir='ltr'><strong>quae</strong></span> <span class='ocrx_word' id='word_1_109' title='bbox 1786 1608 1934 1664; x_wconf 81' lang='lat' dir='ltr'><strong>vides</strong></span> 
     </span>
    </p>
   </div>
   <div class='ocr_carea' id='block_1_16' title="bbox 353 1701 1933 1775">
    <p class='ocr_par' dir='ltr' id='par_1_16' title="bbox 353 1701 1933 1775">
     <span class='ocr_line' id='line_1_16' title="bbox 353 1701 1933 1775; baseline -0.004 -15"><span class='ocrx_word' id='word_1_110' title='bbox 353 1707 607 1775; x_wconf 65' lang='lat' dir='ltr'><strong>praedicta</strong></span> <span class='ocrx_word' id='word_1_111' title='bbox 637 1716 796 1760; x_wconf 88' lang='lat' dir='ltr'><strong>sunt:</strong></span> <span class='ocrx_word' id='word_1_112' title='bbox 826 1713 880 1760; x_wconf 90' lang='lat' dir='ltr'><strong>et</strong></span> <span class='ocrx_word' id='word_1_113' title='bbox 908 1702 1068 1758; x_wconf 71' lang='lat' dir='ltr'><strong>crede</strong></span> <span class='ocrx_word' id='word_1_114' title='bbox 1096 1713 1148 1758; x_wconf 90' lang='lat' dir='ltr'><strong>te</strong></span> <span class='ocrx_word' id='word_1_115' title='bbox 1178 1703 1415 1757; x_wconf 90' lang='lat' dir='ltr'><strong>visurum</strong></span> <span class='ocrx_word' id='word_1_116' title='bbox 1462 1717 1582 1758; x_wconf 84' lang='lat' dir='ltr'><strong>esse</strong></span> <span class='ocrx_word' id='word_1_117' title='bbox 1621 1701 1762 1772; x_wconf 88' lang='lat' dir='ltr'><strong>quod</strong></span> <span class='ocrx_word' id='word_1_118' title='bbox 1800 1717 1933 1756; x_wconf 90' lang='lat' dir='ltr'><strong>non-</strong></span> 
     </span>
    </p>
   </div>
   <div class='ocr_carea' id='block_1_17' title="bbox 350 1794 1931 1865">
    <p class='ocr_par' dir='ltr' id='par_1_17' title="bbox 350 1794 1931 1865">
     <span class='ocr_line' id='line_1_17' title="bbox 350 1794 1931 1865; baseline -0.004 -11"><span class='ocrx_word' id='word_1_119' title='bbox 350 1801 484 1854; x_wconf 87' lang='lat' dir='ltr'><strong>dum</strong></span> <span class='ocrx_word' id='word_1_120' title='bbox 512 1797 692 1860; x_wconf 84' lang='lat' dir='ltr'><strong>venit,</strong></span> <span class='ocrx_word' id='word_1_121' title='bbox 743 1810 1026 1851; x_wconf 84' lang='lat' dir='ltr'><strong>numerans</strong></span> <span class='ocrx_word' id='word_1_122' title='bbox 1069 1804 1264 1865; x_wconf 88' lang='lat' dir='ltr'><strong>quanta</strong></span> <span class='ocrx_word' id='word_1_123' title='bbox 1313 1804 1591 1850; x_wconf 90' lang='lat' dir='ltr'><strong>venerunt.</strong></span> <span class='ocrx_word' id='word_1_124' title='bbox 1634 1794 1711 1848; x_wconf 89' lang='lat' dir='ltr'><strong>Tu</strong></span> <span class='ocrx_word' id='word_1_125' title='bbox 1755 1803 1931 1849; x_wconf 87' lang='lat' dir='ltr'><strong>autem</strong></span> 
     </span>
    </p>
   </div>
   <div class='ocr_carea' id='block_1_18' title="bbox 289 1885 1935 1956">
    <p class='ocr_par' dir='ltr' id='par_1_18' title="bbox 289 1885 1935 1956">
     <span class='ocr_line' id='line_1_18' title="bbox 289 1885 1935 1956; baseline -0.001 -14"><span class='ocrx_word' id='word_1_126' title='bbox 289 1916 292 1919; x_wconf 90' lang='lat'><strong><em>-</em></strong></span> <span class='ocrx_word' id='word_1_127' title='bbox 354 1887 588 1944; x_wconf 90' lang='lat' dir='ltr'><strong>videndo</strong></span> <span class='ocrx_word' id='word_1_128' title='bbox 630 1889 795 1942; x_wconf 91' lang='lat' dir='ltr'><strong>Deum</strong></span> <span class='ocrx_word' id='word_1_129' title='bbox 834 1885 1120 1941; x_wconf 83' lang='lat' dir='ltr'><strong>ostendere</strong></span> <span class='ocrx_word' id='word_1_130' title='bbox 1151 1900 1270 1955; x_wconf 68' lang='lat' dir='ltr'><strong>qua:</strong></span> <span class='ocrx_word' id='word_1_131' title='bbox 1309 1885 1586 1956; x_wconf 80' lang='lat' dir='ltr'><strong>praedixit,</strong></span> <span class='ocrx_word' id='word_1_132' title='bbox 1627 1900 1731 1940; x_wconf 89' lang='lat' dir='ltr'><strong>non</strong></span> <span class='ocrx_word' id='word_1_133' title='bbox 1761 1885 1935 1940; x_wconf 88' lang='lat' dir='ltr'><strong>credis</strong></span> 
     </span>
    </p>
   </div>
   <div class='ocr_carea' id='block_1_19' title="bbox 354 1974 1933 2046">
    <p class='ocr_par' dir='ltr' id='par_1_19' title="bbox 354 1974 1933 2046">
     <span class='ocr_line' id='line_1_19' title="bbox 354 1974 1933 2046; baseline -0.002 -13"><span class='ocrx_word' id='word_1_134' title='bbox 354 1981 604 2034; x_wconf 85' lang='lat' dir='ltr'><strong>daturum</strong></span> <span class='ocrx_word' id='word_1_135' title='bbox 633 1992 752 2033; x_wconf 88' lang='lat' dir='ltr'><strong>esse</strong></span> <span class='ocrx_word' id='word_1_136' title='bbox 778 1975 917 2046; x_wconf 86' lang='lat' dir='ltr'><strong>quod</strong></span> <span class='ocrx_word' id='word_1_137' title='bbox 942 1975 1221 2046; x_wconf 85' lang='lat' dir='ltr'><strong>promisit?</strong></span> <span class='ocrx_word' id='word_1_138' title='bbox 1253 1975 1325 2029; x_wconf 92' lang='lat' dir='ltr'><strong>lbi</strong></span> <span class='ocrx_word' id='word_1_139' title='bbox 1354 1975 1573 2030; x_wconf 86' lang='lat' dir='ltr'><strong>credere</strong></span> <span class='ocrx_word' id='word_1_140' title='bbox 1620 1974 1813 2040; x_wconf 88' lang='lat' dir='ltr'><strong>debes,</strong></span> <span class='ocrx_word' id='word_1_141' title='bbox 1847 1975 1933 2030; x_wconf 88' lang='lat' dir='ltr'><strong>ubi</strong></span> 
     </span>
    </p>
   </div>
   <div class='ocr_carea' id='block_1_20' title="bbox 355 2067 1674 2137">
    <p class='ocr_par' dir='ltr' id='par_1_20' title="bbox 355 2067 1674 2137">
     <span class='ocr_line' id='line_1_20' title="bbox 355 2067 1674 2137; baseline -0.009 -13"><span class='ocrx_word' id='word_1_142' title='bbox 355 2069 560 2125; x_wconf 76' lang='lat' dir='ltr'><strong>turbari</strong></span> <span class='ocrx_word' id='word_1_143' title='bbox 589 2067 818 2137; x_wconf 61' lang='lat' dir='ltr'><strong>cepisti.</strong></span> <span class='ocrx_word' id='word_1_144' title='bbox 1671 2071 1674 2074; x_wconf 83' lang='lat'>&#39;</span> 
     </span>
    </p>
   </div>
   <div class='ocr_carea' id='block_1_21' title="bbox 433 2154 1935 2229">
    <p class='ocr_par' dir='ltr' id='par_1_21' title="bbox 433 2154 1935 2229">
     <span class='ocr_line' id='line_1_21' title="bbox 433 2154 1935 2229; baseline -0.003 -16"><span class='ocrx_word' id='word_1_145' title='bbox 433 2159 519 2213; x_wconf 86' lang='grc' dir='ltr'>ιι.</span> <span class='ocrx_word' id='word_1_146' title='bbox 542 2155 770 2229; x_wconf 58' lang='grc' dir='ltr'>Πωιᾱιρ</span> <span class='ocrx_word' id='word_1_147' title='bbox 794 2165 1042 2209; x_wconf 80' lang='lat' dir='ltr'><strong>amatores</strong></span> <span class='ocrx_word' id='word_1_148' title='bbox 1068 2172 1185 2210; x_wconf 84' lang='lat' dir='ltr'><strong>suos</strong></span> <span class='ocrx_word' id='word_1_149' title='bbox 1209 2155 1462 2224; x_wconf 80' lang='lat' dir='ltr'><strong>relinquit.</strong></span> <span class='ocrx_word' id='word_1_150' title='bbox 1519 2155 1572 2210; x_wconf 90' lang='lat' dir='ltr'><strong>Si</strong></span> <span class='ocrx_word' id='word_1_151' title='bbox 1587 2155 1715 2229; x_wconf 66' lang='lat' dir='ltr'><strong>linis</strong></span> <span class='ocrx_word' id='word_1_152' title='bbox 1755 2154 1935 2209; x_wconf 90' lang='lat' dir='ltr'><strong>mundi</strong></span> 
     </span>
    </p>
   </div>
   <div class='ocr_carea' id='block_1_22' title="bbox 355 2219 1938 2319">
    <p class='ocr_par' dir='ltr' id='par_1_22' title="bbox 355 2219 1938 2319">
     <span class='ocr_line' id='line_1_22' title="bbox 355 2219 1938 2319; baseline -0.001 -16"><span class='ocrx_word' id='word_1_153' title='bbox 355 2259 485 2316; x_wconf 81' lang='lat' dir='ltr'><strong>est,</strong></span> <span class='ocrx_word' id='word_1_154' title='bbox 527 2219 858 2318; x_wconf 60' lang='lat' dir='ltr'><strong>migrandum</strong></span> <span class='ocrx_word' id='word_1_155' title='bbox 903 2256 985 2302; x_wconf 84' lang='lat' dir='ltr'><strong>est</strong></span> <span class='ocrx_word' id='word_1_156' title='bbox 1037 2246 1103 2301; x_wconf 87' lang='lat' dir='ltr'><strong>de</strong></span> <span class='ocrx_word' id='word_1_157' title='bbox 1149 2246 1364 2310; x_wconf 87' lang='lat' dir='ltr'><strong>mundo,</strong></span> <span class='ocrx_word' id='word_1_158' title='bbox 1404 2261 1514 2319; x_wconf 80' lang='lat' dir='ltr'><strong>non</strong></span> <span class='ocrx_word' id='word_1_159' title='bbox 1553 2221 1811 2300; x_wconf 80' lang='lat' dir='ltr'><strong>amandus</strong></span> <span class='ocrx_word' id='word_1_160' title='bbox 1857 2257 1938 2302; x_wconf 87' lang='lat' dir='ltr'><strong>est</strong></span> 
     </span>
    </p>
   </div>
   <div class='ocr_carea' id='block_1_23' title="bbox 359 2335 1934 2400">
    <p class='ocr_par' dir='ltr' id='par_1_23' title="bbox 359 2335 1934 2400">
     <span class='ocr_line' id='line_1_23' title="bbox 359 2335 1934 2400; baseline -0.001 -8"><span class='ocrx_word' id='word_1_161' title='bbox 359 2337 614 2392; x_wconf 86' lang='lat' dir='ltr'><strong>mundus.</strong></span> <span class='ocrx_word' id='word_1_162' title='bbox 638 2335 775 2391; x_wconf 87' lang='lat' dir='ltr'><strong>Ecce</strong></span> <span class='ocrx_word' id='word_1_163' title='bbox 805 2336 1048 2390; x_wconf 89' lang='lat' dir='ltr'><strong>turbatur</strong></span> <span class='ocrx_word' id='word_1_164' title='bbox 1077 2335 1322 2400; x_wconf 89' lang='lat' dir='ltr'><strong>mundus,</strong></span> <span class='ocrx_word' id='word_1_165' title='bbox 1354 2344 1410 2390; x_wconf 90' lang='lat' dir='ltr'><strong>et</strong></span> <span class='ocrx_word' id='word_1_166' title='bbox 1435 2341 1665 2390; x_wconf 67' lang='lat' dir='ltr'><strong>amatur</strong></span> <span class='ocrx_word' id='word_1_167' title='bbox 1689 2336 1934 2392; x_wconf 89' lang='lat' dir='ltr'><strong>mundus.</strong></span> 
     </span>
    </p>
   </div>
   <div class='ocr_carea' id='block_1_24' title="bbox 362 2426 1940 2500">
    <p class='ocr_par' dir='ltr' id='par_1_24' title="bbox 362 2426 1940 2500">
     <span class='ocr_line' id='line_1_24' title="bbox 362 2426 1940 2500; baseline -0.001 -16"><span class='ocrx_word' id='word_1_168' title='bbox 362 2429 518 2500; x_wconf 84' lang='lat' dir='ltr'><strong>Quid,</strong></span> <span class='ocrx_word' id='word_1_169' title='bbox 540 2431 584 2483; x_wconf 91' lang='lat' dir='ltr'><strong>si</strong></span> <span class='ocrx_word' id='word_1_170' title='bbox 613 2428 926 2498; x_wconf 88' lang='lat' dir='ltr'><strong>tranquillus</strong></span> <span class='ocrx_word' id='word_1_171' title='bbox 952 2437 1094 2482; x_wconf 54' lang='lat' dir='ltr'><strong>esret</strong></span> <span class='ocrx_word' id='word_1_172' title='bbox 1114 2426 1375 2481; x_wconf 87' lang='lat' dir='ltr'><strong>mundus?</strong></span> <span class='ocrx_word' id='word_1_173' title='bbox 1399 2427 1654 2481; x_wconf 83' lang='lat' dir='ltr'><strong>Formosa</strong></span> <span class='ocrx_word' id='word_1_174' title='bbox 1673 2427 1940 2497; x_wconf 91' lang='lat' dir='ltr'><strong>quomodo</strong></span> 
     </span>
    </p>
   </div>
   <div class='ocr_carea' id='block_1_25' title="bbox 363 2516 1938 2590">
    <p class='ocr_par' dir='ltr' id='par_1_25' title="bbox 363 2516 1938 2590">
     <span class='ocr_line' id='line_1_25' title="bbox 363 2516 1938 2590; baseline -0.003 -13"><span class='ocrx_word' id='word_1_175' title='bbox 363 2525 616 2588; x_wconf 65' lang='lat' dir='ltr'><strong>Intereres,</strong></span> <span class='ocrx_word' id='word_1_176' title='bbox 661 2519 750 2590; x_wconf 92' lang='lat' dir='ltr'><strong>qui</strong></span> <span class='ocrx_word' id='word_1_177' title='bbox 795 2519 873 2574; x_wconf 90' lang='lat' dir='ltr'><strong>sic</strong></span> <span class='ocrx_word' id='word_1_178' title='bbox 917 2518 1251 2590; x_wconf 88' lang='lat' dir='ltr'><strong>amplecteris</strong></span> <span class='ocrx_word' id='word_1_179' title='bbox 1305 2517 1540 2573; x_wconf 65' lang='lat' dir='ltr'><strong>findunt?</strong></span> <span class='ocrx_word' id='word_1_180' title='bbox 1592 2516 1776 2572; x_wconf 87' lang='lat' dir='ltr'><strong>Flores</strong></span> <span class='ocrx_word' id='word_1_181' title='bbox 1822 2518 1938 2587; x_wconf 89' lang='lat' dir='ltr'><strong>ejus</strong></span> 
     </span>
    </p>
   </div>
   <div class='ocr_carea' id='block_1_26' title="bbox 357 2607 1932 2684">
    <p class='ocr_par' dir='ltr' id='par_1_26' title="bbox 357 2607 1932 2684">
     <span class='ocr_line' id='line_1_26' title="bbox 357 2607 1932 2684; baseline -0.005 -16"><span class='ocrx_word' id='word_1_182' title='bbox 357 2613 631 2684; x_wconf 88' lang='lat' dir='ltr'><strong>quomodo</strong></span> <span class='ocrx_word' id='word_1_183' title='bbox 667 2610 964 2680; x_wconf 73' lang='lat' dir='ltr'><strong>colligrrcs,</strong></span> <span class='ocrx_word' id='word_1_184' title='bbox 995 2609 1082 2678; x_wconf 89' lang='lat' dir='ltr'><strong>qui</strong></span> <span class='ocrx_word' id='word_1_185' title='bbox 1121 2608 1189 2661; x_wconf 90' lang='lat' dir='ltr'><strong>ab</strong></span> <span class='ocrx_word' id='word_1_186' title='bbox 1237 2607 1405 2677; x_wconf 66' lang='lat' dir='ltr'><strong>spinis</strong></span> <span class='ocrx_word' id='word_1_187' title='bbox 1433 2622 1540 2661; x_wconf 91' lang='lat' dir='ltr'><strong>non</strong></span> <span class='ocrx_word' id='word_1_188' title='bbox 1575 2622 1793 2662; x_wconf 78' lang='lat' dir='ltr'><strong>revocas</strong></span> <span class='ocrx_word' id='word_1_189' title='bbox 1820 2623 1932 2662; x_wconf 89' lang='lat' dir='ltr'><strong>ma-</strong></span> 
     </span>
    </p>
   </div>
   <div class='ocr_carea' id='block_1_27' title="bbox 362 2698 1938 2769">
    <p class='ocr_par' dir='ltr' id='par_1_27' title="bbox 362 2698 1938 2769">
     <span class='ocr_line' id='line_1_27' title="bbox 362 2698 1938 2769; baseline -0.005 -10"><span class='ocrx_word' id='word_1_190' title='bbox 362 2705 528 2759; x_wconf 82' lang='lat' dir='ltr'><strong>num?</strong></span> <span class='ocrx_word' id='word_1_191' title='bbox 550 2701 666 2757; x_wconf 86' lang='lat' dir='ltr'><strong>Non</strong></span> <span class='ocrx_word' id='word_1_192' title='bbox 694 2701 772 2756; x_wconf 92' lang='lat' dir='ltr'><strong>vis</strong></span> <span class='ocrx_word' id='word_1_193' title='bbox 801 2700 1101 2769; x_wconf 70' lang='lat' dir='ltr'><strong>relinquere</strong></span> <span class='ocrx_word' id='word_1_194' title='bbox 1124 2698 1400 2765; x_wconf 87' lang='lat' dir='ltr'><strong>mundum,</strong></span> <span class='ocrx_word' id='word_1_195' title='bbox 1433 2698 1680 2768; x_wconf 87' lang='lat' dir='ltr'><strong>relinquit</strong></span> <span class='ocrx_word' id='word_1_196' title='bbox 1709 2706 1760 2752; x_wconf 89' lang='lat' dir='ltr'><strong>te</strong></span> <span class='ocrx_word' id='word_1_197' title='bbox 1783 2713 1938 2752; x_wconf 84' lang='lat' dir='ltr'><strong>mun-</strong></span> 
     </span>
    </p>
   </div>
   <div class='ocr_carea' id='block_1_28' title="bbox 358 2787 1940 2863">
    <p class='ocr_par' dir='ltr' id='par_1_28' title="bbox 358 2787 1940 2863">
     <span class='ocr_line' id='line_1_28' title="bbox 358 2787 1940 2863; baseline -0.006 -12"><span class='ocrx_word' id='word_1_198' title='bbox 358 2799 484 2860; x_wconf 87' lang='lat' dir='ltr'><strong>dus,</strong></span> <span class='ocrx_word' id='word_1_199' title='bbox 521 2806 575 2850; x_wconf 90' lang='lat' dir='ltr'><strong>et</strong></span> <span class='ocrx_word' id='word_1_200' title='bbox 617 2791 856 2863; x_wconf 85' lang='lat' dir='ltr'><strong>sequeris</strong></span> <span class='ocrx_word' id='word_1_201' title='bbox 908 2789 1158 2844; x_wconf 90' lang='lat' dir='ltr'><strong>mundum</strong></span> <span class='ocrx_word' id='word_1_202' title='bbox 1189 2788 1355 2842; x_wconf 76' lang='lat' dir='ltr'><strong>&#39;.Cor</strong></span> <span class='ocrx_word' id='word_1_203' title='bbox 1405 2803 1532 2858; x_wconf 79' lang='lat' dir='ltr'><strong>ergo</strong></span> <span class='ocrx_word' id='word_1_204' title='bbox 1587 2787 1940 2854; x_wconf 83' lang='lat' dir='ltr'><strong>mandemus,</strong></span> 
     </span>
    </p>
   </div>
   <div class='ocr_carea' id='block_1_29' title="bbox 359 2877 1945 2950">
    <p class='ocr_par' dir='ltr' id='par_1_29' title="bbox 359 2877 1945 2950">
     <span class='ocr_line' id='line_1_29' title="bbox 359 2877 1945 2950; baseline -0.006 -9"><span class='ocrx_word' id='word_1_205' title='bbox 359 2885 663 2941; x_wconf 87' lang='lat' dir='ltr'><strong>charissimi</strong></span> <span class='ocrx_word' id='word_1_206' title='bbox 695 2902 708 2936; x_wconf 90' lang='lat'>:</span> <span class='ocrx_word' id='word_1_207' title='bbox 734 2892 786 2937; x_wconf 93' lang='lat' dir='ltr'><strong>et</strong></span> <span class='ocrx_word' id='word_1_208' title='bbox 825 2896 928 2936; x_wconf 92' lang='lat' dir='ltr'><strong>non</strong></span> <span class='ocrx_word' id='word_1_209' title='bbox 959 2878 1239 2950; x_wconf 83' lang='lat' dir='ltr'><strong>perdamus</strong></span> <span class='ocrx_word' id='word_1_210' title='bbox 1269 2879 1672 2938; x_wconf 61' lang='lat' dir='ltr'><strong>sustinentium;</strong></span> <span class='ocrx_word' id='word_1_211' title='bbox 1703 2877 1795 2933; x_wconf 88' lang='lat' dir='ltr'><strong>sed</strong></span> <span class='ocrx_word' id='word_1_212' title='bbox 1822 2894 1945 2949; x_wconf 85' lang='lat' dir='ltr'><strong>per-</strong></span> 
     </span>
    </p>
   </div>
   <div class='ocr_carea' id='block_1_30' title="bbox 360 2970 1939 3048">
    <p class='ocr_par' dir='ltr' id='par_1_30' title="bbox 360 2970 1939 3048">
     <span class='ocr_line' id='line_1_30' title="bbox 360 2970 1939 3048; baseline -0.006 -16"><span class='ocrx_word' id='word_1_213' title='bbox 360 2979 624 3048; x_wconf 87' lang='lat' dir='ltr'><strong>cipiamus</strong></span> <span class='ocrx_word' id='word_1_214' title='bbox 690 2972 1036 3042; x_wconf 87' lang='lat' dir='ltr'><strong>sapientiam,</strong></span> <span class='ocrx_word' id='word_1_215' title='bbox 1086 2980 1138 3025; x_wconf 89' lang='lat' dir='ltr'><strong>et</strong></span> <span class='ocrx_word' id='word_1_216' title='bbox 1197 2978 1468 3024; x_wconf 89' lang='lat' dir='ltr'><strong>teneamus</strong></span> <span class='ocrx_word' id='word_1_217' title='bbox 1531 2970 1939 3024; x_wconf 88' lang='lat' dir='ltr'><strong>continentiam.</strong></span> 
     </span>
    </p>
   </div>
   <div class='ocr_carea' id='block_1_31' title="bbox 362 3057 1942 3131">
    <p class='ocr_par' dir='ltr' id='par_1_31' title="bbox 362 3057 1942 3131">
     <span class='ocr_line' id='line_1_31' title="bbox 362 3057 1942 3131; baseline -0.008 -7"><span class='ocrx_word' id='word_1_218' title='bbox 362 3066 580 3124; x_wconf 81' lang='lat' dir='ltr'><strong>Transit</strong></span> <span class='ocrx_word' id='word_1_219' title='bbox 620 3063 789 3127; x_wconf 86' lang='lat' dir='ltr'><strong>labor,</strong></span> <span class='ocrx_word' id='word_1_220' title='bbox 837 3063 984 3116; x_wconf 89' lang='lat' dir='ltr'><strong>venit</strong></span> <span class='ocrx_word' id='word_1_221' title='bbox 1022 3059 1232 3131; x_wconf 87' lang='lat' dir='ltr'><strong>requies</strong></span> <span class='ocrx_word' id='word_1_222' title='bbox 1265 3076 1276 3111; x_wconf 78' lang='grc' dir='ltr'><strong>ε</strong></span> <span class='ocrx_word' id='word_1_223' title='bbox 1313 3069 1585 3114; x_wconf 81' lang='lat' dir='ltr'><strong>transeunt</strong></span> <span class='ocrx_word' id='word_1_224' title='bbox 1632 3057 1760 3111; x_wconf 83' lang='lat' dir='ltr'><strong>falsa</strong></span> <span class='ocrx_word' id='word_1_225' title='bbox 1809 3057 1942 3113; x_wconf 87' lang='lat' dir='ltr'><strong>deli-</strong></span> 
     </span>
    </p>
   </div>
   <div class='ocr_carea' id='block_1_32' title="bbox 363 3147 1936 3219">
    <p class='ocr_par' dir='ltr' id='par_1_32' title="bbox 363 3147 1936 3219">
     <span class='ocr_line' id='line_1_32' title="bbox 363 3147 1936 3219; baseline -0.008 -6"><span class='ocrx_word' id='word_1_226' title='bbox 363 3159 533 3219; x_wconf 85' lang='lat' dir='ltr'><strong>ciosa,</strong></span> <span class='ocrx_word' id='word_1_227' title='bbox 565 3163 618 3208; x_wconf 90' lang='lat' dir='ltr'><strong>et</strong></span> <span class='ocrx_word' id='word_1_228' title='bbox 642 3152 786 3206; x_wconf 80' lang='lat' dir='ltr'><strong>venit</strong></span> <span class='ocrx_word' id='word_1_229' title='bbox 812 3153 1005 3204; x_wconf 86' lang='lat' dir='ltr'><strong>bonum</strong></span> <span class='ocrx_word' id='word_1_230' title='bbox 1046 3148 1184 3216; x_wconf 85' lang='lat' dir='ltr'><strong>quod</strong></span> <span class='ocrx_word' id='word_1_231' title='bbox 1215 3148 1517 3216; x_wconf 70' lang='lat' dir='ltr'><strong>concupivit</strong></span> <span class='ocrx_word' id='word_1_232' title='bbox 1542 3148 1712 3202; x_wconf 85' lang='lat' dir='ltr'><strong>anima</strong></span> <span class='ocrx_word' id='word_1_233' title='bbox 1748 3147 1936 3210; x_wconf 78' lang='lat' dir='ltr'><strong>fidelis,</strong></span> 
     </span>
    </p>
   </div>
   <div class='ocr_carea' id='block_1_33' title="bbox 364 3237 1942 3308">
    <p class='ocr_par' dir='ltr' id='par_1_33' title="bbox 364 3237 1942 3308">
     <span class='ocr_line' id='line_1_33' title="bbox 364 3237 1942 3308; baseline -0.008 -5"><span class='ocrx_word' id='word_1_234' title='bbox 364 3247 450 3302; x_wconf 80' lang='lat' dir='ltr'><strong>cui</strong></span> <span class='ocrx_word' id='word_1_235' title='bbox 479 3243 765 3299; x_wconf 87' lang='lat' dir='ltr'><strong>inardescit</strong></span> <span class='ocrx_word' id='word_1_236' title='bbox 784 3249 840 3296; x_wconf 82' lang='lat' dir='ltr'><strong>ct.</strong></span> <span class='ocrx_word' id='word_1_237' title='bbox 856 3240 1084 3308; x_wconf 77' lang='lat' dir='ltr'><strong>suspirat</strong></span> <span class='ocrx_word' id='word_1_238' title='bbox 1108 3238 1280 3292; x_wconf 79' lang='lat' dir='ltr'><strong>oninis</strong></span> <span class='ocrx_word' id='word_1_239' title='bbox 1307 3239 1612 3306; x_wconf 77' lang='lat' dir='ltr'><strong>peregrinus</strong></span> <span class='ocrx_word' id='word_1_240' title='bbox 1638 3238 1688 3290; x_wconf 92' lang='lat' dir='ltr'><strong>iu</strong></span> <span class='ocrx_word' id='word_1_241' title='bbox 1711 3237 1942 3292; x_wconf 67' lang='lat' dir='ltr'><strong>sarculo:</strong></span> 
     </span>
    </p>
   </div>
   <div class='ocr_carea' id='block_1_34' title="bbox 366 3328 1946 3410">
    <p class='ocr_par' dir='ltr' id='par_1_34' title="bbox 366 3328 1946 3410">
     <span class='ocr_line' id='line_1_34' title="bbox 366 3328 1946 3410; baseline -0.007 -17"><span class='ocrx_word' id='word_1_242' title='bbox 366 3339 538 3410; x_wconf 87' lang='lat' dir='ltr'><strong>patria</strong></span> <span class='ocrx_word' id='word_1_243' title='bbox 564 3338 723 3397; x_wconf 88' lang='lat' dir='ltr'><strong>bona,</strong></span> <span class='ocrx_word' id='word_1_244' title='bbox 752 3334 917 3404; x_wconf 90' lang='lat' dir='ltr'><strong>patria</strong></span> <span class='ocrx_word' id='word_1_245' title='bbox 959 3331 1192 3386; x_wconf 74' lang='lat' dir='ltr'><strong>caelestis</strong></span> <span class='ocrx_word' id='word_1_246' title='bbox 1213 3371 1225 3395; x_wconf 93' lang='lat'><strong>,</strong></span> <span class='ocrx_word' id='word_1_247' title='bbox 1275 3330 1438 3399; x_wconf 87' lang='lat' dir='ltr'><strong>patria</strong></span> <span class='ocrx_word' id='word_1_248' title='bbox 1485 3328 1946 3398; x_wconf 77' lang='lat' dir='ltr'><strong>contemplationis</strong></span> 
     </span>
    </p>
   </div>
   <div class='ocr_carea' id='block_1_35' title="bbox 366 3420 1944 3500">
    <p class='ocr_par' dir='ltr' id='par_1_35' title="bbox 366 3420 1944 3500">
     <span class='ocr_line' id='line_1_35' title="bbox 366 3420 1944 3500; baseline -0.009 -14"><span class='ocrx_word' id='word_1_249' title='bbox 366 3430 731 3500; x_wconf 76' lang='lat' dir='ltr'><strong>Angelorum;</strong></span> <span class='ocrx_word' id='word_1_250' title='bbox 764 3425 928 3495; x_wconf 88' lang='lat' dir='ltr'><strong>patria</strong></span> <span class='ocrx_word' id='word_1_251' title='bbox 960 3422 1050 3478; x_wconf 90' lang='lat' dir='ltr'><strong>ubi</strong></span> <span class='ocrx_word' id='word_1_252' title='bbox 1079 3422 1252 3476; x_wconf 90' lang='lat' dir='ltr'><strong>nullus</strong></span> <span class='ocrx_word' id='word_1_253' title='bbox 1273 3421 1402 3475; x_wconf 89' lang='lat' dir='ltr'><strong>civis</strong></span> <span class='ocrx_word' id='word_1_254' title='bbox 1428 3420 1670 3486; x_wconf 77' lang='lat' dir='ltr'><strong>moritur,</strong></span> <span class='ocrx_word' id='word_1_255' title='bbox 1693 3436 1798 3489; x_wconf 89' lang='lat' dir='ltr'><strong>quo</strong></span> <span class='ocrx_word' id='word_1_256' title='bbox 1825 3420 1944 3473; x_wconf 86' lang='lat' dir='ltr'><strong>nul-</strong></span> 
     </span>
    </p>
   </div>
   <div class='ocr_carea' id='block_1_36' title="bbox 366 3511 1944 3585">
    <p class='ocr_par' dir='ltr' id='par_1_36' title="bbox 366 3511 1944 3585">
     <span class='ocr_line' id='line_1_36' title="bbox 366 3511 1944 3585; baseline -0.009 -7"><span class='ocrx_word' id='word_1_257' title='bbox 366 3525 452 3578; x_wconf 89' lang='lat' dir='ltr'><strong>lus</strong></span> <span class='ocrx_word' id='word_1_258' title='bbox 480 3521 645 3576; x_wconf 87' lang='lat' dir='ltr'><strong>hostis</strong></span> <span class='ocrx_word' id='word_1_259' title='bbox 674 3518 1000 3581; x_wconf 85' lang='lat' dir='ltr'><strong>admittitur;</strong></span> <span class='ocrx_word' id='word_1_260' title='bbox 1032 3515 1198 3585; x_wconf 89' lang='lat' dir='ltr'><strong>patria</strong></span> <span class='ocrx_word' id='word_1_261' title='bbox 1226 3512 1311 3566; x_wconf 91' lang='lat' dir='ltr'><strong>ubi</strong></span> <span class='ocrx_word' id='word_1_262' title='bbox 1335 3511 1534 3568; x_wconf 86' lang='lat' dir='ltr'><strong>habeas</strong></span> <span class='ocrx_word' id='word_1_263' title='bbox 1562 3512 1944 3581; x_wconf 84' lang='lat' dir='ltr'><strong>sempiternqu</strong></span> 
     </span>
    </p>
   </div>
   <div class='ocr_carea' id='block_1_37' title="bbox 367 3601 1710 3674">
    <p class='ocr_par' dir='ltr' id='par_1_37' title="bbox 367 3601 1710 3674">
     <span class='ocr_line' id='line_1_37' title="bbox 367 3601 1710 3674; baseline -0.01 -7"><span class='ocrx_word' id='word_1_264' title='bbox 367 3612 536 3668; x_wconf 88' lang='lat' dir='ltr'><strong>Deum</strong></span> <span class='ocrx_word' id='word_1_265' title='bbox 562 3610 826 3674; x_wconf 87' lang='lat' dir='ltr'><strong>amicum,</strong></span> <span class='ocrx_word' id='word_1_266' title='bbox 854 3606 940 3660; x_wconf 86' lang='lat' dir='ltr'><strong>ubi</strong></span> <span class='ocrx_word' id='word_1_267' title='bbox 972 3604 1173 3659; x_wconf 91' lang='lat' dir='ltr'><strong>nullum</strong></span> <span class='ocrx_word' id='word_1_268' title='bbox 1200 3604 1387 3658; x_wconf 90' lang='lat' dir='ltr'><strong>timeas</strong></span> <span class='ocrx_word' id='word_1_269' title='bbox 1415 3601 1710 3656; x_wconf 91' lang='lat' dir='ltr'><strong>inimicum.</strong></span> 
     </span>
    </p>
   </div>
   <div class='ocr_carea' id='block_1_38' title="bbox 828 3713 1491 3782">
    <p class='ocr_par' dir='ltr' id='par_1_38' title="bbox 828 3713 1491 3782">
     <span class='ocr_line' id='line_1_38' title="bbox 828 3713 1491 3782; baseline -0.008 -11"><span class='ocrx_word' id='word_1_270' title='bbox 828 3714 1054 3772; x_wconf 70' lang='lat' dir='ltr'><strong>SEltl-tt)</strong></span> <span class='ocrx_word' id='word_1_271' title='bbox 1093 3713 1314 3768; x_wconf 74' lang='lat' dir='ltr'><strong>XXXIX</strong></span> <span class='ocrx_word' id='word_1_272' title='bbox 1343 3717 1360 3735; x_wconf 71' lang='grc' dir='ltr'><strong><em>ο</em></strong></span> <span class='ocrx_word' id='word_1_273' title='bbox 1390 3715 1491 3782; x_wconf 86' lang='lat' dir='ltr'><strong>(a).</strong></span> 
     </span>
    </p>
   </div>
   <div class='ocr_carea' id='block_1_39' title="bbox 369 3804 1950 3879">
    <p class='ocr_par' dir='ltr' id='par_1_39' title="bbox 369 3804 1950 3879">
     <span class='ocr_line' id='line_1_39' title="bbox 369 3804 1950 3879; baseline -0.006 -11"><span class='ocrx_word' id='word_1_274' title='bbox 369 3813 451 3868; x_wconf 77' lang='lat' dir='ltr'><strong>De</strong></span> <span class='ocrx_word' id='word_1_275' title='bbox 477 3829 532 3867; x_wconf 81' lang='lat' dir='ltr'><strong>eo</strong></span> <span class='ocrx_word' id='word_1_276' title='bbox 551 3811 686 3878; x_wconf 83' lang='lat' dir='ltr'><strong>quod</strong></span> <span class='ocrx_word' id='word_1_277' title='bbox 708 3810 950 3879; x_wconf 84' lang='lat' dir='ltr'><strong>scriptum</strong></span> <span class='ocrx_word' id='word_1_278' title='bbox 999 3818 1070 3862; x_wconf 90' lang='lat' dir='ltr'><strong>est</strong></span> <span class='ocrx_word' id='word_1_279' title='bbox 1101 3806 1458 3870; x_wconf 82' lang='lat' dir='ltr'><strong>Ecclesiastici,</strong></span> <span class='ocrx_word' id='word_1_280' title='bbox 1489 3821 1541 3871; x_wconf 89' lang='lat' dir='ltr'><strong>v,</strong></span> <span class='ocrx_word' id='word_1_281' title='bbox 1571 3805 1623 3870; x_wconf 86' lang='lat'><strong>8,</strong></span> <span class='ocrx_word' id='word_1_282' title='bbox 1656 3805 1708 3869; x_wconf 86' lang='lat'><strong>9,</strong></span> <span class='ocrx_word' id='word_1_283' title='bbox 1740 3804 1814 3859; x_wconf 87' lang='lat' dir='ltr'><strong>Ne</strong></span> <span class='ocrx_word' id='word_1_284' title='bbox 1844 3813 1950 3858; x_wconf 88' lang='lat' dir='ltr'><strong>tar-</strong></span> 
     </span>
    </p>
   </div>
   <div class='ocr_carea' id='block_1_40' title="bbox 441 3893 1946 3965">
    <p class='ocr_par' dir='ltr' id='par_1_40' title="bbox 441 3893 1946 3965">
     <span class='ocr_line' id='line_1_40' title="bbox 441 3893 1946 3965; baseline -0.005 -10"><span class='ocrx_word' id='word_1_285' title='bbox 441 3901 538 3956; x_wconf 87' lang='lat' dir='ltr'><strong>des</strong></span> <span class='ocrx_word' id='word_1_286' title='bbox 563 3899 798 3954; x_wconf 87' lang='lat' dir='ltr'><strong>converti</strong></span> <span class='ocrx_word' id='word_1_287' title='bbox 827 3897 892 3952; x_wconf 91' lang='lat' dir='ltr'><strong>ad</strong></span> <span class='ocrx_word' id='word_1_288' title='bbox 934 3898 1132 3961; x_wconf 88' lang='lat' dir='ltr'><strong>Deum,</strong></span> <span class='ocrx_word' id='word_1_289' title='bbox 1186 3910 1356 3965; x_wconf 88' lang='lat' dir='ltr'><strong>neque</strong></span> <span class='ocrx_word' id='word_1_290' title='bbox 1406 3893 1620 3948; x_wconf 69' lang='lat' dir='ltr'><strong>diﬂ&#39;eras</strong></span> <span class='ocrx_word' id='word_1_291' title='bbox 1665 3894 1732 3948; x_wconf 90' lang='lat' dir='ltr'><strong>de</strong></span> <span class='ocrx_word' id='word_1_292' title='bbox 1761 3894 1845 3948; x_wconf 83' lang='lat' dir='ltr'><strong>die</strong></span> <span class='ocrx_word' id='word_1_293' title='bbox 1893 3893 1946 3948; x_wconf 90' lang='lat' dir='ltr'><strong>in</strong></span> 
     </span>
    </p>
   </div>
   <div class='ocr_carea' id='block_1_41' title="bbox 442 3985 1948 4056">
    <p class='ocr_par' dir='ltr' id='par_1_41' title="bbox 442 3985 1948 4056">
     <span class='ocr_line' id='line_1_41' title="bbox 442 3985 1948 4056; baseline -0.005 -8"><span class='ocrx_word' id='word_1_294' title='bbox 442 3993 605 4048; x_wconf 83' lang='lat' dir='ltr'><strong>diem.</strong></span> <span class='ocrx_word' id='word_1_295' title='bbox 637 3990 702 4044; x_wconf 84' lang='lat' dir='ltr'><strong>Et</strong></span> <span class='ocrx_word' id='word_1_296' title='bbox 753 3991 815 4044; x_wconf 83' lang='lat' dir='ltr'><strong>de</strong></span> <span class='ocrx_word' id='word_1_297' title='bbox 843 3990 1000 4044; x_wconf 72' lang='lat' dir='ltr'><strong>verbis</strong></span> <span class='ocrx_word' id='word_1_298' title='bbox 1032 3988 1286 4056; x_wconf 78' lang='lat' dir='ltr'><strong>Apostoli,</strong></span> <span class='ocrx_word' id='word_1_299' title='bbox 1321 3987 1337 4040; x_wconf 89' lang='grc' dir='ltr'><strong>Ι</strong></span> <span class='ocrx_word' id='word_1_300' title='bbox 1369 3986 1498 4040; x_wconf 87' lang='lat' dir='ltr'><strong>Tim.</strong></span> <span class='ocrx_word' id='word_1_301' title='bbox 1528 4002 1598 4051; x_wconf 76' lang='lat' dir='ltr'><strong>Vt,</strong></span> <span class='ocrx_word' id='word_1_302' title='bbox 1632 3986 1778 4048; x_wconf 74' lang='lat'><strong>7—19,</strong></span> <span class='ocrx_word' id='word_1_303' title='bbox 1809 3985 1948 4040; x_wconf 78' lang='lat' dir='ltr'><strong>Nihil</strong></span> 
     </span>
    </p>
   </div>
   <div class='ocr_carea' id='block_1_42' title="bbox 447 4079 1421 4142">
    <p class='ocr_par' dir='ltr' id='par_1_42' title="bbox 447 4079 1421 4142">
     <span class='ocr_line' id='line_1_42' title="bbox 447 4079 1421 4142; baseline -0.006 -6"><span class='ocrx_word' id='word_1_304' title='bbox 447 4083 721 4137; x_wconf 88' lang='lat' dir='ltr'><strong>intulimus</strong></span> <span class='ocrx_word' id='word_1_305' title='bbox 748 4081 800 4134; x_wconf 91' lang='lat' dir='ltr'><strong>in</strong></span> <span class='ocrx_word' id='word_1_306' title='bbox 829 4081 968 4134; x_wconf 89' lang='lat' dir='ltr'><strong>hunc</strong></span> <span class='ocrx_word' id='word_1_307' title='bbox 995 4079 1249 4133; x_wconf 82' lang='lat' dir='ltr'><strong>mundum</strong></span> <span class='ocrx_word' id='word_1_308' title='bbox 1271 4119 1285 4142; x_wconf 89' lang='lat'><strong>,</strong></span> <span class='ocrx_word' id='word_1_309' title='bbox 1327 4087 1421 4130; x_wconf 89' lang='lat' dir='ltr'><strong>etc.</strong></span> 
     </span>
    </p>
   </div>
   <div class='ocr_carea' id='block_1_43' title="bbox 442 4189 1948 4257">
    <p class='ocr_par' dir='ltr' id='par_1_43' title="bbox 442 4189 1948 4257">
     <span class='ocr_line' id='line_1_43' title="bbox 442 4189 1948 4257; baseline -0.006 -4"><span class='ocrx_word' id='word_1_310' title='bbox 442 4195 669 4254; x_wconf 78' lang='lat' dir='ltr'><strong>CAPUT</strong></span> <span class='ocrx_word' id='word_1_311' title='bbox 708 4192 988 4248; x_wconf 62' lang='lat' dir='ltr'><strong>PRIMUAL</strong></span> <span class='ocrx_word' id='word_1_312' title='bbox 1012 4221 1084 4232; x_wconf 94' lang='lat'><strong>——</strong></span> <span class='ocrx_word' id='word_1_313' title='bbox 1123 4193 1176 4246; x_wconf 78' lang='lat' dir='ltr'><strong>l.</strong></span> <span class='ocrx_word' id='word_1_314' title='bbox 1221 4189 1488 4246; x_wconf 79' lang='lat' dir='ltr'><strong>Conversio</strong></span> <span class='ocrx_word' id='word_1_315' title='bbox 1552 4207 1653 4244; x_wconf 81' lang='lat' dir='ltr'><strong>non</strong></span> <span class='ocrx_word' id='word_1_316' title='bbox 1712 4190 1948 4257; x_wconf 71' lang='lat' dir='ltr'><strong>(ti/feren-</strong></span> 
     </span>
    </p>
   </div>
   <div class='ocr_carea' id='block_1_44' title="bbox 366 4282 1951 4352">
    <p class='ocr_par' dir='ltr' id='par_1_44' title="bbox 366 4282 1951 4352">
     <span class='ocr_line' id='line_1_44' title="bbox 366 4282 1951 4352; baseline -0.004 -10"><span class='ocrx_word' id='word_1_317' title='bbox 366 4291 463 4342; x_wconf 76' lang='lat' dir='ltr'><strong>da.</strong></span> <span class='ocrx_word' id='word_1_318' title='bbox 510 4317 581 4328; x_wconf 92' lang='lat'><strong>-—</strong></span> <span class='ocrx_word' id='word_1_319' title='bbox 620 4285 930 4340; x_wconf 78' lang='lat' dir='ltr'><strong>Audivimus</strong></span> <span class='ocrx_word' id='word_1_320' title='bbox 957 4325 974 4347; x_wconf 85' lang='lat'><strong><em>.</em></strong></span> <span class='ocrx_word' id='word_1_321' title='bbox 1031 4283 1243 4346; x_wconf 75' lang='lat' dir='ltr'><strong>fratres,</strong></span> <span class='ocrx_word' id='word_1_322' title='bbox 1287 4298 1380 4351; x_wconf 89' lang='lat' dir='ltr'><strong>per</strong></span> <span class='ocrx_word' id='word_1_323' title='bbox 1420 4282 1726 4352; x_wconf 84' lang='lat' dir='ltr'><strong>prophetam</strong></span> <span class='ocrx_word' id='word_1_324' title='bbox 1769 4282 1951 4336; x_wconf 85' lang='lat' dir='ltr'><strong>dicen-</strong></span> 
     </span>
    </p>
   </div>
   <div class='ocr_carea' id='block_1_45' title="bbox 367 4372 1947 4442">
    <p class='ocr_par' dir='ltr' id='par_1_45' title="bbox 367 4372 1947 4442">
     <span class='ocr_line' id='line_1_45' title="bbox 367 4372 1947 4442; baseline -0.006 -6"><span class='ocrx_word' id='word_1_325' title='bbox 367 4392 479 4436; x_wconf 85' lang='lat' dir='ltr'><strong>tem</strong></span> <span class='ocrx_word' id='word_1_326' title='bbox 509 4379 788 4432; x_wconf 81' lang='lat' dir='ltr'><strong>Dominum</strong></span> <span class='ocrx_word' id='word_1_327' title='bbox 811 4419 823 4440; x_wconf 87' lang='lat'><strong>,</strong></span> <span class='ocrx_word' id='word_1_328' title='bbox 859 4374 941 4431; x_wconf 75' lang='lat' dir='ltr'><strong>Ne</strong></span> <span class='ocrx_word' id='word_1_329' title='bbox 975 4377 1141 4428; x_wconf 81' lang='lat' dir='ltr'><strong>tardes</strong></span> <span class='ocrx_word' id='word_1_330' title='bbox 1187 4373 1402 4429; x_wconf 76' lang='lat' dir='ltr'><strong>converti</strong></span> <span class='ocrx_word' id='word_1_331' title='bbox 1441 4373 1508 4426; x_wconf 89' lang='lat' dir='ltr'><strong>ad</strong></span> <span class='ocrx_word' id='word_1_332' title='bbox 1546 4372 1740 4436; x_wconf 86' lang='lat' dir='ltr'><strong>Deum,</strong></span> <span class='ocrx_word' id='word_1_333' title='bbox 1789 4389 1947 4442; x_wconf 85' lang='lat' dir='ltr'><strong>neque</strong></span> 
     </span>
    </p>
   </div>
   <div class='ocr_carea' id='block_1_46' title="bbox 366 4464 1950 4536">
    <p class='ocr_par' dir='ltr' id='par_1_46' title="bbox 366 4464 1950 4536">
     <span class='ocr_line' id='line_1_46' title="bbox 366 4464 1950 4536; baseline -0.004 -12"><span class='ocrx_word' id='word_1_334' title='bbox 366 4469 582 4536; x_wconf 63' lang='lat' dir='ltr'><strong>diﬁera’s</strong></span> <span class='ocrx_word' id='word_1_335' title='bbox 607 4470 669 4522; x_wconf 88' lang='lat' dir='ltr'><strong>de</strong></span> <span class='ocrx_word' id='word_1_336' title='bbox 688 4469 770 4521; x_wconf 87' lang='lat' dir='ltr'><strong>die</strong></span> <span class='ocrx_word' id='word_1_337' title='bbox 795 4468 850 4520; x_wconf 87' lang='lat' dir='ltr'><strong>in</strong></span> <span class='ocrx_word' id='word_1_338' title='bbox 887 4467 1036 4520; x_wconf 85' lang='lat' dir='ltr'><strong>diem.</strong></span> <span class='ocrx_word' id='word_1_339' title='bbox 1067 4464 1250 4520; x_wconf 85' lang='lat' dir='ltr'><strong>Subito</strong></span> <span class='ocrx_word' id='word_1_340' title='bbox 1284 4465 1417 4518; x_wconf 86' lang='lat' dir='ltr'><strong>enim</strong></span> <span class='ocrx_word' id='word_1_341' title='bbox 1459 4465 1614 4518; x_wconf 79' lang='lat' dir='ltr'><strong>ueniet</strong></span> <span class='ocrx_word' id='word_1_342' title='bbox 1637 4464 1712 4517; x_wconf 87' lang='lat' dir='ltr'><strong>ira</strong></span> <span class='ocrx_word' id='word_1_343' title='bbox 1745 4465 1871 4534; x_wconf 81' lang='lat' dir='ltr'><strong>ejus,</strong></span> <span class='ocrx_word' id='word_1_344' title='bbox 1905 4473 1950 4517; x_wconf 89' lang='lat' dir='ltr'><strong>et</strong></span> 
     </span>
    </p>
   </div>
   <div class='ocr_carea' id='block_1_47' title="bbox 363 4556 1946 4632">
    <p class='ocr_par' dir='ltr' id='par_1_47' title="bbox 363 4556 1946 4632">
     <span class='ocr_line' id='line_1_47' title="bbox 363 4556 1946 4632; baseline -0.006 -15"><span class='ocrx_word' id='word_1_345' title='bbox 363 4567 424 4617; x_wconf 77' lang='lat' dir='ltr'><strong>in</strong></span> <span class='ocrx_word' id='word_1_346' title='bbox 446 4574 667 4632; x_wconf 81' lang='lat' dir='ltr'><strong>tempore</strong></span> <span class='ocrx_word' id='word_1_347' title='bbox 702 4560 933 4613; x_wconf 68' lang='lat' dir='ltr'><strong>vindictae</strong></span> <span class='ocrx_word' id='word_1_348' title='bbox 972 4557 1223 4628; x_wconf 86' lang='lat' dir='ltr'><strong>disperdet</strong></span> <span class='ocrx_word' id='word_1_349' title='bbox 1262 4566 1330 4612; x_wconf 81' lang='lat' dir='ltr'><strong>te.</strong></span> <span class='ocrx_word' id='word_1_350' title='bbox 1362 4556 1608 4610; x_wconf 75' lang='lat' dir='ltr'><strong>Promisit</strong></span> <span class='ocrx_word' id='word_1_351' title='bbox 1653 4556 1743 4610; x_wconf 84' lang='lat' dir='ltr'><strong>tibi</strong></span> <span class='ocrx_word' id='word_1_352' title='bbox 1763 4599 1777 4621; x_wconf 95' lang='lat'><strong>,</strong></span> <span class='ocrx_word' id='word_1_353' title='bbox 1815 4571 1946 4626; x_wconf 87' lang='lat' dir='ltr'><strong>quo-</strong></span> 
     </span>
    </p>
   </div>
   <div class='ocr_carea' id='block_1_48' title="bbox 365 4644 1949 4721">
    <p class='ocr_par' dir='ltr' id='par_1_48' title="bbox 365 4644 1949 4721">
     <span class='ocr_line' id='line_1_48' title="bbox 365 4644 1949 4721; baseline -0.007 -13"><span class='ocrx_word' id='word_1_354' title='bbox 365 4654 516 4709; x_wconf 86' lang='lat' dir='ltr'><strong>niam</strong></span> <span class='ocrx_word' id='word_1_355' title='bbox 557 4666 667 4721; x_wconf 85' lang='lat' dir='ltr'><strong>quo</strong></span> <span class='ocrx_word' id='word_1_356' title='bbox 713 4649 800 4704; x_wconf 89' lang='lat' dir='ltr'><strong>die</strong></span> <span class='ocrx_word' id='word_1_357' title='bbox 848 4661 1140 4704; x_wconf 86' lang='lat' dir='ltr'><strong>conversus</strong></span> <span class='ocrx_word' id='word_1_358' title='bbox 1195 4646 1390 4710; x_wconf 88' lang='lat' dir='ltr'><strong>fueris,</strong></span> <span class='ocrx_word' id='word_1_359' title='bbox 1442 4646 1773 4701; x_wconf 69' lang='lat' dir='ltr'><strong>obliviscitur</strong></span> <span class='ocrx_word' id='word_1_360' title='bbox 1811 4644 1949 4698; x_wconf 84' lang='lat' dir='ltr'><strong>mala</strong></span> 
     </span>
    </p>
   </div>
   <div class='ocr_carea' id='block_1_49' title="bbox 366 4733 1949 4812">
    <p class='ocr_par' dir='ltr' id='par_1_49' title="bbox 366 4733 1949 4812">
     <span class='ocr_line' id='line_1_49' title="bbox 366 4733 1949 4812; baseline -0.005 -14"><span class='ocrx_word' id='word_1_361' title='bbox 366 4754 459 4798; x_wconf 83' lang='lat' dir='ltr'><strong>tua</strong></span> <span class='ocrx_word' id='word_1_362' title='bbox 519 4738 992 4812; x_wconf 67' lang='lat' dir='ltr'><strong>prteterita&#39;:scd</strong></span> <span class='ocrx_word' id='word_1_363' title='bbox 1045 4737 1297 4808; x_wconf 89' lang='lat' dir='ltr'><strong>numquid</strong></span> <span class='ocrx_word' id='word_1_364' title='bbox 1349 4737 1510 4791; x_wconf 85' lang='lat' dir='ltr'><strong>vitam</strong></span> <span class='ocrx_word' id='word_1_365' title='bbox 1561 4733 1777 4792; x_wconf 84' lang='lat' dir='ltr'><strong>crastini</strong></span> <span class='ocrx_word' id='word_1_366' title='bbox 1842 4735 1949 4792; x_wconf 78' lang='lat' dir='ltr'><strong>diei</strong></span> 
     </span>
    </p>
   </div>
   <div class='ocr_carea' id='block_1_50' title="bbox 369 4827 1947 4904">
    <p class='ocr_par' dir='ltr' id='par_1_50' title="bbox 369 4827 1947 4904">
     <span class='ocr_line' id='line_1_50' title="bbox 369 4827 1947 4904; baseline -0.004 -18"><span class='ocrx_word' id='word_1_367' title='bbox 369 4832 614 4904; x_wconf 69' lang='lat' dir='ltr'><strong>proavisit</strong></span> <span class='ocrx_word' id='word_1_368' title='bbox 640 4831 870 4884; x_wconf 66' lang='lat' dir='ltr'><strong>tibi?.-\n</strong></span> <span class='ocrx_word' id='word_1_369' title='bbox 903 4828 1042 4882; x_wconf 82' lang='lat' dir='ltr'><strong>forte</strong></span> <span class='ocrx_word' id='word_1_370' title='bbox 1090 4842 1194 4881; x_wconf 86' lang='lat' dir='ltr'><strong>non</strong></span> <span class='ocrx_word' id='word_1_371' title='bbox 1225 4828 1318 4881; x_wconf 91' lang='lat' dir='ltr'><strong>tibi</strong></span> <span class='ocrx_word' id='word_1_372' title='bbox 1349 4827 1490 4882; x_wconf 86' lang='lat' dir='ltr'><strong>illam</strong></span> <span class='ocrx_word' id='word_1_373' title='bbox 1519 4827 1763 4898; x_wconf 84' lang='lat' dir='ltr'><strong>promisit</strong></span> <span class='ocrx_word' id='word_1_374' title='bbox 1789 4827 1947 4893; x_wconf 83' lang='lat' dir='ltr'><strong>Deus,</strong></span> 
     </span>
    </p>
   </div>
   <div class='ocr_carea' id='block_1_51' title="bbox 365 4917 1949 4991">
    <p class='ocr_par' dir='ltr' id='par_1_51' title="bbox 365 4917 1949 4991">
     <span class='ocr_line' id='line_1_51' title="bbox 365 4917 1949 4991; baseline -0.003 -12"><span class='ocrx_word' id='word_1_375' title='bbox 365 4935 423 4980; x_wconf 83' lang='lat' dir='ltr'><strong>et</strong></span> <span class='ocrx_word' id='word_1_376' title='bbox 457 4922 700 4991; x_wconf 74' lang='lat' dir='ltr'><strong>promisit</strong></span> <span class='ocrx_word' id='word_1_377' title='bbox 723 4921 865 4974; x_wconf 79' lang='lat' dir='ltr'><strong>illam</strong></span> <span class='ocrx_word' id='word_1_378' title='bbox 898 4920 992 4974; x_wconf 85' lang='lat' dir='ltr'><strong>tibi</strong></span> <span class='ocrx_word' id='word_1_379' title='bbox 1013 4918 1418 4973; x_wconf 82' lang='lat' dir='ltr'><strong>mathematicus</strong></span> <span class='ocrx_word' id='word_1_380' title='bbox 1439 4958 1456 4984; x_wconf 93' lang='lat'><strong>,</strong></span> <span class='ocrx_word' id='word_1_381' title='bbox 1487 4928 1545 4972; x_wconf 90' lang='lat' dir='ltr'><strong>ut</strong></span> <span class='ocrx_word' id='word_1_382' title='bbox 1568 4917 1788 4973; x_wconf 85' lang='lat' dir='ltr'><strong>damnet</strong></span> <span class='ocrx_word' id='word_1_383' title='bbox 1811 4927 1866 4972; x_wconf 87' lang='lat' dir='ltr'><strong>et</strong></span> <span class='ocrx_word' id='word_1_384' title='bbox 1897 4926 1949 4974; x_wconf 89' lang='lat' dir='ltr'><strong>te</strong></span> 
     </span>
    </p>
   </div>
   <div class='ocr_carea' id='block_1_52' title="bbox 366 5009 1950 5068">
    <p class='ocr_par' dir='ltr' id='par_1_52' title="bbox 366 5009 1950 5068">
     <span class='ocr_line' id='line_1_52' title="bbox 366 5009 1950 5068; baseline -0.003 -1"><span class='ocrx_word' id='word_1_385' title='bbox 366 5023 430 5068; x_wconf 83' lang='lat' dir='ltr'><strong>et</strong></span> <span class='ocrx_word' id='word_1_386' title='bbox 449 5013 592 5067; x_wconf 82' lang='lat' dir='ltr'><strong>illum</strong></span> <span class='ocrx_word' id='word_1_387' title='bbox 619 5011 795 5065; x_wconf 83' lang='lat' dir='ltr'><strong>Deus?</strong></span> <span class='ocrx_word' id='word_1_388' title='bbox 819 5010 964 5065; x_wconf 88' lang='lat' dir='ltr'><strong>Diem</strong></span> <span class='ocrx_word' id='word_1_389' title='bbox 994 5009 1182 5063; x_wconf 88' lang='lat' dir='ltr'><strong>mortis</strong></span> <span class='ocrx_word' id='word_1_390' title='bbox 1212 5009 1470 5063; x_wconf 88' lang='lat' dir='ltr'><strong>incertum</strong></span> <span class='ocrx_word' id='word_1_391' title='bbox 1509 5009 1792 5063; x_wconf 82' lang='lat' dir='ltr'><strong>salubriter</strong></span> <span class='ocrx_word' id='word_1_392' title='bbox 1819 5023 1950 5063; x_wconf 89' lang='lat' dir='ltr'><strong>con-</strong></span> 
     </span>
    </p>
   </div>
   <div class='ocr_carea' id='block_1_53' title="bbox 365 5099 1952 5168">
    <p class='ocr_par' dir='ltr' id='par_1_53' title="bbox 365 5099 1952 5168">
     <span class='ocr_line' id='line_1_53' title="bbox 365 5099 1952 5168; baseline -0.001 -13"><span class='ocrx_word' id='word_1_393' title='bbox 365 5102 546 5157; x_wconf 85' lang='lat' dir='ltr'><strong>stituit</strong></span> <span class='ocrx_word' id='word_1_394' title='bbox 574 5102 712 5155; x_wconf 88' lang='lat' dir='ltr'><strong>Deus</strong></span> <span class='ocrx_word' id='word_1_395' title='bbox 737 5117 750 5152; x_wconf 92' lang='lat'><strong>:</strong></span> <span class='ocrx_word' id='word_1_396' title='bbox 772 5099 912 5154; x_wconf 85' lang='lat' dir='ltr'><strong>diem</strong></span> <span class='ocrx_word' id='word_1_397' title='bbox 949 5099 1189 5152; x_wconf 77' lang='lat' dir='ltr'><strong>ultimum</strong></span> <span class='ocrx_word' id='word_1_398' title='bbox 1235 5113 1387 5153; x_wconf 90' lang='lat' dir='ltr'><strong>suum</strong></span> <span class='ocrx_word' id='word_1_399' title='bbox 1418 5099 1641 5168; x_wconf 88' lang='lat' dir='ltr'><strong>quisque</strong></span> <span class='ocrx_word' id='word_1_400' title='bbox 1668 5099 1952 5154; x_wconf 84' lang='lat' dir='ltr'><strong>salubriter</strong></span> 
     </span>
    </p>
   </div>
   <div class='ocr_carea' id='block_1_54' title="bbox 367 5189 1950 5263">
    <p class='ocr_par' dir='ltr' id='par_1_54' title="bbox 367 5189 1950 5263">
     <span class='ocr_line' id='line_1_54' title="bbox 367 5189 1950 5263; baseline -0.004 -12"><span class='ocrx_word' id='word_1_401' title='bbox 367 5195 584 5263; x_wconf 77' lang='lat' dir='ltr'><strong>cogitet.</strong></span> <span class='ocrx_word' id='word_1_402' title='bbox 614 5191 964 5245; x_wconf 79' lang='lat' dir='ltr'><strong>Misericordia</strong></span> <span class='ocrx_word' id='word_1_403' title='bbox 992 5190 1083 5244; x_wconf 88' lang='lat' dir='ltr'><strong>Dei</strong></span> <span class='ocrx_word' id='word_1_404' title='bbox 1111 5190 1336 5260; x_wconf 88' lang='lat' dir='ltr'><strong>estquia</strong></span> <span class='ocrx_word' id='word_1_405' title='bbox 1364 5192 1531 5244; x_wconf 88' lang='lat' dir='ltr'><strong>nescit</strong></span> <span class='ocrx_word' id='word_1_406' title='bbox 1555 5189 1716 5244; x_wconf 86' lang='lat' dir='ltr'><strong>homo</strong></span> <span class='ocrx_word' id='word_1_407' title='bbox 1740 5191 1950 5259; x_wconf 82' lang='lat' dir='ltr'><strong>quando</strong></span> 
     </span>
    </p>
   </div>
   <div class='ocr_carea' id='block_1_55' title="bbox 368 5279 1951 5345">
    <p class='ocr_par' dir='ltr' id='par_1_55' title="bbox 368 5279 1951 5345">
     <span class='ocr_line' id='line_1_55' title="bbox 368 5279 1951 5345; baseline -0.003 -8"><span class='ocrx_word' id='word_1_408' title='bbox 368 5281 1029 5337; x_wconf 57' lang='lat' dir='ltr'><strong>moriaturlatetultimus</strong></span> <span class='ocrx_word' id='word_1_409' title='bbox 1040 5280 1177 5345; x_wconf 89' lang='lat' dir='ltr'><strong>dies,</strong></span> <span class='ocrx_word' id='word_1_410' title='bbox 1191 5279 1609 5335; x_wconf 86' lang='lat' dir='ltr'><strong>utobserventur</strong></span> <span class='ocrx_word' id='word_1_411' title='bbox 1620 5295 1804 5335; x_wconf 87' lang='lat' dir='ltr'><strong>omnes</strong></span> <span class='ocrx_word' id='word_1_412' title='bbox 1816 5280 1951 5336; x_wconf 89' lang='lat' dir='ltr'><strong>dies.</strong></span> 
     </span>
    </p>
   </div>
   <div class='ocr_carea' id='block_1_56' title="bbox 436 5410 1486 5476">
    <p class='ocr_par' dir='ltr' id='par_1_56' title="bbox 436 5410 1486 5476">
     <span class='ocr_line' id='line_1_56' title="bbox 436 5410 1486 5476; baseline 0.004 -20"><span class='ocrx_word' id='word_1_413' title='bbox 436 5416 450 5446; x_wconf 80' lang='grc' dir='ltr'><strong>ι</strong></span> <span class='ocrx_word' id='word_1_414' title='bbox 483 5414 753 5476; x_wconf 73' lang='lat' dir='ltr'><strong>victorious</strong></span> <span class='ocrx_word' id='word_1_415' title='bbox 771 5419 876 5476; x_wconf 65' lang='lat' dir='ltr'><strong>its,</strong></span> <span class='ocrx_word' id='word_1_416' title='bbox 899 5411 989 5462; x_wconf 80' lang='lat' dir='ltr'><strong>etsi</strong></span> <span class='ocrx_word' id='word_1_417' title='bbox 1009 5410 1220 5476; x_wconf 72' lang='lat' dir='ltr'><strong>sequeris</strong></span> <span class='ocrx_word' id='word_1_418' title='bbox 1239 5413 1486 5476; x_wconf 77' lang='lat' dir='ltr'><strong>mundum.</strong></span> 
     </span>
    </p>
   </div>
   <div class='ocr_carea' id='block_1_57' title="bbox 432 5473 1956 5542">
    <p class='ocr_par' dir='ltr' id='par_1_57' title="bbox 432 5473 1956 5542">
     <span class='ocr_line' id='line_1_57' title="bbox 432 5473 1956 5542; baseline 0.001 -18"><span class='ocrx_word' id='word_1_419' title='bbox 432 5477 461 5542; x_wconf 40' lang='grc'>³,</span> <span class='ocrx_word' id='word_1_420' title='bbox 477 5481 588 5524; x_wconf 72' lang='lat' dir='ltr'><strong>uss.</strong></span> <span class='ocrx_word' id='word_1_421' title='bbox 609 5474 730 5531; x_wconf 87' lang='lat' dir='ltr'><strong>loco,</strong></span> <span class='ocrx_word' id='word_1_422' title='bbox 749 5474 876 5542; x_wconf 64' lang='lat' dir='ltr'><strong>mata</strong></span> <span class='ocrx_word' id='word_1_423' title='bbox 898 5480 980 5542; x_wconf 85' lang='lat' dir='ltr'><strong>tua</strong></span> <span class='ocrx_word' id='word_1_424' title='bbox 995 5473 1482 5542; x_wconf 30' lang='lat' dir='ltr'><strong>pra&#39;teritaababcnt,</strong></span> <span class='ocrx_word' id='word_1_425' title='bbox 1505 5473 1700 5525; x_wconf 64' lang='lat' dir='ltr'><strong>malitia</strong></span> <span class='ocrx_word' id='word_1_426' title='bbox 1714 5478 1810 5525; x_wconf 68' lang='lat' dir='ltr'><strong>tum</strong></span> <span class='ocrx_word' id='word_1_427' title='bbox 1832 5487 1956 5535; x_wconf 77' lang='lat' dir='ltr'><strong>pra:-</strong></span> 
     </span>
    </p>
   </div>
   <div class='ocr_carea' id='block_1_58' title="bbox 365 5533 1384 5599">
    <p class='ocr_par' dir='ltr' id='par_1_58' title="bbox 365 5533 1384 5599">
     <span class='ocr_line' id='line_1_58' title="bbox 365 5533 1384 5599; baseline -0.006 -12"><span class='ocrx_word' id='word_1_428' title='bbox 365 5535 526 5587; x_wconf 74' lang='lat' dir='ltr'><strong>terita:</strong></span> <span class='ocrx_word' id='word_1_429' title='bbox 543 5549 559 5595; x_wconf 85' lang='lat'><strong><em>;</em></strong></span> <span class='ocrx_word' id='word_1_430' title='bbox 582 5542 667 5585; x_wconf 89' lang='lat' dir='ltr'><strong>aut</strong></span> <span class='ocrx_word' id='word_1_431' title='bbox 682 5533 912 5599; x_wconf 56' lang='lat' dir='ltr'><strong>irretitum:</strong></span> <span class='ocrx_word' id='word_1_432' title='bbox 923 5533 1055 5599; x_wconf 75' lang='lat' dir='ltr'><strong>tuam</strong></span> <span class='ocrx_word' id='word_1_433' title='bbox 1076 5533 1384 5599; x_wconf 64' lang='lat' dir='ltr'><strong>prateritam.</strong></span> 
     </span>
    </p>
   </div>
   <div class='ocr_carea' id='block_1_59' title="bbox 435 5596 1951 5660">
    <p class='ocr_par' dir='ltr' id='par_1_59' title="bbox 435 5596 1951 5660">
     <span class='ocr_line' id='line_1_59' title="bbox 435 5596 1951 5660; baseline 0 -14"><span class='ocrx_word' id='word_1_434' title='bbox 435 5603 454 5617; x_wconf 87' lang='lat'>&#39;</span> <span class='ocrx_word' id='word_1_435' title='bbox 475 5596 814 5660; x_wconf 60' lang='lat' dir='ltr'><strong>sermonesw</strong></span> <span class='ocrx_word' id='word_1_436' title='bbox 836 5603 888 5646; x_wconf 89' lang='lat' dir='ltr'><strong>et</strong></span> <span class='ocrx_word' id='word_1_437' title='bbox 909 5596 969 5646; x_wconf 76' lang='grc'><strong>40</strong></span> <span class='ocrx_word' id='word_1_438' title='bbox 987 5596 1047 5646; x_wconf 84' lang='lat' dir='ltr'><strong>ad</strong></span> <span class='ocrx_word' id='word_1_439' title='bbox 1067 5596 1188 5646; x_wconf 79' lang='lat' dir='ltr'><strong>duos</strong></span> <span class='ocrx_word' id='word_1_440' title='bbox 1207 5597 1266 5646; x_wconf 87' lang='lat' dir='ltr'><strong>cl.</strong></span> <span class='ocrx_word' id='word_1_441' title='bbox 1295 5598 1352 5645; x_wconf 74' lang='grc' dir='ltr'>ἵιιΙ</span> <span class='ocrx_word' id='word_1_442' title='bbox 1373 5611 1446 5660; x_wconf 74' lang='lat' dir='ltr'><strong>gr.</strong></span> <span class='ocrx_word' id='word_1_443' title='bbox 1472 5605 1626 5646; x_wconf 80' lang='lat' dir='ltr'><strong>rm.‘v.</strong></span> <span class='ocrx_word' id='word_1_444' title='bbox 1645 5605 1740 5646; x_wconf 63' lang='lat' dir='ltr'><strong>sm.</strong></span> <span class='ocrx_word' id='word_1_445' title='bbox 1760 5602 1831 5646; x_wconf 85' lang='lat' dir='ltr'><strong>Fr.</strong></span> <span class='ocrx_word' id='word_1_446' title='bbox 1850 5605 1951 5648; x_wconf 80' lang='lat' dir='ltr'><strong>Par.</strong></span> 
     </span>
    </p>
   </div>
   <div class='ocr_carea' id='block_1_60' title="bbox 371 5658 905 5707">
    <p class='ocr_par' dir='ltr' id='par_1_60' title="bbox 371 5658 905 5707">
     <span class='ocr_line' id='line_1_60' title="bbox 371 5658 905 5707; baseline -0.002 -2"><span class='ocrx_word' id='word_1_447' title='bbox 371 5665 479 5705; x_wconf 68' lang='lat' dir='ltr'><strong>Lor.</strong></span> <span class='ocrx_word' id='word_1_448' title='bbox 506 5658 753 5707; x_wconf 80' lang='lat' dir='ltr'><strong>emendati</strong></span> <span class='ocrx_word' id='word_1_449' title='bbox 777 5665 905 5706; x_wconf 83' lang='lat' dir='ltr'><strong>sunt.</strong></span> 
     </span>
    </p>
   </div>
   <div class='ocr_carea' id='block_1_61' title="bbox 431 5717 1192 5781">
    <p class='ocr_par' dir='ltr' id='par_1_61' title="bbox 431 5717 1192 5781">
     <span class='ocr_line' id='line_1_61' title="bbox 431 5717 1192 5781; baseline -0.004 -12"><span class='ocrx_word' id='word_1_450' title='bbox 431 5719 508 5781; x_wconf 78' lang='grc' dir='ltr'>(ιι)</span> <span class='ocrx_word' id='word_1_451' title='bbox 546 5717 688 5774; x_wconf 68' lang='lat' dir='ltr'><strong>Alias.</strong></span> <span class='ocrx_word' id='word_1_452' title='bbox 715 5719 770 5769; x_wconf 77' lang='lat' dir='ltr'><strong>l5</strong></span> <span class='ocrx_word' id='word_1_453' title='bbox 794 5732 854 5768; x_wconf 78' lang='lat' dir='ltr'><strong>ex</strong></span> <span class='ocrx_word' id='word_1_454' title='bbox 882 5717 1093 5768; x_wconf 79' lang='lat' dir='ltr'><strong>ttomiliis</strong></span> 
     </span>
    </p>
   </div>
   <div class='ocr_carea' id='block_1_62' title="bbox 1693 301 2200 371">
    <p class='ocr_par' dir='ltr' id='par_1_62' title="bbox 1693 301 2200 371">
     <span class='ocr_line' id='line_1_62' title="bbox 1693 301 2200 371; baseline -0.01 0"><span class='ocrx_word' id='word_1_455' title='bbox 1693 313 1920 371; x_wconf 71' lang='lat' dir='ltr'><strong>SERMO</strong></span> <span class='ocrx_word' id='word_1_456' title='bbox 1963 301 2200 369; x_wconf 64' lang='lat' dir='ltr'><strong>XXXIX.</strong></span> 
     </span>
    </p>
   </div>
   <div class='ocr_carea' id='block_1_63' title="bbox 3501 313 3606 372">
    <p class='ocr_par' dir='ltr' id='par_1_63' title="bbox 3501 313 3606 372">
     <span class='ocr_line' id='line_1_63' title="bbox 3501 313 3606 372; baseline 0 0"><span class='ocrx_word' id='word_1_457' title='bbox 3501 313 3606 372; x_wconf 60' lang='lat' dir='ltr'><strong>iii</strong></span> 
     </span>
    </p>
   </div>
   <div class='ocr_carea' id='block_1_64' title="bbox 2105 425 3603 498">
    <p class='ocr_par' dir='ltr' id='par_1_64' title="bbox 2105 425 3603 498">
     <span class='ocr_line' id='line_1_64' title="bbox 2105 425 3603 498; baseline 0.005 -19"><span class='ocrx_word' id='word_1_458' title='bbox 2105 425 2159 479; x_wconf 71' lang='grc'><strong>9.</strong></span> <span class='ocrx_word' id='word_1_459' title='bbox 2207 425 2528 498; x_wconf 73' lang='grc' dir='ltr'>(Ξυιιιειιιριιιδ</span> <span class='ocrx_word' id='word_1_460' title='bbox 2574 431 2765 485; x_wconf 71' lang='lat' dir='ltr'><strong>&quot;nouli.</strong></span> <span class='ocrx_word' id='word_1_461' title='bbox 2817 430 2920 486; x_wconf 80' lang='lat' dir='ltr'><strong>Sed</strong></span> <span class='ocrx_word' id='word_1_462' title='bbox 2979 439 3119 486; x_wconf 88' lang='lat' dir='ltr'><strong>tenet</strong></span> <span class='ocrx_word' id='word_1_463' title='bbox 3167 431 3425 496; x_wconf 86' lang='lat' dir='ltr'><strong>mundus,</strong></span> <span class='ocrx_word' id='word_1_464' title='bbox 3483 431 3603 486; x_wconf 84' lang='lat' dir='ltr'><strong>ille-</strong></span> 
     </span>
    </p>
   </div>
   <div class='ocr_carea' id='block_1_65' title="bbox 2033 513 3604 592">
    <p class='ocr_par' dir='ltr' id='par_1_65' title="bbox 2033 513 3604 592">
     <span class='ocr_line' id='line_1_65' title="bbox 2033 513 3604 592; baseline 0.005 -22"><span class='ocrx_word' id='word_1_465' title='bbox 2033 513 2208 570; x_wconf 60' lang='lat' dir='ltr'><strong>cebras</strong></span> <span class='ocrx_word' id='word_1_466' title='bbox 2235 518 2647 589; x_wconf 83' lang='lat' dir='ltr'><strong>circumquaque</strong></span> <span class='ocrx_word' id='word_1_467' title='bbox 2683 517 3057 587; x_wconf 87' lang='lat' dir='ltr'><strong>blandiuntur;</strong></span> <span class='ocrx_word' id='word_1_468' title='bbox 3101 522 3328 578; x_wconf 89' lang='lat' dir='ltr'><strong>delectat</strong></span> <span class='ocrx_word' id='word_1_469' title='bbox 3365 524 3604 592; x_wconf 76' lang='lat' dir='ltr'><strong>pecunia:</strong></span> 
     </span>
    </p>
   </div>
   <div class='ocr_carea' id='block_1_66' title="bbox 2033 604 3604 681">
    <p class='ocr_par' dir='ltr' id='par_1_66' title="bbox 2033 604 3604 681">
     <span class='ocr_line' id='line_1_66' title="bbox 2033 604 3604 681; baseline 0.006 -23"><span class='ocrx_word' id='word_1_470' title='bbox 2033 604 2383 674; x_wconf 74' lang='lat' dir='ltr'><strong>magnitudo,</strong></span> <span class='ocrx_word' id='word_1_471' title='bbox 2402 607 2629 662; x_wconf 85' lang='lat' dir='ltr'><strong>delectat</strong></span> <span class='ocrx_word' id='word_1_472' title='bbox 2666 607 2882 664; x_wconf 68' lang='lat' dir='ltr'><strong>horroris</strong></span> <span class='ocrx_word' id='word_1_473' title='bbox 2922 609 3111 681; x_wconf 82' lang='lat' dir='ltr'><strong>fulgor,</strong></span> <span class='ocrx_word' id='word_1_474' title='bbox 3153 610 3383 666; x_wconf 88' lang='lat' dir='ltr'><strong>delectat</strong></span> <span class='ocrx_word' id='word_1_475' title='bbox 3413 621 3604 680; x_wconf 83' lang='lat' dir='ltr'><strong>poten-</strong></span> 
     </span>
    </p>
   </div>
   <div class='ocr_carea' id='block_1_67' title="bbox 2034 696 3604 773">
    <p class='ocr_par' dir='ltr' id='par_1_67' title="bbox 2034 696 3604 773">
     <span class='ocr_line' id='line_1_67' title="bbox 2034 696 3604 773; baseline 0.004 -24"><span class='ocrx_word' id='word_1_476' title='bbox 2034 696 2121 750; x_wconf 70' lang='lat' dir='ltr'><strong>tiae</strong></span> <span class='ocrx_word' id='word_1_477' title='bbox 2150 707 2326 752; x_wconf 87' lang='lat' dir='ltr'><strong>terror</strong></span> <span class='ocrx_word' id='word_1_478' title='bbox 2352 717 2365 752; x_wconf 92' lang='lat'>:</span> <span class='ocrx_word' id='word_1_479' title='bbox 2391 699 2661 755; x_wconf 81' lang='lat' dir='ltr'><strong>delectant</strong></span> <span class='ocrx_word' id='word_1_480' title='bbox 2685 700 2821 768; x_wconf 69' lang='lat' dir='ltr'><strong>ista;</strong></span> <span class='ocrx_word' id='word_1_481' title='bbox 2861 702 2954 757; x_wconf 90' lang='lat' dir='ltr'><strong>sed</strong></span> <span class='ocrx_word' id='word_1_482' title='bbox 2999 703 3242 757; x_wconf 85' lang='lat' dir='ltr'><strong>audiatur</strong></span> <span class='ocrx_word' id='word_1_483' title='bbox 3272 704 3561 773; x_wconf 81' lang='lat' dir='ltr'><strong>Apostolus</strong></span> <span class='ocrx_word' id='word_1_484' title='bbox 3589 721 3604 756; x_wconf 85' lang='lat'><strong>:</strong></span> 
     </span>
    </p>
   </div>
   <div class='ocr_carea' id='block_1_68' title="bbox 2036 786 3610 866">
    <p class='ocr_par' dir='ltr' id='par_1_68' title="bbox 2036 786 3610 866">
     <span class='ocr_line' id='line_1_68' title="bbox 2036 786 3610 866; baseline 0.004 -22"><span class='ocrx_word' id='word_1_485' title='bbox 2036 786 2186 844; x_wconf 72' lang='lat' dir='ltr'><strong>Nihil</strong></span> <span class='ocrx_word' id='word_1_486' title='bbox 2211 790 2553 845; x_wconf 76' lang='lat' dir='ltr'><strong>intulimusin</strong></span> <span class='ocrx_word' id='word_1_487' title='bbox 2575 793 2717 846; x_wconf 63' lang='lat' dir='ltr'><strong>nunc</strong></span> <span class='ocrx_word' id='word_1_488' title='bbox 2744 794 3007 857; x_wconf 79' lang='lat' dir='ltr'><strong>mundum,</strong></span> <span class='ocrx_word' id='word_1_489' title='bbox 3029 795 3119 849; x_wconf 80' lang='lat' dir='ltr'><strong>sed</strong></span> <span class='ocrx_word' id='word_1_490' title='bbox 3143 811 3234 849; x_wconf 85' lang='lat' dir='ltr'><strong>nec</strong></span> <span class='ocrx_word' id='word_1_491' title='bbox 3255 796 3454 864; x_wconf 74' lang='lat' dir='ltr'><strong>auferre</strong></span> <span class='ocrx_word' id='word_1_492' title='bbox 3479 796 3610 866; x_wconf 54' lang='lat' dir='ltr'><strong>quid</strong></span> 
     </span>
    </p>
   </div>
   <div class='ocr_carea' id='block_1_69' title="bbox 2035 882 3606 959">
    <p class='ocr_par' dir='ltr' id='par_1_69' title="bbox 2035 882 3606 959">
     <span class='ocr_line' id='line_1_69' title="bbox 2035 882 3606 959; baseline 0.007 -27"><span class='ocrx_word' id='word_1_493' title='bbox 2035 896 2319 950; x_wconf 81' lang='lat' dir='ltr'><strong>possumus.</strong></span> <span class='ocrx_word' id='word_1_494' title='bbox 2351 882 2536 937; x_wconf 82' lang='lat' dir='ltr'><strong>llonor</strong></span> <span class='ocrx_word' id='word_1_495' title='bbox 2577 892 2627 938; x_wconf 90' lang='lat' dir='ltr'><strong>te</strong></span> <span class='ocrx_word' id='word_1_496' title='bbox 2663 884 2826 939; x_wconf 80' lang='lat' dir='ltr'><strong>debet</strong></span> <span class='ocrx_word' id='word_1_497' title='bbox 2862 901 3137 955; x_wconf 58' lang='lat' dir='ltr'><strong>quaerere,</strong></span> <span class='ocrx_word' id='word_1_498' title='bbox 3179 901 3284 942; x_wconf 89' lang='lat' dir='ltr'><strong>non</strong></span> <span class='ocrx_word' id='word_1_499' title='bbox 3323 896 3378 942; x_wconf 92' lang='lat' dir='ltr'><strong>tu</strong></span> <span class='ocrx_word' id='word_1_500' title='bbox 3410 888 3606 959; x_wconf 78' lang='lat' dir='ltr'><strong>ipsum.</strong></span> 
     </span>
    </p>
   </div>
   <div class='ocr_carea' id='block_1_70' title="bbox 2043 969 3611 1047">
    <p class='ocr_par' dir='ltr' id='par_1_70' title="bbox 2043 969 3611 1047">
     <span class='ocr_line' id='line_1_70' title="bbox 2043 969 3611 1047; baseline 0.007 -24"><span class='ocrx_word' id='word_1_501' title='bbox 2043 969 2214 1024; x_wconf 84' lang='lat' dir='ltr'><strong>Debes</strong></span> <span class='ocrx_word' id='word_1_502' title='bbox 2240 972 2381 1024; x_wconf 90' lang='lat' dir='ltr'><strong>enim</strong></span> <span class='ocrx_word' id='word_1_503' title='bbox 2411 972 2462 1025; x_wconf 92' lang='lat' dir='ltr'><strong>in</strong></span> <span class='ocrx_word' id='word_1_504' title='bbox 2503 972 2622 1028; x_wconf 91' lang='lat' dir='ltr'><strong>loco</strong></span> <span class='ocrx_word' id='word_1_505' title='bbox 2650 973 2915 1029; x_wconf 88' lang='lat' dir='ltr'><strong>humiliori</strong></span> <span class='ocrx_word' id='word_1_506' title='bbox 2946 975 3301 1042; x_wconf 75' lang='lat' dir='ltr'><strong>discurribere,</strong></span> <span class='ocrx_word' id='word_1_507' title='bbox 3335 987 3391 1031; x_wconf 93' lang='lat' dir='ltr'><strong>ut</strong></span> <span class='ocrx_word' id='word_1_508' title='bbox 3419 978 3508 1047; x_wconf 87' lang='lat' dir='ltr'><strong>qui</strong></span> <span class='ocrx_word' id='word_1_509' title='bbox 3555 987 3611 1034; x_wconf 86' lang='lat' dir='ltr'><strong>te</strong></span> 
     </span>
    </p>
   </div>
   <div class='ocr_carea' id='block_1_71' title="bbox 2036 1060 3603 1126">
    <p class='ocr_par' dir='ltr' id='par_1_71' title="bbox 2036 1060 3603 1126">
     <span class='ocr_line' id='line_1_71' title="bbox 2036 1060 3603 1126; baseline 0.007 -12"><span class='ocrx_word' id='word_1_510' title='bbox 2036 1060 2305 1126; x_wconf 86' lang='lat' dir='ltr'><strong>invitavit,</strong></span> <span class='ocrx_word' id='word_1_511' title='bbox 2334 1062 2489 1118; x_wconf 80' lang='lat' dir='ltr'><strong>faciat</strong></span> <span class='ocrx_word' id='word_1_512' title='bbox 2514 1072 2564 1118; x_wconf 87' lang='lat' dir='ltr'><strong>te</strong></span> <span class='ocrx_word' id='word_1_513' title='bbox 2601 1063 2668 1119; x_wconf 84' lang='lat' dir='ltr'><strong>ad</strong></span> <span class='ocrx_word' id='word_1_514' title='bbox 2699 1065 3089 1121; x_wconf 86' lang='lat' dir='ltr'><strong>honoratiorem</strong></span> <span class='ocrx_word' id='word_1_515' title='bbox 3123 1067 3295 1122; x_wconf 79' lang='lat' dir='ltr'><strong>locant</strong></span> <span class='ocrx_word' id='word_1_516' title='bbox 3319 1069 3603 1125; x_wconf 83' lang='lat' dir='ltr'><strong>ascender-</strong></span> 
     </span>
    </p>
   </div>
   <div class='ocr_carea' id='block_1_72' title="bbox 2038 1150 3607 1223">
    <p class='ocr_par' dir='ltr' id='par_1_72' title="bbox 2038 1150 3607 1223">
     <span class='ocr_line' id='line_1_72' title="bbox 2038 1150 3607 1223; baseline 0.001 -19"><span class='ocrx_word' id='word_1_517' title='bbox 2038 1150 2189 1220; x_wconf 87' lang='lat' dir='ltr'><strong>(Luc.</strong></span> <span class='ocrx_word' id='word_1_518' title='bbox 2240 1168 2345 1217; x_wconf 78' lang='lat' dir='ltr'><strong>xw,</strong></span> <span class='ocrx_word' id='word_1_519' title='bbox 2402 1154 2506 1223; x_wconf 77' lang='lat' dir='ltr'><strong>l0).</strong></span> <span class='ocrx_word' id='word_1_520' title='bbox 2560 1154 2615 1209; x_wconf 89' lang='lat' dir='ltr'><strong>Si</strong></span> <span class='ocrx_word' id='word_1_521' title='bbox 2659 1164 2834 1209; x_wconf 83' lang='lat' dir='ltr'><strong>autem</strong></span> <span class='ocrx_word' id='word_1_522' title='bbox 2879 1155 3127 1220; x_wconf 85' lang='lat' dir='ltr'><strong>noluerit,</strong></span> <span class='ocrx_word' id='word_1_523' title='bbox 3175 1157 3262 1212; x_wconf 90' lang='lat' dir='ltr'><strong>ubi</strong></span> <span class='ocrx_word' id='word_1_524' title='bbox 3310 1159 3607 1220; x_wconf 63' lang='lat' dir='ltr'><strong>recumbis,</strong></span> 
     </span>
    </p>
   </div>
   <div class='ocr_carea' id='block_1_73' title="bbox 2038 1242 3611 1314">
    <p class='ocr_par' dir='ltr' id='par_1_73' title="bbox 2038 1242 3611 1314">
     <span class='ocr_line' id='line_1_73' title="bbox 2038 1242 3611 1314; baseline 0.004 -18"><span class='ocrx_word' id='word_1_525' title='bbox 2038 1242 2292 1298; x_wconf 76' lang='lat' dir='ltr'><strong>manduca</strong></span> <span class='ocrx_word' id='word_1_526' title='bbox 2325 1261 2337 1297; x_wconf 95' lang='lat'>:</span> <span class='ocrx_word' id='word_1_527' title='bbox 2365 1245 2486 1314; x_wconf 76' lang='lat' dir='ltr'><strong>quia</strong></span> <span class='ocrx_word' id='word_1_528' title='bbox 2533 1245 2660 1300; x_wconf 85' lang='lat' dir='ltr'><strong>nihil</strong></span> <span class='ocrx_word' id='word_1_529' title='bbox 2688 1247 2910 1302; x_wconf 82' lang='lat' dir='ltr'><strong>intulisti</strong></span> <span class='ocrx_word' id='word_1_530' title='bbox 2941 1247 2991 1302; x_wconf 91' lang='lat' dir='ltr'><strong>in</strong></span> <span class='ocrx_word' id='word_1_531' title='bbox 3024 1248 3162 1304; x_wconf 88' lang='lat' dir='ltr'><strong>hunc</strong></span> <span class='ocrx_word' id='word_1_532' title='bbox 3189 1249 3462 1304; x_wconf 81' lang='lat' dir='ltr'><strong>mundum.</strong></span> <span class='ocrx_word' id='word_1_533' title='bbox 3507 1249 3611 1304; x_wconf 79' lang='lat' dir='ltr'><strong>Pa-</strong></span> 
     </span>
    </p>
   </div>
   <div class='ocr_carea' id='block_1_74' title="bbox 2037 1335 3612 1405">
    <p class='ocr_par' dir='ltr' id='par_1_74' title="bbox 2037 1335 3612 1405">
     <span class='ocr_line' id='line_1_74' title="bbox 2037 1335 3612 1405; baseline 0.004 -19"><span class='ocrx_word' id='word_1_534' title='bbox 2037 1349 2154 1387; x_wconf 87' lang='lat' dir='ltr'><strong>rum</strong></span> <span class='ocrx_word' id='word_1_535' title='bbox 2189 1344 2270 1388; x_wconf 88' lang='lat' dir='ltr'><strong>est</strong></span> <span class='ocrx_word' id='word_1_536' title='bbox 2322 1335 2414 1389; x_wconf 85' lang='lat' dir='ltr'><strong>tibi</strong></span> <span class='ocrx_word' id='word_1_537' title='bbox 2459 1336 2578 1405; x_wconf 91' lang='lat' dir='ltr'><strong>quia</strong></span> <span class='ocrx_word' id='word_1_538' title='bbox 2634 1337 2702 1391; x_wconf 88' lang='lat' dir='ltr'><strong>de</strong></span> <span class='ocrx_word' id='word_1_539' title='bbox 2753 1338 2928 1392; x_wconf 86' lang='lat' dir='ltr'><strong>alieno</strong></span> <span class='ocrx_word' id='word_1_540' title='bbox 2961 1338 3283 1395; x_wconf 76' lang='lat' dir='ltr'><strong>mandaras?</strong></span> <span class='ocrx_word' id='word_1_541' title='bbox 3331 1339 3612 1394; x_wconf 86' lang='lat' dir='ltr'><strong>Diseumbe</strong></span> 
     </span>
    </p>
   </div>
   <div class='ocr_carea' id='block_1_75' title="bbox 2038 1425 3608 1494">
    <p class='ocr_par' dir='ltr' id='par_1_75' title="bbox 2038 1425 3608 1494">
     <span class='ocr_line' id='line_1_75' title="bbox 2038 1425 3608 1494; baseline 0.001 -15"><span class='ocrx_word' id='word_1_542' title='bbox 2038 1425 2468 1494; x_wconf 80' lang='lat' dir='ltr'><strong>nbicumque,..et</strong></span> <span class='ocrx_word' id='word_1_543' title='bbox 2495 1425 2770 1480; x_wconf 84' lang='lat' dir='ltr'><strong>manduca.</strong></span> <span class='ocrx_word' id='word_1_544' title='bbox 2805 1426 3050 1482; x_wconf 85' lang='lat' dir='ltr'><strong>Dicturus</strong></span> <span class='ocrx_word' id='word_1_545' title='bbox 3077 1441 3169 1493; x_wconf 81' lang='lat' dir='ltr'><strong>es,</strong></span> <span class='ocrx_word' id='word_1_546' title='bbox 3200 1429 3271 1483; x_wconf 90' lang='lat' dir='ltr'><strong>De</strong></span> <span class='ocrx_word' id='word_1_547' title='bbox 3301 1444 3438 1484; x_wconf 87' lang='lat' dir='ltr'><strong>meo.</strong></span> <span class='ocrx_word' id='word_1_548' title='bbox 3472 1429 3608 1484; x_wconf 79' lang='lat' dir='ltr'><strong>Audi</strong></span> 
     </span>
    </p>
   </div>
   <div class='ocr_carea' id='block_1_76' title="bbox 2037 1513 3610 1582">
    <p class='ocr_par' dir='ltr' id='par_1_76' title="bbox 2037 1513 3610 1582">
     <span class='ocr_line' id='line_1_76' title="bbox 2037 1513 3610 1582; baseline 0.004 -14"><span class='ocrx_word' id='word_1_549' title='bbox 2037 1516 2349 1582; x_wconf 78' lang='lat' dir='ltr'><strong>Apostolum</strong></span> <span class='ocrx_word' id='word_1_550' title='bbox 2386 1534 2399 1569; x_wconf 90' lang='lat'>:</span> <span class='ocrx_word' id='word_1_551' title='bbox 2433 1513 2580 1570; x_wconf 78' lang='lat' dir='ltr'><strong>Nihil</strong></span> <span class='ocrx_word' id='word_1_552' title='bbox 2620 1518 2882 1572; x_wconf 77' lang='lat' dir='ltr'><strong>intulimus</strong></span> <span class='ocrx_word' id='word_1_553' title='bbox 2923 1520 2977 1572; x_wconf 90' lang='lat' dir='ltr'><strong>in</strong></span> <span class='ocrx_word' id='word_1_554' title='bbox 3021 1521 3176 1573; x_wconf 84' lang='lat' dir='ltr'><strong>Itunc-</strong></span> <span class='ocrx_word' id='word_1_555' title='bbox 3214 1519 3474 1574; x_wconf 73' lang='lat' dir='ltr'><strong>mund-nm.</strong></span> <span class='ocrx_word' id='word_1_556' title='bbox 3529 1521 3610 1574; x_wconf 74' lang='grc' dir='ltr'>Αιι</span> 
     </span>
    </p>
   </div>
   <div class='ocr_carea' id='block_1_77' title="bbox 2038 1605 3611 1677">
    <p class='ocr_par' dir='ltr' id='par_1_77' title="bbox 2038 1605 3611 1677">
     <span class='ocr_line' id='line_1_77' title="bbox 2038 1605 3611 1677; baseline 0.004 -19"><span class='ocrx_word' id='word_1_557' title='bbox 2038 1605 2303 1659; x_wconf 69' lang='lat' dir='ltr'><strong>tonandum-</strong></span> <span class='ocrx_word' id='word_1_558' title='bbox 2343 1606 2567 1671; x_wconf 85' lang='lat' dir='ltr'><strong>venisti,</strong></span> <span class='ocrx_word' id='word_1_559' title='bbox 2626 1608 2844 1677; x_wconf 75' lang='lat' dir='ltr'><strong>plenam</strong></span> <span class='ocrx_word' id='word_1_560' title='bbox 2882 1623 3118 1663; x_wconf 79' lang='lat' dir='ltr'><strong>mensam</strong></span> <span class='ocrx_word' id='word_1_561' title='bbox 3179 1611 3443 1664; x_wconf 63' lang='lat' dir='ltr'><strong>invenisti.</strong></span> <span class='ocrx_word' id='word_1_562' title='bbox 3505 1609 3611 1664; x_wconf 84' lang='lat' dir='ltr'><strong>Sed</strong></span> 
     </span>
    </p>
   </div>
   <div class='ocr_carea' id='block_1_78' title="bbox 2041 1696 3548 1773">
    <p class='ocr_par' dir='ltr' id='par_1_78' title="bbox 2041 1696 3548 1773">
     <span class='ocr_line' id='line_1_78' title="bbox 2041 1696 3548 1773; baseline 0.003 -24"><span class='ocrx_word' id='word_1_563' title='bbox 2041 1696 2244 1750; x_wconf 76' lang='lat' dir='ltr'><strong>Domini</strong></span> <span class='ocrx_word' id='word_1_564' title='bbox 2263 1706 2366 1751; x_wconf 83' lang='lat' dir='ltr'><strong>est</strong></span> <span class='ocrx_word' id='word_1_565' title='bbox 2396 1706 2538 1752; x_wconf 86' lang='lat' dir='ltr'><strong>terra</strong></span> <span class='ocrx_word' id='word_1_566' title='bbox 2567 1708 2619 1752; x_wconf 90' lang='lat' dir='ltr'><strong>et</strong></span> <span class='ocrx_word' id='word_1_567' title='bbox 2649 1699 2920 1768; x_wconf 88' lang='lat' dir='ltr'><strong>plenitudo</strong></span> <span class='ocrx_word' id='word_1_568' title='bbox 2948 1699 3259 1770; x_wconf 79' lang='lat' dir='ltr'><strong>ejus-(Psal.</strong></span> <span class='ocrx_word' id='word_1_569' title='bbox 3293 1717 3440 1766; x_wconf 78' lang='lat' dir='ltr'><strong>mu,</strong></span> <span class='ocrx_word' id='word_1_570' title='bbox 3469 1702 3548 1773; x_wconf 77' lang='grc'><strong>1).</strong></span> 
     </span>
    </p>
   </div>
   <div class='ocr_carea' id='block_1_79' title="bbox 2105 1805 3613 1884">
    <p class='ocr_par' dir='ltr' id='par_1_79' title="bbox 2105 1805 3613 1884">
     <span class='ocr_line' id='line_1_79' title="bbox 2105 1805 3613 1884; baseline 0.005 -24"><span class='ocrx_word' id='word_1_571' title='bbox 2105 1805 2330 1863; x_wconf 68' lang='lat' dir='ltr'><strong>CAPUT</strong></span> <span class='ocrx_word' id='word_1_572' title='bbox 2369 1807 2429 1862; x_wconf 85' lang='lat' dir='ltr'><strong>ll.</strong></span> <span class='ocrx_word' id='word_1_573' title='bbox 2464 1810 2601 1864; x_wconf 81' lang='lat'><strong>-—-5.</strong></span> <span class='ocrx_word' id='word_1_574' title='bbox 2663 1811 2928 1880; x_wconf 77' lang='lat' dir='ltr'><strong>Cupiditas</strong></span> <span class='ocrx_word' id='word_1_575' title='bbox 2985 1813 3274 1867; x_wconf 82' lang='lat' dir='ltr'><strong>divitiarum</strong></span> <span class='ocrx_word' id='word_1_576' title='bbox 3317 1831 3467 1882; x_wconf 81' lang='lat' dir='ltr'><strong>quam</strong></span> <span class='ocrx_word' id='word_1_577' title='bbox 3525 1834 3613 1884; x_wconf 74' lang='lat' dir='ltr'><strong>pr-</strong></span> 
     </span>
    </p>
   </div>
   <div class='ocr_carea' id='block_1_80' title="bbox 2036 1897 3608 1973">
    <p class='ocr_par' dir='ltr' id='par_1_80' title="bbox 2036 1897 3608 1973">
     <span class='ocr_line' id='line_1_80' title="bbox 2036 1897 3608 1973; baseline 0.004 -23"><span class='ocrx_word' id='word_1_578' title='bbox 2036 1897 2275 1952; x_wconf 82' lang='lat' dir='ltr'><strong>riculosa.</strong></span> <span class='ocrx_word' id='word_1_579' title='bbox 2322 1927 2393 1938; x_wconf 90' lang='lat'><strong><em>—</em></strong></span> <span class='ocrx_word' id='word_1_580' title='bbox 2440 1897 2578 1952; x_wconf 88' lang='lat' dir='ltr'><strong>Nam</strong></span> <span class='ocrx_word' id='word_1_581' title='bbox 2620 1902 2705 1971; x_wconf 81' lang='lat' dir='ltr'><strong>qui</strong></span> <span class='ocrx_word' id='word_1_582' title='bbox 2753 1902 2959 1968; x_wconf 79' lang='lat' dir='ltr'><strong>volunt,</strong></span> <span class='ocrx_word' id='word_1_583' title='bbox 3007 1904 3211 1973; x_wconf 89' lang='lat' dir='ltr'><strong>inquit,</strong></span> <span class='ocrx_word' id='word_1_584' title='bbox 3259 1905 3432 1959; x_wconf 82' lang='lat' dir='ltr'><strong>divites</strong></span> <span class='ocrx_word' id='word_1_585' title='bbox 3479 1907 3608 1971; x_wconf 85' lang='lat' dir='ltr'><strong>ﬁeri.</strong></span> 
     </span>
    </p>
   </div>
   <div class='ocr_carea' id='block_1_81' title="bbox 2038 1988 3614 2058">
    <p class='ocr_par' dir='ltr' id='par_1_81' title="bbox 2038 1988 3614 2058">
     <span class='ocr_line' id='line_1_81' title="bbox 2038 1988 3614 2058; baseline 0.004 -15"><span class='ocrx_word' id='word_1_586' title='bbox 2038 1988 2152 2043; x_wconf 79' lang='lat' dir='ltr'><strong>Non</strong></span> <span class='ocrx_word' id='word_1_587' title='bbox 2181 1989 2341 2051; x_wconf 80' lang='lat' dir='ltr'><strong>dixit,</strong></span> <span class='ocrx_word' id='word_1_588' title='bbox 2378 1990 2478 2055; x_wconf 82' lang='lat' dir='ltr'><strong>Qui</strong></span> <span class='ocrx_word' id='word_1_589' title='bbox 2509 1991 2703 2046; x_wconf 76' lang='lat' dir='ltr'><strong>divites</strong></span> <span class='ocrx_word' id='word_1_590' title='bbox 2731 2000 2886 2056; x_wconf 89' lang='lat' dir='ltr'><strong>sunt;</strong></span> <span class='ocrx_word' id='word_1_591' title='bbox 2931 1993 3046 2056; x_wconf 90' lang='lat' dir='ltr'><strong>sed,</strong></span> <span class='ocrx_word' id='word_1_592' title='bbox 3095 1993 3196 2058; x_wconf 85' lang='lat' dir='ltr'><strong>Qui</strong></span> <span class='ocrx_word' id='word_1_593' title='bbox 3223 1996 3392 2048; x_wconf 79' lang='lat' dir='ltr'><strong>volunt</strong></span> <span class='ocrx_word' id='word_1_594' title='bbox 3441 1991 3614 2050; x_wconf 65' lang='lat' dir='ltr'><strong>divites</strong></span> 
     </span>
    </p>
   </div>
   <div class='ocr_carea' id='block_1_82' title="bbox 2039 2079 3614 2148">
    <p class='ocr_par' dir='ltr' id='par_1_82' title="bbox 2039 2079 3614 2148">
     <span class='ocr_line' id='line_1_82' title="bbox 2039 2079 3614 2148; baseline 0.004 -17"><span class='ocrx_word' id='word_1_595' title='bbox 2039 2079 2151 2148; x_wconf 80' lang='lat' dir='ltr'><strong>ﬁeri</strong></span> <span class='ocrx_word' id='word_1_596' title='bbox 2171 2096 2191 2133; x_wconf 90' lang='lat'><strong><em>:</em></strong></span> <span class='ocrx_word' id='word_1_597' title='bbox 2215 2079 2528 2148; x_wconf 75' lang='lat' dir='ltr'><strong>cupiditates</strong></span> <span class='ocrx_word' id='word_1_598' title='bbox 2556 2081 2842 2148; x_wconf 82' lang='lat' dir='ltr'><strong>accusavit,</strong></span> <span class='ocrx_word' id='word_1_599' title='bbox 2870 2097 2972 2134; x_wconf 89' lang='lat' dir='ltr'><strong>non</strong></span> <span class='ocrx_word' id='word_1_600' title='bbox 2995 2081 3288 2137; x_wconf 77' lang='lat' dir='ltr'><strong>facultates.</strong></span> <span class='ocrx_word' id='word_1_601' title='bbox 3326 2083 3425 2148; x_wconf 83' lang='lat' dir='ltr'><strong>Qui</strong></span> <span class='ocrx_word' id='word_1_602' title='bbox 3442 2085 3614 2138; x_wconf 78' lang='lat' dir='ltr'><strong>volunt</strong></span> 
     </span>
    </p>
   </div>
   <div class='ocr_carea' id='block_1_83' title="bbox 2039 2171 3616 2240">
    <p class='ocr_par' dir='ltr' id='par_1_83' title="bbox 2039 2171 3616 2240">
     <span class='ocr_line' id='line_1_83' title="bbox 2039 2171 3616 2240; baseline 0.004 -16"><span class='ocrx_word' id='word_1_603' title='bbox 2039 2171 2215 2225; x_wconf 78' lang='lat' dir='ltr'><strong>divites</strong></span> <span class='ocrx_word' id='word_1_604' title='bbox 2240 2173 2354 2240; x_wconf 78' lang='lat' dir='ltr'><strong>ﬁeri</strong></span> <span class='ocrx_word' id='word_1_605' title='bbox 2376 2213 2390 2235; x_wconf 94' lang='lat'><strong>,</strong></span> <span class='ocrx_word' id='word_1_606' title='bbox 2420 2173 2648 2226; x_wconf 81' lang='lat' dir='ltr'><strong>incidunt</strong></span> <span class='ocrx_word' id='word_1_607' title='bbox 2684 2173 3078 2228; x_wconf 86' lang='lat' dir='ltr'><strong>intentationem</strong></span> <span class='ocrx_word' id='word_1_608' title='bbox 3103 2185 3150 2228; x_wconf 86' lang='lat' dir='ltr'><strong>et</strong></span> <span class='ocrx_word' id='word_1_609' title='bbox 3178 2175 3430 2230; x_wconf 85' lang='lat' dir='ltr'><strong>desideria</strong></span> <span class='ocrx_word' id='word_1_610' title='bbox 3453 2176 3616 2230; x_wconf 71' lang='lat' dir='ltr'><strong>inulta</strong></span> 
     </span>
    </p>
   </div>
   <div class='ocr_carea' id='block_1_84' title="bbox 2040 2265 3609 2338">
    <p class='ocr_par' dir='ltr' id='par_1_84' title="bbox 2040 2265 3609 2338">
     <span class='ocr_line' id='line_1_84' title="bbox 2040 2265 3609 2338; baseline 0.003 -20"><span class='ocrx_word' id='word_1_611' title='bbox 2040 2265 2194 2318; x_wconf 74' lang='lat' dir='ltr'><strong>stulta</strong></span> <span class='ocrx_word' id='word_1_612' title='bbox 2213 2273 2259 2317; x_wconf 89' lang='lat' dir='ltr'><strong>et</strong></span> <span class='ocrx_word' id='word_1_613' title='bbox 2279 2265 2452 2330; x_wconf 67' lang='lat' dir='ltr'><strong>noxia,</strong></span> <span class='ocrx_word' id='word_1_614' title='bbox 2469 2281 2587 2335; x_wconf 69' lang='lat' dir='ltr'><strong>ante</strong></span> <span class='ocrx_word' id='word_1_615' title='bbox 2599 2266 3066 2337; x_wconf 57' lang='lat' dir='ltr'><strong>mergunbhomines</strong></span> <span class='ocrx_word' id='word_1_616' title='bbox 3087 2268 3139 2321; x_wconf 84' lang='lat' dir='ltr'><strong>in</strong></span> <span class='ocrx_word' id='word_1_617' title='bbox 3169 2269 3420 2322; x_wconf 84' lang='lat' dir='ltr'><strong>interitum</strong></span> <span class='ocrx_word' id='word_1_618' title='bbox 3433 2279 3479 2322; x_wconf 87' lang='lat' dir='ltr'><strong>et</strong></span> <span class='ocrx_word' id='word_1_619' title='bbox 3495 2285 3609 2338; x_wconf 82' lang='lat' dir='ltr'><strong>per-</strong></span> 
     </span>
    </p>
   </div>
   <div class='ocr_carea' id='block_1_85' title="bbox 2042 2353 3613 2421">
    <p class='ocr_par' dir='ltr' id='par_1_85' title="bbox 2042 2353 3613 2421">
     <span class='ocr_line' id='line_1_85' title="bbox 2042 2353 3613 2421; baseline 0.004 -14"><span class='ocrx_word' id='word_1_620' title='bbox 2042 2353 2294 2408; x_wconf 80' lang='lat' dir='ltr'><strong>ditionem.</strong></span> <span class='ocrx_word' id='word_1_621' title='bbox 2329 2355 2555 2411; x_wconf 86' lang='lat' dir='ltr'><strong>Pecunia</strong></span> <span class='ocrx_word' id='word_1_622' title='bbox 2576 2355 2822 2421; x_wconf 84' lang='lat' dir='ltr'><strong>delectat,</strong></span> <span class='ocrx_word' id='word_1_623' title='bbox 2853 2357 2950 2411; x_wconf 89' lang='lat' dir='ltr'><strong>ista</strong></span> <span class='ocrx_word' id='word_1_624' title='bbox 2979 2372 3085 2413; x_wconf 89' lang='lat' dir='ltr'><strong>non</strong></span> <span class='ocrx_word' id='word_1_625' title='bbox 3133 2359 3327 2414; x_wconf 80' lang='lat' dir='ltr'><strong>times?</strong></span> <span class='ocrx_word' id='word_1_626' title='bbox 3356 2358 3500 2413; x_wconf 87' lang='lat' dir='ltr'><strong>Bona</strong></span> <span class='ocrx_word' id='word_1_627' title='bbox 3524 2373 3613 2415; x_wconf 84' lang='lat' dir='ltr'><strong>res</strong></span> 
     </span>
    </p>
   </div>
   <div class='ocr_carea' id='block_1_86' title="bbox 2043 2447 3609 2519">
    <p class='ocr_par' dir='ltr' id='par_1_86' title="bbox 2043 2447 3609 2519">
     <span class='ocr_line' id='line_1_86' title="bbox 2043 2447 3609 2519; baseline 0.003 -19"><span class='ocrx_word' id='word_1_628' title='bbox 2043 2455 2128 2502; x_wconf 89' lang='lat' dir='ltr'><strong>est</strong></span> <span class='ocrx_word' id='word_1_629' title='bbox 2150 2447 2400 2516; x_wconf 87' lang='lat' dir='ltr'><strong>pecunia,</strong></span> <span class='ocrx_word' id='word_1_630' title='bbox 2432 2448 2564 2502; x_wconf 91' lang='lat' dir='ltr'><strong>bona</strong></span> <span class='ocrx_word' id='word_1_631' title='bbox 2596 2464 2682 2503; x_wconf 87' lang='lat' dir='ltr'><strong>res</strong></span> <span class='ocrx_word' id='word_1_632' title='bbox 2705 2457 2786 2503; x_wconf 85' lang='lat' dir='ltr'><strong>est</strong></span> <span class='ocrx_word' id='word_1_633' title='bbox 2806 2464 2994 2519; x_wconf 75' lang='lat' dir='ltr'><strong>magna</strong></span> <span class='ocrx_word' id='word_1_634' title='bbox 3019 2451 3259 2519; x_wconf 84' lang='lat' dir='ltr'><strong>pecunia.</strong></span> <span class='ocrx_word' id='word_1_635' title='bbox 3285 2449 3525 2505; x_wconf 75' lang='lat' dir='ltr'><strong>Incidunt</strong></span> <span class='ocrx_word' id='word_1_636' title='bbox 3555 2451 3609 2505; x_wconf 83' lang='lat' dir='ltr'><strong>in</strong></span> 
     </span>
    </p>
   </div>
   <div class='ocr_carea' id='block_1_87' title="bbox 2045 2538 3616 2596">
    <p class='ocr_par' dir='ltr' id='par_1_87' title="bbox 2045 2538 3616 2596">
     <span class='ocr_line' id='line_1_87' title="bbox 2045 2538 3616 2596; baseline 0.001 -4"><span class='ocrx_word' id='word_1_637' title='bbox 2045 2539 2364 2592; x_wconf 85' lang='lat' dir='ltr'><strong>tentationem</strong></span> <span class='ocrx_word' id='word_1_638' title='bbox 2378 2555 2395 2592; x_wconf 88' lang='lat'><strong><em>:</em></strong></span> <span class='ocrx_word' id='word_1_639' title='bbox 2408 2554 2510 2593; x_wconf 91' lang='lat' dir='ltr'><strong>non</strong></span> <span class='ocrx_word' id='word_1_640' title='bbox 2527 2539 2704 2596; x_wconf 84' lang='lat' dir='ltr'><strong>times?</strong></span> <span class='ocrx_word' id='word_1_641' title='bbox 2717 2538 2778 2593; x_wconf 89' lang='lat' dir='ltr'><strong>In</strong></span> <span class='ocrx_word' id='word_1_642' title='bbox 2792 2540 3041 2595; x_wconf 71' lang='lat' dir='ltr'><strong>desideria</strong></span> <span class='ocrx_word' id='word_1_643' title='bbox 3051 2542 3211 2595; x_wconf 87' lang='lat' dir='ltr'><strong>multa</strong></span> <span class='ocrx_word' id='word_1_644' title='bbox 3224 2541 3450 2595; x_wconf 85' lang='lat' dir='ltr'><strong>incidunt</strong></span> <span class='ocrx_word' id='word_1_645' title='bbox 3461 2543 3616 2596; x_wconf 80' lang='lat' dir='ltr'><strong>stulta</strong></span> 
     </span>
    </p>
   </div>
   <div class='ocr_carea' id='block_1_88' title="bbox 2044 2632 3614 2703">
    <p class='ocr_par' dir='ltr' id='par_1_88' title="bbox 2044 2632 3614 2703">
     <span class='ocr_line' id='line_1_88' title="bbox 2044 2632 3614 2703; baseline 0.003 -18"><span class='ocrx_word' id='word_1_646' title='bbox 2044 2640 2090 2685; x_wconf 83' lang='lat' dir='ltr'><strong>et</strong></span> <span class='ocrx_word' id='word_1_647' title='bbox 2111 2632 2260 2685; x_wconf 71' lang='lat' dir='ltr'><strong>noxia</strong></span> <span class='ocrx_word' id='word_1_648' title='bbox 2274 2647 2294 2685; x_wconf 93' lang='lat'><strong><em>:</em></strong></span> <span class='ocrx_word' id='word_1_649' title='bbox 2311 2648 2413 2686; x_wconf 90' lang='lat' dir='ltr'><strong>non</strong></span> <span class='ocrx_word' id='word_1_650' title='bbox 2437 2633 2624 2688; x_wconf 85' lang='lat' dir='ltr'><strong>times?</strong></span> <span class='ocrx_word' id='word_1_651' title='bbox 2644 2632 2911 2688; x_wconf 89' lang='lat' dir='ltr'><strong>Desideria</strong></span> <span class='ocrx_word' id='word_1_652' title='bbox 2928 2649 3032 2702; x_wconf 89' lang='lat' dir='ltr'><strong>quo</strong></span> <span class='ocrx_word' id='word_1_653' title='bbox 3045 2633 3272 2701; x_wconf 89' lang='lat' dir='ltr'><strong>ducunt,</strong></span> <span class='ocrx_word' id='word_1_654' title='bbox 3303 2635 3450 2690; x_wconf 91' lang='lat' dir='ltr'><strong>time.</strong></span> <span class='ocrx_word' id='word_1_655' title='bbox 3479 2633 3614 2703; x_wconf 88' lang='lat' dir='ltr'><strong>Quid</strong></span> 
     </span>
    </p>
   </div>
   <div class='ocr_carea' id='block_1_89' title="bbox 2045 2721 3618 2795">
    <p class='ocr_par' dir='ltr' id='par_1_89' title="bbox 2045 2721 3618 2795">
     <span class='ocr_line' id='line_1_89' title="bbox 2045 2721 3618 2795; baseline 0.001 -21"><span class='ocrx_word' id='word_1_656' title='bbox 2045 2729 2143 2786; x_wconf 91' lang='lat' dir='ltr'><strong>est,</strong></span> <span class='ocrx_word' id='word_1_657' title='bbox 2166 2736 2270 2791; x_wconf 88' lang='lat' dir='ltr'><strong>quo</strong></span> <span class='ocrx_word' id='word_1_658' title='bbox 2284 2721 2505 2778; x_wconf 84' lang='lat' dir='ltr'><strong>ducunt?</strong></span> <span class='ocrx_word' id='word_1_659' title='bbox 2527 2722 2653 2789; x_wconf 76' lang='lat' dir='ltr'><strong>Qua:</strong></span> <span class='ocrx_word' id='word_1_660' title='bbox 2675 2733 2924 2794; x_wconf 85' lang='lat' dir='ltr'><strong>mergunt,</strong></span> <span class='ocrx_word' id='word_1_661' title='bbox 2941 2723 3128 2795; x_wconf 88' lang='lat' dir='ltr'><strong>inquit,</strong></span> <span class='ocrx_word' id='word_1_662' title='bbox 3153 2725 3374 2779; x_wconf 81' lang='lat' dir='ltr'><strong>homines</strong></span> <span class='ocrx_word' id='word_1_663' title='bbox 3395 2726 3444 2778; x_wconf 91' lang='lat' dir='ltr'><strong>in</strong></span> <span class='ocrx_word' id='word_1_664' title='bbox 3463 2727 3618 2779; x_wconf 67' lang='lat' dir='ltr'><strong>inter.</strong></span> 
     </span>
    </p>
   </div>
   <div class='ocr_carea' id='block_1_90' title="bbox 2045 2812 3617 2883">
    <p class='ocr_par' dir='ltr' id='par_1_90' title="bbox 2045 2812 3617 2883">
     <span class='ocr_line' id='line_1_90' title="bbox 2045 2812 3617 2883; baseline 0.003 -19"><span class='ocrx_word' id='word_1_665' title='bbox 2045 2812 2171 2865; x_wconf 87' lang='lat' dir='ltr'><strong>itum</strong></span> <span class='ocrx_word' id='word_1_666' title='bbox 2207 2823 2256 2867; x_wconf 87' lang='lat' dir='ltr'><strong>et</strong></span> <span class='ocrx_word' id='word_1_667' title='bbox 2301 2813 2646 2883; x_wconf 80' lang='lat' dir='ltr'><strong>perditionem.</strong></span> <span class='ocrx_word' id='word_1_668' title='bbox 2696 2814 2759 2868; x_wconf 83' lang='lat' dir='ltr'><strong>Et</strong></span> <span class='ocrx_word' id='word_1_669' title='bbox 2803 2814 2974 2868; x_wconf 89' lang='lat' dir='ltr'><strong>adhuc</strong></span> <span class='ocrx_word' id='word_1_670' title='bbox 3011 2815 3203 2870; x_wconf 89' lang='lat' dir='ltr'><strong>surdus</strong></span> <span class='ocrx_word' id='word_1_671' title='bbox 3227 2815 3318 2869; x_wconf 85' lang='lat' dir='ltr'><strong>es?</strong></span> <span class='ocrx_word' id='word_1_672' title='bbox 3347 2815 3617 2869; x_wconf 86' lang='lat' dir='ltr'><strong>Interitutn</strong></span> 
     </span>
    </p>
   </div>
   <div class='ocr_carea' id='block_1_91' title="bbox 2048 2903 3618 2972">
    <p class='ocr_par' dir='ltr' id='par_1_91' title="bbox 2048 2903 3618 2972">
     <span class='ocr_line' id='line_1_91' title="bbox 2048 2903 3618 2972; baseline 0.001 -15"><span class='ocrx_word' id='word_1_673' title='bbox 2048 2913 2100 2958; x_wconf 91' lang='lat' dir='ltr'><strong>et</strong></span> <span class='ocrx_word' id='word_1_674' title='bbox 2131 2904 2479 2972; x_wconf 86' lang='lat' dir='ltr'><strong>perditionem</strong></span> <span class='ocrx_word' id='word_1_675' title='bbox 2523 2919 2625 2957; x_wconf 90' lang='lat' dir='ltr'><strong>non</strong></span> <span class='ocrx_word' id='word_1_676' title='bbox 2650 2903 2805 2958; x_wconf 91' lang='lat' dir='ltr'><strong>times</strong></span> <span class='ocrx_word' id='word_1_677' title='bbox 2825 2904 2951 2960; x_wconf 86' lang='lat' dir='ltr'><strong>?Sic</strong></span> <span class='ocrx_word' id='word_1_678' title='bbox 2983 2905 3119 2960; x_wconf 90' lang='lat' dir='ltr'><strong>Deus</strong></span> <span class='ocrx_word' id='word_1_679' title='bbox 3137 2912 3302 2972; x_wconf 90' lang='lat' dir='ltr'><strong>tonat,</strong></span> <span class='ocrx_word' id='word_1_680' title='bbox 3331 2915 3380 2959; x_wconf 86' lang='lat' dir='ltr'><strong>et</strong></span> <span class='ocrx_word' id='word_1_681' title='bbox 3399 2907 3618 2959; x_wconf 76' lang='lat' dir='ltr'><strong>stertis?</strong></span> 
     </span>
    </p>
   </div>
   <div class='ocr_carea' id='block_1_92' title="bbox 2119 2991 3615 3066">
    <p class='ocr_par' dir='ltr' id='par_1_92' title="bbox 2119 2991 3615 3066">
     <span class='ocr_line' id='line_1_92' title="bbox 2119 2991 3615 3066; baseline 0.002 -20"><span class='ocrx_word' id='word_1_682' title='bbox 2119 2993 2172 3046; x_wconf 65' lang='grc' dir='ltr'><strong>ὁ.</strong></span> <span class='ocrx_word' id='word_1_683' title='bbox 2209 2991 2401 3047; x_wconf 83' lang='lat' dir='ltr'><strong>Vermis</strong></span> <span class='ocrx_word' id='word_1_684' title='bbox 2445 2994 2730 3047; x_wconf 70' lang='lat' dir='ltr'><strong>divitiarum</strong></span> <span class='ocrx_word' id='word_1_685' title='bbox 2774 2994 3023 3065; x_wconf 79' lang='lat' dir='ltr'><strong>superbia.</strong></span> <span class='ocrx_word' id='word_1_686' title='bbox 3070 2992 3333 3048; x_wconf 65' lang='lat' dir='ltr'><strong>Czeteruin</strong></span> <span class='ocrx_word' id='word_1_687' title='bbox 3391 2993 3473 3048; x_wconf 86' lang='lat' dir='ltr'><strong>his</strong></span> <span class='ocrx_word' id='word_1_688' title='bbox 3526 2997 3615 3066; x_wconf 86' lang='lat' dir='ltr'><strong>qui</strong></span> 
     </span>
    </p>
   </div>
   <div class='ocr_carea' id='block_1_93' title="bbox 2046 3085 3620 3157">
    <p class='ocr_par' dir='ltr' id='par_1_93' title="bbox 2046 3085 3620 3157">
     <span class='ocr_line' id='line_1_93' title="bbox 2046 3085 3620 3157; baseline 0.004 -20"><span class='ocrx_word' id='word_1_689' title='bbox 2046 3085 2153 3153; x_wconf 84' lang='lat' dir='ltr'><strong>jam</strong></span> <span class='ocrx_word' id='word_1_690' title='bbox 2199 3085 2390 3140; x_wconf 81' lang='lat' dir='ltr'><strong>divites</strong></span> <span class='ocrx_word' id='word_1_691' title='bbox 2455 3096 2594 3149; x_wconf 77' lang='lat' dir='ltr'><strong>sunt,</strong></span> <span class='ocrx_word' id='word_1_692' title='bbox 2635 3086 2806 3140; x_wconf 83' lang='lat' dir='ltr'><strong>adhuc</strong></span> <span class='ocrx_word' id='word_1_693' title='bbox 2847 3087 3127 3140; x_wconf 89' lang='lat' dir='ltr'><strong>consilium</strong></span> <span class='ocrx_word' id='word_1_694' title='bbox 3183 3087 3326 3143; x_wconf 87' lang='lat' dir='ltr'><strong>dedit</strong></span> <span class='ocrx_word' id='word_1_695' title='bbox 3390 3091 3620 3157; x_wconf 80' lang='lat' dir='ltr'><strong>Aposto-</strong></span> 
     </span>
    </p>
   </div>
   <div class='ocr_carea' id='block_1_94' title="bbox 2050 3162 3622 3250">
    <p class='ocr_par' dir='ltr' id='par_1_94' title="bbox 2050 3162 3622 3250">
     <span class='ocr_line' id='line_1_94' title="bbox 2050 3162 3622 3250; baseline 0.001 -19"><span class='ocrx_word' id='word_1_696' title='bbox 2050 3179 2130 3231; x_wconf 88' lang='lat' dir='ltr'><strong>lus</strong></span> <span class='ocrx_word' id='word_1_697' title='bbox 2157 3193 2170 3230; x_wconf 92' lang='lat'><strong>:</strong></span> <span class='ocrx_word' id='word_1_698' title='bbox 2199 3177 2446 3247; x_wconf 77' lang='lat' dir='ltr'><strong>Prtect‘pe,</strong></span> <span class='ocrx_word' id='word_1_699' title='bbox 2489 3178 2653 3247; x_wconf 87' lang='lat' dir='ltr'><strong>inquit</strong></span> <span class='ocrx_word' id='word_1_700' title='bbox 2679 3221 2693 3244; x_wconf 95' lang='lat'><strong>,</strong></span> <span class='ocrx_word' id='word_1_701' title='bbox 2739 3162 2971 3233; x_wconf 63' lang='lat' dir='ltr'><strong>divitibus</strong></span> <span class='ocrx_word' id='word_1_702' title='bbox 2991 3179 3142 3250; x_wconf 80' lang='lat' dir='ltr'><strong>hujus</strong></span> <span class='ocrx_word' id='word_1_703' title='bbox 3188 3179 3365 3233; x_wconf 85' lang='lat' dir='ltr'><strong>mundi</strong></span> <span class='ocrx_word' id='word_1_704' title='bbox 3402 3188 3503 3233; x_wconf 82' lang='lat' dir='ltr'><strong>nan</strong></span> <span class='ocrx_word' id='word_1_705' title='bbox 3532 3197 3622 3233; x_wconf 84' lang='lat' dir='ltr'><strong>su-</strong></span> 
     </span>
    </p>
   </div>
   <div class='ocr_carea' id='block_1_95' title="bbox 2051 3269 3621 3340">
    <p class='ocr_par' dir='ltr' id='par_1_95' title="bbox 2051 3269 3621 3340">
     <span class='ocr_line' id='line_1_95' title="bbox 2051 3269 3621 3340; baseline 0.004 -20"><span class='ocrx_word' id='word_1_706' title='bbox 2051 3269 2196 3340; x_wconf 82' lang='lat' dir='ltr'><strong>perbe</strong></span> <span class='ocrx_word' id='word_1_707' title='bbox 2223 3285 2413 3340; x_wconf 81' lang='lat' dir='ltr'><strong>sapere.</strong></span> <span class='ocrx_word' id='word_1_708' title='bbox 2447 3270 2656 3325; x_wconf 67' lang='lat' dir='ltr'><strong>Verulis</strong></span> <span class='ocrx_word' id='word_1_709' title='bbox 2676 3269 2974 3325; x_wconf 69' lang='lat' dir='ltr'><strong>divitiarum</strong></span> <span class='ocrx_word' id='word_1_710' title='bbox 3003 3270 3248 3340; x_wconf 83' lang='lat' dir='ltr'><strong>superbia</strong></span> <span class='ocrx_word' id='word_1_711' title='bbox 3274 3280 3374 3326; x_wconf 86' lang='lat' dir='ltr'><strong>est.</strong></span> <span class='ocrx_word' id='word_1_712' title='bbox 3399 3270 3621 3326; x_wconf 79' lang='lat' dir='ltr'><strong>Difﬁcile</strong></span> 
     </span>
    </p>
   </div>
   <div class='ocr_carea' id='block_1_96' title="bbox 2049 3361 3618 3433">
    <p class='ocr_par' dir='ltr' id='par_1_96' title="bbox 2049 3361 3618 3433">
     <span class='ocr_line' id='line_1_96' title="bbox 2049 3361 3618 3433; baseline 0.001 -19"><span class='ocrx_word' id='word_1_713' title='bbox 2049 3369 2129 3414; x_wconf 87' lang='lat' dir='ltr'><strong>est</strong></span> <span class='ocrx_word' id='word_1_714' title='bbox 2152 3372 2205 3415; x_wconf 92' lang='lat' dir='ltr'><strong>ut</strong></span> <span class='ocrx_word' id='word_1_715' title='bbox 2235 3377 2337 3415; x_wconf 88' lang='lat' dir='ltr'><strong>non</strong></span> <span class='ocrx_word' id='word_1_716' title='bbox 2368 3363 2435 3415; x_wconf 81' lang='lat' dir='ltr'><strong>sit</strong></span> <span class='ocrx_word' id='word_1_717' title='bbox 2465 3362 2742 3431; x_wconf 87' lang='lat' dir='ltr'><strong>superbus,</strong></span> <span class='ocrx_word' id='word_1_718' title='bbox 2777 3363 2864 3433; x_wconf 93' lang='lat' dir='ltr'><strong>qui</strong></span> <span class='ocrx_word' id='word_1_719' title='bbox 2913 3363 3062 3416; x_wconf 90' lang='lat' dir='ltr'><strong>dives</strong></span> <span class='ocrx_word' id='word_1_720' title='bbox 3086 3372 3184 3417; x_wconf 84' lang='lat' dir='ltr'><strong>est.</strong></span> <span class='ocrx_word' id='word_1_721' title='bbox 3231 3361 3381 3417; x_wconf 82' lang='lat' dir='ltr'><strong>Tolle</strong></span> <span class='ocrx_word' id='word_1_722' title='bbox 3430 3378 3618 3432; x_wconf 82' lang='lat' dir='ltr'><strong>super-</strong></span> 
     </span>
    </p>
   </div>
   <div class='ocr_carea' id='block_1_97' title="bbox 2053 3450 3619 3521">
    <p class='ocr_par' dir='ltr' id='par_1_97' title="bbox 2053 3450 3619 3521">
     <span class='ocr_line' id='line_1_97' title="bbox 2053 3450 3619 3521; baseline -0.001 -15"><span class='ocrx_word' id='word_1_723' title='bbox 2053 3452 2222 3516; x_wconf 86' lang='lat' dir='ltr'><strong>biam,</strong></span> <span class='ocrx_word' id='word_1_724' title='bbox 2254 3451 2448 3506; x_wconf 76' lang='lat' dir='ltr'><strong>divitia:</strong></span> <span class='ocrx_word' id='word_1_725' title='bbox 2480 3467 2583 3505; x_wconf 90' lang='lat' dir='ltr'><strong>non</strong></span> <span class='ocrx_word' id='word_1_726' title='bbox 2631 3453 2913 3506; x_wconf 83' lang='lat' dir='ltr'><strong>nocebunt.</strong></span> <span class='ocrx_word' id='word_1_727' title='bbox 2941 3451 3043 3508; x_wconf 85' lang='lat' dir='ltr'><strong>Sed</strong></span> <span class='ocrx_word' id='word_1_728' title='bbox 3086 3451 3299 3506; x_wconf 86' lang='lat' dir='ltr'><strong>attende</strong></span> <span class='ocrx_word' id='word_1_729' title='bbox 3326 3450 3449 3521; x_wconf 90' lang='lat' dir='ltr'><strong>quid</strong></span> <span class='ocrx_word' id='word_1_730' title='bbox 3497 3451 3619 3504; x_wconf 82' lang='lat' dir='ltr'><strong>inde</strong></span> 
     </span>
    </p>
   </div>
   <div class='ocr_carea' id='block_1_98' title="bbox 2052 3541 3618 3614">
    <p class='ocr_par' dir='ltr' id='par_1_98' title="bbox 2052 3541 3618 3614">
     <span class='ocr_line' id='line_1_98' title="bbox 2052 3541 3618 3614; baseline 0 -18"><span class='ocrx_word' id='word_1_731' title='bbox 2052 3542 2224 3597; x_wconf 84' lang='lat' dir='ltr'><strong>facere</strong></span> <span class='ocrx_word' id='word_1_732' title='bbox 2249 3541 2464 3607; x_wconf 84' lang='lat' dir='ltr'><strong>debeas,</strong></span> <span class='ocrx_word' id='word_1_733' title='bbox 2507 3559 2573 3598; x_wconf 88' lang='lat' dir='ltr'><strong>ne</strong></span> <span class='ocrx_word' id='word_1_734' title='bbox 2621 3553 2769 3598; x_wconf 86' lang='lat' dir='ltr'><strong>vacet</strong></span> <span class='ocrx_word' id='word_1_735' title='bbox 2807 3544 2941 3614; x_wconf 88' lang='lat' dir='ltr'><strong>apud</strong></span> <span class='ocrx_word' id='word_1_736' title='bbox 2999 3554 3052 3598; x_wconf 87' lang='lat' dir='ltr'><strong>te</strong></span> <span class='ocrx_word' id='word_1_737' title='bbox 3093 3543 3230 3613; x_wconf 85' lang='lat' dir='ltr'><strong>quod</strong></span> <span class='ocrx_word' id='word_1_738' title='bbox 3275 3542 3490 3613; x_wconf 82' lang='lat' dir='ltr'><strong>largitus</strong></span> <span class='ocrx_word' id='word_1_739' title='bbox 3538 3555 3618 3597; x_wconf 84' lang='lat' dir='ltr'><strong>est</strong></span> 
     </span>
    </p>
   </div>
   <div class='ocr_carea' id='block_1_99' title="bbox 2055 3631 3626 3704">
    <p class='ocr_par' dir='ltr' id='par_1_99' title="bbox 2055 3631 3626 3704">
     <span class='ocr_line' id='line_1_99' title="bbox 2055 3631 3626 3704; baseline 0 -17"><span class='ocrx_word' id='word_1_740' title='bbox 2055 3635 2209 3688; x_wconf 87' lang='lat' dir='ltr'><strong>Deus.</strong></span> <span class='ocrx_word' id='word_1_741' title='bbox 2263 3631 2386 3686; x_wconf 86' lang='lat' dir='ltr'><strong>Non</strong></span> <span class='ocrx_word' id='word_1_742' title='bbox 2433 3637 2643 3704; x_wconf 77' lang='lat' dir='ltr'><strong>superbe</strong></span> <span class='ocrx_word' id='word_1_743' title='bbox 2673 3633 3054 3701; x_wconf 71' lang='lat' dir='ltr'><strong>sapere:istud</strong></span> <span class='ocrx_word' id='word_1_744' title='bbox 3107 3632 3289 3686; x_wconf 90' lang='lat' dir='ltr'><strong>vitium</strong></span> <span class='ocrx_word' id='word_1_745' title='bbox 3325 3632 3470 3686; x_wconf 84' lang='lat' dir='ltr'><strong>tolle.</strong></span> <span class='ocrx_word' id='word_1_746' title='bbox 3519 3632 3626 3687; x_wconf 67' lang='lat' dir='ltr'><strong>Ne-</strong></span> 
     </span>
    </p>
   </div>
   <div class='ocr_carea' id='block_1_100' title="bbox 2050 3723 3624 3796">
    <p class='ocr_par' dir='ltr' id='par_1_100' title="bbox 2050 3723 3624 3796">
     <span class='ocr_line' id='line_1_100' title="bbox 2050 3723 3624 3796; baseline -0.001 -18"><span class='ocrx_word' id='word_1_747' title='bbox 2050 3741 2144 3794; x_wconf 81' lang='lat' dir='ltr'><strong>que</strong></span> <span class='ocrx_word' id='word_1_748' title='bbox 2182 3740 2383 3796; x_wconf 87' lang='lat' dir='ltr'><strong>sperare</strong></span> <span class='ocrx_word' id='word_1_749' title='bbox 2420 3726 2472 3778; x_wconf 85' lang='lat' dir='ltr'><strong>in</strong></span> <span class='ocrx_word' id='word_1_750' title='bbox 2511 3725 2698 3778; x_wconf 87' lang='lat' dir='ltr'><strong>incerto</strong></span> <span class='ocrx_word' id='word_1_751' title='bbox 2741 3725 3023 3778; x_wconf 74' lang='lat' dir='ltr'><strong>divitiarum</strong></span> <span class='ocrx_word' id='word_1_752' title='bbox 3053 3740 3070 3778; x_wconf 91' lang='lat'><strong><em>:</em></strong></span> <span class='ocrx_word' id='word_1_753' title='bbox 3099 3723 3224 3778; x_wconf 85' lang='lat' dir='ltr'><strong>tolle</strong></span> <span class='ocrx_word' id='word_1_754' title='bbox 3283 3734 3337 3780; x_wconf 89' lang='lat' dir='ltr'><strong>et</strong></span> <span class='ocrx_word' id='word_1_755' title='bbox 3395 3724 3495 3778; x_wconf 87' lang='lat' dir='ltr'><strong>hoc</strong></span> <span class='ocrx_word' id='word_1_756' title='bbox 3552 3727 3624 3777; x_wconf 84' lang='lat' dir='ltr'><strong>vi-</strong></span> 
     </span>
    </p>
   </div>
   <div class='ocr_carea' id='block_1_101' title="bbox 2054 3816 3623 3886">
    <p class='ocr_par' dir='ltr' id='par_1_101' title="bbox 2054 3816 3623 3886">
     <span class='ocr_line' id='line_1_101' title="bbox 2054 3816 3623 3886; baseline -0.001 -15"><span class='ocrx_word' id='word_1_757' title='bbox 2054 3818 2202 3871; x_wconf 91' lang='lat' dir='ltr'><strong>tium.</strong></span> <span class='ocrx_word' id='word_1_758' title='bbox 2228 3816 2357 3870; x_wconf 88' lang='lat' dir='ltr'><strong>Cum</strong></span> <span class='ocrx_word' id='word_1_759' title='bbox 2389 3817 2669 3872; x_wconf 68' lang='lat' dir='ltr'><strong>abstuleris</strong></span> <span class='ocrx_word' id='word_1_760' title='bbox 2694 3817 2789 3871; x_wconf 90' lang='lat' dir='ltr'><strong>ista</strong></span> <span class='ocrx_word' id='word_1_761' title='bbox 2815 3859 2828 3882; x_wconf 89' lang='lat'><strong>,</strong></span> <span class='ocrx_word' id='word_1_762' title='bbox 2857 3831 3052 3871; x_wconf 75' lang='lat' dir='ltr'><strong>exerce</strong></span> <span class='ocrx_word' id='word_1_763' title='bbox 3083 3831 3242 3886; x_wconf 87' lang='lat' dir='ltr'><strong>opera</strong></span> <span class='ocrx_word' id='word_1_764' title='bbox 3270 3817 3422 3871; x_wconf 88' lang='lat' dir='ltr'><strong>bona.</strong></span> <span class='ocrx_word' id='word_1_765' title='bbox 3453 3816 3578 3884; x_wconf 77' lang='lat' dir='ltr'><strong>Qna-</strong></span> <span class='ocrx_word' id='word_1_766' title='bbox 3602 3820 3623 3869; x_wconf 70' lang='grc' dir='ltr'><strong>ἵν</strong></span> 
     </span>
    </p>
   </div>
   <div class='ocr_carea' id='block_1_102' title="bbox 2053 3907 3615 3976">
    <p class='ocr_par' dir='ltr' id='par_1_102' title="bbox 2053 3907 3615 3976">
     <span class='ocr_line' id='line_1_102' title="bbox 2053 3907 3615 3976; baseline -0.003 -13"><span class='ocrx_word' id='word_1_767' title='bbox 2053 3908 2186 3963; x_wconf 77' lang='lat' dir='ltr'><strong>Audi</strong></span> <span class='ocrx_word' id='word_1_768' title='bbox 2220 3927 2231 3962; x_wconf 93' lang='lat'>:</span> <span class='ocrx_word' id='word_1_769' title='bbox 2256 3907 2444 3961; x_wconf 69' lang='lat' dir='ltr'><strong>Divites</strong></span> <span class='ocrx_word' id='word_1_770' title='bbox 2472 3909 2589 3971; x_wconf 81' lang='lat' dir='ltr'><strong>sint,</strong></span> <span class='ocrx_word' id='word_1_771' title='bbox 2623 3907 2809 3976; x_wconf 89' lang='lat' dir='ltr'><strong>inquit,</strong></span> <span class='ocrx_word' id='word_1_772' title='bbox 2837 3909 2888 3960; x_wconf 86' lang='lat' dir='ltr'><strong>in</strong></span> <span class='ocrx_word' id='word_1_773' title='bbox 2917 3907 3150 3976; x_wconf 79' lang='lat' dir='ltr'><strong>operibus</strong></span> <span class='ocrx_word' id='word_1_774' title='bbox 3176 3907 3333 3970; x_wconf 81' lang='lat' dir='ltr'><strong>bonis,</strong></span> <span class='ocrx_word' id='word_1_775' title='bbox 3379 3924 3475 3960; x_wconf 81' lang='lat' dir='ltr'><strong>twn</strong></span> <span class='ocrx_word' id='word_1_776' title='bbox 3504 3925 3615 3973; x_wconf 76' lang='lat' dir='ltr'><strong>spe-</strong></span> 
     </span>
    </p>
   </div>
   <div class='ocr_carea' id='block_1_103' title="bbox 2053 3993 3623 4066">
    <p class='ocr_par' dir='ltr' id='par_1_103' title="bbox 2053 3993 3623 4066">
     <span class='ocr_line' id='line_1_103' title="bbox 2053 3993 3623 4066; baseline -0.002 -15"><span class='ocrx_word' id='word_1_777' title='bbox 2053 4007 2162 4051; x_wconf 84' lang='lat' dir='ltr'><strong>rent</strong></span> <span class='ocrx_word' id='word_1_778' title='bbox 2197 3999 2248 4050; x_wconf 87' lang='lat' dir='ltr'><strong>in</strong></span> <span class='ocrx_word' id='word_1_779' title='bbox 2287 3998 2474 4051; x_wconf 85' lang='lat' dir='ltr'><strong>incerto</strong></span> <span class='ocrx_word' id='word_1_780' title='bbox 2499 3996 2804 4050; x_wconf 74' lang='lat' dir='ltr'><strong>diuitiarum.</strong></span> <span class='ocrx_word' id='word_1_781' title='bbox 2847 3995 2949 4050; x_wconf 86' lang='lat' dir='ltr'><strong>Sed</strong></span> <span class='ocrx_word' id='word_1_782' title='bbox 2982 3997 3067 4050; x_wconf 88' lang='lat' dir='ltr'><strong>ubi</strong></span> <span class='ocrx_word' id='word_1_783' title='bbox 3121 3997 3370 4066; x_wconf 80' lang='lat' dir='ltr'><strong>sperent?</strong></span> <span class='ocrx_word' id='word_1_784' title='bbox 3409 3993 3473 4049; x_wconf 86' lang='lat' dir='ltr'><strong>In</strong></span> <span class='ocrx_word' id='word_1_785' title='bbox 3517 3994 3623 4049; x_wconf 82' lang='lat' dir='ltr'><strong>Deo</strong></span> 
     </span>
    </p>
   </div>
   <div class='ocr_carea' id='block_1_104' title="bbox 2053 4083 3624 4156">
    <p class='ocr_par' dir='ltr' id='par_1_104' title="bbox 2053 4083 3624 4156">
     <span class='ocr_line' id='line_1_104' title="bbox 2053 4083 3624 4156; baseline -0.001 -16"><span class='ocrx_word' id='word_1_786' title='bbox 2053 4088 2161 4140; x_wconf 78' lang='lat' dir='ltr'><strong>vivo</strong></span> <span class='ocrx_word' id='word_1_787' title='bbox 2188 4087 2274 4153; x_wconf 85' lang='lat' dir='ltr'><strong>qui</strong></span> <span class='ocrx_word' id='word_1_788' title='bbox 2307 4095 2509 4156; x_wconf 75' lang='lat' dir='ltr'><strong>prwstat</strong></span> <span class='ocrx_word' id='word_1_789' title='bbox 2531 4086 2670 4139; x_wconf 79' lang='lat' dir='ltr'><strong>nobis</strong></span> <span class='ocrx_word' id='word_1_790' title='bbox 2695 4083 2864 4138; x_wconf 86' lang='lat' dir='ltr'><strong>omnia</strong></span> <span class='ocrx_word' id='word_1_791' title='bbox 2901 4085 3214 4138; x_wconf 83' lang='lat' dir='ltr'><strong>abundanter</strong></span> <span class='ocrx_word' id='word_1_792' title='bbox 3237 4086 3304 4138; x_wconf 88' lang='lat' dir='ltr'><strong>ad</strong></span> <span class='ocrx_word' id='word_1_793' title='bbox 3332 4084 3624 4155; x_wconf 80' lang='lat' dir='ltr'><strong>fruendum.</strong></span> 
     </span>
    </p>
   </div>
   <div class='ocr_carea' id='block_1_105' title="bbox 2053 4175 3620 4247">
    <p class='ocr_par' dir='ltr' id='par_1_105' title="bbox 2053 4175 3620 4247">
     <span class='ocr_line' id='line_1_105' title="bbox 2053 4175 3620 4247; baseline -0.003 -14"><span class='ocrx_word' id='word_1_794' title='bbox 2053 4178 2303 4233; x_wconf 83' lang='lat' dir='ltr'><strong>Mundum</strong></span> <span class='ocrx_word' id='word_1_795' title='bbox 2355 4185 2569 4247; x_wconf 76' lang='lat' dir='ltr'><strong>prmstat</strong></span> <span class='ocrx_word' id='word_1_796' title='bbox 2616 4176 2754 4230; x_wconf 84' lang='lat' dir='ltr'><strong>Deus</strong></span> <span class='ocrx_word' id='word_1_797' title='bbox 2812 4176 3048 4245; x_wconf 83' lang='lat' dir='ltr'><strong>pauperi,</strong></span> <span class='ocrx_word' id='word_1_798' title='bbox 3094 4184 3308 4244; x_wconf 71' lang='lat' dir='ltr'><strong>pnestat</strong></span> <span class='ocrx_word' id='word_1_799' title='bbox 3360 4184 3412 4230; x_wconf 92' lang='lat' dir='ltr'><strong>ct</strong></span> <span class='ocrx_word' id='word_1_800' title='bbox 3452 4175 3620 4229; x_wconf 87' lang='lat' dir='ltr'><strong>diviti.</strong></span> 
     </span>
    </p>
   </div>
   <div class='ocr_carea' id='block_1_106' title="bbox 2055 4268 3623 4338">
    <p class='ocr_par' dir='ltr' id='par_1_106' title="bbox 2055 4268 3623 4338">
     <span class='ocr_line' id='line_1_106' title="bbox 2055 4268 3623 4338; baseline -0.003 -13"><span class='ocrx_word' id='word_1_801' title='bbox 2055 4269 2318 4337; x_wconf 83' lang='lat' dir='ltr'><strong>Numquid</strong></span> <span class='ocrx_word' id='word_1_802' title='bbox 2349 4270 2470 4338; x_wconf 89' lang='lat' dir='ltr'><strong>quia</strong></span> <span class='ocrx_word' id='word_1_803' title='bbox 2509 4269 2656 4322; x_wconf 87' lang='lat' dir='ltr'><strong>dives</strong></span> <span class='ocrx_word' id='word_1_804' title='bbox 2705 4277 2818 4327; x_wconf 86' lang='lat' dir='ltr'><strong>est.</strong></span> <span class='ocrx_word' id='word_1_805' title='bbox 2873 4269 3010 4323; x_wconf 89' lang='lat' dir='ltr'><strong>duos</strong></span> <span class='ocrx_word' id='word_1_806' title='bbox 3057 4276 3269 4321; x_wconf 84' lang='lat' dir='ltr'><strong>ventres</strong></span> <span class='ocrx_word' id='word_1_807' title='bbox 3311 4268 3623 4338; x_wconf 73' lang='lat' dir='ltr'><strong>impleturus</strong></span> 
     </span>
    </p>
   </div>
   <div class='ocr_carea' id='block_1_107' title="bbox 2055 4359 3624 4430">
    <p class='ocr_par' dir='ltr' id='par_1_107' title="bbox 2055 4359 3624 4430">
     <span class='ocr_line' id='line_1_107' title="bbox 2055 4359 3624 4430; baseline -0.003 -11"><span class='ocrx_word' id='word_1_808' title='bbox 2055 4363 2177 4419; x_wconf 72' lang='grc' dir='ltr'><strong>εειῖ</strong></span> <span class='ocrx_word' id='word_1_809' title='bbox 2208 4363 2506 4426; x_wconf 80' lang='lat' dir='ltr'><strong>Attendtte,</strong></span> <span class='ocrx_word' id='word_1_810' title='bbox 2551 4371 2602 4415; x_wconf 86' lang='lat' dir='ltr'><strong>et</strong></span> <span class='ocrx_word' id='word_1_811' title='bbox 2633 4361 2802 4417; x_wconf 80' lang='lat' dir='ltr'><strong>videte</strong></span> <span class='ocrx_word' id='word_1_812' title='bbox 2831 4361 3078 4430; x_wconf 80' lang='lat' dir='ltr'><strong>quoniam</strong></span> <span class='ocrx_word' id='word_1_813' title='bbox 3120 4359 3188 4415; x_wconf 92' lang='lat' dir='ltr'><strong>de</strong></span> <span class='ocrx_word' id='word_1_814' title='bbox 3214 4359 3350 4414; x_wconf 85' lang='lat' dir='ltr'><strong>datis</strong></span> <span class='ocrx_word' id='word_1_815' title='bbox 3380 4360 3472 4414; x_wconf 87' lang='lat' dir='ltr'><strong>Dei</strong></span> <span class='ocrx_word' id='word_1_816' title='bbox 3504 4376 3624 4428; x_wconf 60' lang='lat' dir='ltr'><strong>{auo</strong></span> 
     </span>
    </p>
   </div>
   <div class='ocr_carea' id='block_1_108' title="bbox 2058 4451 3625 4525">
    <p class='ocr_par' dir='ltr' id='par_1_108' title="bbox 2058 4451 3625 4525">
     <span class='ocr_line' id='line_1_108' title="bbox 2058 4451 3625 4525; baseline 0 -19"><span class='ocrx_word' id='word_1_817' title='bbox 2058 4470 2212 4525; x_wconf 76' lang='lat' dir='ltr'><strong>peros</strong></span> <span class='ocrx_word' id='word_1_818' title='bbox 2259 4455 2475 4510; x_wconf 86' lang='lat' dir='ltr'><strong>saturati</strong></span> <span class='ocrx_word' id='word_1_819' title='bbox 2527 4453 2813 4507; x_wconf 87' lang='lat' dir='ltr'><strong>dormiunt.</strong></span> <span class='ocrx_word' id='word_1_820' title='bbox 2845 4451 2945 4520; x_wconf 88' lang='lat' dir='ltr'><strong>Qui</strong></span> <span class='ocrx_word' id='word_1_821' title='bbox 2985 4452 3151 4522; x_wconf 87' lang='lat' dir='ltr'><strong>pascit</strong></span> <span class='ocrx_word' id='word_1_822' title='bbox 3199 4466 3324 4515; x_wconf 88' lang='lat' dir='ltr'><strong>vos,</strong></span> <span class='ocrx_word' id='word_1_823' title='bbox 3363 4451 3527 4522; x_wconf 77' lang='lat' dir='ltr'><strong>pascit</strong></span> <span class='ocrx_word' id='word_1_824' title='bbox 3573 4464 3625 4506; x_wconf 91' lang='lat' dir='ltr'><strong>et</strong></span> 
     </span>
    </p>
   </div>
   <div class='ocr_carea' id='block_1_109' title="bbox 2055 4536 2566 4616">
    <p class='ocr_par' dir='ltr' id='par_1_109' title="bbox 2055 4536 2566 4616">
     <span class='ocr_line' id='line_1_109' title="bbox 2055 4536 2566 4616; baseline -0.006 -16"><span class='ocrx_word' id='word_1_825' title='bbox 2055 4547 2173 4600; x_wconf 91' lang='lat' dir='ltr'><strong>illos</strong></span> <span class='ocrx_word' id='word_1_826' title='bbox 2202 4560 2296 4616; x_wconf 88' lang='lat' dir='ltr'><strong>per</strong></span> <span class='ocrx_word' id='word_1_827' title='bbox 2324 4560 2437 4600; x_wconf 90' lang='lat' dir='ltr'><strong>vos.</strong></span> <span class='ocrx_word' id='word_1_828' title='bbox 2562 4536 2566 4540; x_wconf 67' lang='grc'>’</span> 
     </span>
    </p>
   </div>
   <div class='ocr_carea' id='block_1_110' title="bbox 2126 4655 3627 4725">
    <p class='ocr_par' dir='ltr' id='par_1_110' title="bbox 2126 4655 3627 4725">
     <span class='ocr_line' id='line_1_110' title="bbox 2126 4655 3627 4725; baseline -0.002 -14"><span class='ocrx_word' id='word_1_829' title='bbox 2126 4656 2348 4712; x_wconf 84' lang='lat' dir='ltr'><strong>CAPUT</strong></span> <span class='ocrx_word' id='word_1_830' title='bbox 2390 4655 2474 4711; x_wconf 83' lang='lat' dir='ltr'><strong>lli.</strong></span> <span class='ocrx_word' id='word_1_831' title='bbox 2502 4687 2572 4696; x_wconf 89' lang='lat'><strong>——</strong></span> <span class='ocrx_word' id='word_1_832' title='bbox 2598 4657 2651 4712; x_wconf 81' lang='lat'><strong>5.</strong></span> <span class='ocrx_word' id='word_1_833' title='bbox 2686 4655 2983 4708; x_wconf 63' lang='lat' dir='ltr'><strong>Diuitiarum</strong></span> <span class='ocrx_word' id='word_1_834' title='bbox 3003 4672 3122 4710; x_wconf 81' lang='lat' dir='ltr'><strong>usus</strong></span> <span class='ocrx_word' id='word_1_835' title='bbox 3141 4657 3192 4709; x_wconf 87' lang='lat' dir='ltr'><strong>in</strong></span> <span class='ocrx_word' id='word_1_836' title='bbox 3209 4656 3439 4725; x_wconf 81' lang='lat' dir='ltr'><strong>operibus</strong></span> <span class='ocrx_word' id='word_1_837' title='bbox 3464 4657 3627 4713; x_wconf 86' lang='lat' dir='ltr'><strong>bonis.</strong></span> 
     </span>
    </p>
   </div>
   <div class='ocr_carea' id='block_1_111' title="bbox 2058 4745 3626 4820">
    <p class='ocr_par' dir='ltr' id='par_1_111' title="bbox 2058 4745 3626 4820">
     <span class='ocr_line' id='line_1_111' title="bbox 2058 4745 3626 4820; baseline -0.002 -16"><span class='ocrx_word' id='word_1_838' title='bbox 2058 4748 2196 4820; x_wconf 79' lang='lat' dir='ltr'><strong>Ergo</strong></span> <span class='ocrx_word' id='word_1_839' title='bbox 2238 4764 2341 4803; x_wconf 84' lang='lat' dir='ltr'><strong>non</strong></span> <span class='ocrx_word' id='word_1_840' title='bbox 2385 4758 2590 4803; x_wconf 88' lang='lat' dir='ltr'><strong>ametur</strong></span> <span class='ocrx_word' id='word_1_841' title='bbox 2620 4747 2837 4817; x_wconf 89' lang='lat' dir='ltr'><strong>pecunia</strong></span> <span class='ocrx_word' id='word_1_842' title='bbox 2867 4764 2880 4800; x_wconf 87' lang='lat'><strong>:</strong></span> <span class='ocrx_word' id='word_1_843' title='bbox 2910 4747 3003 4802; x_wconf 87' lang='lat' dir='ltr'><strong>sed</strong></span> <span class='ocrx_word' id='word_1_844' title='bbox 3032 4747 3075 4801; x_wconf 90' lang='lat' dir='ltr'><strong>si</strong></span> <span class='ocrx_word' id='word_1_845' title='bbox 3102 4747 3211 4815; x_wconf 85' lang='lat' dir='ltr'><strong>jam</strong></span> <span class='ocrx_word' id='word_1_846' title='bbox 3251 4747 3494 4810; x_wconf 87' lang='lat' dir='ltr'><strong>habetur,</strong></span> <span class='ocrx_word' id='word_1_847' title='bbox 3525 4745 3626 4802; x_wconf 68' lang='lat' dir='ltr'><strong>hoc:</strong></span> 
     </span>
    </p>
   </div>
   <div class='ocr_carea' id='block_1_112' title="bbox 2056 4836 3627 4909">
    <p class='ocr_par' dir='ltr' id='par_1_112' title="bbox 2056 4836 3627 4909">
     <span class='ocr_line' id='line_1_112' title="bbox 2056 4836 3627 4909; baseline -0.004 -13"><span class='ocrx_word' id='word_1_848' title='bbox 2056 4843 2178 4898; x_wconf 88' lang='lat' dir='ltr'><strong>inde</strong></span> <span class='ocrx_word' id='word_1_849' title='bbox 2210 4843 2317 4895; x_wconf 86' lang='lat' dir='ltr'><strong>tiat.</strong></span> <span class='ocrx_word' id='word_1_850' title='bbox 2351 4840 2546 4896; x_wconf 90' lang='lat' dir='ltr'><strong>Divites</strong></span> <span class='ocrx_word' id='word_1_851' title='bbox 2589 4848 2777 4905; x_wconf 80' lang='lat' dir='ltr'><strong>estote,</strong></span> <span class='ocrx_word' id='word_1_852' title='bbox 2827 4838 2924 4909; x_wconf 87' lang='lat' dir='ltr'><strong>qui</strong></span> <span class='ocrx_word' id='word_1_853' title='bbox 2950 4839 3092 4894; x_wconf 89' lang='lat' dir='ltr'><strong>illam</strong></span> <span class='ocrx_word' id='word_1_854' title='bbox 3124 4837 3348 4894; x_wconf 86' lang='lat' dir='ltr'><strong>habetis.</strong></span> <span class='ocrx_word' id='word_1_855' title='bbox 3391 4836 3496 4892; x_wconf 88' lang='lat' dir='ltr'><strong>Sed</strong></span> <span class='ocrx_word' id='word_1_856' title='bbox 3541 4836 3627 4891; x_wconf 89' lang='lat' dir='ltr'><strong>ubi</strong></span> 
     </span>
    </p>
   </div>
   <div class='ocr_carea' id='block_1_113' title="bbox 2057 4925 3626 5001">
    <p class='ocr_par' dir='ltr' id='par_1_113' title="bbox 2057 4925 3626 5001">
     <span class='ocr_line' id='line_1_113' title="bbox 2057 4925 3626 5001; baseline -0.004 -14"><span class='ocrx_word' id='word_1_857' title='bbox 2057 4929 2284 4988; x_wconf 86' lang='lat' dir='ltr'><strong>divites?</strong></span> <span class='ocrx_word' id='word_1_858' title='bbox 2311 4929 2375 4984; x_wconf 88' lang='lat' dir='ltr'><strong>In</strong></span> <span class='ocrx_word' id='word_1_859' title='bbox 2423 4928 2652 5001; x_wconf 86' lang='lat' dir='ltr'><strong>aperibus</strong></span> <span class='ocrx_word' id='word_1_860' title='bbox 2690 4929 2849 4984; x_wconf 85' lang='lat' dir='ltr'><strong>bonis.</strong></span> <span class='ocrx_word' id='word_1_861' title='bbox 2896 4928 3088 4994; x_wconf 79' lang='lat' dir='ltr'><strong>Facile,</strong></span> <span class='ocrx_word' id='word_1_862' title='bbox 3137 4927 3344 4998; x_wconf 56' lang='lat' dir='ltr'><strong>inquit,</strong></span> <span class='ocrx_word' id='word_1_863' title='bbox 3371 4925 3626 4991; x_wconf 84' lang='lat' dir='ltr'><strong>tribuant.</strong></span> 
     </span>
    </p>
   </div>
   <div class='ocr_carea' id='block_1_114' title="bbox 2057 5013 3630 5088">
    <p class='ocr_par' dir='ltr' id='par_1_114' title="bbox 2057 5013 3630 5088">
     <span class='ocr_line' id='line_1_114' title="bbox 2057 5013 3630 5088; baseline -0.003 -11"><span class='ocrx_word' id='word_1_864' title='bbox 2057 5021 2440 5077; x_wconf 83' lang='lat' dir='ltr'><strong>communicent.</strong></span> <span class='ocrx_word' id='word_1_865' title='bbox 2484 5018 2580 5074; x_wconf 81' lang='lat' dir='ltr'><strong>llic</strong></span> <span class='ocrx_word' id='word_1_866' title='bbox 2601 5018 2710 5088; x_wconf 86' lang='lat' dir='ltr'><strong>jam</strong></span> <span class='ocrx_word' id='word_1_867' title='bbox 2741 5020 2957 5075; x_wconf 86' lang='lat' dir='ltr'><strong>avaritia</strong></span> <span class='ocrx_word' id='word_1_868' title='bbox 2990 5017 3255 5074; x_wconf 83' lang='lat' dir='ltr'><strong>contrahit</strong></span> <span class='ocrx_word' id='word_1_869' title='bbox 3280 5031 3374 5082; x_wconf 87' lang='lat' dir='ltr'><strong>se,</strong></span> <span class='ocrx_word' id='word_1_870' title='bbox 3419 5013 3630 5086; x_wconf 81' lang='lat' dir='ltr'><strong>quando</strong></span> 
     </span>
    </p>
   </div>
   <div class='ocr_carea' id='block_1_115' title="bbox 2059 5107 3629 5180">
    <p class='ocr_par' dir='ltr' id='par_1_115' title="bbox 2059 5107 3629 5180">
     <span class='ocr_line' id='line_1_115' title="bbox 2059 5107 3629 5180; baseline -0.007 -9"><span class='ocrx_word' id='word_1_871' title='bbox 2059 5115 2283 5180; x_wconf 73' lang='lat' dir='ltr'><strong>aitdit‘,</strong></span> <span class='ocrx_word' id='word_1_872' title='bbox 2325 5111 2499 5166; x_wconf 84' lang='lat' dir='ltr'><strong>Facile</strong></span> <span class='ocrx_word' id='word_1_873' title='bbox 2552 5112 2810 5178; x_wconf 85' lang='lat' dir='ltr'><strong>tribuant,</strong></span> <span class='ocrx_word' id='word_1_874' title='bbox 2860 5107 3449 5166; x_wconf 84' lang='lat' dir='ltr'><strong>communicent:veluti</strong></span> <span class='ocrx_word' id='word_1_875' title='bbox 3495 5123 3629 5177; x_wconf 85' lang='lat' dir='ltr'><strong>aqua</strong></span> 
     </span>
    </p>
   </div>
   <div class='ocr_carea' id='block_1_116' title="bbox 2061 5195 3626 5276">
    <p class='ocr_par' dir='ltr' id='par_1_116' title="bbox 2061 5195 3626 5276">
     <span class='ocr_line' id='line_1_116' title="bbox 2061 5195 3626 5276; baseline -0.009 -14"><span class='ocrx_word' id='word_1_876' title='bbox 2061 5206 2244 5276; x_wconf 81' lang='lat' dir='ltr'><strong>frigida</strong></span> <span class='ocrx_word' id='word_1_877' title='bbox 2271 5203 2620 5276; x_wconf 82' lang='lat' dir='ltr'><strong>perfunditur,</strong></span> <span class='ocrx_word' id='word_1_878' title='bbox 2651 5202 2880 5272; x_wconf 79' lang='lat' dir='ltr'><strong>rigescit,</strong></span> <span class='ocrx_word' id='word_1_879' title='bbox 2912 5201 3124 5268; x_wconf 79' lang='lat' dir='ltr'><strong>stringit</strong></span> <span class='ocrx_word' id='word_1_880' title='bbox 3148 5199 3323 5254; x_wconf 90' lang='lat' dir='ltr'><strong>sinum</strong></span> <span class='ocrx_word' id='word_1_881' title='bbox 3348 5240 3363 5264; x_wconf 94' lang='lat'><strong>,</strong></span> <span class='ocrx_word' id='word_1_882' title='bbox 3385 5206 3440 5252; x_wconf 89' lang='lat' dir='ltr'><strong>et</strong></span> <span class='ocrx_word' id='word_1_883' title='bbox 3475 5195 3626 5259; x_wconf 84' lang='lat' dir='ltr'><strong>dicit,</strong></span> 
     </span>
    </p>
   </div>
   <div class='ocr_carea' id='block_1_117' title="bbox 2062 5287 3626 5370">
    <p class='ocr_par' dir='ltr' id='par_1_117' title="bbox 2062 5287 3626 5370">
     <span class='ocr_line' id='line_1_117' title="bbox 2062 5287 3626 5370; baseline -0.01 -15"><span class='ocrx_word' id='word_1_884' title='bbox 2062 5299 2176 5355; x_wconf 82' lang='lat' dir='ltr'><strong>Non</strong></span> <span class='ocrx_word' id='word_1_885' title='bbox 2200 5296 2365 5370; x_wconf 72' lang='lat' dir='ltr'><strong>perdo</strong></span> <span class='ocrx_word' id='word_1_886' title='bbox 2389 5295 2784 5351; x_wconf 65' lang='lat' dir='ltr'><strong>labore-saneos.</strong></span> <span class='ocrx_word' id='word_1_887' title='bbox 2807 5291 3010 5357; x_wconf 83' lang='lat' dir='ltr'><strong>Infelix,</strong></span> <span class='ocrx_word' id='word_1_888' title='bbox 3034 5290 3258 5360; x_wconf 86' lang='lat' dir='ltr'><strong>perdere</strong></span> <span class='ocrx_word' id='word_1_889' title='bbox 3286 5303 3390 5343; x_wconf 86' lang='lat' dir='ltr'><strong>non</strong></span> <span class='ocrx_word' id='word_1_890' title='bbox 3408 5289 3427 5319; x_wconf 80' lang='grc'>⁸</span> <span class='ocrx_word' id='word_1_891' title='bbox 3451 5287 3528 5342; x_wconf 83' lang='lat' dir='ltr'><strong>vis</strong></span> <span class='ocrx_word' id='word_1_892' title='bbox 3553 5287 3626 5340; x_wconf 61' lang='lat' dir='ltr'><strong>la«</strong></span> 
     </span>
    </p>
   </div>
   <div class='ocr_carea' id='block_1_118' title="bbox 2066 5381 3629 5452">
    <p class='ocr_par' dir='ltr' id='par_1_118' title="bbox 2066 5381 3629 5452">
     <span class='ocr_line' id='line_1_118' title="bbox 2066 5381 3629 5452; baseline -0.01 -5"><span class='ocrx_word' id='word_1_893' title='bbox 2066 5392 2224 5446; x_wconf 88' lang='lat' dir='ltr'><strong>bores</strong></span> <span class='ocrx_word' id='word_1_894' title='bbox 2269 5389 2418 5444; x_wconf 83' lang='lat' dir='ltr'><strong>tuos?</strong></span> <span class='ocrx_word' id='word_1_895' title='bbox 2448 5388 2582 5442; x_wconf 87' lang='lat' dir='ltr'><strong>Ecce</strong></span> <span class='ocrx_word' id='word_1_896' title='bbox 2618 5385 2895 5449; x_wconf 89' lang='lat' dir='ltr'><strong>morieris,</strong></span> <span class='ocrx_word' id='word_1_897' title='bbox 2937 5395 2990 5438; x_wconf 90' lang='lat' dir='ltr'><strong>et</strong></span> <span class='ocrx_word' id='word_1_898' title='bbox 3033 5384 3120 5452; x_wconf 91' lang='lat' dir='ltr'><strong>qui</strong></span> <span class='ocrx_word' id='word_1_899' title='bbox 3168 5381 3293 5436; x_wconf 88' lang='lat' dir='ltr'><strong>nihil</strong></span> <span class='ocrx_word' id='word_1_900' title='bbox 3343 5381 3444 5434; x_wconf 89' lang='lat' dir='ltr'><strong>huc</strong></span> <span class='ocrx_word' id='word_1_901' title='bbox 3489 5387 3629 5433; x_wconf 48' lang='lat' dir='ltr'><strong>attu-</strong></span> 
     </span>
    </p>
   </div>
   <div class='ocr_carea' id='block_1_119' title="bbox 2067 5454 3624 5549">
    <p class='ocr_par' dir='ltr' id='par_1_119' title="bbox 2067 5454 3624 5549">
     <span class='ocr_line' id='line_1_119' title="bbox 2067 5454 3624 5549; baseline -0.009 -11"><span class='ocrx_word' id='word_1_902' title='bbox 2067 5483 2192 5548; x_wconf 56' lang='lat' dir='ltr'><strong>listi,</strong></span> <span class='ocrx_word' id='word_1_903' title='bbox 2223 5481 2352 5536; x_wconf 90' lang='lat' dir='ltr'><strong>nihil</strong></span> <span class='ocrx_word' id='word_1_904' title='bbox 2386 5479 2508 5533; x_wconf 89' lang='lat' dir='ltr'><strong>hinc</strong></span> <span class='ocrx_word' id='word_1_905' title='bbox 2546 5487 2692 5549; x_wconf 82' lang='lat' dir='ltr'><strong>potes</strong></span> <span class='ocrx_word' id='word_1_906' title='bbox 2728 5477 2935 5529; x_wconf 85' lang='lat' dir='ltr'><strong>auferre</strong></span> <span class='ocrx_word' id='word_1_907' title='bbox 2967 5491 2979 5526; x_wconf 93' lang='lat'>:</span> <span class='ocrx_word' id='word_1_908' title='bbox 3007 5454 3124 5527; x_wconf 71' lang='lat' dir='ltr'><strong>cuni</strong></span> <span class='ocrx_word' id='word_1_909' title='bbox 3168 5470 3294 5527; x_wconf 85' lang='lat' dir='ltr'><strong>nihil</strong></span> <span class='ocrx_word' id='word_1_910' title='bbox 3325 5470 3624 5536; x_wconf 57' lang='lat' dir='ltr'><strong>abstuli-ris,</strong></span> 
     </span>
    </p>
   </div>
   <div class='ocr_carea' id='block_1_120' title="bbox 2127 5646 3286 5712">
    <p class='ocr_par' dir='ltr' id='par_1_120' title="bbox 2127 5646 3286 5712">
     <span class='ocr_line' id='line_1_120' title="bbox 2127 5646 3286 5712; baseline 0.002 -13"><span class='ocrx_word' id='word_1_911' title='bbox 2127 5658 2154 5688; x_wconf 55' lang='grc' dir='ltr'>ιλ</span> <span class='ocrx_word' id='word_1_912' title='bbox 2171 5664 2295 5712; x_wconf 71' lang='lat' dir='ltr'><strong>uss,</strong></span> <span class='ocrx_word' id='word_1_913' title='bbox 2320 5651 2564 5710; x_wconf 71' lang='lat' dir='ltr'><strong>Sequentia</strong></span> <span class='ocrx_word' id='word_1_914' title='bbox 2581 5649 2699 5702; x_wconf 83' lang='lat' dir='ltr'><strong>audi</strong></span> <span class='ocrx_word' id='word_1_915' title='bbox 2720 5662 2736 5700; x_wconf 87' lang='lat'><strong>.&#39;</strong></span> <span class='ocrx_word' id='word_1_916' title='bbox 2756 5647 2912 5699; x_wconf 72' lang='lat' dir='ltr'><strong>Facile</strong></span> <span class='ocrx_word' id='word_1_917' title='bbox 2928 5646 3163 5710; x_wconf 79' lang='lat' dir='ltr'><strong>tribuant,</strong></span> <span class='ocrx_word' id='word_1_918' title='bbox 3191 5662 3286 5701; x_wconf 79' lang='lat' dir='ltr'><strong>etc.</strong></span> 
     </span>
    </p>
   </div>
   <div class='ocr_carea' id='block_1_121' title="bbox 2126 5716 2599 5766">
    <p class='ocr_par' dir='ltr' id='par_1_121' title="bbox 2126 5716 2599 5766">
     <span class='ocr_line' id='line_1_121' title="bbox 2126 5716 2599 5766; baseline -0.006 0"><span class='ocrx_word' id='word_1_919' title='bbox 2126 5720 2144 5750; x_wconf 74' lang='grc'>⁸</span> <span class='ocrx_word' id='word_1_920' title='bbox 2169 5716 2417 5766; x_wconf 75' lang='lat' dir='ltr'><strong>Abestum</strong></span> <span class='ocrx_word' id='word_1_921' title='bbox 2439 5726 2466 5762; x_wconf 83' lang='grc' dir='ltr'><strong>ιι</strong></span> <span class='ocrx_word' id='word_1_922' title='bbox 2490 5721 2599 5764; x_wconf 73' lang='lat' dir='ltr'><strong>Mss.</strong></span> 
     </span>
    </p>
   </div>
  </div>
