3938 6186
346 516 524 565 nonne
536 495 815 571 perdidisti
840 502 1027 551 omnes
1048 486 1262 544 labores
1289 480 1440 537 tuos?
1465 475 1601 534 Audi
1623 488 1753 545 ergo
1783 486 1914 528 can-

347 595 524 657 silium
543 566 681 646 'oei.
713 579 834 643 Noti
858 579 1129 643 terrearis,
1150 577 1272 648 quia
1297 574 1450 636 dixit,
1476 569 1663 643 Facile
1674 566 1915 629 tribuant,

348 681 731 741 communicent.
772 674 910 732 Audi
954 670 1099 745 quod
1147 669 1414 747 sequitur.
1474 664 1771 732 Exspecta,
1812 657 1923 712 noli

352 784 535 835 contra
558 787 646 830 mc
662 768 913 827 claudere
939 768 1134 823 ostium
1154 804 1170 830 ,
1220 776 1321 816 nec
1355 758 1558 816 aditum
1588 753 1765 810 cordis
1802 750 1876 805 tui
1901 763 1917 814 ;

351 873 622 936 exspecta.
658 861 752 919 Vis
772 874 974 926 nosse,
1015 854 1193 911 Facile
1231 851 1484 915 tribuant,
1524 843 1925 905 conmsanicent,

354 932 476 1029 quia
524 971 631 1012 non
683 951 896 1024 perdes,
925 958 980 1005 et
1020 947 1123 1003 hoc
1148 945 1334 1001 solum
1379 956 1486 996 non
1528 936 1754 1010 perdes?
1789 932 1928 987 Tlte-

355 1027 608 1107 aattriaent
630 1086 645 1110 ,
684 1044 874 1114 inquit,
927 1038 1021 1095 sibi
1075 1036 1459 1109 fundamentum
1512 1032 1699 1086 bonum
1747 1027 1800 1080 in
1851 1028 1934 1096 fu-

365 1150 574 1207 turum,
636 1145 693 1193 ut
750 1131 1136 1205 apprehendat
1188 1142 1363 1182 suam
1426 1124 1599 1178 sitam.
1657 1120 1758 1173 ista
1807 1130 1936 1185 ergo

363 1245 484 1301 qua
643 1226 903 1287 deiectat,
956 1221 1086 1276 falsa
1141 1219 1248 1273 vita
1294 1225 1411 1272 est:
1437 1212 1585 1284 quasi
1638 1210 1689 1264 in
1736 1205 1938 1262 somnis

366 1323 457 1378 hic
493 1319 646 1377 vivis.
695 1317 750 1373 Si
778 1314 930 1386 quasi
976 1304 1031 1368 in
1075 1309 1278 1367 som:iis
1311 1307 1401 1362 hie
1449 1305 1602 1363 vivis.
1641 1299 1937 1369 'evigilatua

370 1427 462 1473 rus
508 1425 573 1466 es
619 1406 833 1479 quando
884 1402 1149 1466 morieris,
1194 1408 1246 1454 et
1294 1398 1372 1453 sic
1420 1393 1551 1449 nitiil
1588 1390 1750 1445 habes
1797 1389 1944 1442 inve«

372 1505 488 1560 nire
511 1502 565 1557 in
584 1478 828 1555 manibus
854 1497 983 1553 tuis.
998 1491 1279 1562 Quomodo
1316 1489 1362 1544 si
1395 1485 1672 1543 mendicus
1689 1478 1939 1542 dormiat,

372 1594 498 1649 etin
533 1590 739 1648 somnis
781 1588 853 1643 illi
881 1586 1060 1642 veniat
1089 1581 1400 1645 hmreditas;
1445 1576 1578 1632 nihil
1620 1574 1711 1628 illo
1739 1569 1945 1625 felicius

371 1691 653 1752 antequam
684 1686 885 1748 surgat.
916 1675 1075 1732 Videt
1096 1688 1157 1728 se
1183 1673 1236 1727 in
1262 1668 1470 1726 somnis
1506 1672 1738 1721 tractare
1775 1660 1948 1715 mani-

376 1776 475 1830 bus
502 1781 679 1829 vestes
704 1768 964 1840 egregias,
998 1766 1227 1837 pretiosa
1248 1775 1372 1817 vasa
1396 1772 1555 1814 aurea
1579 1763 1661 1811 et‘
1678 1759 1948 1821 argentea,

378 1868 578 1922 intrare
602 1864 656 1920 in
680 1859 1043 1917 ammnissima
1057 1865 1113 1913 et
1133 1852 1460 1926 amplissima
1478 1847 1700 1921 prsidia,
1733 1841 1955 1912 obsequi

383 1957 486 2013 sibi
506 1969 725 2026 magnas
754 1950 977 2007 familias
999 1966 1012 2003 :
1034 1946 1267 2018 evigilat,
1295 1950 1352 2000 et
1374 1944 1566 2014 plorat.
1598 1939 1666 1993 Et
1691 1931 1956 2005 quomodo

384 2024 616 2119 vigilans
630 2051 846 2101 accusat
888 2040 1157 2096 hominem
1199 2036 1291 2107 qui
1333 2033 1482 2090 illum
1509 2026 1852 2099 exspoliavit,
1883 2024 1962 2080 sic

387 2114 477 2195 ille
504 2143 719 2193 accusat
743 2133 833 2204 qui
857 2132 1001 2186 illum
1037 2126 1304 2186 excitavit.
1342 2119 1693 2193 Apertissime
1718 2116 1843 2173 hinc
1869 2114 1954 2168 lo-

390 2242 546 2289 cuius
588 2237 671 2283 est
717 2226 959 2285 Psalmus
1002 2240 1017 2277 :
1059 2219 1424 2282 Dormierunt,
1476 2212 1685 2282 inquit,
1738 2221 1967 2263 somnum

394 2338 563 2386 suam,
590 2329 637 2375 et
665 2318 791 2373 nihil
812 2317 1101 2371 invenerunt
1127 2327 1297 2367 onmes
1336 2308 1431 2362 viri
1469 2304 1757 2359 divitiarum
1780 2301 1832 2355 in
1861 2314 1967 2351 nta-

1572 366 1633 421 S.
1671 348 2047 416 AUGUS'iiNl'
2074 346 2372 406 EPISCOPI

2022 465 2150 535 das,
2202 474 2262 520 ut
2310 462 2467 519 liceat
2512 458 2605 515 tibi
2656 469 2869 527 semper
2914 456 3130 523 nuptiae
3180 452 3443 521 peccare;
3490 464 3603 505 aen

2023 558 2293 613 Christum
2333 551 2538 620 pascis,
2578 546 2676 605 sed
2710 544 2944 617 iudicem
2991 552 3337 609 corrumpere
3370 537 3602 593 conaris.

3495 332 3601 391 ω

2035 652 2176 723 Ergo
2199 648 2266 705 ad
2292 648 2393 703 hoc
2420 644 2575 699 facite
2593 642 2962 709 eleemosynas
2980 676 2996 702 ,
3027 642 3085 689 ut
3107 640 3304 687 vestrm
3335 629 3609 685 orationes

2032 718 2402 803 exaudiaatnr,
2440 742 2497 790 et
2523 732 2738 802 adjuvet
2762 741 2861 783 vas
2880 727 3022 781 Deus
3044 723 3111 778 ad
3138 722 3303 776 vitam
3328 720 3383 774 iu
3412 718 3606 774 arctius

2033 827 2482 889 commutandam.
2511 824 2580 879 Et
2597 821 2685 893 qui
2709 816 3045 876 commutatis
3069 811 3314 869 eamdem
3341 809 3527 874 victm,
3549 807 3608 863 in

2033 921 2227 978 melius
2259 922 2619 979 commutate;
2644 919 2697 966 ut
2732 924 2828 980 per
2861 906 3229 976 eieemosyaas
3261 908 3317 957 et
3340 899 3610 955 orationes

2034 1013 2312 1069 deleantur
2336 1006 2475 1062 mala
2515 1010 2690 1059 vestra
2723 996 3011 1071 praeterita,
3042 1002 3099 1049 et
3140 990 3317 1047 futura
3354 990 3492 1044 bona
3516 1000 3612 1043 ve-

2040 1104 2192 1158 niant
2217 1098 2558 1169 sempiterna.

2591 1221 2818 1283 saeuo
2844 1218 2938 1277 XL
2965 1216 3065 1292 (a).

2045 1371 2122 1427 De
2147 1368 2322 1425 eodem
2342 1366 2451 1421 loco
2470 1357 2810 1419 Ecclesiastici
2837 1370 2894 1421 v,
2922 1355 2978 1419 8,
3000 1351 3078 1407 Ne
3099 1347 3274 1404 tardes
3296 1342 3532 1402 converti
3553 1339 3624 1396 ad

2119 1463 2286 1520 Deum
2311 1500 2327 1524 ,
2354 1467 2449 1513 etc.
2479 1454 2547 1509 In
2572 1468 2660 1508 eos
2680 1450 2768 1522 qui
2790 1445 3161 1503 conveniam
3206 1440 3269 1493 de
3305 1438 3388 1491 die
3409 1437 3463 1489 in
3489 1434 3627 1488 diem

2119 1551 2381 1621 diﬁ'crunt,
2407 1561 2623 1619 quorum
2643 1542 2735 1597 alii
2752 1539 2885 1596 male
2902 1534 3173 1609 sperando,
3197 1531 3287 1586 alii
3312 1525 3629 1598 desperando
3718 1566 3731 1579 ,

2124 1650 2334 1718 pereunt
2362 1642 2403 1694 ί.
3560 1660 3567 1661 ,

2126 1773 2356 1833 CAPUT
2392 1758 2671 1827 PRIMUM.
2697 1796 2767 1807 -—
2789 1765 2840 1819 i.
2888 1759 3147 1818 Sustinere
3186 1753 3460 1809 Dominum
3487 1746 3633 1821 quid.

2058 1867 2425 1937 Frequenter,
2481 1860 2703 1922 fratres,
2752 1868 2873 1909 cum
2929 1847 3208 1906 Psalmista
3264 1836 3637 1903 eantavimus,

2064 1960 2270 2018 Sustine
2320 1954 2621 2015 Dominum,
2666 1946 2873 2004 viriliter
2923 1958 3050 2015 age;
3105 1947 3151 1994 et
3200 1938 3503 2007 confortetttr
3550 1947 3645 1985 cor

2064 2063 2202 2107 tuum
2221 2091 2236 2116 ,
2262 2056 2309 2103 et
2335 2047 2524 2103 sustine
2546 2038 2815 2097 Dominum
2837 2034 3010 2108 (Psal.
3034 2047 3162 2088 xxvi
3182 2072 3197 2096 ,
3231 2026 3340 2100 η).
3370 2024 3502 2094 Quid
3532 2031 3642 2088 est,

2068 2115 2275 2201 Sustine
2317 2134 2628 2195 Dominum?
2654 2132 2724 2189 Ut
2766 2138 2892 2185 tunc
2932 2116 3433 2194 accipias,_quando
3460 2115 3646 2179 dabit;

2070 2249 2175 2290 non
2201 2242 2324 2287 tunc
2343 2229 2551 2299 exigas,
2573 2221 2785 2296 quando
2812 2219 2909 2273 vis.
2940 2216 3174 2285 Tempus
3207 2208 3367 2266 dandi
3406 2205 3653 2262 nondum

2073 2336 2154 2384 est
2179 2345 2190 2380 :
2220 2297 2468 2379 sustinuit
2505 2327 2557 2374 te
2576 2358 2591 2382 ,
2618 2314 2820 2372 sustine
2857 2311 3026 2365 illum.
3057 2302 3195 2375 Quid
3221 2310 3305 2358 est
3329 2298 3471 2372 quod
3499 2297 3608 2353 dixi
3634 2337 3651 2361 ,

395 2416 544 2470 "im
561 2412 666 2466 “is
692 2406 861 2481 (Ρωι
889 2421 1045 2470 un’
1074 2403 1151 2475 θλ
1192 2409 1541 2473 mmmam“
1595 2393 1845 2449 “nierum
1887 2404 1977 2445 ω’
2073 2416 2331 2474 Sustinuit
2358 2424 2429 2475 te,
2458 2409 2661 2467 sustine
2683 2403 2869 2461 illum?
2894 2400 2949 2458 Si
2972 2400 3080 2471 jam
3110 2398 3255 2469 juste
3281 2393 3442 2460 vivis,
3469 2391 3514 2447 si
3534 2390 3652 2460 jam

272 2547 285 2552 -
400 2518 588 2563 mnum
612 2514 789 2557 suum.

2079 2506 2143 2563 ad
2175 2507 2320 2561 illum
2349 2515 2640 2560 conversus
2660 2512 2738 2562 es,
2761 2495 2807 2552 si
2825 2492 2917 2548 tibi
2941 2489 3223 2561 displicent
3247 2484 3379 2541 facta
3404 2493 3489 2555 tua
3514 2496 3662 2553 pra:-

472 2589 700 2649 CAPUT
759 2585 845 2641 Ν·
891 2615 958 2625 “““
986 2582 1041 2640 6'
1088 2580 1437 2649 [amoma
1490 2591 1590 2646 qua
1650 2577 1980 2663 mnium”?
2010 2603 2020 2614 '
2083 2598 2254 2661 terita,
2281 2595 2325 2649 si
2347 2594 2455 2663 jam
2477 2588 2673 2662 placuit
2696 2586 2787 2642 tibi
2809 2584 3003 2654 eligere
3023 2580 3184 2635 vitam
3210 2578 3402 2633 bonam
3423 2587 3615 2630 novatn
3641 2589 3660 2637 ;

415 2701 515 2754 quo
544 2682 645 2751 ﬁne
672 2677 1014 2753 faciendc.-—
1056 2672 1189 2741 Quia
1217 2684 1346 2741 ergo
1373 2668 1504 2723 nihil
1557 2662 1801 2729 attulisti,
1850 2660 1981 2716 nihil

410 2753 536 2828 hinc
559 2770 827 2825 ablaturus
848 2781 928 2822 es.
950 2764 1096 2819 Mitte
1116 2775 1327 2818 sursum
1349 2756 1489 2829 quod
1519 2753 1786 2819 invenisti,
1803 2759 1984 2808 etnon

412 2860 716 2934 perditurus
751 2872 830 2915 es.
862 2856 937 2912 Da
962 2853 1216 2911 Christo:
1248 2849 1495 2913 Christus
1518 2847 1659 2902 enim
1708 2844 1795 2899 hic
1822 2842 1989 2898 voluit

2084 2689 2193 2745 nuli
2222 2686 2472 2743 festinare
2501 2682 2732 2753 exigere.
2768 2674 3031 2734 Sustinuit
3055 2681 3127 2739 te,
3157 2679 3216 2727 ut
3241 2677 3472 2725 mutaris
3495 2664 3666 2721 vitam

2088 2778 2278 2835 malam
2304 2792 2319 2829 :
2353 2773 2553 2829 sustine
2582 2771 2752 2836 illum,
2778 2776 2836 2823 ut
2856 2771 3080 2822 coronet
3100 2761 3259 2819 vitam
3288 2759 3499 2815 bonam.
3525 2754 3668 2811 Nam

2089 2871 2133 2925 si
2176 2877 2230 2924 et
2272 2866 2361 2922 ille
2390 2880 2493 2920 non
2522 2861 2839 2924 sustineret,
2873 2870 2979 2911 non
3028 2859 3172 2909 esset
3210 2849 3298 2906 cui
3337 2846 3507 2904 daret.
3527 2843 3669 2902 διιε-

415 2954 678 3023 accipere.
712 2951 785 3005 Da
810 2948 1057 3014 Christo,
1087 2953 1143 3002 et
1179 2958 1285 2999 non
1327 2940 1527 3013 perdis.
1556 2938 1672 2995 Non
1701 2935 1916 3027 perdis,
1944 2934 1990 2989 si
2091 2958 2200 3015 “ne
2225 2971 2372 3027 ergo,
2396 2954 2518 3026 quia
2549 2956 2875 3007 sustentatus
2901 2960 2980 3002 es.

418 3041 763 3100 commendas
787 3055 943 3098 servo
968 3047 1093 3105 tuo;
1120 3044 1174 3092 et
1199 3033 1376 3106 perdis
1397 3073 1414 3101 ,
1443 3032 1489 3089 si
1518 3027 1860 3088 commendas
1889 3026 1991 3081 Do-

425 3137 568 3191 inino
595 3134 717 3189 tuo?
743 3133 857 3189 Non
889 3130 1087 3201 perdis,
1116 3129 1161 3184 si
1188 3124 1533 3183 commendas
1555 3136 1711 3178 servo
1740 3130 1831 3176 tuo
1853 3117 1993 3188 quod

2162 3051 2217 3106 2.
2246 3025 2626 3109 conversionem
2646 3042 2735 3096 alii
2755 3036 3029 3112 sperando,
3056 3033 3147 3089 alii
3171 3028 3482 3104 desperando
3510 3025 3677 3095 cli/Teo

2095 3153 2276 3199 rentes.
2309 3139 2390 3194 Tu
2447 3134 2573 3191 vero
2642 3132 2731 3202 qui
2765 3144 2868 3184 non
2898 3128 2979 3183 vis
3006 3123 3233 3195 corrigi,
3264 3138 3298 3177 ο
3320 3118 3557 3191 quisquis
3582 3115 3683 3173 hic

424 3210 1999 3314 ἒοηυίδίειῖδεινενάθενείοθωωῖηέθευοξιῖίηοιυρςξυιξξας·
2098 3250 2158 3289 es
2199 3230 2288 3303 qui
2334 3226 2507 3284 adhuc
2531 3216 2649 3279 'no'n
2678 3221 2757 3276 vis
2781 3215 3007 3286 corrigi;
3033 3214 3183 3285 quasi
3207 3225 3344 3266 unus
3365 3209 3433 3264 sit
3460 3225 3474 3262 :
3505 3206 3684 3277 magis

427 3300 615 3392 ξερῑειί
648 3318 715 3373 ab
765 3317 882 3389 ipso
910 3314 1134 3371 Domino
1161 3310 1285 3367 tuo?
1313 3309 1484 3387 Egere
1510 3306 1598 3362 hic
1639 3303 1805 3360 voluit
1843 3300 1999 3356 Chri-

429 3420 564 3477 stus,
589 3408 685 3466 sed
711 3415 929 3481 propter
952 3419 1071 3462 nos.
1096 3403 1297 3460 Omnes
1332 3411 1592 3473 pauperes
1618 3410 1753 3467 quos
1776 3393 1998 3457 videtis;

2100 3295 2279 3380 dicere
2307 3316 2498 3384 debui,
2525 3312 2853 3382 Quicumque
2874 3306 2961 3362 hic
2986 3305 3135 3361 estis.
3159 3301 3240 3357 Tu
3267 3310 3444 3355 tamen
3475 3298 3563 3369 qui
3588 3295 3688 3354 hic

2103 3429 2181 3474 es.
2210 3408 2298 3481 qui
2320 3422 2424 3461 non
2446 3401 2672 3459 statuisti
2693 3397 2913 3469 corrigi:
2933 3396 3010 3450 sic
3028 3396 3217 3465 loquar
3233 3390 3380 3463 quasi
3404 3389 3469 3444 ad
3491 3402 3685 3450 unum,

433 3503 603 3573 potuit
629 3478 759 3557 illos
794 3498 1033 3556 Christus
1078 3509 1319 3568 pascere,
1365 3490 1634 3565 quomodo
1661 3503 1758 3560 per
1783 3499 1989 3542 corvum

2105 3478 2353 3573 Quisquis
2369 3513 2472 3551 non
2486 3495 2565 3549 vis
2575 3491 2786 3561 corrigi,
2799 3487 2924 3560 quid
2939 3485 3027 3541 tibi
3041 3482 3329 3557 promittis?
3346 3478 3692 3550 Desperando

436 3594 608 3651 Eiiam
630 3591 768 3664 [lavit
794 3608 808 3645 :
842 3597 1015 3646 tamen
1047 3596 1102 3644 et
1121 3586 1218 3657 ipsi
1246 3586 1373 3642 Elia:
1399 3582 1660 3639 subtraxit
1686 3593 1926 3639 corvum,
1951 3585 2009 3631 ut

2108 3568 2270 3665 peris,
2283 3606 2349 3645 an
2362 3583 2650 3659 sperando?
2665 3578 2915 3651 Quisquis
2926 3572 3259 3646 desperando
3272 3587 3334 3643 pc
3341 3571 3540 3637 ris,hoc
3550 3568 3694 3624 dicis

439 3699 467 3735 a
489 3660 645 3737 vidua
673 3688 980 3752 posceretur
1007 3693 1113 3734 non
1142 3676 1271 3733 Elia:
1299 3673 1542 3746 praestitit
1561 3714 1577 3738 ,
1611 3670 1706 3729 sed
1726 3669 1897 3727 vidua:
1920 3666 1989 3740 (ΙΙ

2111 3685 2166 3739 in
2182 3682 2359 3737 animo
2383 3687 2472 3733 tuo
2499 3692 2513 3728 :
2547 3673 2797 3744 iniquitas
2822 3682 2938 3724 mea
2965 3681 3127 3737 super
3154 3680 3239 3718 me
3257 3670 3359 3725 est,
3378 3662 3429 3716 in
3456 3660 3697 3731 peccatis

446 3771 569 3843 Reg.
601 3750 738 3835 xvn,
766 3768 845 3842 6).
874 3766 1095 3837 Quaado
1116 3780 1243 3836 ergo
1260 3765 1400 3820 Deus
1429 3776 1687 3833 pauperes
1711 3759 1863 3824 facit,
1890 3757 1989 3828 qui:

2114 3774 2249 3830 meis
2263 3768 2580 3826 contabesco
2596 3781 2611 3832 ;
2633 3777 2751 3833 qua:
2770 3759 2897 3815 mihi
2923 3773 3045 3828 spes
3059 3765 3141 3811 est
3152 3752 3359 3808 vivendi
3372 3750 3539 3806 ?Audi
3564 3766 3698 3821 pro-

445 3860 560 3931 ipse
585 3874 688 3913 non
714 3858 824 3914 vult
851 3868 906 3913 ut
935 3857 1034 3928 ipsi
1056 3855 1320 3919 habeant;
1343 3853 1559 3925 quando
1576 3851 1702 3914 facit
1728 3864 2009 3920 pauperes,

447 3949 635 4020 probat
658 3949 870 4007 divites.
896 3947 985 4006 Sic
1017 3948 1160 4005 enim
1189 3947 1440 4017 scriptum
1470 3953 1554 4000 est
1582 3961 1596 3998 :
1631 3942 1838 4013 Pauper
1859 3950 1906 3997 et
1931 3941 2016 3996 di-

444 4059 527 4097 ves
546 4048 870 4096 occurrerant
907 4039 1020 4095 sibi.
1053 4036 1152 4095 Ubi
1181 4037 1276 4093 sibi
1296 4035 1658 4093 occurrerunt?
1679 4033 1735 4089 in
1762 4032 1861 4088 hac
1889 4032 2017 4088 vita.

450 4131 614 4187 Natus
637 4143 719 4188 est
747 4131 856 4197 ille,
885 4140 1041 4185 natus
1068 4136 1151 4186 est
1174 4137 1228 4185 et
1251 4128 1342 4184 ille
1365 4145 1378 4182 :
1412 4127 1726 4182 invenerunt
1745 4139 1825 4187 se,
1848 4139 2024 4179 accur-

448 4235 623 4281 rerunt
641 4224 756 4279 sibi.
788 4223 855 4278 Et
879 4224 998 4293 quis
1025 4222 1148 4277 fecit
1174 4221 1293 4277 illos
1321 4218 1542 4276 ambos?
1568 4217 1815 4272 Dominus
1840 4213 2021 4288 (Prov.

457 4328 588 4384 ml,
616 4316 707 4388 2).
736 4314 985 4379 Divitem,
1011 4312 1152 4369 unde
1181 4326 1464 4381 pauperem
1489 4309 1795 4379 adiuvaret;
1827 4319 2026 4377 panpe-

457 4422 591 4477 rcni,
614 4404 756 4463 unde
781 4403 995 4459 divitem
1018 4402 1283 4472 probaret.
1317 4400 1421 4455 Pro
1446 4400 1643 4454 viribus
1670 4399 1782 4453 suis
1807 4397 2029 4467 quisque

458 4495 615 4551 faciat
642 4513 655 4548 :
680 4510 785 4550 non
807 4493 885 4551 sic
913 4492 1089 4557 iaciat,
1122 4500 1180 4545 nt
1207 4490 1320 4560 ipse
1349 4489 1574 4559 patiatur
1597 4490 1887 4556 angustias.
1912 4484 2029 4540 Non

462 4587 564 4642 hoc
587 4584 832 4640 dicimus.
862 4580 1139 4653 Superllua
1170 4589 1254 4635 tua
1284 4578 1580 4634 necessaria
1618 4585 1741 4632 sunt
1778 4576 1886 4631 alii.
1917 4577 2029 4631 Au-

459 4676 614 4733 distis
638 4673 831 4737 modo,
854 4688 975 4730 cum
1010 4671 1359 4743 Evangelium
1393 4669 1662 4740 l'geretur
1688 4684 1700 4720 :
1726 4665 2037 4736 Quicumque

463 4760 658 4822 dederit
685 4764 893 4819 calicem
929 4779 1072 4834 aqum
1097 4761 1297 4833 frigida:
1322 4759 1411 4813 uni
1436 4774 1498 4813 ea:
1523 4754 1741 4811 minimis
1778 4754 1899 4809 meis
1919 4771 2036 4826 pro-

464 4870 572 4928 pter
599 4874 696 4924 me,
723 4873 823 4912 non
871 4844 1041 4928 perdet
1067 4852 1340 4909 mercedem
1375 4866 1520 4905 suam
1551 4846 1761 4919 (Matth.
1796 4862 1854 4912 χ,
1902 4845 1970 4901 42
1990 4842 2035 4915 ).

465 4948 705 5023 Regnum
735 4946 990 5005 casiorum
1023 4944 1209 5000 venale
1255 4940 1551 5015 proposuit,
1581 4948 1634 4994 et
1670 4937 1895 5008 pretium
1926 4935 2040 5006 ejus

464 5044 683 5103 calicem
713 5055 865 5112 aqum
900 5034 1251 5109 frigidceesse
1296 5034 1484 5090 voluit.
1524 5031 1629 5090 Sed
1662 5028 1875 5103 quando
1907 5044 2038 5100 pau-

468 5151 563 5205 per
599 5143 681 5190 est
724 5134 811 5203 qui
855 5130 977 5187 facit
1027 5129 1429 5200 eleemosynas,
1478 5133 1605 5178 tunc
1654 5122 1852 5178 debent
1897 5119 2041 5176 elec-

469 5239 706 5297 mosynte
755 5222 875 5292 ejus
924 5235 1046 5276 esse
1096 5218 1233 5273 calix
1288 5231 1439 5286 aqua:
1486 5212 1709 5284 frigidae.
1767 5210 1869 5278 Qui
1926 5209 2044 5279 plus

471 5314 658 5378 habet,
706 5311 827 5383 plus
876 5308 1053 5364 faciat.
1117 5305 1284 5361 Vidua
1333 5304 1420 5359 illa
1466 5302 1531 5358 de
1571 5301 1778 5356 duobus
1830 5297 2046 5353 minutis

472 5407 589 5464 fecit
620 5404 809 5478 (Marc.
840 5418 934 5465 xu,
964 5399 1054 5473 42)
1085 5396 1406 5455 :Zaechmus
1432 5393 1706 5449 dimidium
1737 5407 1914 5446 rerum
1932 5405 2049 5445 sna~

476 5515 591 5557 rum
629 5497 797 5562 dedit,
823 5506 878 5552 et
897 5490 1290 5550 adreddendas
1311 5487 1525 5543 fraudes
1555 5499 1701 5549 suas,
1723 5480 1862 5538 aliud
1887 5479 2047 5535 dimi-

473 5588 621 5663 dium
642 5584 933 5643 reservavit
952 5583 1103 5655 (Luc.
1133 5597 1248 5645 xIx,
1280 5577 1357 5651 8).
1395 5576 1763 5644 Eleemosyna:
1791 5570 1895 5625 illis
1925 5584 2049 5639 pro-

476 5692 600 5735 sunt
618 5721 634 5745 ,
665 5680 755 5749 qui
783 5678 944 5734 vitam
970 5681 1328 5733 mutaverunt.
1360 5670 1466 5725 Das
1486 5666 1627 5724 enim
1653 5663 1863 5721 Christo
1887 5677 2051 5732 egen-

479 5772 555 5840 ti,
588 5777 644 5823 ut
682 5776 890 5838 peccata
937 5775 1021 5819 tua
1058 5763 1286 5819 redimas
1331 5758 1618 5831 prwtcrita.
1670 5756 1801 5817 Nam
1838 5753 1883 5811 si
1929 5752 2049 5808 ideo

2116 3863 2327 3935 phetam
2356 3858 2639 3919 dicentem,
2659 3851 2795 3907 Nolo
2810 3857 3015 3903 mortem
3029 3844 3170 3916 impii
3184 3846 3404 3907 nautam
3419 3849 3700 3895 revertatur

2118 3930 2305 4026 impius
2331 3966 2363 4004 a
2391 3947 2471 4003 via
2496 3962 2591 4001 sua
2618 3943 2853 4016 pessima,
2879 3948 2925 3993 et
2956 3937 3087 3991 vivat
3117 3932 3328 4007 (Ezech.
3363 3947 3544 3994 xxxiii.
3574 3930 3698 4002 il).

2120 4020 2219 4113 Qui
2249 4037 2512 4111 sperando
2538 4034 2713 4106 peris,
2743 4031 2847 4086 hoc
2869 4028 3002 4083 dicis
3041 4025 3101 4113 in
3135 4024 3313 4078 animo
3351 4031 3444 4077 tuo
3472 4038 3486 4075 :
3513 4020 3702 4075 Bonus

2125 4111 2209 4191 est
2235 4135 2409 4197 Deus,
2435 4126 2742 4185 misericors
2765 4129 2849 4177 est
2874 4118 3013 4175 Deus
3033 4158 3047 4185 ,
3089 4112 3315 4186 ignoscit
3354 4111 3560 4178 omnia,
3587 4125 3702 4165 non

2126 4224 2305 4282 reddit
2340 4219 2475 4276 mala
2515 4204 2623 4288 pro
2643 4212 2818 4268 malis.
2862 4206 2998 4264 Audi
3038 4203 3348 4275 Apostoinm
3395 4201 3664 4256 dicentem
3687 4241 3704 4264 ,

2130 4315 2349 4386 Ignoras
2393 4310 2512 4381 quia
2557 4302 2797 4378 patiartia
2828 4298 2926 4354 Dei
2971 4297 3040 4352 ad
3068 4293 3406 4368 peenitentiam
3430 4300 3478 4346 te
3499 4290 3712 4344 adducit

2135 4406 2307 4479 (Rom.
2335 4418 2392 4468 ιι,
2423 4398 2513 4472 s)?

2203 4496 2257 4551 ὅ.
2313 4490 2546 4563 Plerique
2599 4488 2732 4542 ntale
2779 4482 3029 4557 spuando
3081 4478 3345 4548 diﬁ‘mnt.
3398 4474 3535 4545 Quid
3579 4490 3718 4546 ergo

2135 4584 2334 4643 restat?
2361 4581 2493 4648 Quia
2538 4579 2585 4635 si
2624 4575 2948 4633 obtinuimus
2968 4574 2991 4605 ³
3016 4570 3153 4641 apud
3201 4579 3253 4624 te
3293 4564 3526 4637 aliquid,
3553 4565 3599 4618 si
3627 4565 3716 4620 in-

2139 4677 2297 4735 travit
2320 4677 2372 4732 in
2402 4689 2496 4729 cor
2522 4670 2661 4742 quod
2688 4669 2828 4734 dixi;
2848 4665 3003 4721 video
3028 4662 3155 4734 quid
3198 4660 3328 4716 mihi
3366 4656 3718 4727 respondens.

2140 4770 2339 4825 Verum
2364 4774 2476 4828 est,
2499 4777 2599 4817 nec
2625 4761 2873 4829 despero,
2903 4764 2960 4810 ut
2988 4751 3321 4823 deSperando
3348 4762 3591 4819 peream;
3614 4761 3723 4801 nec

2140 4876 2298 4933 spero
2341 4855 2514 4921 male,
2544 4861 2599 4908 ut
2641 4847 2904 4921 sperando
2945 4854 3181 4916 peream.
3220 4840 3337 4896 Non
3377 4836 3505 4894 mihi
3545 4836 3674 4891 dico
3709 4854 3723 4889 :

2143 4926 2394 5022 iniquitas
2418 4960 2537 5002 mea
2561 4958 2720 5013 super
2743 4956 2831 4996 me
2856 4945 2973 5001 est,
2993 4936 3101 5004 iam
3128 4932 3323 4989 nullam
3351 4943 3501 4999 spem
3524 4926 3723 4981 habeo.

2145 5016 2255 5100 Nee
2290 5039 2419 5097 mihi
2466 5035 2593 5092 illud
2640 5025 3290 5089 dico:BonusestDeu8,
3322 5019 3519 5077 nemini
3547 5016 3724 5073 mea

2148 5134 2307 5190 mala.
2332 5129 2442 5185 Nec
2466 5125 2592 5183 illud
2616 5123 2759 5187 dico,
2784 5136 2883 5176 nec
2905 5118 3031 5173 illum
3053 5115 3176 5171 dico
3200 5112 3242 5166 ἐ
3262 5111 3455 5183 premit
3482 5123 3571 5163 me
3595 5106 3729 5161 Pro—

2216 5306 2311 5370 un
2348 5280 3371 5370 i:raeepuis_'ﬂe;9}2tie5r&/M
3401 5274 3736 5370 ⁵;.⁴,“Ξ....⁸¹⁸,ἔὲῐ⁸,³ξ

2151 5365 2217 5417 ad
2239 5342 2319 5416 eiii
2340 5342 2616 5425 ὃὶὶὶῖίῖέῖιῇε
2670 5342 2913 5425 iam?»
2928 5342 3736 5425 μάθξξιὲ,

2151 5395 2229 5481 iii}
2340 5395 2480 5474 ῒιῑηῖ
2486 5395 2712 5484 ’ἇὲἧὲᾈᾶ
2718 5395 2807 5467 ῑῑὲ
2813 5395 2907 5466 iis?
2920 5395 3142 5469 nam,
3165 5395 3317 5459 subito
3625 5395 3735 5447 alti-

2216 5541 3060 5676 ρίτης
3079 5595 3173 5676 est.
3186 5600 3341 5653 neris,
3361 5581 3541 5637 utubi
3564 5577 3738 5632 reddet

2159 5653 2561 5722 νιαιᾶἷένὲῖῗιιιιά
2583 5663 2711 5721 dico,
2728 5673 2815 5711 nec
2830 5658 2919 5708 hoc
2942 5653 3068 5707 dico.
3134 5659 3193 5702 Il.

2223 5752 2296 5814 (α)
2332 5749 2471 5811 Alias,
2497 5748 2546 5814 ii
2575 5746 2700 5795 inter
2722 5739 2943 5793 tlorrdlias
2963 5737 3042 5789 50.
