3988 6190
321 380 435 439 243

323 494 512 567 pheta,
541 493 751 564 premit
762 508 855 551 me
873 492 1181 565 Apostolus.
1906 518 1913 525 -

395 585 625 645 CAPUT
663 585 729 643 ιι.
746 618 818 629 -—
838 584 1060 657 Et.quid
1082 584 1255 642 dicis?
1274 583 1475 641 Adhuc
1492 581 1760 638 modicum
1782 588 1921 643 tem-

320 695 431 750 pus
451 678 630 734 vivam
658 678 932 750 quomodo
954 656 1099 734 volo.
1132 676 1221 733 Isti
1256 684 1383 732 sunt
1408 675 1498 745 qui
1526 688 1627 729 nos
1650 672 1870 744 fatigant
1901 688 1916 727 :

322 768 543 839 plurimi
568 779 729 836 sunt,
760 769 973 826 molesti
1012 776 1157 824 sunt.
1197 766 1386 823 Adhuc
1415 764 1682 823 modicum
1710 774 1920 833 tempus

323 862 502 916 vivam
532 845 979 932 quomodovolo,
1009 867 1192 930 postea
1217 857 1435 929 quando
1464 872 1560 912 me
1592 868 1879 911 correxere
1900 896 1918 918 ,

324 955 525 1026 utique-
538 968 727 1011 verum
758 961 845 1007 est
868 951 1013 1022 quod
1049 950 1184 1006 dixit
1208 948 1476 1020 Propheta
1495 989 1514 1016 ,
1543 946 1684 1002 Nolo
1708 955 1918 1001 mortem

322 1047 472 1118 impii
488 1064 508 1113 ;
534 1055 734 1100 tantum
775 1054 1055 1099 revertatur
1080 1041 1268 1112 impius
1296 1058 1328 1095 a
1354 1042 1435 1096 via
1465 1055 1562 1094 sua
1600 1040 1846 1109 pessima,
1873 1047 1919 1092 et

324 1140 478 1193 vivat.
525 1136 754 1207 Quando
791 1150 1091 1192 conversus
1131 1133 1315 1198 fuero,
1342 1131 1543 1187 delebit
1568 1131 1746 1186 omnia
1779 1128 1918 1184 mala

323 1244 446 1284 inea
472 1247 488 1283 :
513 1245 682 1300 quare
708 1245 814 1284 non
852 1227 991 1284 addo
1031 1225 1231 1297 aliquid
1272 1224 1637 1294 voluptatibus
1670 1222 1838 1287 meis,
1864 1229 1920 1276 et

323 1326 448 1377 vivo
474 1332 726 1393 quantum
744 1323 887 1389 volo,
908 1319 1180 1392 quomodo
1200 1319 1342 1384 volo,
1371 1326 1553 1389 postea
1578 1330 1666 1372 me
1686 1328 1918 1371 conver-

316 1429 489 1471 surus
510 1414 578 1468 ad
607 1414 812 1468 Deum?

397 1507 458 1562 4.
477 1505 792 1561 'Pamitentia
808 1506 865 1559 in
888 1505 1163 1559 anatinam
1189 1519 1290 1558 non
1313 1501 1612 1570 differenda.
1623 1500 1801 1569 Quare
1816 1497 1918 1552 hoc

318 1597 487 1663 dicis,
500 1597 668 1652 frater
682 1597 705 1650 Ἰ
719 1597 919 1666 quare?
932 1595 1065 1664 Quia
1088 1594 1332 1666 promisit
1352 1594 1493 1649 Deus
1513 1591 1916 1661 indulgentiam,

318 1689 371 1742 si
394 1703 485 1742 me
506 1686 804 1742 mutavere.
832 1686 1020 1753 Video,
1043 1686 1178 1751 scio,
1205 1684 1445 1755 promisit
1475 1683 1617 1739 Deus
1634 1680 1919 1750 indulgeu-

324 1782 494 1844 tiam;
530 1795 626 1850 μιν
639 1788 880 1834 sanetum
918 1777 1237 1848 Prophetant
1281 1776 1416 1831 hanc
1444 1772 1719 1846 promittit,
1745 1779 1798 1826 et
1824 1786 1919 1841 per

324 1888 417 1926 me
431 1872 711 1933 minimum
734 1885 949 1926 serviam
982 1885 1139 1926 suum
1162 1868 1441 1940 promittit,
1471 1882 1654 1922 verum
1671 1874 1754 1921 est
1771 1862 1915 1935 quod

328 1961 620 2030 promittit,
644 1961 785 2016 hanc
823 1960 1068 2030 promisit
1111 1973 1207 2029 per
1244 1958 1457 2014 unicum
1500 1957 1694 2013 Filium
1735 1969 1914 2011 suum.

325 2052 439 2109 Sed
466 2054 591 2124 quid
619 2053 698 2108 vis
716 2052 911 2107 addere
928 2051 1046 2107 dies
1070 2051 1239 2106 malos
1256 2049 1446 2107 diebus
1467 2047 1656 2105 malis?
1678 2045 1919 2103 Sufficiat

324 2145 436 2201 dici
463 2143 660 2200 malitia
689 2159 783 2198 sua
806 2143 1024 2214 (Matth.
1051 2158 1127 2206 vt,
1152 2140 1269 2211 54).
1293 2140 1459 2196 Malus
1475 2139 1593 2195 dies
1613 2138 1914 2202 hesternus,

328 2238 507 2292 malus
530 2245 587 2290 et
612 2234 925 2299 hodiernus,
952 2235 1123 2290 malus
1146 2243 1200 2290 et
1215 2233 1502 2289 crastinus.
1517 2231 1601 2287 An
1624 2239 1778 2300 putas
1796 2243 1917 2285 esse

330 2328 503 2382 honos
558 2326 713 2389 dies,
761 2326 978 2396 quando
1022 2324 1152 2380 facis
1199 2325 1329 2379 satis
1372 2321 1724 2393 voluptatibus
1770 2320 1912 2385 tuis,

327 2417 546 2487 quando
576 2418 627 2470 in
650 2418 873 2473 lusoriis
894 2416 1099 2472 euutris
1122 2430 1219 2472 cor
1242 2426 1391 2470 tuum
1414 2456 1429 2481 ,
1457 2411 1671 2484 quando
1697 2410 1918 2467 insidia-

333 2508 407 2563 ris
424 2508 621 2564 aliena:
646 2508 932 2578 pudicitia,
961 2506 1177 2578 quando
1202 2505 1388 2561 fraude
1417 2505 1703 2561 contristas
1733 2502 1915 2572 proxi-

333 2612 480 2652 mum
506 2606 654 2653 tuum
672 2639 691 2665 ,
720 2595 934 2667 quando
959 2595 1330 2652 commendata
1358 2608 1521 2665 negas
1540 2635 1556 2659 ,
1577 2592 1788 2662 quando
1814 2592 1915 2646 fal-

332 2705 455 2744 sum
480 2704 582 2760 pro
607 2703 827 2745 nummo
846 2688 1033 2757 iuras?
1062 2686 1285 2756 Quando
1326 2685 1548 2741 exhibes
1589 2684 1681 2747 tibi
1720 2684 1916 2739 bonum

332 2782 639 2852 prandium,
668 2781 792 2837 ideo
814 2790 970 2853 putas
994 2781 1118 2852 quia
1146 2780 1345 2836 bonum
1379 2777 1520 2834 diem
1545 2776 1734 2833 ducis?
1764 2775 1918 2833 Unde

332 2873 451 2930 fieri
475 2880 660 2944 potest
686 2879 747 2927 ιιι
772 2871 888 2927 dies
919 2870 1095 2927 bonus
1133 2870 1204 2926 sit
1223 2910 1236 2932 ,
1267 2884 1388 2925 cum
1427 2868 1599 2925 malus
1625 2867 1693 2925 sit
1721 2864 1918 2923 homo?

330 2963 506 3019 lialos
534 2963 650 3019 dies
673 2962 755 3017 vis
780 2960 978 3017 addere
1002 2960 1159 3015 malis
1181 2959 1407 3015 diebus?

401 3055 458 3110 5.
482 3053 631 3110 Idem
675 3062 922 3109 tractatur
948 3060 1318 3124 argumentum.
1365 3050 1534 3121 Rogo,
1569 3049 1918 3119 aliquantum,

332 3149 544 3219 inquit,
573 3147 873 3203 dimittatur
902 3145 1051 3203 mihi.
1077 3143 1288 3211 Quare?
1328 3142 1465 3210 Quia
1503 3140 1745 3213 promisit
1790 3141 1922 3211 mihi

334 3243 481 3298 Deus
499 3239 905 3311 indulgentiam.

409 3330 636 3388 CAPUT
676 3329 765 3387 Ill.
802 3359 877 3371 -
903 3328 1008 3385 Sed
1026 3329 1262 3384 crastino
1290 3328 1377 3384 die
1403 3336 1456 3384 te
1479 3328 1737 3382 victurum
1764 3336 1927 3382 nemo

335 3424 436 3479 tibi
464 3422 730 3493 promisit.
758 3423 862 3477 Aut
891 3421 1008 3493 h-ge
1033 3422 1202 3487 mihi,
1233 3421 1503 3490 ιιιιοιιιιιιιο
1528 3420 1662 3492 legis
1687 3418 1924 3489 Protule-

336 3525 472 3579 ιιι»,
502 3514 870 3584 Evangelinm,
903 3513 1249 3584 Apostolumr
1268 3513 1395 3583 quia
1420 3527 1542 3567 cum
1567 3520 1617 3568 te
1644 3518 1926 3567 converte-

336 3609 438 3671 ris,
462 3605 607 3661 delet
636 3605 774 3661 Deus
799 3618 986 3659 omnes
1013 3604 1319 3675 iniquitates
1348 3612 1464 3659 tuas
1494 3603 1651 3671 :-legc
1681 3603 1807 3657 mihi
1836 3601 1925 3658 ubi

340 3697 439 3751 tibi
468 3696 764 3766 promissus
788 3703 872 3749 est
895 3695 1162 3749 crastinus
1182 3693 1328 3760 dies,
1354 3704 1408 3748 et
1433 3692 1552 3748 vive
1578 3692 1815 3747 crastino
1839 3690 1927 3747 die

341 3786 508 3842 male.
536 3786 880 3855 Quanquam.
904 3784 1069 3839 frater
1104 3770 1287 3847 meus,
1334 3799 1441 3838 non
1490 3782 1584 3837 tibi
1629 3781 1732 3836 hoc
1770 3779 1928 3836 debui

296 3939 311 3950 ,
341 3875 548 3932 dicere.
575 3873 759 3946 Longa
791 3874 892 3930 erit
922 3874 1058 3928 forte
1085 3873 1190 3927 vita
1219 3882 1311 3927 tua
1334 3890 1347 3925 :
1372 3872 1418 3926 si
1446 3871 1602 3940 longa
1630 3869 1765 3935 erit,
1792 3869 1930 3925 bona

346 3968 441 4023 ait.
462 3966 639 4035 Quare
677 3966 759 4022 vis
804 3965 1001 4021 habere
1036 3965 1251 4034 longam
1296 3964 1459 4019 vitam
1483 3961 1792 4019 etmalam?
1824 3962 1930 4017 Aut

348 4058 506 4127 longa
536 4072 643 4110 non
671 4058 886 4121 erit;et
913 4055 1003 4110 illa
1038 4054 1193 4124 longa
1229 4052 1387 4109 debet
1413 4060 1465 4108 te
1487 4051 1785 4117 delectare,
1814 4066 1932 4121 qua:

347 4163 463 4204 non
486 4146 663 4201 habet
703 4147 866 4201 finem
889 4162 906 4199 :
931 4152 1027 4198 aut
1061 4144 1215 4214 longa
1240 4143 1381 4208 erit;
1407 4150 1465 4199 et
1489 4141 1614 4213 quid
1643 4140 1930 4206 audierit,

348 4237 476 4308 quia
516 4236 606 4291 diu
650 4236 788 4293 bene
814 4234 1029 4290 vixisti?
1054 4234 1133 4289 Tu
1167 4233 1308 4290 male
1336 4234 1417 4288 vis
1439 4232 1531 4289 diu
1556 4232 1768 4298 vivere,
1796 4232 1934 4288 bene

350 4341 462 4382 non
488 4326 604 4381 vis?
633 4325 700 4386 Et
728 4334 914 4381 tamen
950 4324 1241 4380 crastinum
1264 4324 1405 4379 diem
1431 4338 1591 4379 nemo
1615 4322 1709 4378 tibi
1737 4322 1934 4392 prorni-

334 4416 447 4493 sit.
489 4415 706 4485 Currige
731 4425 782 4471 te
801 4456 819 4482 ,
855 4414 983 4470 audi
1024 4414 1391 4485 Scripturam:
1418 4412 1500 4469 Ne
1528 4413 1696 4470 tardes
1719 4416 1935 4469 conveni

350 4507 426 4563 ad
448 4506 637 4564 Deum.
661 4506 839 4565 Verba
863 4508 965 4569 ista
992 4519 1111 4564 mea
1134 4524 1239 4564 non
1262 4517 1420 4564 sunt:
1444 4507 1539 4564 sed
1563 4517 1621 4565 et
1643 4523 1760 4564 unca
1788 4516 1933 4564 sunt.

355 4600 416 4654 Si
443 4613 587 4665 amo,
618 4614 735 4655 mea
767 4607 892 4654 sunt
915 4616 928 4653 :
951 4608 1147 4665 antate,
1178 4608 1233 4656 et
1258 4608 1435 4656 vestra
1459 4608 1604 4656 sunt.
1627 4600 1817 4659 Sermo
1836 4601 1937 4657 iste

351 4692 698 4762 nitemniodo
728 4691 869 4758 dico,
893 4692 1183 4762 Scriptura:
1209 4702 1409 4749 sancta:
1427 4700 1512 4749 est
1532 4709 1547 4747 ς
1573 4693 1618 4751 si
1640 4693 1939 4751 contemnis

353 4783 886 4848 illum,adversarius
901 4792 1021 4839 tuus
1047 4793 1151 4839 est.
1172 4783 1283 4840 Sed
1307 4783 1431 4839 audi
1453 4784 1730 4841 Dominum
1759 4783 1942 4841 diecu—

360 4882 489 4941 tem,
516 4873 785 4931 Concorda
811 4889 926 4928 cum
949 4872 1238 4929 aduersario
1265 4882 1353 4929 tuo
1379 4872 1477 4927 cito
1503 4872 1714 4944 (ﬂuuit.
1743 4888 1799 4939 .v,
1821 4872 1937 4943 25).

354 4967 595 5023 Audiant
636 4979 859 5031 omnes,
910 4963 1073 5023 verba
1119 4964 1287 5020 recito
1329 4963 1616 5034 Scriptum
1657 4964 1871 5019 divinae.
1895 4962 1941 5019 0

360 5063 505 5117 male
517 5062 780 5126 dilator,o
796 5058 1014 5115 crastini
1045 5059 1181 5114 male
1195 5059 1480 5129 appetitor,
1505 5056 1637 5112 audi
1661 5057 1940 5113 Dominum

352 5153 663 5215 dicentem,
702 5151 825 5209 audi
877 5151 1209 5220 Scripturant
1261 5162 1499 5205 sanctam
1543 5149 1940 5220 praedicentem.

356 5246 438 5301 De
478 5246 587 5300 isto
626 5244 745 5298 loco
790 5241 1095 5313 speculator
1130 5257 1270 5299 sum.
1304 5240 1389 5296 Νι
1427 5240 1595 5296 tardes
1621 5241 1840 5297 ceiwerti
1860 5240 1946 5297 ad

358 5332 559 5400 Deum,
589 5330 970 5403 acquodiﬂ'cras
993 5332 1056 5386 de
1073 5332 1158 5386 die
1183 5331 1241 5386 in
1261 5331 1414 5389 diem.
1444 5330 1577 5388 Vide
1611 5330 1661 5389 si
1681 5344 1786 5386 nou
1815 5329 1950 5385 vidit

356 5425 511 5491 illos,
542 5422 664 5479 vide
688 5423 734 5479 si
760 5439 865 5479 non
882 5421 1123 5493 inspexit
1163 5422 1284 5477 illos
1328 5421 1418 5491 qui
1466 5420 1679 5488 dit-unt,
1706 5420 1949 5491 crastino
2000 5465 2004 5469 .

359 5519 503 5574 bene
528 5518 667 5581 vivo,
692 5515 852 5572 hodie
882 5515 1024 5570 male
1056 5514 1253 5571 vivam.
1293 5513 1365 5568 Et
1396 5528 1515 5568 cum
1552 5526 1670 5569 cras
1706 5512 1911 5568 venerit
1930 5553 1946 5578 ,

364 5608 473 5664 hoc
514 5607 754 5664 dicturus
791 5621 871 5661 es.
920 5604 1002 5660 Ne
1029 5604 1196 5659 tardes
1242 5605 1459 5659 conuerti
1485 5602 1555 5657 ad
1574 5601 1769 5669 Deum,
1796 5616 1955 5672 neque

364 5696 576 5763 dilatas
627 5698 691 5750 de
731 5697 815 5751 die
860 5697 913 5749 in
940 5695 1116 5765 “diem.
1149 5693 1330 5751 Subito
1355 5694 1486 5750 enim
1516 5693 1670 5748 veniet
1704 5694 1783 5747 ira
1806 5694 1948 5764 ejus,

364 5801 413 5845 rt
468 5792 521 5844 in
572 5799 792 5860 tempore
837 5787 1070 5842 vindicta:
1121 5785 1373 5858 disperdet
1430 5796 1494 5841 te.
1552 5783 1813 5855 Nttmquid
1856 5801 1954 5857 ego

1781 370 2023 429 εειιιιομ
2052 370 2162 428 XL.

2028 488 2131 545 hoc
2173 486 2398 558 scripsi?
2423 487 2687 560 Numquid
2730 505 2830 561 ego
2872 490 3049 546 delere
3097 491 3223 549 illud
3266 494 3523 564 possunt?
3549 494 3608 553 Si

2025 578 2306 644 delevere,
2337 580 2500 637 timeo
2523 581 2712 638 deleri.
2752 583 2954 640 Tacere
2994 583 3121 641 illud
3158 598 3373 655 possum
3402 566 3609 644 :timeo

2026 679 2222 729 tacere.
2245 672 2546 731 Pnedicare
2561 690 2760 745 cogor:
2791 677 3008 732 territus
3036 686 3233 733 terrea.
3265 677 3471 747 Timete
3496 696 3609 736 me-

2024 778 2169 830 cum,
2189 774 2247 820 ιιι
2263 766 2545 837 gaudeatis
2565 784 2797 827 mecum.
2818 768 2900 824 Ne
2915 771 3082 825 tardes
3102 773 3320 827 converti
3342 773 3409 829 ad
3424 772 3607 845 Deam,

2026 854 2270 925 Domine,
2311 858 2431 914 vide
2474 861 2597 929 quia
2646 860 2799 918 dico:
2824 861 3068 928 Domine,
3089 863 3195 918 scis
3222 863 3343 932 quia
3372 848 3605 921 terruisti

2025 960 2271 1013 me,cutn
2316 957 2438 1004 tuus
2474 950 2739 1021 Propheta
2784 952 3075 1023 legeretur.
3108 952 3351 1020 Domine,
3383 954 3521 1010 nosti
3558 956 3601 1008 iu

2024 1039 2111 1094 illa
2135 1040 2386 1097 cathedra
2414 1042 2659 1099 timorem
2694 1058 2902 1111 meum,
2931 1059 3052 1099 cum
3082 1052 3203 1099 tuus
3230 1044 3493 1115 Propheta
3524 1044 3607 1107 lc:

2021 1145 2255 1202 geretur.
2281 1134 2417 1192 Ecce
2443 1136 2582 1203 dico,
2612 1135 2695 1191 Ne
2722 1138 2888 1192 tardes
2906 1138 3131 1195 converti
3153 1137 3220 1191 ad
3251 1135 3430 1200 Deum,
3450 1153 3601 1209 neqvt

2022 1223 2231 1292 di/ferns
2256 1225 2319 1279 de
2343 1227 2424 1281 die
2452 1227 2503 1281 in
2531 1228 2681 1281 diem.
2718 1228 2895 1284 Subito
2923 1229 3055 1283 enim
3085 1229 3245 1282 veniet
3269 1228 3347 1282 ira
3375 1214 3513 1299 ejus,
3561 1224 3609 1285 ei

2022 1314 2074 1368 in
2100 1324 2320 1386 (corpore
2340 1317 2572 1372 vindicta:
2593 1317 2848 1385 disperdat
2870 1327 2934 1372 te.
2963 1316 3068 1374 Sed
3099 1320 3222 1375 nolo
3249 1319 3435 1389 perdat
3460 1331 3531 1375 te.

2090 1406 2319 1464 CAPUT
2365 1407 2450 1463 IV.
2471 1439 2544 1450 -—
2561 1409 2613 1465 ϐ.
2641 1407 2958 1466 Eacitandas
2989 1419 3211 1482 tegi-atus
3233 1411 3384 1465 etiam
3406 1412 3603 1488 uolens.
3664 1417 3671 1424 ‘

2022 1494 2155 1551 Nolo
2202 1497 2331 1552 mihi
2378 1498 2562 1563 dicas,
2598 1500 2781 1556 Perire
2809 1501 3118 1572 volo:quia
3169 1516 3268 1572 ego
3311 1501 3456 1557 nolo.
3495 1501 3609 1557 Me-
3714 1500 3715 1503 “

2022 1586 2127 1643 lius
2150 1598 2234 1644 est
2256 1605 2405 1660 ergo,
2422 1590 2558 1645 Nolo
2582 1608 2780 1657 meum,
2802 1608 2980 1663 quam,
2992 1593 3122 1650 Volo
3148 1601 3316 1649 tuum.
3334 1592 3390 1651 Si
3409 1593 3606 1648 lethar-

2020 1681 2169 1752 gicus
2209 1692 2358 1752 pater
2399 1691 2520 1737 tuus
2560 1692 2846 1754 mgrotaret
2887 1685 3031 1741 inter
3069 1700 3261 1740 manus
3290 1695 3434 1751 tuas,
3467 1695 3523 1741 et
3546 1696 3604 1740 tu

2020 1771 2237 1826 adesses
2261 1770 2470 1841 juvenis
2512 1773 2792 1843 πει-θωπιιί
2830 1774 2944 1829 seni
2969 1817 2984 1841 ,
3013 1785 3064 1829 et
3092 1771 3296 1831 diceret
3320 1774 3558 1831 medicus
3580 1817 3597 1842 ,

2022 1858 2354 1918 Periclitatur
2379 1871 2531 1935 pater
2551 1874 2704 1930 tuus;
2730 1881 2952 1921 somnus
2978 1865 3078 1921 iste
3100 1865 3331 1937 gravedo
3355 1870 3435 1922 est
3451 1881 3603 1937 quasi

2018 1952 2140 2010 dam
2167 1953 2408 2022 lethalis;
2432 1957 2657 2013 observa
2682 1973 2828 2023 eum,
2855 1957 2962 2013 noli
2988 1973 3109 2013 cum
3134 1958 3445 2029 permittere
3471 1960 3603 2015 dor-
3658 1958 3667 1963 ’

2021 2045 2194 2113 mire;
2222 2044 2267 2102 si
2305 2047 2499 2104 videris
2543 2064 2666 2104 eum
2704 2049 2937 2104 dormire
2966 2090 2981 2112 .
3011 2051 3181 2104 excita
3232 2065 3387 2114 eum;
3416 2051 3463 2105 si
3506 2066 3603 2120 pa-

2020 2152 2137 2191 rum
2175 2146 2258 2192 est
2294 2139 2527 2194 excitare
2557 2180 2572 2205 ,
2614 2136 2836 2205 vellica;
2877 2142 2921 2196 sl
2962 2152 3014 2196 et
3052 2139 3155 2196 hoc
3220 2156 3438 2211 parum,
3490 2143 3605 2207 sti-

2021 2229 2163 2282 mula
2204 2243 2358 2294 eum,
2405 2244 2473 2283 ne
2514 2231 2771 2286 moriatur
2818 2240 2968 2300 pater
3022 2230 3419 2288 tuuszadesscs
3443 2232 3603 2303 jure:

2021 2320 2105 2375 nis
2130 2322 2243 2376 seni
2279 2334 2558 2376 onerosus.
2588 2320 2682 2377 llle
2710 2323 2762 2376 in
2799 2321 3006 2377 dulcem
3047 2321 3288 2377 morbum
3337 2323 3604 2378 resolutus

2021 2411 2157 2479 iret,
2187 2412 2369 2467 oculos
2420 2412 2708 2483 gravedine
2749 2412 2841 2468 illa
2887 2422 3160 2483 premente
3201 2413 3505 2483 clauderet,
3547 2423 3603 2469 ιιι

2021 2514 2203 2559 contra
2234 2494 2493 2559 Clamares
2518 2502 2651 2574 patri
2680 2503 2830 2559 :Noli
2858 2504 3113 2561 dormire.
3146 2506 3214 2560 At
3240 2504 3327 2561 ille
3349 2521 3362 2557 :
3388 2504 3605 2561 Dimitte

2022 2611 2108 2650 mc
2128 2637 2142 2661 ,
2170 2594 2405 2651 dormire
2430 2596 2571 2650 volo.
2618 2592 2683 2649 Et
2712 2605 2767 2651 tu
2797 2614 2812 2650 :
2837 2594 2943 2652 Sed
2970 2594 3208 2652 medicus
3228 2594 3396 2662 dixit,
3420 2593 3478 2652 Si
3494 2598 3598 2651 ‘vo—

2023 2682 2187 2742 luerit
2226 2688 2459 2742 dormire
2482 2703 2632 2763 ,non
2663 2687 2910 2744 dormiat.
2939 2689 3008 2742 At
3033 2688 3120 2744 ille
3145 2706 3157 2743 :
3186 2686 3365 2759 Rogo,
3395 2686 3603 2744 dimitto

2022 2796 2128 2845 me,
2162 2780 2297 2836 moui
2322 2780 2460 2834 volo.
2500 2779 2606 2835 Sed
2646 2795 2744 2850 ego
2776 2780 2929 2846 nolo,
2957 2778 3086 2835 dicit
3111 2778 3250 2834 illius
3281 2778 3435 2850 patri.
3465 2776 3602 2834 Cui?

2026 2871 2219 2941 Utique
2240 2871 2441 2942 optanti
2466 2886 2524 2926 se
2550 2871 2705 2926 mori.
2730 2872 2793 2925 lit
2817 2878 2992 2926 tamen
3020 2871 3102 2926 vis
3128 2869 3343 2927 differre
3373 2879 3597 2927 mortem

2023 2963 2191 3035 patris
2219 2963 2292 3018 tui
2317 3005 2332 3031 ,
2369 2973 2422 3017 et
2449 2962 2722 3033 aliquanto
2749 2961 2950 3017 diutius
2978 2961 3156 3018 vivere
3182 2976 3303 3017 cum
3346 2962 3605 3019 morituro

2024 3071 2152 3111 sene
2180 3065 2327 3126 patre
2356 3063 2465 3110 tuo.
2500 3053 2757 3110 Dominus
2801 3053 2891 3108 tibi
2935 3053 3134 3110 clamat
3157 3072 3176 3109 :
3196 3052 3313 3110 Noli
3338 3051 3604 3120 dormire,

2028 3162 2095 3201 nc
2144 3145 2195 3200 in
2237 3156 2493 3201 aeternum
2516 3145 2779 3211 dormias;
2802 3143 3011 3215 evigila,
3030 3152 3088 3198 ut
3113 3158 3327 3200 mecum
3350 3145 3527 3209 vivas,
3552 3153 3608 3199 et

2028 3249 2230 3311 patrem
2249 3238 2446 3294 habeas
2466 3252 2622 3308 quem
2661 3252 2767 3292 non
2790 3236 2999 3293 ell‘eras.
3016 3236 3202 3301 Audis.
3231 3244 3285 3292 et
3312 3235 3505 3292 surdus
3526 3251 3605 3291 cs.

2100 3331 2152 3386 7.
2194 3328 2249 3385 N
2253 3329 2357 3384 ulla
2385 3338 2456 3383 est
2480 3329 2740 3395 securitas,
2773 3328 2870 3385 nisi
2897 3345 2930 3382 a
2958 3326 3088 3383 Deo.
3118 3359 3188 3370 —
3214 3327 3351 3397 Quid
3379 3344 3479 3401 ego
3507 3327 3607 3384 feci
3717 3366 3720 3369 η

2028 3419 2370 3494 speculator?
2396 3419 2532 3476 liber
2568 3436 2709 3486 sum,
2745 3434 2850 3474 non
2880 3434 2977 3473 vos
3014 3434 3195 3491 gravo.
3225 3418 3348 3475 Scio
3375 3418 3610 3475 dicturos

2028 3510 2283 3583 quosdam
2308 3527 2327 3564 ι
2354 3509 2491 3578 Quid
2531 3508 2683 3564 nobis
2708 3509 2875 3563 voluit
2903 3508 3120 3564 dicere?
3164 3507 3394 3575 Terruit,
3423 3522 3611 3578 grava-

2031 3606 2142 3660 vit1
2167 3621 2297 3673 nos,
2324 3622 2447 3662 reos
2486 3621 2584 3661 nos
2608 3603 2752 3660 fecit.
2782 3602 2891 3660 f’mo
2934 3618 2963 3657 a
3004 3613 3155 3659 reatu
3192 3603 3338 3658 volui
3360 3602 3606 3658 liberare.

2034 3698 2254 3754 Foedum
2292 3707 2396 3766 est,
2425 3706 2577 3769 turpe
2614 3704 2698 3753 est
2720 3714 2733 3750 :
2759 3697 2881 3751 nolo
2905 3694 3084 3751 dicere
3127 3694 3351 3761 malum,
3383 3695 3506 3749 nolo
3529 3688 3611 3751 di-

2032 3804 2155 3845 cere
2178 3788 2558 3859 perieulosum,
2606 3786 2729 3840 nolo
2763 3785 2941 3840 dicere
2984 3785 3264 3840 exitiosum
3296 3791 3489 3855 :turpe
3530 3793 3611 3838 est

2035 3889 2092 3935 ut
2118 3894 2214 3934 vos
2240 3878 2438 3945 fallam,
2467 3878 2511 3934 si
2531 3877 2671 3933 Deus
2692 3892 2778 3933 me
2803 3892 2909 3931 non
2939 3874 3091 3931 fallit.

2106 3968 2330 4025 CAPUT
2352 3968 2416 4024 γ.
2442 3999 2514 4008 —
2538 3968 2794 4023 Dominus
2845 3977 3072 4022 mortem
3120 3968 3350 4022 minatur
3398 3965 3573 4036 impiis
3593 4006 3610 4030 ,

2038 4059 2397 4131 nequissimis,
2424 4057 2838 4125 fraudatoribus,
2887 4056 3182 4121 sceleratis,
3216 4056 3492 4121 adulteris,
3519 4070 3616 4111 vo-

2039 4149 2296 4220 luptatmn
2318 4147 2737 4219 inquisitoribus.
2766 4148 2876 4202 suis
2895 4146 3364 4218 contemptoribus,
3393 4146 3461 4202 dc
3482 4156 3616 4204 tem-

2041 4240 2294 4311 poribus’
2323 4240 2778 4295 murmurantibus
2800 4247 2857 4317 et
2882 4254 3060 4295 mores
3082 4254 3207 4297 suos
3229 4255 3331 4295 non
3361 4239 3613 4295 mutanti-

2040 4331 2139 4387 bus
2166 4349 2179 4385 ε
2213 4331 2472 4385 Dominus
2501 4330 2604 4386 illis
2628 4337 2854 4386 mortem
2877 4330 3127 4397 minatur,
3149 4331 3418 4405 gelzcnnas
3447 4331 3615 4386 mina-

2043 4432 2147 4489 tur,
2171 4421 2442 4476 interitum
2468 4421 2850 4492 sempiternum
2888 4422 3136 4476 minatur.
3163 4420 3296 4489 Quid
3327 4421 3529 4489 volunt,
3560 4430 3618 4476 ut

2041 4531 2141 4585 ego
2160 4513 2466 4585 promittam
2493 4513 2636 4585 quod
2665 4513 2756 4568 ille
2782 4530 2885 4568 non
2916 4512 3213 4583 promittit?
3236 4513 3374 4569 Ecce
3410 4511 3499 4568 dat
3526 4511 3616 4568 tibi

2042 4607 2380 4662 securitatem
2420 4618 2731 4677 procurator
2760 4603 2922 4675 :quid
2964 4606 3057 4660 tibi
3086 4602 3322 4676 prodest,
3364 4605 3409 4660 si
3439 4613 3618 4675 pater-

2042 4698 2271 4753 familias
2297 4713 2400 4753 non
2427 4697 2704 4767 acceptet?
2727 4697 3044 4752 Procurator
3072 4713 3210 4761 sum,
3238 4712 3431 4752 servus
3454 4692 3570 4751 sum
3605 4715 3620 4752 :

2044 4790 2125 4845 vis
2147 4786 2320 4844 dicam
2365 4788 2480 4852 tibi,
2513 4787 2644 4842 Vive
2682 4778 2949 4858 quomodo
2993 4788 3096 4853 vis,
3128 4788 3382 4842 Dominus
3424 4797 3473 4842 te
3516 4801 3619 4841 non

2047 4880 2262 4952 perdet?
2285 4878 2635 4935 Securitatem
2677 4877 2771 4933 tibi
2802 4888 3121 4949 procurator
3155 4876 3303 4933 dedit
3334 4895 3355 4931 :7
3375 4876 3501 4929 nihil
3532 4890 3627 4930 νοε-

2046 4974 2121 5029 let
2138 4972 2396 5028 securitas
2415 4968 2793 5040 procuratoris.
2826 4962 3037 5025 Utinam
3061 4967 3314 5021 Dominus
3336 4964 3622 5030 ιιῆιίιιιιιιιρι,

2047 5075 2103 5121 et
2127 5079 2227 5136 ego
2257 5074 2309 5121 te
2342 5063 2626 5119 sollicitum
2656 5061 2919 5117 facerem!
2958 5060 3162 5116 Domini
3192 5059 3333 5114 enim
3364 5058 3630 5114 securitas

2049 5155 2211 5222 valet,
2254 5152 2462 5210 etiamsi
2496 5152 2700 5215 nolim;
2744 5166 2867 5206 mea
2917 5165 3044 5205 vero
3072 5149 3204 5205 nihil
3240 5149 3398 5215 valet,
3450 5150 3494 5204 si
3541 5149 3629 5205 ille

2051 5244 2302 5301 noluerit.
2335 5241 2466 5313 Quae
2510 5251 2594 5298 est
2630 5252 2807 5298 autem
2835 5241 3113 5309 securitas,
3154 5240 3362 5308 fratres,
3402 5240 3483 5297 vel
3513 5256 3630 5297 mea
3696 5305 3723 5326 ι.

2052 5336 2136 5391 vel
2161 5343 2360 5400 vestra,
2402 5334 2502 5389 nisi
2531 5342 2591 5390 ut
2618 5332 2827 5389 Domini
2857 5331 3003 5404 jussa
3034 5332 3238 5389 intente
3263 5341 3318 5388 et
3352 5331 3635 5403 diligenter

2052 5425 2351 5488 audiamus,
2381 5434 2437 5481 et
2471 5426 2730 5497 promissa
2764 5423 2991 5480 ﬁdeliter
3014 5423 3424 5493 exSpectemus?
3454 5421 3511 5479 tn
3548 5424 3634 5480 his

2056 5516 2341 5587 fatigamur
2355 5517 2398 5582 ³,
2438 5517 2559 5588 quia
2586 5516 2831 5571 homines
2855 5529 3038 5570 sumus
3064 5531 3081 5570 :
3106 5515 3270 5585 ipsius
3309 5514 3630 5586 adiutorium

2121 5611 2143 5703 ί
2990 5664 3169 5726 codex,
3191 5665 3538 5730 maioribus.
3554 5667 3639 5719 Αιιι

2060 5738 2186 5782 Mss.
2213 5730 2275 5780 de
2295 5727 2599 5793 temporibus.
3311 5727 3318 5730 ’

2126 5786 2379 5854 {within
2400 5788 2477 5842 Iris
2507 5789 2674 5854 ςνϋιιε
2721 5788 2995 5856 fatigamur.
3036 5795 3090 5840 Αι
3117 5794 3222 5862 Issa,
3243 5789 3333 5852 ,ιιι
3361 5787 3436 5845 his
3464 5789 3637 5855 (iuius-
