3938 6186
393 346 497 410 987

392 472 755 544 imploremus,
788 467 854 523 ad
892 468 1037 523 illum
1076 467 1503 539 iugemiscamus.
1535 467 1729 525 Preces
1774 479 1973 526 nostra:

394 561 617 618 nonsint
633 575 728 632 pro
753 559 914 616 rebus
932 558 1278 639 molaribus
1307 560 1773 632 praetereuntibus,
1799 571 1977 618 traaso'

390 654 581 720 itoriis,
608 650 664 708 et
710 652 824 707 vice
850 653 1063 723 vaporis
1088 653 1526 710 evanescentibus
1559 672 1573 708 :
1599 653 1692 710 sed
1720 654 1826 710 sint
1850 669 1973 725 pre-

385 757 480 800 ces
516 754 712 799 nostra:
739 758 836 814 pro
865 744 976 816 ipsa
1022 744 1292 815 implenda
1314 744 1538 816 justitia,
1574 753 1631 803 et
1666 745 1970 802 sanctiﬁca-

385 838 531 889 tione
562 849 655 902 pro
679 834 894 890 nomine
925 834 1015 899 Dei
1043 853 1056 889 :
1089 836 1211 890 nou'
1235 850 1332 905 pro
1359 835 1620 892 vincendo
1646 836 1843 903 vicino,
1875 834 1969 891 sed

385 940 482 994 pro
519 925 778 982 vincenda
830 925 1045 984 libidine
1075 945 1088 981 :
1122 942 1227 982 non
1263 942 1360 998 pro
1393 927 1627 983 sananda
1653 942 1835 990 carne.
1871 928 1967 984 sed

382 1029 481 1086 pro
507 1015 807 1074 domanda‘
837 1017 1076 1073 avaritia.
1109 1017 1243 1073 Hinc
1275 1018 1381 1073 sint
1409 1033 1598 1089 preces
1618 1026 1852 1074 nostris:
1880 1021 1965 1073 in-

382 1105 469 1177 jus
498 1123 596 1165 nos
621 1110 873 1180 adjuveut
896 1111 1174 1175 luctantes,
1199 1118 1256 1165 ut
1281 1121 1538 1167 eoroneut
1566 1111 1854 1167 vincentes.

892 1245 1122 1303 SERMO
1161 1246 1310 1303 λιι·
1342 1248 1438 1320 (π).

380 1385 454 1439 De
482 1394 542 1433 eo
567 1378 704 1449 quod
738 1381 980 1450 scriptum
1009 1390 1084 1435 est
1108 1380 1444 1436 Ecclesiastiei
1472 1396 1610 1445 χχιι,
1641 1382 1733 1445 28,
1778 1381 1957 1437 Fidem

450 1469 665 1538 posside
703 1485 822 1525 cum
862 1472 1103 1540 proximo
1144 1472 1197 1527 in
1240 1480 1551 1543 paupertate
1593 1473 1778 1543 ipsius,
1815 1482 1869 1527 ut
1906 1482 1961 1528 et

448 1560 602 1616 bonis
629 1562 747 1631 ejus
778 1561 1084 1632 perfruaris.
1918 1584 1925 1595 ο

308 1741 329 1763 ,
446 1699 498 1751 1.
563 1693 720 1753 Fides
741 1696 903 1752 antica
950 1698 1004 1752 in
1043 1698 1154 1769 ejus
1191 1708 1486 1770 paupertate
1528 1697 1793 1753 servanda.
1823 1698 1954 1751 Cum

372 1787 573 1845 divinas
634 1788 921 1859 Scriptum:
979 1789 1312 1860 legerentur,
1348 1790 1418 1847 de
1458 1807 1682 1861 quarum
1743 1799 1956 1847 senten-

373 1879 460 1935 tiis
527 1879 774 1937 omnibus
833 1896 973 1936 nunc
1039 1880 1182 1953 loqui
1248 1897 1353 1936 nou
1409 1882 1666 1949 valemus,
1716 1883 1955 1965 animatis

371 1970 503 2026 terti
542 1984 702 2025 uuam
731 1971 1070 2038 sententiam,
1113 1970 1395 2027 verborum
1437 1987 1660 2028 numero
1706 1970 1954 2028 brevissie

371 2074 548 2125 rnatu,
606 2059 843 2130 pondere
891 2069 1066 2116 autem
1118 2074 1306 2116 sensus
1348 2062 1761 2132 amplissimam,
1813 2062 1953 2119 unde

366 2152 524 2221 elegi,
564 2151 851 2224 adjuvante
900 2152 1149 2218 Domino,
1196 2154 1321 2208 huic
1359 2162 1519 2209 tanta:
1566 2155 1949 2225 exspectationi

339 2242 651 2300 -Cbaritatis
670 2253 882 2308 vestrae,
904 2259 1003 2316 pro
1030 2244 1220 2300 virium
1253 2255 1555 2301 nostrarum
1584 2246 1950 2303 mediocritate

363 2320 591 2400 servire,
629 2341 684 2390 et
725 2333 1028 2389 ministrare
1076 2333 1228 2389 vobis
1270 2333 1341 2390 de
1383 2333 1601 2390 cellario
1649 2334 1946 2404 Dominico,

365 2424 506 2480 unde
543 2432 601 2481 et
631 2440 731 2495 ego
757 2424 1029 2482 vobiscum
1054 2427 1194 2480 vivo.
1225 2425 1349 2482 Hinc
1387 2442 1514 2497 ergo
1551 2428 1814 2483 sententia
1842 2439 1944 2494 est,

359 2513 430 2569 de
443 2528 547 2584 qua
568 2513 758 2584 loquor
785 2531 799 2569 :
825 2513 1004 2569 Fidem
1030 2516 1231 2586 posside
1266 2532 1380 2569 cum
1401 2517 1632 2586 proximo
1655 2518 1707 2571 in
1728 2535 1948 2589 pauper-

361 2612 462 2658 tate
486 2603 665 2675 ipsius,
682 2612 801 2658 utet
822 2603 963 2658 bouis
980 2604 1091 2674 ejus
1112 2604 1410 2673 perfruaris.
1443 2605 1778 2676 Accipiamus
1808 2606 1946 2663 hanc

359 2695 588 2764 primum
615 2703 673 2750 ut
695 2694 902 2751 videtur
920 2710 1113 2751 sonare
1140 2695 1471 2766 simpliciter,
1496 2705 1552 2751 ut
1575 2713 1694 2752 eam
1723 2708 1944 2769 possunt

360 2786 652 2859 intelligere
679 2802 890 2855 omnes,
916 2788 1076 2844 etiam
1099 2787 1189 2859 qui
1218 2788 1361 2843 nulla
1389 2788 1780 2860 Scripturarnm
1808 2791 1943 2846 divi-

357 2892 546 2935 narum
595 2879 887 2934 secretiora
933 2877 1213 2934 rimantur.
1266 2876 1471 2945 Fidem,
1514 2879 1702 2950 inquit,
1742 2883 1943 2953 posside
2002 2932 2005 2935 λ

354 2983 469 3022 cum
498 2968 730 3038 proximo
759 2968 812 3022 in
843 2976 1137 3040 paupertate
1160 2969 1339 3040 ipsius,
1375 2979 1428 3022 ut
1453 2978 1500 3024 et
1527 2969 1668 3026 bonis
1691 2972 1800 3042 ejus
1820 2991 1939 3043 prr-

353 3057 563 3128 fruaris.
598 3055 795 3114 Verum
833 3066 935 3124 est,
979 3058 1165 3129 inquit,
1208 3059 1299 3129 qui
1318 3059 1646 3130 _simpliciter
1688 3062 1889 3118 audivit
1921 3082 1934 3119 :

353 3146 565 3217 quando
592 3148 796 3203 amicus
836 3164 1037 3220 pauper
1060 3158 1164 3216 est,
1205 3166 1311 3205 non
1352 3151 1402 3206 ei
1431 3151 1718 3223 frangenda
1759 3166 1840 3210 est
1872 3157 1935 3210 ii-

350 3236 477 3302 des;
510 3239 928 3308 permanendum
957 3256 1079 3298 cum
1110 3241 1200 3296 illo
1223 3251 1325 3309 est,
1354 3258 1453 3298 nec
1475 3245 1722 3301 mutanda
1746 3250 1934 3304 amici-

351 3327 425 3387 tia
466 3328 713 3386 [inculti-te
757 3341 991 3397 mutaui;
1030 3333 1124 3388 sed
1164 3331 1427 3389 servanda
1467 3335 1618 3401 ﬁdes,
1664 3338 1934 3397 volunta'e

352 3419 578 3476 ﬁrmata.
612 3422 831 3481 Amicus
853 3423 997 3478 enim
1029 3439 1198 3489 mens,
1229 3425 1273 3480 si
1299 3441 1421 3481 cum
1442 3426 1591 3484 dives
1610 3438 1772 3497 esset,
1800 3447 1931 3488 ami-

347 3522 442 3563 cus
481 3508 608 3574 fuit;
640 3526 762 3567 cum
795 3527 996 3584 pauper
1019 3524 1127 3581 est,
1152 3515 1356 3570 amicus
1395 3532 1501 3571 non
1543 3526 1659 3583 est;
1685 3535 1788 3576 non
1818 3522 1930 3593 ipse

348 3597 477 3653 mihi
509 3601 734 3668 amicus,
775 3600 869 3657 sed
898 3618 1088 3658 aurum
1128 3604 1245 3675 ejus
1276 3605 1396 3661 fuit.
1428 3605 1483 3663 Si
1522 3618 1697 3665 autem
1728 3613 1928 3668 amicus

346 3705 496 3746 mens
527 3691 640 3761 ipse
669 3692 830 3749 homo
859 3694 983 3761 fuit;
1013 3704 1067 3751 et
1106 3707 1356 3755 manente
1380 3715 1531 3765 auro,
1554 3712 1609 3757 et
1647 3704 1926 3762 recedente

343 3796 495 3849 auro,
517 3782 630 3853 ipse
656 3794 737 3839 est
765 3785 852 3854 qui
878 3786 974 3841 fuit
999 3804 1013 3840 :
1037 3802 1203 3858 quare
1227 3805 1356 3860 ergo
1384 3790 1543 3846 modo
1568 3807 1672 3847 non
1702 3795 1770 3849 sit
1788 3798 1924 3851 ami-

338 3891 456 3943 cus,
485 3877 576 3948 qui
604 3887 657 3933 et
694 3878 739 3935 si
772 3879 1001 3949 perdidit
1030 3879 1359 3949 thesaurum,
1389 3898 1491 3939 non
1533 3886 1763 3954 perdidit
1799 3891 1920 3944 ani-

339 3968 526 4024 mum?
565 3968 771 4039 Equum
814 3970 860 4025 si
906 3985 1163 4036 emerem,
1204 3971 1456 4029 detractis
1493 3974 1826 4032 ornamentis
1868 3990 1922 4036 et

337 4065 525 4124 strato,
553 4057 750 4114 nudum
778 4059 911 4115 lorte
950 4076 1055 4115 non
1084 4058 1449 4132 despicerem;
1481 4074 1536 4121 et
1561 4068 1764 4124 amicus
1789 4070 1916 4126 mihi

334 4146 557 4203 vestitus
573 4148 789 4219 placuit,
811 4151 1134 4221 cmpuliatus
1154 4152 1438 4224 displicet?
1466 4155 1609 4212 Bene
1631 4173 1759 4229 ergo
1784 4176 1920 4231 prm-

333 4239 463 4311 t-ipit
498 4239 775 4311 Scriptura
810 4240 1009 4309 divina,
1043 4243 1329 4301 salubriter
1356 4248 1574 4303 omnino
1612 4258 1668 4305 et
1706 4267 1918 4311 accom-

332 4330 696 4387 modatissime
733 4331 968 4387 moribus
1007 4331 1304 4403 hominum,
1346 4335 1529 4392 Fidem
1565 4342 1763 4409 posside
1799 4359 1913 4398 cum

329 4419 563 4490 proximo
588 4429 673 4474 tuo
697 4421 750 4475 in
779 4431 1073 4492 paupertate
1092 4422 1272 4493 ipsius.

399 4507 457 4562 2.
499 4506 613 4574 Qua
654 4524 744 4578 spe
780 4509 1027 4565 seruanda
1047 4512 1175 4580 ﬁdes
1201 4514 1364 4568 amico
1401 4517 1631 4587 pauperi.
1659 4521 1828 4578 «’Ut
1865 4534 1911 4578 et

328 4597 472 4652 bouis
495 4598 605 4668 ejus
630 4600 924 4672 perfruaris.
946 4600 1081 4670 Quid
1113 4604 1279 4675 ergo?
1299 4605 1612 4662 accedentes
1636 4608 1703 4665 ad
1735 4624 1910 4683 poste-

328 4689 524 4746 riorem
564 4701 770 4763 partem
814 4691 973 4763 hujus
1009 4696 1308 4766 sementim,
1341 4698 1499 4755 talem
1535 4703 1906 4772 cogitationem

330 4784 641 4841 habebimus
680 4784 748 4841 de
774 4787 967 4851 amico,
1012 4796 1065 4843 ut
1095 4788 1333 4846 dicamus
1370 4791 1523 4848 nobis
1546 4810 1559 4847 :
1586 4793 1905 4855 Manendum

322 4884 407 4931 est
432 4890 552 4933 cum
588 4877 680 4933 illo
708 4886 763 4933 et
805 4878 1066 4935 servanda
1110 4880 1182 4935 illi
1224 4881 1356 4938 ﬁdes
1394 4892 1477 4939 est
1515 4884 1567 4939 in
1596 4898 1906 4959 paupertate

328 4967 469 5039 ejus,
504 4977 564 5024 ut
604 4978 658 5024 et
696 4969 850 5025 bonis
889 4971 1007 5043 ejus
1042 4971 1411 5043 perfruamur?
1438 4976 1553 5032 Erit
1587 4979 1728 5035 enim
1755 4982 1904 5039 dives

322 5059 412 5128 qui
444 5060 605 5116 modo
635 5077 834 5132 pauper
860 5071 962 5129 est,
1002 5073 1056 5119 et
1096 5080 1201 5120 non
1244 5074 1294 5122 te
1318 5066 1562 5125 admittet
1590 5069 1656 5125 ad
1692 5073 1903 5130 divitias

320 5165 467 5213 suas.
511 5152 663 5224 cujus
712 5165 1073 5224 paupertatem
1117 5159 1381 5227 superbus
1425 5172 1580 5219 antea
1630 5163 1897 5225 fastidisti.

320 5243 540 5300 Posside
557 5259 687 5315 ergo
711 5260 831 5301 cum
856 5246 945 5301 illo
976 5247 1152 5314 ﬁdem,
1173 5251 1331 5307 etiam
1354 5270 1473 5309 eum
1497 5270 1695 5326 pauper
1708 5270 1810 5325 est,
1845 5273 1902 5317 ut

317 5342 373 5389 et
400 5332 555 5389 bouis
579 5335 696 5406 ejus
721 5335 1033 5405 perfruaris,
1062 5341 1273 5409 quando
1307 5342 1380 5397 illi
1412 5349 1732 5403 accesserint
1761 5348 1895 5406 divi-

317 5487 875 5618 "affliglmgi’tm
885 5491 1343 5612 f-miiidsgiiuenum
1382 5561 1526 5613 editis
1557 5562 1666 5615 aliis
1696 5573 1750 5616 et
1790 5573 1894 5618 Mss.

313 5610 710 5719 Mr:miteeennitus
729 5614 790 5664 ad
820 5610 1127 5668 Petaviaumn
1167 5628 1219 5671 et
1242 5610 1530 5675 \iewrinuin
1560 5610 1894 5688 iamsi

374 5748 449 5814 (α)
481 5748 623 5813 Alias,
649 5752 701 5804 ιι
729 5765 794 5806 ει
816 5755 1172 5814 simendiaais.

1624 352 1681 410 S.
1729 352 2093 414 AUGUSHNI
2132 361 2432 423 EPISCOPI

3561 386 3662 448 ΞΜ

2083 476 2190 539 the,
2231 486 2287 533 et
2322 495 2443 536 eum
2473 481 2565 538 illo
2602 486 2832 556 gaudeas
2861 488 2914 546 in
2944 492 3042 550 eis.
3074 494 3298 553 Posside
3324 513 3449 555 cum
3486 502 3580 559 illo
3606 509 3663 560 ιι.

2078 565 2201 658 dem
2235 585 2250 622 :
2279 584 2481 642 pauper
2504 586 2619 647 est,
2658 581 2753 635 sed
2796 597 3045 655 magnam
3075 589 3469 658 possessionem
3505 595 3659 655 habet

2079 655 2261 715 ﬁdem.
2288 660 2388 728 Qui
2420 666 2644 734 parabas
2665 685 2785 727 cum
2814 673 2905 731 illo
2924 684 2978 731 et
3004 655 3221 735 volebas
3247 682 3524 751 possidere
3550 697 3660 743 ter-

2076 760 2212 816 ram,
2249 752 2294 805 si
2339 752 2560 812 traheret
2606 768 2824 830 terram,
2874 780 3037 836 quam
3084 770 3430 849 possideretis
3478 778 3657 846 simul,

2073 850 2272 909 quanto
2291 844 2494 904 ﬁrmius
2508 864 2629 905 cum
2658 853 2748 906 illo
2766 856 3007 924 possides
3030 859 3186 916 tidem
3202 844 3227 916 ἑ
3242 862 3384 920 Talis
3407 876 3491 922 est
3512 844 3653 925 enim

2074 926 2209 985 forte
2243 934 2447 990 amicus
2477 945 2619 1005 tuus,
2651 951 2708 996 ut
2744 944 2793 997 ei
2830 947 2998 1015 possit
3023 949 3216 1019 aliquis
3257 952 3531 1023 improbus
3553 973 3652 1015 au-

2071 1019 2212 1076 ferre
2240 1027 2631 1094 possessionem
2664 1049 2677 1085 :
2707 1037 2961 1106 numquid
2999 1042 3192 1108 poterit
3221 1019 3432 1101 auferre
3454 1046 3654 1105 ﬁdem?

2068 1108 2208 1178 Quid
2231 1123 2314 1169 est
2340 1131 2489 1189 ergo,
2521 1119 2590 1175 Ut
2613 1133 2660 1176 et
2680 1124 2821 1179 bonis
2838 1127 2947 1198 ejus
2972 1132 3292 1201 perfruaris?
3318 1134 3507 1208 Utique
3528 1141 3650 1210 quia

2067 1215 2132 1293 ex
2174 1218 2405 1276 paupere
2434 1212 2629 1279 poterit
2671 1214 2784 1272 ﬁeri
2822 1217 2992 1287 dives,
3041 1231 3097 1277 et
3125 1224 3414 1293 perfrueris
3450 1228 3652 1288 divitiis

2065 1290 2202 1361 ejus,
2232 1296 2354 1366 quia
2380 1299 2498 1370 ejus
2524 1315 2889 1375 paupertatem
2918 1326 3025 1368 non
3050 1290 3367 1384 aspernatus
3388 1336 3468 1377 es.

2134 1383 2189 1438 5.
2255 1385 2380 1443 Non
2440 1406 2531 1462 spe
2587 1407 2807 1452 ventura:
2863 1400 2963 1470 ipsi
3021 1383 3276 1475 felicitatis
3334 1417 3653 1482 temporalis.
3703 1452 3709 1457 -

2064 1474 2218 1533 Prior
2246 1481 2457 1551 quidem
2488 1500 2610 1555 pars
2637 1492 2915 1548 sententiae
2950 1474 3125 1566 hujus,
3167 1474 3457 1557 semmdum
3485 1505 3645 1561 istum

2063 1570 2385 1628 intellectum
2414 1578 2744 1649 popularem,
2770 1583 2943 1652 placet
2958 1587 3087 1643 mihi
3116 1608 3131 1644 :
3153 1595 3419 1661 posterior
3442 1604 3639 1660 tamen.

2061 1660 2249 1730 fateor,
2283 1663 2504 1722 oﬁ'endit
2543 1683 2649 1726 me.
2685 1669 2742 1727 Si
2789 1674 2933 1730 enim
2972 1660 3251 1749 propterea
3290 1698 3475 1741 manes
3516 1702 3643 1745 etim

2057 1751 2233 1851 amico
2263 1753 2317 1808 in
2344 1768 2652 1828 paupertate
2673 1763 2810 1833 ejus,
2833 1774 2891 1821 ut
2904 1771 3118 1838 quando
3142 1771 3293 1830 dives
3317 1774 3493 1843 fuerit,
3516 1795 3644 1851 per.

2057 1839 2251 1935 {riseris
2280 1844 2478 1904 divitiis
2520 1851 2669 1922 ejus;
2712 1855 2888 1914 adhuc
2927 1875 3033 1916 non
3065 1864 3327 1935 amicum,
3370 1839 3641 1930 sedatiud

2055 1932 2256 2004 aliquid
2288 1953 2436 1995 amas
2464 1941 2516 1997 in
2537 1946 2730 2002 amico.
2762 1948 2922 2007 Fides
2949 1961 3005 2008 et
3025 1968 3149 2025 spes
3178 1932 3509 2020 duw‘aniicie
3539 1967 3643 2021 bo-

2056 2038 2139 2078 na:
2161 2035 2303 2094 sunt,
2325 2038 2380 2084 ct
2402 2032 2572 2103 major
2591 2034 2675 2091 his
2688 2037 2939 2097 charitas.
2966 2043 3191 2114 Manent,
3220 2050 3391 2122 inquit
3406 2054 3643 2126 Aposto-

2053 2112 2153 2181 lus,
2182 2118 2282 2172 tria
2305 2120 2434 2212 Irae,
2460 2124 2603 2193 ﬁdes,
2635 2144 2750 2198 spes
2774 2140 2821 2185 et
2848 2133 3109 2203 charitas;
3144 2112 3310 2212 κισ]οέ
3341 2112 3508 2203 autem
3537 2152 3640 2205 lio-

2051 2221 2164 2261 rum
2189 2219 2263 2264 est
2285 2211 2508 2270 charitas
2527 2232 2548 2271 :
2566 2222 2826 2277 sectamini
2856 2226 3151 2285 alacritatem
3176 2211 3357 2305 (IVCor.
3390 2254 3506 2306 xm,
3538 2244 3628 2309 15,

2053 2314 2167 2400 xiv,
2192 2301 2271 2373 1).
2309 2302 2586 2400 Interrogo
2627 2326 2763 2385 ergo
2781 2316 3010 2376 amicum
3040 2320 3110 2378 de
3133 2301 3325 2384 amico.
3358 2328 3451 2386 Dic
3476 2301 3634 2400 mihi,

2049 2387 2389 2493 obsecr-ode,
2418 2396 2579 2493 ﬁdem
2622 2404 2864 2472 possides
2909 2424 3032 2467 cum
3079 2413 3183 2471 isto
3233 2418 3285 2473 in
3322 2387 3639 2493 paupertate

2047 2479 2203 2549 ejus?
2243 2483 2427 2553 Plane,
2460 2488 2669 2561 inquit:
2698 2497 2874 2554 audivi
2902 2502 3045 2558 enim
3072 2505 3174 2563 hoc
3212 2508 3266 2563 in
3296 2479 3444 2568 sacra
3474 2479 3633 2574 Scri:

2049 2580 2221 2640 ptura,
2251 2583 2309 2630 ct
2325 2581 2696 2638 commendavi
2718 2588 2865 2644 cordi
2895 2606 3038 2661 meo,
3064 2604 3120 2650 et
3148 2599 3202 2653 in
3224 2604 3479 2660 memoria
3509 2622 3634 2665 mea

2046 2662 2293 2731 reposui;
2323 2665 2497 2725 libens
2535 2674 2739 2741 recolo,
2786 2676 3041 2738 libentius
3067 2684 3225 2742 facio.
3267 2690 3454 2749 Audivi
3484 2662 3634 2752 enini

2044 2765 2287 2814 sanctum
2312 2762 2553 2831 verbum,
2584 2765 2767 2824 Fidem
2790 2775 2992 2842 posside
3017 2793 3133 2832 mn
3164 2783 3394 2851 proximo
3418 2787 3469 2841 iu
3494 2806 3636 2858 pnus

2043 2856 2236 2949 periure
2494 2854 2563 2949 _Et
2590 2872 2734 2949 ego:
2763 2861 2939 2930 Quare
2968 2866 3070 2923 hoc
3113 2868 3281 2926 facis?
3316 2889 3383 2930 an
3409 2850 3637 2949 propter

2044 2936 2169 2992 illud
2194 2939 2335 3009 quod
2362 2944 2618 3014 sequitur,
2659 2947 2727 3004 Ut
2757 2961 2805 3006 et
2836 2952 2982 3010 bonis
3014 2959 3126 3030 ejus
3149 2936 3463 3033 perfruarii.’
3486 2936 3635 3036 Quid

2041 3042 2170 3126 ergo
2197 3036 2515 3101 exspectas?
2557 3036 2627 3094 Ut
2662 3043 2896 3110 quando,
2937 3046 3125 3118 inquit,
3168 3051 3318 3110 dives
3358 3056 3538 3126 fuerit,
3572 3072 3634 3117 et

2038 3118 2179 3197 bona
2212 3128 2825 3194 accesserint,'admittat
2849 3152 2935 3194 me
2958 3140 3027 3196 ad
3056 3142 3192 3199 bona
3219 3161 3332 3213 sua,
3355 3144 3481 3221 quia

2038 3210 2267 3308 iastidivi
2295 3216 2431 3270 mala
2458 3218 2644 3289 ipsius.
2669 3222 2858 3282 Patere
2883 3244 3011 3301 ergo
3038 3233 3212 3291 adhuc
3233 3210 3325 3292 me
3345 3210 3629 3308 paululum

2039 3299 2475 3401 interrogantem.
2505 3309 2665 3381 Quid,
2696 3315 2741 3369 si
2763 3316 2883 3384 iste,
2912 3299 3034 3375 cum
3063 3339 3169 3394 quo
3194 3299 3429 3398 paupere
3455 3336 3632 3401 possi-

2034 3390 2132 3446 des
2159 3394 2339 3465 ﬁdem,
2360 3413 2632 3472 nunquam
2654 3406 2759 3461 erit
2781 3407 2972 3465 dives?
2995 3390 3153 3481 Quid,
3177 3390 3221 3472 si
3248 3390 3628 3491 pauper'iutu-

2034 3496 2125 3536 rus
2147 3495 2232 3539 est
2265 3502 2434 3588 usque
2464 3492 2531 3547 ad
2572 3499 2840 3553 mortem?
2868 3500 3011 3559 Perit
3054 3505 3206 3575 ﬁdes,
3238 3512 3360 3581 quia
3386 3513 3622 3588 decepta

2030 3584 2113 3668 est
2146 3578 2306 3647 spes?
2323 3581 2456 3648 Quia
2495 3599 2601 3641 non
2633 3591 2839 3661 poteris
2860 3606 3047 3650 aurum
3076 3578 3350 3668 possidere
3374 3619 3497 3660 cum
3526 3578 3623 3664 di-

2031 3666 2159 3732 vite,
2186 3670 2464 3738 puanitebit
2498 3683 2550 3730 te
2577 3674 2735 3733 ﬁdem
2766 3666 3216 3751 possedisse'cum
3247 3700 3519 3763 paupere?
3557 3701 3622 3757 Si

2028 3757 2167 3826 sapit
2204 3758 2514 3832 humanum,
2546 3766 2654 3822 imo
2681 3770 2725 3824 si
2764 3773 2906 3843 sapit
2941 3780 3150 3845 verum,
3309 3757 3620 3860 interroga-

2029 3850 2171 3907 tione
2193 3854 2506 3923 turbabitur,
2526 3868 2581 3915 et
2604 3860 2746 3918 dicet
2767 3864 2919 3934 mihi,
2946 3867 3142 3926 Verum
3166 3873 3320 3931 dicis.
3346 3876 3491 3935 Bona
3512 3850 3617 3940 res

2023 3948 2125 4007 est,
2350 3949 2627 4044 possidere
2653 3968 2775 4010 cum
2802 3960 3047 4026 proximo
3071 3979 3087 4018 :
3117 3965 3210 4020 sed
3232 3967 3275 4022 si
3302 3967 3472 4035 dicas,
3497 3973 3620 4044 Spe

2022 4032 2322 4130 possidetur
2349 4037 2482 4095 ﬁdes
2509 4055 2629 4096 cum
2657 4046 2900 4114 proximo
2926 4065 3178 4122 paupere,
3211 4066 3266 4111 ut
3284 4058 3348 4113 ad
3373 4032 3496 4130 ejus
3521 4032 3615 4120 di-

2021 4121 2617 4201 vitiasperveuiamns‘,
2651 4144 2708 4189 ut
2727 4136 2780 4191 in
2797 4139 2876 4193 eis
2894 4155 3013 4196 cum
3037 4143 3128 4199 illo
3155 4121 3596 4212 communionem

2020 4211 2343 4287 habeamus;
2382 4222 2497 4278 sine
2525 4222 2687 4281 dubio
2719 4241 2843 4284 cum
2872 4242 3112 4290 mortuus
3150 4237 3304 4295 fuerit
3333 4242 3432 4298 iste
3463 4260 3610 4314 pau-

2019 4322 2133 4378 per,
2154 4325 2259 4367 non
2275 4314 2653 4374 accedentibus
2674 4335 2794 4391 quas
2815 4325 3167 4393 sperabantur
3184 4330 3406 4400 divitiis,
3435 4339 3618 4394 totius

2018 4400 2160 4456 illius
2200 4401 2323 4458 boni
2368 4406 2643 4474 pmnilebit
2686 4424 2807 4476 nos,
2854 4423 2911 4468 et
2951 4417 3091 4485 quod
3131 4419 3266 4476 bene
3294 4426 3614 4496 mulsimus.

2018 4492 2156 4547 male
2184 4493 2484 4552 fundentes.
2517 4498 2676 4556 Vides
2697 4516 2826 4574 ergo
2848 4504 3009 4562 altius
3045 4523 3168 4566 esse
3201 4512 3354 4568 istam
3379 4492 3618 4575 mittens;

2015 4581 2142 4636 tiam
2163 4588 2619 4656 perscrutandam,
2649 4605 2755 4646 non
2780 4596 3047 4663 quomodo
3068 4601 3349 4671 vulgariter
3374 4607 3614 4682 intelligi

2013 4681 2205 4745 potest,
2255 4676 2350 4731 sed
2376 4680 2645 4748 quomodo
2670 4681 2848 4739 divina
2881 4689 3197 4747 auctoritate
3236 4695 3449 4752 condita
3486 4676 3611 4768 θεῖ,

2010 4764 2078 4820 ad
2105 4766 2301 4837 aliquid
2323 4783 2570 4841 magnum
2598 4773 2992 4843 insinuandum,
3016 4784 3453 4856 praecipiendum,
3487 4764 3612 4848 his;

2011 4859 2302 4929 perandum
2330 4863 2503 4930 nobis,
2533 4865 2624 4920 ubi
2645 4880 2769 4939 spes
2794 4880 2973 4925 nostra
2996 4888 3101 4930 non
3124 4875 3357 4946 fallatur,
3388 4897 3457 4937 ne
3478 4899 3610 4954 pas-

2009 4948 2176 5004 niteat
2205 4949 2362 5007 ﬁdem
2391 4955 2716 5023 possedisse.
2748 4960 2829 5014 Ad
2856 4966 3175 5022 sententiam
3206 4980 3443 5027 nostram
3478 4948 3610 5035 non

2010 5041 2210 5109 poteris
2227 5044 2308 5098 sic
2330 5046 2629 5114 pervenire.

2075 5132 2133 5187 4.
2169 5132 2356 5189 Lauri
2375 5146 2423 5191 et
2445 5137 2613 5195 diuitis
2631 5142 2840 5200 historia
2862 5147 3083 5218 idipsum
3115 5154 3415 5210 ostenditur.
3445 5156 3611 5214 Pass-

2006 5222 2141 5291 peris
2174 5227 2479 5282 consortium
2518 5230 2570 5285 in
2597 5241 2785 5290 (eterna
2822 5239 3067 5309 felicitate
3093 5242 3237 5298 diuiti
3292 5248 3381 5315 qui
3418 5251 3612 5319 ipsum

2007 5312 2089 5367 hie
2122 5318 2380 5384 spreuerit,
2426 5336 2528 5375 non
2586 5327 2911 5394 sperandum.
2962 5330 3106 5403 Ergo
3167 5312 3383 5393 attende
3434 5312 3611 5401 illum

2005 5420 2291 5496 pauperem
2339 5411 2597 5471 Lazarum
2637 5419 2903 5488 iacentem
2945 5435 3071 5480 ante
3107 5427 3326 5496 januam
3375 5430 3596 5491 divitis.

2005 5495 2213 5568 Pauper
2248 5502 2351 5558 iste
2392 5505 2768 5567 miserabiliter
2804 5510 2899 5568 fuit
2936 5495 3219 5573 inﬁrmus:
3249 5535 3349 5577 uec
3388 5523 3609 5585 saltem

2066 5656 2081 5686 ί
2111 5655 2278 5686 Vinia-s1

2037 5663 2081 5725 ,ι
2111 5663 2377 5728 Victorinus
2397 5669 2496 5721 Με.,
2521 5664 2785 5734 possidere,
2802 5679 2920 5745 pinu
2938 5674 3163 5737 proxim
3197 5690 3425 5751 paupere.
3444 5688 3497 5732 ul
3514 5689 3611 5740 ad

2931 5738 3113 5800 νοτωεο
3147 5739 3234 5791 sed
3255 5755 3298 5793 ει
3320 5741 3472 5807 dm.
3497 5769 3621 5818 δρα

2002 5777 2273 5840 mittetur
2293 5777 2419 5847 ﬁdes
2440 5798 2547 5836 cum
