  <div class='ocr_page' id='page_1' title='image "/cluster/home/n/w/nwhite01/storage/ocr_20150623/38/hvd.32044096580600/130.png"; bbox 0 0 1994 3095; ppageno 0'>
   <div class='ocr_carea' id='block_1_1' title="bbox 159 191 216 222">
    <p class='ocr_par' dir='ltr' id='par_1_1' title="bbox 159 191 216 222">
     <span class='ocr_line' id='line_1_1' title="bbox 159 191 216 222; baseline -0.018 0"><span class='ocrx_word' id='word_1_1' title='bbox 159 191 216 222; x_wconf 66' lang='grc' dir='ltr'><strong>εις)</strong></span> 
     </span>
    </p>
   </div>
   <div class='ocr_carea' id='block_1_2' title="bbox 160 242 954 287">
    <p class='ocr_par' dir='ltr' id='par_1_2' title="bbox 160 242 954 287">
     <span class='ocr_line' id='line_1_2' title="bbox 160 242 954 287; baseline -0.013 -9"><span class='ocrx_word' id='word_1_2' title='bbox 160 251 244 287; x_wconf 63' lang='lat' dir='ltr'><strong>ipsius</strong></span> <span class='ocrx_word' id='word_1_3' title='bbox 258 248 367 276; x_wconf 83' lang='lat' dir='ltr'><strong>tenebat</strong></span> <span class='ocrx_word' id='word_1_4' title='bbox 379 246 520 274; x_wconf 88' lang='lat' dir='ltr'><strong>sanitatem</strong></span> <span class='ocrx_word' id='word_1_5' title='bbox 535 244 664 280; x_wconf 86' lang='lat' dir='ltr'><strong>corporis,</strong></span> <span class='ocrx_word' id='word_1_6' title='bbox 682 242 751 279; x_wconf 80' lang='lat' dir='ltr'><strong>quod</strong></span> <span class='ocrx_word' id='word_1_7' title='bbox 769 246 809 270; x_wconf 84' lang='lat' dir='ltr'><strong>est</strong></span> <span class='ocrx_word' id='word_1_8' title='bbox 826 242 954 277; x_wconf 87' lang='lat' dir='ltr'><strong>patrimo-</strong></span> 
     </span>
    </p>
   </div>
   <div class='ocr_carea' id='block_1_3' title="bbox 160 287 957 331">
    <p class='ocr_par' dir='ltr' id='par_1_3' title="bbox 160 287 957 331">
     <span class='ocr_line' id='line_1_3' title="bbox 160 287 957 331; baseline -0.014 -7"><span class='ocrx_word' id='word_1_9' title='bbox 160 297 234 324; x_wconf 85' lang='lat' dir='ltr'><strong>nium</strong></span> <span class='ocrx_word' id='word_1_10' title='bbox 249 293 386 331; x_wconf 79' lang='lat' dir='ltr'><strong>pauperis.</strong></span> <span class='ocrx_word' id='word_1_11' title='bbox 404 292 546 320; x_wconf 85' lang='lat' dir='ltr'><strong>Ulcerosus</strong></span> <span class='ocrx_word' id='word_1_12' title='bbox 559 290 638 318; x_wconf 85' lang='lat' dir='ltr'><strong>etiam</strong></span> <span class='ocrx_word' id='word_1_13' title='bbox 655 288 715 321; x_wconf 84' lang='lat' dir='ltr'><strong>fuit,</strong></span> <span class='ocrx_word' id='word_1_14' title='bbox 730 296 809 315; x_wconf 85' lang='lat' dir='ltr'><strong>canes</strong></span> <span class='ocrx_word' id='word_1_15' title='bbox 823 287 957 322; x_wconf 79' lang='lat' dir='ltr'><strong>lingebzmt</strong></span> 
     </span>
    </p>
   </div>
   <div class='ocr_carea' id='block_1_4' title="bbox 158 334 956 375">
    <p class='ocr_par' dir='ltr' id='par_1_4' title="bbox 158 334 956 375">
     <span class='ocr_line' id='line_1_4' title="bbox 158 334 956 375; baseline -0.015 -4"><span class='ocrx_word' id='word_1_16' title='bbox 158 344 251 371; x_wconf 81' lang='lat' dir='ltr'><strong>ulcera</strong></span> <span class='ocrx_word' id='word_1_17' title='bbox 269 341 339 375; x_wconf 85' lang='lat' dir='ltr'><strong>ejus.</strong></span> <span class='ocrx_word' id='word_1_18' title='bbox 361 340 425 367; x_wconf 88' lang='lat' dir='ltr'><strong>Erat</strong></span> <span class='ocrx_word' id='word_1_19' title='bbox 440 343 529 365; x_wconf 88' lang='lat' dir='ltr'><strong>autem</strong></span> <span class='ocrx_word' id='word_1_20' title='bbox 550 337 576 364; x_wconf 92' lang='lat' dir='ltr'><strong>in</strong></span> <span class='ocrx_word' id='word_1_21' title='bbox 595 336 638 363; x_wconf 89' lang='lat' dir='ltr'><strong>illa</strong></span> <span class='ocrx_word' id='word_1_22' title='bbox 656 336 736 363; x_wconf 85' lang='lat' dir='ltr'><strong>domo</strong></span> <span class='ocrx_word' id='word_1_23' title='bbox 751 335 834 364; x_wconf 80' lang='lat' dir='ltr'><strong>dives.</strong></span> <span class='ocrx_word' id='word_1_24' title='bbox 854 335 897 369; x_wconf 86' lang='lat' dir='ltr'><strong>qui</strong></span> <span class='ocrx_word' id='word_1_25' title='bbox 914 334 956 360; x_wconf 88' lang='lat' dir='ltr'><strong>iu-</strong></span> 
     </span>
    </p>
   </div>
   <div class='ocr_carea' id='block_1_5' title="bbox 159 379 956 420">
    <p class='ocr_par' dir='ltr' id='par_1_5' title="bbox 159 379 956 420">
     <span class='ocr_line' id='line_1_5' title="bbox 159 379 956 420; baseline -0.014 -4"><span class='ocrx_word' id='word_1_26' title='bbox 159 388 291 416; x_wconf 86' lang='lat' dir='ltr'><strong>duebatur</strong></span> <span class='ocrx_word' id='word_1_27' title='bbox 313 392 429 420; x_wconf 78' lang='lat' dir='ltr'><strong>purpura</strong></span> <span class='ocrx_word' id='word_1_28' title='bbox 454 388 481 411; x_wconf 87' lang='lat' dir='ltr'><strong>et</strong></span> <span class='ocrx_word' id='word_1_29' title='bbox 499 384 589 419; x_wconf 84' lang='lat' dir='ltr'><strong>bysso,</strong></span> <span class='ocrx_word' id='word_1_30' title='bbox 611 387 638 409; x_wconf 86' lang='lat' dir='ltr'><strong>et</strong></span> <span class='ocrx_word' id='word_1_31' title='bbox 663 380 818 415; x_wconf 77' lang='lat' dir='ltr'><strong>erulabatur</strong></span> <span class='ocrx_word' id='word_1_32' title='bbox 839 379 956 414; x_wconf 94' lang='lat' dir='ltr'><strong>quotidie</strong></span> 
     </span>
    </p>
   </div>
   <div class='ocr_carea' id='block_1_6' title="bbox 159 426 954 467">
    <p class='ocr_par' dir='ltr' id='par_1_6' title="bbox 159 426 954 467">
     <span class='ocr_line' id='line_1_6' title="bbox 159 426 954 467; baseline -0.015 -7"><span class='ocrx_word' id='word_1_33' title='bbox 159 431 310 467; x_wconf 79' lang='lat' dir='ltr'><strong>splendide,</strong></span> <span class='ocrx_word' id='word_1_34' title='bbox 325 435 350 457; x_wconf 86' lang='lat' dir='ltr'><strong>et</strong></span> <span class='ocrx_word' id='word_1_35' title='bbox 372 429 479 456; x_wconf 89' lang='lat' dir='ltr'><strong>nolebat</strong></span> <span class='ocrx_word' id='word_1_36' title='bbox 499 428 576 456; x_wconf 76' lang='lat' dir='ltr'><strong>[idem</strong></span> <span class='ocrx_word' id='word_1_37' title='bbox 596 426 732 461; x_wconf 70' lang='lat' dir='ltr'><strong>poSsiderc</strong></span> <span class='ocrx_word' id='word_1_38' title='bbox 750 433 808 452; x_wconf 86' lang='lat' dir='ltr'><strong>cum</strong></span> <span class='ocrx_word' id='word_1_39' title='bbox 829 432 954 459; x_wconf 84' lang='lat' dir='ltr'><strong>paupere.</strong></span> 
     </span>
    </p>
   </div>
   <div class='ocr_carea' id='block_1_7' title="bbox 160 471 955 507">
    <p class='ocr_par' dir='ltr' id='par_1_7' title="bbox 160 471 955 507">
     <span class='ocr_line' id='line_1_7' title="bbox 160 471 955 507; baseline -0.013 -1"><span class='ocrx_word' id='word_1_40' title='bbox 160 479 257 506; x_wconf 72' lang='lat' dir='ltr'><strong>Merito</strong></span> <span class='ocrx_word' id='word_1_41' title='bbox 273 476 400 504; x_wconf 80' lang='lat' dir='ltr'><strong>Dominus</strong></span> <span class='ocrx_word' id='word_1_42' title='bbox 415 474 502 507; x_wconf 89' lang='lat' dir='ltr'><strong>Jesns,</strong></span> <span class='ocrx_word' id='word_1_43' title='bbox 518 474 576 500; x_wconf 81' lang='lat' dir='ltr'><strong>ﬁdei</strong></span> <span class='ocrx_word' id='word_1_44' title='bbox 592 477 694 500; x_wconf 90' lang='lat' dir='ltr'><strong>amator</strong></span> <span class='ocrx_word' id='word_1_45' title='bbox 710 476 735 499; x_wconf 89' lang='lat' dir='ltr'><strong>et</strong></span> <span class='ocrx_word' id='word_1_46' title='bbox 747 472 832 502; x_wconf 86' lang='lat' dir='ltr'><strong>dator,</strong></span> <span class='ocrx_word' id='word_1_47' title='bbox 846 471 903 505; x_wconf 85' lang='lat' dir='ltr'><strong>plus</strong></span> <span class='ocrx_word' id='word_1_48' title='bbox 917 476 955 496; x_wconf 88' lang='lat' dir='ltr'><strong>at-</strong></span> 
     </span>
    </p>
   </div>
   <div class='ocr_carea' id='block_1_8' title="bbox 161 517 953 558">
    <p class='ocr_par' dir='ltr' id='par_1_8' title="bbox 161 517 953 558">
     <span class='ocr_line' id='line_1_8' title="bbox 161 517 953 558; baseline -0.013 -6"><span class='ocrx_word' id='word_1_49' title='bbox 161 524 247 552; x_wconf 89' lang='lat' dir='ltr'><strong>tendit</strong></span> <span class='ocrx_word' id='word_1_50' title='bbox 261 524 344 558; x_wconf 87' lang='lat' dir='ltr'><strong>ipsam</strong></span> <span class='ocrx_word' id='word_1_51' title='bbox 360 521 437 548; x_wconf 79' lang='lat' dir='ltr'><strong>ﬁdem</strong></span> <span class='ocrx_word' id='word_1_52' title='bbox 458 521 482 546; x_wconf 91' lang='lat' dir='ltr'><strong>in</strong></span> <span class='ocrx_word' id='word_1_53' title='bbox 504 527 629 555; x_wconf 89' lang='lat' dir='ltr'><strong>paupere,</strong></span> <span class='ocrx_word' id='word_1_54' title='bbox 645 526 722 553; x_wconf 89' lang='lat' dir='ltr'><strong>quam</strong></span> <span class='ocrx_word' id='word_1_55' title='bbox 737 525 829 544; x_wconf 91' lang='lat' dir='ltr'><strong>aurum</strong></span> <span class='ocrx_word' id='word_1_56' title='bbox 845 522 871 543; x_wconf 87' lang='lat' dir='ltr'><strong>et</strong></span> <span class='ocrx_word' id='word_1_57' title='bbox 886 517 953 543; x_wconf 91' lang='lat' dir='ltr'><strong>deli-</strong></span> 
     </span>
    </p>
   </div>
   <div class='ocr_carea' id='block_1_9' title="bbox 159 564 953 602">
    <p class='ocr_par' dir='ltr' id='par_1_9' title="bbox 159 564 953 602">
     <span class='ocr_line' id='line_1_9' title="bbox 159 564 953 602; baseline -0.013 -4"><span class='ocrx_word' id='word_1_58' title='bbox 159 572 216 598; x_wconf 85' lang='lat' dir='ltr'><strong>cias</strong></span> <span class='ocrx_word' id='word_1_59' title='bbox 229 571 255 597; x_wconf 91' lang='lat' dir='ltr'><strong>in</strong></span> <span class='ocrx_word' id='word_1_60' title='bbox 270 570 371 596; x_wconf 85' lang='lat' dir='ltr'><strong>divite:</strong></span> <span class='ocrx_word' id='word_1_61' title='bbox 388 568 445 602; x_wconf 89' lang='lat' dir='ltr'><strong>plus</strong></span> <span class='ocrx_word' id='word_1_62' title='bbox 462 566 573 593; x_wconf 84' lang='lat' dir='ltr'><strong>attendit</strong></span> <span class='ocrx_word' id='word_1_63' title='bbox 596 565 719 600; x_wconf 87' lang='lat' dir='ltr'><strong>pauperis</strong></span> <span class='ocrx_word' id='word_1_64' title='bbox 748 564 953 598; x_wconf 70' lang='lat' dir='ltr'><strong>possessionem,</strong></span> 
     </span>
    </p>
   </div>
   <div class='ocr_carea' id='block_1_10' title="bbox 158 611 955 651">
    <p class='ocr_par' dir='ltr' id='par_1_10' title="bbox 158 611 955 651">
     <span class='ocr_line' id='line_1_10' title="bbox 158 611 955 651; baseline -0.01 -8"><span class='ocrx_word' id='word_1_65' title='bbox 158 624 240 651; x_wconf 85' lang='lat' dir='ltr'><strong>quam</strong></span> <span class='ocrx_word' id='word_1_66' title='bbox 252 615 339 642; x_wconf 73' lang='lat' dir='ltr'><strong>divitis</strong></span> <span class='ocrx_word' id='word_1_67' title='bbox 352 614 504 641; x_wconf 85' lang='lat' dir='ltr'><strong>elationem.</strong></span> <span class='ocrx_word' id='word_1_68' title='bbox 520 612 584 639; x_wconf 82' lang='lat' dir='ltr'><strong>Nam</strong></span> <span class='ocrx_word' id='word_1_69' title='bbox 596 611 655 638; x_wconf 90' lang='lat' dir='ltr'><strong>ideo</strong></span> <span class='ocrx_word' id='word_1_70' title='bbox 667 618 808 645; x_wconf 81' lang='lat' dir='ltr'><strong>pauperem</strong></span> <span class='ocrx_word' id='word_1_71' title='bbox 819 611 891 636; x_wconf 89' lang='lat' dir='ltr'><strong>illum</strong></span> <span class='ocrx_word' id='word_1_72' title='bbox 908 618 955 635; x_wconf 75' lang='lat' dir='ltr'><strong>no-</strong></span> 
     </span>
    </p>
   </div>
   <div class='ocr_carea' id='block_1_11' title="bbox 158 655 952 693">
    <p class='ocr_par' dir='ltr' id='par_1_11' title="bbox 158 655 952 693">
     <span class='ocr_line' id='line_1_11' title="bbox 158 655 952 693; baseline -0.009 -5"><span class='ocrx_word' id='word_1_73' title='bbox 158 661 288 693; x_wconf 80' lang='lat' dir='ltr'><strong>minavit;</strong></span> <span class='ocrx_word' id='word_1_74' title='bbox 301 661 369 687; x_wconf 92' lang='lat' dir='ltr'><strong>illius</strong></span> <span class='ocrx_word' id='word_1_75' title='bbox 380 664 467 686; x_wconf 89' lang='lat' dir='ltr'><strong>autem</strong></span> <span class='ocrx_word' id='word_1_76' title='bbox 483 666 579 685; x_wconf 84' lang='lat' dir='ltr'><strong>nomen</strong></span> <span class='ocrx_word' id='word_1_77' title='bbox 594 665 652 684; x_wconf 78' lang='lat' dir='ltr'><strong>esse</strong></span> <span class='ocrx_word' id='word_1_78' title='bbox 668 657 806 684; x_wconf 87' lang='lat' dir='ltr'><strong>tacendum</strong></span> <span class='ocrx_word' id='word_1_79' title='bbox 816 655 952 691; x_wconf 85' lang='lat' dir='ltr'><strong>judicavit.</strong></span> 
     </span>
    </p>
   </div>
   <div class='ocr_carea' id='block_1_12' title="bbox 158 702 955 741">
    <p class='ocr_par' dir='ltr' id='par_1_12' title="bbox 158 702 955 741">
     <span class='ocr_line' id='line_1_12' title="bbox 158 702 955 741; baseline -0.011 -7"><span class='ocrx_word' id='word_1_80' title='bbox 158 707 238 740; x_wconf 78' lang='lat' dir='ltr'><strong>Erat,</strong></span> <span class='ocrx_word' id='word_1_81' title='bbox 260 706 352 741; x_wconf 81' lang='lat' dir='ltr'><strong>inquit,</strong></span> <span class='ocrx_word' id='word_1_82' title='bbox 367 705 435 731; x_wconf 83' lang='lat' dir='ltr'><strong>dives</strong></span> <span class='ocrx_word' id='word_1_83' title='bbox 447 704 558 739; x_wconf 79' lang='lat' dir='ltr'><strong>quidam,</strong></span> <span class='ocrx_word' id='word_1_84' title='bbox 575 704 617 737; x_wconf 85' lang='lat' dir='ltr'><strong>qui</strong></span> <span class='ocrx_word' id='word_1_85' title='bbox 637 702 784 728; x_wconf 83' lang='lat' dir='ltr'><strong>induebatur</strong></span> <span class='ocrx_word' id='word_1_86' title='bbox 799 709 913 736; x_wconf 82' lang='lat' dir='ltr'><strong>purpura</strong></span> <span class='ocrx_word' id='word_1_87' title='bbox 933 706 955 726; x_wconf 79' lang='lat' dir='ltr'><strong>et</strong></span> 
     </span>
    </p>
   </div>
   <div class='ocr_carea' id='block_1_13' title="bbox 156 748 955 787">
    <p class='ocr_par' dir='ltr' id='par_1_13' title="bbox 156 748 955 787">
     <span class='ocr_line' id='line_1_13' title="bbox 156 748 955 787; baseline -0.011 -7"><span class='ocrx_word' id='word_1_88' title='bbox 156 754 246 787; x_wconf 81' lang='lat' dir='ltr'><strong>bysso,</strong></span> <span class='ocrx_word' id='word_1_89' title='bbox 261 757 284 778; x_wconf 87' lang='lat' dir='ltr'><strong>et</strong></span> <span class='ocrx_word' id='word_1_90' title='bbox 299 751 446 786; x_wconf 84' lang='lat' dir='ltr'><strong>epulabatur</strong></span> <span class='ocrx_word' id='word_1_91' title='bbox 461 749 571 783; x_wconf 83' lang='lat' dir='ltr'><strong>quotidie</strong></span> <span class='ocrx_word' id='word_1_92' title='bbox 587 748 718 782; x_wconf 78' lang='lat' dir='ltr'><strong>splendide</strong></span> <span class='ocrx_word' id='word_1_93' title='bbox 735 755 743 773; x_wconf 93' lang='lat'><em>:</em></span> <span class='ocrx_word' id='word_1_94' title='bbox 757 755 853 780; x_wconf 75' lang='lat' dir='ltr'><strong>paapz&#39;r</strong></span> <span class='ocrx_word' id='word_1_95' title='bbox 873 751 955 771; x_wconf 79' lang='lat' dir='ltr'><strong>autent</strong></span> 
     </span>
    </p>
   </div>
   <div class='ocr_carea' id='block_1_14' title="bbox 155 793 955 832">
    <p class='ocr_par' dir='ltr' id='par_1_14' title="bbox 155 793 955 832">
     <span class='ocr_line' id='line_1_14' title="bbox 155 793 955 832; baseline -0.011 -6"><span class='ocrx_word' id='word_1_96' title='bbox 155 800 264 832; x_wconf 82' lang='lat' dir='ltr'><strong>quidam</strong></span> <span class='ocrx_word' id='word_1_97' title='bbox 273 798 372 825; x_wconf 84' lang='lat' dir='ltr'><strong>nomine</strong></span> <span class='ocrx_word' id='word_1_98' title='bbox 378 796 499 823; x_wconf 77' lang='lat' dir='ltr'><strong>Lazarus.</strong></span> <span class='ocrx_word' id='word_1_99' title='bbox 508 795 599 822; x_wconf 77' lang='lat' dir='ltr'><strong>Nonne</strong></span> <span class='ocrx_word' id='word_1_100' title='bbox 609 794 710 820; x_wconf 86' lang='lat' dir='ltr'><strong>videtur</strong></span> <span class='ocrx_word' id='word_1_101' title='bbox 718 793 792 819; x_wconf 84' lang='lat' dir='ltr'><strong>vobis</strong></span> <span class='ocrx_word' id='word_1_102' title='bbox 800 793 830 819; x_wconf 86' lang='lat' dir='ltr'><strong>de</strong></span> <span class='ocrx_word' id='word_1_103' title='bbox 841 793 907 818; x_wconf 85' lang='lat' dir='ltr'><strong>libro</strong></span> <span class='ocrx_word' id='word_1_104' title='bbox 916 800 955 818; x_wconf 86' lang='lat' dir='ltr'><strong>re-</strong></span> 
     </span>
    </p>
   </div>
   <div class='ocr_carea' id='block_1_15' title="bbox 156 838 955 876">
    <p class='ocr_par' dir='ltr' id='par_1_15' title="bbox 156 838 955 876">
     <span class='ocr_line' id='line_1_15' title="bbox 156 838 955 876; baseline -0.013 -4"><span class='ocrx_word' id='word_1_105' title='bbox 156 845 267 875; x_wconf 77' lang='lat' dir='ltr'><strong>citasse,</strong></span> <span class='ocrx_word' id='word_1_106' title='bbox 288 843 329 870; x_wconf 90' lang='lat' dir='ltr'><strong>ubi</strong></span> <span class='ocrx_word' id='word_1_107' title='bbox 351 849 446 869; x_wconf 87' lang='lat' dir='ltr'><strong>nomen</strong></span> <span class='ocrx_word' id='word_1_108' title='bbox 461 841 583 876; x_wconf 89' lang='lat' dir='ltr'><strong>pauperis</strong></span> <span class='ocrx_word' id='word_1_109' title='bbox 601 839 727 873; x_wconf 84' lang='lat' dir='ltr'><strong>scriptum</strong></span> <span class='ocrx_word' id='word_1_110' title='bbox 742 838 851 869; x_wconf 82' lang='lat' dir='ltr'><strong>invenit,</strong></span> <span class='ocrx_word' id='word_1_111' title='bbox 866 838 955 863; x_wconf 86' lang='lat' dir='ltr'><strong>divitis</strong></span> 
     </span>
    </p>
   </div>
   <div class='ocr_carea' id='block_1_16' title="bbox 156 884 955 918">
    <p class='ocr_par' dir='ltr' id='par_1_16' title="bbox 156 884 955 918">
     <span class='ocr_line' id='line_1_16' title="bbox 156 884 955 918; baseline -0.01 -1"><span class='ocrx_word' id='word_1_112' title='bbox 156 899 214 917; x_wconf 89' lang='lat' dir='ltr'><strong>non</strong></span> <span class='ocrx_word' id='word_1_113' title='bbox 227 889 346 917; x_wconf 85' lang='lat' dir='ltr'><strong>invenit?</strong></span> <span class='ocrx_word' id='word_1_114' title='bbox 355 888 433 915; x_wconf 86' lang='lat' dir='ltr'><strong>Liber</strong></span> <span class='ocrx_word' id='word_1_115' title='bbox 446 888 516 914; x_wconf 77' lang='lat' dir='ltr'><strong>enim</strong></span> <span class='ocrx_word' id='word_1_116' title='bbox 528 887 570 913; x_wconf 89' lang='lat' dir='ltr'><strong>illc</strong></span> <span class='ocrx_word' id='word_1_117' title='bbox 582 886 700 912; x_wconf 90' lang='lat' dir='ltr'><strong>vivorum</strong></span> <span class='ocrx_word' id='word_1_118' title='bbox 716 890 772 911; x_wconf 87' lang='lat' dir='ltr'><strong>erat</strong></span> <span class='ocrx_word' id='word_1_119' title='bbox 783 888 859 918; x_wconf 89' lang='lat' dir='ltr'><strong>atque</strong></span> <span class='ocrx_word' id='word_1_120' title='bbox 871 884 955 916; x_wconf 84' lang='lat' dir='ltr'><strong>justo-</strong></span> 
     </span>
    </p>
   </div>
   <div class='ocr_carea' id='block_1_17' title="bbox 157 929 954 969">
    <p class='ocr_par' dir='ltr' id='par_1_17' title="bbox 157 929 954 969">
     <span class='ocr_line' id='line_1_17' title="bbox 157 929 954 969; baseline -0.011 -5"><span class='ocrx_word' id='word_1_121' title='bbox 157 945 231 968; x_wconf 86' lang='lat' dir='ltr'><strong>rum,</strong></span> <span class='ocrx_word' id='word_1_122' title='bbox 240 944 293 963; x_wconf 87' lang='lat' dir='ltr'><strong>non</strong></span> <span class='ocrx_word' id='word_1_123' title='bbox 301 934 474 969; x_wconf 88' lang='lat' dir='ltr'><strong>superborum</strong></span> <span class='ocrx_word' id='word_1_124' title='bbox 482 933 663 967; x_wconf 86' lang='lat' dir='ltr'><strong>etiniqnorum</strong></span> <span class='ocrx_word' id='word_1_125' title='bbox 670 953 674 957; x_wconf 95' lang='lat'><strong>.</strong></span> <span class='ocrx_word' id='word_1_126' title='bbox 682 930 873 957; x_wconf 85' lang='lat' dir='ltr'><strong>Nominabatnr</strong></span> <span class='ocrx_word' id='word_1_127' title='bbox 880 929 954 956; x_wconf 80' lang='lat' dir='ltr'><strong>dives</strong></span> 
     </span>
    </p>
   </div>
   <div class='ocr_carea' id='block_1_18' title="bbox 156 977 954 1015">
    <p class='ocr_par' dir='ltr' id='par_1_18' title="bbox 156 977 954 1015">
     <span class='ocr_line' id='line_1_18' title="bbox 156 977 954 1015; baseline -0.009 -5"><span class='ocrx_word' id='word_1_128' title='bbox 156 983 205 1010; x_wconf 83' lang='lat' dir='ltr'><strong>illo</strong></span> <span class='ocrx_word' id='word_1_129' title='bbox 217 983 251 1009; x_wconf 89' lang='lat' dir='ltr'><strong>ab</strong></span> <span class='ocrx_word' id='word_1_130' title='bbox 266 981 427 1012; x_wconf 84' lang='lat' dir='ltr'><strong>hominibus,</strong></span> <span class='ocrx_word' id='word_1_131' title='bbox 445 987 544 1015; x_wconf 88' lang='lat' dir='ltr'><strong>pattper</strong></span> <span class='ocrx_word' id='word_1_132' title='bbox 559 978 707 1005; x_wconf 87' lang='lat' dir='ltr'><strong>tacebatur:</strong></span> <span class='ocrx_word' id='word_1_133' title='bbox 724 982 813 1003; x_wconf 80' lang='lat' dir='ltr'><strong>contra</strong></span> <span class='ocrx_word' id='word_1_134' title='bbox 829 977 954 1003; x_wconf 75' lang='lat' dir='ltr'><strong>Dominus</strong></span> 
     </span>
    </p>
   </div>
   <div class='ocr_carea' id='block_1_19' title="bbox 157 1023 954 1065">
    <p class='ocr_par' dir='ltr' id='par_1_19' title="bbox 157 1023 954 1065">
     <span class='ocr_line' id='line_1_19' title="bbox 157 1023 954 1065; baseline -0.011 -8"><span class='ocrx_word' id='word_1_135' title='bbox 157 1037 307 1065; x_wconf 72' lang='lat' dir='ltr'><strong>pauperem</strong></span> <span class='ocrx_word' id='word_1_136' title='bbox 318 1028 474 1058; x_wconf 80' lang='lat' dir='ltr'><strong>nominavit,</strong></span> <span class='ocrx_word' id='word_1_137' title='bbox 485 1026 592 1053; x_wconf 89' lang='lat' dir='ltr'><strong>divitem</strong></span> <span class='ocrx_word' id='word_1_138' title='bbox 605 1025 695 1052; x_wconf 85' lang='lat' dir='ltr'><strong>tacuit.</strong></span> <span class='ocrx_word' id='word_1_139' title='bbox 705 1024 793 1051; x_wconf 77' lang='lat' dir='ltr'><strong>Noluit</strong></span> <span class='ocrx_word' id='word_1_140' title='bbox 805 1032 866 1058; x_wconf 74' lang='lat' dir='ltr'><strong>ergo</strong></span> <span class='ocrx_word' id='word_1_141' title='bbox 877 1023 954 1049; x_wconf 83' lang='lat' dir='ltr'><strong>ﬁdem</strong></span> 
     </span>
    </p>
   </div>
   <div class='ocr_carea' id='block_1_20' title="bbox 156 1068 952 1109">
    <p class='ocr_par' dir='ltr' id='par_1_20' title="bbox 156 1068 952 1109">
     <span class='ocr_line' id='line_1_20' title="bbox 156 1068 952 1109; baseline -0.008 -10"><span class='ocrx_word' id='word_1_142' title='bbox 156 1074 298 1109; x_wconf 58' lang='lat' dir='ltr'><strong>possidere</strong></span> <span class='ocrx_word' id='word_1_143' title='bbox 312 1081 370 1100; x_wconf 91' lang='lat' dir='ltr'><strong>cum</strong></span> <span class='ocrx_word' id='word_1_144' title='bbox 388 1080 502 1107; x_wconf 79' lang='lat' dir='ltr'><strong>paupere</strong></span> <span class='ocrx_word' id='word_1_145' title='bbox 519 1071 592 1098; x_wconf 88' lang='lat' dir='ltr'><strong>dives</strong></span> <span class='ocrx_word' id='word_1_146' title='bbox 608 1071 660 1097; x_wconf 88' lang='lat' dir='ltr'><strong>ille.</strong></span> <span class='ocrx_word' id='word_1_147' title='bbox 678 1070 771 1096; x_wconf 76' lang='lat' dir='ltr'><strong>Morini</strong></span> <span class='ocrx_word' id='word_1_148' title='bbox 787 1073 849 1096; x_wconf 79' lang='lat' dir='ltr'><strong>stitit</strong></span> <span class='ocrx_word' id='word_1_149' title='bbox 865 1068 952 1094; x_wconf 81' lang='lat' dir='ltr'><strong>ambo.</strong></span> 
     </span>
    </p>
   </div>
   <div class='ocr_carea' id='block_1_21' title="bbox 158 1114 954 1155">
    <p class='ocr_par' dir='ltr' id='par_1_21' title="bbox 158 1114 954 1155">
     <span class='ocr_line' id='line_1_21' title="bbox 158 1114 954 1155; baseline -0.01 -8"><span class='ocrx_word' id='word_1_150' title='bbox 158 1120 272 1155; x_wconf 77' lang='lat' dir='ltr'><strong>Contigit</strong></span> <span class='ocrx_word' id='word_1_151' title='bbox 291 1120 355 1146; x_wconf 85' lang='lat' dir='ltr'><strong>mori</strong></span> <span class='ocrx_word' id='word_1_152' title='bbox 377 1119 476 1152; x_wconf 78' lang='lat' dir='ltr'><strong>inopem</strong></span> <span class='ocrx_word' id='word_1_153' title='bbox 494 1118 577 1149; x_wconf 88' lang='lat' dir='ltr'><strong>illum,</strong></span> <span class='ocrx_word' id='word_1_154' title='bbox 598 1122 621 1143; x_wconf 89' lang='lat' dir='ltr'><strong>et</strong></span> <span class='ocrx_word' id='word_1_155' title='bbox 641 1116 736 1150; x_wconf 77' lang='lat' dir='ltr'><strong>auferri</strong></span> <span class='ocrx_word' id='word_1_156' title='bbox 758 1116 788 1142; x_wconf 85' lang='lat' dir='ltr'><strong>ab</strong></span> <span class='ocrx_word' id='word_1_157' title='bbox 808 1115 909 1149; x_wconf 72' lang='lat' dir='ltr'><strong>Angelis</strong></span> <span class='ocrx_word' id='word_1_158' title='bbox 929 1114 954 1140; x_wconf 89' lang='lat' dir='ltr'><strong>in</strong></span> 
     </span>
    </p>
   </div>
   <div class='ocr_carea' id='block_1_22' title="bbox 157 1160 954 1195">
    <p class='ocr_par' dir='ltr' id='par_1_22' title="bbox 157 1160 954 1195">
     <span class='ocr_line' id='line_1_22' title="bbox 157 1160 954 1195; baseline -0.01 -3"><span class='ocrx_word' id='word_1_159' title='bbox 157 1167 243 1192; x_wconf 77' lang='lat' dir='ltr'><strong>sinum</strong></span> <span class='ocrx_word' id='word_1_160' title='bbox 256 1165 372 1192; x_wconf 70' lang='lat' dir='ltr'><strong>Abraha’.</strong></span> <span class='ocrx_word' id='word_1_161' title='bbox 386 1163 501 1190; x_wconf 77' lang='lat' dir='ltr'><strong>Mortuus</strong></span> <span class='ocrx_word' id='word_1_162' title='bbox 514 1168 549 1189; x_wconf 76' lang='lat' dir='ltr'><strong>cst</strong></span> <span class='ocrx_word' id='word_1_163' title='bbox 559 1163 636 1195; x_wconf 77' lang='lat' dir='ltr'><strong>diras,</strong></span> <span class='ocrx_word' id='word_1_164' title='bbox 649 1167 671 1188; x_wconf 84' lang='lat' dir='ltr'><strong>et</strong></span> <span class='ocrx_word' id='word_1_165' title='bbox 686 1161 797 1195; x_wconf 76' lang='lat' dir='ltr'><strong>sepultus</strong></span> <span class='ocrx_word' id='word_1_166' title='bbox 814 1160 884 1195; x_wconf 85' lang='lat' dir='ltr'><strong>(nam</strong></span> <span class='ocrx_word' id='word_1_167' title='bbox 901 1160 954 1185; x_wconf 86' lang='lat' dir='ltr'><strong>for-</strong></span> 
     </span>
    </p>
   </div>
   <div class='ocr_carea' id='block_1_23' title="bbox 159 1206 955 1243">
    <p class='ocr_par' dir='ltr' id='par_1_23' title="bbox 159 1206 955 1243">
     <span class='ocr_line' id='line_1_23' title="bbox 159 1206 955 1243; baseline -0.011 -5"><span class='ocrx_word' id='word_1_168' title='bbox 159 1216 231 1238; x_wconf 79' lang='lat' dir='ltr'><strong>tasse</strong></span> <span class='ocrx_word' id='word_1_169' title='bbox 251 1211 295 1237; x_wconf 82' lang='lat' dir='ltr'><strong>ille</strong></span> <span class='ocrx_word' id='word_1_170' title='bbox 316 1217 365 1237; x_wconf 90' lang='lat' dir='ltr'><strong>nec</strong></span> <span class='ocrx_word' id='word_1_171' title='bbox 385 1209 503 1243; x_wconf 88' lang='lat' dir='ltr'><strong>sepultus</strong></span> <span class='ocrx_word' id='word_1_172' title='bbox 525 1208 576 1241; x_wconf 87' lang='lat' dir='ltr'><strong>est)</strong></span> <span class='ocrx_word' id='word_1_173' title='bbox 592 1216 597 1233; x_wconf 88' lang='lat'>:</span> <span class='ocrx_word' id='word_1_174' title='bbox 611 1212 631 1233; x_wconf 88' lang='lat' dir='ltr'><strong>et</strong></span> <span class='ocrx_word' id='word_1_175' title='bbox 647 1215 703 1232; x_wconf 74' lang='lat' dir='ltr'><strong>cunt</strong></span> <span class='ocrx_word' id='word_1_176' title='bbox 719 1206 786 1240; x_wconf 82' lang='lat' dir='ltr'><strong>apud</strong></span> <span class='ocrx_word' id='word_1_177' title='bbox 803 1206 906 1239; x_wconf 76' lang='lat' dir='ltr'><strong>inferos,</strong></span> <span class='ocrx_word' id='word_1_178' title='bbox 929 1209 955 1230; x_wconf 88' lang='lat' dir='ltr'><strong>ut</strong></span> 
     </span>
    </p>
   </div>
   <div class='ocr_carea' id='block_1_24' title="bbox 158 1250 953 1291">
    <p class='ocr_par' dir='ltr' id='par_1_24' title="bbox 158 1250 953 1291">
     <span class='ocr_line' id='line_1_24' title="bbox 158 1250 953 1291; baseline -0.01 -8"><span class='ocrx_word' id='word_1_179' title='bbox 158 1257 284 1291; x_wconf 70' lang='lat' dir='ltr'><strong>legimus,</strong></span> <span class='ocrx_word' id='word_1_180' title='bbox 296 1256 322 1282; x_wconf 88' lang='lat' dir='ltr'><strong>in</strong></span> <span class='ocrx_word' id='word_1_181' title='bbox 336 1257 464 1282; x_wconf 75' lang='lat' dir='ltr'><strong>(armentis</strong></span> <span class='ocrx_word' id='word_1_182' title='bbox 477 1258 547 1286; x_wconf 81' lang='lat' dir='ltr'><strong>esset,</strong></span> <span class='ocrx_word' id='word_1_183' title='bbox 563 1253 651 1279; x_wconf 73' lang='lat' dir='ltr'><strong>let-arti</strong></span> <span class='ocrx_word' id='word_1_184' title='bbox 667 1252 751 1278; x_wconf 75' lang='lat' dir='ltr'><strong>oculos</strong></span> <span class='ocrx_word' id='word_1_185' title='bbox 763 1259 821 1277; x_wconf 74' lang='lat' dir='ltr'><strong>sitos</strong></span> <span class='ocrx_word' id='word_1_186' title='bbox 833 1259 847 1276; x_wconf 82' lang='grc' dir='ltr'>(ι</span> <span class='ocrx_word' id='word_1_187' title='bbox 860 1250 931 1284; x_wconf 81' lang='lat' dir='ltr'><strong>longe</strong></span> <span class='ocrx_word' id='word_1_188' title='bbox 945 1257 953 1280; x_wconf 90' lang='lat'><em>;</em></span> 
     </span>
    </p>
   </div>
   <div class='ocr_carea' id='block_1_25' title="bbox 158 1295 956 1336">
    <p class='ocr_par' dir='ltr' id='par_1_25' title="bbox 158 1295 956 1336">
     <span class='ocr_line' id='line_1_25' title="bbox 158 1295 956 1336; baseline -0.011 -7"><span class='ocrx_word' id='word_1_189' title='bbox 158 1307 182 1329; x_wconf 78' lang='lat' dir='ltr'><strong>et</strong></span> <span class='ocrx_word' id='word_1_190' title='bbox 198 1302 259 1328; x_wconf 70' lang='lat' dir='ltr'><strong>vidit</strong></span> <span class='ocrx_word' id='word_1_191' title='bbox 281 1309 415 1336; x_wconf 73' lang='lat' dir='ltr'><strong>pauperem</strong></span> <span class='ocrx_word' id='word_1_192' title='bbox 435 1300 460 1326; x_wconf 89' lang='lat' dir='ltr'><strong>in</strong></span> <span class='ocrx_word' id='word_1_193' title='bbox 482 1299 538 1326; x_wconf 79' lang='lat' dir='ltr'><strong>sinu</strong></span> <span class='ocrx_word' id='word_1_194' title='bbox 554 1298 670 1329; x_wconf 75' lang='lat' dir='ltr'><strong>Abraha&#39;,</strong></span> <span class='ocrx_word' id='word_1_195' title='bbox 692 1304 770 1330; x_wconf 83' lang='lat' dir='ltr'><strong>quem</strong></span> <span class='ocrx_word' id='word_1_196' title='bbox 797 1295 956 1328; x_wconf 80' lang='lat' dir='ltr'><strong>contempsit</strong></span> 
     </span>
    </p>
   </div>
   <div class='ocr_carea' id='block_1_26' title="bbox 159 1342 953 1382">
    <p class='ocr_par' dir='ltr' id='par_1_26' title="bbox 159 1342 953 1382">
     <span class='ocr_line' id='line_1_26' title="bbox 159 1342 953 1382; baseline -0.011 -7"><span class='ocrx_word' id='word_1_197' title='bbox 159 1352 222 1375; x_wconf 80' lang='lat' dir='ltr'><strong>ante</strong></span> <span class='ocrx_word' id='word_1_198' title='bbox 234 1347 342 1382; x_wconf 83' lang='lat' dir='ltr'><strong>januam</strong></span> <span class='ocrx_word' id='word_1_199' title='bbox 358 1354 443 1373; x_wconf 86' lang='lat' dir='ltr'><strong>suam.</strong></span> <span class='ocrx_word' id='word_1_200' title='bbox 456 1345 512 1371; x_wconf 77' lang='lat' dir='ltr'><strong>Non</strong></span> <span class='ocrx_word' id='word_1_201' title='bbox 531 1352 590 1371; x_wconf 90' lang='lat' dir='ltr'><strong>cmn</strong></span> <span class='ocrx_word' id='word_1_202' title='bbox 613 1343 658 1369; x_wconf 91' lang='lat' dir='ltr'><strong>illo</strong></span> <span class='ocrx_word' id='word_1_203' title='bbox 673 1342 754 1376; x_wconf 89' lang='lat' dir='ltr'><strong>potuit</strong></span> <span class='ocrx_word' id='word_1_204' title='bbox 770 1342 867 1367; x_wconf 85' lang='lat' dir='ltr'><strong>habere</strong></span> <span class='ocrx_word' id='word_1_205' title='bbox 880 1348 953 1367; x_wconf 87' lang='lat' dir='ltr'><strong>com-</strong></span> 
     </span>
    </p>
   </div>
   <div class='ocr_carea' id='block_1_27' title="bbox 160 1386 954 1427">
    <p class='ocr_par' dir='ltr' id='par_1_27' title="bbox 160 1386 954 1427">
     <span class='ocr_line' id='line_1_27' title="bbox 160 1386 954 1427; baseline -0.013 -6"><span class='ocrx_word' id='word_1_206' title='bbox 160 1400 270 1421; x_wconf 86' lang='lat' dir='ltr'><strong>munem</strong></span> <span class='ocrx_word' id='word_1_207' title='bbox 285 1392 414 1427; x_wconf 86' lang='lat' dir='ltr'><strong>requiem,</strong></span> <span class='ocrx_word' id='word_1_208' title='bbox 430 1399 489 1417; x_wconf 87' lang='lat' dir='ltr'><strong>cum</strong></span> <span class='ocrx_word' id='word_1_209' title='bbox 504 1398 556 1425; x_wconf 84' lang='lat' dir='ltr'><strong>quo</strong></span> <span class='ocrx_word' id='word_1_210' title='bbox 576 1389 653 1415; x_wconf 84' lang='lat' dir='ltr'><strong>ﬁdem</strong></span> <span class='ocrx_word' id='word_1_211' title='bbox 669 1387 752 1414; x_wconf 89' lang='lat' dir='ltr'><strong>noluit</strong></span> <span class='ocrx_word' id='word_1_212' title='bbox 767 1386 864 1412; x_wconf 54' lang='lat' dir='ltr'><strong>habere</strong></span> <span class='ocrx_word' id='word_1_213' title='bbox 881 1393 954 1412; x_wconf 89' lang='lat' dir='ltr'><strong>com-</strong></span> 
     </span>
    </p>
   </div>
   <div class='ocr_carea' id='block_1_28' title="bbox 163 1431 954 1471">
    <p class='ocr_par' dir='ltr' id='par_1_28' title="bbox 163 1431 954 1471">
     <span class='ocr_line' id='line_1_28' title="bbox 163 1431 954 1471; baseline -0.013 -5"><span class='ocrx_word' id='word_1_214' title='bbox 163 1446 284 1466; x_wconf 81' lang='lat' dir='ltr'><strong>munem.</strong></span> <span class='ocrx_word' id='word_1_215' title='bbox 308 1437 397 1469; x_wconf 83' lang='lat' dir='ltr'><strong>Pater,</strong></span> <span class='ocrx_word' id='word_1_216' title='bbox 413 1436 506 1471; x_wconf 87' lang='lat' dir='ltr'><strong>inquit,</strong></span> <span class='ocrx_word' id='word_1_217' title='bbox 530 1434 666 1465; x_wconf 77' lang='lat' dir='ltr'><strong>Abraham,</strong></span> <span class='ocrx_word' id='word_1_218' title='bbox 688 1433 757 1458; x_wconf 83' lang='lat' dir='ltr'><strong>mitte</strong></span> <span class='ocrx_word' id='word_1_219' title='bbox 773 1431 908 1463; x_wconf 71' lang='lat' dir='ltr'><strong>Lazarum,</strong></span> <span class='ocrx_word' id='word_1_220' title='bbox 928 1436 954 1456; x_wconf 85' lang='lat' dir='ltr'><strong>ut</strong></span> 
     </span>
    </p>
   </div>
   <div class='ocr_carea' id='block_1_29' title="bbox 159 1477 954 1519">
    <p class='ocr_par' dir='ltr' id='par_1_29' title="bbox 159 1477 954 1519">
     <span class='ocr_line' id='line_1_29' title="bbox 159 1477 954 1519; baseline -0.013 -9"><span class='ocrx_word' id='word_1_221' title='bbox 159 1484 287 1519; x_wconf 68' lang='lat' dir='ltr'><strong>inlinguat</strong></span> <span class='ocrx_word' id='word_1_222' title='bbox 302 1482 409 1518; x_wconf 83' lang='lat' dir='ltr'><strong>digitum</strong></span> <span class='ocrx_word' id='word_1_223' title='bbox 422 1489 494 1507; x_wconf 86' lang='lat' dir='ltr'><strong>suum</strong></span> <span class='ocrx_word' id='word_1_224' title='bbox 509 1480 533 1506; x_wconf 88' lang='lat' dir='ltr'><strong>in</strong></span> <span class='ocrx_word' id='word_1_225' title='bbox 553 1487 654 1514; x_wconf 88' lang='lat' dir='ltr'><strong>aquam,</strong></span> <span class='ocrx_word' id='word_1_226' title='bbox 671 1483 692 1504; x_wconf 86' lang='lat' dir='ltr'><strong>et</strong></span> <span class='ocrx_word' id='word_1_227' title='bbox 706 1478 782 1504; x_wconf 73' lang='lat' dir='ltr'><strong>stillet</strong></span> <span class='ocrx_word' id='word_1_228' title='bbox 799 1477 823 1502; x_wconf 88' lang='lat' dir='ltr'><strong>in</strong></span> <span class='ocrx_word' id='word_1_229' title='bbox 843 1477 954 1510; x_wconf 69' lang='lat' dir='ltr'><strong>linguam</strong></span> 
     </span>
    </p>
   </div>
   <div class='ocr_carea' id='block_1_30' title="bbox 160 1523 954 1564">
    <p class='ocr_par' dir='ltr' id='par_1_30' title="bbox 160 1523 954 1564">
     <span class='ocr_line' id='line_1_30' title="bbox 160 1523 954 1564; baseline -0.011 -9"><span class='ocrx_word' id='word_1_230' title='bbox 160 1537 264 1561; x_wconf 78' lang='lat' dir='ltr'><strong>nteant;</strong></span> <span class='ocrx_word' id='word_1_231' title='bbox 285 1528 344 1564; x_wconf 83' lang='lat' dir='ltr'><strong>quia</strong></span> <span class='ocrx_word' id='word_1_232' title='bbox 359 1527 457 1553; x_wconf 82' lang='lat' dir='ltr'><strong>crucior</strong></span> <span class='ocrx_word' id='word_1_233' title='bbox 478 1526 504 1552; x_wconf 85' lang='lat' dir='ltr'><strong>in</strong></span> <span class='ocrx_word' id='word_1_234' title='bbox 522 1525 568 1551; x_wconf 87' lang='lat' dir='ltr'><strong>hoc</strong></span> <span class='ocrx_word' id='word_1_235' title='bbox 584 1525 697 1558; x_wconf 82' lang='lat' dir='ltr'><strong>ﬂanmm.</strong></span> <span class='ocrx_word' id='word_1_236' title='bbox 715 1523 878 1556; x_wconf 72' lang='lat' dir='ltr'><strong>Responsum.</strong></span> <span class='ocrx_word' id='word_1_237' title='bbox 893 1525 933 1547; x_wconf 87' lang='lat' dir='ltr'><strong>est</strong></span> <span class='ocrx_word' id='word_1_238' title='bbox 949 1530 954 1546; x_wconf 98' lang='lat'>:</span> 
     </span>
    </p>
   </div>
   <div class='ocr_carea' id='block_1_31' title="bbox 159 1567 953 1607">
    <p class='ocr_par' dir='ltr' id='par_1_31' title="bbox 159 1567 953 1607">
     <span class='ocr_line' id='line_1_31' title="bbox 159 1567 953 1607; baseline -0.011 -6"><span class='ocrx_word' id='word_1_239' title='bbox 159 1574 300 1606; x_wconf 73' lang='lat' dir='ltr'><strong>Memento,</strong></span> <span class='ocrx_word' id='word_1_240' title='bbox 327 1573 376 1607; x_wconf 79' lang='lat' dir='ltr'><strong>ﬁli,</strong></span> <span class='ocrx_word' id='word_1_241' title='bbox 398 1572 456 1606; x_wconf 84' lang='lat' dir='ltr'><strong>quia</strong></span> <span class='ocrx_word' id='word_1_242' title='bbox 478 1570 609 1606; x_wconf 81' lang='lat' dir='ltr'><strong>percepisti</strong></span> <span class='ocrx_word' id='word_1_243' title='bbox 633 1569 697 1595; x_wconf 78' lang='lat' dir='ltr'><strong>bona</strong></span> <span class='ocrx_word' id='word_1_244' title='bbox 719 1574 761 1594; x_wconf 85' lang='lat' dir='ltr'><strong>tua</strong></span> <span class='ocrx_word' id='word_1_245' title='bbox 785 1569 809 1593; x_wconf 88' lang='lat' dir='ltr'><strong>in</strong></span> <span class='ocrx_word' id='word_1_246' title='bbox 835 1567 883 1593; x_wconf 78' lang='lat' dir='ltr'><strong>rita</strong></span> <span class='ocrx_word' id='word_1_247' title='bbox 902 1572 953 1597; x_wconf 79' lang='lat' dir='ltr'><strong>tua,</strong></span> 
     </span>
    </p>
   </div>
   <div class='ocr_carea' id='block_1_32' title="bbox 160 1613 955 1649">
    <p class='ocr_par' dir='ltr' id='par_1_32' title="bbox 160 1613 955 1649">
     <span class='ocr_line' id='line_1_32' title="bbox 160 1613 955 1649; baseline -0.013 -3"><span class='ocrx_word' id='word_1_248' title='bbox 160 1619 278 1646; x_wconf 72' lang='lat' dir='ltr'><strong>Lazarus</strong></span> <span class='ocrx_word' id='word_1_249' title='bbox 290 1624 372 1645; x_wconf 82' lang='lat' dir='ltr'><strong>autent</strong></span> <span class='ocrx_word' id='word_1_250' title='bbox 388 1617 456 1643; x_wconf 85' lang='lat' dir='ltr'><strong>mala</strong></span> <span class='ocrx_word' id='word_1_251' title='bbox 470 1624 479 1641; x_wconf 89' lang='lat'><em>:</em></span> <span class='ocrx_word' id='word_1_252' title='bbox 494 1624 558 1642; x_wconf 85' lang='lat' dir='ltr'><strong>nunc</strong></span> <span class='ocrx_word' id='word_1_253' title='bbox 574 1623 632 1649; x_wconf 82' lang='lat' dir='ltr'><strong>ergo</strong></span> <span class='ocrx_word' id='word_1_254' title='bbox 647 1615 686 1640; x_wconf 90' lang='lat' dir='ltr'><strong>hic</strong></span> <span class='ocrx_word' id='word_1_255' title='bbox 705 1613 844 1648; x_wconf 81' lang='lat' dir='ltr'><strong>requirsrit,</strong></span> <span class='ocrx_word' id='word_1_256' title='bbox 861 1618 885 1637; x_wconf 90' lang='lat' dir='ltr'><strong>tu</strong></span> <span class='ocrx_word' id='word_1_257' title='bbox 901 1620 955 1638; x_wconf 61' lang='lat' dir='ltr'><strong>vero</strong></span> 
     </span>
    </p>
   </div>
   <div class='ocr_carea' id='block_1_33' title="bbox 161 1658 956 1699">
    <p class='ocr_par' dir='ltr' id='par_1_33' title="bbox 161 1658 956 1699">
     <span class='ocr_line' id='line_1_33' title="bbox 161 1658 956 1699; baseline -0.011 -8"><span class='ocrx_word' id='word_1_258' title='bbox 161 1664 295 1699; x_wconf 77' lang='lat' dir='ltr'><strong>torqueris.</strong></span> <span class='ocrx_word' id='word_1_259' title='bbox 311 1662 344 1689; x_wconf 82' lang='lat' dir='ltr'><strong>Et</strong></span> <span class='ocrx_word' id='word_1_260' title='bbox 357 1671 433 1697; x_wconf 73' lang='lat' dir='ltr'><strong>super</strong></span> <span class='ocrx_word' id='word_1_261' title='bbox 446 1662 499 1688; x_wconf 80' lang='lat' dir='ltr'><strong>ha&#39;c</strong></span> <span class='ocrx_word' id='word_1_262' title='bbox 512 1662 607 1692; x_wconf 78' lang='lat' dir='ltr'><strong>omnia,</strong></span> <span class='ocrx_word' id='word_1_263' title='bbox 622 1660 698 1686; x_wconf 84' lang='lat' dir='ltr'><strong>chaos</strong></span> <span class='ocrx_word' id='word_1_264' title='bbox 712 1667 829 1693; x_wconf 84' lang='lat' dir='ltr'><strong>magnum</strong></span> <span class='ocrx_word' id='word_1_265' title='bbox 848 1663 881 1684; x_wconf 73' lang='lat' dir='ltr'><strong>est</strong></span> <span class='ocrx_word' id='word_1_266' title='bbox 893 1658 956 1683; x_wconf 71' lang='lat' dir='ltr'><strong>inter</strong></span> 
     </span>
    </p>
   </div>
   <div class='ocr_carea' id='block_1_34' title="bbox 161 1705 954 1743">
    <p class='ocr_par' dir='ltr' id='par_1_34' title="bbox 161 1705 954 1743">
     <span class='ocr_line' id='line_1_34' title="bbox 161 1705 954 1743; baseline -0.011 -5"><span class='ocrx_word' id='word_1_267' title='bbox 161 1720 209 1738; x_wconf 78' lang='lat' dir='ltr'><strong>nos</strong></span> <span class='ocrx_word' id='word_1_268' title='bbox 223 1715 310 1743; x_wconf 75' lang='lat' dir='ltr'><strong>etuas,</strong></span> <span class='ocrx_word' id='word_1_269' title='bbox 322 1718 367 1737; x_wconf 74' lang='lat' dir='ltr'><strong>nec</strong></span> <span class='ocrx_word' id='word_1_270' title='bbox 377 1719 391 1736; x_wconf 80' lang='grc' dir='ltr'><em>α</em></span> <span class='ocrx_word' id='word_1_271' title='bbox 407 1709 477 1736; x_wconf 88' lang='lat' dir='ltr'><strong>nobis</strong></span> <span class='ocrx_word' id='word_1_272' title='bbox 489 1709 619 1743; x_wconf 78' lang='lat' dir='ltr'><strong>quisquam</strong></span> <span class='ocrx_word' id='word_1_273' title='bbox 639 1707 672 1732; x_wconf 84' lang='lat' dir='ltr'><strong>ad</strong></span> <span class='ocrx_word' id='word_1_274' title='bbox 685 1715 725 1732; x_wconf 78' lang='lat' dir='ltr'><strong>vos</strong></span> <span class='ocrx_word' id='word_1_275' title='bbox 741 1705 849 1731; x_wconf 79' lang='lat' dir='ltr'><strong>transire</strong></span> <span class='ocrx_word' id='word_1_276' title='bbox 864 1709 954 1738; x_wconf 67' lang='lat' dir='ltr'><strong>potest,</strong></span> 
     </span>
    </p>
   </div>
   <div class='ocr_carea' id='block_1_35' title="bbox 162 1751 955 1784">
    <p class='ocr_par' dir='ltr' id='par_1_35' title="bbox 162 1751 955 1784">
     <span class='ocr_line' id='line_1_35' title="bbox 162 1751 955 1784; baseline -0.01 0"><span class='ocrx_word' id='word_1_277' title='bbox 162 1765 209 1784; x_wconf 74' lang='lat' dir='ltr'><strong>nec</strong></span> <span class='ocrx_word' id='word_1_278' title='bbox 222 1765 238 1782; x_wconf 77' lang='grc' dir='ltr'><strong>ιι</strong></span> <span class='ocrx_word' id='word_1_279' title='bbox 249 1756 318 1783; x_wconf 63' lang='lat' dir='ltr'><strong>vobis</strong></span> <span class='ocrx_word' id='word_1_280' title='bbox 330 1755 364 1782; x_wconf 87' lang='lat' dir='ltr'><strong>ad</strong></span> <span class='ocrx_word' id='word_1_281' title='bbox 377 1763 422 1782; x_wconf 84' lang='lat' dir='ltr'><strong>nos</strong></span> <span class='ocrx_word' id='word_1_282' title='bbox 436 1760 599 1781; x_wconf 82' lang='lat' dir='ltr'><strong>transmeare.</strong></span> <span class='ocrx_word' id='word_1_283' title='bbox 617 1752 688 1778; x_wconf 68' lang='lat' dir='ltr'><strong>Vidit</strong></span> <span class='ocrx_word' id='word_1_284' title='bbox 708 1752 757 1778; x_wconf 81' lang='lat' dir='ltr'><strong>sibi</strong></span> <span class='ocrx_word' id='word_1_285' title='bbox 774 1751 818 1777; x_wconf 81' lang='lat' dir='ltr'><strong>ille</strong></span> <span class='ocrx_word' id='word_1_286' title='bbox 835 1754 955 1784; x_wconf 70' lang='lat' dir='ltr'><strong>negatam</strong></span> 
     </span>
    </p>
   </div>
   <div class='ocr_carea' id='block_1_36' title="bbox 161 1796 956 1834">
    <p class='ocr_par' dir='ltr' id='par_1_36' title="bbox 161 1796 956 1834">
     <span class='ocr_line' id='line_1_36' title="bbox 161 1796 956 1834; baseline -0.009 -5"><span class='ocrx_word' id='word_1_287' title='bbox 161 1801 384 1831; x_wconf 84' lang='lat' dir='ltr'><strong>misericordiam,</strong></span> <span class='ocrx_word' id='word_1_288' title='bbox 399 1800 460 1834; x_wconf 90' lang='lat' dir='ltr'><strong>quia</strong></span> <span class='ocrx_word' id='word_1_289' title='bbox 477 1800 559 1834; x_wconf 91' lang='lat' dir='ltr'><strong>ipsam</strong></span> <span class='ocrx_word' id='word_1_290' title='bbox 575 1802 724 1833; x_wconf 68' lang='lat' dir='ltr'><strong>negaverat.</strong></span> <span class='ocrx_word' id='word_1_291' title='bbox 742 1796 814 1823; x_wconf 80' lang='lat' dir='ltr'><strong>Vidit</strong></span> <span class='ocrx_word' id='word_1_292' title='bbox 828 1797 896 1830; x_wconf 86' lang='lat' dir='ltr'><strong>quod</strong></span> <span class='ocrx_word' id='word_1_293' title='bbox 913 1803 956 1822; x_wconf 85' lang='lat' dir='ltr'><strong>vc-</strong></span> 
     </span>
    </p>
   </div>
   <div class='ocr_carea' id='block_1_37' title="bbox 162 1841 956 1879">
    <p class='ocr_par' dir='ltr' id='par_1_37' title="bbox 162 1841 956 1879">
     <span class='ocr_line' id='line_1_37' title="bbox 162 1841 956 1879; baseline -0.013 -4"><span class='ocrx_word' id='word_1_294' title='bbox 162 1856 221 1875; x_wconf 87' lang='lat' dir='ltr'><strong>rtlm</strong></span> <span class='ocrx_word' id='word_1_295' title='bbox 233 1852 315 1879; x_wconf 82' lang='lat' dir='ltr'><strong>cssel,</strong></span> <span class='ocrx_word' id='word_1_296' title='bbox 327 1846 458 1873; x_wconf 66' lang='lat' dir='ltr'><strong>Iudicium</strong></span> <span class='ocrx_word' id='word_1_297' title='bbox 471 1845 524 1871; x_wconf 82' lang='lat' dir='ltr'><strong>sine</strong></span> <span class='ocrx_word' id='word_1_298' title='bbox 534 1842 705 1869; x_wconf 66' lang='lat' dir='ltr'><strong>misericordia</strong></span> <span class='ocrx_word' id='word_1_299' title='bbox 716 1842 752 1868; x_wconf 86' lang='lat' dir='ltr'><strong>illi</strong></span> <span class='ocrx_word' id='word_1_300' title='bbox 768 1842 809 1876; x_wconf 90' lang='lat' dir='ltr'><strong>qni</strong></span> <span class='ocrx_word' id='word_1_301' title='bbox 825 1850 873 1866; x_wconf 87' lang='lat' dir='ltr'><strong>non</strong></span> <span class='ocrx_word' id='word_1_302' title='bbox 891 1841 956 1875; x_wconf 64' lang='lat' dir='ltr'><strong>fecr-</strong></span> 
     </span>
    </p>
   </div>
   <div class='ocr_carea' id='block_1_38' title="bbox 161 1887 956 1927">
    <p class='ocr_par' dir='ltr' id='par_1_38' title="bbox 161 1887 956 1927">
     <span class='ocr_line' id='line_1_38' title="bbox 161 1887 956 1927; baseline -0.009 -7"><span class='ocrx_word' id='word_1_303' title='bbox 161 1895 196 1920; x_wconf 83' lang='lat' dir='ltr'><strong>rit</strong></span> <span class='ocrx_word' id='word_1_304' title='bbox 217 1893 416 1920; x_wconf 77' lang='lat' dir='ltr'><strong>misericordiam</strong></span> <span class='ocrx_word' id='word_1_305' title='bbox 439 1890 539 1927; x_wconf 84' lang='lat' dir='ltr'><strong>(Jacobi</strong></span> <span class='ocrx_word' id='word_1_306' title='bbox 558 1898 584 1922; x_wconf 91' lang='lat' dir='ltr'><strong>tt,</strong></span> <span class='ocrx_word' id='word_1_307' title='bbox 605 1889 657 1924; x_wconf 75' lang='grc'>15).</span> <span class='ocrx_word' id='word_1_308' title='bbox 687 1889 719 1915; x_wconf 74' lang='lat' dir='ltr'><strong>Et</strong></span> <span class='ocrx_word' id='word_1_309' title='bbox 739 1889 782 1922; x_wconf 82' lang='lat' dir='ltr'><strong>qui</strong></span> <span class='ocrx_word' id='word_1_310' title='bbox 805 1887 887 1914; x_wconf 87' lang='lat' dir='ltr'><strong>noluit</strong></span> <span class='ocrx_word' id='word_1_311' title='bbox 909 1896 956 1913; x_wconf 80' lang='lat' dir='ltr'><strong>suo</strong></span> 
     </span>
    </p>
   </div>
   <div class='ocr_carea' id='block_1_39' title="bbox 163 1934 957 1973">
    <p class='ocr_par' dir='ltr' id='par_1_39' title="bbox 163 1934 957 1973">
     <span class='ocr_line' id='line_1_39' title="bbox 163 1934 957 1973; baseline -0.01 -6"><span class='ocrx_word' id='word_1_312' title='bbox 163 1945 284 1973; x_wconf 79' lang='lat' dir='ltr'><strong>tempore</strong></span> <span class='ocrx_word' id='word_1_313' title='bbox 298 1938 421 1973; x_wconf 87' lang='lat' dir='ltr'><strong>pauperis</strong></span> <span class='ocrx_word' id='word_1_314' title='bbox 444 1937 575 1969; x_wconf 85' lang='lat' dir='ltr'><strong>misereri,</strong></span> <span class='ocrx_word' id='word_1_315' title='bbox 590 1936 698 1962; x_wconf 87' lang='lat' dir='ltr'><strong>fratrum</strong></span> <span class='ocrx_word' id='word_1_316' title='bbox 714 1942 821 1961; x_wconf 85' lang='lat' dir='ltr'><strong>suorum</strong></span> <span class='ocrx_word' id='word_1_317' title='bbox 835 1942 895 1961; x_wconf 85' lang='lat' dir='ltr'><strong>sero</strong></span> <span class='ocrx_word' id='word_1_318' title='bbox 909 1934 957 1960; x_wconf 86' lang='lat' dir='ltr'><strong>nti-</strong></span> 
     </span>
    </p>
   </div>
   <div class='ocr_carea' id='block_1_40' title="bbox 161 1979 956 2018">
    <p class='ocr_par' dir='ltr' id='par_1_40' title="bbox 161 1979 956 2018">
     <span class='ocr_line' id='line_1_40' title="bbox 161 1979 956 2018; baseline -0.009 -7"><span class='ocrx_word' id='word_1_319' title='bbox 161 1989 251 2012; x_wconf 83' lang='lat' dir='ltr'><strong>scrtus</strong></span> <span class='ocrx_word' id='word_1_320' title='bbox 275 1988 326 2011; x_wconf 85' lang='lat' dir='ltr'><strong>est.</strong></span> <span class='ocrx_word' id='word_1_321' title='bbox 351 1983 423 2010; x_wconf 79' lang='lat' dir='ltr'><strong>Mitte</strong></span> <span class='ocrx_word' id='word_1_322' title='bbox 445 1990 512 2018; x_wconf 76' lang='lat' dir='ltr'><strong>ergo,</strong></span> <span class='ocrx_word' id='word_1_323' title='bbox 539 1982 640 2016; x_wconf 82' lang='lat' dir='ltr'><strong>inquit,</strong></span> <span class='ocrx_word' id='word_1_324' title='bbox 663 1980 902 2007; x_wconf 72' lang='lat' dir='ltr'><strong>Lazarum:habeo</strong></span> <span class='ocrx_word' id='word_1_325' title='bbox 923 1979 956 2005; x_wconf 87' lang='lat' dir='ltr'><strong>ibi</strong></span> 
     </span>
    </p>
   </div>
   <div class='ocr_carea' id='block_1_41' title="bbox 160 2025 955 2065">
    <p class='ocr_par' dir='ltr' id='par_1_41' title="bbox 160 2025 955 2065">
     <span class='ocr_line' id='line_1_41' title="bbox 160 2025 955 2065; baseline -0.006 -8"><span class='ocrx_word' id='word_1_326' title='bbox 160 2031 271 2065; x_wconf 66' lang='lat' dir='ltr'><strong>quinque</strong></span> <span class='ocrx_word' id='word_1_327' title='bbox 281 2032 382 2065; x_wconf 77' lang='lat' dir='ltr'><strong>fratres,</strong></span> <span class='ocrx_word' id='word_1_328' title='bbox 399 2030 465 2055; x_wconf 82' lang='lat' dir='ltr'><strong>dicat</strong></span> <span class='ocrx_word' id='word_1_329' title='bbox 490 2029 525 2054; x_wconf 82' lang='lat' dir='ltr'><strong>eis</strong></span> <span class='ocrx_word' id='word_1_330' title='bbox 536 2028 595 2062; x_wconf 84' lang='lat' dir='ltr'><strong>quid</strong></span> <span class='ocrx_word' id='word_1_331' title='bbox 608 2028 647 2053; x_wconf 80' lang='lat' dir='ltr'><strong>hic</strong></span> <span class='ocrx_word' id='word_1_332' title='bbox 662 2027 753 2061; x_wconf 81' lang='lat' dir='ltr'><strong>agitur,</strong></span> <span class='ocrx_word' id='word_1_333' title='bbox 772 2034 802 2052; x_wconf 85' lang='lat' dir='ltr'><strong>ne</strong></span> <span class='ocrx_word' id='word_1_334' title='bbox 816 2030 838 2051; x_wconf 84' lang='lat' dir='ltr'><strong>et</strong></span> <span class='ocrx_word' id='word_1_335' title='bbox 851 2025 899 2060; x_wconf 85' lang='lat' dir='ltr'><strong>ipsi</strong></span> <span class='ocrx_word' id='word_1_336' title='bbox 914 2033 955 2052; x_wconf 81' lang='lat' dir='ltr'><strong>vc-</strong></span> 
     </span>
    </p>
   </div>
   <div class='ocr_carea' id='block_1_42' title="bbox 160 2071 955 2102">
    <p class='ocr_par' dir='ltr' id='par_1_42' title="bbox 160 2071 955 2102">
     <span class='ocr_line' id='line_1_42' title="bbox 160 2071 955 2102; baseline -0.009 1"><span class='ocrx_word' id='word_1_337' title='bbox 160 2075 233 2102; x_wconf 83' lang='lat' dir='ltr'><strong>niant</strong></span> <span class='ocrx_word' id='word_1_338' title='bbox 253 2083 280 2102; x_wconf 78' lang='lat' dir='ltr'><strong>tn</strong></span> <span class='ocrx_word' id='word_1_339' title='bbox 299 2075 366 2102; x_wconf 83' lang='lat' dir='ltr'><strong>hunc</strong></span> <span class='ocrx_word' id='word_1_340' title='bbox 382 2075 464 2101; x_wconf 74' lang='lat' dir='ltr'><strong>[omni</strong></span> <span class='ocrx_word' id='word_1_341' title='bbox 482 2077 671 2100; x_wconf 74' lang='lat' dir='ltr'><strong>tormentorum.</strong></span> <span class='ocrx_word' id='word_1_342' title='bbox 688 2072 720 2098; x_wconf 79' lang='lat' dir='ltr'><strong>Et</strong></span> <span class='ocrx_word' id='word_1_343' title='bbox 735 2076 827 2098; x_wconf 82' lang='lat' dir='ltr'><strong>centra</strong></span> <span class='ocrx_word' id='word_1_344' title='bbox 849 2071 898 2097; x_wconf 85' lang='lat' dir='ltr'><strong>hoc</strong></span> <span class='ocrx_word' id='word_1_345' title='bbox 912 2078 955 2096; x_wconf 85' lang='lat' dir='ltr'><strong>re—</strong></span> 
     </span>
    </p>
   </div>
   <div class='ocr_carea' id='block_1_43' title="bbox 159 2116 956 2156">
    <p class='ocr_par' dir='ltr' id='par_1_43' title="bbox 159 2116 956 2156">
     <span class='ocr_line' id='line_1_43' title="bbox 159 2116 956 2156; baseline -0.009 -8"><span class='ocrx_word' id='word_1_346' title='bbox 159 2128 289 2156; x_wconf 79' lang='lat' dir='ltr'><strong>sponsum</strong></span> <span class='ocrx_word' id='word_1_347' title='bbox 307 2125 348 2148; x_wconf 78' lang='lat' dir='ltr'><strong>cst</strong></span> <span class='ocrx_word' id='word_1_348' title='bbox 365 2129 370 2146; x_wconf 92' lang='lat'>:</span> <span class='ocrx_word' id='word_1_349' title='bbox 386 2119 413 2147; x_wconf 88' lang='lat' dir='ltr'><strong>Si</strong></span> <span class='ocrx_word' id='word_1_350' title='bbox 433 2119 526 2146; x_wconf 93' lang='lat' dir='ltr'><strong>nolunt</strong></span> <span class='ocrx_word' id='word_1_351' title='bbox 539 2118 631 2145; x_wconf 87' lang='lat' dir='ltr'><strong>venire</strong></span> <span class='ocrx_word' id='word_1_352' title='bbox 656 2117 681 2143; x_wconf 90' lang='lat' dir='ltr'><strong>in</strong></span> <span class='ocrx_word' id='word_1_353' title='bbox 706 2117 775 2143; x_wconf 88' lang='lat' dir='ltr'><strong>lume</strong></span> <span class='ocrx_word' id='word_1_354' title='bbox 797 2116 884 2142; x_wconf 78' lang='lat' dir='ltr'><strong>locum</strong></span> <span class='ocrx_word' id='word_1_355' title='bbox 903 2120 956 2141; x_wconf 91' lang='lat' dir='ltr'><strong>tor—</strong></span> 
     </span>
    </p>
   </div>
   <div class='ocr_carea' id='block_1_44' title="bbox 160 2161 953 2199">
    <p class='ocr_par' dir='ltr' id='par_1_44' title="bbox 160 2161 953 2199">
     <span class='ocr_line' id='line_1_44' title="bbox 160 2161 953 2199; baseline -0.01 -5"><span class='ocrx_word' id='word_1_356' title='bbox 160 2171 324 2198; x_wconf 81' lang='lat' dir='ltr'><strong>mentorum,</strong></span> <span class='ocrx_word' id='word_1_357' title='bbox 338 2165 427 2192; x_wconf 82' lang='lat' dir='ltr'><strong>habent</strong></span> <span class='ocrx_word' id='word_1_358' title='bbox 440 2164 545 2199; x_wconf 77' lang='lat' dir='ltr'><strong>Moysen</strong></span> <span class='ocrx_word' id='word_1_359' title='bbox 559 2169 581 2190; x_wconf 85' lang='lat' dir='ltr'><strong>et</strong></span> <span class='ocrx_word' id='word_1_360' title='bbox 595 2162 751 2197; x_wconf 80' lang='lat' dir='ltr'><strong>Prophetas;</strong></span> <span class='ocrx_word' id='word_1_361' title='bbox 761 2162 828 2196; x_wconf 84' lang='lat' dir='ltr'><strong>ipsos</strong></span> <span class='ocrx_word' id='word_1_362' title='bbox 840 2161 953 2187; x_wconf 87' lang='lat' dir='ltr'><strong>audiant.</strong></span> 
     </span>
    </p>
   </div>
   <div class='ocr_carea' id='block_1_45' title="bbox 160 2207 953 2247">
    <p class='ocr_par' dir='ltr' id='par_1_45' title="bbox 160 2207 953 2247">
     <span class='ocr_line' id='line_1_45' title="bbox 160 2207 953 2247; baseline -0.009 -8"><span class='ocrx_word' id='word_1_363' title='bbox 160 2211 208 2239; x_wconf 84' lang='lat' dir='ltr'><strong>Ille</strong></span> <span class='ocrx_word' id='word_1_364' title='bbox 223 2211 265 2247; x_wconf 84' lang='lat' dir='ltr'><strong>qui</strong></span> <span class='ocrx_word' id='word_1_365' title='bbox 282 2210 387 2238; x_wconf 80' lang='lat' dir='ltr'><strong>solebat.</strong></span> <span class='ocrx_word' id='word_1_366' title='bbox 401 2209 510 2237; x_wconf 88' lang='lat' dir='ltr'><strong>irridere</strong></span> <span class='ocrx_word' id='word_1_367' title='bbox 526 2208 681 2243; x_wconf 75' lang='lat' dir='ltr'><strong>Prophetas,</strong></span> <span class='ocrx_word' id='word_1_368' title='bbox 697 2207 775 2234; x_wconf 78' lang='lat' dir='ltr'><strong>sintut</strong></span> <span class='ocrx_word' id='word_1_369' title='bbox 787 2207 878 2241; x_wconf 88' lang='lat' dir='ltr'><strong>utique</strong></span> <span class='ocrx_word' id='word_1_370' title='bbox 894 2213 953 2233; x_wconf 85' lang='lat' dir='ltr'><strong>cum</strong></span> 
     </span>
    </p>
   </div>
   <div class='ocr_carea' id='block_1_46' title="bbox 161 2252 953 2287">
    <p class='ocr_par' dir='ltr' id='par_1_46' title="bbox 161 2252 953 2287">
     <span class='ocr_line' id='line_1_46' title="bbox 161 2252 953 2287; baseline -0.008 -3"><span class='ocrx_word' id='word_1_371' title='bbox 161 2257 289 2284; x_wconf 72' lang='lat' dir='ltr'><strong>fratribus</strong></span> <span class='ocrx_word' id='word_1_372' title='bbox 301 2256 357 2283; x_wconf 84' lang='lat' dir='ltr'><strong>suis</strong></span> <span class='ocrx_word' id='word_1_373' title='bbox 369 2265 376 2283; x_wconf 85' lang='lat'><strong>:</strong></span> <span class='ocrx_word' id='word_1_374' title='bbox 390 2255 469 2283; x_wconf 87' lang='lat' dir='ltr'><strong>credo</strong></span> <span class='ocrx_word' id='word_1_375' title='bbox 478 2254 628 2287; x_wconf 82' lang='lat' dir='ltr'><strong>enim,jmo</strong></span> <span class='ocrx_word' id='word_1_376' title='bbox 639 2261 690 2280; x_wconf 88' lang='lat' dir='ltr'><strong>non</strong></span> <span class='ocrx_word' id='word_1_377' title='bbox 705 2253 806 2285; x_wconf 84' lang='lat' dir='ltr'><strong>dubito,</strong></span> <span class='ocrx_word' id='word_1_378' title='bbox 822 2252 881 2287; x_wconf 83' lang='lat' dir='ltr'><strong>quia</strong></span> <span class='ocrx_word' id='word_1_379' title='bbox 893 2260 953 2278; x_wconf 90' lang='lat' dir='ltr'><strong>cum</strong></span> 
     </span>
    </p>
   </div>
   <div class='ocr_carea' id='block_1_47' title="bbox 160 2298 954 2338">
    <p class='ocr_par' dir='ltr' id='par_1_47' title="bbox 160 2298 954 2338">
     <span class='ocr_line' id='line_1_47' title="bbox 160 2298 954 2338; baseline -0.006 -9"><span class='ocrx_word' id='word_1_380' title='bbox 160 2303 227 2338; x_wconf 72' lang='lat' dir='ltr'><strong>ipsis</strong></span> <span class='ocrx_word' id='word_1_381' title='bbox 241 2302 368 2329; x_wconf 80' lang='lat' dir='ltr'><strong>fratribus</strong></span> <span class='ocrx_word' id='word_1_382' title='bbox 380 2301 435 2329; x_wconf 82' lang='lat' dir='ltr'><strong>suis</strong></span> <span class='ocrx_word' id='word_1_383' title='bbox 450 2301 561 2335; x_wconf 88' lang='lat' dir='ltr'><strong>loquens</strong></span> <span class='ocrx_word' id='word_1_384' title='bbox 578 2300 610 2327; x_wconf 88' lang='lat' dir='ltr'><strong>de</strong></span> <span class='ocrx_word' id='word_1_385' title='bbox 628 2299 768 2334; x_wconf 70' lang='lat' dir='ltr'><strong>Prophetis</strong></span> <span class='ocrx_word' id='word_1_386' title='bbox 786 2298 954 2325; x_wconf 87' lang='lat' dir='ltr'><strong>ntoncntibus</strong></span> 
     </span>
    </p>
   </div>
   <div class='ocr_carea' id='block_1_48' title="bbox 158 2343 954 2383">
    <p class='ocr_par' dir='ltr' id='par_1_48' title="bbox 158 2343 954 2383">
     <span class='ocr_line' id='line_1_48' title="bbox 158 2343 954 2383; baseline -0.008 -8"><span class='ocrx_word' id='word_1_387' title='bbox 158 2349 242 2381; x_wconf 81' lang='lat' dir='ltr'><strong>bona,</strong></span> <span class='ocrx_word' id='word_1_388' title='bbox 262 2347 465 2383; x_wconf 83' lang='lat' dir='ltr'><strong>prohibentibus</strong></span> <span class='ocrx_word' id='word_1_389' title='bbox 485 2346 565 2378; x_wconf 87' lang='lat' dir='ltr'><strong>tnala,</strong></span> <span class='ocrx_word' id='word_1_390' title='bbox 588 2345 747 2372; x_wconf 88' lang='lat' dir='ltr'><strong>terrentibus</strong></span> <span class='ocrx_word' id='word_1_391' title='bbox 767 2344 799 2371; x_wconf 87' lang='lat' dir='ltr'><strong>de</strong></span> <span class='ocrx_word' id='word_1_392' title='bbox 817 2343 954 2371; x_wconf 77' lang='lat' dir='ltr'><strong>tormentis</strong></span> 
     </span>
    </p>
   </div>
   <div class='ocr_carea' id='block_1_49' title="bbox 159 2388 955 2426">
    <p class='ocr_par' dir='ltr' id='par_1_49' title="bbox 159 2388 955 2426">
     <span class='ocr_line' id='line_1_49' title="bbox 159 2388 955 2426; baseline -0.008 -6"><span class='ocrx_word' id='word_1_393' title='bbox 159 2393 267 2426; x_wconf 81' lang='lat' dir='ltr'><strong>futuris,</strong></span> <span class='ocrx_word' id='word_1_394' title='bbox 289 2398 318 2420; x_wconf 83' lang='lat' dir='ltr'><strong>ct</strong></span> <span class='ocrx_word' id='word_1_395' title='bbox 341 2391 426 2420; x_wconf 74' lang='lat' dir='ltr'><strong>futura</strong></span> <span class='ocrx_word' id='word_1_396' title='bbox 451 2391 558 2426; x_wconf 70' lang='lat' dir='ltr'><strong>praemia</strong></span> <span class='ocrx_word' id='word_1_397' title='bbox 583 2390 806 2425; x_wconf 76' lang='lat' dir='ltr'><strong>promittentibus.</strong></span> <span class='ocrx_word' id='word_1_398' title='bbox 829 2388 955 2415; x_wconf 82' lang='lat' dir='ltr'><strong>irridebat</strong></span> 
     </span>
    </p>
   </div>
   <div class='ocr_carea' id='block_1_50' title="bbox 161 2434 954 2470">
    <p class='ocr_par' dir='ltr' id='par_1_50' title="bbox 161 2434 954 2470">
     <span class='ocr_line' id='line_1_50' title="bbox 161 2434 954 2470; baseline -0.01 -4"><span class='ocrx_word' id='word_1_399' title='bbox 161 2439 220 2466; x_wconf 70' lang='lat' dir='ltr'><strong>lac</strong></span> <span class='ocrx_word' id='word_1_400' title='bbox 232 2438 332 2470; x_wconf 87' lang='lat' dir='ltr'><strong>omnia,</strong></span> <span class='ocrx_word' id='word_1_401' title='bbox 344 2437 435 2465; x_wconf 86' lang='lat' dir='ltr'><strong>dicens</strong></span> <span class='ocrx_word' id='word_1_402' title='bbox 448 2444 508 2464; x_wconf 90' lang='lat' dir='ltr'><strong>cum</strong></span> <span class='ocrx_word' id='word_1_403' title='bbox 527 2435 651 2462; x_wconf 80' lang='lat' dir='ltr'><strong>fratribus</strong></span> <span class='ocrx_word' id='word_1_404' title='bbox 666 2435 721 2462; x_wconf 86' lang='lat' dir='ltr'><strong>suis</strong></span> <span class='ocrx_word' id='word_1_405' title='bbox 734 2443 739 2460; x_wconf 93' lang='lat'>:</span> <span class='ocrx_word' id='word_1_406' title='bbox 755 2435 817 2467; x_wconf 63' lang='lat' dir='ltr'><strong>Qum</strong></span> <span class='ocrx_word' id='word_1_407' title='bbox 834 2434 883 2459; x_wconf 87' lang='lat' dir='ltr'><strong>vita</strong></span> <span class='ocrx_word' id='word_1_408' title='bbox 897 2437 954 2467; x_wconf 87' lang='lat' dir='ltr'><strong>post</strong></span> 
     </span>
    </p>
   </div>
   <div class='ocr_carea' id='block_1_51' title="bbox 160 2480 954 2519">
    <p class='ocr_par' dir='ltr' id='par_1_51' title="bbox 160 2480 954 2519">
     <span class='ocr_line' id='line_1_51' title="bbox 160 2480 954 2519; baseline -0.009 -7"><span class='ocrx_word' id='word_1_409' title='bbox 160 2484 295 2512; x_wconf 75' lang='lat' dir='ltr'><strong>mortem!</strong></span> <span class='ocrx_word' id='word_1_410' title='bbox 307 2491 366 2519; x_wconf 66' lang='lat' dir='ltr'><strong>qua‘</strong></span> <span class='ocrx_word' id='word_1_411' title='bbox 380 2489 508 2510; x_wconf 81' lang='lat' dir='ltr'><strong>memoria</strong></span> <span class='ocrx_word' id='word_1_412' title='bbox 524 2481 690 2517; x_wconf 86' lang='lat' dir='ltr'><strong>putredinis?</strong></span> <span class='ocrx_word' id='word_1_413' title='bbox 704 2481 747 2515; x_wconf 89' lang='lat' dir='ltr'><strong>qui</strong></span> <span class='ocrx_word' id='word_1_414' title='bbox 770 2487 864 2507; x_wconf 78' lang='lat' dir='ltr'><strong>sensus</strong></span> <span class='ocrx_word' id='word_1_415' title='bbox 879 2480 954 2506; x_wconf 86' lang='lat' dir='ltr'><strong>cinc-</strong></span> 
     </span>
    </p>
   </div>
   <div class='ocr_carea' id='block_1_52' title="bbox 160 2525 954 2561">
    <p class='ocr_par' dir='ltr' id='par_1_52' title="bbox 160 2525 954 2561">
     <span class='ocr_line' id='line_1_52' title="bbox 160 2525 954 2561; baseline -0.009 -3"><span class='ocrx_word' id='word_1_416' title='bbox 160 2529 220 2558; x_wconf 77' lang='lat' dir='ltr'><strong>ris?</strong></span> <span class='ocrx_word' id='word_1_417' title='bbox 232 2529 332 2558; x_wconf 83' lang='lat' dir='ltr'><strong>Omnes</strong></span> <span class='ocrx_word' id='word_1_418' title='bbox 343 2529 406 2558; x_wconf 86' lang='lat' dir='ltr'><strong>illuc</strong></span> <span class='ocrx_word' id='word_1_419' title='bbox 420 2528 567 2560; x_wconf 83' lang='lat' dir='ltr'><strong>fernntur‘,</strong></span> <span class='ocrx_word' id='word_1_420' title='bbox 583 2532 609 2555; x_wconf 86' lang='lat' dir='ltr'><strong>et</strong></span> <span class='ocrx_word' id='word_1_421' title='bbox 624 2527 801 2561; x_wconf 82' lang='lat' dir='ltr'><strong>sepeliuntur;</strong></span> <span class='ocrx_word' id='word_1_422' title='bbox 822 2526 880 2560; x_wconf 82' lang='lat' dir='ltr'><strong>quis</strong></span> <span class='ocrx_word' id='word_1_423' title='bbox 895 2525 954 2552; x_wconf 85' lang='lat' dir='ltr'><strong>inde</strong></span> 
     </span>
    </p>
   </div>
   <div class='ocr_carea' id='block_1_53' title="bbox 159 2572 953 2606">
    <p class='ocr_par' dir='ltr' id='par_1_53' title="bbox 159 2572 953 2606">
     <span class='ocr_line' id='line_1_53' title="bbox 159 2572 953 2606; baseline -0.009 -3"><span class='ocrx_word' id='word_1_424' title='bbox 159 2574 285 2603; x_wconf 65' lang='lat' dir='ltr'><strong>mersus</strong></span> <span class='ocrx_word' id='word_1_425' title='bbox 301 2575 404 2602; x_wconf 82' lang='lat' dir='ltr'><strong>auditus</strong></span> <span class='ocrx_word' id='word_1_426' title='bbox 419 2573 478 2601; x_wconf 87' lang='lat' dir='ltr'><strong>est?</strong></span> <span class='ocrx_word' id='word_1_427' title='bbox 499 2574 629 2601; x_wconf 78' lang='lat' dir='ltr'><strong>Recolens</strong></span> <span class='ocrx_word' id='word_1_428' title='bbox 644 2573 701 2599; x_wconf 75' lang='lat' dir='ltr'><strong>lucc</strong></span> <span class='ocrx_word' id='word_1_429' title='bbox 716 2572 795 2599; x_wconf 86' lang='lat' dir='ltr'><strong>verba</strong></span> <span class='ocrx_word' id='word_1_430' title='bbox 817 2579 875 2603; x_wconf 70' lang='lat' dir='ltr'><strong>sua,</strong></span> <span class='ocrx_word' id='word_1_431' title='bbox 892 2578 953 2606; x_wconf 84' lang='lat' dir='ltr'><strong>pro-</strong></span> 
     </span>
    </p>
   </div>
   <div class='ocr_carea' id='block_1_54' title="bbox 159 2618 953 2656">
    <p class='ocr_par' dir='ltr' id='par_1_54' title="bbox 159 2618 953 2656">
     <span class='ocr_line' id='line_1_54' title="bbox 159 2618 953 2656; baseline -0.006 -7"><span class='ocrx_word' id='word_1_432' title='bbox 159 2626 252 2656; x_wconf 83' lang='lat' dir='ltr'><strong>pterea</strong></span> <span class='ocrx_word' id='word_1_433' title='bbox 266 2621 369 2648; x_wconf 81' lang='lat' dir='ltr'><strong>volt-bat</strong></span> <span class='ocrx_word' id='word_1_434' title='bbox 385 2620 512 2648; x_wconf 78' lang='lat' dir='ltr'><strong>Lazarum</strong></span> <span class='ocrx_word' id='word_1_435' title='bbox 527 2620 614 2647; x_wconf 84' lang='lat' dir='ltr'><strong>redire</strong></span> <span class='ocrx_word' id='word_1_436' title='bbox 625 2620 656 2646; x_wconf 91' lang='lat' dir='ltr'><strong>ad</strong></span> <span class='ocrx_word' id='word_1_437' title='bbox 669 2619 763 2646; x_wconf 81' lang='lat' dir='ltr'><strong>fratres</strong></span> <span class='ocrx_word' id='word_1_438' title='bbox 776 2626 849 2650; x_wconf 87' lang='lat' dir='ltr'><strong>suos,</strong></span> <span class='ocrx_word' id='word_1_439' title='bbox 864 2618 953 2652; x_wconf 85' lang='lat' dir='ltr'><strong>utjam</strong></span> 
     </span>
    </p>
   </div>
   <div class='ocr_carea' id='block_1_55' title="bbox 159 2664 954 2701">
    <p class='ocr_par' dir='ltr' id='par_1_55' title="bbox 159 2664 954 2701">
     <span class='ocr_line' id='line_1_55' title="bbox 159 2664 954 2701; baseline -0.008 -5"><span class='ocrx_word' id='word_1_440' title='bbox 159 2675 214 2696; x_wconf 82' lang='lat' dir='ltr'><strong>non</strong></span> <span class='ocrx_word' id='word_1_441' title='bbox 227 2667 356 2699; x_wconf 71' lang='lat' dir='ltr'><strong>dicerent,</strong></span> <span class='ocrx_word' id='word_1_442' title='bbox 370 2667 435 2701; x_wconf 82' lang='lat' dir='ltr'><strong>Quis</strong></span> <span class='ocrx_word' id='word_1_443' title='bbox 454 2666 515 2694; x_wconf 88' lang='lat' dir='ltr'><strong>inde</strong></span> <span class='ocrx_word' id='word_1_444' title='bbox 530 2673 652 2693; x_wconf 82' lang='lat' dir='ltr'><strong>reversus</strong></span> <span class='ocrx_word' id='word_1_445' title='bbox 665 2665 724 2692; x_wconf 86' lang='lat' dir='ltr'><strong>est?</strong></span> <span class='ocrx_word' id='word_1_446' title='bbox 740 2665 771 2691; x_wconf 85' lang='lat' dir='ltr'><strong>Et</strong></span> <span class='ocrx_word' id='word_1_447' title='bbox 785 2664 818 2691; x_wconf 90' lang='lat' dir='ltr'><strong>ad</strong></span> <span class='ocrx_word' id='word_1_448' title='bbox 832 2664 882 2691; x_wconf 89' lang='lat' dir='ltr'><strong>hoc</strong></span> <span class='ocrx_word' id='word_1_449' title='bbox 894 2670 954 2698; x_wconf 88' lang='lat' dir='ltr'><strong>apte</strong></span> 
     </span>
    </p>
   </div>
   <div class='ocr_carea' id='block_1_56' title="bbox 158 2709 954 2749">
    <p class='ocr_par' dir='ltr' id='par_1_56' title="bbox 158 2709 954 2749">
     <span class='ocr_line' id='line_1_56' title="bbox 158 2709 954 2749; baseline -0.005 -9"><span class='ocrx_word' id='word_1_450' title='bbox 158 2713 293 2749; x_wconf 70' lang='lat' dir='ltr'><strong>digneque</strong></span> <span class='ocrx_word' id='word_1_451' title='bbox 305 2719 461 2747; x_wconf 85' lang='lat' dir='ltr'><strong>responsum</strong></span> <span class='ocrx_word' id='word_1_452' title='bbox 479 2716 530 2739; x_wconf 85' lang='lat' dir='ltr'><strong>est.</strong></span> <span class='ocrx_word' id='word_1_453' title='bbox 545 2711 653 2739; x_wconf 83' lang='lat' dir='ltr'><strong>Videtur</strong></span> <span class='ocrx_word' id='word_1_454' title='bbox 668 2711 737 2738; x_wconf 87' lang='lat' dir='ltr'><strong>enim</strong></span> <span class='ocrx_word' id='word_1_455' title='bbox 752 2710 833 2737; x_wconf 75' lang='lat' dir='ltr'><strong>fuisse</strong></span> <span class='ocrx_word' id='word_1_456' title='bbox 845 2710 894 2737; x_wconf 81' lang='lat' dir='ltr'><strong>istc</strong></span> <span class='ocrx_word' id='word_1_457' title='bbox 907 2709 954 2737; x_wconf 84' lang='lat' dir='ltr'><strong>Ju-</strong></span> 
     </span>
    </p>
   </div>
   <div class='ocr_carea' id='block_1_57' title="bbox 159 2756 955 2792">
    <p class='ocr_par' dir='ltr' id='par_1_57' title="bbox 159 2756 955 2792">
     <span class='ocr_line' id='line_1_57' title="bbox 159 2756 955 2792; baseline -0.004 -7"><span class='ocrx_word' id='word_1_458' title='bbox 159 2757 246 2790; x_wconf 72' lang='lat' dir='ltr'><strong>daeus,</strong></span> <span class='ocrx_word' id='word_1_459' title='bbox 269 2762 297 2786; x_wconf 85' lang='lat' dir='ltr'><strong>et</strong></span> <span class='ocrx_word' id='word_1_460' title='bbox 323 2762 463 2792; x_wconf 83' lang='lat' dir='ltr'><strong>propterea</strong></span> <span class='ocrx_word' id='word_1_461' title='bbox 487 2757 597 2790; x_wconf 83' lang='lat' dir='ltr'><strong>dixisse,</strong></span> <span class='ocrx_word' id='word_1_462' title='bbox 624 2756 702 2784; x_wconf 83' lang='lat' dir='ltr'><strong>Pater</strong></span> <span class='ocrx_word' id='word_1_463' title='bbox 724 2757 861 2783; x_wconf 82' lang='lat' dir='ltr'><strong>Abraham.</strong></span> <span class='ocrx_word' id='word_1_464' title='bbox 885 2756 955 2791; x_wconf 84' lang='lat' dir='ltr'><strong>Ergo</strong></span> 
     </span>
    </p>
   </div>
   <div class='ocr_carea' id='block_1_58' title="bbox 159 2802 955 2839">
    <p class='ocr_par' dir='ltr' id='par_1_58' title="bbox 159 2802 955 2839">
     <span class='ocr_line' id='line_1_58' title="bbox 159 2802 955 2839; baseline -0.001 -8"><span class='ocrx_word' id='word_1_465' title='bbox 159 2804 261 2838; x_wconf 63' lang='lat' dir='ltr'><strong>ouime</strong></span> <span class='ocrx_word' id='word_1_466' title='bbox 275 2808 302 2831; x_wconf 80' lang='lat' dir='ltr'><strong>et</strong></span> <span class='ocrx_word' id='word_1_467' title='bbox 324 2808 502 2839; x_wconf 68' lang='lat' dir='ltr'><strong>cotgrnentcr</strong></span> <span class='ocrx_word' id='word_1_468' title='bbox 514 2811 670 2838; x_wconf 76' lang='lat' dir='ltr'><strong>respoitsmn</strong></span> <span class='ocrx_word' id='word_1_469' title='bbox 688 2808 728 2830; x_wconf 77' lang='lat' dir='ltr'><strong>est</strong></span> <span class='ocrx_word' id='word_1_470' title='bbox 742 2812 747 2830; x_wconf 92' lang='lat'>:</span> <span class='ocrx_word' id='word_1_471' title='bbox 762 2803 792 2830; x_wconf 89' lang='lat' dir='ltr'><strong>Si</strong></span> <span class='ocrx_word' id='word_1_472' title='bbox 809 2802 913 2838; x_wconf 80' lang='lat' dir='ltr'><strong>Moysen</strong></span> <span class='ocrx_word' id='word_1_473' title='bbox 933 2809 955 2830; x_wconf 87' lang='lat' dir='ltr'><strong>et</strong></span> 
     </span>
    </p>
   </div>
   <div class='ocr_carea' id='block_1_59' title="bbox 158 2870 956 2933">
    <p class='ocr_par' dir='ltr' id='par_1_59' title="bbox 158 2870 956 2933">
     <span class='ocr_line' id='line_1_59' title="bbox 158 2870 956 2933; baseline -0.003 -37"><span class='ocrx_word' id='word_1_474' title='bbox 158 2870 298 2933; x_wconf 36' lang='lat' dir='ltr'><strong>repugnes}.</strong></span> <span class='ocrx_word' id='word_1_475' title='bbox 309 2870 375 2901; x_wconf 77' lang='lat' dir='ltr'><strong>illac,</strong></span> <span class='ocrx_word' id='word_1_476' title='bbox 388 2871 403 2896; x_wconf 79' lang='lat' dir='ltr'><strong>tt</strong></span> <span class='ocrx_word' id='word_1_477' title='bbox 416 2871 532 2896; x_wconf 69' lang='grc' dir='ltr'><strong>γιοιαὶηο</strong></span> <span class='ocrx_word' id='word_1_478' title='bbox 543 2874 583 2897; x_wconf 67' lang='lat' dir='ltr'><strong>Ms.</strong></span> <span class='ocrx_word' id='word_1_479' title='bbox 596 2873 666 2896; x_wconf 69' lang='lat' dir='ltr'><strong>Forte</strong></span> <span class='ocrx_word' id='word_1_480' title='bbox 677 2870 820 2902; x_wconf 75' lang='lat' dir='ltr'><strong>legendum,</strong></span> <span class='ocrx_word' id='word_1_481' title='bbox 830 2875 911 2896; x_wconf 79' lang='lat' dir='ltr'><strong>omnes</strong></span> <span class='ocrx_word' id='word_1_482' title='bbox 922 2870 956 2901; x_wconf 78' lang='lat' dir='ltr'><strong>er—</strong></span> 
     </span>
    </p>
   </div>
   <div class='ocr_carea' id='block_1_60' title="bbox 886 186 1087 216">
    <p class='ocr_par' dir='ltr' id='par_1_60' title="bbox 886 186 1087 216">
     <span class='ocr_line' id='line_1_60' title="bbox 886 186 1087 216; baseline -0.005 -1"><span class='ocrx_word' id='word_1_483' title='bbox 886 186 1001 215; x_wconf 73' lang='lat' dir='ltr'><strong>SEHMO</strong></span> <span class='ocrx_word' id='word_1_484' title='bbox 1020 186 1087 216; x_wconf 77' lang='lat' dir='ltr'><strong>XLI.</strong></span> 
     </span>
    </p>
   </div>
   <div class='ocr_carea' id='block_1_61' title="bbox 987 242 1802 279">
    <p class='ocr_par' dir='ltr' id='par_1_61' title="bbox 987 242 1802 279">
     <span class='ocr_line' id='line_1_61' title="bbox 987 242 1802 279; baseline 0.002 -10"><span class='ocrx_word' id='word_1_485' title='bbox 987 261 991 264; x_wconf 51' lang='grc' dir='ltr'><strong>ι</strong></span> <span class='ocrx_word' id='word_1_486' title='bbox 1012 242 1156 277; x_wconf 78' lang='lat' dir='ltr'><strong>Prophetas</strong></span> <span class='ocrx_word' id='word_1_487' title='bbox 1172 251 1222 270; x_wconf 86' lang='lat' dir='ltr'><strong>non</strong></span> <span class='ocrx_word' id='word_1_488' title='bbox 1239 243 1354 275; x_wconf 83' lang='lat' dir='ltr'><strong>audiunt,</strong></span> <span class='ocrx_word' id='word_1_489' title='bbox 1377 252 1430 276; x_wconf 78' lang='lat' dir='ltr'><strong>nec,</strong></span> <span class='ocrx_word' id='word_1_490' title='bbox 1452 245 1474 270; x_wconf 86' lang='lat' dir='ltr'><strong>si</strong></span> <span class='ocrx_word' id='word_1_491' title='bbox 1494 243 1547 279; x_wconf 77' lang='lat' dir='ltr'><strong>quis</strong></span> <span class='ocrx_word' id='word_1_492' title='bbox 1562 253 1577 270; x_wconf 89' lang='lat' dir='ltr'><strong>a</strong></span> <span class='ocrx_word' id='word_1_493' title='bbox 1600 245 1702 271; x_wconf 71' lang='lat' dir='ltr'><strong>mortuis</strong></span> <span class='ocrx_word' id='word_1_494' title='bbox 1717 253 1802 272; x_wconf 70' lang='lat' dir='ltr'><strong>resar-</strong></span> 
     </span>
    </p>
   </div>
   <div class='ocr_carea' id='block_1_62' title="bbox 1748 188 1801 215">
    <p class='ocr_par' dir='ltr' id='par_1_62' title="bbox 1748 188 1801 215">
     <span class='ocr_line' id='line_1_62' title="bbox 1748 188 1801 215; baseline 0.019 -1"><span class='ocrx_word' id='word_1_495' title='bbox 1748 188 1801 215; x_wconf 67' lang='grc' dir='ltr'><strong>(ὶὒο</strong></span> 
     </span>
    </p>
   </div>
   <div class='ocr_carea' id='block_1_63' title="bbox 1010 288 1802 325">
    <p class='ocr_par' dir='ltr' id='par_1_63' title="bbox 1010 288 1802 325">
     <span class='ocr_line' id='line_1_63' title="bbox 1010 288 1802 325; baseline 0.004 -10"><span class='ocrx_word' id='word_1_496' title='bbox 1010 288 1111 320; x_wconf 71' lang='lat' dir='ltr'><strong>rexerit,</strong></span> <span class='ocrx_word' id='word_1_497' title='bbox 1126 289 1343 324; x_wconf 78' lang='lat' dir='ltr'><strong>persuadebuntur</strong></span> <span class='ocrx_word' id='word_1_498' title='bbox 1356 289 1428 325; x_wconf 74' lang='lat' dir='ltr'><strong>(Luc.</strong></span> <span class='ocrx_word' id='word_1_499' title='bbox 1438 297 1483 322; x_wconf 71' lang='lat' dir='ltr'><strong>xv,</strong></span> <span class='ocrx_word' id='word_1_500' title='bbox 1497 290 1600 325; x_wconf 80' lang='grc'><strong>19-51).</strong></span> <span class='ocrx_word' id='word_1_501' title='bbox 1610 290 1746 325; x_wconf 84' lang='lat' dir='ltr'><strong>impletum</strong></span> <span class='ocrx_word' id='word_1_502' title='bbox 1760 296 1802 320; x_wconf 89' lang='lat' dir='ltr'><strong>cst</strong></span> 
     </span>
    </p>
   </div>
   <div class='ocr_carea' id='block_1_64' title="bbox 1010 333 1800 370">
    <p class='ocr_par' dir='ltr' id='par_1_64' title="bbox 1010 333 1800 370">
     <span class='ocr_line' id='line_1_64' title="bbox 1010 333 1800 370; baseline 0.004 -11"><span class='ocrx_word' id='word_1_503' title='bbox 1010 333 1035 359; x_wconf 90' lang='lat' dir='ltr'><strong>in</strong></span> <span class='ocrx_word' id='word_1_504' title='bbox 1050 333 1158 367; x_wconf 69' lang='lat' dir='ltr'><strong>Juda&#39;is,</strong></span> <span class='ocrx_word' id='word_1_505' title='bbox 1173 334 1232 369; x_wconf 85' lang='lat' dir='ltr'><strong>quia</strong></span> <span class='ocrx_word' id='word_1_506' title='bbox 1248 334 1355 370; x_wconf 78' lang='lat' dir='ltr'><strong>Moysen</strong></span> <span class='ocrx_word' id='word_1_507' title='bbox 1376 339 1402 361; x_wconf 90' lang='lat' dir='ltr'><strong>et</strong></span> <span class='ocrx_word' id='word_1_508' title='bbox 1419 335 1562 369; x_wconf 84' lang='lat' dir='ltr'><strong>Prophetas</strong></span> <span class='ocrx_word' id='word_1_509' title='bbox 1584 343 1635 362; x_wconf 90' lang='lat' dir='ltr'><strong>non</strong></span> <span class='ocrx_word' id='word_1_510' title='bbox 1650 335 1800 367; x_wconf 77' lang='lat' dir='ltr'><strong>audierunt.</strong></span> 
     </span>
    </p>
   </div>
   <div class='ocr_carea' id='block_1_65' title="bbox 1010 379 1804 415">
    <p class='ocr_par' dir='ltr' id='par_1_65' title="bbox 1010 379 1804 415">
     <span class='ocr_line' id='line_1_65' title="bbox 1010 379 1804 415; baseline 0.003 -9"><span class='ocrx_word' id='word_1_511' title='bbox 1010 387 1059 406; x_wconf 85' lang='lat' dir='ltr'><strong>nec</strong></span> <span class='ocrx_word' id='word_1_512' title='bbox 1079 379 1185 407; x_wconf 90' lang='lat' dir='ltr'><strong>Christo</strong></span> <span class='ocrx_word' id='word_1_513' title='bbox 1200 380 1346 415; x_wconf 78' lang='lat' dir='ltr'><strong>resurgenti</strong></span> <span class='ocrx_word' id='word_1_514' title='bbox 1367 380 1545 407; x_wconf 89' lang='lat' dir='ltr'><strong>crediderunt.</strong></span> <span class='ocrx_word' id='word_1_515' title='bbox 1567 380 1661 408; x_wconf 90' lang='lat' dir='ltr'><strong>Nonne</strong></span> <span class='ocrx_word' id='word_1_516' title='bbox 1682 380 1732 408; x_wconf 85' lang='lat' dir='ltr'><strong>hoc</strong></span> <span class='ocrx_word' id='word_1_517' title='bbox 1751 381 1804 408; x_wconf 86' lang='lat' dir='ltr'><strong>illis</strong></span> 
     </span>
    </p>
   </div>
   <div class='ocr_carea' id='block_1_66' title="bbox 1009 425 1802 460">
    <p class='ocr_par' dir='ltr' id='par_1_66' title="bbox 1009 425 1802 460">
     <span class='ocr_line' id='line_1_66' title="bbox 1009 425 1802 460; baseline 0.003 -9"><span class='ocrx_word' id='word_1_518' title='bbox 1009 429 1071 452; x_wconf 89' lang='lat' dir='ltr'><strong>ante</strong></span> <span class='ocrx_word' id='word_1_519' title='bbox 1096 425 1254 459; x_wconf 66' lang='lat' dir='ltr'><strong>pra-dixerat</strong></span> <span class='ocrx_word' id='word_1_520' title='bbox 1273 435 1278 451; x_wconf 94' lang='lat'>:</span> <span class='ocrx_word' id='word_1_521' title='bbox 1297 425 1327 453; x_wconf 86' lang='lat' dir='ltr'><strong>Si</strong></span> <span class='ocrx_word' id='word_1_522' title='bbox 1347 425 1479 452; x_wconf 71' lang='lat' dir='ltr'><strong>crederetis</strong></span> <span class='ocrx_word' id='word_1_523' title='bbox 1504 426 1598 460; x_wconf 75' lang='lat' dir='ltr'><strong>Moysi,</strong></span> <span class='ocrx_word' id='word_1_524' title='bbox 1624 425 1756 453; x_wconf 75' lang='lat' dir='ltr'><strong>crederetis</strong></span> <span class='ocrx_word' id='word_1_525' title='bbox 1779 431 1802 453; x_wconf 87' lang='lat' dir='ltr'><strong>et</strong></span> 
     </span>
    </p>
   </div>
   <div class='ocr_carea' id='block_1_67' title="bbox 1009 471 1287 507">
    <p class='ocr_par' dir='ltr' id='par_1_67' title="bbox 1009 471 1287 507">
     <span class='ocr_line' id='line_1_67' title="bbox 1009 471 1287 507; baseline 0 -10"><span class='ocrx_word' id='word_1_526' title='bbox 1009 472 1072 498; x_wconf 84' lang='lat' dir='ltr'><strong>mihi</strong></span> <span class='ocrx_word' id='word_1_527' title='bbox 1084 471 1174 507; x_wconf 84' lang='lat' dir='ltr'><strong>(Joan.</strong></span> <span class='ocrx_word' id='word_1_528' title='bbox 1190 480 1215 505; x_wconf 88' lang='lat' dir='ltr'><strong>v,</strong></span> <span class='ocrx_word' id='word_1_529' title='bbox 1231 472 1287 507; x_wconf 70' lang='grc'><strong>46).</strong></span> 
     </span>
    </p>
   </div>
   <div class='ocr_carea' id='block_1_68' title="bbox 1045 518 1801 553">
    <p class='ocr_par' dir='ltr' id='par_1_68' title="bbox 1045 518 1801 553">
     <span class='ocr_line' id='line_1_68' title="bbox 1045 518 1801 553; baseline 0 -8"><span class='ocrx_word' id='word_1_530' title='bbox 1045 519 1071 545; x_wconf 88' lang='grc'><strong>5.</strong></span> <span class='ocrx_word' id='word_1_531' title='bbox 1097 518 1172 545; x_wconf 78' lang='lat' dir='ltr'><strong>Dives</strong></span> <span class='ocrx_word' id='word_1_532' title='bbox 1185 519 1303 553; x_wconf 75' lang='lat' dir='ltr'><strong>pauperis</strong></span> <span class='ocrx_word' id='word_1_533' title='bbox 1314 522 1469 553; x_wconf 84' lang='lat' dir='ltr'><strong>contemptor</strong></span> <span class='ocrx_word' id='word_1_534' title='bbox 1480 540 1488 551; x_wconf 89' lang='lat'><strong>,</strong></span> <span class='ocrx_word' id='word_1_535' title='bbox 1504 518 1579 545; x_wconf 75' lang='lat' dir='ltr'><strong>miser</strong></span> <span class='ocrx_word' id='word_1_536' title='bbox 1593 518 1665 553; x_wconf 77' lang='lat' dir='ltr'><strong>[inita</strong></span> <span class='ocrx_word' id='word_1_537' title='bbox 1677 519 1734 545; x_wconf 86' lang='lat' dir='ltr'><strong>vita.</strong></span> <span class='ocrx_word' id='word_1_538' title='bbox 1748 518 1801 545; x_wconf 79' lang='lat' dir='ltr'><strong>Re-</strong></span> 
     </span>
    </p>
   </div>
   <div class='ocr_carea' id='block_1_69' title="bbox 1008 565 1801 601">
    <p class='ocr_par' dir='ltr' id='par_1_69' title="bbox 1008 565 1801 601">
     <span class='ocr_line' id='line_1_69' title="bbox 1008 565 1801 601; baseline 0.001 -10"><span class='ocrx_word' id='word_1_539' title='bbox 1008 565 1106 592; x_wconf 87' lang='lat' dir='ltr'><strong>mansit</strong></span> <span class='ocrx_word' id='word_1_540' title='bbox 1125 573 1188 600; x_wconf 81' lang='lat' dir='ltr'><strong>ergo</strong></span> <span class='ocrx_word' id='word_1_541' title='bbox 1204 566 1248 593; x_wconf 93' lang='lat' dir='ltr'><strong>ille</strong></span> <span class='ocrx_word' id='word_1_542' title='bbox 1266 566 1340 593; x_wconf 85' lang='lat' dir='ltr'><strong>dives</strong></span> <span class='ocrx_word' id='word_1_543' title='bbox 1361 567 1418 594; x_wconf 89' lang='lat' dir='ltr'><strong>sine</strong></span> <span class='ocrx_word' id='word_1_544' title='bbox 1438 566 1585 601; x_wconf 72' lang='lat' dir='ltr'><strong>adiutorio,</strong></span> <span class='ocrx_word' id='word_1_545' title='bbox 1607 566 1687 594; x_wconf 88' lang='lat' dir='ltr'><strong>linitis</strong></span> <span class='ocrx_word' id='word_1_546' title='bbox 1702 566 1801 593; x_wconf 75' lang='lat' dir='ltr'><strong>deliciis</strong></span> 
     </span>
    </p>
   </div>
   <div class='ocr_carea' id='block_1_70' title="bbox 1008 610 1800 646">
    <p class='ocr_par' dir='ltr' id='par_1_70' title="bbox 1008 610 1800 646">
     <span class='ocr_line' id='line_1_70' title="bbox 1008 610 1800 646; baseline 0 -8"><span class='ocrx_word' id='word_1_547' title='bbox 1008 610 1211 645; x_wconf 84' lang='lat' dir='ltr'><strong>temporalibus,</strong></span> <span class='ocrx_word' id='word_1_548' title='bbox 1222 611 1249 638; x_wconf 95' lang='lat' dir='ltr'><strong>in</strong></span> <span class='ocrx_word' id='word_1_549' title='bbox 1264 612 1348 646; x_wconf 68' lang='lat' dir='ltr'><strong>pinnis</strong></span> <span class='ocrx_word' id='word_1_550' title='bbox 1359 612 1475 639; x_wconf 68' lang='lat' dir='ltr'><strong>arteruis.</strong></span> <span class='ocrx_word' id='word_1_551' title='bbox 1490 612 1546 639; x_wconf 84' lang='lat' dir='ltr'><strong>Non</strong></span> <span class='ocrx_word' id='word_1_552' title='bbox 1559 612 1620 639; x_wconf 84' lang='lat' dir='ltr'><strong>fecit</strong></span> <span class='ocrx_word' id='word_1_553' title='bbox 1632 613 1713 646; x_wconf 79' lang='lat' dir='ltr'><strong>justa.</strong></span> <span class='ocrx_word' id='word_1_554' title='bbox 1725 612 1800 639; x_wconf 86' lang='lat' dir='ltr'><strong>audi-</strong></span> 
     </span>
    </p>
   </div>
   <div class='ocr_carea' id='block_1_71' title="bbox 1007 655 1799 692">
    <p class='ocr_par' dir='ltr' id='par_1_71' title="bbox 1007 655 1799 692">
     <span class='ocr_line' id='line_1_71' title="bbox 1007 655 1799 692; baseline 0 -10"><span class='ocrx_word' id='word_1_555' title='bbox 1007 655 1044 682; x_wconf 83' lang='lat' dir='ltr'><strong>vit</strong></span> <span class='ocrx_word' id='word_1_556' title='bbox 1053 655 1141 691; x_wconf 82' lang='lat' dir='ltr'><strong>digna.</strong></span> <span class='ocrx_word' id='word_1_557' title='bbox 1158 655 1284 683; x_wconf 82' lang='lat' dir='ltr'><strong>Memento</strong></span> <span class='ocrx_word' id='word_1_558' title='bbox 1296 657 1355 692; x_wconf 86' lang='lat' dir='ltr'><strong>quia</strong></span> <span class='ocrx_word' id='word_1_559' title='bbox 1366 656 1497 692; x_wconf 82' lang='lat' dir='ltr'><strong>percepisti</strong></span> <span class='ocrx_word' id='word_1_560' title='bbox 1512 657 1576 684; x_wconf 86' lang='lat' dir='ltr'><strong>bona</strong></span> <span class='ocrx_word' id='word_1_561' title='bbox 1590 662 1633 683; x_wconf 82' lang='lat' dir='ltr'><strong>tua</strong></span> <span class='ocrx_word' id='word_1_562' title='bbox 1646 657 1672 683; x_wconf 88' lang='lat' dir='ltr'><strong>in</strong></span> <span class='ocrx_word' id='word_1_563' title='bbox 1684 658 1735 683; x_wconf 72' lang='lat' dir='ltr'><strong>vita</strong></span> <span class='ocrx_word' id='word_1_564' title='bbox 1745 662 1799 683; x_wconf 84' lang='lat' dir='ltr'><strong>tua.</strong></span> 
     </span>
    </p>
   </div>
   <div class='ocr_carea' id='block_1_72' title="bbox 1009 700 1802 737">
    <p class='ocr_par' dir='ltr' id='par_1_72' title="bbox 1009 700 1802 737">
     <span class='ocr_line' id='line_1_72' title="bbox 1009 700 1802 737; baseline 0.001 -10"><span class='ocrx_word' id='word_1_565' title='bbox 1009 700 1070 727; x_wconf 62' lang='grc' dir='ltr'><strong>ΙΙωο</strong></span> <span class='ocrx_word' id='word_1_566' title='bbox 1085 710 1147 736; x_wconf 76' lang='lat' dir='ltr'><strong>ergo</strong></span> <span class='ocrx_word' id='word_1_567' title='bbox 1167 701 1235 734; x_wconf 75' lang='lat' dir='ltr'><strong>vita,</strong></span> <span class='ocrx_word' id='word_1_568' title='bbox 1253 710 1333 736; x_wconf 85' lang='lat' dir='ltr'><strong>quam</strong></span> <span class='ocrx_word' id='word_1_569' title='bbox 1356 702 1443 735; x_wconf 82' lang='lat' dir='ltr'><strong>vides,</strong></span> <span class='ocrx_word' id='word_1_570' title='bbox 1460 710 1511 729; x_wconf 89' lang='lat' dir='ltr'><strong>non</strong></span> <span class='ocrx_word' id='word_1_571' title='bbox 1526 707 1565 729; x_wconf 60' lang='lat' dir='ltr'><strong>est</strong></span> <span class='ocrx_word' id='word_1_572' title='bbox 1586 707 1646 736; x_wconf 88' lang='lat' dir='ltr'><strong>tua,</strong></span> <span class='ocrx_word' id='word_1_573' title='bbox 1665 702 1802 737; x_wconf 79' lang='lat' dir='ltr'><strong>Percepisti</strong></span> 
     </span>
    </p>
   </div>
   <div class='ocr_carea' id='block_1_73' title="bbox 1007 747 1802 784">
    <p class='ocr_par' dir='ltr' id='par_1_73' title="bbox 1007 747 1802 784">
     <span class='ocr_line' id='line_1_73' title="bbox 1007 747 1802 784; baseline 0.001 -11"><span class='ocrx_word' id='word_1_574' title='bbox 1007 747 1071 774; x_wconf 76' lang='lat' dir='ltr'><strong>bona</strong></span> <span class='ocrx_word' id='word_1_575' title='bbox 1081 752 1133 774; x_wconf 84' lang='lat' dir='ltr'><strong>tua.</strong></span> <span class='ocrx_word' id='word_1_576' title='bbox 1152 748 1213 777; x_wconf 74' lang='lat' dir='ltr'><strong>lbet:</strong></span> <span class='ocrx_word' id='word_1_577' title='bbox 1224 756 1286 783; x_wconf 75' lang='lat' dir='ltr'><strong>ergo</strong></span> <span class='ocrx_word' id='word_1_578' title='bbox 1299 756 1358 783; x_wconf 72' lang='lat' dir='ltr'><strong>qurc</strong></span> <span class='ocrx_word' id='word_1_579' title='bbox 1372 748 1405 776; x_wconf 90' lang='lat' dir='ltr'><strong>de</strong></span> <span class='ocrx_word' id='word_1_580' title='bbox 1415 748 1557 784; x_wconf 79' lang='lat' dir='ltr'><strong>longinqua</strong></span> <span class='ocrx_word' id='word_1_581' title='bbox 1568 749 1685 783; x_wconf 86' lang='lat' dir='ltr'><strong>suspiras</strong></span> <span class='ocrx_word' id='word_1_582' title='bbox 1698 748 1802 776; x_wconf 79' lang='lat' dir='ltr'><strong>deside-</strong></span> 
     </span>
    </p>
   </div>
   <div class='ocr_carea' id='block_1_74' title="bbox 1008 794 1800 827">
    <p class='ocr_par' dir='ltr' id='par_1_74' title="bbox 1008 794 1800 827">
     <span class='ocr_line' id='line_1_74' title="bbox 1008 794 1800 827; baseline 0 -6"><span class='ocrx_word' id='word_1_583' title='bbox 1008 802 1069 821; x_wconf 89' lang='lat' dir='ltr'><strong>rans</strong></span> <span class='ocrx_word' id='word_1_584' title='bbox 1081 815 1088 826; x_wconf 94' lang='lat'><strong>,</strong></span> <span class='ocrx_word' id='word_1_585' title='bbox 1104 802 1156 821; x_wconf 92' lang='lat' dir='ltr'><strong>non</strong></span> <span class='ocrx_word' id='word_1_586' title='bbox 1171 800 1232 821; x_wconf 88' lang='lat' dir='ltr'><strong>sunt</strong></span> <span class='ocrx_word' id='word_1_587' title='bbox 1250 800 1302 821; x_wconf 89' lang='lat' dir='ltr'><strong>tua.</strong></span> <span class='ocrx_word' id='word_1_588' title='bbox 1317 794 1367 822; x_wconf 87' lang='lat' dir='ltr'><strong>Ubi</strong></span> <span class='ocrx_word' id='word_1_589' title='bbox 1389 799 1450 822; x_wconf 87' lang='lat' dir='ltr'><strong>sunt</strong></span> <span class='ocrx_word' id='word_1_590' title='bbox 1465 795 1542 822; x_wconf 83' lang='lat' dir='ltr'><strong>verba</strong></span> <span class='ocrx_word' id='word_1_591' title='bbox 1556 794 1681 827; x_wconf 88' lang='lat' dir='ltr'><strong>divitum,</strong></span> <span class='ocrx_word' id='word_1_592' title='bbox 1696 794 1800 822; x_wconf 87' lang='lat' dir='ltr'><strong>etdivi-</strong></span> 
     </span>
    </p>
   </div>
   <div class='ocr_carea' id='block_1_75' title="bbox 1008 834 1802 875">
    <p class='ocr_par' dir='ltr' id='par_1_75' title="bbox 1008 834 1802 875">
     <span class='ocr_line' id='line_1_75' title="bbox 1008 834 1802 875; baseline 0 -9"><span class='ocrx_word' id='word_1_593' title='bbox 1008 839 1077 866; x_wconf 86' lang='lat' dir='ltr'><strong>tibus</strong></span> <span class='ocrx_word' id='word_1_594' title='bbox 1085 839 1259 871; x_wconf 82' lang='lat' dir='ltr'><strong>adulantium.</strong></span> <span class='ocrx_word' id='word_1_595' title='bbox 1269 840 1374 875; x_wconf 86' lang='lat' dir='ltr'><strong>quando</strong></span> <span class='ocrx_word' id='word_1_596' title='bbox 1385 840 1473 867; x_wconf 88' lang='lat' dir='ltr'><strong>vident</strong></span> <span class='ocrx_word' id='word_1_597' title='bbox 1482 840 1597 875; x_wconf 88' lang='lat' dir='ltr'><strong>aliquem</strong></span> <span class='ocrx_word' id='word_1_598' title='bbox 1609 834 1709 868; x_wconf 85' lang='lat' dir='ltr'><strong>deliciis</strong></span> <span class='ocrx_word' id='word_1_599' title='bbox 1718 840 1726 855; x_wconf 89' lang='grc'>¹</span> <span class='ocrx_word' id='word_1_600' title='bbox 1735 844 1802 867; x_wconf 91' lang='lat' dir='ltr'><strong>tem-</strong></span> 
     </span>
    </p>
   </div>
   <div class='ocr_carea' id='block_1_76' title="bbox 1008 885 1799 919">
    <p class='ocr_par' dir='ltr' id='par_1_76' title="bbox 1008 885 1799 919">
     <span class='ocr_line' id='line_1_76' title="bbox 1008 885 1799 919; baseline 0.003 -9"><span class='ocrx_word' id='word_1_601' title='bbox 1008 885 1142 919; x_wconf 86' lang='lat' dir='ltr'><strong>poralibus</strong></span> <span class='ocrx_word' id='word_1_602' title='bbox 1161 885 1313 913; x_wconf 80' lang='lat' dir='ltr'><strong>afﬂuentem</strong></span> <span class='ocrx_word' id='word_1_603' title='bbox 1325 908 1331 918; x_wconf 84' lang='lat'><strong>,</strong></span> <span class='ocrx_word' id='word_1_604' title='bbox 1353 886 1530 913; x_wconf 82' lang='lat' dir='ltr'><strong>abundantem</strong></span> <span class='ocrx_word' id='word_1_605' title='bbox 1549 886 1574 912; x_wconf 88' lang='lat' dir='ltr'><strong>in</strong></span> <span class='ocrx_word' id='word_1_606' title='bbox 1591 891 1675 919; x_wconf 89' lang='lat' dir='ltr'><strong>terra,</strong></span> <span class='ocrx_word' id='word_1_607' title='bbox 1701 889 1799 912; x_wconf 83' lang='lat' dir='ltr'><strong>terram</strong></span> 
     </span>
    </p>
   </div>
   <div class='ocr_carea' id='block_1_77' title="bbox 1007 929 1802 968">
    <p class='ocr_par' dir='ltr' id='par_1_77' title="bbox 1007 929 1802 968">
     <span class='ocr_line' id='line_1_77' title="bbox 1007 929 1802 968; baseline 0.001 -11"><span class='ocrx_word' id='word_1_608' title='bbox 1007 930 1155 965; x_wconf 87' lang='lat' dir='ltr'><strong>rapientem</strong></span> <span class='ocrx_word' id='word_1_609' title='bbox 1187 935 1214 958; x_wconf 89' lang='lat' dir='ltr'><strong>et</strong></span> <span class='ocrx_word' id='word_1_610' title='bbox 1239 936 1460 966; x_wconf 76' lang='lat' dir='ltr'><strong>cxaggerantem,</strong></span> <span class='ocrx_word' id='word_1_611' title='bbox 1483 936 1509 958; x_wconf 90' lang='lat' dir='ltr'><strong>et</strong></span> <span class='ocrx_word' id='word_1_612' title='bbox 1536 931 1684 958; x_wconf 86' lang='lat' dir='ltr'><strong>trahentem</strong></span> <span class='ocrx_word' id='word_1_613' title='bbox 1710 929 1745 968; x_wconf 63' lang='lat' dir='ltr'><strong>pd</strong></span> <span class='ocrx_word' id='word_1_614' title='bbox 1771 938 1802 958; x_wconf 84' lang='lat' dir='ltr'><strong>se</strong></span> 
     </span>
    </p>
   </div>
   <div class='ocr_carea' id='block_1_78' title="bbox 1008 967 1800 1013">
    <p class='ocr_par' dir='ltr' id='par_1_78' title="bbox 1008 967 1800 1013">
     <span class='ocr_line' id='line_1_78' title="bbox 1008 967 1800 1013; baseline -0.001 -10"><span class='ocrx_word' id='word_1_615' title='bbox 1008 976 1142 1011; x_wconf 90' lang='lat' dir='ltr'><strong>plumbum</strong></span> <span class='ocrx_word' id='word_1_616' title='bbox 1157 985 1217 1004; x_wconf 88' lang='lat' dir='ltr'><strong>cum</strong></span> <span class='ocrx_word' id='word_1_617' title='bbox 1228 967 1479 1013; x_wconf 66' lang='lat' dir='ltr'><strong>quddemergatnr?</strong></span> <span class='ocrx_word' id='word_1_618' title='bbox 1491 976 1596 1005; x_wconf 87' lang='lat' dir='ltr'><strong>Grande</strong></span> <span class='ocrx_word' id='word_1_619' title='bbox 1610 977 1682 1004; x_wconf 91' lang='lat' dir='ltr'><strong>enim</strong></span> <span class='ocrx_word' id='word_1_620' title='bbox 1697 967 1800 1011; x_wconf 84' lang='lat' dir='ltr'><strong>pondus</strong></span> 
     </span>
    </p>
   </div>
   <div class='ocr_carea' id='block_1_79' title="bbox 1007 1022 1801 1058">
    <p class='ocr_par' dir='ltr' id='par_1_79' title="bbox 1007 1022 1801 1058">
     <span class='ocr_line' id='line_1_79' title="bbox 1007 1022 1801 1058; baseline -0.003 -8"><span class='ocrx_word' id='word_1_621' title='bbox 1007 1022 1081 1050; x_wconf 91' lang='lat' dir='ltr'><strong>illum</strong></span> <span class='ocrx_word' id='word_1_622' title='bbox 1096 1022 1203 1050; x_wconf 90' lang='lat' dir='ltr'><strong>divitem</strong></span> <span class='ocrx_word' id='word_1_623' title='bbox 1219 1022 1253 1050; x_wconf 89' lang='lat' dir='ltr'><strong>ad</strong></span> <span class='ocrx_word' id='word_1_624' title='bbox 1267 1023 1369 1050; x_wconf 87' lang='lat' dir='ltr'><strong>inferna</strong></span> <span class='ocrx_word' id='word_1_625' title='bbox 1381 1022 1520 1058; x_wconf 84' lang='lat' dir='ltr'><strong>perduxit,</strong></span> <span class='ocrx_word' id='word_1_626' title='bbox 1536 1027 1564 1050; x_wconf 92' lang='lat' dir='ltr'><strong>et</strong></span> <span class='ocrx_word' id='word_1_627' title='bbox 1585 1022 1690 1049; x_wconf 84' lang='lat' dir='ltr'><strong>sarcina</strong></span> <span class='ocrx_word' id='word_1_628' title='bbox 1714 1022 1801 1056; x_wconf 77' lang='lat' dir='ltr'><strong>gravis</strong></span> 
     </span>
    </p>
   </div>
   <div class='ocr_carea' id='block_1_80' title="bbox 1007 1067 1801 1104">
    <p class='ocr_par' dir='ltr' id='par_1_80' title="bbox 1007 1067 1801 1104">
     <span class='ocr_line' id='line_1_80' title="bbox 1007 1067 1801 1104; baseline -0.001 -9"><span class='ocrx_word' id='word_1_629' title='bbox 1007 1076 1090 1103; x_wconf 90' lang='lat' dir='ltr'><strong>usque</strong></span> <span class='ocrx_word' id='word_1_630' title='bbox 1111 1068 1144 1095; x_wconf 89' lang='lat' dir='ltr'><strong>ad</strong></span> <span class='ocrx_word' id='word_1_631' title='bbox 1165 1069 1216 1095; x_wconf 91' lang='lat' dir='ltr'><strong>ima</strong></span> <span class='ocrx_word' id='word_1_632' title='bbox 1239 1068 1380 1104; x_wconf 78' lang='lat' dir='ltr'><strong>depressit.</strong></span> <span class='ocrx_word' id='word_1_633' title='bbox 1394 1069 1452 1095; x_wconf 86' lang='lat' dir='ltr'><strong>Non</strong></span> <span class='ocrx_word' id='word_1_634' title='bbox 1466 1069 1537 1095; x_wconf 86' lang='lat' dir='ltr'><strong>enim</strong></span> <span class='ocrx_word' id='word_1_635' title='bbox 1559 1068 1695 1099; x_wconf 81' lang='lat' dir='ltr'><strong>audierat,</strong></span> <span class='ocrx_word' id='word_1_636' title='bbox 1713 1067 1801 1094; x_wconf 83' lang='lat' dir='ltr'><strong>Vcnita</strong></span> 
     </span>
    </p>
   </div>
   <div class='ocr_carea' id='block_1_81' title="bbox 1007 1113 1800 1149">
    <p class='ocr_par' dir='ltr' id='par_1_81' title="bbox 1007 1113 1800 1149">
     <span class='ocr_line' id='line_1_81' title="bbox 1007 1113 1800 1149; baseline -0.001 -9"><span class='ocrx_word' id='word_1_637' title='bbox 1007 1114 1041 1140; x_wconf 83' lang='lat' dir='ltr'><strong>ad</strong></span> <span class='ocrx_word' id='word_1_638' title='bbox 1057 1122 1113 1146; x_wconf 89' lang='lat' dir='ltr'><strong>me,</strong></span> <span class='ocrx_word' id='word_1_639' title='bbox 1129 1114 1172 1148; x_wconf 86' lang='lat' dir='ltr'><strong>qui</strong></span> <span class='ocrx_word' id='word_1_640' title='bbox 1195 1114 1315 1141; x_wconf 83' lang='lat' dir='ltr'><strong>laboratis</strong></span> <span class='ocrx_word' id='word_1_641' title='bbox 1339 1119 1360 1141; x_wconf 83' lang='lat' dir='ltr'><strong>et</strong></span> <span class='ocrx_word' id='word_1_642' title='bbox 1386 1114 1482 1141; x_wconf 82' lang='lat' dir='ltr'><strong>onerati</strong></span> <span class='ocrx_word' id='word_1_643' title='bbox 1503 1113 1572 1140; x_wconf 75' lang='lat' dir='ltr'><strong>estis.</strong></span> <span class='ocrx_word' id='word_1_644' title='bbox 1597 1113 1693 1149; x_wconf 83' lang='lat' dir='ltr'><strong>Jugum</strong></span> <span class='ocrx_word' id='word_1_645' title='bbox 1719 1122 1800 1140; x_wconf 76' lang='lat' dir='ltr'><strong>meum</strong></span> 
     </span>
    </p>
   </div>
   <div class='ocr_carea' id='block_1_82' title="bbox 1008 1158 1798 1194">
    <p class='ocr_par' dir='ltr' id='par_1_82' title="bbox 1008 1158 1798 1194">
     <span class='ocr_line' id='line_1_82' title="bbox 1008 1158 1798 1194; baseline -0.001 -9"><span class='ocrx_word' id='word_1_646' title='bbox 1008 1158 1062 1185; x_wconf 82' lang='lat' dir='ltr'><strong>lene</strong></span> <span class='ocrx_word' id='word_1_647' title='bbox 1076 1163 1128 1190; x_wconf 78' lang='lat' dir='ltr'><strong>est,</strong></span> <span class='ocrx_word' id='word_1_648' title='bbox 1146 1164 1169 1186; x_wconf 78' lang='lat' dir='ltr'><strong>et</strong></span> <span class='ocrx_word' id='word_1_649' title='bbox 1188 1159 1287 1186; x_wconf 87' lang='lat' dir='ltr'><strong>sarcina</strong></span> <span class='ocrx_word' id='word_1_650' title='bbox 1300 1167 1354 1186; x_wconf 87' lang='lat' dir='ltr'><strong>mea</strong></span> <span class='ocrx_word' id='word_1_651' title='bbox 1368 1159 1427 1186; x_wconf 80' lang='lat' dir='ltr'><strong>levis</strong></span> <span class='ocrx_word' id='word_1_652' title='bbox 1440 1164 1476 1185; x_wconf 80' lang='lat' dir='ltr'><strong>est</strong></span> <span class='ocrx_word' id='word_1_653' title='bbox 1491 1158 1597 1194; x_wconf 78' lang='lat' dir='ltr'><strong>(Matth.</strong></span> <span class='ocrx_word' id='word_1_654' title='bbox 1614 1167 1640 1186; x_wconf 74' lang='lat' dir='ltr'><strong>xt</strong></span> <span class='ocrx_word' id='word_1_655' title='bbox 1651 1179 1658 1190; x_wconf 85' lang='lat'><strong>,</strong></span> <span class='ocrx_word' id='word_1_656' title='bbox 1674 1158 1709 1185; x_wconf 66' lang='lat'><strong>98</strong></span> <span class='ocrx_word' id='word_1_657' title='bbox 1719 1180 1726 1191; x_wconf 83' lang='grc'>,</span> <span class='ocrx_word' id='word_1_658' title='bbox 1741 1159 1798 1193; x_wconf 69' lang='grc'><strong>29).</strong></span> 
     </span>
    </p>
   </div>
   <div class='ocr_carea' id='block_1_83' title="bbox 1006 1203 1801 1240">
    <p class='ocr_par' dir='ltr' id='par_1_83' title="bbox 1006 1203 1801 1240">
     <span class='ocr_line' id='line_1_83' title="bbox 1006 1203 1801 1240; baseline 0 -9"><span class='ocrx_word' id='word_1_659' title='bbox 1006 1204 1116 1231; x_wconf 86' lang='lat' dir='ltr'><strong>Sarcina</strong></span> <span class='ocrx_word' id='word_1_660' title='bbox 1130 1203 1226 1232; x_wconf 89' lang='lat' dir='ltr'><strong>Christi</strong></span> <span class='ocrx_word' id='word_1_661' title='bbox 1244 1212 1337 1239; x_wconf 74' lang='lat' dir='ltr'><strong>penum</strong></span> <span class='ocrx_word' id='word_1_662' title='bbox 1361 1208 1431 1231; x_wconf 88' lang='lat' dir='ltr'><strong>sunt.</strong></span> <span class='ocrx_word' id='word_1_663' title='bbox 1455 1204 1502 1231; x_wconf 90' lang='lat' dir='ltr'><strong>llis</strong></span> <span class='ocrx_word' id='word_1_664' title='bbox 1527 1205 1620 1240; x_wconf 84' lang='lat' dir='ltr'><strong>pennis</strong></span> <span class='ocrx_word' id='word_1_665' title='bbox 1636 1205 1679 1233; x_wconf 84' lang='lat' dir='ltr'><strong>ille</strong></span> <span class='ocrx_word' id='word_1_666' title='bbox 1702 1213 1801 1240; x_wconf 84' lang='lat' dir='ltr'><strong>panper</strong></span> 
     </span>
    </p>
   </div>
   <div class='ocr_carea' id='block_1_84' title="bbox 1007 1249 1800 1284">
    <p class='ocr_par' dir='ltr' id='par_1_84' title="bbox 1007 1249 1800 1284">
     <span class='ocr_line' id='line_1_84' title="bbox 1007 1249 1800 1284; baseline 0 -8"><span class='ocrx_word' id='word_1_667' title='bbox 1007 1250 1033 1277; x_wconf 92' lang='lat' dir='ltr'><strong>in</strong></span> <span class='ocrx_word' id='word_1_668' title='bbox 1049 1250 1136 1277; x_wconf 86' lang='lat' dir='ltr'><strong>sinum</strong></span> <span class='ocrx_word' id='word_1_669' title='bbox 1150 1249 1264 1277; x_wconf 74' lang='lat' dir='ltr'><strong>Abrahte</strong></span> <span class='ocrx_word' id='word_1_670' title='bbox 1280 1249 1387 1277; x_wconf 84' lang='lat' dir='ltr'><strong>volavit.</strong></span> <span class='ocrx_word' id='word_1_671' title='bbox 1399 1249 1477 1277; x_wconf 83' lang='lat' dir='ltr'><strong>Dives</strong></span> <span class='ocrx_word' id='word_1_672' title='bbox 1490 1257 1554 1284; x_wconf 79' lang='lat' dir='ltr'><strong>ergo</strong></span> <span class='ocrx_word' id='word_1_673' title='bbox 1575 1249 1625 1276; x_wconf 85' lang='lat' dir='ltr'><strong>hoc</strong></span> <span class='ocrx_word' id='word_1_674' title='bbox 1644 1250 1736 1277; x_wconf 87' lang='lat' dir='ltr'><strong>audire</strong></span> <span class='ocrx_word' id='word_1_675' title='bbox 1752 1258 1800 1277; x_wconf 89' lang='lat' dir='ltr'><strong>no-</strong></span> 
     </span>
    </p>
   </div>
   <div class='ocr_carea' id='block_1_85' title="bbox 1007 1294 1801 1330">
    <p class='ocr_par' dir='ltr' id='par_1_85' title="bbox 1007 1294 1801 1330">
     <span class='ocr_line' id='line_1_85' title="bbox 1007 1294 1801 1330; baseline -0.001 -8"><span class='ocrx_word' id='word_1_676' title='bbox 1007 1294 1064 1322; x_wconf 91' lang='lat' dir='ltr'><strong>luit.</strong></span> <span class='ocrx_word' id='word_1_677' title='bbox 1076 1294 1247 1322; x_wconf 79' lang='lat' dir='ltr'><strong>Adnlantium</strong></span> <span class='ocrx_word' id='word_1_678' title='bbox 1261 1295 1330 1322; x_wconf 88' lang='lat' dir='ltr'><strong>enim</strong></span> <span class='ocrx_word' id='word_1_679' title='bbox 1345 1295 1448 1329; x_wconf 75' lang='lat' dir='ltr'><strong>linguas</strong></span> <span class='ocrx_word' id='word_1_680' title='bbox 1461 1295 1568 1322; x_wconf 86' lang='lat' dir='ltr'><strong>audivit.</strong></span> <span class='ocrx_word' id='word_1_681' title='bbox 1584 1295 1629 1321; x_wconf 85' lang='lat' dir='ltr'><strong>llis</strong></span> <span class='ocrx_word' id='word_1_682' title='bbox 1644 1295 1740 1330; x_wconf 82' lang='lat' dir='ltr'><strong>linguis</strong></span> <span class='ocrx_word' id='word_1_683' title='bbox 1752 1295 1801 1322; x_wconf 86' lang='lat' dir='ltr'><strong>ad-</strong></span> 
     </span>
    </p>
   </div>
   <div class='ocr_carea' id='block_1_86' title="bbox 1007 1339 1800 1375">
    <p class='ocr_par' dir='ltr' id='par_1_86' title="bbox 1007 1339 1800 1375">
     <span class='ocr_line' id='line_1_86' title="bbox 1007 1339 1800 1375; baseline -0.003 -7"><span class='ocrx_word' id='word_1_684' title='bbox 1007 1348 1099 1368; x_wconf 87' lang='lat' dir='ltr'><strong>versus</strong></span> <span class='ocrx_word' id='word_1_685' title='bbox 1112 1340 1261 1375; x_wconf 83' lang='lat' dir='ltr'><strong>Prophetas</strong></span> <span class='ocrx_word' id='word_1_686' title='bbox 1276 1339 1433 1367; x_wconf 86' lang='lat' dir='ltr'><strong>obsurduit:</strong></span> <span class='ocrx_word' id='word_1_687' title='bbox 1449 1340 1543 1375; x_wconf 80' lang='lat' dir='ltr'><strong>linguis</strong></span> <span class='ocrx_word' id='word_1_688' title='bbox 1555 1340 1623 1367; x_wconf 91' lang='lat' dir='ltr'><strong>male</strong></span> <span class='ocrx_word' id='word_1_689' title='bbox 1639 1340 1800 1367; x_wconf 88' lang='lat' dir='ltr'><strong>laudantium</strong></span> 
     </span>
    </p>
   </div>
   <div class='ocr_carea' id='block_1_87' title="bbox 1006 1386 1801 1421">
    <p class='ocr_par' dir='ltr' id='par_1_87' title="bbox 1006 1386 1801 1421">
     <span class='ocr_line' id='line_1_87' title="bbox 1006 1386 1801 1421; baseline -0.004 -6"><span class='ocrx_word' id='word_1_690' title='bbox 1006 1391 1035 1415; x_wconf 76' lang='lat' dir='ltr'><strong>ct</strong></span> <span class='ocrx_word' id='word_1_691' title='bbox 1045 1387 1189 1415; x_wconf 80' lang='lat' dir='ltr'><strong>dicentium</strong></span> <span class='ocrx_word' id='word_1_692' title='bbox 1201 1408 1208 1419; x_wconf 78' lang='lat'><strong>,</strong></span> <span class='ocrx_word' id='word_1_693' title='bbox 1223 1387 1277 1414; x_wconf 89' lang='lat' dir='ltr'><strong>Soli</strong></span> <span class='ocrx_word' id='word_1_694' title='bbox 1290 1387 1355 1414; x_wconf 86' lang='lat' dir='ltr'><strong>estis</strong></span> <span class='ocrx_word' id='word_1_695' title='bbox 1365 1407 1373 1419; x_wconf 79' lang='lat'><strong>,</strong></span> <span class='ocrx_word' id='word_1_696' title='bbox 1389 1387 1439 1414; x_wconf 86' lang='lat' dir='ltr'><strong>soli</strong></span> <span class='ocrx_word' id='word_1_697' title='bbox 1450 1386 1547 1414; x_wconf 88' lang='lat' dir='ltr'><strong>vivitis.</strong></span> <span class='ocrx_word' id='word_1_698' title='bbox 1562 1387 1632 1421; x_wconf 84' lang='lat' dir='ltr'><strong>Ergo</strong></span> <span class='ocrx_word' id='word_1_699' title='bbox 1642 1408 1648 1419; x_wconf 87' lang='lat'><strong>,</strong></span> <span class='ocrx_word' id='word_1_700' title='bbox 1665 1386 1801 1420; x_wconf 79' lang='lat' dir='ltr'><strong>Perrepisti</strong></span> 
     </span>
    </p>
   </div>
   <div class='ocr_carea' id='block_1_88' title="bbox 1007 1431 1800 1463">
    <p class='ocr_par' dir='ltr' id='par_1_88' title="bbox 1007 1431 1800 1463">
     <span class='ocr_line' id='line_1_88' title="bbox 1007 1431 1800 1463; baseline -0.003 -4"><span class='ocrx_word' id='word_1_701' title='bbox 1007 1432 1072 1460; x_wconf 85' lang='lat' dir='ltr'><strong>bona</strong></span> <span class='ocrx_word' id='word_1_702' title='bbox 1083 1438 1126 1459; x_wconf 86' lang='lat' dir='ltr'><strong>tua</strong></span> <span class='ocrx_word' id='word_1_703' title='bbox 1145 1433 1172 1459; x_wconf 85' lang='lat' dir='ltr'><strong>in</strong></span> <span class='ocrx_word' id='word_1_704' title='bbox 1186 1433 1236 1459; x_wconf 69' lang='lat' dir='ltr'><strong>vita</strong></span> <span class='ocrx_word' id='word_1_705' title='bbox 1249 1437 1302 1459; x_wconf 84' lang='lat' dir='ltr'><strong>tua.</strong></span> <span class='ocrx_word' id='word_1_706' title='bbox 1323 1433 1384 1460; x_wconf 73' lang='lat' dir='ltr'><strong>llzcc</strong></span> <span class='ocrx_word' id='word_1_707' title='bbox 1404 1433 1474 1460; x_wconf 91' lang='lat' dir='ltr'><strong>enim</strong></span> <span class='ocrx_word' id='word_1_708' title='bbox 1490 1432 1559 1459; x_wconf 90' lang='lat' dir='ltr'><strong>bona</strong></span> <span class='ocrx_word' id='word_1_709' title='bbox 1575 1437 1617 1459; x_wconf 93' lang='lat' dir='ltr'><strong>tua</strong></span> <span class='ocrx_word' id='word_1_710' title='bbox 1629 1431 1800 1463; x_wconf 76' lang='lat' dir='ltr'><strong>existimasti;</strong></span> 
     </span>
    </p>
   </div>
   <div class='ocr_carea' id='block_1_89' title="bbox 1007 1477 1800 1513">
    <p class='ocr_par' dir='ltr' id='par_1_89' title="bbox 1007 1477 1800 1513">
     <span class='ocr_line' id='line_1_89' title="bbox 1007 1477 1800 1513; baseline -0.004 -7"><span class='ocrx_word' id='word_1_711' title='bbox 1007 1479 1057 1506; x_wconf 90' lang='lat' dir='ltr'><strong>alia</strong></span> <span class='ocrx_word' id='word_1_712' title='bbox 1070 1487 1122 1506; x_wconf 85' lang='lat' dir='ltr'><strong>non</strong></span> <span class='ocrx_word' id='word_1_713' title='bbox 1137 1478 1290 1512; x_wconf 88' lang='lat' dir='ltr'><strong>credidisti,</strong></span> <span class='ocrx_word' id='word_1_714' title='bbox 1305 1486 1356 1506; x_wconf 93' lang='lat' dir='ltr'><strong>non</strong></span> <span class='ocrx_word' id='word_1_715' title='bbox 1369 1478 1496 1513; x_wconf 89' lang='lat' dir='ltr'><strong>sperasti:</strong></span> <span class='ocrx_word' id='word_1_716' title='bbox 1511 1478 1642 1513; x_wconf 77' lang='lat' dir='ltr'><strong>percepisti</strong></span> <span class='ocrx_word' id='word_1_717' title='bbox 1654 1477 1696 1504; x_wconf 87' lang='lat' dir='ltr'><strong>illa</strong></span> <span class='ocrx_word' id='word_1_718' title='bbox 1712 1477 1737 1503; x_wconf 89' lang='lat' dir='ltr'><strong>in</strong></span> <span class='ocrx_word' id='word_1_719' title='bbox 1751 1477 1800 1503; x_wconf 82' lang='lat' dir='ltr'><strong>vita</strong></span> 
     </span>
    </p>
   </div>
   <div class='ocr_carea' id='block_1_90' title="bbox 1008 1522 1802 1558">
    <p class='ocr_par' dir='ltr' id='par_1_90' title="bbox 1008 1522 1802 1558">
     <span class='ocr_line' id='line_1_90' title="bbox 1008 1522 1802 1558; baseline -0.003 -7"><span class='ocrx_word' id='word_1_720' title='bbox 1008 1529 1060 1551; x_wconf 84' lang='lat' dir='ltr'><strong>tua.</strong></span> <span class='ocrx_word' id='word_1_721' title='bbox 1077 1524 1149 1552; x_wconf 86' lang='lat' dir='ltr'><strong>Illam</strong></span> <span class='ocrx_word' id='word_1_722' title='bbox 1161 1524 1231 1551; x_wconf 87' lang='lat' dir='ltr'><strong>enim</strong></span> <span class='ocrx_word' id='word_1_723' title='bbox 1243 1524 1327 1551; x_wconf 85' lang='lat' dir='ltr'><strong>solam</strong></span> <span class='ocrx_word' id='word_1_724' title='bbox 1337 1524 1415 1551; x_wconf 89' lang='lat' dir='ltr'><strong>vitam</strong></span> <span class='ocrx_word' id='word_1_725' title='bbox 1429 1528 1498 1550; x_wconf 89' lang='lat' dir='ltr'><strong>tuam</strong></span> <span class='ocrx_word' id='word_1_726' title='bbox 1511 1523 1616 1558; x_wconf 80' lang='lat' dir='ltr'><strong>putasti.</strong></span> <span class='ocrx_word' id='word_1_727' title='bbox 1627 1522 1732 1557; x_wconf 86' lang='lat' dir='ltr'><strong>quando</strong></span> <span class='ocrx_word' id='word_1_728' title='bbox 1744 1526 1802 1556; x_wconf 81' lang='lat' dir='ltr'><strong>p0st</strong></span> 
     </span>
    </p>
   </div>
   <div class='ocr_carea' id='block_1_91' title="bbox 1008 1567 1800 1604">
    <p class='ocr_par' dir='ltr' id='par_1_91' title="bbox 1008 1567 1800 1604">
     <span class='ocr_line' id='line_1_91' title="bbox 1008 1567 1800 1604; baseline -0.003 -8"><span class='ocrx_word' id='word_1_729' title='bbox 1008 1575 1120 1596; x_wconf 89' lang='lat' dir='ltr'><strong>tnortcm</strong></span> <span class='ocrx_word' id='word_1_730' title='bbox 1144 1569 1208 1596; x_wconf 91' lang='lat' dir='ltr'><strong>nihil</strong></span> <span class='ocrx_word' id='word_1_731' title='bbox 1224 1569 1343 1596; x_wconf 86' lang='lat' dir='ltr'><strong>futurum</strong></span> <span class='ocrx_word' id='word_1_732' title='bbox 1366 1569 1493 1604; x_wconf 85' lang='lat' dir='ltr'><strong>sperasti,</strong></span> <span class='ocrx_word' id='word_1_733' title='bbox 1510 1568 1576 1596; x_wconf 89' lang='lat' dir='ltr'><strong>nihil</strong></span> <span class='ocrx_word' id='word_1_734' title='bbox 1592 1569 1667 1595; x_wconf 85' lang='lat' dir='ltr'><strong>triste</strong></span> <span class='ocrx_word' id='word_1_735' title='bbox 1681 1567 1800 1595; x_wconf 79' lang='lat' dir='ltr'><strong>timuisti.</strong></span> 
     </span>
    </p>
   </div>
   <div class='ocr_carea' id='block_1_92' title="bbox 1009 1613 1801 1650">
    <p class='ocr_par' dir='ltr' id='par_1_92' title="bbox 1009 1613 1801 1650">
     <span class='ocr_line' id='line_1_92' title="bbox 1009 1613 1801 1650; baseline -0.003 -8"><span class='ocrx_word' id='word_1_736' title='bbox 1009 1614 1147 1650; x_wconf 74' lang='lat' dir='ltr'><strong>Percepisti</strong></span> <span class='ocrx_word' id='word_1_737' title='bbox 1157 1623 1219 1650; x_wconf 78' lang='lat' dir='ltr'><strong>ergo</strong></span> <span class='ocrx_word' id='word_1_738' title='bbox 1230 1615 1293 1642; x_wconf 89' lang='lat' dir='ltr'><strong>bona</strong></span> <span class='ocrx_word' id='word_1_739' title='bbox 1302 1620 1344 1641; x_wconf 86' lang='lat' dir='ltr'><strong>tua</strong></span> <span class='ocrx_word' id='word_1_740' title='bbox 1354 1615 1379 1641; x_wconf 89' lang='lat' dir='ltr'><strong>in</strong></span> <span class='ocrx_word' id='word_1_741' title='bbox 1391 1615 1439 1641; x_wconf 81' lang='lat' dir='ltr'><strong>rita</strong></span> <span class='ocrx_word' id='word_1_742' title='bbox 1449 1619 1501 1647; x_wconf 89' lang='lat' dir='ltr'><strong>tua,</strong></span> <span class='ocrx_word' id='word_1_743' title='bbox 1513 1613 1626 1641; x_wconf 71' lang='lat' dir='ltr'><strong>Lazarus</strong></span> <span class='ocrx_word' id='word_1_744' title='bbox 1633 1619 1715 1640; x_wconf 82' lang='lat' dir='ltr'><strong>autem</strong></span> <span class='ocrx_word' id='word_1_745' title='bbox 1724 1613 1801 1640; x_wconf 83' lang='lat' dir='ltr'><strong>mala.</strong></span> 
     </span>
    </p>
   </div>
   <div class='ocr_carea' id='block_1_93' title="bbox 1008 1659 1802 1694">
    <p class='ocr_par' dir='ltr' id='par_1_93' title="bbox 1008 1659 1802 1694">
     <span class='ocr_line' id='line_1_93' title="bbox 1008 1659 1802 1694; baseline -0.004 -7"><span class='ocrx_word' id='word_1_746' title='bbox 1008 1660 1064 1688; x_wconf 84' lang='lat' dir='ltr'><strong>Non</strong></span> <span class='ocrx_word' id='word_1_747' title='bbox 1079 1660 1158 1693; x_wconf 71' lang='lat' dir='ltr'><strong>dixit,</strong></span> <span class='ocrx_word' id='word_1_748' title='bbox 1173 1660 1243 1693; x_wconf 87' lang='lat' dir='ltr'><strong>Sua;</strong></span> <span class='ocrx_word' id='word_1_749' title='bbox 1258 1660 1315 1692; x_wconf 84' lang='lat' dir='ltr'><strong>sed,</strong></span> <span class='ocrx_word' id='word_1_750' title='bbox 1328 1660 1405 1692; x_wconf 75' lang='lat' dir='ltr'><strong>&quot;tatu,</strong></span> <span class='ocrx_word' id='word_1_751' title='bbox 1418 1667 1478 1694; x_wconf 69' lang='lat' dir='ltr'><strong>qum</strong></span> <span class='ocrx_word' id='word_1_752' title='bbox 1490 1659 1610 1687; x_wconf 80' lang='lat' dir='ltr'><strong>homines</strong></span> <span class='ocrx_word' id='word_1_753' title='bbox 1626 1664 1727 1694; x_wconf 84' lang='lat' dir='ltr'><strong>putant,</strong></span> <span class='ocrx_word' id='word_1_754' title='bbox 1744 1666 1802 1692; x_wconf 74' lang='lat' dir='ltr'><strong>qua:</strong></span> 
     </span>
    </p>
   </div>
   <div class='ocr_carea' id='block_1_94' title="bbox 1009 1705 1794 1741">
    <p class='ocr_par' dir='ltr' id='par_1_94' title="bbox 1009 1705 1794 1741">
     <span class='ocr_line' id='line_1_94' title="bbox 1009 1705 1794 1741; baseline -0.003 -8"><span class='ocrx_word' id='word_1_755' title='bbox 1009 1706 1130 1734; x_wconf 83' lang='lat' dir='ltr'><strong>homines</strong></span> <span class='ocrx_word' id='word_1_756' title='bbox 1139 1707 1242 1739; x_wconf 88' lang='lat' dir='ltr'><strong>timent,</strong></span> <span class='ocrx_word' id='word_1_757' title='bbox 1252 1714 1311 1741; x_wconf 77' lang='lat' dir='ltr'><strong>qua:</strong></span> <span class='ocrx_word' id='word_1_758' title='bbox 1320 1706 1440 1733; x_wconf 84' lang='lat' dir='ltr'><strong>homines</strong></span> <span class='ocrx_word' id='word_1_759' title='bbox 1447 1713 1494 1740; x_wconf 90' lang='lat' dir='ltr'><strong>pro</strong></span> <span class='ocrx_word' id='word_1_760' title='bbox 1503 1713 1598 1741; x_wconf 80' lang='lat' dir='ltr'><strong>magno</strong></span> <span class='ocrx_word' id='word_1_761' title='bbox 1606 1706 1733 1732; x_wconf 86' lang='lat' dir='ltr'><strong>devitant.</strong></span> <span class='ocrx_word' id='word_1_762' title='bbox 1743 1705 1794 1731; x_wconf 82' lang='lat' dir='ltr'><strong>f‘cr</strong></span> 
     </span>
    </p>
   </div>
   <div class='ocr_carea' id='block_1_95' title="bbox 1008 1750 1797 1786">
    <p class='ocr_par' dir='ltr' id='par_1_95' title="bbox 1008 1750 1797 1786">
     <span class='ocr_line' id='line_1_95' title="bbox 1008 1750 1797 1786; baseline -0.004 -8"><span class='ocrx_word' id='word_1_763' title='bbox 1008 1751 1078 1786; x_wconf 88' lang='lat' dir='ltr'><strong>cepit</strong></span> <span class='ocrx_word' id='word_1_764' title='bbox 1093 1751 1135 1778; x_wconf 81' lang='lat' dir='ltr'><strong>hic</strong></span> <span class='ocrx_word' id='word_1_765' title='bbox 1150 1750 1265 1778; x_wconf 82' lang='lat' dir='ltr'><strong>Lazarus</strong></span> <span class='ocrx_word' id='word_1_766' title='bbox 1284 1751 1362 1778; x_wconf 88' lang='lat' dir='ltr'><strong>mala.</strong></span> <span class='ocrx_word' id='word_1_767' title='bbox 1376 1751 1446 1777; x_wconf 85' lang='lat' dir='ltr'><strong>Bona</strong></span> <span class='ocrx_word' id='word_1_768' title='bbox 1463 1755 1506 1777; x_wconf 86' lang='lat' dir='ltr'><strong>tua</strong></span> <span class='ocrx_word' id='word_1_769' title='bbox 1519 1754 1581 1777; x_wconf 90' lang='lat' dir='ltr'><strong>tunc</strong></span> <span class='ocrx_word' id='word_1_770' title='bbox 1595 1758 1646 1777; x_wconf 92' lang='lat' dir='ltr'><strong>non</strong></span> <span class='ocrx_word' id='word_1_771' title='bbox 1663 1751 1797 1784; x_wconf 87' lang='lat' dir='ltr'><strong>percepit:</strong></span> 
     </span>
    </p>
   </div>
   <div class='ocr_carea' id='block_1_96' title="bbox 1008 1793 1801 1831">
    <p class='ocr_par' dir='ltr' id='par_1_96' title="bbox 1008 1793 1801 1831">
     <span class='ocr_line' id='line_1_96' title="bbox 1008 1793 1801 1831; baseline -0.005 -7"><span class='ocrx_word' id='word_1_772' title='bbox 1008 1805 1057 1824; x_wconf 88' lang='lat' dir='ltr'><strong>nec</strong></span> <span class='ocrx_word' id='word_1_773' title='bbox 1067 1801 1154 1824; x_wconf 83' lang='lat' dir='ltr'><strong>tamen</strong></span> <span class='ocrx_word' id='word_1_774' title='bbox 1165 1796 1279 1831; x_wconf 88' lang='lat' dir='ltr'><strong>perdidit</strong></span> <span class='ocrx_word' id='word_1_775' title='bbox 1287 1798 1306 1822; x_wconf 84' lang='lat'><strong>’.</strong></span> <span class='ocrx_word' id='word_1_776' title='bbox 1315 1796 1388 1823; x_wconf 86' lang='lat' dir='ltr'><strong>Sicut</strong></span> <span class='ocrx_word' id='word_1_777' title='bbox 1396 1799 1483 1822; x_wconf 87' lang='lat' dir='ltr'><strong>atttem</strong></span> <span class='ocrx_word' id='word_1_778' title='bbox 1493 1804 1543 1822; x_wconf 89' lang='lat' dir='ltr'><strong>non</strong></span> <span class='ocrx_word' id='word_1_779' title='bbox 1553 1795 1670 1822; x_wconf 87' lang='lat' dir='ltr'><strong>additum</strong></span> <span class='ocrx_word' id='word_1_780' title='bbox 1678 1799 1727 1825; x_wconf 81' lang='lat' dir='ltr'><strong>est.</strong></span> <span class='ocrx_word' id='word_1_781' title='bbox 1735 1793 1801 1826; x_wconf 85' lang='lat' dir='ltr'><strong>Sua;</strong></span> 
     </span>
    </p>
   </div>
   <div class='ocr_carea' id='block_1_97' title="bbox 1009 1839 1804 1873">
    <p class='ocr_par' dir='ltr' id='par_1_97' title="bbox 1009 1839 1804 1873">
     <span class='ocr_line' id='line_1_97' title="bbox 1009 1839 1804 1873; baseline -0.004 -3"><span class='ocrx_word' id='word_1_782' title='bbox 1009 1844 1047 1870; x_wconf 89' lang='lat' dir='ltr'><strong>sic</strong></span> <span class='ocrx_word' id='word_1_783' title='bbox 1064 1850 1113 1870; x_wconf 89' lang='lat' dir='ltr'><strong>nec</strong></span> <span class='ocrx_word' id='word_1_784' title='bbox 1130 1842 1181 1869; x_wconf 92' lang='lat' dir='ltr'><strong>hoc</strong></span> <span class='ocrx_word' id='word_1_785' title='bbox 1193 1842 1309 1869; x_wconf 87' lang='lat' dir='ltr'><strong>additum</strong></span> <span class='ocrx_word' id='word_1_786' title='bbox 1328 1845 1368 1868; x_wconf 87' lang='lat' dir='ltr'><strong>est</strong></span> <span class='ocrx_word' id='word_1_787' title='bbox 1382 1863 1388 1873; x_wconf 87' lang='lat'><strong>,</strong></span> <span class='ocrx_word' id='word_1_788' title='bbox 1408 1841 1434 1867; x_wconf 90' lang='lat' dir='ltr'><strong>lu</strong></span> <span class='ocrx_word' id='word_1_789' title='bbox 1451 1841 1503 1867; x_wconf 85' lang='lat' dir='ltr'><strong>vita</strong></span> <span class='ocrx_word' id='word_1_790' title='bbox 1517 1848 1575 1867; x_wconf 92' lang='lat' dir='ltr'><strong>sua.</strong></span> <span class='ocrx_word' id='word_1_791' title='bbox 1591 1841 1646 1867; x_wconf 83' lang='lat' dir='ltr'><strong>Alia</strong></span> <span class='ocrx_word' id='word_1_792' title='bbox 1662 1839 1732 1867; x_wconf 73' lang='lat' dir='ltr'><strong>enim</strong></span> <span class='ocrx_word' id='word_1_793' title='bbox 1747 1844 1804 1867; x_wconf 81' lang='lat' dir='ltr'><strong>erat</strong></span> 
     </span>
    </p>
   </div>
   <div class='ocr_carea' id='block_1_98' title="bbox 1010 1884 1803 1922">
    <p class='ocr_par' dir='ltr' id='par_1_98' title="bbox 1010 1884 1803 1922">
     <span class='ocr_line' id='line_1_98' title="bbox 1010 1884 1803 1922; baseline -0.004 -7"><span class='ocrx_word' id='word_1_794' title='bbox 1010 1889 1064 1915; x_wconf 84' lang='lat' dir='ltr'><strong>vita</strong></span> <span class='ocrx_word' id='word_1_795' title='bbox 1079 1888 1161 1922; x_wconf 86' lang='lat' dir='ltr'><strong>ipsius</strong></span> <span class='ocrx_word' id='word_1_796' title='bbox 1172 1908 1178 1920; x_wconf 86' lang='lat'><strong>,</strong></span> <span class='ocrx_word' id='word_1_797' title='bbox 1195 1895 1273 1922; x_wconf 89' lang='lat' dir='ltr'><strong>qttatn</strong></span> <span class='ocrx_word' id='word_1_798' title='bbox 1289 1886 1413 1921; x_wconf 67' lang='lat' dir='ltr'><strong>sperabat</strong></span> <span class='ocrx_word' id='word_1_799' title='bbox 1426 1886 1451 1913; x_wconf 95' lang='lat' dir='ltr'><strong>in</strong></span> <span class='ocrx_word' id='word_1_800' title='bbox 1466 1885 1525 1912; x_wconf 90' lang='lat' dir='ltr'><strong>sinu</strong></span> <span class='ocrx_word' id='word_1_801' title='bbox 1541 1885 1665 1912; x_wconf 62' lang='lat' dir='ltr'><strong>Abrahae.</strong></span> <span class='ocrx_word' id='word_1_802' title='bbox 1682 1884 1746 1911; x_wconf 86' lang='lat' dir='ltr'><strong>Nam</strong></span> <span class='ocrx_word' id='word_1_803' title='bbox 1761 1884 1803 1912; x_wconf 89' lang='lat' dir='ltr'><strong>ltic</strong></span> 
     </span>
    </p>
   </div>
   <div class='ocr_carea' id='block_1_99' title="bbox 1009 1930 1803 1964">
    <p class='ocr_par' dir='ltr' id='par_1_99' title="bbox 1009 1930 1803 1964">
     <span class='ocr_line' id='line_1_99' title="bbox 1009 1930 1803 1964; baseline -0.004 -4"><span class='ocrx_word' id='word_1_804' title='bbox 1009 1938 1129 1960; x_wconf 68' lang='lat' dir='ltr'><strong>mortuus</strong></span> <span class='ocrx_word' id='word_1_805' title='bbox 1151 1937 1224 1964; x_wconf 81' lang='lat' dir='ltr'><strong>erat,</strong></span> <span class='ocrx_word' id='word_1_806' title='bbox 1246 1931 1289 1959; x_wconf 92' lang='lat' dir='ltr'><strong>hic</strong></span> <span class='ocrx_word' id='word_1_807' title='bbox 1302 1939 1353 1959; x_wconf 91' lang='lat' dir='ltr'><strong>non</strong></span> <span class='ocrx_word' id='word_1_808' title='bbox 1375 1931 1481 1957; x_wconf 88' lang='lat' dir='ltr'><strong>vivebat</strong></span> <span class='ocrx_word' id='word_1_809' title='bbox 1496 1939 1502 1957; x_wconf 90' lang='lat'>:</span> <span class='ocrx_word' id='word_1_810' title='bbox 1515 1930 1558 1957; x_wconf 86' lang='lat' dir='ltr'><strong>illa</strong></span> <span class='ocrx_word' id='word_1_811' title='bbox 1583 1934 1668 1957; x_wconf 87' lang='lat' dir='ltr'><strong>morte</strong></span> <span class='ocrx_word' id='word_1_812' title='bbox 1683 1934 1803 1957; x_wconf 83' lang='lat' dir='ltr'><strong>mortuus</strong></span> 
     </span>
    </p>
   </div>
   <div class='ocr_carea' id='block_1_100' title="bbox 1008 1975 1798 2014">
    <p class='ocr_par' dir='ltr' id='par_1_100' title="bbox 1008 1975 1798 2014">
     <span class='ocr_line' id='line_1_100' title="bbox 1008 1975 1798 2014; baseline -0.008 -7"><span class='ocrx_word' id='word_1_813' title='bbox 1008 1984 1079 2011; x_wconf 85' lang='lat' dir='ltr'><strong>erat.</strong></span> <span class='ocrx_word' id='word_1_814' title='bbox 1092 1987 1170 2014; x_wconf 84' lang='lat' dir='ltr'><strong>quam</strong></span> <span class='ocrx_word' id='word_1_815' title='bbox 1185 1977 1249 2006; x_wconf 88' lang='lat' dir='ltr'><strong>dicit</strong></span> <span class='ocrx_word' id='word_1_816' title='bbox 1263 1977 1405 2012; x_wconf 87' lang='lat' dir='ltr'><strong>Apostolus</strong></span> <span class='ocrx_word' id='word_1_817' title='bbox 1415 1997 1423 2010; x_wconf 86' lang='lat'><strong>,</strong></span> <span class='ocrx_word' id='word_1_818' title='bbox 1441 1976 1537 2003; x_wconf 86' lang='lat' dir='ltr'><strong>Mortui</strong></span> <span class='ocrx_word' id='word_1_819' title='bbox 1548 1976 1613 2003; x_wconf 88' lang='lat' dir='ltr'><strong>enim</strong></span> <span class='ocrx_word' id='word_1_820' title='bbox 1626 1975 1683 2002; x_wconf 81' lang='lat' dir='ltr'><strong>estis</strong></span> <span class='ocrx_word' id='word_1_821' title='bbox 1692 1997 1699 2008; x_wconf 95' lang='lat'><strong>,</strong></span> <span class='ocrx_word' id='word_1_822' title='bbox 1713 1980 1737 2002; x_wconf 85' lang='lat' dir='ltr'><strong>et</strong></span> <span class='ocrx_word' id='word_1_823' title='bbox 1750 1975 1798 2002; x_wconf 86' lang='lat' dir='ltr'><strong>vita</strong></span> 
     </span>
    </p>
   </div>
   <div class='ocr_carea' id='block_1_101' title="bbox 1007 2020 1801 2057">
    <p class='ocr_par' dir='ltr' id='par_1_101' title="bbox 1007 2020 1801 2057">
     <span class='ocr_line' id='line_1_101' title="bbox 1007 2020 1801 2057; baseline -0.005 -5"><span class='ocrx_word' id='word_1_824' title='bbox 1007 2030 1087 2053; x_wconf 72' lang='lat' dir='ltr'><strong>uestra</strong></span> <span class='ocrx_word' id='word_1_825' title='bbox 1100 2024 1246 2051; x_wconf 84' lang='lat' dir='ltr'><strong>abscondita</strong></span> <span class='ocrx_word' id='word_1_826' title='bbox 1257 2028 1291 2051; x_wconf 86' lang='lat' dir='ltr'><strong>est</strong></span> <span class='ocrx_word' id='word_1_827' title='bbox 1302 2032 1359 2050; x_wconf 85' lang='lat' dir='ltr'><strong>cum</strong></span> <span class='ocrx_word' id='word_1_828' title='bbox 1373 2022 1473 2050; x_wconf 87' lang='lat' dir='ltr'><strong>Christo</strong></span> <span class='ocrx_word' id='word_1_829' title='bbox 1486 2022 1511 2049; x_wconf 87' lang='lat' dir='ltr'><strong>in</strong></span> <span class='ocrx_word' id='word_1_830' title='bbox 1524 2021 1576 2049; x_wconf 86' lang='lat' dir='ltr'><strong>Deo</strong></span> <span class='ocrx_word' id='word_1_831' title='bbox 1592 2021 1700 2056; x_wconf 77' lang='lat' dir='ltr'><strong>(Coloss.</strong></span> <span class='ocrx_word' id='word_1_832' title='bbox 1712 2029 1750 2051; x_wconf 85' lang='lat' dir='ltr'><strong>tn.</strong></span> <span class='ocrx_word' id='word_1_833' title='bbox 1763 2020 1801 2057; x_wconf 82' lang='grc'><strong>5).</strong></span> 
     </span>
    </p>
   </div>
   <div class='ocr_carea' id='block_1_102' title="bbox 1008 2066 1803 2104">
    <p class='ocr_par' dir='ltr' id='par_1_102' title="bbox 1008 2066 1803 2104">
     <span class='ocr_line' id='line_1_102' title="bbox 1008 2066 1803 2104; baseline -0.005 -7"><span class='ocrx_word' id='word_1_834' title='bbox 1008 2070 1112 2104; x_wconf 85' lang='lat' dir='ltr'><strong>Pauper</strong></span> <span class='ocrx_word' id='word_1_835' title='bbox 1122 2069 1191 2096; x_wconf 88' lang='lat' dir='ltr'><strong>mala</strong></span> <span class='ocrx_word' id='word_1_836' title='bbox 1201 2068 1356 2103; x_wconf 83' lang='lat' dir='ltr'><strong>temporalia</strong></span> <span class='ocrx_word' id='word_1_837' title='bbox 1366 2067 1480 2094; x_wconf 85' lang='lat' dir='ltr'><strong>ferebat.</strong></span> <span class='ocrx_word' id='word_1_838' title='bbox 1489 2067 1558 2094; x_wconf 86' lang='lat' dir='ltr'><strong>Dens</strong></span> <span class='ocrx_word' id='word_1_839' title='bbox 1568 2071 1656 2093; x_wconf 89' lang='lat' dir='ltr'><strong>autem</strong></span> <span class='ocrx_word' id='word_1_840' title='bbox 1668 2067 1733 2093; x_wconf 88' lang='lat' dir='ltr'><strong>bona</strong></span> <span class='ocrx_word' id='word_1_841' title='bbox 1746 2066 1803 2101; x_wconf 86' lang='lat' dir='ltr'><strong>ejus</strong></span> 
     </span>
    </p>
   </div>
   <div class='ocr_carea' id='block_1_103' title="bbox 1008 2112 1802 2148">
    <p class='ocr_par' dir='ltr' id='par_1_103' title="bbox 1008 2112 1802 2148">
     <span class='ocr_line' id='line_1_103' title="bbox 1008 2112 1802 2148; baseline -0.004 -5"><span class='ocrx_word' id='word_1_842' title='bbox 1008 2115 1155 2148; x_wconf 77' lang='lat' dir='ltr'><strong>dill‘erebat,</strong></span> <span class='ocrx_word' id='word_1_843' title='bbox 1163 2123 1214 2142; x_wconf 90' lang='lat' dir='ltr'><strong>non</strong></span> <span class='ocrx_word' id='word_1_844' title='bbox 1225 2113 1446 2147; x_wconf 80' lang='lat' dir='ltr'><strong>auferebat.Quid</strong></span> <span class='ocrx_word' id='word_1_845' title='bbox 1453 2121 1526 2148; x_wconf 82' lang='lat' dir='ltr'><strong>ergo,</strong></span> <span class='ocrx_word' id='word_1_846' title='bbox 1535 2112 1618 2145; x_wconf 88' lang='lat' dir='ltr'><strong>dives,</strong></span> <span class='ocrx_word' id='word_1_847' title='bbox 1628 2113 1695 2148; x_wconf 89' lang='lat' dir='ltr'><strong>apud</strong></span> <span class='ocrx_word' id='word_1_848' title='bbox 1705 2112 1802 2140; x_wconf 82' lang='lat' dir='ltr'><strong>inferos</strong></span> 
     </span>
    </p>
   </div>
   <div class='ocr_carea' id='block_1_104' title="bbox 1007 2157 1803 2195">
    <p class='ocr_par' dir='ltr' id='par_1_104' title="bbox 1007 2157 1803 2195">
     <span class='ocr_line' id='line_1_104' title="bbox 1007 2157 1803 2195; baseline -0.004 -7"><span class='ocrx_word' id='word_1_849' title='bbox 1007 2161 1156 2192; x_wconf 84' lang='lat' dir='ltr'><strong>desideras,</strong></span> <span class='ocrx_word' id='word_1_850' title='bbox 1170 2159 1240 2195; x_wconf 88' lang='lat' dir='ltr'><strong>quod</strong></span> <span class='ocrx_word' id='word_1_851' title='bbox 1254 2167 1313 2187; x_wconf 92' lang='lat' dir='ltr'><strong>cum</strong></span> <span class='ocrx_word' id='word_1_852' title='bbox 1330 2158 1428 2186; x_wconf 88' lang='lat' dir='ltr'><strong>divitiis</strong></span> <span class='ocrx_word' id='word_1_853' title='bbox 1444 2157 1587 2190; x_wconf 77' lang='lat' dir='ltr'><strong>fruereris,</strong></span> <span class='ocrx_word' id='word_1_854' title='bbox 1606 2166 1656 2184; x_wconf 88' lang='lat' dir='ltr'><strong>non</strong></span> <span class='ocrx_word' id='word_1_855' title='bbox 1673 2157 1803 2191; x_wconf 74' lang='lat' dir='ltr'><strong>sperasti?</strong></span> 
     </span>
    </p>
   </div>
   <div class='ocr_carea' id='block_1_105' title="bbox 1007 2204 1802 2240">
    <p class='ocr_par' dir='ltr' id='par_1_105' title="bbox 1007 2204 1802 2240">
     <span class='ocr_line' id='line_1_105' title="bbox 1007 2204 1802 2240; baseline -0.006 -6"><span class='ocrx_word' id='word_1_856' title='bbox 1007 2207 1100 2235; x_wconf 82' lang='lat' dir='ltr'><strong>Nonne</strong></span> <span class='ocrx_word' id='word_1_857' title='bbox 1116 2212 1142 2234; x_wconf 94' lang='lat' dir='ltr'><strong>tu</strong></span> <span class='ocrx_word' id='word_1_858' title='bbox 1151 2214 1181 2234; x_wconf 81' lang='lat' dir='ltr'><strong>es</strong></span> <span class='ocrx_word' id='word_1_859' title='bbox 1190 2206 1243 2239; x_wconf 81' lang='lat' dir='ltr'><strong>ille,</strong></span> <span class='ocrx_word' id='word_1_860' title='bbox 1257 2206 1301 2240; x_wconf 93' lang='lat' dir='ltr'><strong>qui</strong></span> <span class='ocrx_word' id='word_1_861' title='bbox 1312 2205 1434 2240; x_wconf 84' lang='lat' dir='ltr'><strong>pauperis</strong></span> <span class='ocrx_word' id='word_1_862' title='bbox 1442 2206 1608 2239; x_wconf 85' lang='lat' dir='ltr'><strong>contemptor</strong></span> <span class='ocrx_word' id='word_1_863' title='bbox 1621 2204 1726 2239; x_wconf 83' lang='lat' dir='ltr'><strong>Moysen</strong></span> <span class='ocrx_word' id='word_1_864' title='bbox 1740 2210 1802 2237; x_wconf 86' lang='lat' dir='ltr'><strong>pro-</strong></span> 
     </span>
    </p>
   </div>
   <div class='ocr_carea' id='block_1_106' title="bbox 1009 2249 1803 2289">
    <p class='ocr_par' dir='ltr' id='par_1_106' title="bbox 1009 2249 1803 2289">
     <span class='ocr_line' id='line_1_106' title="bbox 1009 2249 1803 2289; baseline -0.006 -9"><span class='ocrx_word' id='word_1_865' title='bbox 1009 2255 1114 2289; x_wconf 86' lang='lat' dir='ltr'><strong>phetam</strong></span> <span class='ocrx_word' id='word_1_866' title='bbox 1135 2251 1281 2280; x_wconf 83' lang='lat' dir='ltr'><strong>irridebas?</strong></span> <span class='ocrx_word' id='word_1_867' title='bbox 1291 2250 1403 2278; x_wconf 76' lang='lat' dir='ltr'><strong>Noluisti</strong></span> <span class='ocrx_word' id='word_1_868' title='bbox 1420 2258 1484 2285; x_wconf 81' lang='lat' dir='ltr'><strong>ergo</strong></span> <span class='ocrx_word' id='word_1_869' title='bbox 1504 2250 1581 2277; x_wconf 83' lang='lat' dir='ltr'><strong>ﬁdem</strong></span> <span class='ocrx_word' id='word_1_870' title='bbox 1593 2249 1729 2285; x_wconf 85' lang='lat' dir='ltr'><strong>possidere</strong></span> <span class='ocrx_word' id='word_1_871' title='bbox 1744 2257 1803 2275; x_wconf 88' lang='lat' dir='ltr'><strong>cum</strong></span> 
     </span>
    </p>
   </div>
   <div class='ocr_carea' id='block_1_107' title="bbox 1008 2294 1804 2335">
    <p class='ocr_par' dir='ltr' id='par_1_107' title="bbox 1008 2294 1804 2335">
     <span class='ocr_line' id='line_1_107' title="bbox 1008 2294 1804 2335; baseline -0.008 -8"><span class='ocrx_word' id='word_1_872' title='bbox 1008 2301 1128 2335; x_wconf 80' lang='lat' dir='ltr'><strong>proximo</strong></span> <span class='ocrx_word' id='word_1_873' title='bbox 1135 2299 1160 2326; x_wconf 94' lang='lat' dir='ltr'><strong>in</strong></span> <span class='ocrx_word' id='word_1_874' title='bbox 1171 2301 1323 2334; x_wconf 84' lang='lat' dir='ltr'><strong>paupertate</strong></span> <span class='ocrx_word' id='word_1_875' title='bbox 1331 2297 1403 2331; x_wconf 88' lang='lat' dir='ltr'><strong>ejus;</strong></span> <span class='ocrx_word' id='word_1_876' title='bbox 1413 2296 1491 2323; x_wconf 90' lang='lat' dir='ltr'><strong>modo</strong></span> <span class='ocrx_word' id='word_1_877' title='bbox 1499 2295 1593 2323; x_wconf 84' lang='lat' dir='ltr'><strong>frueris</strong></span> <span class='ocrx_word' id='word_1_878' title='bbox 1600 2296 1676 2323; x_wconf 89' lang='lat' dir='ltr'><strong>bonis</strong></span> <span class='ocrx_word' id='word_1_879' title='bbox 1684 2295 1757 2330; x_wconf 76' lang='lat' dir='ltr'><strong>ejus?</strong></span> <span class='ocrx_word' id='word_1_880' title='bbox 1768 2294 1804 2321; x_wconf 90' lang='lat' dir='ltr'><strong>lr-</strong></span> 
     </span>
    </p>
   </div>
   <div class='ocr_carea' id='block_1_108' title="bbox 1007 2340 1805 2379">
    <p class='ocr_par' dir='ltr' id='par_1_108' title="bbox 1007 2340 1805 2379">
     <span class='ocr_line' id='line_1_108' title="bbox 1007 2340 1805 2379; baseline -0.008 -6"><span class='ocrx_word' id='word_1_881' title='bbox 1007 2345 1087 2373; x_wconf 90' lang='lat' dir='ltr'><strong>risisti</strong></span> <span class='ocrx_word' id='word_1_882' title='bbox 1098 2353 1170 2377; x_wconf 92' lang='lat' dir='ltr'><strong>cum,</strong></span> <span class='ocrx_word' id='word_1_883' title='bbox 1180 2343 1285 2379; x_wconf 89' lang='lat' dir='ltr'><strong>quando</strong></span> <span class='ocrx_word' id='word_1_884' title='bbox 1295 2342 1401 2374; x_wconf 82' lang='lat' dir='ltr'><strong>audisti.</strong></span> <span class='ocrx_word' id='word_1_885' title='bbox 1413 2341 1501 2369; x_wconf 78' lang='lat' dir='ltr'><strong>Fidem</strong></span> <span class='ocrx_word' id='word_1_886' title='bbox 1514 2341 1613 2376; x_wconf 81' lang='lat' dir='ltr'><strong>posside</strong></span> <span class='ocrx_word' id='word_1_887' title='bbox 1625 2349 1680 2367; x_wconf 85' lang='lat' dir='ltr'><strong>cum</strong></span> <span class='ocrx_word' id='word_1_888' title='bbox 1690 2340 1805 2375; x_wconf 70' lang='lat' dir='ltr'><strong>proxim</strong></span> 
     </span>
    </p>
   </div>
   <div class='ocr_carea' id='block_1_109' title="bbox 1007 2385 1805 2426">
    <p class='ocr_par' dir='ltr' id='par_1_109' title="bbox 1007 2385 1805 2426">
     <span class='ocr_line' id='line_1_109' title="bbox 1007 2385 1805 2426; baseline -0.006 -8"><span class='ocrx_word' id='word_1_889' title='bbox 1007 2392 1032 2418; x_wconf 84' lang='lat' dir='ltr'><strong>in</strong></span> <span class='ocrx_word' id='word_1_890' title='bbox 1054 2394 1200 2426; x_wconf 79' lang='lat' dir='ltr'><strong>paupertate</strong></span> <span class='ocrx_word' id='word_1_891' title='bbox 1220 2388 1299 2423; x_wconf 76' lang='lat' dir='ltr'><strong>ipsius</strong></span> <span class='ocrx_word' id='word_1_892' title='bbox 1311 2409 1317 2421; x_wconf 91' lang='lat'><strong>,</strong></span> <span class='ocrx_word' id='word_1_893' title='bbox 1332 2391 1358 2414; x_wconf 85' lang='lat' dir='ltr'><strong>ut</strong></span> <span class='ocrx_word' id='word_1_894' title='bbox 1369 2393 1392 2414; x_wconf 89' lang='lat' dir='ltr'><strong>et</strong></span> <span class='ocrx_word' id='word_1_895' title='bbox 1406 2387 1476 2414; x_wconf 88' lang='lat' dir='ltr'><strong>bonis</strong></span> <span class='ocrx_word' id='word_1_896' title='bbox 1491 2388 1546 2422; x_wconf 83' lang='lat' dir='ltr'><strong>ejus</strong></span> <span class='ocrx_word' id='word_1_897' title='bbox 1560 2387 1708 2421; x_wconf 81' lang='lat' dir='ltr'><strong>perfruaris.</strong></span> <span class='ocrx_word' id='word_1_898' title='bbox 1724 2385 1805 2413; x_wconf 84' lang='lat' dir='ltr'><strong>Modo</strong></span> 
     </span>
    </p>
   </div>
   <div class='ocr_carea' id='block_1_110' title="bbox 1007 2431 1803 2470">
    <p class='ocr_par' dir='ltr' id='par_1_110' title="bbox 1007 2431 1803 2470">
     <span class='ocr_line' id='line_1_110' title="bbox 1007 2431 1803 2470; baseline -0.009 -6"><span class='ocrx_word' id='word_1_899' title='bbox 1007 2437 1081 2464; x_wconf 86' lang='lat' dir='ltr'><strong>vides</strong></span> <span class='ocrx_word' id='word_1_900' title='bbox 1094 2436 1172 2470; x_wconf 75' lang='lat' dir='ltr'><strong>longe</strong></span> <span class='ocrx_word' id='word_1_901' title='bbox 1186 2435 1253 2462; x_wconf 89' lang='lat' dir='ltr'><strong>bona</strong></span> <span class='ocrx_word' id='word_1_902' title='bbox 1270 2433 1327 2468; x_wconf 83' lang='lat' dir='ltr'><strong>ejus</strong></span> <span class='ocrx_word' id='word_1_903' title='bbox 1337 2454 1344 2465; x_wconf 87' lang='grc'>,</span> <span class='ocrx_word' id='word_1_904' title='bbox 1360 2437 1386 2460; x_wconf 90' lang='lat' dir='ltr'><strong>et</strong></span> <span class='ocrx_word' id='word_1_905' title='bbox 1400 2440 1452 2459; x_wconf 92' lang='lat' dir='ltr'><strong>non</strong></span> <span class='ocrx_word' id='word_1_906' title='bbox 1468 2440 1527 2459; x_wconf 87' lang='lat' dir='ltr'><strong>eum</strong></span> <span class='ocrx_word' id='word_1_907' title='bbox 1541 2439 1574 2459; x_wconf 90' lang='lat' dir='ltr'><strong>eo</strong></span> <span class='ocrx_word' id='word_1_908' title='bbox 1587 2431 1715 2466; x_wconf 78' lang='lat' dir='ltr'><strong>possides.</strong></span> <span class='ocrx_word' id='word_1_909' title='bbox 1731 2431 1803 2458; x_wconf 83' lang='lat' dir='ltr'><strong>Ven-</strong></span> 
     </span>
    </p>
   </div>
   <div class='ocr_carea' id='block_1_111' title="bbox 1008 2476 1805 2510">
    <p class='ocr_par' dir='ltr' id='par_1_111' title="bbox 1008 2476 1805 2510">
     <span class='ocr_line' id='line_1_111' title="bbox 1008 2476 1805 2510; baseline -0.006 -1"><span class='ocrx_word' id='word_1_910' title='bbox 1008 2487 1065 2510; x_wconf 86' lang='lat' dir='ltr'><strong>tura</strong></span> <span class='ocrx_word' id='word_1_911' title='bbox 1076 2482 1145 2509; x_wconf 89' lang='lat' dir='ltr'><strong>enim</strong></span> <span class='ocrx_word' id='word_1_912' title='bbox 1159 2484 1235 2507; x_wconf 79' lang='lat' dir='ltr'><strong>erant</strong></span> <span class='ocrx_word' id='word_1_913' title='bbox 1245 2479 1289 2506; x_wconf 86' lang='lat' dir='ltr'><strong>illa</strong></span> <span class='ocrx_word' id='word_1_914' title='bbox 1300 2478 1378 2509; x_wconf 84' lang='lat' dir='ltr'><strong>bona.</strong></span> <span class='ocrx_word' id='word_1_915' title='bbox 1389 2483 1497 2505; x_wconf 88' lang='lat' dir='ltr'><strong>ventura</strong></span> <span class='ocrx_word' id='word_1_916' title='bbox 1507 2477 1682 2504; x_wconf 73' lang='lat' dir='ltr'><strong>invi-ibilitcr.</strong></span> <span class='ocrx_word' id='word_1_917' title='bbox 1692 2476 1805 2510; x_wconf 84' lang='lat' dir='ltr'><strong>Quando</strong></span> 
     </span>
    </p>
   </div>
   <div class='ocr_carea' id='block_1_112' title="bbox 1007 2522 1803 2558">
    <p class='ocr_par' dir='ltr' id='par_1_112' title="bbox 1007 2522 1803 2558">
     <span class='ocr_line' id='line_1_112' title="bbox 1007 2522 1803 2558; baseline -0.006 -4"><span class='ocrx_word' id='word_1_918' title='bbox 1007 2528 1077 2555; x_wconf 89' lang='lat' dir='ltr'><strong>enim</strong></span> <span class='ocrx_word' id='word_1_919' title='bbox 1096 2535 1148 2553; x_wconf 92' lang='lat' dir='ltr'><strong>non</strong></span> <span class='ocrx_word' id='word_1_920' title='bbox 1169 2524 1337 2556; x_wconf 87' lang='lat' dir='ltr'><strong>videbantur,</strong></span> <span class='ocrx_word' id='word_1_921' title='bbox 1350 2524 1481 2551; x_wconf 84' lang='lat' dir='ltr'><strong>credenda</strong></span> <span class='ocrx_word' id='word_1_922' title='bbox 1493 2527 1584 2556; x_wconf 87' lang='lat' dir='ltr'><strong>erant,</strong></span> <span class='ocrx_word' id='word_1_923' title='bbox 1601 2530 1634 2549; x_wconf 89' lang='lat' dir='ltr'><strong>ne</strong></span> <span class='ocrx_word' id='word_1_924' title='bbox 1645 2522 1750 2558; x_wconf 86' lang='lat' dir='ltr'><strong>quando</strong></span> <span class='ocrx_word' id='word_1_925' title='bbox 1764 2522 1803 2549; x_wconf 77' lang='lat' dir='ltr'><strong>vi-</strong></span> 
     </span>
    </p>
   </div>
   <div class='ocr_carea' id='block_1_113' title="bbox 1007 2570 1801 2605">
    <p class='ocr_par' dir='ltr' id='par_1_113' title="bbox 1007 2570 1801 2605">
     <span class='ocr_line' id='line_1_113' title="bbox 1007 2570 1801 2605; baseline -0.008 -4"><span class='ocrx_word' id='word_1_926' title='bbox 1007 2573 1112 2605; x_wconf 87' lang='lat' dir='ltr'><strong>dentur,</strong></span> <span class='ocrx_word' id='word_1_927' title='bbox 1120 2575 1269 2599; x_wconf 84' lang='lat' dir='ltr'><strong>remaneret</strong></span> <span class='ocrx_word' id='word_1_928' title='bbox 1278 2570 1322 2597; x_wconf 89' lang='lat' dir='ltr'><strong>tibi</strong></span> <span class='ocrx_word' id='word_1_929' title='bbox 1331 2570 1421 2597; x_wconf 88' lang='lat' dir='ltr'><strong>dolere</strong></span> <span class='ocrx_word' id='word_1_930' title='bbox 1427 2576 1513 2604; x_wconf 89' lang='lat' dir='ltr'><strong>posse,</strong></span> <span class='ocrx_word' id='word_1_931' title='bbox 1520 2573 1547 2595; x_wconf 88' lang='lat' dir='ltr'><strong>et</strong></span> <span class='ocrx_word' id='word_1_932' title='bbox 1554 2576 1605 2595; x_wconf 86' lang='lat' dir='ltr'><strong>non</strong></span> <span class='ocrx_word' id='word_1_933' title='bbox 1616 2576 1692 2603; x_wconf 77' lang='lat' dir='ltr'><strong>posse</strong></span> <span class='ocrx_word' id='word_1_934' title='bbox 1701 2572 1801 2596; x_wconf 78' lang='lat' dir='ltr'><strong>tenere.</strong></span> 
     </span>
    </p>
   </div>
   <div class='ocr_carea' id='block_1_114' title="bbox 1043 2613 1800 2652">
    <p class='ocr_par' dir='ltr' id='par_1_114' title="bbox 1043 2613 1800 2652">
     <span class='ocr_line' id='line_1_114' title="bbox 1043 2613 1800 2652; baseline -0.007 -7"><span class='ocrx_word' id='word_1_935' title='bbox 1043 2618 1069 2645; x_wconf 87' lang='lat'><strong>6.</strong></span> <span class='ocrx_word' id='word_1_936' title='bbox 1078 2617 1223 2652; x_wconf 87' lang='lat' dir='ltr'><strong>Pauperum</strong></span> <span class='ocrx_word' id='word_1_937' title='bbox 1232 2616 1341 2643; x_wconf 84' lang='lat' dir='ltr'><strong>amicitia</strong></span> <span class='ocrx_word' id='word_1_938' title='bbox 1352 2614 1511 2649; x_wconf 76' lang='lat' dir='ltr'><strong>eleemosynis</strong></span> <span class='ocrx_word' id='word_1_939' title='bbox 1524 2613 1706 2648; x_wconf 84' lang='lat' dir='ltr'><strong>comparanda.</strong></span> <span class='ocrx_word' id='word_1_940' title='bbox 1721 2614 1800 2640; x_wconf 80' lang='lat' dir='ltr'><strong>Mam-</strong></span> 
     </span>
    </p>
   </div>
   <div class='ocr_carea' id='block_1_115' title="bbox 1008 2658 1802 2697">
    <p class='ocr_par' dir='ltr' id='par_1_115' title="bbox 1008 2658 1802 2697">
     <span class='ocr_line' id='line_1_115' title="bbox 1008 2658 1802 2697; baseline -0.008 -7"><span class='ocrx_word' id='word_1_941' title='bbox 1008 2672 1083 2690; x_wconf 87' lang='lat' dir='ltr'><strong>mona</strong></span> <span class='ocrx_word' id='word_1_942' title='bbox 1106 2663 1252 2697; x_wconf 85' lang='lat' dir='ltr'><strong>iniquitatis.</strong></span> <span class='ocrx_word' id='word_1_943' title='bbox 1284 2661 1371 2696; x_wconf 80' lang='lat' dir='ltr'><strong>Ergo,</strong></span> <span class='ocrx_word' id='word_1_944' title='bbox 1387 2659 1499 2692; x_wconf 62' lang='lat' dir='ltr'><strong>fratres,</strong></span> <span class='ocrx_word' id='word_1_945' title='bbox 1520 2664 1645 2695; x_wconf 89' lang='lat' dir='ltr'><strong>qttantum</strong></span> <span class='ocrx_word' id='word_1_946' title='bbox 1675 2658 1738 2685; x_wconf 89' lang='lat' dir='ltr'><strong>mihi</strong></span> <span class='ocrx_word' id='word_1_947' title='bbox 1764 2662 1802 2685; x_wconf 77' lang='lat' dir='ltr'><strong>vt-</strong></span> 
     </span>
    </p>
   </div>
   <div class='ocr_carea' id='block_1_116' title="bbox 1008 2704 1803 2743">
    <p class='ocr_par' dir='ltr' id='par_1_116' title="bbox 1008 2704 1803 2743">
     <span class='ocr_line' id='line_1_116' title="bbox 1008 2704 1803 2743; baseline -0.005 -7"><span class='ocrx_word' id='word_1_948' title='bbox 1008 2709 1102 2742; x_wconf 86' lang='lat' dir='ltr'><strong>detur,</strong></span> <span class='ocrx_word' id='word_1_949' title='bbox 1126 2707 1243 2743; x_wconf 87' lang='lat' dir='ltr'><strong>eliquata</strong></span> <span class='ocrx_word' id='word_1_950' title='bbox 1268 2711 1306 2734; x_wconf 88' lang='lat' dir='ltr'><strong>cst</strong></span> <span class='ocrx_word' id='word_1_951' title='bbox 1330 2707 1378 2733; x_wconf 88' lang='lat' dir='ltr'><strong>ista</strong></span> <span class='ocrx_word' id='word_1_952' title='bbox 1403 2705 1543 2733; x_wconf 85' lang='lat' dir='ltr'><strong>sententia.</strong></span> <span class='ocrx_word' id='word_1_953' title='bbox 1567 2704 1741 2739; x_wconf 74' lang='lat' dir='ltr'><strong>lntelligomla</strong></span> <span class='ocrx_word' id='word_1_954' title='bbox 1764 2710 1803 2732; x_wconf 77' lang='lat' dir='ltr'><strong>cst</strong></span> 
     </span>
    </p>
   </div>
   <div class='ocr_carea' id='block_1_117' title="bbox 1009 2750 1804 2791">
    <p class='ocr_par' dir='ltr' id='par_1_117' title="bbox 1009 2750 1804 2791">
     <span class='ocr_line' id='line_1_117' title="bbox 1009 2750 1804 2791; baseline -0.005 -9"><span class='ocrx_word' id='word_1_955' title='bbox 1009 2755 1105 2791; x_wconf 88' lang='lat' dir='ltr'><strong>quippe</strong></span> <span class='ocrx_word' id='word_1_956' title='bbox 1115 2754 1259 2781; x_wconf 82' lang='lat' dir='ltr'><strong>cltt‘istiane</strong></span> <span class='ocrx_word' id='word_1_957' title='bbox 1276 2761 1290 2779; x_wconf 83' lang='lat' dir='ltr'><strong>a</strong></span> <span class='ocrx_word' id='word_1_958' title='bbox 1304 2751 1480 2784; x_wconf 85' lang='lat' dir='ltr'><strong>Christianis;</strong></span> <span class='ocrx_word' id='word_1_959' title='bbox 1496 2759 1545 2778; x_wconf 86' lang='lat' dir='ltr'><strong>nec</strong></span> <span class='ocrx_word' id='word_1_960' title='bbox 1561 2752 1599 2778; x_wconf 89' lang='lat' dir='ltr'><strong>sic</strong></span> <span class='ocrx_word' id='word_1_961' title='bbox 1620 2750 1804 2786; x_wconf 78' lang='lat' dir='ltr'><strong>possideamus</strong></span> 
     </span>
    </p>
   </div>
   <div class='ocr_carea' id='block_1_118' title="bbox 1010 2792 1804 2834">
    <p class='ocr_par' dir='ltr' id='par_1_118' title="bbox 1010 2792 1804 2834">
     <span class='ocr_line' id='line_1_118' title="bbox 1010 2792 1804 2834; baseline -0.003 -6"><span class='ocrx_word' id='word_1_962' title='bbox 1010 2801 1088 2828; x_wconf 86' lang='lat' dir='ltr'><strong>ﬁdem</strong></span> <span class='ocrx_word' id='word_1_963' title='bbox 1103 2808 1163 2827; x_wconf 87' lang='lat' dir='ltr'><strong>cmn</strong></span> <span class='ocrx_word' id='word_1_964' title='bbox 1187 2800 1306 2834; x_wconf 72' lang='lat' dir='ltr'><strong>proximo</strong></span> <span class='ocrx_word' id='word_1_965' title='bbox 1322 2805 1453 2833; x_wconf 82' lang='lat' dir='ltr'><strong>paupere,</strong></span> <span class='ocrx_word' id='word_1_966' title='bbox 1470 2801 1499 2824; x_wconf 91' lang='lat' dir='ltr'><strong>ut</strong></span> <span class='ocrx_word' id='word_1_967' title='bbox 1519 2797 1623 2825; x_wconf 83' lang='lat' dir='ltr'><strong>divitias</strong></span> <span class='ocrx_word' id='word_1_968' title='bbox 1639 2797 1663 2826; x_wconf 88' lang='lat' dir='ltr'><strong>ci</strong></span> <span class='ocrx_word' id='word_1_969' title='bbox 1680 2792 1804 2826; x_wconf 75' lang='lat' dir='ltr'><strong>venturas</strong></span> 
     </span>
    </p>
   </div>
   <div class='ocr_carea' id='block_1_119' title="bbox 1044 2864 1364 2894">
    <p class='ocr_par' dir='ltr' id='par_1_119' title="bbox 1044 2864 1364 2894">
     <span class='ocr_line' id='line_1_119' title="bbox 1044 2864 1364 2894; baseline -0.013 -2"><span class='ocrx_word' id='word_1_970' title='bbox 1044 2869 1050 2884; x_wconf 90' lang='grc'>¹</span> <span class='ocrx_word' id='word_1_971' title='bbox 1065 2867 1198 2892; x_wconf 81' lang='lat' dir='ltr'><strong>victorious</strong></span> <span class='ocrx_word' id='word_1_972' title='bbox 1207 2869 1257 2894; x_wconf 68' lang='lat' dir='ltr'><strong>its,</strong></span> <span class='ocrx_word' id='word_1_973' title='bbox 1268 2864 1364 2890; x_wconf 75' lang='lat' dir='ltr'><strong>divitiis.</strong></span> 
     </span>
    </p>
   </div>
   <div class='ocr_carea' id='block_1_120' title="bbox 1044 2895 1548 2928">
    <p class='ocr_par' dir='ltr' id='par_1_120' title="bbox 1044 2895 1548 2928">
     <span class='ocr_line' id='line_1_120' title="bbox 1044 2895 1548 2928; baseline -0.002 -5"><span class='ocrx_word' id='word_1_974' title='bbox 1044 2900 1053 2915; x_wconf 75' lang='grc'><strong><em>⁵</em></strong></span> <span class='ocrx_word' id='word_1_975' title='bbox 1067 2898 1198 2925; x_wconf 72' lang='lat' dir='ltr'><strong>Victorinus</strong></span> <span class='ocrx_word' id='word_1_976' title='bbox 1205 2900 1257 2927; x_wconf 69' lang='lat'><strong>315.,</strong></span> <span class='ocrx_word' id='word_1_977' title='bbox 1269 2902 1330 2921; x_wconf 70' lang='lat' dir='ltr'><strong>amre</strong></span> <span class='ocrx_word' id='word_1_978' title='bbox 1343 2899 1420 2921; x_wconf 79' lang='lat' dir='ltr'><strong>autem</strong></span> <span class='ocrx_word' id='word_1_979' title='bbox 1431 2895 1548 2928; x_wconf 82' lang='lat' dir='ltr'><strong>perdidit.</strong></span> 
     </span>
    </p>
   </div>
  </div>
