3938 6186
367 323 463 384 ωλι

367 435 735 507 temporaliter
763 442 1070 502 speremus,
1104 432 1158 480 et
1185 421 1253 479 ad
1281 435 1372 477 eas
1392 433 1513 477 cum
1541 417 1634 474 illo
1659 412 1946 486 poss'ulen-

369 528 468 584 das
493 525 650 580 fidem
689 534 927 579 nostram
970 530 1266 576 servemus.
1307 511 1422 573 Non
1451 511 1528 567 sic.
1564 507 1817 571 omnino,
1842 517 1951 559 non

369 618 468 673 sic.
497 612 601 673 Sed
626 610 892 685 quomodo
909 652 924 675 ,
950 609 1051 664 nisi
1072 603 1363 663 secundum
1390 608 1715 673 praeceptum
1741 590 1952 650 Domini

369 707 541 763 nostri
566 721 580 758 :
609 702 784 759 Facite
809 702 944 757 vobis
965 700 1151 755 amicos
1178 696 1242 752 de
1267 707 1553 749 mammona
1578 686 1872 759 iniquitatis,
1901 690 1955 736 ut

371 805 417 850 et
440 796 540 864 ipsi
559 794 803 863 recipiant
823 809 907 847 vos
927 792 979 845 in
1002 786 1323 845 tabernacula
1344 794 1530 840 teterna
1555 780 1699 852 (Luc.
1724 793 1833 842 xvi,
1857 772 1956 845 9)?

376 888 511 942 Sunt
542 886 626 941 hic
655 884 797 939 enim
841 897 1103 956 pauperes
1133 897 1236 935 non
1279 877 1537 933 habentes
1582 869 1916 928 tabernacula
1938 907 1956 935 ,

373 979 464 1035 ubi
488 994 589 1033 nos
613 978 710 1046 ipsi
733 978 1009 1046 recipiant.
1043 973 1224 1028 Facite
1247 986 1340 1028 eos
1361 969 1549 1023 amicos
1584 966 1646 1021 de
1672 976 1961 1019 mammona

375 1072 687 1141 iniquitatis,
720 1064 770 1123 id
796 1068 982 1135 cst,de
1004 1067 1166 1122 lueris
1192 1080 1310 1135 qua:
1341 1062 1591 1131 iniquitas
1618 1065 1771 1113 vocat
1793 1056 1957 1109 lucra.

375 1166 511 1219 Sunt
540 1151 681 1227 enim
722 1163 894 1226 lucra,
918 1177 1034 1230 qum
1058 1160 1255 1229 iustitia
1286 1163 1439 1210 vocat
1477 1154 1621 1208 lucra
1652 1150 1804 1220 :ipsa
1839 1154 1963 1202 sunt

380 1257 435 1310 in
466 1255 728 1310 thesauris
766 1253 883 1308 Dei.
925 1251 1097 1306 Nolite
1138 1257 1485 1304 contemnere
1528 1254 1824 1314 pauperes.
1852 1250 1959 1290 non

384 1346 644 1400 habentes
671 1359 775 1413 quo
795 1342 1041 1404 redeant,
1070 1356 1173 1394 non
1204 1338 1461 1392 habentes
1484 1349 1587 1403 quo
1618 1332 1831 1386 intrent:
1861 1327 1966 1381 lla~

387 1439 512 1489 bent
566 1450 670 1502 quo
721 1434 949 1495 intrent,
1001 1431 1197 1484 habent
1251 1422 1624 1486 tabernacula,
1668 1418 1864 1474 habent
1914 1423 1967 1470 et

385 1538 609 1601 azioma.
643 1525 845 1581 Ilahent
871 1539 976 1594 quo
998 1523 1194 1577 frustra
1223 1517 1384 1587 recipi
1421 1506 1698 1584 optabitis,
1727 1509 1862 1563 sicut
1882 1505 1965 1562 di-
2005 1542 2016 1552 .

390 1597 486 1673 ves
514 1618 602 1672 ille
622 1658 638 1683 ,
665 1616 709 1670 si
737 1632 840 1669 non
868 1629 960 1669 eos
983 1627 1125 1668 nunc
1152 1611 1203 1671 in
1237 1617 1412 1663 vestra
1439 1601 1749 1672 receperitis
1773 1618 1785 1653 :
1810 1597 1927 1669 quia
1949 1638 1966 1665 ,

391 1708 491 1774 Qui
512 1705 685 1774 recipit
708 1706 906 1774 justum
931 1703 984 1757 in
1020 1701 1219 1755 nomine
1233 1696 1368 1769 justi
1386 1737 1401 1761 ,
1431 1691 1704 1748 mercedem
1731 1688 1858 1759 justi
1883 1702 1969 1739 ac-

388 1798 535 1869 cipiet
562 1812 583 1851 :
605 1797 688 1864 qui
720 1794 1013 1865 prophetam
1036 1791 1211 1863 recipit
1240 1789 1293 1842 in
1321 1786 1520 1840 nomine
1541 1780 1817 1854 prophetat,
1844 1792 1973 1869 mer-

393 1863 562 1938 cedem
590 1863 843 1954 prophetae
871 1880 1081 1951 accipiet
1109 1894 1127 1932 :
1150 1887 1194 1932 et
1222 1875 1309 1947 qui
1337 1872 1527 1927 dederit
1551 1870 1639 1923 uni
1664 1884 1726 1921 e:c
1754 1863 1973 1919 minimis

394 1977 516 2030 meis
543 1975 744 2029 calicem
770 1988 916 2044 aqua:
946 1969 1146 2043 frigida:
1171 1976 1364 2021 tantum
1388 1964 1441 2017 in
1468 1961 1667 2016 nomine
1702 1952 1937 2025 discipuli
1956 1994 1970 2017 ,

394 2084 540 2121 amen
565 2068 677 2137 dico
698 2065 862 2126 vobis,
891 2080 992 2118 non
1019 2060 1190 2132 perdet
1216 2056 1489 2112 mercedem
1516 2067 1660 2107 suout
1681 2047 1889 2120 (Matth.
1916 2061 1973 2112 ι,

399 2164 459 2217 tl
497 2171 544 2215 et
572 2136 685 2229 $2).
738 2157 920 2212 Fidem
949 2167 1160 2224 quoque
1201 2147 1440 2221 possidet
1478 2160 1600 2199 cum
1646 2141 1887 2212 proximo
1926 2136 1999 2190 iu.

400 2261 708 2325 paupertate
731 2251 880 2322 ejus;
906 2250 1025 2304 ideo
1055 2245 1207 2302 bonis
1233 2242 1350 2313 ejus
1375 2236 1695 2311 perfruetur.

468 2320 524 2407 ’ἔξ
563 2345 719 2413 Fides
759 2320 813 2398 in
853 2342 1106 2399 Christum
1135 2349 1422 2409 pauperem.
1481 2328 1615 2384 Dicit
1652 2324 1746 2380 tibi
1782 2331 1837 2377 et
1876 2320 1978 2413 Dp-

402 2439 582 2492 minns
633 2408 784 2500 tuus,
832 2432 945 2503 ipse
989 2428 1077 2500 qui
1128 2441 1250 2481 cum
1294 2422 1442 2477 dives
1467 2425 1637 2480 esset,
1669 2427 1867 2483 pauper
1903 2408 1982 2461 fa-

403 2537 523 2581 ctus
549 2534 629 2579 est
658 2522 911 2593 :evponit
955 2519 1046 2573 tibi
1094 2515 1284 2570 melius
1324 2520 1373 2567 et
1423 2506 1643 2563 solidius
1672 2505 1826 2558 istam
1857 2515 1983 2553 seu-

409 2615 649 2671 tentiam.
707 2611 838 2667 Nam
885 2608 1020 2664 forte
1066 2606 1133 2661 de
1187 2603 1277 2658 illo
1319 2613 1552 2672 paupere
1592 2607 1749 2664 quem
1801 2603 1985 2644 Susce-

408 2696 532 2778 pisti
578 2703 631 2758 in
675 2700 890 2758 domum
937 2707 1114 2765 tuam,
1161 2691 1367 2769 dulbitat
1407 2688 1734 2758 aliquantum
1778 2690 1833 2736 et
1857 2678 1985 2778 lia:-

406 2769 534 2851 sitat
570 2794 776 2848 animus
818 2799 970 2857 tuus,
1014 2795 1191 2843 utmm
1236 2797 1391 2837 verax
1419 2779 1581 2834 homo
1623 2774 1720 2839 sit,
1757 2787 1824 2826 an
1853 2769 1989 2825 forte

409 2887 566 2941 fallax
592 2883 871 2937 simulator
890 2877 1164 2951 hypocrita
1187 2894 1199 2929 :
1224 2871 1412 2927 titubat
1437 2868 1646 2924 animus
1671 2865 1722 2919 in
1753 2859 1988 2917 facienda

410 2975 805 3040 misericordia,
833 2971 1081 3043 quoniam
1120 2981 1213 3022 cor
1240 2962 1503 3035 inspicere
1550 2974 1653 3012 non
1686 2963 1853 3026 petes.
1886 2951 1992 3007 Fac

409 3077 612 3124 etcum
644 3064 815 3131 malo,
854 3042 912 3116 ut
945 3057 1227 3131 pervenias
1264 3064 1318 3110 et
1350 3052 1415 3107 ad
1444 3051 1661 3107 bonum.
1691 3046 1790 3114 Qui
1822 3042 1995 3098 timuit

414 3175 481 3215 ne
508 3159 645 3215 bona
691 3171 787 3211 sua
833 3153 1037 3209 semina
1081 3151 1135 3205 in
1181 3150 1294 3203 vias
1317 3189 1332 3213 ,
1365 3145 1418 3200 in
1449 3142 1631 3214 spinas
1652 3182 1666 3206 ,
1697 3140 1748 3194 in
1791 3136 1994 3207 lapides

413 3248 669 3306 caderent
687 3288 703 3314 ,
735 3245 882 3316 piger
902 3242 1166 3299 seminare
1191 3232 1367 3292 hieme
1385 3276 1401 3299 ,
1424 3232 1643 3289 esurivit
1664 3236 1868 3284 testate.
1893 3224 1997 3282 Ve-

419 3349 718 3396 rumtamen
738 3315 867 3393 dicit
887 3332 979 3390 tibi
1010 3315 1267 3388 Dominus
1295 3336 1415 3382 tuus
1434 3369 1450 3393 ,
1477 3325 1545 3379 de
1564 3338 1667 3393 quo
1687 3322 1867 3390 utique
1891 3332 1995 3372 non

416 3439 660 3503 dubitas,
686 3436 731 3490 si
757 3433 1077 3490 christianos
1100 3443 1160 3484 es
1186 3447 1199 3483 :
1224 3426 1336 3496 Ego
1363 3429 1581 3496 propter
1606 3430 1656 3473 te
1677 3416 1845 3471 factus
1878 3428 1997 3470 sum

420 3544 641 3602 pauper,
666 3542 787 3583 cum
816 3525 967 3580 dives
993 3536 1187 3577 essem.
1216 3517 1314 3586 Qui
1333 3531 1446 3571 cum
1475 3514 1526 3567 in
1549 3511 1713 3582 [arma
1736 3507 1827 3561 Dei
1849 3513 1996 3571 esset,

422 3598 585 3691 fquid
629 3618 718 3675 illa
764 3615 933 3670 forma
970 3611 1206 3681 ditius?)
1236 3625 1334 3663 non
1366 3604 1598 3677 rapinam
1633 3598 1904 3654 arbitratus
1929 3603 2001 3649 est

425 3728 532 3765 esse
555 3708 762 3780 taqualis
803 3704 948 3771 Deo;
975 3702 1063 3758 sed
1089 3700 1409 3770 semetipsum
1447 3691 1718 3750 exinanivit
1741 3733 1757 3756 ,
1788 3690 2002 3760 formam

419 3803 551 3859 servi
589 3800 868 3872 accipiens,
904 3794 1067 3869 (quid
1115 3794 1283 3848 forma
1315 3789 1407 3844 Dei
1444 3784 1643 3842 ditius?
1670 3780 1797 3853 quid
1820 3780 2002 3872 forma

421 3892 563 3948 servi
606 3870 925 3962 pauperius?
953 3887 974 3959 )
1002 3886 1054 3939 in
1089 3880 1467 3938 similitudinem
1512 3874 1770 3929 hominum
1804 3870 2000 3942 factus,

424 3987 597 4041 habitu
625 3986 851 4038 iuventus
876 3989 931 4035 ut
957 3980 1107 4033 homo
1129 3991 1148 4031 :
1169 3970 1449 4029 humiliavit
1466 3965 1787 4036 semetipsum
1805 4002 1820 4026 ,
1844 3964 2005 4033 factus

420 4080 658 4135 obediens
676 4092 830 4148 usque
840 4074 909 4129 ad
920 4079 1149 4137 mortem,
1165 4075 1374 4123 mortem
1389 4072 1553 4117 autem
1570 4056 1732 4113 crucis
1745 4056 1763 4126 (
1775 4052 2004 4124 Philipp,

425 4189 482 4237 ιι.
502 4170 645 4244 6-8).
665 4169 814 4225 Adde
830 4167 1004 4223 adhuc
1019 4182 1034 4219 :
1047 4163 1179 4219 sitiit
1199 4162 1251 4216 in
1267 4172 1446 4222 cruce,
1461 4151 1665 4225 accepit
1682 4158 1885 4222 potum,
1900 4160 2005 4244 non

426 4280 457 4318 a
499 4237 821 4327 miserante,
847 4259 942 4315 sed
978 4257 1048 4312 ab
1088 4254 1409 4314 insultante;
1438 4258 1493 4304 et
1535 4245 1666 4301 bibit
1707 4250 1915 4297 acetum
1955 4237 2006 4292 in

429 4364 601 4412 morte
645 4353 764 4409 fons
791 4351 934 4405 vitai.
971 4345 1095 4403 Noli
1137 4340 1444 4413 aspernari,
1473 4336 1580 4391 noli
1624 4344 1969 4389 contemnere
1991 4370 2006 4394 ,

431 4446 538 4501 noli
565 4445 779 4499 dicere:
809 4441 949 4510 Ergo
988 4437 1128 4491 Deus
1157 4447 1309 4488 meus
1336 4432 1496 4486 homo
1540 4427 1706 4483 factus
1736 4422 1850 4480 est?
1873 4422 2011 4493 Ergo

434 4536 573 4590 heus
602 4546 754 4589 meus
777 4530 985 4585 occisus
1009 4533 1122 4592 est,
1148 4521 1433 4578 crucifixus
1461 4515 1578 4573 est?
1606 4514 1800 4580 Etiam,
1830 4511 2005 4584 plane,

432 4625 535 4692 ita,
564 4623 849 4679 cruciﬁxus
885 4626 987 4676 est.
1017 4618 1308 4686 Paupertas
1334 4612 1450 4682 ejus
1472 4609 1563 4664 tibi
1588 4605 2008 4663 commendatur.

433 4717 614 4786 Longe
640 4730 672 4768 a
700 4723 752 4770 te
780 4712 913 4767 fuit:
944 4704 1319 4781 propinquavit
1348 4701 1440 4757 tibi
1475 4700 1804 4786 paupertate.
1830 4693 2013 4750 Fidem

433 4784 635 4883 posside
656 4821 771 4861 cum
793 4802 1023 4876 proximo
1053 4798 1211 4854 tuoin
1234 4800 1528 4871 paupertate
1545 4788 1724 4861 ipsius.
1746 4784 2015 4883 Certeliic

435 4876 696 4972 nusquam
715 4895 959 4962 vacillat,
985 4903 1244 4961 nusquam
1265 4884 1456 4956 caligat
1477 4883 1577 4938 ista
1604 4876 1888 4935 sententia.
1911 4876 2015 4932 Pro

434 4969 653 5051 nomine
695 4986 959 5061 proximi,
990 4981 1175 5053 accipe
1218 4993 1415 5037 nomen
1456 4973 1685 5041 Christi,
1714 4982 1769 5027 et
1805 4969 2016 5025 humilis

432 5086 636 5156 accipe.
666 5060 891 5138 Humilis
916 5077 1059 5134 enim
1088 5072 1339 5145 congruis
1365 5066 1581 5133 humili,
1611 5066 1775 5121 altum
1801 5060 2017 5156 humilis

434 5152 587 5245 cupis
612 5191 627 5226 :
651 5170 868 5227 humilis
906 5168 1119 5238 accipe,
1145 5173 1200 5220 et
1223 5160 1462 5230 intelligo
1490 5155 1812 5229 proximum.
1838 5152 2018 5245 Prope

435 5243 521 5324 est
545 5264 688 5322 enim
718 5260 973 5318 Dominus
1017 5259 1099 5337 his
1127 5257 1218 5327 qui
1261 5253 1598 5310 obtriverunt
1637 5262 1730 5302 cor
1753 5262 1766 5300 :
1793 5252 1850 5299 ut
1872 5243 2017 5298 dicas

436 5361 490 5416 in
518 5358 761 5417 oratione
782 5364 892 5420 tua,
916 5352 1043 5407 sicut
1074 5349 1380 5421 proximum,
1398 5345 1525 5411 sicut
1542 5346 1749 5413 fratrem
1769 5347 2015 5399 nostrum,

434 5451 508 5504 ita
543 5442 913 5519 complacebam
954 5439 1125 5514 (Psaf.
1153 5453 1336 5502 χχχιιι.
1369 5431 1481 5507 Η).
1508 5431 1685 5488 Unum
1721 5443 1848 5499 ergo
1887 5441 2012 5481 ver-

437 5549 597 5605 bum,
625 5538 765 5609 quod
812 5534 1078 5609 Propheta
1120 5530 1355 5597 addidit,
1384 5526 1667 5598 proximum
1705 5520 2016 5609 nominans;

438 5608 747 5698 prophetica
793 5608 935 5684 enim
975 5624 1174 5682 locutio
1213 5622 1543 5693 aliquantum
1588 5615 1758 5671 fuerat
1797 5608 2016 5683 tegenda

437 5717 761 5777 sacramenti
788 5717 1084 5783 velamine,
1119 5724 1176 5772 ut
1220 5709 1622 5771 desiderabilius
1667 5713 2015 5781 quzereretur,

1615 302 1655 359 S
1688 293 2047 358 AUGUSTINI
2088 288 2388 351 EPISCOPI

2055 416 2115 464 ut
2137 406 2351 463 suavius
2380 402 2725 460 inveniretur.
2762 399 2860 457 Ubi
2891 413 3017 470 ergo
3048 397 3135 454 ille
3156 397 3649 473 proximumluomi—

3531 282 3648 341 152

2058 495 2236 563 navit,
2264 504 2319 551 tu
2340 492 2890 556 Christumuomiua;
2918 490 3040 561 quia
3078 497 3132 545 et
3160 488 3246 545 ille
3271 485 3536 545 Christum
3566 492 3643 547 ita

2060 586 2371 658 prophetico
2412 583 2706 640 nominavit
2729 600 2742 637 :
2767 591 2821 637 tu
2851 581 3119 636 Christum
3167 580 3411 645 nomina,
3442 588 3499 637 et
3522 580 3649 639 vide

2059 686 2361 735 currentem
2388 675 2639 749 liquidam
2659 674 2977 730 sententiam
2998 716 3014 740 ,
3046 682 3099 728 et
3130 682 3381 745 tanquam
3407 672 3472 728 de
3499 674 3647 731 fonte

2062 771 2304 827 veritatis
2335 770 2638 836 irrigantcm
2667 767 2812 822 sitim
2860 776 3022 820 tuam.
3057 763 3239 819 Fidem
3282 765 3482 834 posside
3529 782 3651 819 cum

2062 860 2260 917 Christo
2288 861 2339 913 in
2360 867 2653 932 paupertate
2674 857 2864 929 ipsius,
2891 867 2944 910 ut
2977 866 3023 911 et
3057 856 3197 911 bonis
3223 856 3379 927 ipsius
3406 860 3648 930 perfrua-

2062 954 2152 1006 ris.
2176 953 2311 1020 Quid
2336 964 2419 1011 cst
2438 996 2451 1017 ,
2486 953 2668 1009 Fidem
2694 953 2894 1024 posside
2924 969 3037 1006 cum
3060 951 3294 1008 Christo?
3319 951 3375 1006 In
3403 967 3468 1008 eo
3504 952 3650 1022 quod

2016 1042 2025 1053 '
2064 1053 2282 1113 prepter
2326 1053 2376 1099 te
2420 1044 2580 1100 homo
2624 1044 2792 1097 factus
2837 1052 2945 1105 est,
2977 1040 3030 1096 in
3057 1058 3123 1095 eo
3162 1040 3301 1111 quod
3332 1040 3399 1095 de
3445 1040 3653 1110 virgine

2066 1145 2221 1190 natus
2249 1144 2362 1202 est,
2386 1136 2437 1191 in
2473 1152 2538 1190 eo
2563 1135 2700 1207 quod
2732 1135 2943 1203 accepit
2963 1133 3342 1199 contumelias,
3375 1132 3512 1202 quod
3544 1133 3650 1189 ila-

2066 1225 2290 1296 gellatus
2315 1235 2431 1292 est,
2462 1225 2603 1294 quod
2634 1226 2776 1296 ligno
2797 1239 3119 1293 snSpensus,
3152 1222 3291 1293 quod
3323 1225 3502 1278 lancea
3530 1225 3652 1278 vni-

2070 1320 2286 1369 neratus
2305 1358 2317 1379 ,
2353 1315 2493 1386 quod
2521 1316 2761 1386 sepultus
2790 1333 2803 1368 :
2834 1314 2941 1368 noli
2980 1314 3076 1368 ista
3107 1329 3357 1383 spernere
3377 1355 3391 1379 ,
3422 1330 3524 1369 non
3560 1314 3656 1369 tibi

2070 1404 2398 1459 incredibilia
2422 1404 2727 1471 videantur;
2748 1413 2800 1459 et
2826 1405 2903 1459 sic
2926 1403 3084 1458 fidem
3107 1396 3317 1474 possid'e
3333 1419 3452 1458 cum
3477 1405 3657 1474 proxi-

2072 1511 2181 1551 mo.
2230 1496 2353 1551 llmc
2377 1506 2459 1553 est
2486 1498 2629 1552 enim
2669 1506 2950 1567 paupertas
2995 1497 3130 1566 ejus.
3160 1495 3297 1563 Quid
3325 1506 3404 1551 est
3432 1506 3610 1569 autem
3638 1540 3656 1563 ,

2078 1586 2144 1642 Ut
2181 1598 2227 1643 et
2271 1590 2410 1644 bonis
2449 1591 2557 1663 ejus
2596 1590 2913 1661 perfruaris?
2940 1589 3109 1655 Audi,
3154 1590 3276 1661 quia
3318 1590 3419 1646 hoc
3460 1591 3659 1656 voluit;

2074 1677 2195 1734 audi
2217 1720 2232 1746 ,
2261 1682 2381 1751 quia
2408 1681 2528 1737 ideo
2551 1681 2601 1736 in
2626 1691 2933 1752 paupertate
2958 1681 3023 1736 ad
3057 1691 3106 1736 te
3132 1682 3307 1747 venit;
3330 1681 3448 1737 audi
3470 1699 3661 1738 votem

2077 1771 2323 1842 pauperis
2353 1782 2568 1842 promer
2609 1781 2660 1828 te
2701 1771 2908 1827 Domini
2948 1771 3042 1826 Dei
3071 1772 3141 1826 tui
3168 1771 3386 1826 ditantis
3418 1783 3469 1828 te
3496 1790 3509 1827 :
3539 1773 3664 1829 vide

2077 1860 2344 1933 quomodo
2374 1861 2527 1916 bonis
2565 1862 2682 1930 ejus
2725 1861 3043 1932 perfruaris,
3071 1861 3115 1915 si
3161 1860 3315 1916 fidem
3358 1877 3477 1917 cum
3512 1876 3581 1918 co
3607 1863 3665 1918 in

2082 1961 2386 2020 paupertate
2424 1953 2740 2007 servaveris.
2776 1952 2946 2021 Pater,
2977 1951 3179 2020 intuit,
3211 1953 3320 2007 volo
3359 1964 3410 2006 ut
3451 1955 3534 2008 ubi
3571 1972 3671 2025 ego

2081 2060 2191 2097 sum
2216 2084 2230 2110 ,
2263 2052 2310 2096 et
2334 2042 2435 2114 ipsi
2454 2047 2553 2098 sint
2580 2061 2771 2098 mecum
2816 2032 2994 2115 (icon.
3031 2060 3154 2109 xvu,
3178 2043 3290 2116 24).

2578 2134 2808 2189 sanna
2845 2134 2981 2189 xw
3026 2139 3044 2157 ο
3072 2134 3169 2207 (η).

2087 2218 2162 2290 De
2189 2239 2245 2276 eo
2269 2223 2402 2292 quod
2429 2225 2668 2295 scriptum
2698 2235 2768 2278 est
2795 2225 2845 2277 in
2872 2212 3032 2290 Isaia,
3063 2242 3179 2294 cap.
3209 2241 3244 2287 ι.
3280 2227 3365 2291 Η,
3393 2228 3506 2295 Quo
3536 2228 3675 2286 milli

2158 2320 2546 2374 multitudinem
2575 2320 2951 2376 sacrificiorum
2982 2321 3319 2375 vestrorum?
3348 2321 3408 2375 Et
3436 2323 3487 2376 in
3519 2319 3679 2377 Psal-

2160 2426 2240 2462 mo
2262 2425 2478 2476 cxxxrx,
2510 2411 2555 2473 Ι,
2574 2410 2764 2465 Libera
2788 2427 2893 2477 me,
2925 2409 3165 2475 Domine,
3183 2409 3250 2465 ab
3269 2411 3479 2466 homine
3505 2413 3677 2467 malo.

2160 2499 2385 2556 CAPUT
2453 2501 2833 2557 PRIMUM.—
2872 2504 2922 2556 l.
2977 2500 3312 2574 Eleemosyna
3371 2504 3421 2558 in
3468 2488 3679 2575 paupe-

2092 2608 2195 2644 rem
2238 2592 2546 2659 sucri/icium
2601 2602 2672 2647 est
2710 2592 2989 2647 christiani.
3033 2592 3150 2647 Duo
3188 2610 3370 2664 genera
3408 2595 3686 2668 eleemosyo

2092 2699 2292 2736 narum.
2325 2685 2456 2753 Ego,
2502 2682 2711 2749 fratres,
2739 2676 2900 2741 diros
2941 2700 3130 2755 parvas
3178 2684 3368 2753 habeo,
3409 2685 3503 2740 sed
3554 2703 3683 2743 ver-

2094 2773 2218 2828 bum
2259 2774 2349 2830 Dei
2391 2790 2608 2845 magnas
2638 2775 2814 2830 habet.
2846 2774 3031 2832 Valeat
3058 2776 3108 2830 in
3144 2776 3394 2832 cordibus
3418 2779 3610 2833 vestris
3640 2781 3685 2833 '.

2094 2864 2236 2935 Ergo
2264 2873 2316 2921 et
2349 2865 2489 2936 quod
2517 2865 2660 2921 lente
2686 2866 2932 2932 dicimus,
2961 2866 3115 2922 valde
3152 2866 3367 2934 auditis,
3395 2869 3437 2923 si
3463 2856 3690 2925 obedie-

2095 2958 2229 3012 ritis.
2258 2957 2529 3029 Tanquam
2568 2974 2664 3030 per
2699 2959 2892 3014 nubem
2914 2976 3085 3025 suam,
3118 2976 3212 3031 per
3241 2960 3425 3015 lsaiam
3455 2961 3693 3032 prephe-

2099 3058 2203 3102 tam
2236 3048 2489 3103 Dominus
2518 3049 2688 3104 tonuit
2717 3067 2732 3106 :
2767 3050 2810 3105 si
2842 3066 3057 3105 sensum
3101 3051 3325 3114 habetis,
3371 3051 3689 3121 espavistis.

2100 3137 2378 3195 Manifeste
2417 3140 2558 3194 enim
2604 3139 2759 3205 dixit,
2804 3156 2904 3196 nec
2944 3141 3300 3211 expositorum
3349 3140 3547 3197 habent
3588 3143 3694 3200 ista

2102 3230 2482 3294 necessarium,
2514 3229 2608 3285 sed
2649 3228 2927 3285 factorem.
2973 3230 3084 3297 Quo
3115 3231 3258 3299 mihi,
3297 3232 3484 3305 inquit,
3512 3234 3695 3289 multi-

2103 3320 2325 3375 tudinem
2353 3322 2718 3391 sacriﬁciorum
2746 3333 3018 3377 vestrorum
3035 3324 3061 3378 .9
3085 3323 3214 3394 Quis
3235 3326 3375 3380 enim
3407 3325 3700 3396 esquisivit

2104 3408 2202 3469 ista
2225 3414 2292 3470 de
2314 3415 2556 3470 manibus
2582 3414 2823 3471 vestris?
2847 3416 2982 3470 Deus
3004 3431 3100 3470 nos
3125 3418 3333 3487 quaet-lt,
3357 3432 3459 3471 non
3487 3427 3698 3473 nostra.

2105 3500 2210 3561 Sed
2239 3505 2553 3561 sacrificium
2596 3505 2872 3561 christiani
2913 3515 2995 3561 cst
3032 3505 3370 3580 eleemosyna
3405 3506 3456 3561 in
3497 3523 3703 3578 paupe-

2107 3612 2239 3651 rem.
2273 3595 2406 3653 llinc
2431 3596 2571 3650 enim
2614 3595 2667 3650 fit
2696 3596 2835 3651 Deus
2864 3595 3092 3666 peccatis
3132 3597 3410 3667 propitius.
3452 3596 3561 3651 Nisi
3592 3614 3701 3651 an-

2109 3696 2214 3741 tem
2259 3686 2488 3756 peecatis
2518 3686 2774 3757 propitius
2820 3687 2911 3740 fiat
2958 3686 3118 3753 Deus,
3155 3687 3273 3758 quis
3316 3697 3554 3743 remanet
3590 3689 3701 3744 nisi

2109 3780 2270 3834 reus?
2297 3778 2377 3833 Ab
2420 3778 2498 3834 eis
2548 3779 2776 3850 peccatis
2815 3786 2869 3834 et
2913 3777 3121 3833 delictis
3151 3779 3192 3844 ',
3224 3778 3336 3832 sine
3364 3779 3555 3848 quibus
3583 3779 3699 3834 vita

2110 3870 2206 3925 ista
2240 3886 2343 3924 non
2371 3869 2598 3932 ducitur,
2647 3869 2968 3924 mandantur
3014 3869 3254 3923 homines
3284 3885 3376 3938 per
3401 3869 3704 3941 eleemosy-

2110 3974 2205 4015 nas
2238 3978 2251 4013 :
2278 3976 2397 4032 qum
2425 3968 2548 4014 sunt
2571 3959 2795 4014 duorum
2830 3973 3106 4029 generum,
3138 3958 3406 4027 erogaudo
3431 3969 3485 4014 et
3507 3961 3703 4016 remit-

2113 4047 2304 4114 tendo;
2330 4047 2595 4118 eroganda
2616 4046 2754 4118 quod
2779 4042 2941 4102 habes
2963 4046 3182 4114 bonum,
3210 4046 3529 4103 remittendo
3552 4046 3702 4118 quod

2112 4139 2309 4209 pateris
2334 4138 2556 4193 malum.
2584 4137 2710 4193 Hmc
2734 4137 2839 4192 duo
2875 4152 3067 4209 genera
3098 4137 3558 4207 eleetnosynarum
3593 4139 3697 4194 Do-

2113 4230 2290 4285 minus
2333 4229 2585 4300 magister
2625 4229 2816 4293 bonus,
2847 4227 2939 4299 qui
2971 4227 3187 4283 verbum
3233 4226 3495 4283 breviavit
3536 4244 3706 4300 super

2115 4329 2330 4382 terram,
2360 4330 2420 4376 ut
2446 4329 2587 4375 esset
2612 4318 2959 4385 fructuosum,
2990 4328 3043 4374 et
3071 4335 3175 4373 non
3203 4332 3504 4385 onerosum,
3538 4336 3704 4393 quam

2114 4411 2349 4467 breviter
2381 4411 2537 4467 fuerit
2574 4410 2904 4481 complexus,
2949 4408 3165 4465 audite:
3200 4408 3470 4476 Remittite,
3506 4411 3702 4480 inquit,
3773 4430 3779 4434 ·

2115 4511 2163 4556 et
2190 4503 2463 4556 remittetur
2487 4500 2652 4567 vobis;
2687 4500 2822 4565 date,
2855 4511 2901 4554 et
2934 4498 3136 4553 dabitur
3163 4498 3298 4554 vobis
3346 4497 3494 4566 (Luc.
3522 4514 3602 4566 Vl,
3632 4502 3705 4556 57

2116 4593 2299 4663 8158).
2334 4590 2614 4656 Remittite,
2650 4599 2697 4644 et
2729 4592 3005 4645 remittetur
3028 4589 3183 4658 vobis,
3216 4589 3444 4660 pertinet
3462 4588 3529 4643 ad
3548 4590 3710 4661 igno-

2116 4683 2406 4748 scendum;
2437 4686 2571 4748 date,
2611 4690 2657 4736 et
2695 4680 2895 4735 dabitur
2917 4678 3073 4743 vobis,
3100 4681 3334 4750 pertinet
3360 4678 3429 4753 ad
3444 4692 3701 4749 ‘errigan-

2117 4776 2262 4833 dum.
2294 4776 2370 4832 Ex
2405 4776 2489 4830 illa
2520 4775 2879 4846 eleemosyna,
2907 4788 3009 4844 qua
3047 4770 3278 4844 ignoscis
3313 4772 3535 4838 homini,
3570 4773 3706 4827 nihil

2120 4868 2315 4940 perdis.
2365 4867 2502 4922 Ecce
2550 4865 2727 4920 statim
2774 4865 2980 4919 veniam
3027 4864 3192 4936 petit,
3244 4861 3526 4934 ignovisti,
3575 4861 3711 4916 nihil

2119 4957 2364 5015 amisisti.
2419 4955 2688 5013 Charitate
2768 4955 2995 5025 amplior
3036 4955 3253 5009 domum
3315 4952 3520 5009 redisti.
3576 4952 3710 5009 illud

2120 5049 2261 5104 aliud
2312 5063 2480 5119 genus
2529 5045 3008 5118 cleemosynarum,
3062 5043 3150 5099 ubi
3189 5043 3442 5113 iubemur
3483 5058 3712 5115 erogare

2123 5140 2494 5213 indigentibus,
2532 5154 2693 5211 grave
2731 5136 2979 5193 videtur:
3006 5136 3128 5208 quia
3166 5135 3309 5207 quod
3346 5136 3571 5207 quisque
3614 5134 3714 5190 de-

2187 5280 2204 5313 ι
2228 5276 2452 5340 etei-ique
2477 5273 2720 5340 uss.._sed
2735 5273 2937 5340 pertisum
2958 5270 3059 5340 _Dei
3086 5283 3286 5340 magnas
3305 5270 3445 5322 habet
3479 5267 3638 5321 valere
3657 5268 3715 5320 in

2122 5338 2347 5390 cordibus
2369 5332 2550 5388 ivestris.
2577 5335 2861 5395 victorious,
2884 5332 3062 5385 habere
3084 5332 3222 5395 valet.

2186 5401 2314 5464 {Hic
2345 5408 2449 5449 mss.
2468 5396 2661 5464 quidam
2680 5390 3018 5464 intenionunt,
3057 5393 3323 5464 uanitate,
3355 5396 3407 5464 et

2123 5459 2292 5514 vobis:
2314 5453 2702 5518 norintértatibus
2723 5453 2851 5518 dico,
2877 5470 2938 5508 ne
2959 5453 3334 5509 contemnantur.
3366 5461 3432 5505 Ex
3453 5453 3529 5504 bis
3546 5453 3718 5503 nemo

2123 5525 2327 5588 glensis,
2351 5534 2444 5574 non
2464 5516 2759 5580 mortalibus,
2783 5516 2878 5570 nisi
2897 5524 3276 5570 contemnantur.

2188 5584 2440 5634 'Adduos
2473 5582 2537 5633 cl.
2569 5582 2628 5631 ad
2661 5594 2738 5645 gr.
2776 5592 2868 5631 rm.
2894 5594 2942 5629 ν.
2986 5588 3084 5630 Iun.
3132 5585 3208 5629 Er.
3250 5586 3352 5628 Par.
3388 5584 3495 5627 Lor.
3540 5582 3717 5625 rem

2189 5708 2262 5771 (α)
2296 5706 2436 5769 Alias,
2458 5705 2521 5756 so
2544 5717 2608 5757 ex
2631 5703 2846 5761 "anubis
2865 5702 2942 5754 ao.
