1994 3095
164 261 245 294 derit,
261 259 312 288 hoc
325 258 412 294 ipsum
426 254 496 291 quod
508 251 579 281 dabit
594 258 645 278 non
659 246 776 276 habebit.
825 252 828 255 ‘

202 303 315 334 CAPUT
334 303 367 331 11.
379 317 412 323 ——
423 301 448 329 Ξ.
460 299 680 333 Eleemosyuarum
690 299 806 320 mensura
816 294 838 316 et
852 295 952 315 merces.

166 353 257 381 Fraus
278 349 440 386 trojectitium
462 348 542 382 {utere
560 343 629 379 quid.
642 339 769 375 Equidem
790 339 816 363 et
837 333 897 361 hinc
914 339 956 358 se-

164 406 250 427 curos
263 379 324 424 nos.
332 395 394 422 facil.
414 379 564 428 Apostolus,
588 389 630 423 qui
653 385 738 413 di\it:
757 382 835 409 Prout
854 379 956 414 quisque

166 446 253 477 habet,
267 451 316 470 non
331 446 355 468 ul
376 441 434 466 aliis
451 439 481 465 sit
499 436 597 472 refectio
609 435 628 466 ',
643 432 708 459 vobis
722 428 835 464 angustia
849 424 879 461 (Il
895 423 954 450 Cor.

166 501 224 525 \‘lll,
244 491 285 523 12,
306 490 358 523 15).
383 487 504 514 Metiatnr
524 490 586 517 ergo
602 479 779 513 unusquisque
795 474 863 501 vires
884 476 953 500 suas,

172 515 224 525 ....,
245 515 285 523 __,
557 515 565 517 _

167 547 223 565 non
248 535 425 563 thesaurizarc
445 529 561 557 attendat
583 528 608 553 in
632 531 699 552 terra
718 522 791 551 :det,
816 525 868 546 non
889 515 957 550 perit

168 582 241 618 quod
255 581 308 608 dat.
325 580 381 606 Non
404 577 473 607 dico,
498 575 552 601 lluc
574 579 625 599 non
650 570 731 604 perit;
751 565 797 592 sed
812 564 881 594 dico,
901 560 957 587 Hoc

716 613 720 618 .
750 612 755 618 .
789 611 795 616 .
840 607 942 618 ,μμ-,η

170 607 185 618 μ,
199 607 240 609 η,
259 607 263 608 ,

168 630 256 654 snium
266 633 317 652 non
332 623 408 658 perit.
423 622 479 648 Alia
493 626 555 646 vero
570 624 627 651 qum
642 622 692 641 non
706 611 821 642 dederis,
835 612 862 636 et
875 607 958 633 abun-

169 674 235 700 dant
250 671 306 702 tibi,
321 674 365 695 aut
380 675 438 694 cum
453 665 518 691 vivis
533 662 641 693 amittis,
656 664 699 686 aut
714 666 773 685 cum
791 653 901 682 moreris
915 652 956 678 di-

169 718 267 745 mittis.
284 714 391 744 Deinde,
407 711 501 739 fratres
517 709 577 739 inci,
594 712 664 733 tanta
686 701 825 739 promiij
839 706 892 734 quo
909 704 958 724 nos

169 765 294 791 hortetur
306 762 330 793 ³,
345 757 472 785 attendite
488 765 493 782 :
510 754 640 783 Dimittitc,
662 749 760 783 inquit,
781 750 803 773 et
823 744 959 772 dimittetur

169 810 257 839 vobis;
269 808 335 839 date,
344 811 366 832 et
384 804 483 830 dabitur
496 801 571 827 vobis.
584 797 694 832 Quando
707 795 778 824 dicit,
792 792 865 823 Date,
877 795 899 817 et
912 789 959 815 da-

168 856 239 882 bitur
252 838 332 885 vobis,
342 849 446 878 attende
458 847 497 874 eui
508 847 586 873 dicat.
599 842 701 870 Homini
716 840 778 867 dicit
792 838 871 867 Deus,
886 841 958 861 mor-

170 901 217 928 tali
234 898 298 926 dicit
312 894 478 925 immortalis,
494 890 615 918 mendico
628 887 690 914 dicit
709 890 795 911 tantus
807 878 958 916 paterfami-

170 948 232 974 lias.
249 946 338 979 Neque
359 943 428 970 enim
445 941 493 967 hoc
507 941 677 965 revocaturus
690 929 810 966 estquod
825 927 957 955 dedimus.

738 978 742 979 ν
932 969 957 979 ν,

172 969 232 974 ν--.
249 969 335 979 ..-πη
363 969 370 970 ,

172 992 324 1019 Invenimus
342 996 418 1023 quem
440 987 598 1013 tolleremus.
621 982 715 1008 Demus
738 978 762 1003 in
782 980 899 1004 usuram,
913 969 959 998 sed

172 1039 240 1069 Deo,
255 1044 307 1063 non
328 1032 437 1061 homini.
452 1031 481 1058 Et
497 1030 589 1056 damus
611 1026 654 1060 qui
680 1022 806 1053 abundat,
822 1019 846 1046 ei
866 1017 960 1045 damus

234 1064 310 1111 dedit
332 1078 402 1114 quod
424 1077 526 1104 demus.
543 1073 574 1100 Et
600 1079 647 1106 pro
670 1067 778 1096 modicis
803 1064 891 1095 rebus,
913 1068 961 1096 pro

174 1128 286 1160 frivolis,
302 1133 349 1161 pro
364 1123 530 1151 mortalibus,
547 1126 594 1153 pro
619 1114 795 1151 putribitihus,
814 1117 861 1145 pro
876 1114 960 1135 terre-

831 1155 846 1161 ..
902 1150 959 1161 νη...

174 1150 286 1160 ’¹·”””·Ἴ
302 1150 344 1161 ινη
365 1150 369 1151 ν
524 1150 554 1153 ν.
620 1150 623 1151 ,

174 1172 225 1204 uis,
242 1176 351 1202 mterna,
363 1164 581 1200 incorruptibilia,
596 1162 652 1188 sine
669 1161 719 1185 line
734 1155 863 1184 manentia
878 1163 884 1180 :
897 1150 959 1187 quid

175 1217 255 1244 tnulta
277 1215 393 1242 dicturus
415 1210 492 1239 smn?
515 1217 542 1236 se
564 1206 701 1242 promittit,
719 1203 761 1238 qui
784 1199 919 1236 promittit.
933 1197 960 1225 Si

176 1270 250 1290 amas
265 1262 350 1293 illum,
370 1266 428 1285 eme
448 1257 521 1284 illum
545 1255 577 1281 ab
595 1253 639 1280 illo
666 1252 697 1278 Et
713 1255 740 1276 ut
755 1246 858 1275 noveris
872 1250 896 1273 te
911 1244 961 1279 ipsi

175 1311 254 1340 dare,
270 1307 331 1335 audi
355 1306 425 1333 illum
445 1303 574 1330 dicentem
590 1309 594 1325 :
612 1298 723 1327 [θυι-101,
743 1301 764 1322 et
780 1294 881 1321 dedistis
900 1291 962 1318 mihi

175 1354 347 1384 nmnducare;
362 1351 437 1382 sitivi,
458 1353 479 1375 et
495 1346 595 1374 dedistis
614 1344 674 1371 milii
689 1347 790 1377 potum;
805 1340 893 1373 hospes
913 1337 961 1373 [111,

175 1407 198 1429 τι
213 1399 356 1434 suscepistis
369 1404 424 1429 me;
444 1394 526 1421 nudus
541 1392 587 1427 fni,
604 1394 625 1417 et
639 1388 742 1416 t't‘slislis
756 1393 811 1416 me;
829 1392 904 1419 a’ger,
924 1383 962 1409 ai-

175 1445 272 1473 sitastis
286 1428 348 1475 .me;
369 1441 488 1472 inclutus,
505 1437 603 1465 venistis
623 1435 655 1461 ad
678 1442 725 1460 me.
743 1433 774 1459 Et.
789 1431 876 1458 dicent
896 1428 933 1455 illi
954 1435 961 1454 :

178 1490 288 1524 Quando
301 1494 324 1515 te
337 1487 441 1513 ﬁdimus
462 1486 487 1510 in
508 1483 549 1509 his
568 1478 767 1508 nceessitatibus
782 1475 962 1504 constitutum,

175 1541 199 1563 et
216 1534 408 1562 mim'stravimus
422 1530 484 1557 tibi?
500 1529 531 1555 Et
545 1528 587 1554 ille
603 1535 609 1552 :
632 1524 738 1557 Quando
753 1522 795 1549 uni
814 1528 844 1547 et
856 1518 965 1546 minimis

176 1582 238 1608 meis
251 1578 353 1615 fecistis,
373 1576 433 1603 1111111
448 1574 539 1610 fecistis
554 1572 656 1607 (Matt/1.
674 1577 734 1601 xxv,
749 1566 856 1602 35-60).
869 1565 919 1592 Dat
932 1563 965 1591 de

177 1609 258 1657 uelo,
273 1609 366 1658 accipit
388 1622 414 1648 in
438 1609 517 1647 terra.
539 1618 595 1652 Ipse
614 1617 667 1647 dat,
685 1615 739 1650 ipze
759 1613 864 1647 accipit.
885 1609 965 1644 Quasi

179 1656 255 1700 fenus
270 1656 437 1704 trajectitium
452 1665 525 1693 facis.
541 1664 588 1690 llic
603 1662 659 1694 das,
677 1661 710 1687 ibi
726 1659 821 1693 recipis
838 1667 844 1685 :
860 1657 902 1684 hic
916 1656 966 1683 das

181 1725 226 1745 res
239 1717 380 1752 perituras,
395 1713 428 1740 ibi
443 1711 537 1746 recipis
549 1717 592 1736 res
604 1708 660 1735 sine
675 1707 725 1733 [ine
737 1711 883 1732 mansuras.

216 1748 328 1790 citrn'r
355 1758 485 1787 111,-5.
510 1756 593 1782 Homo
618 1754 708 1780 malus.
733 1752 763 1778 111
787 1748 966 1785 quandocum-

179 1817 232 1844 que
245 1808 313 1835 dicis
327 1807 390 1836 Deo,
406 1804 495 1831 Libera
514 1809 563 1833 me,
581 1799 694 1831 Domine,
712 1797 740 1823 ab
758 1795 856 1823 [tantine
873 1793 940 1820 malo
958 1799 967 1819 :

181 1856 234 1882 hoc
254 1853 324 1881 0111111
344 1850 424 1878 1110110
444 1847 615 1875 canini-imus.
632 1844 693 1871 Scio
709 1843 777 1869 enim
797 1847 850 1875 quo
870 1839 966 1873 gemitu

180 1900 266 1930 dicas,
280 1897 370 1924 Libera
381 1903 429 1927 me,
446 1892 559 1922 Domine,
572 1890 601 1917 ab
621 1889 719 1916 homine
732 1887 807 1912 malo.
821 1884 884 1918 Quis
898 1883 967 1910 enim

182 1947 211 1972 in
226 1945 276 1972 isto
290 1942 387 1970 81001110
400 1947 451 1967 non
467 1938 562 1973 patitur
575 1936 687 1970 aliquem
703 1932 834 1959 hominem
853 1929 969 1956 malum?

182 1989 296 2024 Quando
315 1994 377 2021 ergo
400 1986 450 2012 hoc
468 1983 534 2010 dicis
550 1982 613 2013 Deo,
631 1979 718 2006 Ι.1ὺι’να
739 1986 786 2008 me,
808 1975 923 2006 Domine,
938 1973 969 2000 ab

183 2035 285 2063 homine
297 2033 381 2063 malo;
396 2031 463 2058 sicut
476 2029 538 2056 totis
552 2025 704 2063 praecordiis
720 2023 795 2055 dicis,
806 2022 844 2049 sic
862 2019 970 2049 intentis

183 2080 270 2108 oculis
285 2083 311 2106 te
325 2078 396 2112 prius
411 2074 526 2102 attende.
539 2072 626 2099 Libera
638 2079 685 2101 me,
698 2069 813 2100 Domine,
826 2067 857 2094 ab
872 2065 971 2093 homine

183 2127 263 2153 1111110.
285 2111 339 2152 Fac
362 2123 407 2149 tibi
429 2119 596 2155 respondisse
614 2117 707 2147 Deum,
723 2115 742 2141 Α
765 2112 833 2148 quo!
853 2111 971 2139 dicturus

182 2181 215 2200 es
227 2180 243 2199 ι
256 2170 332 2201 Gaio,
350 2177 364 2195 a
384 2168 475 2198 Lucio,
491 2173 504 2191 a
528 2163 617 2191 nescio
639 2169 690 2196 quo
713 2167 789 2194 quem
813 2157 921 2192 pateris.
939 2156 969 2183 Et

185 2216 332 2252 respondet
346 2214 392 2241 tibi
408 2222 415 2240 :
433 2213 469 2239 De
480 2216 505 2238 te
518 2210 581 2237 mihi
599 2208 663 2235 nihil
677 2206 760 2233 dicis?
777 2204 804 2232 Si
818 2204 852 2230 ab
867 2202 972 2230 homine

186 2247 259 2292 1111110
270 2262 354 2289 libero
366 2265 402 2293 te,
417 2258 490 2293 prius
508 2263 537 2283 es
548 2253 699 2281 l.beraudns
713 2259 726 2277 a
743 2255 768 2277 te
786 2250 853 2284 ipso.
871 2247 973 2274 Pateris

186 2310 298 2340 malum,
310 2305 363 2333 noli
377 2309 403 2331 te
416 2303 500 2337 ipsum
515 2300 568 2335 pati
588 2298 695 2326 malum.
714 2296 853 2323 Videamus
864 2293 887 2320 si
901 2293 974 2319 inve-

188 2356 228 2384 uit
240 2355 267 2382 in
281 2338 315 2385 te,
335 2350 397 2387 quid
413 2349 458 2377 tibi
474 2348 550 2375 iaciat
563 2346 629 2372 alter
644 2343 736 2370 malus.
752 2340 819 2375 Quid
838 2339 883 2367 tibi
897 2338 975 2365 faciat

191 2400 297 2430 malus?
310 2399 350 2426 Tu
363 2397 416 2424 noli
432 2403 490 2422 esse
510 2393 602 2421 malus.
617 2391 673 2417 Non
694 2389 739 2415 tibi
754 2387 902 2415 dominetur
913 2392 975 2411 ava-

189 2447 261 2478 ritia,
277 2452 329 2471 non
345 2447 370 2470 te
382 2442 466 2470 calcet
475 2435 686 2472 concupiscentia
700 2439 753 2466 tua,
767 2440 819 2459 non
834 2437 859 2458 lc
873 2431 976 2457 trituret

189 2492 228 2520 ira
243 2477 297 2518 tua.
320 2489 365 2516 Isti
385 2487 476 2514 hostes
491 2483 629 2511 interiores
645 2481 681 2508 tui
701 2483 771 2506 sunt.
791 2477 830 2504 Tu
844 2477 899 2511 ipse
920 2483 975 2502 non

189 2536 238 2565 tibi
251 2533 348 2570 aliquid
364 2532 454 2560 facias.
477 2529 620 2556 Videamus
643 2525 704 2560 quid
725 2524 769 2550 tibi
791 2522 853 2549 facit
873 2521 975 2548 vicinus

190 2565 428 2615 mlum-palmam
441 2575 534 2606 malus,
546 2577 640 2608 potens
651 2570 735 2597 malus
749 2578 755 2595 :
767 2567 903 2595 videamus
914 2565 975 2600 quid

191 2628 239 2655 tibi
259 2612 331 2653 facit.
358 2623 460 2651 Justum
483 2625 509 2647 te
530 2618 654 2647 inveniat,
675 2616 778 2643 ﬁdi-lem
802 2618 828 2641 tc
850 2612 975 2644 inveniat,

191 2672 365 2701 christianum
379 2672 405 2696 te
419 2666 536 2702 inveniat
551 2673 558 2692 :
571 2663 633 2698 quid
647 2662 692 2689 tibi
710 2661 825 2688 111οι111118
836 2658 893 2686 est?
903 2656 978 2690 Quod

191 2717 329 2752 Stephano
342 2712 425 2742 Judazi
438 2711 566 2739 fecerunt.
580 2706 712 2735 Faciendo
725 2705 833 2736 malum,
849 2703 978 2731 miserunt

229 2802 238 2817 ι
246 2802 287 2823 Its.
299 2795 459 2824 colbertinus,
470 2799 518 2818 non
528 2795 554 2817 ut
562 2791 617 2824 aliis
626 2790 657 2824 sit
668 2787 802 2824 consolatio.

299 2815 791 2859 manus"inanimatae.
802 2822 837 2859 εις
855 2815 980 2859 meo

192 2854 309 2917 m
324 2857 441 2883 hortatur.
453 2854 528 2897 Editi,
548 2856 613 2879 tanta
631 2858 660 2883 pr

661 2847 756 2878 missio
768 2855 837 2881 autem
856 2847 904 2873 non
924 2847 979 2872 Itor-

866 183 977 216 5εῆΜο
996 181 1086 213 XLIII.

1743 182 1794 210 2ΰό

1008 241 1042 268 ad
1056 241 1163 267 bonum.
1184 239 1253 274 Ergo
1272 238 1377 273 quando
1399 239 1466 273 petis
1484 242 1513 265 ut
1530 238 1622 266 liberet
1635 243 1659 266 te
1674 238 1743 266 Deus
1759 240 1794 266 tib

1009 285 1116 313 homine
1139 284 1218 317 malo,
1234 283 1340 310 attende
1361 287 1397 315 te,
1414 282 1467 310 noli
1483 282 1527 309 tibi
1548 290 1657 317 parcere
1677 292 1684 310 :
1703 288 1729 311 te
1742 291 1755 309 11
1772 288 1798 311 to

1008 331 1113 358 liberet.
1124 328 1262 363 Quomodo
1273 333 1299 355 te
1313 336 1326 354 a
1343 333 1368 355 te
1382 328 1495 355 liberat?
1508 327 1669 355 Dimittendo
1680 334 1797 362 peccata.

1009 376 1132 404 donando
1148 376 1251 407 merita,
1266 374 1354 401 dando
1368 374 1413 401 tibi
1433 373 1504 400 vires
1522 373 1654 408 pugnandi
1671 373 1798 400 adversus

1008 420 1236 455 concupiscentias
1260 424 1336 450 tuas,
1365 418 1519 452 inspirando
1544 418 1685 450 virtutem,
1712 418 1799 444 dando

1009 466 1090 494 menti
1104 471 1154 492 tua:
1167 466 1303 493 cariestem
1317 464 1531 495 delectationem,
1547 470 1599 497 qua
1612 463 1698 490 omnis
1713 467 1798 490 terre-

1009 520 1040 538 na
1056 511 1197 538 delectatio
1216 514 1364 545 superetur.
1386 510 1447 536 llaec
1462 517 1521 536 cum
1535 509 1580 536 tibi
1595 514 1703 543 pra-stat
1718 510 1796 540 Deus.

1009 557 1103 584 liberat
1122 562 1147 583 te
1165 564 1179 582 a
1196 561 1231 587 te,
1244 561 1271 582 et
1284 563 1392 582 securus
1405 559 1543 589 exspectas
1564 555 1589 582 in
1610 555 1689 589 hujus
1710 555 1798 583 81001111

1009 602 1085 629 malis
1099 601 1257 629 transitoriis
1272 608 1330 628 cum
1349 601 1389 627 eis
1401 600 1476 627 bonis
1490 605 1628 627 venturum
1646 600 1798 632 Dominum,

1009 656 1067 682 quzn
1090 646 1277 674 transirenon
1298 650 1418 680 possunt.
1438 645 1508 673 Satis
1526 645 1580 672 sint
1598 645 1682 671 vobis.
1698 644 1799 671 Videtis

1009 698 1091 725 certe,
1107 693 1166 727 quia
1181 693 1271 719 nescio
1286 691 1419 726 quomodo
1434 699 1483 726 ego
1502 691 1633 718 invalidus
1651 690 1759 722 accedo,
1772 695 1799 717 ct

1010 739 1141 775 loquendo
1153 739 1226 766 tortis
1237 738 1280 764 tio.
1295 738 1395 765 Tantus
1409 742 1449 765 est
1463 738 1526 764 mihi
1541 737 1654 770 animus,
1670 742 1740 764 tanta
1757 737 1798 762 in-

1012 785 1093 812 tcntio
1117 785 1142 811 in
1164 783 1283 818 profectu
1300 784 1408 810 vestro!
1425 782 1568 817 Operarins
1590 782 1661 809 enim
1687 781 1712 808 in
1736 789 1799 815 agro

1011 830 1123 857 fructum
1139 836 1260 864 sperans,
1275 829 1363 856 minus
1375 829 1456 856 sentit
1471 828 1599 855 laborem.
1620 828 1683 854 Sitis
1698 826 1800 853 fructus

1011 877 1072 908 mei,
1088 880 1116 903 ut
1129 876 1264 903 vobiscum
1276 875 1337 906 sim,
1353 878 1380 901 et
1388 880 1482 901 omnes
1496 874 1579 900 simus
1591 872 1692 899 fructus
1706 871 1762 899 Dei.

1256 939 1370 968 8011110
1388 939 1488 966 111111⁸
1505 938 1552 974 (η).

1012 999 1051 1026 De
1064 1008 1091 1027 eo
1106 999 1172 1034 quod
1188 999 1309 1034 scriptum
1322 1003 1358 1025 at
1372 998 1398 1025 in
1411 997 1490 1030 Isaia,
1503 1006 1559 1033 cap.
1573 1006 1618 1030 vti,
1631 997 1657 1029 9.
1674 996 1727 1024 Nisi
1743 1005 1800 1023 crc-

1201 1044 1332 1077 dideritis,
1347 1051 1398 1071 non
1413 1042 1563 1077 intelligetis
1577 1043 1623 1077 (ὁ).

1058 1100 1169 1128 CAPUT
1201 1099 1341 1127 PRIMUM.
1363 1113 1397 1120 -—
1420 1099 1446 1125 L
1472 1097 1549 1124 Fida
1572 1098 1721 1124 necessaria.
1747 1097 1800 1123 lni-

1013 1148 1077 1174 tium
1105 1147 1180 1173 home
1206 1146 1282 1177 vitro,
1308 1144 1349 1172 cui
1371 1145 1423 1171 vita
1447 1143 1526 1170 etiam
1552 1147 1650 1170 :cterna
1679 1142 1799 1174 debetur,

1013 1196 1085 1220 recta
1104 1191 1169 1219 ﬁdes
1188 1195 1238 1218 est.
1254 1190 1302 1217 Est
1319 1194 1406 1217 autem
1423 1188 1499 1221 ﬁdes,
1518 1188 1627 1215 credere
1640 1188 1712 1223 quod
1733 1196 1800 1214 mut-

1013 1237 1075 1265 dum
1090 1236 1162 1264 vides
1178 1245 1185 1264 :
1204 1235 1280 1269 cujus
1298 1234 1359 1262 ﬁdei
1374 1241 1475 1261 1101008
1488 1238 1538 1264 est.
1553 1233 1645 1260 videre
1657 1233 1726 1268 quod
1741 1240 1801 1260 cre-

1013 1283 1064 1311 dis.
1079 1283 1211 1316 Tempore
1221 1281 1299 1316 igitur
1314 1280 1372 1308 ﬁdei
1389 1284 1513 1314 tauquam
1528 1283 1646 1313 tempore
1658 1271 1800 1310 sementis,

1015 1337 1067 1356 non
1082 1328 1245 1359 deﬁciamus,
1260 1331 1287 1354 et
1300 1333 1385 1360 usque
1403 1325 1430 1352 in
1450 1325 1530 1352 ﬁnem
1551 1332 1603 1351 non
1623 1324 1777 1351 deﬁciamus
1793 1332 1800 1349 :

1014 1373 1060 1401 sed
1080 1378 1290 1408 perseveremus,
1305 1370 1391 1397 donec
1409 1369 1479 1405 quod
1501 1369 1692 1396 seminavimus
1715 1372 1800 1395 meta-

1015 1427 1083 1447 mus.
1096 1418 1163 1446 Cum
1184 1418 1254 1444 enim
1277 1423 1398 1443 aversum
1424 1419 1494 1442 esset
1515 1422 1599 1449 genus
1622 1413 1764 1441 humanum
1786 1420 1801 1440 a

1016 1465 1081 1497 Deo,
1095 1468 1122 1492 ct
1139 1464 1240 1498 iaceret
1261 1462 1286 1489 in
1305 1461 1409 1489 delictis
1424 1460 1489 1492 suis,
1510 1460 1580 1486 sient
1597 1459 1723 1486 Creatore
1735 1465 1802 1492 opus

1015 1509 1177 1537 habebamus
1192 1512 1221 1536 ut
1237 1514 1369 1539 essemus,
1380 1506 1418 1534 sic
1430 1505 1567 1534 Saluatore
1581 1509 1610 1531 ut
1623 1504 1801 1531 reviviscere-

1016 1563 1084 1583 mus.
1112 1554 1298 1582 Justus'Deus
1322 1552 1458 1580 damnavit
1480 1551 1625 1581 hominem,
1653 1549 1803 1576 misericors

1015 1602 1087 1629 Deus
1097 1601 1190 1628 liberat
1205 1599 1348 1627 hominem.
1364 1597 1433 1624 Deus
1446 1595 1527 1623 Israel
1544 1596 1598 1629 ipsa
1610 1595 1677 1622 dabit
1688 1595 1801 1621 virtutem

1016 1651 1038 1674 et
1051 1646 1221 1681 fortitudinem
1232 1644 1297 1680 plebi
1308 1650 1360 1670 sua:
1370 1651 1379 1670 :
1390 1642 1533 1669 benedictus
1548 1640 1616 1668 Deus
1627 1639 1712 1674 (Pml.
1723 1647 1803 1672 vau,

1017 1693 1073 1727 56).
1089 1691 1141 1720 Sed
1155 1690 1288 1726 accipiunt
1301 1688 1451 1721 credentes,
1471 1695 1524 1714 non
1551 1686 1682 1721 accipiunt
1709 1689 1803 1712 conte-

1018 1742 1148 1766 mnentcs.

1053 1783 1080 1810 2.
1103 1782 1179 1809 Fides
1194 1789 1312 1817 magnum
1329 1779 1376 1807 Dei
1388 1779 1491 1806 donum.
1513 1777 1566 1804 Nec.
1581 1777 1614 1804 de
1629 1776 1684 1810 ipsa
1701 1775 1750 1802 ﬁde
1765 1780 1807 1802 ta-

1019 1836 1079 1856 men
1098 1828 1132 1854 ita
1154 1825 1318 1861 gloriandum
1337 1829 1388 1856 est,
1399 1822 1473 1858 quasi
1486 1821 1584 1856 aliquid
1604 1827 1652 1847 nos
1665 1820 1806 1854 possimus.

1020 1873 1076 1901 Non
1093 1872 1162 1899 enim
1178 1870 1244 1897 ﬁdes
1256 1869 1319 1896 nihil
1332 1873 1383 1900 est,
1399 1866 1445 1894 sed
1458 1873 1581 1900 magnum
1597 1864 1714 1899 aliquid:
1728 1871 1807 1898 quam

1020 1918 1042 1946 si
1057 1917 1148 1949 habes,
1169 1914 1289 1950 profecto
1309 1913 1445 1947 accepisti.
1461 1910 1528 1945 Quid
1544 1909 1614 1937 enim
1634 1909 1725 1941 habes,
1737 1909 1808 1943 quod

1021 1971 1073 1991 non
1086 1960 1209 1996 accepisti
1226 1959 1246 1993 (l
1261 1959 1319 1986 Cor.
1335 1966 1370 1989 tv,
1386 1956 1435 1993 7)?
1449 1956 1553 1988 Videte,
1566 1954 1725 1985 charissimi,
1740 1953 1810 1981 unde

1022 2008 1134 2037 Domino
1151 2007 1204 2034 Deo
1218 2006 1316 2041 gratias
1330 2003 1414 2039 agatis
1430 2012 1436 2030 :
1456 2010 1489 2029 ne
1510 2002 1537 2029 in
1556 2001 1644 2035 aliquo
1665 1999 1735 2026 dono
1752 1999 1812 2033 ejus

1022 2054 1115 2090 ingrati
1136 2052 1273 2083 maneatis,
1290 2055 1317 2078 et
1332 2054 1439 2085 propter
1462 2048 1513 2076 hoc
1528 2047 1597 2082 quod
1621 2046 1714 2081 ingrati
1734 2046 1812 2077 estis,

1022 2101 1094 2137 quod
1108 2098 1246 2134 accepistis
1269 2096 1395 2132 perdalis.
1411 2095 1482 2122 Laus
1502 2093 1562 2120 ﬁdei
1589 2092 1714 2127 explicari
1734 2099 1749 2118 11
1769 2099 1812 2118 me

1023 2147 1095 2174 nullo
1109 2144 1187 2172 modo
1210 2146 1307 2178 potest,
1330 2141 1377 2169 sed
1400 2148 1415 2167 a
1440 2139 1561 2167 ﬁdelibus
1581 2138 1691 2172 cogitari
1713 2141 1810 2171 potest.

1059 2190 1170 2219 CAPUT
1191 2189 1221 2217 11.
1234 2204 1268 2209 -—
1281 2188 1363 2215 Porro
1373 2186 1394 2213 si
1406 2193 1438 2212 ex
1464 2184 1549 2219 aliqua
1568 2188 1652 2218 parte,
1664 2186 1692 2209 ut
1705 2182 1812 2216 dignum

1024 2241 1073 2268 est,
1089 2235 1229 2270 cogitetur.
1244 2232 1303 2268 quis
1321 2232 1399 2266 digne
1418 2230 1526 2264 cogitet,
1540 2236 1618 2263 quam
1634 2227 1723 2254 multis
1737 2225 1814 2252 donis

1026 2283 1071 2311 Dci
1085 2282 1167 2317 ipsius
1178 2278 1348 2315 prml‘eratur?
1359 2277 1394 2304 Et
1407 2277 1428 2303 si
1442 2276 1543 2303 minora
1557 2275 1601 2301 Dei
1617 2274 1684 2301 dona
1700 2273 1726 2300 in
1738 2272 1813 2299 nobis

1025 2329 1153 2357 debemus
1167 2333 1323 2362 agnoscere,
1337 2328 1436 2359 quanto
1451 2322 1534 2356 magis
1555 2320 1618 2348 illud
1635 2319 1705 2355 quod
1725 2327 1756 2345 ea
1770 2325 1814 2345 sn-

1026 2379 1111 2410 perat,
1127 2372 1253 2400 debemus
1265 2368 1429 2405 agnoscere?

1062 2420 1088 2447 5.
1102 2418 1146 2445 Dei
1157 2418 1183 2444 in
1195 2416 1319 2444 hominem
1333 2413 1461 2447 beneﬁcia.
1473 2412 1549 2438 Aliud
1562 2411 1699 2438 intellectus
1709 2414 1732 2436 et
1744 2409 1815 2436 aliud

1027 2465 1101 2492 ratio.
1128 2464 1148 2489 Δ
1171 2462 1224 2488 Deo
1238 2460 1365 2487 debemus
1383 2465 1444 2485 esse
1464 2456 1533 2490 quod
1560 2463 1654 2483 sumus
1678 2454 1723 2489 (ε).
1749 2454 1813 2487 Quia

1027 2509 1097 2545 quod
1118 2515 1170 2534 non
1191 2505 1255 2532 nihil
1277 2510 1378 2534 smnus,
1395 2502 1446 2530 nisi
1467 2509 1481 2528 a
1501 2501 1553 2528 Deo
1566 2508 1580 2527 11
1595 2508 1647 2535 quo
1669 2499 1815 2526 habemus?

1028 2555 1080 2583 Sed
1094 2557 1156 2581 sunt
1173 2557 1200 2578 et
1214 2551 1295 2586 ligna,
1307 2554 1368 2576 sunt
1384 2553 1410 2575 et
1424 2547 1535 2582 lapides,
1555 2553 1570 2572 a
1583 2553 1634 2580 quo
1647 2545 1696 2571 nisi
1711 2552 1726 2571 a
1742 2544 1815 2571 Deo?

1028 2600 1082 2628 Nos
1095 2605 1157 2632 ergo
1176 2595 1239 2632 quid
1262 2594 1339 2630 plus?
1364 2593 1420 2620 Non
1443 2592 1532 2619 vivunt
1550 2591 1619 2625 ligna
1640 2594 1667 2617 et
1690 2589 1789 2623 lapides
1806 2598 1812 2616 :

1030 2653 1078 2673 nus
1092 2649 1181 2671 autem
1193 2641 1315 2669 vivimus.
1332 2639 1384 2667 Sed
1399 2638 1485 2666 adhuc
1504 2636 1579 2664 nobis
1595 2636 1706 2670 idipsum
1727 2635 1815 2661 vivere

1061 2722 1070 2732 '
1083 2722 1114 2746 Ad
1126 2724 1177 2745 tres
1186 2719 1229 2744 bn.
1242 2717 1270 2743 ad
1289 2721 1390 2749 quatuor
1402 2714 1432 2740 cl.
1444 2714 1523 2749 ad_cb.
1536 2713 1551 2738 t'.
1569 2714 1593 2738 11.
1607 2712 1636 2738 is.
1655 2719 1679 2743 g.
1697 2711 1714 2735 l.
1734 2717 1766 2735 111,
1780 2716 1817 2742 pr.

1030 2759 1075 2778 rm.
1088 2753 1127 2777 vd.
1141 2756 1188 2775 Am.
1201 2754 1238 2774 Er.
1250 2746 1305 2773 I‘ar.'
1314 2752 1367 2773 ιον.
1379 2746 1526 2778 recognitum

1073 2783 1098 2810 u)
1115 2782 1182 2810 .tlias,
1195 2781 1227 2804 de
1240 2780 1320 2805 verbis
1330 2776 1432 2809 Apostoli
1444 2776 1482 2799 ‘27.

1033 2801 1098 2870 “iis
1197 2801 1277 2835 scrin:-
1284 2801 1427 2839 011001⁸14οω
1440 2809 1520 2830 exstat
1531 2806 1555 2829 in
1566 2804 1626 2828 t-‘lori
1637 2803 1778 2828 00110011ωο
1789 2801 1818 2826 ad

1061 2849 1103 2869 ξον.
1115 2852 1131 2868 1.

1065 2865 1102 2905 (ei
1115 2865 1183 2898 Forte
1213 2877 1220 2895 l
1239 2875 1286 2896 Deo
1300 2869 1428 2899 habemus;
1447 2870 1499 2897 aut,
1521 2870 1568 2891 mo
1578 2865 1696 2891 debemus.
1820 2890 1836 2904 ε
