3938 6186
389 325 499 383 233

390 458 514 499 cum
558 440 840 497 arboribus
882 438 1194 508 frutetisque
1233 449 1518 493 commune
1560 442 1661 489 est.
1712 433 1970 497 Dicuntur

391 534 530 589 enim
563 543 618 587 et
639 534 775 588 vites
814 532 1012 585 vivere.
1042 528 1175 584 Nam
1202 530 1247 584 si
1274 544 1377 583 non
1406 526 1669 584 viverent.
1699 540 1804 581 non
1842 524 1976 579 scri-

392 630 541 691 ptum
566 629 711 676 esset
739 637 751 673 :
786 617 982 675 Occidit
1016 621 1069 673 in
1099 620 1346 691 grandine
1380 617 1547 673 vineas
1574 633 1763 671 eorum.
1797 611 1969 687 (Psal.

396 726 600 775 ιιιγιι,
628 711 740 779 47).
770 709 928 776 Vivit,
959 726 1080 765 cum
1118 710 1286 774 viret;
1326 708 1540 774 arescit,
1576 722 1697 763 cum
1728 704 1969 760 moritur.

388 803 496 859 Sed
525 803 631 860 vita
669 804 769 858 ista
805 821 910 858 non
948 803 1104 859 habet
1136 818 1375 858 sensum.
1413 800 1549 870 Quid
1592 816 1689 856 nos
1708 796 1972 869 amplius?

391 895 682 951 Sentimus.
713 896 1184 967 Quinquepartitns
1210 895 1448 965 corporis
1477 904 1634 949 notus
1659 902 1741 948 est
1760 907 1970 948 sensus.

394 984 669 1050 Videmus,
693 987 963 1049 audimus.
992 987 1289 1048 olfacimus,
1313 995 1600 1057 gustamus,
1646 993 1788 1039 tactu
1812 983 1971 1038 etiam

393 1093 488 1145 per
537 1068 706 1133 totum
752 1094 950 1149 (torrus
991 1089 1229 1134 nostrum
1287 1078 1468 1133 mollia
1515 1076 1870 1147 dijudicamus
1919 1081 1974 1129 et

386 1168 541 1234 dura,
573 1184 762 1239 aspera
799 1178 852 1223 et
901 1170 1063 1235 lenia,
1086 1169 1255 1224 calida
1295 1178 1350 1223 ct
1388 1168 1593 1238 frigida.
1625 1168 1719 1221 Est
1748 1183 1876 1237 ergo
1919 1166 1972 1221 in

391 1256 543 1311 nobis
566 1272 757 1313 sensus
780 1259 1237 1330 quinquepartitus
1259 1277 1273 1313 :
1292 1258 1386 1314 sed
1413 1257 1550 1313 hunc
1579 1257 1775 1311 habent
1793 1265 1850 1313 et
1877 1256 1972 1310 bc-

391 1347 527 1401 stize.
556 1348 825 1402 Habemus
850 1365 977 1419 ergo
1004 1349 1200 1419 aliquid
1243 1349 1473 1418 amplius
1512 1363 1629 1402 nos.
1674 1349 1738 1403 Et
1763 1348 1859 1402 ista
1892 1356 1972 1400 ta-

393 1457 512 1494 tuen
552 1457 671 1511 qua:
699 1444 1149 1510 cnutneravitnus,
1190 1442 1383 1498 fratres
1419 1442 1544 1509 mei,
1585 1441 1630 1495 si
1663 1439 1970 1495 considere-

392 1548 512 1587 mus
542 1533 592 1586 in
622 1533 795 1600 nobis,
831 1544 1081 1604 quantam
1127 1534 1193 1589 de
1240 1534 1321 1588 bis
1363 1532 1653 1604 gratiarum
1677 1531 1966 1592 actionem,

389 1634 639 1695 quantam
675 1625 911 1681 Creatori
954 1626 1163 1682 laudem
1191 1625 1490 1682 debemus?
1526 1623 1633 1681 Sed
1658 1633 1836 1679 tamen
1862 1639 1972 1677 am-

394 1715 530 1783 plius
563 1715 689 1785 quid
732 1716 1025 1772 habemus?
1064 1717 1315 1782 Mentem,
1356 1719 1638 1782 rationem,
1665 1715 1971 1780 consilium,

389 1804 531 1874 quod
575 1821 680 1860 non
724 1806 924 1862 habent
964 1807 1164 1872 bestiae,
1193 1822 1298 1862 non
1328 1806 1524 1862 habent
1549 1806 1814 1870 volueres,
1865 1819 1974 1858 non

392 1896 584 1951 habent
611 1898 784 1967 pisces
822 1916 834 1951 :
869 1899 920 1952 in
950 1914 1014 1953 eo
1062 1899 1183 1953 facti
1218 1914 1404 1953 sumus
1439 1899 1504 1953 ad
1546 1898 1828 1968 imaginem
1858 1897 1971 1950 Dei.

393 1989 627 2060 Denique
653 1991 739 2046 ubi
771 1991 1041 2062 Scriptura
1086 2001 1263 2046 narrat
1310 1990 1451 2061 quod
1501 1990 1620 2045 lacti
1669 2004 1869 2053 smnus,
1906 1988 1975 2042 ibi

389 2080 680 2151 snbjungit,
708 2091 770 2136 ut
808 2097 906 2137 nos
956 2081 1237 2152 pecoribus
1286 2098 1389 2136 non
1439 2081 1610 2135 solum
1661 2089 1973 2149 anteponat,

389 2173 484 2228 scd
527 2183 581 2229 et
625 2184 919 2244 pra-ponat,
963 2176 1013 2229 id
1044 2184 1143 2241 est,
1177 2184 1235 2230 ut
1272 2191 1335 2230 ea
1377 2174 1530 2229 nobis
1560 2175 1795 2244 subjecta
1826 2174 1930 2229 sint
1959 2192 1972 2228 :

393 2261 686 2331 Faciamus,
712 2266 899 2336 inquit,
929 2266 1182 2320 hominem
1216 2267 1284 2319 ad
1312 2265 1585 2336 imaginem
1612 2276 1660 2320 et
1679 2265 1976 2320 similitudi-

391 2372 504 2410 nem
548 2366 789 2421 nostram,
831 2367 877 2411 et
916 2358 1094 2411 habeat
1132 2366 1423 2429 potestatem
1466 2359 1676 2427 piscium
1718 2358 1890 2420 maris,
1930 2365 1978 2409 et

391 2447 668 2501 rolatilinm
697 2450 830 2515 caeli,
860 2458 905 2501 et
932 2449 1154 2501 omnium
1182 2464 1439 2518 pecorum,
1464 2458 1511 2500 et
1538 2449 1841 2517 serpentium
1866 2462 1980 2518 qut:

394 2547 578 2605 repunt
600 2554 752 2606 super
790 2548 987 2593 terram’
1019 2537 1168 2609 (Gen.
1206 2555 1245 2606 t,
1272 2537 1390 2609 26).
1421 2536 1572 2593 Unde
1603 2538 1793 2594 habent
1826 2548 1974 2607 pote-

394 2627 623 2681 etatem?
651 2627 872 2697 l‘rOpter
905 2629 1186 2695 imaginem
1223 2629 1334 2683 Dei.
1376 2627 1526 2684 Unde
1550 2629 1863 2698 quibusdam
1893 2630 1977 2682 tli-

392 2718 531 2769 citur
559 2716 885 2786 increpando
917 2735 931 2772 :
976 2717 1152 2773 Nolite
1194 2734 1298 2773 esse
1337 2720 1465 2773 sicut
1513 2736 1666 2791 equus
1703 2730 1749 2774 et
1787 2718 1974 2784 mulas,

392 2808 572 2876 quibus
610 2824 709 2863 non
745 2817 819 2863 est
855 2810 1135 2865 intellectus
1174 2809 1346 2881 (Psal.
1396 2829 1547 2879 xxxi,
1582 2810 1658 2883 9).
1690 2811 1795 2867 Sed
1836 2811 1975 2865 aliud

391 2909 473 2954 est
517 2900 834 2965 intellectus,
879 2901 1020 2955 aliud
1060 2903 1215 2958 ratio.
1258 2902 1390 2958 Nam
1430 2904 1690 2957 rationem
1722 2904 1978 2957 habemus

390 2999 445 3045 et
487 3000 768 3061 antequam
809 2993 1195 3063 intelligamus;
1237 2994 1332 3049 sed
1371 2995 1667 3064 intelligere
1700 3008 1803 3047 non
1831 2994 1975 3049 vale-

393 3095 535 3145 mus,
565 3082 664 3136 nisi
695 3083 952 3137 rationem
977 3083 1285 3138 habeamus.
1317 3083 1412 3139 Est
1439 3099 1567 3154 ergo
1590 3085 1781 3138 animal
1819 3085 1977 3138 ratio-

392 3173 475 3229 nis
503 3190 666 3245 capax
705 3192 720 3228 :
753 3192 935 3231 verum
980 3187 1037 3231 ut
1078 3178 1267 3233 melius
1294 3187 1347 3234 et
1371 3179 1526 3234 citius
1552 3178 1746 3243 dicam,
1768 3174 1975 3231 ’aaitnal

390 3266 671 3332 rationale,
695 3267 778 3321 cui
817 3276 1002 3323 natura
1041 3270 1178 3323 inest
1205 3269 1360 3335 ratio,
1393 3278 1446 3324 et
1473 3279 1754 3339 antequam
1788 3268 1977 3323 intelli-

390 3367 477 3427 gat
515 3358 624 3426 jam
658 3359 915 3433 rationem
960 3358 1140 3415 habet.
1187 3359 1317 3415 Nam
1365 3361 1481 3416 ideo
1524 3361 1636 3415 vult
1662 3361 1972 3430 intelligere,

390 3450 514 3518 quia
544 3450 677 3503 ratio
707 3451 721 3481 ¹
758 3451 1026 3518 pra-cedit.

462 3539 689 3597 CAPUT
720 3540 804 3595 Ill.
834 3571 901 3581 —
930 3542 981 3596 4.
1016 3542 1095 3596 An
1138 3544 1281 3612 prius
1318 3543 1618 3597 credendum
1643 3542 1778 3610 quod
1805 3553 1977 3613 postea

389 3629 717 3701 intelligatur.
766 3630 876 3685 lloc
915 3645 1043 3702 ergo
1105 3632 1245 3688 unde
1311 3632 1508 3688 bestias
1589 3633 1973 3698 antecedimus,

392 3724 624 3778 maxime
668 3725 720 3777 in
770 3724 923 3780 nobis
967 3726 1212 3783 excolere
1257 3726 1535 3792 debemus,
1572 3735 1626 3781 ct
1672 3724 1976 3794 resculperc

392 3814 619 3884 quodam
649 3816 808 3870 modo
834 3826 885 3871 et
912 3815 1222 3872 reformare.
1256 3817 1359 3872 Sed
1387 3817 1505 3887 quis
1532 3817 1745 3887 poterit.
1778 3817 1876 3870 nisi
1906 3816 1972 3871 sit

393 3903 618 3962 artifex”
640 3907 729 3977 qui
780 3906 1068 3961 tenuavit?
1095 3908 1378 3978 Imaginem
1409 3909 1461 3962 in
1495 3907 1647 3962 nobis
1676 3906 1766 3961 Dei
1795 3906 1973 3960 defor-

388 4012 540 4053 mare
584 3997 873 4068 potuimus,
915 3996 1207 4053 reformare
1237 4013 1343 4053 non
1371 4011 1671 4068 possumus.
1706 3996 1973 4051 llabemus

389 4100 542 4160 ergo,
574 4097 632 4144 ut
672 4097 861 4144 cuncta
892 4088 1123 4164 breviter
1150 4097 1469 4155 retexamus,
1503 4088 1672 4158 ipsum
1702 4101 1820 4142 esse
1848 4102 1968 4141 cum

388 4178 547 4250 lignis
587 4188 641 4234 et
689 4179 981 4250 lapidibus;
1013 4180 1212 4248 vivere,
1237 4196 1357 4235 cum
1405 4180 1714 4243 arboribus;
1746 4177 1965 4245 sentire,

388 4287 509 4328 eum
558 4271 775 4337 bestiis;
826 4272 1153 4344 intelligere,
1182 4288 1303 4327 cum
1339 4271 1576 4341 Angelis.
1612 4269 1971 4340 Dijudicamus

388 4379 518 4435 ergo
544 4363 713 4419 oculis
738 4363 968 4428 colores,
1000 4363 1218 4417 auribus
1242 4377 1483 4427 sonores,
1514 4361 1729 4416 naribus
1755 4359 1969 4427 odores,

388 4461 602 4524 gustatu
640 4468 875 4523 sapores,
907 4461 1047 4507 tactu
1086 4452 1311 4517 calores,
1344 4451 1611 4507 intellectu
1652 4466 1849 4508 mores.
1881 4446 1979 4506 Ini

395 4544 594 4614 tellige.
646 4543 831 4598 Omnis
874 4543 1035 4599 homo
1074 4542 1185 4597 vult
1213 4543 1535 4614 intelligam;
1566 4558 1722 4598 nemo
1760 4553 1843 4599 est
1883 4543 1971 4614 qui

390 4634 530 4690 nolit
549 4633 609 4689 δε
641 4633 860 4689 credere
887 4647 992 4688 non
1020 4648 1206 4689 omnes
1222 4634 1426 4687 volunt.
1458 4633 1596 4688 Dicit
1632 4632 1759 4687 mihi
1789 4633 1969 4701 homo,

387 4728 702 4798 Intelligam,
744 4734 801 4782 ut
837 4728 1048 4783 credam
1076 4746 1090 4782 :
1116 4725 1435 4797 respondeo,
1467 4725 1656 4791 Crede,
1688 4734 1744 4780 ut
1774 4726 1970 4782 intelli-

389 4835 502 4892 gas.
527 4818 657 4874 Cum
693 4833 819 4888 ergo
867 4826 986 4872 nata
1031 4817 1171 4873 inter
1213 4830 1311 4873 nos
1358 4817 1424 4872 sit
1465 4815 1824 4872 controversia
1854 4817 1973 4871 talis

388 4910 619 4981 quodam
662 4908 843 4976 modo,
866 4917 923 4963 ut
948 4907 1035 4963 ille
1065 4908 1193 4963 tnihi
1232 4896 1392 4975 dicat,
1427 4906 1738 4977 lntelligaui,
1768 4916 1824 4961 ut
1850 4920 1973 4961 cre-

386 5002 545 5067 dam;
572 5017 670 5073 cgo
714 5001 761 5057 ei
810 5000 1179 5069 respondeam,
1210 5000 1323 5055 lmo
1360 4999 1539 5066 crede,
1575 5008 1633 5054 ut
1672 4998 1969 5069 intelligas:

386 5108 508 5149 cum
551 5092 652 5148 hac
696 5092 1058 5150 controversia
1085 5093 1364 5148 veniamus
1396 5091 1462 5146 ad
1500 5091 1755 5162 judicem,
1787 5100 1975 5146 neuter

391 5196 633 5240 nostrum
681 5196 968 5255 praisumat
1011 5201 1107 5257 pro
1134 5201 1226 5241 sua
1261 5194 1405 5255 parte
1434 5185 1769 5240 sententiam.
1802 5183 1973 5250 Quem

393 5274 622 5345 iudicem
666 5274 927 5329 inventuri
976 5275 1198 5329 sumus?
1228 5274 1488 5330 Discussis
1516 5274 1763 5330 omnibus
1804 5273 1975 5326 homi-

382 5368 576 5433 nibus,
605 5364 787 5423 nescio
813 5375 987 5421 utrum
1017 5365 1292 5422 meliorem
1318 5366 1549 5437 iudicem
1586 5363 1823 5419 invenire
1855 5375 1977 5432 pos-

452 5503 467 5534 ⁸
494 5508 560 5552 tta
583 5501 889 5551 Corheiensis
908 5507 988 5550 Ms.
1005 5496 1107 5558 Alii,
1132 5497 1329 5550 ratione.
1354 5499 1471 5548 Editi
1494 5510 1627 5556 vero,
1647 5496 1895 5558 rationem.

390 5563 633 5673 mlum,
674 5562 768 5615 nisi
804 5560 933 5614 adsit
973 5554 1152 5625 artifex
1181 5574 1201 5625 ,'
1243 5554 1629 5624 repugnantibus
1680 5556 1875 5608 caneris
1916 5554 1976 5605 li-

382 5650 601 5799 Lilia.
628 5697 642 5734 :
673 5683 877 5750 tntelligi
897 5696 1050 5736 omnis
1067 5683 1206 5737 homo
1228 5682 1341 5744 vult,
1358 5679 1621 5754 intelliget?
1640 5650 1774 5732 ἰωἶιο
1794 5685 1865 5732 επ
1894 5676 1977 5743 fit"

1620 319 1676 377 S.
1716 311 2082 375 AUGUSTINI
2123 308 2423 369 EPISCOPI

3551 313 3668 372 236

2078 426 2263 490 simus,
2290 439 2450 496 quam
2481 422 2751 480 hominem
2777 439 2872 495 per
2895 439 3054 497 quem
3085 422 3317 495 loquitur
3340 424 3503 480 Dens.
3529 423 3654 482 Non

2076 530 2263 572 camus
2288 530 2414 585 ergo
2440 515 2491 569 in
2522 512 2619 568 hac
2648 530 2705 569 re
2733 525 2786 568 et
2816 514 2867 569 in
2894 513 2995 569 hac
3026 515 3385 570 controversia
3414 513 3479 569 ad
3509 515 3659 572 litte-

2078 621 2163 662 ras
2197 609 2517 672 srecnlares;
2547 620 2654 661 non
2685 606 2827 660 inter
2854 621 2950 660 nos
2970 604 3170 675 judicet
3198 615 3376 676 poeta,
3406 604 3498 660 sed
3528 620 3664 677 pro-

2078 699 2259 769 pheta.

2150 789 2203 841 Ei.
2243 785 2574 857 Prophcticus
2619 803 2783 842 sermo
2818 785 2888 838 ad
2920 785 3226 855 [irritandam
3277 787 3429 857 ﬁdem
3489 787 3663 856 (ﬁca-

2078 881 2204 936 cior.
2252 880 2443 934 Beatus
2492 879 2764 949 apostolus
2802 877 2989 933 Petrus
3008 893 3126 932 cum
3149 879 3351 933 duobus
3368 879 3487 934 aliis
3506 879 3665 934 Chri-

2078 973 2143 1027 sti
2175 972 2377 1027 Domini
2404 971 2681 1040 discipulis
2710 970 2908 1025 Jacobo
2934 980 2987 1025 et
3014 969 3220 1026 Joanne
3246 972 3297 1024 in
3324 979 3506 1027 monte
3531 987 3660 1027 cum

2077 1063 2195 1133 ipso
2236 1063 2458 1117 Domino
2495 1063 2833 1126 constitutus,
2863 1062 3065 1115 audivit
3108 1077 3290 1117 vocem
3323 1061 3551 1117 delatam
3586 1062 3664 1118 de

2077 1154 2213 1209 cazlo
2239 1174 2252 1208 :
2282 1153 2378 1207 llic
2398 1164 2470 1209 est
2490 1154 2628 1224 ﬁlius
2656 1170 2793 1207 meus
2819 1153 3046 1217 dilectus,
3078 1153 3129 1206 in
3162 1169 3258 1224 quo
3289 1154 3407 1208 bene
3431 1155 3667 1225 compla-

2076 1246 2191 1311 cui;
2221 1230 2387 1317 ipsum
2429 1244 2601 1299 audite
2641 1244 2854 1315 (.llatth.
2896 1232 3027 1307 :vvu,
3059 1244 3145 1313 5).
3183 1244 3332 1313 Quod
3380 1258 3661 1299 commen.

2077 1336 2211 1391 dans
2263 1347 2587 1390 memoratus
2633 1336 2917 1402 Apostolus
2957 1336 3008 1389 in
3066 1334 3299 1405 Epistula
3339 1351 3445 1391 sua
3475 1336 3605 1391 dixit
3645 1353 3661 1389 :

2081 1426 2231 1481 lianc
2264 1442 2428 1480 vocem
2459 1443 2549 1480 nos
2574 1424 2859 1480 audivimus
2883 1425 2952 1478 de
2971 1426 3093 1479 carlo
3123 1426 3359 1491 delatum,
3383 1443 3497 1480 cum
3524 1443 3666 1480 csse-

2079 1536 2189 1572 mus
2223 1535 2339 1572 cum
2371 1518 2461 1572 illo
2499 1518 2551 1570 in
2582 1525 2746 1571 monte
2770 1527 2963 1570 sancto.
2994 1517 3056 1570 Et
3085 1532 3204 1570 cum
3241 1516 3482 1577 dixisset.
3511 1515 3668 1570 Hanc

2078 1625 2244 1663 vocem
2271 1624 2361 1661 nos
2382 1608 2663 1664 audivimus
2684 1606 2747 1659 de
2772 1607 2894 1661 caelo
2922 1605 3139 1660 delatam
3160 1624 3178 1671 ;
3203 1606 3474 1675 subjmtxit
3498 1615 3669 1675 atque

2079 1700 2173 1765 ait,
2208 1697 2274 1751 Et
2312 1698 2551 1753 habemus
2589 1700 2847 1752 certiorem
2893 1697 3239 1769 propheticum
3282 1712 3557 1751 sermonem
3587 1697 3664 1765 (ll

2081 1788 2223 1844 Petr.
2252 1806 2289 1851 ι,
2316 1789 2399 1855 l8,
2425 1790 2537 1861 l9).
2567 1788 2756 1844 Sonuit
2781 1805 2881 1841 vox
2909 1787 2996 1843 illa
3020 1788 3085 1842 de
3105 1788 3261 1853 etelo,
3285 1798 3338 1842 et
3363 1788 3559 1842 certior
3575 1798 3667 1841 est

2081 1880 2419 1951 prOpheticus
2439 1895 2635 1935 sermo.

2152 1970 2375 2026 CAPUT
2425 1970 2512 2024 IV.
2541 2001 2610 2011 -—
2640 1966 2930 2035 Attendite,
2963 1968 3279 2029 citatissimi,
3310 1967 3526 2038 adjuvet
3556 1968 3669 2021 Do-

2081 2062 2255 2115 minus
2304 2070 2356 2116 et
2397 2060 2718 2114 voluntatem
2769 2076 2939 2114 meam
2985 2068 3039 2113 et
3092 2060 3541 2130 exspectationem
3572 2075 3670 2113 ve-

2080 2161 2266 2214 stram,
2292 2161 2351 2206 ut
2370 2150 2540 2206 dicam
2564 2150 2703 2222 quod
2732 2151 2870 2215 volo,
2900 2148 3167 2221 quomodo
3189 2149 3329 2204 volo.
3357 2148 3485 2216 Quis
3516 2149 3666 2203 enim

2082 2252 2321 2297 nostrum
2358 2258 2465 2296 non
2505 2241 2728 2296 miretur
2754 2240 2925 2295 delata
2958 2254 3085 2294 voce
3109 2238 3175 2295 de
3214 2238 3352 2295 cmlo
3376 2238 3666 2294 certiorem

2082 2334 2448 2406 propheticum
2499 2349 2803 2390 sermonem
2845 2332 2911 2387 ab
2960 2333 3215 2403 Apostolo
3264 2331 3461 2386 dictum
3506 2331 3672 2385 esse-1'

2081 2424 2374 2482 Certiorem
2400 2440 2528 2480 sane
2555 2424 2686 2479 dixit
2710 2443 2721 2479 :
2747 2426 3058 2490 certiorem,
3101 2439 3202 2479 non
3234 2422 3529 2486 meliorem,
3554 2437 3668 2477 non

2083 2519 2364 2573 veriorem.
2393 2517 2521 2572 Tam
2550 2517 2690 2572 enim
2723 2532 2879 2573 verus
2908 2516 2994 2571 ille
3015 2531 3195 2572 sermo
3220 2514 3287 2571 de
3313 2515 3468 2581 creto,
3501 2531 3667 2586 quam

2082 2624 2259 2664 sermo
2302 2609 2675 2679 propheticus;
2706 2619 2810 2663 tam
2848 2608 3039 2673 bonus,
3080 2617 3185 2662 tam
3221 2607 3383 2662 utilis.
3413 2608 3550 2674 Quid
3582 2617 3669 2662 est

2082 2716 2229 2770 ergo,
2256 2701 2536 2765 certiorem,
2561 2702 2659 2756 nisi
2701 2702 2755 2756 in
2795 2718 2899 2772 quo
2929 2701 3095 2771 magis
3124 2699 3470 2755 confirmetur
3507 2700 3667 2754 amli-

2084 2792 2198 2846 tor?
2224 2791 2398 2859 Quare
2426 2791 2563 2846 hoc?
2588 2791 2847 2861 Quoniam
2874 2801 2995 2846 sunt
3022 2791 3263 2846 homines
3292 2790 3555 2857 inﬁdeles,
3575 2792 3671 2859 qui

2081 2881 2158 2936 sic
2186 2881 2469 2937 detrahunt
2501 2882 2733 2949 Christo,
2767 2891 2824 2938 ut
2865 2882 3039 2937 dicant
3061 2898 3179 2935 eum
3211 2882 3428 2951 magicis
3458 2882 3672 2935 artibus
3708 2902 3715 2908 θ

2084 2971 2272 3028 fecisse
2297 2988 2413 3043 quzu
2448 2970 2590 3027 fecit.
2620 2972 2844 3027 Posscnt
2877 2987 3003 3042 ergo
3043 2970 3280 3026 inﬁdeles
3308 2971 3465 3025 etiam
3507 2972 3668 3024 istam

2083 3079 2266 3119 vocem
2294 3064 2518 3119 delatam
2550 3063 2616 3132 de
2645 3066 2799 3131 cm'o,
2831 3080 2926 3136 per
2962 3064 3294 3131 eonjeetnras
3327 3063 3588 3117 humanas
3614 3073 3672 3117 et

2084 3157 2293 3211 illicitas
2343 3159 2677 3212 curiositates
2722 3156 2787 3209 ad
2832 3157 3063 3225 magicas
3104 3165 3245 3209 artes
3291 3152 3669 3209 referreJSed

2082 3248 2359 3317 Protiheta:
2389 3256 2512 3302 ante
2552 3247 2791 3311 fuerunt;
2825 3262 2928 3301 non
2962 3246 3081 3301 dico
3121 3255 3242 3299 ante
3265 3245 3418 3299 istam
3448 3260 3668 3309 vocem,

2081 3338 2172 3393 sed
2202 3348 2324 3395 ante.
2353 3338 2547 3393 Christi
2587 3353 2820 3394 carnem.
2861 3337 3102 3393 Nondum
3146 3346 3261 3393 erat
3302 3338 3462 3390 homo
3499 3336 3668 3391 Chri-

2083 3439 2214 3496 slus,
2245 3430 2454 3500 quando
2481 3431 2624 3485 misit
2645 3431 2959 3501 Prophetas.
2984 3431 3233 3501 Quisquis
3253 3446 3371 3486 eum
3393 3429 3517 3484 dicit
3539 3446 3667 3484 ma-

2080 3538 2200 3591 gum
2228 3522 2387 3576 fuisse
2412 3540 2422 3574 :
2447 3523 2490 3576 si
2520 3538 2646 3593 ergo
2674 3522 2890 3594 magicis
2919 3521 3121 3578 artibus
3156 3521 3279 3577 fecit
3307 3531 3361 3576 ut
3389 3522 3665 3577 coleretur

2081 3620 2134 3664 et
2164 3620 2425 3676 mortuus,
2460 3610 2713 3682 numquid
2762 3627 2945 3683 magus
2992 3622 3123 3676 erat,
3156 3622 3435 3682 antequam
3465 3613 3667 3666 natus?

2081 3701 2220 3757 Ecce
2258 3718 2422 3773 quire
2462 3702 2533 3756 ait
2572 3703 2842 3772 apostolus
2870 3703 3074 3770 Petrus,
3108 3701 3363 3756 Habemus
3398 3703 3668 3756 certiorem

2080 3794 2426 3863 praplteticum
2461 3809 2758 3846 sermonem.
2797 3791 2905 3846 Vox
2936 3792 3002 3846 de
3027 3794 3181 3858 cmlo,
3213 3808 3314 3864 qua
3347 3791 3529 3847 fideles
3562 3790 3669 3846 ad-

2079 3893 2394 3959 moneamur
2419 3900 2429 3933 :
2453 3881 2791 3952 propheticus
2812 3896 3011 3948 sermo,
3038 3897 3144 3951 quo
3175 3880 3413 3936 inﬁdeles
3434 3881 3665 3935 convin-

2078 3980 2286 4027 contur.
2320 3971 2701 4035 Intelleximus,
2728 3979 2981 4042 quantum
3021 3972 3149 4027 mihi
3180 3972 3402 4037 videtur,
3451 3971 3665 4028 charis-

2078 4064 2220 4129 simi,
2248 4078 2414 4134 quare
2439 4061 2631 4117 dixerit
2653 4062 2923 4133 apostolus
2952 4062 3160 4129 Petrus,
3194 4061 3447 4116 Habemus
3472 4063 3661 4117 certio-

2078 4172 2182 4209 rem
2226 4155 2572 4226 propheticum
2615 4171 2911 4222 scrntoncm,
2947 4164 3065 4227 post
3095 4170 3278 4209 vocem
3306 4153 3372 4209 de
3396 4154 3535 4211 ςωῖο
3562 4155 3657 4211 de-

2079 4246 2259 4300 latam.

2146 4359 2372 4417 CAPUT
2401 4360 2465 4415 ν.
2491 4391 2564 4401 -
2596 4360 2647 4416 (i.
2678 4359 2966 4415 Piscatores
3004 4369 3049 4415 et
3093 4360 3266 4415 idiota:
3310 4361 3362 4413 in
3400 4361 3663 4430 apostolus

2077 4466 2168 4530 cur
2231 4452 2392 4506 electi.
2444 4452 2509 4507 Et
2567 4453 2679 4521 ipsa
2742 4450 2936 4508 Christi
2983 4460 3175 4521 quanta
3233 4450 3499 4520 dignatio?
3552 4451 3664 4507 Pe-

2081 4554 2195 4600 trus
2223 4546 2343 4609 iste,
2367 4546 2457 4615 qui
2481 4546 2558 4601 sic
2582 4546 2835 4616 loquitur,
2865 4547 3093 4615 piscator
3117 4543 3248 4598 fuit:
3274 4553 3331 4600 et
3356 4543 3512 4598 modo
3542 4561 3663 4599 ma-

2076 4652 2234 4707 gnam
2281 4637 2488 4694 laudem
2530 4638 2690 4694 habet
2725 4637 2998 4699 oratorrsi
3030 4637 3257 4706 potuerit
3285 4636 3352 4690 ab
3384 4635 3471 4689 illo
3503 4635 3664 4690 intel-

2078 4727 2167 4798 ligi
2214 4728 2464 4798 piscator.
2510 4728 2795 4797 Propterea
2850 4728 3034 4799 primis
3072 4727 3387 4783 Christianis
3435 4728 3662 4797 loquens

2076 4824 2348 4892 apostolus
2367 4822 2563 4878 Paulus
2590 4824 2700 4878 ait:
2738 4821 2911 4876 Videte
2944 4822 3246 4876 vocationem
3286 4831 3517 4884 vestram,
3549 4820 3664 4890 [ra-

2077 4925 2197 4982 tres,
2224 4916 2342 4982 quia
2366 4932 2467 4970 non
2510 4915 2657 4970 multi
2702 4915 2951 4984 sapientes
2991 4914 3265 4967 secundum
3306 4929 3526 4975 carnem,
3556 4928 3661 4965 non

2078 5008 2225 5061 multi
2256 5016 2496 5076 potentes,
2535 5023 2638 5061 non
2680 5005 2825 5061 multi
2869 5004 3208 5060 nobiles:sed
3252 5003 3456 5072 inﬁrmo
3481 5002 3663 5056 mundi

2076 5098 2221 5166 elegit
2241 5096 2399 5161 Dens,
2419 5107 2475 5149 ut
2497 5098 2775 5165 confundat
2804 5096 2991 5166 fortia;
3020 5105 3064 5150 et
3107 5093 3262 5148 stulta
3297 5093 3469 5148 mundi
3510 5094 3664 5162 elegit

2079 5186 2239 5253 Deus,
2281 5198 2335 5241 ut
2385 5186 2665 5259 confundat
2715 5188 2994 5258 sapientes;
3022 5196 3071 5240 et
3107 5185 3349 5257 ignobilia
3390 5184 3567 5237 mundi
3614 5199 3663 5236 et

2077 5278 2473 5345 contemptibilia
2494 5279 2641 5350 elegit
2669 5278 2826 5342 Deus,
2857 5286 2904 5332 et
2929 5293 2989 5332 ea
3014 5292 3128 5347 quae
3151 5293 3251 5330 non
3276 5284 3391 5330 sunt
3417 5285 3659 5346 tauquam

2077 5370 2198 5434 sint,
2238 5379 2294 5422 ut
2343 5385 2402 5423 ea
2452 5386 2564 5440 quae
2607 5381 2724 5425 sunt
2774 5367 3660 5438 eoacuareutur(lCor.t,26-28).

2079 5455 2135 5513 Si
2184 5459 2324 5513 enim
2373 5460 2591 5530 eligeret
2641 5460 2881 5515 Christus
2932 5459 3176 5527 primitus
3219 5466 3523 5521 oratorem,
3573 5457 3663 5511 di-

2081 5557 2226 5604 ceret
2266 5558 2483 5604 orator:
2513 5546 2843 5621 Eloquentia:
2892 5564 3025 5605 metu
3062 5550 3253 5603 merito
3287 5548 3493 5603 electus
3517 5562 3660 5602 sum.

2081 5635 2138 5694 Si
2188 5638 2408 5709 eligeret
2448 5648 2770 5705 senatorem,
2824 5642 3026 5694 diceret
3074 5648 3290 5694 senator
3328 5655 3342 5691 :
3384 5636 3669 5708 Dignitatls

2085 5744 2216 5784 mea:
2247 5729 2439 5785 merito
2467 5730 2666 5787 electus
2695 5746 2830 5785 sum.
2864 5729 3157 5799 Postremo,
3190 5729 3232 5784 si
3262 5728 3407 5801 prius
3440 5729 3663 5799 eligeret
