1969 3093
121 126 178 154 9-57

121 187 328 219 imperatorem.
342 182 442 211 diceret
457 182 617 217 imperator:
632 182 772 209 Potestatis
787 189 853 209 mea:
864 188 922 207 me-

121 233 178 259 rito
190 230 291 257 electus
305 237 377 256 sunt.
392 229 535 262 Quiescant
547 233 574 255 et
588 228 744 255 tliﬂ'erantnr
758 227 812 260 isti,
826 227 923 262 paulu-

122 278 180 304 lum
199 275 340 311 quiescant
361 284 368 301 :
387 283 440 302 nun
453 275 618 305 omittantur,
633 281 685 300 non
700 277 922 305 contemnantur;

121 322 172 350 sed
185 320 381 356 aliquantulum
395 320 561 351 diderantnr,
577 320 620 354 qui
634 324 745 354 possunt
763 318 870 352 gloriari
890 318 923 345 de

123 367 278 401 semetipsis
291 367 318 393 in
332 366 492 400 semetipsis.
506 365 543 392 Da
556 365 631 398 mihi,
644 364 737 399 inquit,
750 364 822 390 illum
837 363 924 398 pisca-

124 420 220 441 torem.
238 413 271 439 da
288 411 354 438 mihi
371 412 490 443 idiotatn,
507 412 538 437 da
553 411 617 437 mihi
631 410 791 445 imperitum,
807 410 839 436 da
856 409 922 436 tnihi

124 468 186 486 eum
197 467 257 485 cum
274 466 329 493 quo
342 465 394 484 non
410 458 532 491 dignatur
542 456 614 491 loqui
629 460 746 487 settator,
759 462 807 482 nec
814 454 921 489 quando

124 505 187 531 emit
202 504 302 539 piscem
319 513 326 530 :
341 504 438 537 ipsum,
457 503 550 537 inquit,
565 502 616 533 da;
633 501 703 528 hunc
721 500 743 527 si
764 501 918 535 implevero,

123 551 293 577 manifestum
306 550 356 577 erit
369 549 439 584 lptod
451 557 498 583 ego
512 548 587 576 facio.
602 548 757 583 Quanquam
773 552 800 575 et
812 552 921 575 senato-

125 606 179 625 rem
195 603 221 624 et
243 602 377 623 oratorem
394 602 419 622 et
435 597 620 630 imperatorem
636 602 685 630 ego
704 602 762 621 sum
779 594 894 621 facturus
911 602 917 619 :

122 643 344 678 quandocumque
359 642 476 668 l'.:ctttrns
491 649 539 675 ego
552 646 579 668 et
589 645 751 672 senatorem,
763 640 809 667 sed
821 640 919 667 certius

122 698 172 724 ego
188 690 275 724 piscat
287 697 362 715 σειιι.
379 688 469 714 l‘otcst
484 692 590 714 senator
602 687 709 722 gloriari
720 687 753 715 de
764 687 917 721 semetipso,

123 740 211 769 potest
233 738 334 764 orator,
357 738 443 768 potest
463 734 690 766 itnperatorznon
711 737 797 766 potest
817 732 866 759 nisi
886 732 918 758 de

121 781 228 807 Christo
250 781 375 815 piscator.
397 779 487 805 Veniat
504 783 612 813 proliler
625 778 771 805 docendam
785 778 919 805 humilita-

122 832 173 852 tem
188 826 336 857 salubrem,
352 825 425 859 prius
446 825 534 851 veniat
550 824 680 859 piscator;
698 832 743 858 per
758 824 843 859 ipsum
861 832 917 851 tne-

122 874 171 898 lius
186 872 329 899 adducitur
342 872 494 905 imperator.

155 916 273 944 C_‘.PL‘T
290 917 332 943 \'l.
349 932 383 936 —
398 918 422 943 7.
439 916 515 942 Fides
546 916 664 951 praccdit
694 916 841 951 intelligere.
864 916 917 944 Mc-

121 968 239 989 raentote
261 971 326 997 ergo
348 962 505 996 piscatorem
528 966 659 993 sanetum,
678 962 789 996 justum,
806 961 913 994 bonum,

120 1009 230 1035 C‘J'islo
242 1009 361 1043 plcnutn,
377 1007 409 1034 ad
430 1008 506 1042 cujus
528 1007 608 1034 missa
633 1014 680 1042 per
703 1007 830 1034 mundum
844 1007 915 1034 retia

120 1054 267 1088 capiendus
280 1061 340 1080 cum
356 1054 459 1080 exteris
475 1054 554 1080 etiam
573 1054 684 1087 populus
698 1053 748 1080 iste
769 1053 912 1088 pertinuit:

120 1108 181 1134 ergo
195 1104 363 1126 mementote
374 1107 433 1126 eunt
450 1099 560 1132 dixisse,
575 1098 702 1126 Habemus
715 1099 846 1126 certiorem
857 1108 915 1134 pro-

121 1146 244 1179 pheticum
259 1153 408 1171 st’nttottem.
422 1145 457 1171 Da
478 1144 542 1171 mihi
557 1152 620 1179 ergo
630 1145 662 1172 ad
675 1145 746 1172 illam
758 1149 912 1172 controver-

121 1191 183 1217 siam
197 1189 319 1224 judicent
344 1190 509 1224 prophetam.
524 1189 591 1223 Quid
612 1189 681 1216 inter
700 1197 748 1217 nos
769 1190 914 1225 agebatur?

121 1235 157 1261 Tu
173 1236 294 1267 dicebas,
312 1235 468 1268 lntelligatn,
490 1240 515 1261 ιιι
537 1235 721 1270 credam;cgo
733 1234 864 1268 dicebam,
881 1235 915 1263 Ut

123 1281 264 1316 intelligas,
279 1281 369 1307 crede.
389 1280 453 1307 Nata
468 1286 506 1307 est
521 1282 714 1313 controversia,
731 1281 868 1308 veniamus
880 1280 913 1308 ad

120 1327 232 1361 judicent
242 1349 249 1360 ,
264 1327 367 1361 judicet
381 1327 520 1362 propheta,
534 1327 586 1354 imo
598 1334 662 1354 vero
675 1327 743 1354 Deus
755 1326 856 1361 judicct
867 1334 915 1362 per

123 1373 289 1407 prophetam.
305 1373 391 1400 Ambo
412 1378 554 1399 taceamus.
567 1373 635 1406 Quid
656 1373 735 1399 ambo
757 1373 911 1404 dixerimus,

121 1420 237 1446 auditum
264 1424 315 1446 est.
336 1419 495 1454 Intelligam,
512 1420 609 1454 inquis,
630 1423 659 1446 ut
679 1418 912 1452 credam:Crede,

121 1466 238 1500 inquam,
248 1470 277 1492 ut
291 1465 431 1499 intelligas.
447 1465 615 1499 Respondeat
629 1465 755 1500 propheta
768 1473 774 1492 :
789 1465 848 1492 Nisi
858 1474 911 1492 cre-

121 1512 244 1543 dideritis,
257 1519 308 1537 non
324 1511 465 1546 intelligetis
477 1510 553 1545 (Isut'.
567 1511 639 1544 Vlt,9
654 1519 703 1538 sec.
716 1512 810 1547 LXX).

153 1556 180 1583 8.
196 1555 276 1582 Fides
291 1556 454 1591 intelligendo
477 1556 574 1582 crescit.
600 1556 701 1583 Putatis
728 1561 828 1590 autem,
854 1557 912 1584 cha-

122 1601 227 1633 rissimi,
246 1601 311 1627 nihil
324 1601 413 1628 dicere
424 1601 504 1628 etiam
518 1601 591 1628 illum
606 1602 650 1636 qui
664 1601 739 1634 dicit,
754 1601 911 1637 lntelligam,

120 1647 286 1674 ntcredam?
301 1647 369 1680 Quid
383 1648 454 1674 enim
468 1655 537 1673 nttnc
554 1647 666 1682 agimus,
679 1647 728 1675 nisi
746 1651 773 1674 ut
791 1647 911 1681 credant,

120 1702 169 1720 non
183 1695 228 1729 qui
244 1702 297 1723 non
310 1692 432 1726 credunt,
446 1693 491 1720 sed
510 1693 554 1727 qui
574 1693 661 1721 adlmc
675 1701 769 1728 parum
784 1694 913 1721 credunt?

121 1740 182 1767 Nam
196 1741 218 1767 si
236 1740 312 1766 nullo
334 1739 413 1766 modo
433 1739 618 1772 credidissent,
634 1739 676 1767 hic
688 1747 739 1767 non
753 1744 851 1767 essent.
867 1740 912 1768 Fi-

120 1786 164 1812 des
174 1793 223 1813 eos
237 1785 359 1817 adduxit,
373 1790 398 1811 ιιι
410 1785 534 1817 audiant;
549 1784 615 1812 ﬁdes
628 1792 675 1812 eos
691 1785 751 1812 fecit
767 1790 912 1821 praesentes

121 1832 198 1858 verbo
214 1832 260 1858 Dei
274 1840 281 1857 ε
294 1831 340 1857 sed
358 1831 412 1865 ipsa
437 1831 501 1857 ﬁdes
521 1838 579 1865 qum
600 1831 758 1866 germinavit
780 1831 912 1866 irriganda

120 1881 167 1908 est,
185 1876 329 1903 nutrienda
342 1882 392 1908 est,
411 1876 558 1903 roboranda
571 1881 621 1904 est.
635 1876 692 1904 lloc
709 1880 750 1904 est
770 1877 840 1911 quod
858 1877 913 1911 agi-

122 1930 188 1948 mus.
212 1921 279 1956 Ego,
300 1922 393 1956 itquit,
410 1922 531 1955 planturi,
546 1921 637 1957 Apollo
658 1922 766 1957 rigavit;
781 1922 825 1948 sed
846 1922 912 1949 Deus

119 1968 299 1993 t‘ncmuentum
310 1967 387 1992 dedit.
404 1966 494 2001 Itaque
506 1975 584 2000 neque
595 1967 638 2002 qui
648 1966 745 2002 plantat
760 1967 910 2003 estaliquid,

121 2023 197 2049 neque
211 2015 255 2049 qui
278 2014 342 2048 rigat
354 2022 362 2045 ;
375 2014 419 2039 sed
438 2014 479 2048 qui
494 2014 671 2040 incrementum
686 2013 729 2040 dat
741 2013 809 2041 Deus
822 2013 841 2050 (1
852 2014 910 2041 Cor.

121 2068 162 2092 ιιι,
178 2061 194 2087 6
209 2066 232 2087 et
243 2059 289 2095 7).
303 2059 458 2094 Loquendo,
479 2059 618 2092 hortando,
632 2059 761 2091 docendo,
777 2061 912 2087 suadendo

122 2106 240 2140 plantam
255 2112 303 2139 pos
319 2112 396 2131 UllillS
408 2109 434 2131 et
448 2105 542 2139 rigare,
556 2112 607 2132 non
618 2109 705 2132 autem
720 2106 911 2133 incrementum

121 2153 191 2179 dare.
218 2152 334 2178 Noverat
357 2157 444 2178 autetn
469 2153 511 2179 ille
534 2159 594 2179 cutn
615 2160 666 2186 quo
687 2152 855 2187 loquebatur,
868 2154 911 2188 qui

123 2199 180 2225 ﬁdei
192 2206 250 2224 sua:
264 2198 423 2232 gent-inanti
438 2203 463 2225 et
476 2198 561 2225 adhuc
576 2202 684 2231 teneras,
701 2202 728 2225 et
740 2198 824 2226 adhuc
840 2199 912 2226 iulir-

122 2253 179 2274 toto.
195 2249 222 2271 ct
235 2252 267 2271 ex
285 2252 378 2279 magna
399 2249 471 2279 parte
494 2244 625 2277 titubanti,
645 2252 697 2271 non
721 2249 808 2272 tamen
832 2246 912 2274 nulla:

122 2291 189 2321 ﬁdei,
206 2290 254 2317 sed
275 2290 352 2316 alicui
376 2290 435 2316 lidei
455 2290 602 2325 adjutorem
620 2290 723 2323 orabat,
740 2290 781 2317 ctti
795 2290 909 2323 diccbat,

121 2336 208 2365 Credo.
223 2336 341 2362 Domine.

153 2381 269 2408 CAI‘ET
291 2381 346 2408 \‘ll.
363 2397 396 2401 —
409 2382 434 2409 9.
454 2382 584 2414 Quomodo
594 2387 616 2408 et
632 2382 782 2409 credendum
795 2383 861 2417 quod
874 2383 913 2409 in-

121 2429 258 2464 telligatur,
273 2433 296 2454 ct
307 2428 495 2463 intelligendum
516 2428 583 2463 quod
607 2428 733 2456 credatur.
753 2424 830 2456 Modo
852 2437 911 2456 cntn

121 2476 291 2510 Evangelium
314 2475 454 2508 legeretur,
472 2474 582 2501 audistis
597 2484 603 2501 :
619 2473 648 2501 Si
670 2479 739 2509 potes
755 2475 864 2507 credere,
876 2475 913 2502 ait

122 2521 249 2547 Dominus
263 2520 341 2547 Jesus
353 2520 419 2554 patri
430 2520 514 2554 pueri,
526 2520 548 2546 si
562 2525 630 2553 potes
640 2520 748 2552 credere,
762 2521 845 2547 omnia
855 2529 912 2554 ros-

121 2568 200 2593 :it-ilia
220 2572 279 2593 sunt
299 2566 422 2593 credenti.
440 2566 471 2592 Ι-ῖι
494 2566 537 2592 ille
556 2565 662 2592 intuens
682 2566 869 2600 semetipsum,
886 2570 913 2593 et

82 2620 92 2629 '
120 2614 221 2648 positus
231 2617 291 2639 ante
300 2613 483 2646 srmetipsunt,
496 2619 548 2638 non
560 2611 662 2638 habens
671 2612 837 2637 temerariam
849 2619 912 2638 con-

121 2658 270 2689 ﬁdentiam;
285 2658 331 2685 sed
347 2658 419 2692 prius
432 2657 577 2684 discutiens
591 2656 791 2689 conscientiam,
808 2657 873 2683 vidit
885 2657 910 2684 in

122 2711 150 2732 se
166 2712 224 2732 esse
236 2705 353 2739 aliquam
370 2703 461 2735 tidem,
476 2702 539 2730 vidit
553 2708 580 2729 et
592 2702 789 2735 titubationem,
807 2707 910 2729 utrum-

122 2758 170 2783 que
183 2750 255 2779 vidit.
272 2749 362 2778 Unum
384 2756 414 2776 se
434 2748 533 2775 habere
554 2748 691 2775 c0nt'essus
712 2753 763 2781 est,
787 2752 813 2775 et
834 2748 910 2775 alteri

124 2793 275 2829 adjutorium
290 2794 446 2831 postulavit.
457 2792 548 2824 Credo,
561 2792 655 2828 inquit,
667 2792 782 2820 Domine.
792 2792 860 2826 Quid
874 2800 911 2819 se-

123 2841 252 2877 quebatur,
268 2842 333 2875 nisi,
353 2839 455 2875 Adjuva
469 2839 547 2868 iidem
563 2839 669 2866 meam?
683 2838 740 2866 Non
758 2838 808 2866 hoc
832 2838 907 2872 dixit,

834 122 950 151 SERMO
970 123 1059 152 XLIV.

1715 131 1768 159 258

978 181 1074 213 Credo,
1093 182 1217 216 Domine;
1234 181 1311 211 video
1324 184 1366 212 hic
1380 186 1476 221 aliquid
1492 186 1560 215 unde
1575 196 1626 215 non
1641 190 1765 224 mentior;

978 228 1069 260 credo,
1086 236 1179 256 verum
1199 230 1258 257 dico
1269 240 1275 257 :
1288 230 1333 258 scd
1347 232 1424 259 video
1436 232 1478 259 hic
1491 233 1570 260 etiarn
1587 235 1677 262 nescio
1691 235 1766 270 quid,

977 273 1047 307 quod
1069 274 1134 301 ntilti
1154 274 1302 309 displiceat.
1323 276 1399 304 Stare
1422 278 1482 304 volo
1495 287 1500 304 :
1513 279 1559 305 sed
1579 280 1667 307 adhuc
1691 285 1766 308 nuto.

976 317 1056 345 Stans
1070 319 1174 354 loquor,
1190 327 1242 347 non
1257 321 1351 353 cecidi,
1366 323 1425 356 quia
1437 323 1536 355 credo;
1552 324 1597 351 sed
1613 329 1700 352 tamen
1714 326 1765 353 ad-

976 363 1027 390 huc
1048 370 1112 391 nuto
1133 374 1138 390 :
1164 365 1265 400 Adjuvrt
1291 367 1491 395 incredulitatem
1513 377 1592 396 nteant
1611 369 1706 405 (Marc.
1724 379 1763 403 ix,

974 409 1018 441 22,
1032 410 1088 445 23).
1107 411 1184 446 Ergo,
1200 412 1367 447 charissimi,
1390 418 1416 441 et
1438 414 1483 441 ille
1504 423 1582 450 quem
1603 422 1695 444 contra
1720 425 1763 445 me

974 456 1110 488 constitui,
1125 461 1152 483 et
1167 463 1274 491 propter
1295 459 1371 493 cujus
1391 461 1602 488 controversiam
1625 461 1694 489 inter
1716 471 1765 490 nos

974 505 1063 528 natant
1081 502 1240 537 Prophetatn
1254 503 1369 538 judicctn
1386 505 1526 539 postulavi,
1548 507 1686 535 uon«nilti|
1701 508 1766 536 dicit

974 546 1053 573 etiam
1071 547 1136 580 ipsc,
1147 554 1207 574 etttn
1217 549 1288 580 dicit,
1302 548 1446 584 lntelligant
1462 556 1489 577 ttt
1501 552 1618 579 credant.
1634 552 1699 580 Nam
1710 555 1764 581 uti-

973 599 1024 626 que
1040 593 1118 619 modo
1133 594 1202 628 quod
1218 594 1320 629 loquor,
1335 595 1367 622 ad
1384 596 1432 623 hoc
1444 597 1546 632 loquor,
1559 602 1587 625 ut.
1599 599 1708 626 credant
1718 601 1765 635 qui

973 640 1090 667 nondum
1107 642 1275 668 creduutzet
1293 648 1380 670 tamen
1404 645 1452 671 nisi
1473 645 1542 679 quod
1560 646 1653 680 loquor
1667 646 1765 674 intelli-

972 690 1044 719 gant,
1059 686 1171 713 credere
1193 695 1244 713 nun
1269 693 1387 721 possunt.
1401 689 1470 724 Ergo
1484 698 1516 717 ex
1530 691 1615 725 aliqua
1631 696 1704 725 parte
1717 700 1764 719 ve—

971 738 1029 757 rtnn
1043 737 1083 758 e~t
1097 733 1167 767 quod
1182 734 1225 760 ille
1238 735 1310 766 dicit,
1325 735 1480 770 Intelligam,
1492 741 1520 763 ut
1532 737 1638 764 eredam
1652 746 1658 771 ;
1674 743 1701 765 et
1713 746 1764 773 ego

971 777 1014 812 qui
1035 778 1105 811 dico,
1122 779 1190 805 sicut
1206 779 1270 806 dicit
1292 780 1434 815 Propheta,
1451 782 1505 808 lmo
1518 783 1606 815 crede,
1622 788 1650 810 ut
1663 784 1762 811 intelli-

970 830 1018 857 gas
1030 832 1037 849 ε
1048 831 1139 850 verum
1156 824 1278 857 dicimus,
1290 826 1494 854 concordemus.
1510 827 1579 863 Ergo
1594 829 1720 864 intelligo,
1735 834 1763 856 ut

970 868 1064 896 credas
1079 870 1187 902 :crcde,
1208 876 1235 897 ut
1264 871 1405 907 intelligas.
1424 873 1543 901 Breviter
1556 874 1616 901 dico
1629 875 1763 909 quomodo

970 919 1112 949 utrumque
1129 915 1187 942 sine
1201 916 1385 943 controversia
1399 918 1571 952 accipiamus.
1587 918 1716 955 Intelligo,
1734 926 1763 947 ιιι

968 959 1072 992 eredas,
1085 961 1195 988 verbum
1217 969 1323 995 meum;
1338 963 1428 996 crede,
1441 968 1472 991 ut
1494 964 1634 1000 intelligas,
1652 967 1761 994 verbum

970 1005 1025 1032 Dei.

1216 1074 1329 1103 senato
1348 1076 1447 1104 xuv-
1464 1064 1530 1112 (an

1100 1140 1137 1167 De
1147 1141 1225 1168 verbis
1241 1141 1317 1169 Isuiw
1326 1150 1383 1178 cap.
1397 1150 1451 1176 un,
1470 1143 1485 1177 ᾖ
1521 1143 1572 1171 2-9
1587 1144 1635 1179 (1)).

1002 1218 1115 1246 CAPUT
1134 1218 1275 1246 PRlMUM.
1289 1234 1325 1239 —-
1345 1219 1369 1246 l.
1387 1219 1425 1246 De
1446 1219 1559 1247 Domino
1577 1225 1604 1247 et
1621 1220 1759 1250 Salvatore

968 1269 1069 1296 nostro.
1085 1265 1180 1292 fratres
1190 1265 1365 1298 dilectissimi,
1382 1270 1443 1293 ante
1459 1266 1541 1294 multa
1561 1272 1680 1302 tempora
1700 1276 1761 1302 pro-

968 1311 1104 1346 phetatum
1118 1315 1178 1338 est:
1193 1311 1315 1338 Ascendet
1335 1311 1399 1338 sicut
1416 1312 1566 1346 virgultum,
1576 1317 1599 1338 et
1609 1313 1672 1339 sicut
1686 1314 1761 1341 rudia:

966 1358 992 1384 in
1005 1362 1071 1385 terra
1084 1357 1186 1384 sitienti.
1201 1357 1288 1391 Quare
1301 1362 1329 1384 ut
1340 1356 1435 1384 radix?
1449 1357 1510 1384 ldeo
1523 1366 1529 1383 :
1547 1357 1608 1385 Non
1619 1362 1654 1385 est
1665 1359 1761 1393 species

967 1403 1016 1436 illi,
1031 1411 1109 1435 neque
1122 1403 1212 1430 honor.
1227 1403 1325 1430 Passus
1339 1407 1392 1434 est,
1403 1402 1556 1430 humiliatus
1570 1407 1626 1436 est,
1643 1412 1759 1439 conspu-

966 1454 1009 1477 tus
1020 1455 1061 1477 est
1075 1458 1082 1476 τ
1099 1456 1152 1476 non
1168 1448 1283 1476 habebat
1296 1448 1429 1483 speciem;
1442 1448 1521 1476 homo
1533 1449 1687 1484 apparebat,
1699 1457 1759 1477 cum

967 1494 1038 1522 Deus
1052 1499 1132 1522 esset.
1146 1493 1199 1522 Sed
1214 1493 1350 1529 quomodo
1369 1493 1444 1520 radix
1456 1501 1508 1520 non
1522 1499 1563 1521 est
1577 1494 1697 1528 pulchra,
1711 1495 1757 1522 sed

966 1540 1038 1568 itttus
1050 1540 1131 1567 habet
1145 1540 1199 1567 vim
1214 1539 1418 1575 pulchritudinis
1427 1547 1492 1567 sua).
1505 1539 1651 1573 Attendite,
1666 1540 1760 1568 fratres

966 1587 1036 1619 mei,
1065 1586 1153 1614 videte
1176 1586 1384 1613 miscricordiam
1408 1585 1465 1614 Dei.
1489 1586 1611 1614 Attendis
1635 1586 1759 1614 arborem

967 1632 1116 1666 pulchram,
1129 1639 1261 1659 amoenam
1272 1652 1279 1664 ,
1295 1631 1366 1659 foliis
1387 1632 1533 1664 virentem,
1545 1631 1674 1660 fructibus
1692 1640 1760 1668 opu-

968 1677 1066 1712 lentam
1078 1699 1086 1711 ,
1100 1677 1201 1705 laudas.
1216 1677 1335 1705 Delectat
1353 1677 1452 1712 aliquid
1472 1677 1505 1705 de
1523 1676 1609 1705 fructu
1633 1685 1759 1713 carpere,

967 1726 1017 1754 sub
1031 1726 1123 1753 umbra
1134 1725 1193 1760 ejus
1204 1725 1298 1753 sedere
1317 1729 1344 1752 et
1361 1726 1529 1760 requiescere
1548 1726 1582 1753 ab
1595 1731 1662 1753 testu
1676 1735 1683 1753 :
1703 1727 1760 1754 lau-

968 1773 1016 1800 das
1030 1776 1112 1799 totam
1135 1772 1207 1798 illam
1224 1770 1456 1805 pulchritudinem.
1474 1771 1502 1798 Si
1519 1771 1592 1798 radix
1604 1771 1760 1799 ostendatur

968 1819 1031 1851 tibi,
1049 1818 1120 1845 nulla
1139 1816 1305 1852 pulchritudo
1325 1817 1350 1843 in
1371 1823 1402 1843 ea
1425 1821 1476 1843 est.
1506 1816 1564 1843 Noli
1586 1821 1759 1846 contemnere

967 1864 1038 1899 quod
1054 1863 1186 1897 ahjectum
1199 1867 1241 1889 est
1255 1870 1262 1889 :
1279 1861 1341 1889 inde
1357 1862 1486 1896 processit
1500 1862 1571 1897 quod
1586 1862 1707 1896 miraris,
1724 1863 1758 1892 Ut

966 1909 1041 1937 rudia:
1060 1909 1087 1936 in
1103 1913 1170 1935 terra
1190 1907 1293 1935 sitienti.
1309 1906 1446 1935 Attcttdite
1463 1906 1543 1935 modo
1553 1907 1700 1936 claritatem
1713 1917 1757 1937 ar-

966 1955 1048 1983 boris.

997 2047 1005 2055 ‘
1019 2044 1159 2071 necensitus
1177 2043 1207 2068 ad
1229 2042 1290 2068 duos
1303 2041 1334 2068 cl.
1352 2041 1384 2068 ad
1401 2048 1440 2074 gr.
1460 2048 1505 2066 rm.
1530 2048 1552 2066 v.
1576 2045 1624 2066 Atn.
1648 2044 1684 2066 t-Ir.
1705 2045 1756 2067 Par.

965 2081 1018 2102 Luv.

997 2129 1032 2160 (a)
1051 2128 1110 2152 Alias
1121 2127 1152 2160 36
1164 2134 1193 2160 ex
1208 2127 1313 2160 ltomilits
1323 2126 1361 2152 50.

997 2155 1033 2191 (ὁ)
1050 2159 1168 2191 Possidius
1179 2159 1202 2182 in
1215 2157 1326 2191 ladiculo,
1338 2163 1390 2191 cap.
1402 2156 1427 2191 9,
1439 2162 1578 2191 sermonem
1590 2155 1654 2190 hunc
1662 2157 1757 2191 lment-

964 2186 1039 2215 dubio
1049 2193 1117 2214 notat
1127 2189 1180 2213 istis
1192 2189 1286 2217 verbis,
1302 2197 1312 2210 ι
1323 2192 1358 2212 De
1368 2186 1475 2212 lectione
1486 2188 1552 2212 Isaiae
1560 2204 1567 2216 ,
1580 2186 1692 2216 Domine,
1705 2186 1759 2218 quis

969 2231 980 2245 α
991 2220 1096 2247 credidit
1106 2219 1204 2253 auditui
1213 2222 1293 2244 nostra
1305 2218 1316 2243 ἱ)
1327 2227 1338 2241 ν
1352 2218 1447 2253 ntutilus
1458 2219 1538 2253 itaque
1548 2224 1635 2253 sermo
1647 2221 1698 2253 est,
1711 2224 1759 2243 nec

964 2253 1046 2284 priore
1058 2250 1221 2284 tantummodo
1232 2253 1315 2284 parte;
1327 2249 1370 2284 sed
1383 2250 1517 2284 posteriore
1530 2249 1758 2284 etiam,.qua_l_)ona-

965 2278 1074 2308 iistarum
1094 2282 1195 2306 halrcsis
1206 2278 1399 2311 redarguebatur
1407 2297 1414 2310 ,
1426 2280 1533 2304 minutus
1545 2286 1601 2304 esse
1614 2278 1759 2310 intelligitur

966 2321 998 2339 ex
1010 2321 1035 2338 n.
1046 2314 1075 2343 5,
1087 2313 1129 2337 ubi
1140 2312 1175 2337 sic
1186 2312 1260 2344 habet
1269 2319 1277 2344 _:
1294 2311 1398 2344 «incipit
1408 2311 1454 2335 dici
1467 2311 1534 2344 etde
1545 2316 1647 2341 sponsa;
1661 2313 1686 2344 et
1697 2316 1758 2344 quo-

969 2354 980 2368 σι
991 2345 1062 2370 modo
1070 2341 1097 2368 in
1108 2350 1128 2374 si
1137 2349 1196 2368 onso
1208 2342 1332 2374 mirabaris
1343 2342 1476 2374 amicitiem
1489 2341 1637 2374 .tndteorum,
1649 2341 1684 2365 sic
1696 2341 1757 2374 etin

969 2385 980 2399 α
991 2382 1078 2407 sponsa
1090 2371 1219 2407 miraberis
1224 2373 1360 2407 accitatetn
1365 2372 1542 2407 haereticorum.
1552 2380 1563 2407 vi
1575 2372 1665 2407 Quibus
1676 2371 1759 2407 verbis

965 2402 1177 2438 Augustinusrnon
1198 2405 1301 2438 obscure
1323 2402 1659 2438 polliceliaturhtractaturum
1677 2408 1705 2438 se
1725 2402 1757 2426 de

964 2432 1124 2469 suli'st'quenti
1136 2435 1200 2469 Isaia:
1212 2435 1299 2469 capite,
1312 2432 1410 2469 lecture,
1421 2432 1521 2469 sterilis,
1529 2436 1576 2469 etc.
1592 2432 1671 2469 citata
1680 2432 1757 2469 locum

965 2462 1112 2495 lubemitculi
1123 2466 1170 2494 tui,
1184 2471 1231 2489 etc.
1241 2462 1320 2495 ‘Atque
1332 2464 1356 2488 id
1372 2464 1437 2495 quod
1456 2464 1572 2494 Propheta
1583 2463 1624 2495 Vde
1645 2462 1757 2487 Ecclesiae

965 2494 1010 2532 per
1029 2505 1121 2532 omnes
1130 2500 1219 2532 gentes
1229 2494 1387 2532 extensione"
1399 2495 1514 2532 dixisset,
1526 2495 1571 2532 hac
1605 2499 1631 2532 sa
1642 2499 1757 2532 conctpne

966 2523 1021 2556 inox
1034 2523 1162 2554 videndum
1174 2526 1321 2559 significabat
1332 2533 1357 2549 n.
1370 2525 1386 2549 2
1397 2529 1422 2550 et
1434 2532 1457 2549 η.
1471 2525 1486 2548 ϐ
1499 2532 1504 2549 :
1522 2534 1532 2546 α
1543 2523 1715 2559 Attdietisillud
1724 2532 1753 2559 ιζ

965 2553 1050 2594 iiiis,
1062 2553 1066 2554 ⁷
1077 2569 1087 2582 ι
1096 2562 1121 2583 ει
1132 2559 1163 2594 at:
1174 2553 1219 2582 δεῖο
1231 2556 1347 2594 eorum
1355 2573 1362 2585 ι
1371 2564 1388 2591 ν.
1398 2559 1445 2594 etc:
1461 2559 1512 2594 919“
1529 2553 1716 2594 Belgis-“3}”

965 2587 1118 2617 Ho'miliarutn
1138 2589 1216 2613 classe
1238 2587 1337 2611 filerunt
1358 2587 1437 2617 minus
1460 2587 1548 2616 integri
1562 2591 1707 2617 set-triones.
1730 2587 1756 2610 in

965 2616 1053 2656 quibus
1063 2622 1102 2651 im;
1112 2624 1218 2645 ostorum
1230 2617 1339 2642 fraudem
1351 2616 1622 2671 fallaciatnqueqtsiisdam
1635 2622 1681 2639 non
1698 2616 1756 2652 jure

965 2653 1129 2671 mummium».
1141 2654 1197 2671 Nam
1208 2650 1248 2671 mli
1268 2650 1292 2671 in
1309 2648 1411 2671 ecclesia
1423 2647 1521 2671 leuetuh
1532 2654 1547 2671 e
1575 2650 1617 2671 ent
1633 2647 1756 2671 Aunusdnt

965 2647 1129 2686 eoaqueritur.
1141 2654 1197 2675 Nam
1208 2650 1249 2685 qui
1268 2650 1292 2673 iu
1299 2648 1411 2686 Iecclesia
1423 2647 1756 2686 legetuIiAessenLAqustin‘i

965 2678 1100 2713 traciatus,
1123 2678 1261 2707 necessario
1283 2678 1427 2713 [let-umque
1448 2679 1654 2713 decurtaliantpr,
1678 2678 1757 2708 iisque

966 2707 1099 2741 Eidiiiinin'
1114 2713 1252 2744 aptabatur»
1262 2707 1289 2736 et
1305 2707 1541 2744 idonea‘opnclusio.
1554 2709 1589 2732 sic
1606 2707 1691 2744 lnticce
1702 2707 1757 2744 ser-

965 2737 1219 2776 ﬁbﬁt’ii’iwbstmm
1231 2742 1328 2776 alitmde
1344 2740 1510 2776 prtefationem
1526 2745 1583 2776 ego
1593 2739 1662 2776 vides
1673 2737 1757 2776 velox

966 2769 1086 2802 ver-siculo
1097 2769 1171 2803 is'aize,
1180 2774 1220 2805 qui
1232 2769 1385 2805 alteraparte
1398 2775 1435 2796 est
1447 2771 1566 2796 versionis
1576 2769 1691 2805 vulgata},
1703 2775 1758 2794 cum

965 2800 1100 2839 ratein...
1117 2800 1196 2839 σθρίιὲ
1216 2800 1361 2835 Augustinus
1369 2805 1485 2839 sequatur
1503 2805 1565 2827 Lxx.
1577 2800 1760 2826 munitm

966 2846 1037 2873 porro
1048 2837 1080 2864 εἰ
1093 2837 1191 2862 σίδαι-ιο
1203 2838 1325 2866 acceptam
1336 2840 1359 2864 οι
1369 2837 1466 2858 utamur.
