3938 6186
386 250 490 309 εει)

454 369 510 425 2.
551 369 728 424 Crevit
764 366 1030 432 Ecclesia,
1063 362 1402 419 crediderunt
1445 369 1630 432 gentes
1655 402 1668 424 ,
1695 359 1818 415 victi
1845 367 1971 414 sunt

390 472 546 518 terra:
576 461 840 532 principes
879 457 980 513 sub
1017 457 1230 511 nomine
1251 452 1481 521 Christi,
1513 462 1571 507 ut
1593 461 1775 508 essent
1805 451 1974 506 victo-

389 569 476 610 res
497 555 549 608 in
575 553 702 608 orbe
733 561 1012 606 terrarum.
1039 548 1272 603 Positum
1300 555 1382 602 est
1421 547 1617 601 collum
1657 560 1841 600 eorum
1871 543 1973 599 sub

386 650 513 718 jugo
550 645 766 721 Christi.
812 641 1275 712 Persequebautur
1319 650 1442 694 ante
1479 638 1812 694 Christianos
1847 651 1974 706 pro-

387 749 505 806 pter
554 734 722 797 idola.
772 742 1166 802 persequuntur
1217 732 1351 785 idola
1399 738 1614 800 propter
1674 728 1968 784 Christum.

385 827 581 882 Omnes
622 823 936 895 confugiunt
976 823 1043 879 ad
1084 823 1336 878 auxilium
1381 822 1674 886 Ecclesim,
1724 821 1776 874 in
1825 820 1972 875 omni

321 926 326 932 '
391 932 636 988 pressura
660 958 673 979 ,
709 917 760 970 in
791 915 936 970 omni
968 915 1310 970 tribulatione
1349 929 1464 968 sua.
1495 912 1676 968 Crevit
1697 911 1824 966 illud
1853 925 1974 981 gra-

389 1023 514 1062 num
561 1007 790 1074 sinapis,
816 1005 1010 1060 factum
1059 1015 1139 1060 est
1175 1005 1346 1075 majus
1379 1019 1538 1074 super
1561 1003 1736 1058 omnia
1785 1003 1971 1058 olera:

389 1099 606 1152 veniunt
636 1097 869 1150 volatilia
899 1097 1019 1152 t-mli
1045 1137 1060 1162 ,
1086 1095 1300 1165 superbi
1326 1093 1528 1157 smeuli,
1552 1102 1604 1148 et
1634 1093 1971 1163 requiescunt

387 1191 487 1244 sub
510 1189 671 1244 ramis
693 1189 808 1257 ejus
847 1186 1056 1255 (Matth.
1085 1203 1199 1250 xui,
1230 1187 1290 1240 5|
1316 1227 1331 1252 ,
1359 1185 1471 1254 5‘2).
1504 1183 1654 1239 Unde
1685 1184 1797 1237 haec
1826 1190 1972 1238 tanta

389 1279 765 1351 pulchritudo?
796 1279 870 1333 De
909 1278 1085 1332 nescio
1126 1293 1226 1346 qua
1260 1275 1438 1328 radice
1477 1272 1748 1328 surrexit:
1780 1281 1833 1326 et
1873 1273 1971 1326 ista

387 1370 726 1442 pulchritudo
752 1369 802 1422 in
827 1383 1012 1438 magna
1038 1367 1205 1437 gloria
1232 1374 1333 1420 est.
1377 1365 1689 1433 Qumramus
1714 1362 1968 1417 radicem.

385 1461 688 1530 Cousputus
715 1467 830 1522 est,
860 1459 1164 1513 humiliatus
1191 1466 1270 1512 est
1296 1499 1309 1521 ,
1344 1455 1635 1526 ﬂagellatus
1663 1463 1765 1519 est,
1798 1454 1972 1509 cruci-

387 1552 524 1606 lixus
562 1559 679 1614 est,
712 1550 1014 1604 vulneratus
1043 1558 1155 1614 est,
1201 1556 1536 1614 contemptus
1579 1555 1680 1600 est.
1726 1545 1864 1599 Ecce
1889 1543 1974 1598 hic

383 1642 597 1716 species
625 1657 729 1694 non
760 1651 840 1695 est
866 1659 879 1694 :
909 1640 1000 1695 sed
1032 1641 1082 1693 iu
1108 1640 1344 1694 Ecclesia
1370 1639 1537 1708 gloria
1570 1638 1764 1692 radicis
1787 1637 1970 1706 pollet.

390 1731 530 1802 Ergo
571 1731 740 1799 ipsum
791 1731 1042 1785 describit
1079 1745 1366 1799 sponsum,
1401 1730 1547 1784 illum
1586 1737 1968 1797 contemptum,

389 1823 796 1883 inhonoratum,
841 1821 1125 1890 abjectuni.
1167 1820 1274 1874 Sed
1318 1819 1475 1874 modo
1531 1819 1714 1874 videre
1765 1819 1973 1873 habetis

388 1911 656 1976 arborem,
682 1926 800 1981 qua:
822 1910 1050 1966 sum-xit
1076 1910 1143 1965 de
1169 1910 1267 1964 ista
1305 1909 1481 1964 radice
1501 1952 1515 1976 ,
1545 1918 1597 1964 et
1620 1909 1858 1979 implevit
1878 1924 1971 1964 or-

388 2001 507 2056 lieni
537 2011 815 2056 terrarum.
849 2001 1022 2056 Radix
1044 2001 1093 2053 in
1116 2010 1247 2054 terra
1274 2000 1476 2054 sitienti.

458 2093 510 2146 '5.
531 2091 652 2145 Non
684 2101 755 2145 est
778 2092 965 2162 species
985 2091 1081 2157 illi,
1101 2108 1256 2160 neque
1273 2092 1430 2144 honor
1458 2098 1540 2144 :ct
1570 2091 1781 2144 vidimus
1803 2091 1967 2156 illum,

386 2191 434 2235 et
461 2198 563 2236 non
582 2182 752 2236 habuit
786 2183 999 2252 speciem
1054 2197 1212 2251 neque
1265 2180 1514 2234 decorem.
1559 2179 1744 2233 Nonne
1793 2180 1872 2232 hic
1898 2188 1972 2234 est

386 2273 518 2343 {abii
546 2273 682 2342 [ilius
705 2272 893 2341 (Marc.
929 2287 1002 2336 Vl,
1034 2271 1130 2342 5)?
1158 2271 1325 2340 Quam
1355 2287 1462 2332 non
1491 2271 1672 2325 habuit
1699 2269 1967 2337 decorem,

387 2371 443 2418 ut
462 2363 759 2428 diceretur,
788 2361 974 2416 Nonne
1037 2377 1203 2415 verum
1242 2361 1453 2414 dicimus
1499 2361 1616 2430 quia
1668 2360 1970 2413 daemonium

391 2454 540 2508 habes
569 2453 744 2525 (Joan.
776 2453 1047 2523 “11.48)?
1079 2453 1132 2505 lu
1164 2451 1376 2506 nomine
1418 2451 1581 2521 ipsius
1606 2450 1868 2504 da‘monia
1895 2453 1973 2506 lu-

385 2543 633 2613 giebant;
673 2551 728 2596 et
765 2543 837 2596 illi
882 2542 1158 2612 objicitur,
1192 2543 1311 2611 quia
1356 2541 1677 2596 daemonium
1722 2542 1969 2598 habebat.

385 2634 490 2690 Sed
521 2649 682 2704 quare
703 2634 846 2688 hoc?
882 2632 1111 2688 Vidimus
1153 2649 1295 2697 eum,
1320 2641 1367 2686 et
1393 2649 1492 2686 non
1532 2633 1741 2687 habebat
1759 2635 1973 2704 speciem

387 2742 544 2796 neque
564 2725 812 2779 decorem.

460 2817 686 2873 CAPUT
729 2816 788 2870 Il.
815 2846 883 2856 —-
911 2815 1038 2883 Qua:
1063 2825 1144 2871 est
1167 2816 1374 2886 Species
1395 2816 1536 2871 illius
1561 2816 1724 2882 intus,
1754 2816 1840 2870 ubi
1866 2831 1969 2870 non

385 2909 696 2964 videbatur?
725 2907 787 2961 In
811 2909 1056 2978 principio
1099 2917 1206 2962 erat
1249 2907 1466 2962 Verbum
1485 2948 1502 2974 ,
1526 2918 1572 2962 et
1619 2907 1836 2962 Verbum
1867 2919 1971 2963 erat

386 3002 524 3074 apud
551 3001 709 3056 Deum
729 3043 742 3065 ,
769 3011 814 3055 et
841 3000 980 3056 Dens
1013 3011 1116 3055 erat
1147 3000 1363 3055 Verbum
1409 2999 1520 3071 (Id.
1555 3017 1594 3066 ι,
1625 2999 1698 3074 1).
1722 3001 1853 3068 Qum
1890 3011 1973 3056 est

386 3097 596 3165 species
613 3096 795 3149 illius?
824 3095 1055 3160 Quicum
1082 3095 1312 3165 informa
1339 3092 1433 3146 Dei
1445 3103 1569 3148 esset
1587 3136 1602 3160 ,
1624 3111 1723 3148 non
1738 3095 1971 3166 rapinam

389 3185 658 3238 arbitratus
689 3194 761 3238 est
789 3201 892 3238 esse
917 3186 1124 3253 wqualis
1149 3183 1258 3239 Deo
1281 3183 1535 3257 (Philipp.
1564 3201 1619 3248 ιι,
1651 3186 1727 3254 6).

456 3276 510 3328 4.
541 3274 606 3329 Εῑ
631 3274 718 3328 ubi
746 3273 889 3327 visus
917 3285 995 3327 est
1035 3290 1139 3327 non
1183 3274 1378 3328 habere
1405 3274 1634 3342 speciem
1673 3289 1845 3344 neque
1871 3274 1967 3328 de—

385 3365 608 3421 corem?
637 3365 701 3419 Et
732 3383 831 3419 non
863 3365 1034 3420 habuit
1076 3366 1327 3436 speciem:
1355 3365 1442 3419 sed
1478 3365 1645 3419 vultus
1685 3367 1793 3436 ejus
1826 3365 1965 3436 obje-

386 3468 525 3523 ctus,
558 3465 604 3511 et
631 3457 871 3527 deformis
915 3457 1096 3527 positio
1138 3457 1246 3527 ejus
1289 3457 1350 3510 ab
1391 3456 1620 3510 omnibus
1662 3457 1965 3511 hominibus.

392 3547 557 3602 Homo
600 3549 651 3602 in
692 3549 863 3619 plaga.
909 3547 963 3602 In
1002 3547 1149 3616 plaga
1182 3545 1342 3600 homo
1363 3589 1374 3610 ,
1405 3557 1527 3601 ante
1558 3547 1762 3616 plagam
1795 3547 1966 3613 Deus,

389 3651 507 3711 post
532 3642 736 3712 plagam
785 3641 942 3695 homo
972 3640 1130 3707 Deus,
1163 3638 1329 3693 Homo
1365 3640 1416 3692 in
1446 3638 1627 3709 plaga,
1651 3649 1698 3693 et
1733 3641 1818 3711 qui
1845 3640 1968 3694 sciat

387 3731 519 3800 ferre
564 3731 896 3792 inﬁrmitates.
941 3730 1279 3784 lulirmitatcs
1325 3730 1590 3799 quorum?
1645 3729 1884 3799 Ipsorum
1937 3745 1966 3784 a

384 3821 579 3893 quibus
605 3821 918 3890 patiebatur.
946 3821 1180 3876 Medicus
1220 3821 1422 3875 ferebat
1451 3820 1786 3876 inﬁrmitates
1814 3821 1970 3891 phre-

386 3914 710 3976 neticorum;
742 3926 796 3970 et
823 3928 944 3968 eum
988 3914 1100 3982 ipse
1127 3911 1554 3981 cruciﬁgeretur,
1587 3912 1772 3966 orabat
1807 3921 1858 3966 et
1885 3913 1965 3966 di-

387 4007 542 4062 cebat
567 4023 580 4060 :
607 4004 782 4072 Pater,
825 4006 1023 4074 ignosce
1049 4005 1181 4070 illis,
1208 4004 1327 4072 quia
1362 4003 1585 4056 nesciunt
1621 4003 1742 4072 quid
1778 4003 1968 4072 faciunt

386 4095 539 4162 (Luc.
585 4112 752 4163 χχιιι,
799 4097 911 4166 54).
979 4093 1248 4150 Attendite
1291 4112 1303 4148 :
1351 4108 1591 4149 amemus
1643 4108 1896 4163 sponsum
1926 4097 1964 4149 ¹.

383 4191 594 4258 Quanto
656 4191 823 4260 magis
870 4186 1306 4245 deformisnobis
1349 4187 1771 4250 commendatur.
1822 4197 1968 4241 tanto

384 4284 616 4348 cbarior,
651 4291 796 4337 tanto
816 4281 1019 4336 dulcior
1045 4290 1128 4336 est
1151 4280 1320 4335 lactus
1347 4294 1576 4349 sponsm.
1603 4276 1820 4349 Propter
1835 4278 1968 4347 quod

383 4383 428 4428 et
455 4374 628 4445 avertit
654 4388 726 4428 se.
759 4373 966 4425 Avertit
994 4385 1050 4423 se
1071 4412 1084 4436 ,
1115 4385 1182 4424 ne
1209 4369 1355 4423 illum
1385 4367 1743 4437 intelligerent
1779 4367 1852 4422 illi
1879 4367 1968 4436 qui

383 4479 506 4519 eum
538 4462 932 4533 crueiligebant.
964 4459 1145 4515 Facies
1171 4461 1278 4531 ejus
1299 4459 1540 4530 injuriata
1563 4466 1654 4524 est,
1684 4473 1772 4512 nec
1798 4459 1968 4528 magni
1993 4464 1997 4466 ’

379 4556 625 4608 testimuta
651 4562 741 4608 est.

453 4647 507 4702 5.
552 4643 652 4700 Hic
695 4645 1012 4714 inﬁrmitates
1049 4649 1244 4698 nostras
1287 4649 1487 4710 portat,
1518 4647 1565 4694 et
1593 4655 1684 4711 pro
1727 4641 1867 4694 nobis
1914 4642 1967 4693 in

389 4737 639 4793 doloribus
664 4745 736 4790 est
766 4752 782 4790 :
810 4745 856 4790 et
903 4752 995 4790 nos
1043 4733 1434 4788 existimavimus
1457 4731 1604 4785 illum
1633 4731 1686 4784 in
1710 4729 1967 4784 doloribus

376 4847 504 4895 esse,
531 4829 647 4884 etin
677 4828 856 4900 plaga,
885 4835 930 4880 et
951 4827 1001 4880 in
1028 4841 1194 4895 paena.
1218 4822 1243 4876 l
1253 4838 1340 4893 pse
1367 4831 1533 4876 autem
1567 4821 1856 4875 vulneratus
1892 4830 1966 4876 est

383 4933 586 4995 propter
609 4929 813 4993 peccata
833 4927 1024 4982 nostra,
1056 4925 1102 4971 et
1122 4916 1406 4984 inﬁrmatus
1436 4923 1507 4969 est
1547 4923 1750 4985 prapter
1777 4912 1966 4982 iniqui-

379 5027 507 5072 tates
531 5025 750 5071 nostras.
773 5011 1012 5068 Eruditio
1039 5009 1178 5081 pacis
1205 5018 1390 5063 nostra:
1417 5009 1467 5062 in
1494 5024 1606 5063 eum
1625 5049 1641 5075 ,
1673 5009 1828 5062 livore
1855 5008 1965 5078 ejus

380 5109 546 5165 sanati
589 5125 780 5163 sumus.
813 5106 1000 5160 Omnes
1039 5113 1094 5158 ut
1137 5119 1250 5158 oves
1293 5103 1602 5169 erravimus,
1629 5111 1674 5156 et
1718 5101 1966 5156 Dominus

378 5201 588 5254 tradidit
617 5201 760 5253 illum
791 5214 882 5267 pro
911 5196 1127 5267 peccatis
1154 5195 1356 5262 nostris.
1399 5192 1738 5264 Evangelium
1764 5201 1866 5258 est,
1899 5206 1964 5246 an

380 5291 659 5364 prophetia
688 5281 919 5356 ‘?'Quid
957 5289 1135 5344 dicunt
1179 5296 1363 5344 contra
1407 5287 1505 5341 ista
1540 5285 1748 5341 Judrei?
1781 5285 1967 5342 Nonne

443 5468 460 5497 ί
488 5473 590 5514 Am.
617 5473 668 5517 et
690 5472 784 5526 Er,
806 5463 1298 5526 Attenditequomodo
1320 5474 1548 5526 amemus.
1581 5468 1786 5526 Sponsus
1821 5473 1969 5525 quan-

379 5533 457 5584 to,
492 5536 587 5577 etc.
624 5523 1121 5602 Comei-tinuseodex
1139 5561 1156 5585 ,
1206 5525 1437 5576 Attendue
1479 5523 1719 5586 quomodo
1756 5523 1969 5574 amemus

381 5599 618 5649 sponsam.
665 5589 751 5640 Alii
774 5597 900 5646 Mss,
923 5594 1106 5642 Auente
1123 5601 1335 5640 canemus
1357 5599 1596 5652 sponsum.

447 5651 466 5680 ⁸
485 5655 613 5711 ιω..
630 5662 692 5699 an
707 5652 956 5715 propheta.
1345 5663 1352 5670 '

1627 245 1685 300 S.
1725 237 2092 299 AUGUSTINI
2133 240 2435 299 EPISCOPI

3557 252 3670 311 εεε

2081 356 2276 410 mirum
2325 365 2406 411 est
2424 355 2609 411 audire
2637 355 2754 411 illos
2777 358 2909 426 ista,
2932 358 3130 418 habere
3173 364 3290 421 illos
3325 367 3457 432 ista,
3485 369 3668 441 legere

2077 446 2194 502 illos
2224 448 2346 513 ista,
2381 461 2488 503 non
2513 448 2749 504 invenire
2773 450 2841 505 de
2882 467 2990 522 quo
3029 451 3132 509 dici
3175 459 3438 526 potuerit,
3463 461 3564 516 nisi
3595 461 3669 517 tle

2079 537 2168 593 illo
2197 555 2303 594 uno
2327 541 2416 611 qui
2444 540 2497 595 in
2531 541 2820 613 Evangelio
2858 545 3175 614 praedicatur
3216 565 3314 620 per
3335 553 3520 609 orbem
3549 564 3668 610 ter-

2076 644 2256 684 rarum
2281 672 2295 694 ,
2328 639 2383 686 et
2416 631 2589 687 adhuc
2614 649 2720 686 non
2749 648 2868 689 esse
2906 634 3239 708 Christianos
3265 682 3278 706 ,
3301 642 3396 696 sed
3421 644 3498 700 sic
3541 646 3670 701 illos

2076 733 2199 774 esse
2241 736 2413 776 cmcos
2451 722 2706 778 adversus
2736 725 3129 782 evidentissima
3156 730 3364 801 eloquia
3424 734 3667 805 Propheo

2079 813 2292 867 tarum?
2312 814 2430 868 Noli
2467 815 2647 870 mirari
2678 817 2971 873 ctecitatem
3009 819 3313 877 Judmorum
3339 824 3407 880 de
3425 825 3668 883 Christo.

2143 902 2369 958 CAPUT
2406 902 2494 958 Ill.
2516 934 2586 944 ——
2605 907 2742 962 Ecce
2769 909 2955 964 transit
2977 911 3116 980 quod
3136 911 3330 968 dicitur
3346 915 3412 970 de
3439 933 3668 988 sponso.

2078 992 2263 1062 incipit
2287 993 2392 1049 dici
2417 1003 2472 1050 et
2499 995 2565 1050 de
2594 1011 2825 1066 sponsa;
2857 1007 2913 1054 et
2948 1002 3214 1070 quomodo
3251 1003 3302 1058 in
3333 1021 3531 1076 sponso
3556 1011 3667 1065 mi-

2077 1085 2282 1140 rabaris
2303 1087 2594 1150 caecitatem
2621 1088 2946 1158 Judaiorum,
2979 1092 3127 1148 sicin
3155 1109 3352 1165 sponsa
3381 1098 3668 1156 miraberis

2075 1179 2364 1234 cmcitatem
2393 1179 2786 1238 haereticorum.

2148 1271 2200 1324 6.
2229 1270 2346 1325 Jam
2374 1273 2532 1328 modo
2581 1275 2840 1330 miremur
2866 1278 3159 1334 caecitatem
3185 1280 3509 1339 Judazorum.
3557 1284 3667 1341 Do-

2076 1361 2242 1416 minus
2269 1363 2476 1416 tradidit
2498 1364 2639 1418 illum
2664 1382 2756 1435 pro
2791 1368 3006 1435 peccatis
3054 1371 3237 1425 nostris
3254 1389 3273 1437 ;
3301 1381 3345 1426 et
3379 1375 3506 1444 ipse,
3535 1392 3665 1445 quo-

2077 1451 2215 1503 niam
2259 1453 2391 1506 male
2433 1463 2676 1509 tractatus
2719 1465 2823 1522 est,
2852 1473 2952 1510 non
2989 1460 3188 1527 aperuit
3229 1477 3304 1515 os.
3351 1462 3418 1518 Ut
3443 1463 3547 1520 ovis
3591 1468 3664 1519 ad

2075 1538 2445 1594 immolandum
2481 1543 2659 1598 ductus
2693 1555 2764 1598 est
2780 1562 2801 1611 ;
2829 1555 2875 1599 et
2907 1556 2961 1600 ut
2995 1564 3155 1618 agnus
3193 1559 3310 1604 ante
3342 1569 3456 1606 eum
3492 1556 3577 1624 qui
3608 1573 3664 1609 se

2077 1631 2299 1685 tonderet
2325 1633 2422 1703 fuit
2444 1634 2551 1686 sine
2578 1649 2716 1702 voce,
2747 1635 2820 1689 sic
2847 1652 2945 1690 non
2965 1640 3159 1708 aperuit
3193 1656 3248 1694 os
3271 1658 3438 1696 suum.
3474 1642 3537 1700 In
3563 1646 3666 1698 hu-

2077 1721 2287 1774 militate
2305 1722 2558 1791 judicium
2589 1726 2700 1795 ejus
2724 1727 2975 1781 sublatunt
3002 1738 3094 1783 est.
3128 1731 3193 1784 Et
3217 1747 3286 1788 ne
3313 1744 3624 1792 contemnas
3642 1778 3659 1802 ,

2077 1808 2462 1866 Cenerationem
2503 1814 2612 1884 ejus
2648 1817 2758 1885 quis
2805 1819 3094 1872 enarrabit?
3127 1820 3296 1887 Quam
3354 1827 3674 1894 generatio-

2076 1901 2238 1956 nem?
2259 1901 2386 1957 Ante
2412 1903 2676 1975 luciferum
2703 1909 2854 1978 genui
2877 1918 2924 1963 te
2962 1908 3132 1979 (Psal.
3157 1925 3269 1981 etx,
3291 1914 3368 1982 ὅ).
3395 1914 3533 1972 Ecce
3552 1933 3659 1974 una

2075 1994 2347 2062 generatio
2373 2012 2387 2048 :
2411 1995 2538 2050 Ante
2557 1998 2844 2066 luciferum,
2869 2010 2995 2056 ante
3014 2003 3189 2056 omnia
3209 2020 3328 2075 qua:
3349 2005 3482 2061 facta
3511 2020 3657 2075 sunt,

2074 2095 2202 2140 ante
2227 2101 2414 2143 omnes
2441 2088 2696 2159 Angelos,
2723 2103 2847 2148 ante
2866 2108 3080 2150 omnem
3106 2107 3423 2153 creaturam.
3451 2099 3662 2167 Quare?

2076 2175 2403 2243 Quiauomnia
2425 2196 2514 2250 per
2531 2180 2696 2250 ipsum
2718 2186 2854 2254 facta
2882 2195 2998 2239 sunt
3019 2185 3195 2255 (Joan.
3225 2205 3263 2252 ι,
3291 2188 3367 2259 3).
3387 2189 3490 2246 Sed
3514 2191 3658 2248 forte

2075 2267 2308 2323 secunda
2331 2269 2447 2338 ejus
2474 2273 2748 2340 generatio
2789 2284 3057 2332 narratur.
3098 2276 3227 2344 Quis
3268 2278 3413 2335 illam
3439 2285 3662 2338 narrat?

2077 2357 2207 2413 Fide
2230 2360 2550 2430 concipitur,
2579 2365 2850 2420 masculus
2870 2381 2974 2422 non
3023 2370 3257 2437 accedit,
3286 2381 3467 2428 uterus
3494 2375 3659 2448 virgi-

2077 2451 2160 2505 nis
2184 2461 2348 2507 tumet
2374 2472 2387 2506 :
2411 2455 2651 2524 procedit
2681 2467 2927 2528 tanquam
2957 2473 3185 2531 sponsus
3208 2464 3276 2520 de
3300 2466 3530 2521 thalamo
3556 2483 3662 2524 suo

2077 2543 2248 2613 (Psal.
2282 2561 2432 2613 XVIII,
2466 2547 2542 2619 6).
2574 2549 2827 2621 Mirabilis
2854 2552 2952 2607 ista
2976 2557 3268 2624 generatio.
3295 2557 3548 2614 Mirabilis
3572 2571 3661 2616 est

2076 2633 2330 2703 humana,
2371 2639 2492 2708 quia
2536 2640 2652 2696 sine
2697 2650 2884 2711 patre:
2925 2644 3182 2701 mirabilis
3226 2647 3349 2716 illa,
3381 2649 3502 2719 quia
3538 2651 3660 2707 sine

2077 2735 2266 2781 matre.
2316 2726 2382 2782 lit
2413 2730 2518 2783 ovis
2545 2729 2614 2783 ad
2660 2731 3021 2788 immolandum
3061 2735 3239 2792 ductus
3277 2748 3388 2806 est,
3415 2748 3468 2793 ut
3494 2757 3659 2811 agnus

2076 2827 2191 2869 ante
2213 2833 2324 2870 eum
2350 2819 2436 2888 qui
2464 2836 2517 2874 se
2549 2821 2805 2890 tonderet,
2832 2825 2903 2878 sic
2923 2841 3023 2879 non
3051 2829 3247 2897 aperuit
3293 2845 3349 2884 os
3373 2846 3541 2886 suum.
3590 2829 3661 2888 In

2077 2907 2357 2963 humilitate
2382 2911 2638 2982 judicium
2692 2914 2800 2986 ejus
2841 2914 3092 2970 sublatum
3113 2928 3204 2972 est.
3277 2920 3662 2978 Generationetn

2076 3001 2184 3069 ejus
2211 3001 2319 3069 quis
2346 3000 2636 3056 enarrabit?
2669 3004 2918 3070 Quoniam
2949 3009 3151 3062 tolletur
3165 3010 3228 3064 de
3247 3021 3379 3064 terra
3396 3012 3496 3066 vita
3521 3015 3657 3085 ejus.

2076 3088 2542 3147 Resurrcctionem
2573 3094 2688 3162 ejus
2726 3095 2995 3164 praedicat.
3025 3097 3227 3155 Videtis
3255 3103 3376 3171 quia
3404 3118 3526 3159 vere
3548 3105 3660 3160 Do-

2076 3181 2252 3235 minus
2279 3183 2451 3252 (quasi
2474 3185 2642 3253 possit
2669 3184 2793 3254 quid
2823 3186 2925 3240 nisi
2960 3203 3087 3244 vere
3125 3189 3353 3262 Veritas)
3379 3191 3480 3248 hoc
3508 3193 3659 3250 dice-

2075 3271 2161 3331 bat
2192 3273 2230 3326 ¹ε
2273 3272 2400 3337 Quae
2418 3275 2607 3345 scripta
2621 3285 2736 3330 sunt
2765 3277 2817 3330 in
2845 3276 2998 3349 Lege,
3026 3289 3073 3332 et
3104 3278 3374 3350 Prophetis
3392 3323 3407 3348 ,
3437 3294 3482 3337 et
3507 3283 3663 3339 Psal-

2075 3363 2171 3417 mis
2191 3363 2252 3417 de
2280 3381 2378 3418 me.
2405 3365 2535 3432 Quia
2585 3367 2841 3436 oportebat
2865 3366 3118 3424 Christum
3143 3373 3251 3442 pati
3297 3382 3342 3426 et
3375 3390 3659 3445 resurgere,

2074 3456 2314 3511 audistis.
2347 3458 2413 3512 Et
2454 3473 2762 3529 resurgere,
2792 3457 2952 3516 medo
2993 3463 3254 3519 audistis:
3282 3465 3532 3531 Quoniam
3560 3469 3662 3524 τοι-

2075 3546 2202 3607 letur
2244 3547 2307 3601 de
2353 3557 2486 3601 terra
2510 3549 2608 3602 vita
2628 3550 2755 3619 ejus.
2788 3548 2854 3602 Et
2897 3553 3163 3621 praedicari
3207 3555 3258 3608 in
3308 3558 3508 3611 nomine
3544 3563 3662 3629 ejus

2074 3639 2414 3706 ptenitentiam
2438 3649 2484 3693 et
2505 3641 2843 3696 remissionem
2867 3653 3185 3712 peccatorum
3216 3663 3304 3716 per
3343 3665 3512 3703 omnes
3535 3668 3666 3720 gen-

2074 3738 2167 3794 tes,
2197 3729 2441 3797 incipiens
2480 3732 2543 3785 ab
2582 3729 2866 3786 Jerusalem
2908 3731 3058 3806 (Luc.
3097 3752 3246 3801 xxxv,
3275 3738 3363 3802 M,
3386 3740 3454 3794 46
3474 3783 3488 3802 ,
3518 3742 3611 3811 47)
3641 3761 3659 3798 :

2073 3819 2300 3875 audietis
2327 3818 2453 3874 illud
2480 3828 2534 3875 et
2555 3821 2622 3876 ab
2649 3821 2749 3877 isto
2775 3825 3066 3894 prepheta;
3097 3841 3201 3881 non
3244 3827 3363 3898 quia
3399 3829 3663 3885 debemus

2075 3912 2386 3979 pr0phetam
2417 3925 2728 3981 przeponere
2752 3913 2996 3969 Domino.
3026 3915 3208 3972 Prteco
3244 3921 3547 3987 przecessit,
3570 3922 3662 3990 ju-

2072 3998 2175 4054 dex
2203 4008 2417 4054 secutus
2464 4011 2565 4056 est.
2609 4002 2724 4058 Non
2753 4019 2876 4070 sua,
2915 4005 3012 4061 sed
3041 4007 3234 4076 judicis
3270 4011 3431 4065 verba
3479 4026 3662 4081 praeco

2074 4090 2316 4157 dicebat,
2345 4101 2402 4146 et
2420 4092 2583 4163 judex
2617 4109 2947 4165 consequens
2986 4099 3141 4153 verba
3177 4114 3270 4154 sua
3308 4101 3362 4154 in
3411 4117 3661 4172 praecone

2077 4183 2325 4237 lirmavit.
2358 4183 2609 4250 Quoniam
2639 4187 2840 4241 tolletur
2877 4189 2938 4242 de
2961 4199 3093 4242 terra
3126 4191 3228 4244 vita
3271 4193 3402 4264 ejus.
3448 4194 3521 4248 Ab
3552 4196 3659 4271 ini:

2075 4273 2346 4343 quitatibus
2370 4275 2553 4343 populi
2583 4277 2679 4329 mei
2705 4277 2883 4331 ductus
2907 4288 2978 4332 est
2995 4279 3062 4331 ad
3087 4289 3312 4335 mortem.
3346 4283 3660 4339 Audiebatis

2075 4364 2238 4418 modo
2266 4364 2532 4420 dicentem
2566 4366 2690 4434 illis,
2719 4367 2854 4433 Quid
2883 4369 3031 4422 vobis
3059 4369 3192 4424 feci?
3215 4372 3270 4426 Si
3301 4374 3575 4429 invenistis
3603 4377 3658 4431 in

2075 4469 2160 4507 me
2216 4463 2510 4524 peccatum,
2563 4459 2786 4525 arguile.
2834 4459 2900 4513 Et
2949 4461 3043 4528 illi,
3098 4458 3376 4534 Cruciﬁge,
3419 4467 3662 4540 cruciﬁge

2077 4545 2252 4618 (Joan.
2297 4565 2383 4602 six
2405 4589 2418 4612 ,
2442 4549 2500 4619 6)
2526 4565 2539 4602 :
2566 4560 2621 4604 ut
2647 4551 2904 4619 putabant
2948 4551 3212 4609 \ominem
3236 4597 3250 4618 ,
3286 4566 3459 4611 tmuen
3495 4559 3659 4613 inno-
3732 4576 3746 4581 ‘

2072 4648 2298 4693 centeni.
2329 4639 2489 4710 Ergo,
2519 4641 2590 4694 Ab
2621 4634 3159 4713 iniquitattcu's'pouuli
3179 4647 3275 4700 mei
3294 4647 3472 4702 ductus
3496 4660 3568 4703 est
3588 4653 3660 4704 ad

2072 4741 2301 4785 mortem.

2143 4823 2368 4879 CAPUT
2408 4823 2494 4880 IV.
2525 4855 2597 4864 —
2624 4826 2674 4878 7.
2719 4825 2867 4883 Dabo
2889 4844 3018 4901 ergo
3043 4827 3205 4885 malos
3254 4846 3346 4899 pro
3390 4831 3662 4900 sepultura

2073 4914 2199 4984 ejus.
2222 4914 2356 4981 Quid
2384 4926 2467 4970 est
2493 4915 2614 4980 hoc,
2643 4914 2789 4971 Dabo
2818 4919 2978 4972 malos
3012 4937 3102 4989 pro
3129 4922 3386 4991 sepultura
3424 4923 3533 4992 ejus
3551 4963 3565 4988 ,
3607 4935 3663 4979 et

2074 5006 2249 5060 divites
2277 5022 2368 5077 pro
2399 5015 2558 5060 morte
2581 5007 2730 5076 ejus?
2758 5008 2923 5064 Malos
2952 5018 3170 5080 propter
3194 5013 3542 5080 sepulturam,
3570 5013 3661 5068 di-

2076 5096 2212 5150 vites
2246 5105 2462 5166 propter
2500 5107 2748 5151 mortem.
2795 5097 2956 5153 Dives
2988 5098 3075 5153 ille
3100 5099 3166 5155 ab
3205 5100 3524 5155 Arimathma
3563 5102 3665 5157 ιο.

2073 5185 2203 5256 seph
2229 5228 2243 5249 ,
2275 5201 2394 5240 cum
2443 5186 2696 5264 Dominus
2725 5187 2979 5257 penderet
3002 5189 3054 5243 in
3098 5206 3256 5246 cruce
3280 5232 3294 5257 ,
3329 5192 3542 5248 intravit
3587 5194 3661 5249 ad

2075 5277 2321 5344 Pilatum,
2351 5287 2405 5332 et
2428 5277 2579 5350 petiit
2596 5293 2787 5350 corpus
2806 5279 2924 5350 ejus
2949 5298 2961 5334 :
2991 5279 3274 5349 obsecutus
3293 5291 3394 5350 est,
3417 5291 3475 5337 ut
3501 5295 3668 5354 sepe—

2139 5459 2155 5490 ⁸
2185 5466 2282 5506 Αιη.
2306 5464 2362 5524 et
2387 5462 2480 5524 F.r._,
2517 5455 2697 5524 Videtis
2719 5457 2833 5524 quia
2871 5471 3012 5524 verus
3045 5458 3292 5524 portunus,
3317 5459 3454 5524 Quasi
3491 5467 3669 5524 potens

2073 5533 2168 5570 non
2190 5518 2352 5582 possit,
2375 5517 2478 5582 nisi
2490 5531 2599 5569 vere
2641 5517 2854 5571 Charitas
2907 5519 3012 5571 Iure
3036 5519 3225 5571 dicebat
3246 5517 3285 5571 ἵ
3313 5517 3445 5580 tum,
3476 5517 3671 5577 ridetis

2076 5581 2321 5646 quidvere
2346 5581 2573 5646 pontium
2595 5582 2700 5632 haec
2722 5581 2886 5646 possit.
2899 5582 3029 5644 Quis,
3064 5582 3158 5634 nisi
3180 5595 3294 5634 vera
3323 5582 3523 5638 Veritas.
3553 5583 3672 5636 htrc

2079 5640 2264 5696 dicebat
2287 5640 2312 5692 Σ)
2342 5651 2513 5694 ι.οευιιι
2531 5640 2803 5705 iuvantibus
2825 5640 3154 5709 nntiuscriptts
3175 5647 3489 5695 restinximus.
