1969 3093
132 140 182 168 261

133 196 206 223 liret.
235 195 291 222 Dali
316 200 379 221 sunt
406 194 500 221 ditites
526 204 571 230 pro
596 201 678 222 morte
703 197 779 230 ejus:
806 197 928 230 sepelivit

135 248 290 276 pauperem,
305 241 331 267 in
348 247 401 275 quo
422 241 525 268 divitias
547 241 705 275 requirebat.
731 241 799 275 Ergo
812 262 818 273 ,
836 241 928 268 Diri/vs

135 291 238 321 propter
251 290 356 312 mortem
369 287 434 320 ejus.
448 286 522 318 Quid
536 292 625 320 postea
640 286 714 316 dixit,
734 287 818 320 primo
832 286 926 313 factum

133 335 196 357 cst:
213 330 282 365 quod
298 331 385 365 primo
399 331 483 362 dixit,
501 337 590 365 postea
607 332 702 358 factum
718 336 767 359 est.
784 332 866 359 Mutus
882 342 927 367 pro

138 376 270 410 ulmltura
285 376 350 409 ejus.
369 375 417 402 L'bi
430 376 614 403 ostendimus?
628 376 787 403 Intraverunt
799 377 883 404 Jlldd’l
894 380 928 405 ad

137 419 260 453 Pilatum,
271 426 293 447 et
305 421 424 447 dixerunt
433 421 469 447 ei:
479 421 594 453 Domine,
602 423 741 449 audii-imus
753 423 810 456 quia
820 423 862 449 ille
871 424 923 458 plu.

135 474 184 492 nus
199 466 222 502 (ὁ
237 465 343 499 xiii-eg),
354 467 379 493 id
391 472 440 497 est,
451 467 494 493 ille
508 468 645 502 impostor,
658 468 720 495 diin
734 469 864 502 discipulis
875 470 926 496 suis

135 512 196 546 quia
212 517 398 538 resurrecturus
413 513 458 538 erit
472 513 583 540 occisus:
593 514 654 549 jube
675 515 829 540 custodiatur
843 514 927 549 sepul-

136 565 218 588 crum,
228 559 330 591 nefarie
336 557 433 583 veniant
440 558 616 593 discipulicjus
625 564 729 591 nocte,el
736 561 851 594 auferant
858 569 924 591 eum,

135 608 159 629 et
182 603 230 637 ﬁat
248 611 320 630 mor
339 604 420 638 major
440 605 532 639 priore.
551 605 592 631 Ait
609 606 659 632 illis
678 605 777 632 Pilatus
791 615 800 632 :
822 607 926 634 llnbctis

136 649 239 681 milites,
255 649 299 681 ile,
316 650 439 676 custodite
452 650 515 675 sicut
533 651 617 677 cultis.
631 652 795 685 Acceperunt
809 652 905 679 milites
918 674 924 684 ,

136 699 285 728 posuerunt
303 695 338 721 ibi
352 695 458 730 (.llattlt.
478 704 564 728 xxvu,
583 697 684 729 57-66).
707 698 766 724 Mali
782 704 842 725 sunt
864 700 924 726 isti;

134 740 186 774 ipsi
200 745 265 767 sunt
277 740 329 767 dati
344 746 452 775 propter
470 743 630 776 svpultnram
649 744 706 777 ejus
725 744 756 770 ad
776 745 927 771 Clt>l0tiit‘n-

133 784 209 812 dum.
225 785 277 812 Sed
293 786 362 813 unde
376 786 518 820 probamus
528 788 587 822 quia
609 789 670 815 ntali
686 790 764 815 sunt?
781 790 873 817 Milites
888 791 926 817 in-

133 834 264 856 nocentes
278 835 353 857 erant
371 831 442 857 missi
457 832 551 865 :judex
576 833 614 859 eis
634 835 776 868 prarccpit;
798 840 926 862 venerunt

133 875 167 902 ad
189 877 360 910 sepulcrum,
376 878 567 904 custmlicrunt.
590 879 657 905 Audi
681 881 739 914 quia
766 882 825 907 mali
846 887 923 908 sunt:

133 921 192 956 lege
217 921 397 955 Evangelium.
422 922 592 958 Potcaquam
618 926 760 952 resurrexit
781 926 923 960 Dominus,

133 970 162 993 ct
173 966 299 994 viderunt
318 968 456 1002 angelum,
471 970 607 996 conterriti
628 974 654 996 et
673 973 832 998 consternati
853 977 922 999 sunt.

133 1012 248 1046 Quando
281 1013 379 1040 dictum
409 1019 449 1040 cst
480 1014 548 1045 aliiS,
577 1014 663 1041 Nolite
687 1017 772 1042 timere
802 1025 854 1049 vos,
883 1018 923 1045 isti

133 1060 231 1086 timore
258 1060 382 1094 perculsi,
407 1060 467 1094 quia
492 1060 541 1087 tide
564 1061 691 1087 sublevati
715 1070 766 1088 non
793 1068 862 1089 sunt.
893 1063 926 1090 Et

133 1109 222 1132 tamen
233 1112 295 1132 cum
308 1106 356 1132 ista
366 1106 465 1132 scirent
478 1127 484 1138 ,
507 1112 634 1132 venerunt
652 1107 683 1132 ad
704 1107 825 1140 Judzcos,
851 1108 924 1135 dixe-

132 1154 196 1178 runt
232 1150 287 1177 illis
314 1151 362 1177 ista
393 1151 492 1177 omnia.
528 1151 656 1178 Dixerunt
685 1152 767 1179 ,ιιιάιὶ
793 1162 799 1179 :
829 1153 924 1180 Damus

133 1197 211 1224 vobis
230 1197 382 1231 pecuniam.
408 1197 475 1230 Ergo
500 1197 560 1223 mali
584 1201 660 1223 erant
685 1207 690 1223 :
715 1198 851 1224 \‘critutcnt
866 1199 924 1224 abs-

133 1243 283 1269 cootlcrnnt
300 1262 308 1273 ,
332 1242 497 1268 mendacium
524 1235 706 1268 vendiderunt.
735 1243 766 1269 Et
790 1244 923 1277 quomodo

134 1287 304 1315 mendacium
326 1287 520 1315 vendiderunt?
545 1287 602 1315 Non
627 1289 739 1318 mirum.
761 1289 923 1315 mendacium

131 1333 332 1365 vendiderunt,
361 1334 527 1360 mendacium
556 1334 618 1360 ca‘ci
641 1334 727 1360 crocis.
752 1334 832 1360 Dit‘ilu
860 1334 924 1369 (di-

131 1384 202 1405 ctum
227 1384 271 1406 est
288 1379 341 1405 illis
355 1378 365 1414 )
378 1379 437 1413 quia
459 1379 637 1405 dormientibus
659 1379 727 1405 nobis
747 1385 864 1405 venerant
884 1380 924 1405 di-

130 1424 222 1458 scipuli
243 1424 317 1458 ejus,
337 1429 359 1450 ει
377 1424 552 1450 subtraxeritnt
570 1433 635 1450 eum.
653 1424 674 1451 0
688 1425 789 1451 vanitas
809 1425 925 1452 vendens

132 1469 277 1496 vanitatem
299 1469 424 1495 vanitati!
442 1469 560 1495 Audituri
577 1474 637 1495 sunt
657 1469 716 1495 vani
731 1473 757 1495 ct
772 1470 923 1496 credituri‘.

131 1514 272 1549 Hodieque
285 1514 337 1541 hoc
351 1519 389 1541 est
402 1514 470 1548 apud
487 1514 592 1541 Jud:cos
603 1535 609 1546 ,
623 1515 661 1540 sic
676 1514 754 1540 liabet
767 1515 820 1548 ipsa
836 1514 902 1540 fama
916 1536 922 1548 ,

131 1567 209 1595 quam
222 1567 304 1591 vana,
317 1567 395 1594 quam
412 1560 484 1591 laba,
503 1567 581 1594 quam
594 1560 678 1586 inanis
690 1561 697 1593 (
711 1559 800 1586 ΜιιιιΙι.
813 1560 922 1595 xxvm).

131 1605 327 1632 Testimonium
342 1609 486 1640 martyrum
503 1605 595 1631 nolunt
609 1605 716 1637 audire,
737 1611 762 1631 ut
779 1606 883 1638 vivant;
900 1611 925 1633 et

133 1650 317 1677 testimonium
328 1649 517 1676 dormientium
526 1650 645 1682 audiunt,
656 1655 685 1677 ut
697 1656 813 1684 pereant.
826 1651 852 1677 Si
864 1651 925 1678 dor-

133 1695 251 1722 miebant
262 1695 398 1727 custodes,
412 1695 483 1722 unde
498 1700 638 1729 potuerunt
649 1696 716 1723 scire
730 1696 786 1730 quis
800 1697 874 1723 illum
887 1703 925 1724 tu-

132 1741 190 1768 lerit
204 1740 240 1767 dc
255 1740 401 1775 sepulcro?
415 1743 460 1767 aut
470 1741 532 1775 quid
547 1741 682 1775 vigilabas,
702 1743 788 1769 male?
803 1742 823 1770 Ο
836 1744 903 1769 male
916 1764 923 1775 ,

133 1786 166 1813 de
175 1794 230 1821 quo
240 1794 295 1813 non
309 1787 366 1813 sine
379 1793 456 1813 causa
472 1786 538 1812 dixit
551 1787 688 1821 propheta,
705 1786 776 1814 Dabo
791 1788 869 1815 malos
880 1797 923 1822 pro

132 1832 264 1867 sepultura
279 1831 346 1866 ejus.
362 1832 384 1858 0
397 1831 468 1863 mali,
481 1838 497 1858 ο
509 1832 614 1865 pessimi
632 1841 638 1858 :
655 1837 701 1858 aut
718 1833 862 1867 vigilabalis
873 1855 879 1865 ,
901 1839 926 1860 ct

133 1877 269 1904 custodire
284 1877 429 1908 debuistis;
452 1882 496 1904 aut
518 1877 704 1911 dormiebatis,
720 1884 745 1905 et
762 1880 822 1914 quid
839 1881 872 1906 sit
887 1880 925 1906 la-

133 1928 204 1950 etum
219 1924 339 1951 nescitis.
357 1923 495 1958 lmplelum
513 1929 553 1951 est
568 1925 638 1951 enim
652 1925 720 1959 quod
734 1926 848 1959 Spiritus
863 1934 925 1953 san-

133 1975 191 1995 cttxs
205 1976 255 2004 per
265 1968 431 1995 Psilmistam
444 1969 525 1995 multo
536 1974 597 1996 ante
609 1970 765 2003 prtcdixerat
778 1979 784 1996 :
797 1971 925 2005 Cogitave-

134 2019 193 2040 mu
211 2014 347 2040 consilium
367 2014 434 2048 quod
456 2022 505 2040 non
530 2019 661 2048 potuerunt
684 2016 813 2043 stabilire'
834 2015 924 2052 (Psnl.

136 2066 180 2090 ιι,
197 2058 253 2093 ιε).

171 2114 306 2142 ‘CAPUT
322 2115 351 2142 V.
368 2130 398 2135 —
413 2115 439 2143 8.
449 2115 502 2143 Nos
515 2124 587 2151 ergo,
605 2116 699 2144 fratres
709 2118 866 2153 cliarissinti,
879 2128 926 2155 pro

135 2169 249 2196 quorum
263 2161 349 2188 salute
364 2163 411 2188 ista
428 2163 514 2189 omnia
529 2168 555 2190 et
566 2163 688 2197 prrcdicta
699 2169 760 2191 sunt
773 2170 798 2192 et
809 2166 925 2199 impleta,

135 2206 236 2240 gratias
244 2213 356 2241 agamus
368 2206 463 2233 diviutc
476 2207 674 2241 miscricordim,
688 2215 712 2235 ct
725 2215 849 2243 quantum
866 2219 926 2245 pos-

136 2260 239 2284 Snmnz,
256 2253 319 2279 totis
333 2253 434 2280 Viribus
454 2253 612 2284 laboremus,
629 2260 657 2281 ut
673 2255 797 2282 beneficia
817 2257 859 2283 Dci
875 2265 926 2284 non

136 2298 214 2324 nobis
227 2297 356 2332 judicium
373 2298 489 2332 pariant,
504 2298 550 2326 sed
567 2299 711 2333 profectum
729 2310 733 2326 :
751 2305 778 2326 ut
793 2308 852 2328 cum
873 2307 926 2329 trc-

135 2343 251 2370 tncndus
263 2342 354 2377 judicii
368 2342 427 2369 dies
438 2348 464 2370 et
481 2348 583 2378 tempus
599 2344 739 2371 reddendm
760 2346 868 2373 ratiOnis
881 2346 927 2373 ad-

138 2388 254 2420 venerit,
265 2387 394 2422 quidquid
411 2388 487 2415 nobis
497 2389 506 2403 ³
523 2389 648 2416 Dominus
663 2396 689 2416 et
708 2391 828 2418 Salvator
840 2397 929 2419 naster

136 2434 250 2461 contulit
263 2433 395 2468 judicatus
405 2455 411 2466 ,
435 2435 565 2469 integrum
580 2436 879 2471 inveniatjudicaturns.
897 2439 930 2466 Et

136 2479 245 2514 quidem
257 2480 301 2506 ille
311 2487 372 2507 cum
383 2481 496 2512 venerit,
509 2482 658 2509 redditurus
667 2488 706 2509 est
716 2484 786 2517 quod
798 2485 928 2518 promisit,

137 2524 185 2552 sed
203 2525 378 2560 requisiturus
391 2530 429 2553 est
448 2526 517 2561 quod
533 2527 645 2554 redemit
659 2536 664 2553 :
680 2533 705 2555 et
721 2528 790 2563 quod
807 2529 830 2556 in
846 2531 930 2564 primo

170 2613 231 2650 flsie
241 2613 350 2650 potiores
366 2614 529 2650 ψιιιυεςινιριῑ.
540 2614 654 2650 Αῑιςρίῑξ,
667 2615 769 2642 vendens
786 2616 912 2643 vanitatem
923 2635 932 2649 ,

137 2642 268 2668 nitatem
276 2643 398 2669 adﬂari:
409 2644 476 2670 vanis
486 2642 508 2670 ἐι
519 2642 658 2670 credituri}.

170 2675 180 2689 ³
192 2677 276 2709 Totum
287 2675 352 2707 quod
363 2679 478 2709 superest
489 2680 559 2707 αιμιι
566 2677 679 2709 quintum
690 2683 703 2701 a
712 2677 854 2709 quibusdam
862 2678 932 2704 abest

137 2707 206 2739 Issi,
214 2705 356 2739 videturque
370 2705 529 2736 Augustinum
540 2705 624 2739 utilius,
630 2714 701 2739 quam
717 2705 842 2733 Caesarium
862 2710 933 2734 nobis

137 2735 268 2770 abibam.
279 2735 367 2770 Confer
377 2735 518 2770 sermonem
528 2735 670 2770 Appendiijis
682 2738 720 2770 13,
736 2745 759 2763 ιι.
773 2739 797 2770 5,
809 2745 882 2764 serm.
892 2740 932 2770 44,-

137 2771 163 2789 ιι.
175 2765 200 2796 ϐ,
213 2773 285 2791 seru.
297 2767 339 2797 45,
351 2774 376 2791 ιι.
388 2766 415 2797 5,
431 2770 458 2792 et
467 2765 698 2793 mrﬁ'bomiliam
708 2765 747 2794 Ξῖ.

170 2784 415 2834 {satana-:1
429 2784 765 2825 5i§3EI.’.‘..."£3ii§ii-i."sic
784 2799 848 2831 ιοφιε
869 2800 932 2826 ac.

839 139 952 167 SERMO
972 140 1040 167 XLV

1715 148 1767 176 202

981 195 1094 224 adventu
1108 197 1233 227 Contulit.
1248 203 1389 226 exacturus
1404 204 1445 228 est
1458 200 1483 227 in
1502 202 1628 229 secundo.
1644 203 1769 237 Quamvis

980 240 1089 267 multum
1110 249 1269 275 pra-sumere
1289 242 1433 271 debeamus
1451 244 1485 273 de
1507 247 1688 276 misericordia
1699 249 1747 277 Dei
1760 271 1769 283 .

981 292 1031 312 non
1044 290 1129 313 tamen
1142 287 1304 322 negligenter
1317 288 1444 317 debemus
1455 291 1548 318 timere
1556 293 1685 326 justitiam
1699 295 1767 330 ejus.

980 330 1044 357 Cum
1056 330 1156 365 justitia
1167 333 1237 359 enim
1253 336 1279 360 te
1292 333 1433 368 iudicabit,
1454 337 1497 370 qui
1512 345 1572 364 cum
1588 339 1768 368 misericordia

981 381 1006 404 te
1020 376 1141 404 redemit.
1156 377 1221 404 Nam
1240 379 1310 413 quod
1327 383 1378 406 tam
1398 380 1476 416 longo
1496 387 1615 417 tempore
1629 392 1770 418 peccamus

979 426 1004 449 ct
1019 423 1110 456 parcit,
1126 430 1178 450 non
1194 427 1234 450 est
1247 424 1404 459 negligentia
1415 446 1422 458 ,
1441 426 1487 453 sed
1503 429 1639 462 patientia.
1653 429 1710 457 Non
1725 430 1770 459 ille

981 468 1121 500 potentiam
1140 468 1263 502 perdidit,
1277 470 1324 496 sed
1340 478 1388 515 tios
1402 471 1434 498 ad
1452 473 1631 506 ptenitentiam
1650 483 1770 504 reserva-

979 512 1025 539 vit.
1045 512 1195 540 Timeamus
1206 514 1214 529 ¹
1230 522 1293 550 ergo
1308 512 1450 550 justitiam,
1464 518 1539 552 cujus
1560 520 1768 550 misericordiam

978 556 1172 585 desideramus.
1185 559 1273 586 Parcit
1290 561 1359 587 enim
1374 562 1468 595 modo,
1491 563 1537 590 sed
1555 572 1606 591 non
1622 571 1707 593 tacet:
1722 568 1768 595 sed

978 607 1004 629 ct
1022 604 1044 630 si
1063 608 1140 636 Iacet,
1156 612 1208 632 non
1228 613 1333 640 semper
1347 608 1452 634 tacebit.
1466 609 1611 637 Audiamus
1629 619 1693 646 ergo
1707 621 1768 640 cum

978 647 1040 675 dum
1056 657 1107 676 non
1126 654 1194 677 tacet
1212 651 1237 677 in
1252 657 1393 685 praecepto,
1409 653 1430 679 si
1447 654 1569 681 volumus
1583 659 1611 682 ut
1621 656 1697 683 nobis
1711 665 1770 691 par-

977 698 1037 726 cat,
1052 701 1112 720 cum
1127 702 1179 721 non
1201 696 1311 723 tacuerit
1327 697 1352 723 iu
1372 697 1482 731 judicio.
1505 699 1582 727 Modo
1601 702 1672 728 enim
1693 703 1771 730 nobis

980 744 1143 774 prmrogatur
1161 740 1352 774 misericordia,
1367 747 1428 770 tunc
1441 751 1454 769 a
1474 744 1550 771 nobis
1560 748 1680 781 exigetur
1690 747 1768 781 justi.

979 784 1024 817 tia,
1038 789 1064 811 et
1079 785 1170 812 reddet
1191 787 1330 821 unicuique
1345 788 1491 816 secundum
1503 798 1583 825 op"ra
1597 799 1661 824 sua;
1678 799 1708 819 ac
1723 792 1770 819 ﬁet

978 829 1040 856 illud
1058 831 1129 864 quod
1140 830 1283 865 Apostolus
1297 832 1362 860 dixit
1371 853 1377 864 .
1391 832 1520 861 Judicium
1533 835 1587 862 sine
1600 837 1769 865 misericordia

977 874 1015 901 illi
1027 875 1070 910 qui
1080 883 1128 915 non
1141 875 1198 909 fecit
1209 877 1422 904 misericordiam”
1434 878 1533 913 (Jacobi
1547 888 1574 912 ιι,
1589 881 1644 915 l3).

1216 941 1329 970 SERMO
1348 943 1439 971 XLV‘
1455 943 1503 981 (α).

978 995 1015 1023 De
1033 1004 1062 1022 eo
1082 997 1149 1031 quod
1162 997 1188 1023 in
1210 997 1292 1029 Isaia,
1307 1006 1364 1032 cap.
1382 1007 1445 1031 Lvn,
1463 1001 1506 1033 l3,
1522 1002 1641 1036 scriptum
1656 1008 1701 1035 est,
1715 1004 1766 1038 Qui

1012 1045 1099 1068 autem
1108 1041 1191 1069 dediti
1203 1047 1280 1070 erunt
1287 1043 1350 1070 mibi
1361 1044 1381 1076 ',
1390 1045 1561 1079 possidebunt
1574 1051 1682 1079 terram.
1690 1053 1716 1075 et
1725 1049 1750 1076 in
1757 1064 1768 1070 -

1012 1085 1044 1112 ba
1049 1086 1166 1113 bitabunt
1178 1092 1292 1114 montem
1302 1093 1422 1115 sanciunt
1435 1096 1535 1116 meum.
1545 1090 1578 1117 Et
1594 1092 1626 1118 de
1634 1092 1766 1128 Αρσειοισ,

1013 1131 1066 1158 llas
1078 1139 1142 1166 ergo
1158 1132 1348 1167 promissioncs
1361 1133 1501 1168 habentes,
1517 1135 1675 1171 cbarissimi,
1692 1147 1769 1165 mun-

1012 1177 1106 1204 demus
1121 1185 1169 1204 nos
1180 1177 1214 1205 ab
1227 1179 1299 1206 omni
1314 1179 1531 1214 coinquinatione
1546 1183 1635 1211 carnis
1647 1187 1674 1210 et
1689 1185 1769 1219 spiri-

1012 1226 1065 1255 tus,
1082 1222 1247 1257 perticientes
1259 1224 1497 1253 sanctiﬁcationem
1512 1226 1538 1253 in
1554 1227 1648 1255 timore
1664 1228 1718 1256 Dei.
1736 1228 1768 1263 (ιι

1012 1267 1069 1294 Cor.
1085 1276 1130 1301 vn,
1144 1268 1189 1304 1.)
1553 1277 1562 1281 ·

1019 1334 1043 1360 l.
1071 1333 1169 1361 Divina?
1192 1335 1371 1363 misericordiw
1395 1337 1553 1364 tribuendum
1578 1339 1646 1374 quod
1671 1348 1766 1375 appor-

976 1383 1034 1406 tune
1061 1380 1179 1406 acciderit
1196 1380 1266 1407 nulla
1290 1382 1418 1408 hominum
1441 1391 1511 1409 cura.
1537 1383 1564 1411 ιιι
1587 1386 1709 1412 omnibus
1728 1387 1767 1413 le-

976 1424 1126 1460 ctionibus,
1140 1433 1205 1461 quas
1227 1427 1349 1454 recitatos
1370 1428 1528 1461 audivimus,
1542 1429 1563 1456 si
1584 1431 1769 1459 animadvertit

977 1470 1097 1498 Charitas
1118 1477 1204 1499 vestra
1224 1473 1333 1507 primam
1353 1473 1493 1501 lectionem
1513 1475 1586 1502 lsaite
1606 1478 1741 1511 prophetm
1758 1498 1765 1510 ,

976 1516 1035 1550 quia
1042 1517 1128 1543 omnia
1136 1524 1193 1551 qua:
1199 1517 1266 1544 lecta
1276 1523 1336 1544 sunt
1343 1526 1391 1545 nec
1398 1519 1550 1546 mcminissu
1558 1528 1605 1548 nec
1611 1521 1698 1549 dicere
1707 1531 1769 1557 pns-

976 1567 1086 1593 sumus,
1100 1561 1311 1589 recentissimum
1332 1562 1447 1590 arbitror
1465 1564 1581 1591 residere
1602 1564 1719 1600 potuisse
1740 1567 1766 1594 in

976 1607 1100 1634 cordibus
1109 1607 1213 1641 vestris,
1225 1616 1277 1642 quo
1290 1609 1525 1638 conclusitLector
1540 1619 1546 1637 :
1564 1611 1614 1643 Qui
1626 1618 1708 1639 autent
1722 1614 1767 1640 tle-

977 1652 1022 1679 diti
1033 1654 1093 1680 mihi
1104 1660 1186 1687 erunt,
1198 1655 1358 1690 possidebunt
1369 1661 1472 1690 terram,
1485 1663 1506 1684 et
1515 1658 1687 1686 inhabitabuut
1697 1669 1768 1687 utan-

977 1703 1024 1725 tem
1037 1705 1150 1726 sanctum
1163 1708 1255 1727 meum.
1272 1701 1371 1728 Deinde
1384 1703 1505 1729 ascendit
1517 1704 1661 1737 apostolica
1674 1705 1725 1731 lect
1735 1713 1767 1736 ο,

977 1749 1003 1771 t-t
1018 1745 1077 1771 inde
1090 1746 1169 1780 cmpit
1184 1754 1189 1772 :
1206 1745 1262 1773 Has
1275 1754 1333 1781 ergo
1344 1748 1520 1781 promissione;
1531 1748 1656 1781 habentes,
1671 1750 1767 1776 charis-

977 1790 1043 1822 simi,
1055 1791 1201 1817 mandemus
1211 1799 1256 1817 nos
1266 1791 1296 1816 ab
1308 1792 1375 1817 omni
1383 1792 1584 1826 coinquinatione
1592 1794 1674 1820 carnis
1684 1799 1706 1820 cl
1717 1795 1769 1829 spi-

977 1835 1050 1868 ritus,
1064 1835 1217 1869 perﬁcit-uta
1227 1836 1448 1869 sancti/irationem
1459 1836 1484 1862 in
1496 1837 1583 1863 liotore
1597 1837 1654 1864 Dri.
1668 1838 1769 1865 Procu-

978 1885 1052 1908 rante
1062 1881 1149 1907 divina
1164 1881 1354 1914 misericordia,
1369 1890 1428 1916 qua:
1439 1890 1485 1909 nos
1497 1882 1574 1917 regit,
1586 1889 1610 1911 et
1621 1892 1679 1919 qute
1694 1885 1769 1913 nobis

977 1926 1154 1954 esurientibus
1166 1934 1241 1954 escas
1255 1932 1395 1963 prmparat,
1407 1935 1459 1954 non
1473 1928 1557 1956 solum
1569 1936 1710 1964 corporum
1724 1939 1767 1958 rc-

978 1970 1163 2004 ticiendorum,
1177 1976 1284 2007 propter
1298 1980 1364 2007 quas
1376 1973 1441 2000 oriri
1455 1973 1517 2000 facit
1529 1975 1611 2002 solem
1625 1983 1705 2010 super
1719 1976 1768 2003 bo-

977 2023 1027 2043 nos
1045 2021 1071 2044 et
1086 2017 1186 2048 malos,
1204 2021 1232 2043 ct
1251 2017 1316 2051 pluit
1330 2025 1409 2053 super
1424 2018 1511 2054 justus
1524 2024 1550 2047 et
1572 2020 1700 2054 injustas;
1721 2021 1769 2049 sed

978 2062 1056 2088 ctiam
1075 2065 1182 2096 propter
1197 2061 1292 2088 famem
1306 2062 1393 2091 cordis
1407 2064 1506 2098 nostri,
1520 2072 1598 2100 quam
1614 2066 1727 2100 patimur
1742 2068 1768 2094 in

978 2105 1027 2133 hac
1041 2113 1132 2134 eremo
1142 2127 1149 2139 ,
1164 2112 1190 2133 et
1203 2107 1331 2134 morimur
1341 2128 1349 2141 ,
1365 2108 1414 2135 nisi
1428 2117 1523 2136 manna
1542 2110 1613 2145 pluat
1627 2119 1633 2137 :
1651 2119 1768 2139 mensam

979 2161 1042 2188 ergo
1054 2161 1129 2181 suam
1150 2154 1226 2181 nobis
1241 2160 1405 2189 pra-parante
1426 2156 1547 2190 Domino,
1563 2158 1633 2185 nulla
1655 2157 1770 2185 humana

980 2197 1104 2225 industria
1119 2205 1287 2234 procurante,
1303 2200 1373 2235 quod
1385 2201 1440 2235 ipse
1451 2202 1534 2233 novit.
1555 2202 1652 2230 factum
1669 2207 1726 2235 est,
1744 2209 1771 2230 ut

979 2250 1008 2270 se
1020 2244 1145 2271 lectiones
1158 2244 1196 2271 sic
1210 2250 1394 2279 sequerentur,
1408 2252 1436 2273 ut
1452 2247 1480 2273 in
1493 2247 1558 2274 Isaia
1571 2249 1771 2283 promitteretur

978 2287 1056 2315 nobis
1067 2289 1179 2324 aliquid,
1195 2290 1221 2316 in
1238 2290 1366 2324 Apostolo
1385 2296 1473 2319 autem
1489 2291 1631 2325 diceretur,
1645 2292 1699 2320 llus
1711 2302 1772 2329 ergo

981 2334 1158 2368 promissione:
1179 2334 1314 2368 habentes,
1328 2336 1486 2368 rltarim'mi,
1509 2337 1656 2364 mundanus
1676 2346 1721 2365 nos
1739 2339 1772 2365 ab

979 2379 1047 2405 omni
1059 2379 1259 2414 coinquinatione
1275 2381 1358 2407 carnis
1376 2386 1398 2407 ct
1417 2381 1529 2415 spiritus,
1543 2382 1698 2415 per/icimur;
1710 2391 1771 2409 tan-

980 2424 1155 2459 ctiﬁcationcm
1165 2426 1190 2451 in
1202 2426 1289 2452 timore
1301 2424 1363 2458 Dci;
1376 2426 1450 2460 quasi
1464 2433 1514 2452 una
1530 2426 1607 2453 lectio
1620 2432 1689 2454 esset
1707 2427 1770 2454 [ἰο-

981 2470 1067 2505 pheta:
1077 2474 1103 2497 et
1115 2470 1244 2504 Apostoli.
1259 2469 1325 2502 Quid
1338 2470 1411 2496 enim
1422 2470 1458 2496 ait
1469 2470 1632 2504 Apostolus?
1648 2469 1701 2497 llas
1713 2479 1774 2506 ergo

981 2515 1156 2551 promissione;
1169 2514 1301 2546 habentes,
1317 2515 1458 2542 charissimi
1472 2522 1482 2542 :
1499 2519 1526 2543 et
1548 2515 1585 2542 ibi
1603 2522 1655 2542 non
1675 2522 1715 2543 est
1729 2517 1771 2542 tli-

981 2564 1051 2588 ctum
1064 2567 1131 2595 quas
1148 2559 1336 2595 promissione:
1346 2581 1353 2593 ,
1368 2568 1419 2587 non
1440 2560 1500 2595 quia
1515 2568 1568 2587 non
1583 2561 1616 2588 ibi
1631 2566 1691 2587 sunt
1704 2571 1709 2592 ;
1725 2563 1772 2589 sed

1015 2640 1024 2655 θ
1035 2640 1071 2664 sic
1081 2643 1130 2664 Am.
1144 2643 1170 2665 et
1180 2643 1234 2665 uss.
1246 2643 1283 2664 Er.
1297 2646 1355 2665 vero
1368 2644 1393 2665 et
1407 2644 1472 2670 ων..
1486 2645 1622 2667 nummus.

1014 2671 1097 2703 fusis,
1110 2670 1148 2696 his
1156 2670 1198 2703 qui
1212 2677 1259 2696 non
1270 2670 1369 2703 fecerunt
1380 2670 1580 2703 ηήεεῖίεοτάίαηι.

1016 2702 1026 2717 ³
1048 2705 1073 2725 tn
1094 2701 1193 2726 Possidii
1219 2701 1340 2733 lodicula,
1363 2708 1416 2733 cap.
1436 2702 1468 2733 8,
1488 2703 1531 2733 Qui
1561 2707 1641 2728 autem
1668 2704 1773 2731 urrirnt

983 2732 1154 2788 magis
1173 2763 1275 2788 hu'usee
1297 2764 1392 2788 unicum
1408 2764 1532 2795 exemplar
1548 2764 1652 2790 vidimus
1669 2768 1709 2790 Its.
1722 2766 1771 2791 (λιιι

983 2794 1107 2818 bertinum
1118 2801 1172 2818 cum
1184 2772 1289 2818 editione
1300 2795 1367 2818 sirm.

983 2794 1107 2818 bertinum
1118 2801 1172 2818 cum
1184 2794 1289 2819 editione
1300 2795 1367 2818 sirm.

1017 2834 1053 2865 (tt)
1070 2834 1140 2864 Alias,
1154 2833 1182 2858 t2
1193 2840 1224 2858 ex
1236 2833 1412 2860 simondianis.
