3938 6186
422 251 531 311 963

423 367 544 438 quia
567 379 670 420 non
698 362 820 419 inde
841 360 1000 431 cmpit
1022 358 1184 413 lector
1209 374 1219 407 :
1250 365 1303 410 et
1325 365 1567 424 tanquam
1594 352 1863 424 qumrebat
1882 350 2000 439 ani-

427 472 545 512 mus
570 454 825 510 auditoris
844 494 857 517 ,
888 451 954 506 de
983 449 1173 519 quibus
1212 443 1651 516 promissionibus
1689 442 1829 498 dicat
1857 444 2003 512 Apo-

429 549 618 613 stolus,
666 545 778 599 Has
818 557 935 613 ergo
980 537 1333 611 promissionrs
1379 536 1642 600 habentes,
1686 531 1999 595 charissimi,

424 638 720 692 mandemus
744 649 834 687 nos
859 631 921 685 ab
941 631 1077 685 ainni
1096 627 1497 697 coinquinatione
1518 625 1684 678 carnis
1709 633 1754 679 et
1773 624 1997 694 spiritus.

424 729 663 798 Magnum
693 725 831 779 enim
860 722 1125 794 negotium
1158 720 1311 776 nobis
1337 717 1644 788 imponitur,
1675 726 1729 772 et
1755 732 1857 770 non
1883 730 2002 785 par-

424 834 521 872 vus
547 816 715 879 labor,
746 812 1001 868 mundare
1029 826 1126 866 nos
1165 812 1232 865 ab
1261 810 1402 864 onmi
1432 807 1857 878 coinquinatione
1882 823 2000 862 car-

424 909 507 963 nis
534 916 589 962 et
623 905 840 975 spiritus
864 906 963 957 :’ct
999 917 1155 957 nemo
1184 900 1403 970 suscipit
1438 898 1580 953 hunc
1609 897 1868 963 laborem,
1900 895 2001 952 nisi

423 998 603 1054 audiat
642 994 1009 1067 promissionis
1051 991 1372 1053 mercedem.
1410 988 1543 1044 Cum
1599 1004 1726 1058 ergo
1767 987 2001 1043 laborem

424 1089 781 1147 mundationis
823 1087 1000 1143 carnis
1041 1093 1095 1139 et
1140 1084 1354 1155 spiritus
1392 1096 1549 1137 nemo
1587 1080 1869 1151 suscipiat,
1901 1079 2002 1134 nisi

426 1182 644 1253 praemio
672 1179 947 1243 invitatus;
979 1174 1159 1230 nescio
1193 1172 1459 1244 quomodo
1486 1171 1680 1226 factum
1706 1179 1873 1237 estut
1898 1169 2001 1225 Le-

426 1285 541 1329 ctor
570 1270 638 1326 ab
666 1270 952 1324 indictione
978 1266 1177 1321 laboris
1215 1264 1489 1334 inciperet,
1516 1273 1570 1319 et
1593 1279 1623 1317 a
1656 1262 2003 1332 promissione

426 1363 686 1419 mercedis
712 1375 816 1415 non
849 1359 1125 1428 inciperet.
1150 1355 1254 1412 Sed
1285 1356 1423 1410 Deus
1446 1354 1612 1408 noluit
1640 1350 1878 1406 fraudare
1904 1366 2002 1405 au-

422 1452 649 1507 ditorem
685 1453 962 1504 intentum.
993 1445 1047 1504 Si
1075 1446 1207 1501 forte
1238 1444 1512 1500 dubitabat
1545 1443 1811 1513 suscipere
1850 1442 2001 1497 labo-

427 1560 538 1598 rem
567 1539 922 1596 mundationis
951 1536 1127 1593 carnis
1155 1546 1207 1591 et
1244 1535 1458 1607 Spiritus
1476 1575 1491 1601 ,
1520 1534 1606 1604 qui
1635 1549 1739 1588 non
1764 1532 2005 1588 audierat

426 1633 746 1696 mercedem,
770 1637 941 1684 armet
969 1644 1028 1683 se
1048 1625 1113 1681 ad
1143 1625 1459 1697 principium
1489 1623 1729 1679 lectionis
1748 1622 2001 1701 apoStoli-

424 1739 501 1775 ea:
532 1739 544 1773 :
577 1720 952 1790 promissioucs
980 1726 1154 1770 autem
1181 1714 1224 1770 si
1248 1714 1456 1784 quaerit,
1488 1712 1725 1768 attendat
1749 1710 1815 1766 ad
1845 1711 2002 1766 ﬁnem

427 1812 669 1867 lectionis
705 1809 1047 1881 prophetica.
1074 1805 1177 1862 Ubi
1206 1807 1346 1860 enim
1387 1805 1555 1859 ﬁnivit
1591 1803 1895 1874 prephetica
1925 1803 2002 1857 lc-

425 1906 562 1967 ctio,
593 1902 662 1957 ibi
701 1910 784 1955 est
821 1898 1102 1970 promissio
1131 1912 1145 1949 :
1175 1896 1318 1951 unde
1344 1895 1505 1966 erepit
1542 1893 1780 1966 Apostoli
1811 1893 1966 1948 lectio
1985 1933 1999 1959 ,

427 1993 496 2047 ibi
519 2001 603 2047 est
627 1990 805 2060 operis
831 1989 1067 2044 indictio.

497 2083 552 2137 2.
583 2080 894 2152 Cupiditates
920 2094 1020 2132 non
1044 2077 1309 2147 ﬁniuntur,
1330 2077 1419 2132 sed
1442 2085 1706 2147 augentur,
1728 2075 1773 2129 si
1786 2091 2003 2145 praesen-

429 2176 500 2228 tia
531 2180 733 2243 prapter
758 2180 979 2224 terrenas
1010 2168 1364 2240 promissiones
1391 2176 1790 2221 contemnantur.
1818 2166 2004 2236 Eriga-

428 2280 548 2319 tnus
568 2277 697 2333 ergo
725 2275 846 2326 nos,
884 2269 936 2314 et
965 2257 1282 2314 mttndemus
1309 2257 1378 2313 ab
1404 2256 1552 2312 omni
1578 2255 2006 2326 coinquinatione

428 2355 609 2409 carnis
636 2362 690 2408 et
717 2351 932 2421 spiritus
952 2390 968 2415 ,
1000 2347 1097 2402 has
1124 2345 1504 2417 promissiones
1548 2345 1823 2400 habentes.
1865 2344 2008 2412 Quas

428 2441 840 2516 promissiones?
863 2440 959 2505 Qui
983 2450 1148 2493 autem
1172 2437 1295 2491 mihi
1309 2436 1467 2490 dediti
1488 2446 1649 2502 erant,
1672 2435 1800 2491 dicit
1827 2436 2005 2491 Domi-

433 2551 533 2589 nus
575 2549 671 2603 per
708 2532 895 2586 Isaiam
921 2572 934 2595 ,
968 2529 1285 2598 possidebunt
1314 2537 1494 2581 terram
1515 2566 1532 2593 ,
1576 2537 1624 2581 et
1661 2527 2008 2582 inhabitabant

431 2635 649 2679 montem
683 2630 909 2676 sanetum
943 2635 1123 2674 meum.
1160 2617 1268 2673 llas
1297 2633 1414 2689 ergo
1444 2617 1794 2688 promissiones
1819 2617 2008 2672 haben-

431 2729 524 2783 tes,
551 2714 850 2769 mandemus
876 2728 967 2765 nos
995 2711 1055 2765 ab
1080 2711 1214 2764 omni
1234 2708 1632 2781 coinquinatione
1649 2709 1817 2764 carnis
1836 2719 1883 2764 et
1898 2711 2007 2780 spi-

430 2808 578 2862 ritus.
602 2805 737 2860 Dicit
764 2803 955 2874 aliquis
980 2820 991 2855 :
1021 2801 1087 2856 Et
1110 2810 1388 2871 propterea
1414 2816 1499 2856 me
1525 2800 1789 2857 mundabo
1809 2815 1838 2856 a
1858 2801 2008 2857 coin-

430 2896 739 2968 quinatione
765 2893 942 2948 carnis
966 2902 1021 2947 et
1058 2892 1294 2962 spiritus,
1326 2899 1384 2945 ut
1408 2891 1706 2962 possideam
1733 2900 1926 2948 terram
1954 2900 2008 2946 et

436 2987 729 3043 inhabilem
769 2982 1046 3039 montem?
1076 2981 1265 3036 Procul
1298 2980 1461 3036 dubio
1500 2982 1840 3053 quaerendum
1884 2982 2007 3053 quid

432 3076 536 3135 sibi
562 3077 674 3131 vult
695 3074 961 3145 possessio
985 3081 1142 3127 terra:
1169 3060 1222 3127 ἐι
1243 3074 1438 3128 montis
1459 3072 1712 3128 habitatio
1741 3089 1755 3127 :
1783 3089 1851 3129 nc
1875 3071 2009 3128 forte

433 3174 649 3239 aperent
676 3164 938 3227 homines,
966 3162 1099 3216 latas
1124 3162 1490 3233 possessiones
1516 3177 1577 3218 se
1603 3175 1933 3235 accepturos,
1957 3173 2010 3218 et

435 3275 541 3315 non
568 3258 751 3313 ﬁniant
777 3255 1140 3326 cupiditatem,
1176 3253 1268 3309 sed
1299 3253 1578 3318 diﬁ'erant;
1609 3254 1715 3309 imo
1748 3266 2005 3325 augeant,

433 3361 482 3405 et
516 3355 857 3404 contemnant
893 3359 1072 3416 parva,
1102 3351 1346 3414 putantes
1380 3358 1437 3399 se
1463 3344 1531 3399 de
1559 3345 1673 3417 ipso
1700 3360 1898 3416 genere
1923 3360 2012 3401 ac-

432 3450 681 3512 cepturos
701 3453 818 3495 esse
844 3438 1063 3508 majora.
1095 3437 1223 3502 Quis
1238 3436 1379 3491 enim
1406 3452 1510 3490 non
1527 3445 1832 3491 contemnat
1852 3452 2008 3492 unam

432 3532 762 3594 centuriam,
802 3530 845 3584 si
897 3529 970 3584 illi
1010 3527 1346 3599 promittatur
1387 3527 1510 3598 quia
1555 3542 1894 3597 possessurus
1930 3538 2013 3584 est

434 3623 690 3679 centum?
721 3622 825 3677 Aut
847 3619 965 3690 quis
994 3634 1098 3673 non
1124 3625 1428 3674 contemnat
1446 3617 1661 3674 delicias
1680 3618 1834 3674 unius
1856 3635 2012 3690 pran-

436 3713 530 3778 dii,
558 3712 695 3768 l‘orte
724 3709 1050 3784 pauperioris
1069 3718 1123 3764 et
1152 3709 1467 3779 lrugalioris,
1495 3710 1539 3765 si
1565 3708 1770 3765 dicatur
1790 3711 1837 3765 ei
1864 3728 1876 3764 :
1899 3708 2011 3765 Nisi

436 3813 488 3859 te
516 3802 839 3858 continueris
859 3841 874 3866 ,
906 3816 1011 3855 non
1048 3799 1229 3855 venies
1256 3798 1321 3853 ad
1365 3799 1507 3853 illam
1548 3813 1756 3854 comam
1785 3798 2014 3854 lautissi-

432 3909 576 3949 mam
598 3902 650 3947 et
677 3891 944 3961 opimam?
970 3890 1069 3957 Qui
1090 3888 1166 3944 sic
1189 3890 1460 3944 continent
1478 3902 1506 3942 a
1536 3887 1846 3959 quibusdam
1879 3904 2014 3959 pra:-

439 3985 678 4040 sentibus
698 4025 713 4049 ,
743 3995 845 4038 non
875 3981 1062 4036 ﬁniunt
1086 3979 1398 4050 cupiditates
1419 3981 1458 4031 ί.
1498 3979 1758 4035 Timendo
1790 3994 1855 4035 ne
1893 3994 2015 4050 per-

438 4076 564 4130 dant
591 4073 730 4145 quod
760 4071 987 4143 amplius
1025 4069 1365 4135 desiderant,
1403 4085 1465 4124 ea
1499 4085 1617 4141 qure
1654 4069 1860 4124 minora
1891 4078 2014 4124 sunt

435 4175 811 4228 contemnunt;
844 4165 954 4232 ipsa
980 4169 1063 4216 est
1092 4169 1268 4216 tamen
1301 4159 1576 4231 cupiditas.
1619 4158 1882 4231 Numquid
1909 4174 2014 4215 non

436 4266 519 4311 est
560 4268 773 4319 avarus,
801 4253 891 4322 qui
916 4251 1207 4306 contemnit
1232 4261 1442 4306 centum
1481 4250 1660 4317 folles,
1693 4251 2014 4321 utacquirat

440 4346 624 4405 mille?
659 4345 773 4400 Non
815 4343 911 4397 tibi
948 4342 1190 4397 videatur
1221 4342 1330 4411 jam
1361 4341 1541 4397 ﬁnisse
1566 4343 1861 4411 avaritiam,
1893 4342 2013 4413 quia

441 4436 689 4513 invenisti
719 4449 838 4489 cum
861 4440 1287 4489 contemnentem
1317 4431 1469 4487 folles
1494 4443 1727 4488 centum.
1755 4433 1898 4491 Mille
1920 4448 2014 4490 co-

440 4529 588 4596 gitat,
621 4524 741 4579 ideo
769 4533 979 4579 ecntum
1007 4523 1325 4592 contempsit
1356 4522 1454 4594 (a).
1478 4523 1610 4577 Sunt
1635 4523 1897 4592 homines,
1924 4524 2015 4596 qui

437 4614 803 4680 obsequuntur
822 4610 1132 4679 plerumque
1150 4608 1367 4663 senibus
1389 4607 1526 4663 ﬁlios
1545 4623 1649 4663 non
1676 4608 2011 4678 habentibus,

436 4713 493 4760 ct
518 4709 863 4758 contemnunt
882 4701 934 4758 in
964 4701 1065 4755 illis
1091 4700 1274 4769 multa,
1296 4698 1389 4755 sed
1419 4698 1616 4770 majora
1644 4715 1711 4756 ex
1736 4700 1861 4771 ipsis
1895 4717 2017 4772 spe-

438 4802 579 4850 rant.
615 4791 749 4847 lstos
786 4789 1159 4847 misericordes
1199 4800 1468 4860 putamus,
1500 4806 1566 4845 an
1594 4791 1851 4862 cupidos?
1891 4791 2016 4849 Ideo

441 4886 558 4958 plus
598 4883 888 4955 probantur
926 4882 1017 4937 ﬁlii
1050 4892 1336 4954 pauperum
1357 4923 1371 4949 ,
1416 4882 1626 4954 quando
1654 4883 2017 4956 obsequuntur

438 4978 749 5051 parentibus
788 4976 1138 5049 pauperibus;
1180 4976 1301 5046 quia
1341 4975 1508 5046 pietas
1544 4975 1663 5031 illos
1698 4977 1876 5045 ducit,
1910 4993 2014 5033 non

443 5085 666 5126 merces.
689 5069 809 5125 Filii
839 5078 1014 5123 autem
1044 5064 1265 5122 divitum
1301 5067 1511 5139 quando
1535 5068 1897 5139 obsequuntur
1926 5084 2017 5140 pa-

440 5163 678 5218 rentibus
699 5162 828 5225 suis,
850 5175 953 5215 non
974 5160 1225 5230 probatur
1244 5159 1431 5229 pietas,
1454 5168 1508 5215 et
1526 5161 1568 5215 si
1591 5170 1692 5228 est,
1714 5160 1871 5217 latet:
1894 5161 2015 5231 quia

440 5253 566 5308 etsi
593 5249 801 5307 videtur
828 5266 857 5303 a
882 5250 1010 5314 Deo,
1043 5250 1111 5304 ab
1145 5249 1448 5305 hominibus
1469 5250 1634 5306 videri
1672 5267 1777 5306 non
1821 5261 2011 5323 potest.

441 5343 591 5399 Adeo
614 5350 669 5399 et
704 5341 803 5413 ipsi
841 5349 1090 5412 parentes
1126 5341 1263 5395 male
1295 5342 1585 5396 sentientes
1618 5343 1926 5414 plerumque
1949 5342 2016 5399 de

507 5516 524 5549 ‘
550 5523 599 5567 ιιι
619 5515 897 5584 comesam
916 5521 1033 5584 ἰε-ο.
1064 5510 1350 5584 mm
1377 5515 1692 5581 cupiditates;
1713 5516 1828 5584 alia
1860 5520 2016 5579 maio-

441 5588 516 5626 res
544 5584 659 5643 sum
669 5575 969 5643 cupiditates,
996 5575 1204 5643 timendi)
1224 5590 1303 5639 ne,
1322 5585 1419 5643 etc.

503 5643 579 5698 (ut
615 5638 709 5688 τω.
730 5638 894 5688 ῖιιωτ.
920 5639 970 5687 in
991 5638 1111 5689 Psal.
1137 5638 1215 5700 43,
1239 5653 1288 5690 tt.
1317 5639 1391 5707 16,
1416 5646 1468 5692 et
1492 5640 1609 5693 Psal.
1633 5641 1714 5707 86,
1737 5655 1784 5694 ιι.
1807 5644 1857 5696 9.

1654 240 1712 294 S.
1754 234 2120 296 AUGUSl'INI
2159 234 2459 291 EPISCOPI

2110 349 2230 402 ﬁliis
2257 348 2390 415 suis,
2419 362 2540 402 cum
2570 355 2749 419 putant
2780 345 2900 417 quia
2921 353 3139 417 propter
3160 346 3435 416 pecuniam
3457 346 3559 404 illis
3584 351 3681 408 ob-
3778 366 3787 371 θ

2104 448 2399 511 sequuntur
2424 439 2516 495 ﬁlii
2555 441 2638 496 sui
2658 481 2674 507 ,
2704 454 2826 494 cum
2856 438 3104 509 echdiat
3130 439 3415 509 aliquando
3446 439 3562 495 ﬁliis
3587 459 3676 498 ee-

2107 546 2223 584 rutn
2252 539 2307 585 ut
2325 530 2724 600 emancipcntur
2741 543 2770 583 a
2790 529 3117 601 parentibus,
3137 529 3298 600 exigit
3318 528 3452 585 forte
3470 531 3675 602 aliquod

2105 621 2443 677 commodum
2470 636 2686 676 uxorem
2716 621 2993 687 ducturus,
3019 629 3110 676 aut
3137 622 3482 691 perveniendi
3502 623 3565 676 ad
3582 625 3676 679 ali—

2104 730 2263 784 quem
2291 714 2580 782 honorem,
2621 725 2678 769 ut
2721 713 2920 769 donent
2966 714 3040 769 illi
3084 729 3169 770 res
3195 728 3351 780 suas,
3382 726 3437 769 et
3462 713 3672 771 dicunt:

2104 804 2219 860 Non
2248 805 2486 871 donabo;
2510 821 2630 860 nam
2651 805 2758 874 jam
2785 821 2891 860 non
2913 804 3040 859 mihi
3064 804 3440 876 obsequetur'.
3461 804 3675 874 Qualem

2104 898 2423 954 sententiam
2445 897 2563 952 tulit
2584 895 2655 953 de
2680 897 2789 952 lilio
2815 912 2931 963 suo,
2962 897 3083 967 quia
3104 896 3170 952 ad
3193 897 3469 967 pecuniam
3493 897 3568 953 illi
3587 898 3678 953 ob-

2106 989 2365 1059 sequitur,
2388 1005 2491 1043 non
2512 988 2790 1043 attendens
2812 997 3082 1057 paternam
3099 986 3448 1043 charitatem?
3471 987 3526 1042 Si
3554 1004 3678 1061 ergo

2109 1081 2262 1135 times
2303 1097 2370 1134 ne
2397 1088 2611 1150 accepta
2653 1079 2873 1150 pecunia
2908 1092 3015 1133 non
3047 1077 3137 1132 tibi
3174 1077 3497 1150 obsequatur
3544 1078 3677 1134 ﬁlius

2109 1180 2248 1236 tuus,
2273 1185 2377 1224 non
2400 1178 2482 1224 est
2506 1169 2748 1224 amabilis
2766 1168 2955 1238 pietas.
2978 1168 3073 1224 sed
3100 1169 3316 1223 venalis.
3341 1170 3549 1236 Quanto
3570 1184 3677 1224 me-

2108 1260 2209 1314 lior
2225 1258 2365 1313 ﬁlius
2383 1259 2650 1329 pauperis,
2671 1258 2808 1313 ﬁlius
2828 1257 3112 1329 aliquando
3129 1259 3271 1314 senis
3286 1260 3570 1314 mrumnosi
3591 1262 3611 1291 ²
3627 1269 3676 1315 ct

2106 1349 2339 1419 egentis,
2371 1349 2460 1418 qni
2494 1344 2627 1403 nihil
2655 1356 2970 1418 chpectans
3016 1363 3044 1401 a
3076 1358 3225 1418 patre
3264 1362 3392 1415 suo,
3424 1350 3543 1419 quia
3573 1365 3674 1404 non

2108 1438 2269 1493 habet
2297 1438 2435 1508 quod
2463 1437 2510 1494 ci
2540 1437 2795 1502 dimittat,
2825 1438 3093 1493 laboribus
3118 1446 3171 1493 ct
3203 1453 3438 1492 aerumna
3473 1434 3676 1493 sudoris

2109 1531 2275 1602 pascit
2302 1539 2502 1600 patrem
2527 1529 2722 1585 suum?
2749 1529 3047 1601 Aliquando
3070 1538 3124 1585 et
3152 1528 3482 1583 ﬁliidivitum
3512 1539 3677 1585 atten-

2106 1624 2294 1678 dentes
2333 1621 2576 1675 timorem
2622 1620 2712 1676 Dei
2735 1662 2749 1684 ,
2783 1637 2886 1674 non
2928 1621 3051 1691 quia
3079 1630 3387 1690 exspectant
3414 1619 3610 1692 aliquid
3648 1637 3677 1673 a

2108 1712 2413 1784 parentibus
2440 1712 2552 1767 suis
2571 1753 2587 1779 ,
2614 1711 2708 1767 sed
2735 1711 2855 1783 quia
2882 1720 3126 1780 parentes
3152 1720 3275 1765 sunt
3301 1719 3355 1765 et
3385 1722 3680 1783 genuerunt

2107 1813 2162 1858 et
2187 1803 2563 1869 educaverunt,
2599 1813 2653 1857 et
2678 1801 2818 1856 Deus
2842 1801 3091 1871 prmcepit
3119 1800 3325 1889 dicens,
3348 1799 3568 1883 lienam
3587 1819 3678 1872 pa-

2109 1903 2232 1948 trem
2261 1904 2398 1947 tuum
2423 1901 2468 1948 et
2502 1902 2709 1946 matrem
2728 1900 2864 1944 luant
2887 1889 3079 1964 (Exod.
3115 1907 3205 1957 xx,
3239 1880 3502 1963 ideo
3527 1892 3680 1949 obse-

2108 1997 2338 2057 quuntur
2366 2006 2379 2041 :
2407 1986 2498 2043 sed
2525 1986 2653 2043 latet
2682 1986 2932 2052 allectus,
2969 1985 3057 2041 ubi
3083 1978 3409 2059 propositum
3434 1998 3513 2043 est
3548 2004 3683 2061 pra:-

2109 2078 2294 2133 mium.
2336 2077 2417 2134 Eo
2456 2086 2633 2133 autem
2670 2077 2755 2132 isti
2794 2078 3120 2148 acceptiores
3155 2087 3279 2134 sunt
3313 2080 3452 2150 apud
3485 2080 3680 2147 Deum,

2107 2169 2229 2239 quia
2252 2177 2481 2226 mentem
2506 2167 2740 2239 ipsorum
2766 2183 2869 2223 non
2892 2154 3111 2240 possunt
3138 2169 3318 2226 videre
3337 2170 3606 2241 homines,
3632 2184 3686 2230 et

2110 2260 2251 2315 Deus
2277 2258 2422 2315 solus
2442 2259 2604 2325 videt,
2635 2274 2734 2315 nec
2766 2258 2966 2315 laudari
2994 2260 3062 2314 ab
3085 2259 3388 2318 hominibus
3413 2250 3681 2335 possunt:

2110 2349 2246 2404 sicut
2264 2349 2365 2405 Job
2393 2350 2479 2420 qui
2513 2349 2723 2405 colebat
2774 2349 2960 2404 Deum.
3011 2349 3337 2407 Putaverunt
3386 2352 3531 2409 enim
3578 2352 3688 2411 dato

2110 2453 2296 2494 mones
2329 2439 2467 2511 quod
2514 2447 2728 2510 propter
2770 2438 3067 2495 mercedem
3103 2428 3304 2497 coleret
3346 2440 3538 2499 Deum.
3586 2432 3686 2501 Ubi

2110 2537 2287 2583 autem
2319 2528 2568 2599 probatus
2594 2540 2675 2585 est
2698 2531 2818 2600 quia
2848 2531 3011 2600 gratis
3035 2532 3273 2588 coleret?
3297 2532 3427 2601 Quia
3468 2516 3689 2604 perditis

2110 2617 2359 2674 omnibus
2381 2617 2531 2686 dixit,
2563 2620 2809 2673 Dominus
2841 2619 2999 2688 dedit,
3021 2618 3270 2676 Dominus
3305 2622 3544 2688 abstulit;
3564 2626 3696 2680 sicut

2112 2710 2332 2767 Domino
2358 2712 2581 2783 placuit,
2602 2713 2675 2766 ita
2694 2716 2882 2784 factum
2901 2721 2975 2769 est
2995 2714 3097 2770 :sit
3117 2730 3294 2770 nomen
3313 2714 3520 2772 Domini
3540 2716 3687 2772 bene-

2111 2804 2299 2858 dictum
2328 2801 2449 2869 (Job
2472 2819 2519 2868 ι,
2550 2803 2663 2876 2i).

2186 2899 2241 2954 5.
2259 2898 2540 2969 Scriptura:
2585 2897 2796 2953 obscura
2837 2882 2948 2952 loca
2967 2913 3029 2952 et:
3056 2896 3179 2952 locis
3200 2897 3318 2955 aliis
3342 2897 3532 2970 apertis
3572 2886 3689 2956 διιό-

2117 2999 2363 3044 urantur.
2394 2990 2570 3057 Quare
2610 2990 2706 3045 ista
2735 2988 2865 3054 disi,
2894 2987 3124 3046 fratres?
3143 2989 3274 3056 Quia
3318 2990 3559 3061 quotidie
3586 3008 3687 3048 non

2117 3088 2258 3137 tacet
2327 3079 2597 3151 Scriptura
2655 3079 2957 3148 monere',
3010 3089 3069 3135 ut
3120 3080 3429 3150 temporalia
3501 3090 3678 3138 conte-

2116 3180 2378 3235 mnentes,
2410 3180 2608 3224 :eterna
2640 3168 2921 3240 diligamus
2949 3186 2964 3223 :
2995 3162 3104 3224 non
3124 3177 3261 3224 tacet
3289 3170 3463 3224 omnis
3491 3172 3682 3243 pagina

2115 3260 2289 3315 divina
2337 3261 2478 3332 loqui
2526 3260 2695 3327 nobis,
2742 3259 3023 3331 aliquando
3070 3273 3271 3332 aperte,
3299 3262 3589 3334 aliquando
3641 3265 3691 3322 in

2096 3351 2370 3422 mysterio
2397 3350 2641 3407 obscure.
2674 3349 2779 3406 Sed
2806 3365 2964 3406 nemo
2992 3350 3220 3406 fraudari
3251 3368 3309 3407 se
3334 3362 3503 3423 putet,
3536 3370 3692 3427 quan-

2116 3441 2187 3496 do
2213 3440 2437 3496 obscure
2466 3442 2656 3511 pagina
2699 3440 2874 3496 divina
2912 3440 3165 3510 loquitur.
3195 3441 3295 3498 Ulii
3323 3442 3391 3498 ad
3418 3452 3470 3500 te
3523 3445 3693 3516 prodit

2116 3532 2363 3585 voluntas
2396 3531 2515 3595 Dei,
2536 3529 2643 3585 hoc
2672 3539 2753 3586 est
2782 3532 2869 3584 ubi
2895 3539 3078 3601 aperta
3105 3541 3206 3594 est,
3236 3531 3307 3587 ibi
3338 3532 3482 3587 illam
3509 3535 3690 3607 dilige,

2119 3621 2187 3674 ibi
2220 3622 2358 3675 illam
2376 3636 2517 3687 ama,
2543 3619 2757 3692 quando
2798 3632 2981 3690 aperte
3004 3630 3203 3676 monet.
3230 3620 3298 3676 Et
3337 3624 3510 3693 qualis
3530 3634 3611 3680 est
3643 3629 3690 3681 in

2116 3725 2321 3783 aperto,
2341 3713 2456 3767 talis
2480 3721 2561 3767 est
2585 3714 2635 3767 in
2656 3713 2912 3779 obscuro;
2935 3712 3103 3784 qualis
3123 3724 3203 3768 cst
3231 3715 3281 3767 in
3308 3715 3441 3780 sole,
3470 3717 3595 3772 talis
3613 3728 3696 3772 est

2118 3805 2169 3858 in
2199 3805 2402 3859 umbra.
2430 3803 2607 3858 Talem
2637 3803 2775 3857 illam
2797 3803 3033 3873 sequaris
3054 3802 3096 3869 ⁵,
3122 3802 3168 3859 si
3193 3804 3348 3859 talem
3373 3804 3516 3859 illam
3542 3806 3689 3878 legis.

2117 3897 2411 3953 Obscurum
2437 3905 2519 3951 est
2565 3896 2728 3960 enim,
2759 3903 2815 3949 ut
2839 3895 2968 3963 dixi,
2997 3892 3278 3950 Possidebit
3304 3905 3509 3963 terram,
3538 3908 3585 3953 et
3614 3900 3694 3952 in-

2119 3987 2359 4041 Iiabitabit
2384 3996 2599 4041 montem
2652 3995 2883 4040 sanctum
2929 4002 3109 4040 nteant.
3135 3985 3267 4041 Nam
3315 3986 3361 4042 si
3411 3990 3695 4044 carnaliter

2117 4080 2429 4150 accipimus,
2451 4095 2556 4134 non
2584 4092 2685 4134 nos
2712 4077 3081 4134 mandabimus
3106 4080 3174 4132 ab
3200 4080 3344 4133 omni
3375 4079 3692 4152 coinquina-

2121 4172 2265 4227 tione
2291 4170 2466 4226 carnis
2490 4180 2542 4225 et
2561 4170 2779 4240 spiritus
2811 4186 2825 4237 ;
2856 4178 2910 4225 et
2936 4170 3051 4225 sine
3074 4184 3235 4225 causa
3266 4171 3419 4226 nobis
3444 4186 3695 4243 procura-

2120 4267 2194 4320 vit
2222 4266 2367 4321 Deus
2387 4265 2546 4320 ﬁnem
2564 4265 2806 4321 lectionis
2845 4263 3170 4334 prophetica:
3198 4254 3544 4335 conjunctum
3574 4281 3692 4321 cum

2122 4359 2378 4430 principio
2402 4356 2642 4413 lectionis
2663 4356 2988 4427 apostolicre,
3017 4356 3061 4411 si
3089 4356 3695 4428 propterpossidendum

2122 4460 2356 4506 montem
2382 4461 2652 4506 terrenum
2677 4447 2742 4503 ad
2757 4447 3028 4502 avaritiam
3060 4463 3158 4503 nos
3181 4462 3568 4518 prteparamus,
3591 4463 3697 4503 non

2123 4544 2189 4600 ad
2218 4544 2488 4614 pietatem.
2520 4541 2626 4598 Sed
2647 4541 2771 4612 quid
2799 4541 3056 4598 debemus
3091 4542 3388 4612 intelligere
3439 4544 3699 4598 montem!

2121 4633 2415 4690 Obscurum
2442 4641 2525 4689 est
2544 4631 2669 4703 quid
2704 4631 2897 4687 dixerit
2943 4642 3196 4688 montem.
3223 4632 3327 4688 Sed
3356 4634 3399 4688 si
3429 4632 3698 4689 deserui»

2121 4736 2201 4781 set
2229 4739 2324 4779 nos
2353 4724 2514 4789 Deus,
2546 4737 2803 4792 nusquam
2829 4731 3010 4793 aperte
3037 4723 3237 4779 diceret
3266 4723 3391 4793 quid
3421 4723 3491 4778 sit
3519 4739 3697 4780 mons.

2122 4815 2221 4872 Ubi
2261 4824 2435 4870 autem
2459 4813 2584 4868 dicit
2625 4822 2826 4883 aperte,
2858 4812 2927 4868 ibi
2957 4828 3074 4867 ama
3103 4823 3358 4868 montem.
3392 4812 3488 4869 Ubi
3515 4823 3701 4882 aperte

2184 4974 2201 5006 ι
2227 4972 2301 5023 sic
2320 4970 2444 5028 legit
2463 4971 2594 5021 hunc
2616 4968 2772 5020 locum
2815 4970 2951 5018 sum.
2973 4982 2986 5018 :
3009 4968 3138 5020 Adeo
3154 4974 3203 5019 et
3222 4967 3316 5028 ipsi
3332 4974 3551 5028 parcum
3572 4966 3707 5018 male

2119 5031 2323 5103 εεηιίιιειε
2344 5028 2622 5103 plasmate
2643 5030 2705 5081 de
2727 5028 2961 5103 suam
2976 5043 3127 5102 ’.εωη
3157 5036 3323 5091 eum
3346 5028 3703 5103 ,ςιξίαμορσςν

2119 5086 2369 5164 εςςιιηὶαιὶι
2381 5086 2808 5164 illisorka
2823 5090 2915 5156 [itii
2935 5086 3011 5144 sui
3033 5086 3178 5164 :
3197 5086 3702 5164 nemo,»
3788 5086 3793 5095 ¹

2118 5150 2245 5224 'ﬁliis_
2255 5167 2420 5206 eorum
2440 5162 2491 5224 ut
2512 5150 2868 5224 αηώιείρεηιιζτ
2890 5167 2921 5204 a
2941 5152 3234 5224 parantibus.
3263 5150 3432 5224 'an‘git
3462 5150 3590 5224 [ρῑσιεε
3610 5150 3701 5224 αξξ.

2120 5213 2245 5284 "quod
2269 5217 2568 5284 connttodum
2589 5213 2792 5284 uxorem
2812 5213 3064 5284 tincturus,
3084 5221 3168 5266 aut
3187 5213 3493 5284 perpetiendi
3511 5214 3577 5264 ad
3608 5213 3700 5284 ati-

2119 5275 2259 5343 ouem
2280 5276 2507 5343 honorem
2522 5316 2535 5337 ,
2562 5284 2613 5329 ut
2635 5277 2808 5343 donent
2828 5277 2904 5343 illi
2924 5291 3001 5329 res
3021 5275 3134 5330 suas
3152 5311 3168 5337 ,
3188 5275 3237 5328 et
3259 5277 3423 5328 dicunt
3450 5289 3467 5326 .'
3491 5284 3593 5327 non
3614 5275 3700 5324 do-

2119 5339 2269 5405 nabo,
2293 5352 2403 5405 nant
2416 5340 2528 5405 jam
2547 5352 2641 5390 non
2662 5339 2781 5405 mihi
2801 5339 3118 5405 οιθεεφιιενιιιν.Δ
3164 5347 3217 5389 ιι.
3614 5395 3625 5405 ο

2184 5403 2204 5434 ³
2223 5408 2288 5451 tta
2306 5399 2607 5452 Colbertinus
2626 5402 2800 5453 codex.
2824 5411 2881 5454 At
3221 5413 3347 5453 sem
3365 5399 3640 5451 minimest.

2185 5464 2205 5496 ³
2228 5464 2310 5513 Hic
2324 5463 2529 5526 aliisque
2550 5463 2670 5514 intra
2692 5463 2825 5525 locis,
2845 5466 2996 5516 verba
3027 5462 3256 5514 nonnulla
3283 5474 3394 5526 quae
3428 5462 3635 5526 luceant
3654 5459 3703 5506 in

2118 5525 2354 5599 Sirmondi
2375 5519 2587 5599 editione
2619 5519 2971 5592 praetenuissa,
2994 5519 3317 5578 restituuntur
3342 5538 3406 5576 ex
3428 5519 3708 5578 Catheer

2119 5596 2358 5639 manuseri
2375 5596 2459 5638 ito.

2187 5648 2209 5681 ‘
2233 5658 2311 5701 Its.
2424 5664 2459 5701 st

2187 5648 2209 5681 δ
2233 5658 2311 5702 διδ.
2338 5648 2652 5717 obsequeris.
