1969 3093
140 144 196 172 265

141 201 191 226 tibi
206 200 374 227 commendat
384 205 511 233 montem,
525 207 549 228 et
566 202 590 236 ip
605 210 619 229 a
643 203 778 238 Scriptura
805 211 833 232 se
850 206 934 240 aperit

139 245 205 279 quid
217 244 287 272 dicat
305 251 436 279 montem,
451 246 485 274 ibi
500 247 572 274 illmn
589 256 657 274 ama.
676 249 760 276 Etiam
774 250 818 277 ubi
839 251 931 278 audie-

141 291 181 317 ris
203 290 319 325 promitti
346 296 465 319 montem
489 292 576 322 talem,
592 292 664 319 illum
688 295 931 329 Sequerezqualem

138 337 233 363 amasti
247 336 272 363 in
292 342 398 372 aperto,
411 338 489 364 talem
504 336 626 373 intelligo
642 340 666 365 in
682 339 807 367 obscuro.
825 341 872 368 Ubi
886 349 933 376 pu—

139 386 226 407 tamus
237 380 338 408 dictum
355 387 475 415 montem,
501 387 528 408 ιιι
551 384 683 417 possimus
696 392 745 411 nos
759 386 886 413 nmndare
898 386 932 413 ab

138 428 210 454 omni
237 427 454 462 coinquinatione
467 429 554 455 carnis
580 433 605 456 et
627 430 757 464 spiritus?
772 431 836 465 Quis
856 439 931 459 mons

137 474 215 501 nobis
231 475 379 508 promissus
397 474 460 503 est?

173 521 198 548 ι.
228 521 310 548 Terra
335 519 475 549 Viventium
502 523 572 550 nobis
594 523 726 558 promissa.
751 524 839 552 Primo
861 530 928 552 terra

133 567 221 601 qualis
234 568 312 595 nobis
327 569 489 603 promittitur
501 570 616 597 sciamus
627 591 634 601 ,
647 577 726 604 quam
741 571 930 606 suspiratquo-

127 602 193 638 ’ὠπιι
209 613 270 640 loco
287 602 417 648 propheta
440 614 532 646 David,
546 620 572 642 ct
587 602 666 642 dicit-2
680 615 746 649 Spes
772 602 826 642 nica
845 602 879 642 ες.
890 621 926 647 tu,

132 659 217 691 portio
230 667 284 684 utea
297 659 323 685 in
344 663 412 685 terra
426 660 578 695 ιιὶυιιιιὶυυι(
598 660 667 688 Psal.
679 669 748 694 cxu,
764 662 780 689 6
796 662 815 697 ).
833 662 927 689 Procul

131 702 215 729 dubio
235 711 298 738 ergo
312 708 352 730 est
376 704 498 738 quaedam
526 710 595 732 terra
623 707 779 739 viventium,
794 707 854 742 quia
876 707 926 734 ista

130 752 203 774 terra
220 749 390 775 morientium
407 753 458 776 est.
473 749 526 776 Aut
535 750 556 776 si
569 750 665 785 aliquis
686 751 712 777 in
729 751 778 778 ista
793 755 861 778 terra
878 759 926 778 na-

127 796 252 819 Meretur
265 793 314 819 uisi
331 793 483 826 moriturus,
496 801 548 821 non
563 794 663 822 dicere!
688 795 759 822 illam
774 800 870 823 terram
886 796 925 823 vi-

126 837 261 870 ventium,
278 838 327 865 nisi
353 846 510 873 comparans
525 840 601 867 istam
627 845 724 867 terram
742 845 769 868 et
788 841 925 868 inveniens

126 889 186 908 eam
199 887 299 910 terram
319 891 379 911 esse
405 885 584 912 morientium.
601 886 647 913 Est
669 893 733 921 ergo
747 890 817 914 terra
833 888 924 914 viven—

127 929 193 955 tium
209 937 216 954 τ
231 936 293 956 nam
307 936 368 957 cum
380 935 478 957 mterna
494 936 518 958 et
542 931 660 959 ctelestis
674 931 719 965 sit,
737 936 806 959 terra
828 932 923 960 dicitur

124 973 186 1007 quia
202 971 365 1007 possidetur,
380 982 432 1002 non
446 975 506 1010 quia
521 981 620 1002 aratur.
634 976 719 1003 llabct
729 977 798 1003 enim
814 985 922 1011 posses-

125 1026 215 1045 sorem
243 1019 302 1046 sine
319 1019 408 1047 labore
425 1029 430 1046 ε
448 1020 508 1055 quia
535 1024 562 1047 et
577 1021 625 1047 ista
641 1028 824 1056 possessorem
845 1029 921 1049 suum

124 1070 234 1091 exercet
246 1065 272 1092 in
283 1065 384 1098 labore,
400 1070 429 1093 et
450 1066 574 1101 fatigatio
591 1067 695 1093 timore.
712 1067 780 1100 Quid
795 1067 840 1094 tibi
853 1067 920 1095 dici-

127 1111 193 1138 tur?
208 1111 307 1147 Surge,
321 1119 367 1139 ara
380 1116 487 1145 terram,
498 1117 527 1139 ut
544 1113 629 1147 possis
643 1112 741 1141 habere
757 1113 826 1141 unde
836 1114 919 1141 vivas.

123 1156 158 1184 Et
171 1157 239 1184 velis
254 1158 333 1188 nolis,
347 1165 457 1193 gemens
470 1163 496 1185 ct
510 1159 646 1193 suspirans
661 1159 758 1193 surgis,
779 1164 806 1187 et
823 1167 919 1194 opera-

123 1203 179 1234 ris;
194 1203 258 1239 quia
278 1204 399 1238 sequitur
429 1209 455 1232 te
479 1205 609 1232 sententia
625 1205 741 1232 damnati
765 1206 848 1234 Adam
864 1216 870 1233 :
886 1206 920 1233 In

122 1248 299 1276 laboravimus
307 1250 343 1275 tui
355 1250 412 1277 edes
424 1259 515 1285 partem
527 1255 600 1277 tuum
612 1250 621 1286 (
633 1250 696 1278 Gen.
711 1259 749 1284 ut,
762 1252 793 1279 l9
807 1251 829 1287 ).
846 1252 912 1280 Cum

120 1299 209 1320 autem
227 1294 365 1321 transierit
378 1297 465 1322 omnis
488 1295 562 1322 labor
588 1300 615 1322 ct
639 1297 762 1330 gemitus,
776 1297 876 1325 erimus
893 1298 917 1325 in

121 1342 190 1365 terra
204 1339 364 1366 viventium.
378 1340 450 1367 Nihil
465 1340 499 1368 ibi
525 1341 643 1368 nascitur
662 1346 689 1369 et
706 1343 803 1370 crescit
818 1352 825 1370 :
842 1344 919 1378 quid-

119 1383 181 1418 quid
201 1383 238 1410 ibi
253 1389 307 1415 est,
321 1385 415 1412 eodem
430 1386 507 1412 modo
521 1390 572 1419 est,
584 1386 622 1413 sic
636 1391 677 1414 est
695 1394 803 1422 semper
819 1388 837 1414 ‘.
860 1389 916 1416 Non

119 1428 152 1455 ibi
164 1429 300 1456 alternant
315 1429 400 1456 hiems
413 1434 440 1457 et
453 1435 542 1463 testas,
559 1439 610 1457 uox
625 1436 651 1458 et
663 1431 729 1459 dies.
743 1433 791 1460 llic
799 1434 915 1460 semina-

119 1478 169 1506 tur,
184 1479 214 1501 ut
242 1474 278 1502 ibi
304 1480 435 1508 metatur;
459 1476 480 1503 si
510 1481 596 1503 tamen
622 1478 780 1505 seminatur.
796 1479 862 1512 Quis
876 1485 917 1507 est

118 1520 189 1546 enim
204 1520 251 1555 qui
277 1521 391 1547 sr-minat
406 1522 457 1553 hic,
473 1527 500 1548 ut
516 1521 550 1548 ibi
564 1523 668 1549 melat?
685 1522 734 1555 Qui
748 1528 839 1558 erogat.
851 1531 915 1558 pau-

117 1564 237 1598 peribus.
261 1564 387 1600 ἵει-οεδιὶο
409 1567 568 1601 pauperibus
592 1568 730 1595 seminatio
744 1573 784 1595 est
797 1569 821 1596 in
834 1574 913 1597 terra.

116 1610 222 1637 Semina
238 1611 293 1641 hic,
303 1616 329 1638 et
341 1612 374 1638 ibi
386 1612 504 1639 invenies
513 1620 628 1639 messem
641 1622 648 1640 :
660 1618 752 1641 testate
767 1622 818 1642 non
838 1622 913 1643 seea-

117 1660 168 1687 tur,
184 1661 211 1682 ut
226 1661 345 1683 trnseat
358 1664 366 1689 ;
381 1656 426 1684 sed
442 1662 468 1684 et
480 1657 666 1691 manducatur,
680 1663 709 1686 et
732 1667 792 1686 cum
813 1661 910 1695 gaudio

117 1706 266 1734 permanet.
284 1701 322 1728 Ibi
335 1702 514 1737 enimjustitia
525 1703 665 1738 saginaris.
678 1702 760 1731 Terra
774 1705 817 1732 illa
831 1705 911 1734 habet

116 1753 210 1778 panem
227 1754 317 1773 suum.
342 1747 406 1780 Quis
427 1752 468 1775 est
483 1747 533 1774 iste
555 1748 656 1783 panis?
677 1749 727 1782 Qui
740 1747 791 1777 huc
809 1751 869 1779 inde
879 1752 912 1779 ad

117 1798 164 1817 nos
176 1792 248 1818 venit
263 1800 270 1818 :
294 1790 351 1827 Ego
374 1800 439 1824 sum,
462 1792 555 1828 inquit,
568 1794 641 1828 punis
654 1794 722 1821 vivus
744 1796 788 1830 qui
800 1797 830 1822 tle
850 1797 912 1823 caelo

115 1837 235 1863 deuatdi
245 1838 254 1871 (
265 1836 345 1863 Joan.
361 1845 400 1870 vn,
414 1838 445 1865 5t
462 1837 482 1873 ).
494 1838 585 1871 Qualis
600 1844 641 1866 est
653 1839 701 1866 istc
716 1840 815 1875 panis?
839 1841 911 1869 Beati

115 1883 159 1915 qui
172 1883 290 1910 aurium
303 1888 325 1909 et
341 1883 426 1910 sitiunt
449 1883 587 1919 justitiam,
610 1886 729 1920 quoniam
742 1886 792 1920 ipsi
812 1892 909 1914 satura-

115 1928 208 1954 lnumtr
221 1928 328 1963 (.llattlt.
344 1937 370 1962 v,
382 1928 427 1964 6).

149 1973 176 2001 5.
193 1973 273 2000 Non:
285 1973 400 2001 Christus
413 1979 437 2001 et
456 1971 582 2002 Ecclesia.
594 1976 751 2003 Audivimus
765 1985 858 2012 panem
875 1979 910 2006 de

115 2024 184 2046 terra
199 2019 255 2051 illa,
266 2019 406 2047 audiamus
416 2024 445 2048 et
461 2026 588 2048 montem.
606 2019 798 2057 ln/mbitabwit,
814 2024 907 2059 inquit,

113 2065 138 2091 in
152 2070 241 2092 monte
266 2070 355 2093 sancto
374 2073 438 2093 utea.
462 2066 529 2094 Puto
548 2068 619 2095 cnim
639 2068 788 2096 invenimus
812 2069 838 2097 in
858 2071 908 2098 alia

113 2116 204 2137 sancta
218 2110 367 2145 Scriptura,
382 2112 443 2146 quia
457 2119 536 2139 mons
548 2117 575 2139 et
589 2113 646 2148 ipse
656 2114 779 2142 Christus
788 2120 839 2142 est.
853 2115 905 2149 Qui

111 2160 152 2182 est
165 2156 254 2190 pztnis,
271 2156 328 2190 ipse
352 2161 393 2183 est
419 2161 446 2184 et
459 2165 535 2184 mons
552 2167 557 2183 :
575 2159 620 2185 sed
645 2159 730 2193 panis,
744 2160 805 2195 quia
825 2161 908 2194 pascit

114 2200 264 2227 Ecclesiam
279 2209 286 2232 ;
314 2209 391 2228 mons
400 2207 500 2235 autem,
510 2203 570 2238 quia
585 2211 682 2239 corpus
694 2204 752 2239 ejus
764 2210 804 2232 est
813 2205 906 2233 Eccle-

110 2245 159 2271 sia.
178 2245 236 2280 Ipsa
249 2246 368 2273 Ecclesia
384 2252 426 2274 est
441 2255 517 2274 mons
534 2257 540 2274 :
561 2253 588 2275 et
603 2249 664 2283 quid
678 2254 720 2276 (Erl
739 2250 795 2284 ipsa
813 2251 906 2280 Eccle-

110 2289 149 2316 sia
163 2290 175 2316 ?
198 2290 305 2325 Corpus
329 2290 437 2318 Christi.
452 2292 575 2327 Atljuuge
590 2293 625 2319 illi
642 2298 731 2328 caput,
756 2300 783 2322 et
796 2295 824 2322 Iit
838 2304 904 2323 unus

110 2334 201 2362 homo.
218 2336 306 2371 Caput
316 2341 343 2363 et
359 2344 467 2372 corpus,
484 2346 552 2364 unus
566 2338 654 2365 homo.
669 2339 751 2374 Caput
772 2341 832 2374 quis
843 2342 904 2369 est?

111 2381 159 2407 llic
169 2381 215 2416 qui
231 2387 308 2408 natus
325 2387 366 2409 est
377 2382 411 2409 de
424 2383 525 2418 virgine
547 2384 638 2416 Maria,
654 2385 698 2419 qui
712 2387 828 2421 suscepit
843 2394 903 2415 car-

108 2434 169 2453 nem
185 2427 326 2454 mortalem
340 2427 397 2454 sine
412 2433 530 2462 peccato,
541 2429 584 2463 qui
598 2437 613 2456 τι
627 2429 727 2463 ,Ιυάιείε
740 2438 836 2464 caesus,
853 2432 901 2459 Ila-

107 2472 237 2505 gellatus,
264 2477 454 2507 contemptus,
474 2473 636 2507 crucilixus;
657 2476 700 2510 qui
726 2476 836 2504 traditus
860 2484 902 2505 est

106 2524 130 2550 pi
138 2522 216 2551 optcr
229 2517 326 2544 delicta
337 2523 437 2550 nostra,
452 2524 479 2545 et
488 2520 633 2547 resurrexit
649 2526 757 2555 propter
768 2522 899 2556 justilica-

106 2562 207 2589 tionem
227 2569 356 2590 nostram.
375 2564 432 2598 Ipse
449 2570 491 2592 est
511 2572 590 2601 caput
607 2567 741 2600 Ecclesiae,
753 2568 810 2602 ipse
826 2571 898 2603 panis

103 2608 136 2635 dc
152 2609 198 2635 illa
224 2614 307 2636 terra.
332 2610 436 2645 Corpus
450 2617 537 2638 autem
552 2612 610 2646 ejus
627 2613 697 2647 quod
711 2615 772 2641 est?
795 2615 896 2649 Coujmt

103 2656 172 2689 ejus,
187 2655 212 2682 id
228 2661 269 2683 est
285 2657 414 2684 Eccl-sla.
438 2657 521 2685 Erunt
539 2659 609 2686 enim
633 2659 683 2686 duo
696 2660 721 2687 in
735 2669 810 2687 carne
835 2670 895 2688 una.

103 2702 300 2729 Sacramentlm
310 2703 356 2730 Lac
366 2711 485 2738 magnum
498 2710 539 2732 est,
550 2712 560 2732 :
573 2713 618 2740 ego
628 2710 712 2732 anteiit
720 2707 776 2733 dico
786 2707 811 2733 in
824 2707 894 2734 Citri-

102 2753 138 2775 vo
153 2754 178 2775 et
192 2750 217 2775 in
229 2748 343 2776 Ecclesia
357 2749 463 2785 (Epiros.
478 2758 503 2782 v,
518 2751 547 2777 51
562 2756 584 2777 et
597 2751 655 2787 52).
672 2752 716 2779 Sic
729 2758 755 2779 et
769 2753 895 2780 Dominus

101 2792 127 2819 ἱιι
143 2794 298 2829 Evangelia,
315 2802 377 2822 cum
388 2796 421 2822 dc
437 2796 493 2823 \iro
502 2801 528 2823 et
540 2796 573 2824 de
586 2805 667 2825 uxore
678 2798 777 2826 diceret
791 2808 797 2825 :
814 2798 895 2835 Igitur

130 2849 139 2865 ¹
148 2849 304 2875 Colbertinus
315 2854 366 2878 κε..
377 2851 412 2875 sic
423 2855 457 2877 est
466 2851 642 2883 sempiternam.

191 2898 329 2928 ΡΑτῐιοιη
352 2893 529 2931 XXXVIII.

849 148 961 179 SEIIMO
982 151 1060 180 XLV.

1727 168 1779 196 ΜΘ

982 207 1040 242 jam
1062 216 1112 236 non
1124 215 1181 236 sunt
1196 211 1256 243 duo,
1278 213 1322 239 Sed
1339 222 1388 241 una
1403 223 1461 243 caro
1474 217 1483 252 (
1498 217 1589 247 Matth.
1607 229 1663 255 χιι,
1675 223 1718 258 6).
1733 224 1778 252 Er-

987 260 1021 286 go
1036 261 1116 281 unum
1139 256 1221 283 voluit
1243 265 1302 285 esse
1330 258 1463 289 hominem
1481 264 1562 291 Deum
1589 256 1723 296 Christum
1750 276 1778 298 et

988 297 1144 327 [-Icclesiam.
1159 300 1193 328 lbi
1206 308 1295 336 caput,
1307 309 1333 330 ct
1345 304 1387 332 hic
1409 309 1536 336 membra.
1552 310 1640 340 Noluit
1653 322 1773 352 resurgo-

987 352 1015 371 re
1030 353 1089 372 cum
1103 347 1239 379 membris,
1254 350 1299 376 sed
1311 356 1372 379 ante
1385 355 1514 388 membra,
1529 357 1691 387 uthaberent
1704 347 1771 397 quod

985 396 1123 424 sperarent
1152 393 1280 421 membra.
1304 395 1355 423 Sed
1380 398 1439 425 idco
1453 401 1519 428 mori
1534 393 1721 440 voluitcaput,
1744 413 1771 435 ut

989 436 1062 469 prius
1071 443 1221 473 resurgeret
1233 447 1326 475 caput;
1345 444 1416 477 prius
1432 446 1470 473 ire
1489 447 1514 474 in
1531 450 1628 477 cmlum
1642 436 1731 487 caput.
1748 459 1773 482 ut

985 481 1011 509 in
1023 484 1109 517 capite
1122 492 1170 512 suo
1181 493 1255 520 spem
1271 488 1398 517 haberent
1413 497 1507 519 czctera
1534 496 1664 531 membra,
1675 481 1714 526 ‘et
1727 508 1772 527 ex-

986 534 1139 562 spectarent
1150 531 1251 566 impleri
1265 541 1325 569 erga
1341 542 1370 562 se
1385 537 1453 571 quod
1465 540 1627 572 praemissum
1639 547 1680 570 est
1693 544 1717 571 in
1731 553 1772 572 ca-

983 573 1046 607 pite.
1060 574 1128 607 Quid
1143 577 1213 603 enim
1225 585 1291 612 opus
1303 580 1478 609 cratChristo
1501 585 1579 616 mori,
1605 587 1691 615 Verbo
1716 590 1773 623 Dei,

983 624 1028 651 per
1042 620 1111 653 quod
1128 621 1192 648 facta
1202 627 1263 649 sunt
1276 625 1374 658 omnia,
1390 626 1423 653 de
1436 636 1489 662 quo
1503 629 1598 658 dicitur
1612 641 1617 658 :
1640 632 1673 659 In
1697 620 1772 668 prin;

981 663 1047 697 cipio
1069 671 1121 691 erat
1148 666 1263 699 l’crbmn,
1289 674 1312 697 et
1345 671 1450 699 Verbum
1471 680 1522 701 erat
1542 677 1612 711 apud
1635 663 1724 712 Domit,
1748 688 1772 708 et

980 706 1051 734 Deus
1064 714 1116 735 emt
1131 710 1238 738 Verbum
1253 721 1262 739 .·
1278 715 1362 741 omnia
1378 725 1423 751 per
1436 718 1517 753 ipsum
1529 706 1596 756 facta
1605 731 1662 750 sunt
1673 725 1681 760 (
1691 724 1771 754 Joan.

980 760 998 784 l,
1015 754 1040 786 l,
1051 754 1067 781 5
1080 754 1111 789 )?
1135 756 1167 783 Et
1181 760 1353 794 cruciﬁgitur,
1376 768 1402 789 et
1416 754 1552 799 irridetur,
1566 772 1593 795 ει
1606 754 1696 798 lancea
1709 779 1772 807 per-

978 801 1085 831 cutitur,
1102 806 1127 828 et
1141 803 1286 837 sepelitur;
1303 811 1329 833 et
1344 808 1431 835 omnia
1450 818 1498 844 per
1514 811 1599 847 ipsum
1611 815 1679 843 facta
1692 801 1765 845 sunt.

979 843 1030 871 Sed
1041 846 1101 879 quia
1114 847 1235 882 dignatus
1250 856 1289 877 est
1303 859 1361 879 esse
1376 855 1599 892 caputEcclesite,
1612 859 1767 896 desperaret

977 889 1010 916 dc
1021 897 1049 916 se
1065 891 1182 920 Ecclesia
1198 896 1259 929 quia
1279 904 1433 933 resurgeret
1447 902 1466 933 ’,
1481 903 1502 929 si
1527 894 1629 932 videret
1643 889 1703 942 qhia
1717 917 1769 936 non

977 937 1164 965 rcsurrcxisset
1185 946 1273 975 caput.
1290 942 1445 972 ltesurrcxit
1458 954 1522 981 ergo
1536 955 1624 984 caput,
1643 937 1669 979 et
1681 954 1767 982 visum
1792 966 1795 967 ν

976 985 1013 1007 est
1032 989 1171 1018 resurgere
1199 992 1286 1020 caput.
1310 987 1400 1016 Primo
1413 998 1427 1017 a
1442 992 1598 1022 mulieribus
1618 997 1766 1033 visum'cst,

975 1031 1000 1053 et
1013 1029 1160 1072 nuntiatum
1181 1035 1222 1059 est
1236 1033 1309 1060 viris.
1332 1035 1428 1063 Prima:
1443 1039 1568 1067 mulieres
1584 1042 1706 1072 viderunt
1726 1029 1768 1073 rc;

974 1069 1125 1124 surgentem
1137 1074 1288 1110 Dominum,
1300 1084 1327 1105 et
1340 1079 1516 1116 Evangelistis
1539 1069 1638 1113 futuris?
1653 1089 1767 1124 Aposto~

974 1116 1029 1144 lisa
1041 1119 1194 1147 mulieribus
1212 1122 1383 1158 Evangelium
1410 1130 1593 1158 annuutiatum
1607 1138 1656 1166 est,
1673 1116 1700 1162 et
1717 1144 1765 1170 per

974 1162 1098 1190 mulieres
1112 1164 1162 1192 illis
1175 1166 1295 1195 Christus
1305 1171 1485 1199 annuntiatus.
1504 1162 1676 1210 Evangeliuin
1690 1162 1760 1207 enim

974 1206 1054 1234 latine
1077 1209 1161 1236 bonus
1175 1212 1281 1239 nuntius
1296 1219 1346 1241 est.
1359 1216 1408 1249 Qui
1421 1224 1508 1252 grmce
1519 1228 1662 1255 noverunt.
1674 1226 1761 1254 sciunt

978 1252 1040 1287 quid
1060 1254 1095 1281 sit
1114 1255 1294 1292 Evangelium.
1311 1260 1484 1297 Evangelium
1500 1272 1563 1301 ergo
1586 1252 1670 1297 bonus

973 1298 1033 1326 tius.
1049 1300 1116 1333 Quid
1141 1306 1193 1329 tam
1220 1304 1318 1332 bonum
1346 1307 1466 1335 nuntium
1492 1298 1634 1345 possumus
1658 1298 1758 1346 dicere.

970 1351 1048 1394 quam
1063 1346 1124 1380 quia
1138 1349 1282 1378 resurrexit
1296 1350 1418 1380 Salvator
1427 1359 1518 1383 uoster
1531 1365 1538 1390 ;
1562 1364 1608 1386 aut
1621 1361 1683 1395 quid
1703 1370 1761 1391 ma-

966 1389 1011 1423 jus
1030 1390 1065 1438 illi
1094 1393 1260 1427 pra-dicaturi
1283 1403 1378 1431 erant,
1403 1407 1481 1434 quam
1495 1389 1566 1438 quod
1592 1389 1636 1433 cis.
1659 1389 1762 1438 feminae

969 1436 1247 1490 intutiaveruut‘IA-Sed
1271 1450 1352 1477 quare
1368 1444 1465 1473 femina
1483 1436 1613 1478 nuntiavit
1638 1453 1760 1490 Evange-

969 1479 1032 1507 lium
1045 1482 1056 1508 ‘?
1077 1482 1142 1517 Quia
1157 1492 1204 1519 per
1213 1485 1338 1515 feminam
1351 1498 1422 1518 mors
1431 1494 1573 1522 emendata
1587 1502 1638 1524 est.
1653 1479 1757 1529 Etetiiin

969 1525 1093 1553 feminam
1113 1530 1275 1558 nuntiantem
1299 1540 1411 1563 mortem
1434 1540 1570 1569 consolata
1594 1548 1635 1571 est
1661 1544 1758 1575 {culina

968 1572 1092 1621 nuntians
1105 1574 1196 1608 vitam,
1207 1577 1267 1611 quia
1279 1585 1381 1607 mortua
1392 1588 1451 1610 erat
1462 1586 1608 1621 propinans
1630 1596 1756 1620 mortem.

966 1614 1017 1644 Per
1031 1618 1154 1647 feminam
1170 1622 1341 1652 seductusest
1352 1627 1446 1662 Adam,
1462 1614 1490 1657 ut
1507 1614 1615 1661 caderet
1634 1636 1660 1663 in

967 1665 1019 1689 lem
1037 1672 1042 1689 :
1060 1672 1106 1698 per
1120 1665 1245 1695 feminam
1257 1673 1391 1699 nuntiatus
1405 1679 1446 1701 est
1456 1675 1588 1711 Christus,
1601 1680 1656 1714 jam
1672 1665 1758 1711 resur-

965 1714 1029 1741 gens
1043 1716 1095 1736 non
1111 1712 1263 1740 moriturus.
1280 1715 1325 1743 Sic
1339 1722 1365 1744 et
1375 1726 1424 1747 nos
1436 1719 1515 1749 t‘uturi
1526 1712 1619 1751 sumus
1632 1734 1756 1763 resurge-

966 1761 1004 1786 re,
1017 1759 1043 1782 et
1055 1756 1156 1784 erimus
1168 1767 1244 1786 IIIOIIS
1255 1767 1362 1789 sanctus
1377 1764 1432 1791 Dei.
1447 1766 1473 1793 In
1489 1767 1540 1796 hoc
1550 1777 1641 1799 monte
1655 1756 1755 1802 habitat

964 1800 1007 1853 qui
1019 1800 1123 1853 deditus
1135 1807 1175 1829 est
1189 1805 1251 1832 Deo.
1270 1806 1319 1838 Qui
1333 1813 1416 1835 autem
1437 1812 1499 1838 nti/ti
1508 1814 1588 1841 dediti
1601 1823 1682 1850 erunt,

964 1845 1075 1872 sidebant
1083 1852 1186 1881 terram,
1198 1854 1220 1876 et
1230 1850 1402 1880 inhabitabant
1413 1861 1521 1884 montem
1530 1864 1643 1887 sanctum
1653 1845 1754 1896 ;

1008 1895 1121 1938 est,,non
1137 1895 1260 1922 recedent
1270 1897 1303 1924 ab
1319 1899 1447 1928 Iicclesia.
1468 1902 1546 1931 Modo
1559 1890 1750 1938 laboremus

963 1934 1093 1985 Ecclesia,
1116 1943 1207 1972 postea
1232 1940 1448 1974 lmercditabimus
1461 1947 1620 1979 Eeclosiam.

962 1981 1033 2008 enim
1047 1982 1080 2009 ibi
1089 1984 1140 2010 erit
1151 1985 1275 2020 gaudium
1289 1994 1408 2018 nostrum
1424 1994 1627 2029 sempiternum,
1641 1981 1747 2030 inutilia

961 2026 1061 2054 erimus
1072 2029 1121 2056 nisi
1140 2038 1316 2066 possessores,
1333 2043 1385 2062 non
1401 2026 1491 2066 autem
1506 2040 1698 2072 laborabimus.

996 2072 1022 2098 6.
1052 2072 1183 2105 Quomodo
1206 2085 1277 2105 mons
1296 2078 1410 2108 Christus
1423 2087 1445 2109 et
1469 2083 1594 2114 Ecclesia.
1618 2089 1671 2117 Sed
1690 2093 1747 2118 evi-

960 2117 1054 2145 denter
1074 2119 1239 2149 inveniamus
1252 2124 1315 2151 alibi
1330 2131 1447 2155 montem
1472 2129 1549 2157 istum
1567 2141 1574 2159 :
1595 2141 1655 2161 nam
1670 2138 1746 2171 quasi

964 2162 984 2171 γ,
1016 2170 1020 2171 γ
1132 2165 1155 2171 ..
1242 2168 1256 2171 _

960 2162 1101 2191 obscurum
1114 2165 1225 2194 videtur.
1240 2168 1330 2197 Potest
1351 2172 1448 2207 aliquis
1470 2174 1560 2204 dicere
1575 2187 1582 2205 :
1598 2178 1647 2207 Ubi

961 2208 1101 2236 Ecclesia?
1115 2216 1141 2238 et
1155 2214 1261 2247 quando
1272 2223 1348 2244 mons
1358 2218 1498 2248 Christus?
1512 2227 1538 2249 et
1550 2226 1657 2259 quando
1671 2208 1749 2257 mons

958 2261 1053 2288 corpus
1065 2255 1180 2284 Christi?
1196 2259 1398 2291 Evidentissimc
1410 2265 1501 2294 Daniel
1511 2255 1574 2297 dicit
1591 2280 1597 2297 :
1612 2279 1691 2301 nemo
1706 2255 1748 2302 in:

957 2299 991 2353 de
1004 2299 1115 2328 dubitat.
1134 2303 1267 2333 Visioucm
1288 2307 1353 2335 vidit
1366 2309 1458 2339 Daniel
1473 2313 1548 2348 ;jam
1562 2299 1689 2353 numquid

957 2346 1028 2382 (liget
1049 2350 1219 2383 expositore?
1234 2352 1326 2380 Videat
1349 2352 1474 2386 Charitas
1493 2346 1599 2389 vestra.
1615 2346 1742 2396 thedam

957 2392 1035 2420 verba
1047 2393 1083 2421 ibi
1097 2394 1164 2423 forte
1179 2397 1298 2432 indigent
1310 2403 1486 2437 expositione,
1501 2414 1561 2440 quae
1587 2392 1743 2438 lll~l10mllltl

955 2440 1052 2468 Christi
1082 2443 1199 2476 exposita
1224 2446 1376 2479 aperientur
1398 2450 1483 2478 vobis.
1501 2452 1591 2481 Videte
1611 2456 1633 2482 si
1658 2462 1743 2490 potest

955 2485 1005 2512 dici
1015 2487 1063 2512 nisi
1075 2486 1108 2515 de
1118 2487 1243 2516 Christo“
1253 2489 1385 2523 l'idi,dixit
1402 2494 1503 2529 Daniel,
1519 2504 1542 2524 et
1553 2507 1608 2526 ecce
1619 2485 1686 2535 [ap-is
1696 2504 1743 2529 ab-

953 2531 1045 2557 scissus
1058 2532 1089 2557 de
1099 2538 1181 2560 tuante
1188 2536 1240 2561 sine
1249 2537 1372 2564 ntattibus.
1388 2539 1445 2567 Non
1461 2542 1510 2569 hoc
1520 2543 1596 2577 dixit,
1606 2531 1670 2573 Sine
1685 2556 1742 2576 tua~

954 2578 1030 2604 nibus
1042 2583 1099 2605 erat
1115 2579 1157 2606 ille
1174 2581 1240 2614 lapis
1256 2590 1262 2607 :
1280 2582 1326 2609 sed
1341 2585 1400 2612 sine
1411 2593 1492 2620 opere
1507 2588 1624 2618 humano
1645 2595 1739 2627 pra-ci-

952 2631 996 2648 sus
1013 2623 1078 2657 lapis
1090 2625 1123 2651 tle
1137 2632 1244 2659 monte;
1265 2636 1316 2655 non
1327 2623 1738 2674 humanmmanusaccesserunt,

953 2674 980 2695 ut
995 2669 1060 2704 lapis
1071 2670 1103 2697 de
1115 2677 1202 2699 monte
1216 2675 1413 2708 prtecideretur.
1427 2678 1503 2706 Novit
1516 2681 1638 2710 Charitas
1651 2669 1736 2714 vestra

950 2715 1009 2749 quia
1024 2723 1075 2743 non
1086 2717 1261 2751 praeciduntur
1275 2719 1375 2755 lapides
1384 2722 1417 2750 de
1429 2730 1528 2758 monte,
1545 2728 1594 2754 nisi
1609 2730 1739 2758 acceden—

951 2760 1019 2787 tibus
1042 2762 1162 2790 manibus
1185 2764 1315 2792 Immanis.
1341 2767 1386 2794 Ille
1406 2774 1493 2796 autem
1509 2773 1636 2805 pra-cisus
1648 2780 1688 2802 cst
1702 2777 1737 2805 de

952 2826 1361 2871 h':hsi:m:._qttiaﬂrroa:resurgeret.
1376 2833 1457 2864 Abest,
1476 2841 1531 2865 non,
1545 2844 1558 2861 a
1571 2842 1609 2863 Ms.
1631 2840 1672 2871 eL;
1690 2843 1734 2867 sed

951 2856 1013 2881 idem
1023 2856 1110 2882 sensus~
1122 2860 1182 2883 t!.lii.i
1194 2857 1295 2885 videtur:

1474 2909 1490 2933 ί
1489 2909 1522 2941 Ν
1523 2912 1601 2949 mf.)
