1969 3093
184 164 236 196 ῩΕῚ
797 164 824 192 S-

191 231 279 253 monte
294 226 352 252 sine
376 222 495 250 manibus
509 231 514 248 :
528 227 555 249 et
579 220 658 253 venit.
684 225 711 247 et
738 220 866 255 confregit
886 221 973 247 munia

185 269 271 307 'rcgna
285 276 425 298 terrarum.
434 268 526 296 Nescio
537 268 559 294 si
572 272 693 294 versatur
700 273 761 293 ante
772 266 862 293 Oculos
873 272 974 292 vestros

190 317 240 344 nisi
270 315 399 346 Christus,
421 314 455 341 de
482 320 533 348 quo
556 312 657 339 dictum
677 316 726 344 est,
751 310 896 337 Adorabunt
919 318 974 336 eum

190 369 276 388 «nunc:
298 368 367 395 reges
390 364 463 386 terra:
478 359 486 393 (
502 358 573 385 Ρεαι.
594 365 666 389 uxt,
683 357 711 384 Η
725 356 746 391 ).
768 356 825 391 Ipse
845 355 975 389 confregit

189 415 279 435 omtua
298 414 378 441 regna
394 410 533 432 terrarum.
547 403 683 438 Superbus
696 410 741 430 rex
758 407 818 429 ante
829 409 858 428 se
874 400 973 427 nullum

191 460 282 488 regem
295 453 349 479 vult
369 451 485 483 habere;
498 449 576 477 modo
589 456 683 476 omnes
697 454 772 482 reges
785 446 917 473 Christum
929 445 970 471 htt-

191 501 256 527 bent
270 506 370 533 regem.
389 495 523 532 Confregit
542 502 605 530 ergo
627 494 714 521 omnia
738 500 817 528 regna
832 498 973 524 terrarum,

192 551 220 572 ut
234 545 279 572 ille
292 548 392 579 regnet.
410 542 443 569 Et
455 541 517 576 quid
536 541 600 568 dicit
624 539 694 567 iste?
713 538 793 567 Crevit
809 538 872 572 lapis
886 537 938 569 ille,
953 540 975 563 et

192 594 274 627 factus
285 596 319 618 est
334 597 404 616 mons
425 588 537 624 grandis,
558 588 593 614 ita
606 592 632 613 ut
647 586 760 621 impleret
780 585 920 611 universam
940 585 975 617 fa-

192 638 253 662 rium
265 642 337 663 terra!
350 634 429 670 (Dan.
442 634 522 665 ",55,
539 633 572 660 55
584 633 603 667 ).
612 632 670 659 Jam
685 636 746 664 puto
759 630 818 665 quia
835 628 974 663 agnoscitis

192 682 336 708 Christum.
360 680 474 707 Audistis
487 679 519 706 de
540 683 618 708 terra,
635 678 684 709 Qui
707 677 783 703 dediti
804 676 866 702 mihi
884 678 973 706 erunt,

192 727 351 761 possidebunt
365 730 466 752 terram.
485 724 603 751 Audistis
619 728 644 750 et
658 723 692 750 de
708 726 807 754 monte,
828 721 862 747 Et
874 721 974 747 inhabi—

191 773 276 798 tnbunt
287 776 395 797 montem
406 774 521 796 sanctum
538 776 630 795 meum.
647 767 702 794 Has
723 775 781 801 ergo
800 765 975 799 promissione:

194 818 319 848 habentes,
329 816 479 848 charissimi,
492 815 638 841 mandemus
649 821 693 840 nos
705 813 735 839 ab
750 812 816 839 omni
827 811 974 846 coinquina-

140 869 146 872 '
192 862 259 888 tione
268 862 350 887 carnis
365 865 388 887 et
398 861 510 895 spiritus.
525 859 576 886 Sed
591 858 659 886 forte
674 858 752 884 vultis
767 864 844 883 nesse
860 855 922 890 quid
935 859 976 883 est

194 906 301 941 przccidi
313 906 369 933 sine
381 906 510 932 manibus.
522 904 577 931 lloc
586 905 655 931 enim
668 903 741 938 quasi
755 903 868 930 obscure
881 902 916 928 ibi
929 910 976 937 po—

192 953 271 978 situm
283 956 323 978 est
339 960 345 977 ε
362 950 518 985 quibusdam
544 957 606 976 vero
628 949 681 983 jam
694 949 818 980 occurrit,
835 953 974 982 antequam

191 997 298 1023 dicam:
315 995 361 1022 sed
391 995 522 1030 patiantur
545 1002 632 1021 moras
656 995 756 1028 aliquas
772 998 877 1028 propter
898 994 974 1025 alios,

194 1043 237 1076 qui
252 1042 367 1076 cogitare
380 1041 442 1068 inde
457 1048 508 1067 non
533 1045 650 1074 possunt,
675 1040 723 1066 nisi
739 1047 785 1074 per
809 1046 858 1066 nos
878 1038 975 1073 aliqttid

192 1086 333 1114 audierint.
355 1085 422 1118 Quid
438 1089 487 1117 est,
500 1085 552 1111 sine
565 1084 697 1111 manibus?
715 1084 778 1110 Siue
790 1090 869 1118 opere
888 1083 974 1110 homi-

192 1131 243 1158 nis.
262 1128 293 1157 Et
311 1129 373 1156 illud
384 1127 628 1156 advertatCharitas
637 1131 733 1160 vestra,
748 1126 851 1159 fratres,
862 1127 974 1161 lapidem

193 1175 330 1210 praecisum
343 1173 376 1200 de
384 1177 483 1205 monte,
495 1176 523 1199 et
534 1172 630 1199 factum
643 1179 702 1199 esse
711 1176 837 1198 tnonlem.
850 1171 886 1198 De
900 1178 975 1198 mon-

193 1225 219 1248 te
235 1219 372 1255 praeeisus,
382 1223 408 1246 et
422 1225 499 1245 mons
519 1217 601 1245 factus
619 1222 660 1245 est
672 1217 816 1244 crescendo
829 1226 834 1243 :
848 1216 894 1244 sed
909 1225 974 1252 qua-

193 1266 226 1292 lis
242 1271 319 1292 mons
330 1263 435 1291 factus?
457 1263 515 1291 Non
531 1263 598 1295 talis,
614 1262 698 1297 qualis
712 1261 755 1289 ille
770 1261 839 1289 unde
851 1262 974 1296 prmcisus

192 1315 234 1338 est
249 1319 256 1338 :
275 1317 337 1337 nam
350 1309 383 1336 de
402 1308 448 1336 illo
462 1312 560 1340 monte,
579 1307 647 1334 unde
665 1307 791 1342 prtecisus
804 1311 854 1339 est,
870 1314 921 1333 non
933 1305 974 1333 di-

191 1362 262 1385 ctum
275 1361 325 1390 est,
339 1356 427 1384 Crevit
445 1359 472 1383 et
482 1355 599 1390 implevit
624 1354 773 1382 universam
798 1358 904 1380 terram.
918 1353 974 1379 Duo

190 1407 295 1429 montes
307 1405 369 1429 sunt
382 1408 445 1436 ergo
460 1410 467 1427 :
482 1400 582 1435 primus
592 1407 668 1427 mons
678 1399 826 1435 Synagoga,
843 1397 974 1425 secundus

189 1447 310 1476 Ecclesia
328 1447 448 1482 :primus
466 1454 554 1479 mons,
568 1445 679 1480 populus
693 1444 862 1475 Judatorum;
879 1451 974 1470 serun-

192 1495 240 1521 tius
254 1501 339 1526 mons,
351 1492 464 1529 populus
477 1492 650 1519 Christianus.
665 1490 717 1518 Sed
731 1494 759 1517 ut
776 1489 850 1516 ﬁeret
861 1489 974 1524 populus

184 1539 357 1567 ‘Christianus
370 1545 481 1573 magnus
492 1544 578 1569 mons,
589 1541 615 1564 et
628 1537 750 1572 impleret
763 1536 912 1563 universam
924 1540 974 1562 ter-

190 1593 258 1617 ram,
273 1585 307 1612 de
320 1584 365 1612 illo
381 1589 470 1611 monte
485 1584 610 1617 prmcisus
627 1587 667 1610 est
695 1582 771 1616 lapis,
793 1582 853 1616 quia
877 1581 908 1608 de
925 1581 972 1608 Ju-

185 1631 257 1657 -d.’cis
269 1629 340 1656 venit
360 1629 492 1656 Christus.
507 1629 593 1661 Quare
613 1635 675 1662 ergo
691 1628 744 1654 sine
761 1627 893 1653 manibus?
910 1626 973 1654 Siue

191 1682 272 1709 opere
285 1674 407 1701 humano.
427 1673 548 1700 Christus
564 1673 632 1699 enim
647 1677 722 1699 natus
733 1672 767 1700 de
780 1673 890 1708 virgine,
909 1673 969 1699 sine

191 1721 330 1755 eotuplexu
344 1719 455 1746 maritali
467 1722 611 1753 conceptus
625 1723 675 1745 cst.

227 1766 252 1792 7.
268 1765 356 1797 Qualis
379 1772 451 1791 mons
471 1763 594 1791 Christus.
610 1763 703 1791 Contra
728 1761 881 1791 Donatistas.
905 1764 974 1798 Ergo

191 1810 358 1838 manifestum
374 1810 451 1837 istum
463 1814 581 1837 montem
593 1809 730 1837 habemus.
745 1809 801 1836 Non
820 1810 897 1837 nobis
909 1817 972 1844 pro-

192 1863 321 1891 ponamus
334 1860 448 1888 montes,
464 1859 510 1882 aut
535 1855 620 1889 qualis
635 1859 675 1882 est
687 1853 805 1882 Ciddaba
817 1855 836 1886 ⁸,
850 1858 894 1881 attt
908 1862 973 1889 qua-

192 1904 230 1930 les
256 1906 317 1929 sunt
331 1902 488 1936 quicumque
511 1901 588 1927 nobis
615 1900 793 1927 nominantur.
822 1900 971 1935 Aliquando

191 1948 261 1975 enim
273 1946 413 1974 carnaliter
424 1946 583 1980 accipientes
592 1945 727 1976 homines;
744 1949 772 1971 ut
784 1949 857 1979 puta,
870 1945 970 1979 legunt,

194 1992 319 2020 Exaudiet
329 1992 401 2018 illum
415 1991 445 2018 de
454 1990 516 2018 ιωιο
526 1995 611 2017 sancto
621 1990 683 2024 δυο(
694 1989 764 2016 Psal.
773 1997 829 2021 xtx,
837 1989 852 2013 7
863 1987 873 2024 )
887 1998 893 2015 :
906 1989 974 2016 bene

193 2040 333 2070 aliquando
345 2039 377 2066 de
392 2042 491 2069 monte,
507 2042 529 2065 ct
542 2037 659 2072 loquitur
677 2036 812 2063 Christum
827 2036 836 2051 '
853 2044 858 2061 :
875 2040 902 2062 et
913 2043 973 2062 cur-

198 2084 390 2111 runthomines
410 2085 434 2110 in
451 2087 566 2109 montem
593 2090 679 2112 orare,
695 2082 768 2116 quasi
791 2081 826 2108 ihi
850 2081 975 2108 exaudiat

194 2132 271 2157 Deus.
286 2130 431 2156 (larualitcr
444 2129 585 2162 sapientes,
595 2129 654 2162 quia
665 2127 753 2154 vident
763 2127 916 2161 plerumque
924 2134 973 2153 nu-

191 2176 239 2203 bes
265 2175 394 2202 inlta-rere
414 2174 439 2200 in
466 2173 590 2200 lateribus
609 2173 747 2204 montium,
775 2172 920 2200 ascendunt
943 2172 968 2199 in

190 2224 304 2251 montes,
320 2223 349 2245 ut
368 2217 480 2252 proximi
496 2217 549 2244 sint
564 2217 626 2243 Deo.
648 2217 772 2243 Oratione
795 2222 837 2243 tua
852 2217 892 2244 vis
906 2225 969 2244 cott-

191 2266 292 2299 tingere
307 2263 411 2290 Deum?
424 2263 530 2289 humilia
542 2267 577 2289 te.
591 2262 697 2293 lterunt,
708 2262 767 2296 quia
782 2263 904 2295 diximus,
930 2263 972 2289 Vis

190 2310 343 2344 contingere
355 2308 458 2335 Deum?
473 2307 579 2334 humilia
591 2312 615 2334 te
631 2316 637 2333 :
653 2315 688 2333 ne
695 2307 836 2334 carnaliter
843 2308 965 2341 accipias,

191 2354 355 2383 descendens
368 2354 393 2381 in
406 2354 555 2389 hypogmas,
569 2358 596 2380 ul
610 2353 645 2380 ihi
667 2361 743 2388 roges
757 2354 848 2381 Deum.
859 2354 912 2381 Nec
924 2355 973 2390 hy-

189 2408 302 2436 pagmas,
318 2407 367 2427 ttee
381 2404 496 2426 montem
512 2406 625 2433 qua-ras.
647 2398 674 2425 In
690 2398 769 2425 corde
783 2403 827 2425 tuo
842 2399 908 2426 habe
925 2399 974 2426 hu-

189 2447 337 2479 utilitatem,
352 2450 379 2474 et
397 2446 466 2472 Deus
480 2445 526 2472 tibi
550 2445 622 2472 dabit
643 2444 822 2477 altitudinem;
838 2445 925 2472 veniet
938 2445 970 2472 ad

190 2499 226 2525 te,
237 2498 265 2520 et
277 2494 327 2520 crit
339 2497 426 2519 tecum
443 2492 468 2518 in
487 2490 608 2518 cubiculo
621 2495 675 2517 tuo.
700 2491 768 2525 Ergo
779 2491 883 2526 qualem
898 2499 972 2518 mon-

189 2544 242 2566 tem
257 2539 384 2565 habemus
404 2537 548 2569 Christum,
562 2536 708 2563 Ecclesium
724 2536 863 2569 habemus,
878 2537 971 2564 Eccle-

187 2584 253 2611 siam
273 2590 401 2611 amemus.
418 2582 506 2610 Crevit
526 2586 552 2609 et
570 2582 689 2616 implevit
712 2583 849 2609 monsiste
865 2583 971 2609 univcr—

142 2648 156 2660 .
187 2636 245 2655 eum
260 2628 350 2655 orbem
367 2632 507 2655 terrarum.
520 2627 686 2654 Manifestum
701 2631 742 2654 est
760 2627 819 2660 quia
836 2635 888 2654 non
909 2633 971 2654 sunt

220 2733 227 2748 '
241 2731 444 2761 sirtn.,6iddava.
454 2735 481 2756 At
492 2734 531 2756 Ms.
543 2731 584 2761 cl.,
597 2731 712 2756 Ciddabtt.
726 2744 757 2749 —
775 2735 807 2756 De
823 2732 868 2757 hoe
885 2734 971 2758 eodem

188 2768 269 2788 mmue
288 2764 344 2788 vide
366 2766 499 2788 tractatum
516 2762 617 2793 primum
635 2763 660 2787 in
682 2761 805 2793 Epistoiam
826 2765 921 2788 Joannis
941 2765 971 2789 ad

188 2795 292 2823 Parthos,
303 2798 367 2825 tonio
377 2794 468 2825 ὅλῃ-εις.
483 2794 550 2825 1977.
584 2797 611 2817 Μ.

217 2822 574 2855 istum,rttmriitufcluistus.
591 2828 619 2849 At
636 2828 676 2849 us.
692 2824 733 2855 cl.,
755 2827 777 2849 ct
794 2822 896 2856 loquitur
904 2825 971 2851 (liri-

184 2857 254 2878 stam.

846 166 865 192 A
872 164 1026 192 ιεουδιίλι
1046 165 1192 192 ΕΡΗΩΟΙἿ

1756 166 1807 195 263

1033 222 1057 247 in
1076 221 1125 248 isto
1140 225 1228 247 monte
1241 221 1317 255 quiin
1332 225 1405 255 parte
1419 227 1489 253 sttnt,
1503 226 1529 249 et
1553 230 1603 249 non
1619 227 1707 250 tenent
1722 225 1809 250 nobis-

1026 273 1086 292 cum
1115 267 1264 293 universam
1292 271 1398 293 terram.
1423 267 1681 298 Commomoramini,
1702 269 1806 300 fratres,

1026 313 1085 346 quia
1098 312 1185 338 omnis
1201 312 1293 347 pagina
1307 318 1390 340 armat
1404 318 1431 340 et
1444 313 1534 347 implet
1545 321 1592 340 uos
1604 319 1696 340 contra
1707 314 1810 348 linguas

1027 356 1173 389 hominum,
1188 347 1255 391 quas
1274 357 1390 390 quotidie
1402 358 1525 391 patimur.
1540 357 1566 385 Si
1580 358 1700 390 dixisset,
1722 347 1809 386 Crcvu

1027 403 1071 429 ille
1096 410 1182 435 mons,
1199 407 1227 430 et
1242 402 1363 436 implevit
1378 404 1525 430 universam
1540 403 1656 430 Africam
1665 412 1677 443 ;_
1685 405 1810 438 numan

1027 447 1146 475 dicerent
1169 448 1215 480 illi,
1232 448 1283 475 nisi
1303 449 1362 483 quia
1380 457 1439 482 pars
1460 449 1552 476 Donati
1568 449 1628 476 est?
1644 449 1810 484 Compressit

1030 491 1134 527 linguas
1142 492 1258 526 ipsorum
1271 493 1422 520 crescendo.
1432 493 1543 521 Tantum
1552 494 1643 526 crevit,
1653 500 1682 521 ut
1689 496 1793 522 obturet
1801 498 1808 511 '

1031 544 1078 564 ora
1094 537 1276 566 verbosorum.
1299 538 1357 571 Quo
1370 547 1439 566 enim
1459 539 1487 566 iit
1502 539 1664 567 cresaendo?
1679 540 1729 567 Per
1751 542 1813 568 uni-

1028 591 1133 611 versam
1147 589 1254 611 terram.
1276 584 1340 611 Nam
1354 592 1430 611 mons
1451 585 1506 618 ille,
1532 585 1601 612 unde
1615 586 1739 620 prtccisus
1752 593 1802 618 est,

1027 635 1080 654 non
1099 627 1242 655 crescendo
1258 628 1375 662 implevit
1389 629 1536 655 universam
1554 634 1650 657 terram
1666 639 1673 656 ε
1687 631 1745 664 quia
1762 631 1814 658 etsi

1027 672 1205 706 impleveruttt
1222 673 1371 700 universam
1386 672 1482 700 tc‘rram
1497 673 1591 707 .luda'i,
1606 675 1665 709 quia
1690 676 1815 703 debellati

1028 722 1098 750 sunt,
1110 721 1137 744 et
1151 724 1224 744 suam
1241 722 1337 744 terratn
1365 718 1535 752 perdiderunt
1547 727 1554 752 ;
1570 719 1682 754 dispersi
1696 724 1757 746 sunt
1767 729 1814 754 per

1029 766 1124 790 lcrram
1136 771 1212 798 paana
1227 764 1390 796 meritorum,
1408 772 1458 791 non
1471 765 1649 799 magnitudine
1662 765 1795 793 increnteu
1804 782 1814 787 -

1028 814 1123 836 torum.
1136 810 1262 836 Dominus
1281 815 1368 837 autem
1380 810 1500 838 Christus
1516 812 1580 846 lapis
1593 812 1732 846 augularis,
1748 814 1814 840 sub-

1027 854 1079 888 egit
1097 862 1175 889 regna
1203 854 1348 887 hominum,
1368 854 1534 890 frcgitregna
1551 856 1711 890 daemonum,
1726 857 1814 884 humi-

1028 898 1099 926 liavit
1113 907 1204 926 omnes
1223 907 1299 934 reges
1313 905 1340 926 ut
1368 906 1509 932 cresceret,
1535 902 1618 928 crevit
1641 905 1668 929 et
1693 903 1813 938 implevit

1028 945 1176 972 universam
1187 945 1278 972 facient
1287 950 1373 972 terrae.
1385 946 1478 973 Audeo
1491 947 1587 979 dicere,
1603 947 1689 975 adhuc
1702 949 1811 982 crescit,

1027 990 1113 1017 adhuc
1125 994 1186 1017 sunt
1199 991 1253 1018 loca
1263 999 1323 1026 qua:
1339 992 1440 1026 implet.

1063 1036 1089 1063 8.
1115 1036 1250 1064 Muttditics
1272 1038 1353 1064 carnis
1375 1043 1397 1064 et
1417 1039 1519 1073 spiritus
1540 1040 1688 1073 prttcipitttr.
1706 1040 1743 1067 Ttt
1768 1048 1814 1067 0r-

1027 1090 1061 1117 go
1078 1090 1138 1110 ama
1161 1083 1246 1118 ipsum
1262 1088 1395 1116 montem,
1423 1089 1448 1112 et
1463 1093 1525 1119 para
1548 1090 1573 1113 te
1595 1085 1712 1113 habitare
1725 1086 1813 1121 ipsmn

1027 1131 1143 1154 montem
1159 1128 1185 1154 in
1206 1133 1351 1162 aeternum;
1368 1133 1394 1155 et
1411 1130 1507 1156 munda
1521 1136 1545 1157 te
1558 1130 1591 1157 ab
1610 1131 1681 1157 omni
1694 1132 1814 1167 coinqui-

1028 1174 1132 1201 natione
1142 1174 1228 1201 carnis
1243 1180 1269 1201 et
1282 1175 1389 1209 spiritus
1401 1196 1409 1207 ,
1431 1176 1477 1203 has
1499 1177 1685 1211 promissiones
1699 1178 1813 1205 habens.

1026 1219 1096 1252 Quas
1107 1219 1314 1254 promissioues?
1328 1220 1355 1247 Si
1368 1221 1407 1247 vis
1422 1221 1556 1255 possidere
1573 1226 1683 1255 terram,
1697 1228 1722 1249 et
1733 1223 1813 1249 inita-

1026 1264 1111 1291 bitare
1125 1268 1241 1292 montem
1265 1270 1383 1292 sanctum
1394 1289 1400 1298 ,
1414 1266 1510 1293 munda
1524 1271 1549 1294 te
1560 1268 1592 1294 ab
1606 1268 1677 1294 onmi
1691 1269 1815 1303 coinqui-

1026 1310 1131 1337 natione
1145 1310 1231 1337 carnis
1250 1314 1276 1337 et
1299 1312 1416 1345 spiritus.
1433 1312 1496 1345 Qua:
1511 1317 1572 1339 sunt
1583 1314 1813 1347 eninquinationcs

1025 1355 1133 1382 carnis?
1152 1354 1273 1383 lutendat.
1292 1356 1414 1383 Charitas
1436 1362 1522 1384 vestra
1536 1379 1542 1391 ,
1565 1363 1591 1385 ct
1612 1358 1663 1386 hoc
1684 1359 1814 1388 debemus

1025 1400 1123 1427 dicere.
1143 1400 1208 1433 Qua:
1227 1405 1288 1427 sunt
1308 1401 1538 1436 coinquinationes
1558 1403 1665 1430 carnis?
1687 1404 1742 1432 Non
1766 1406 1814 1433 ubi

1025 1453 1086 1473 casu
1103 1445 1195 1473 transit
1216 1446 1313 1477 homo,
1329 1450 1356 1473 et
1379 1447 1461 1481 tangit
1481 1448 1580 1482 aliquid
1600 1454 1644 1475 aut
1662 1449 1728 1483 pede
1741 1471 1748 1481 ,
1766 1456 1815 1477 aut

1025 1491 1104 1518 etiam
1118 1490 1182 1518 facie
1195 1500 1202 1524 ;
1218 1496 1263 1519 aut
1277 1493 1298 1518 si
1318 1493 1452 1527 contingat
1469 1493 1567 1521 homini
1580 1494 1631 1521 labi
1645 1495 1721 1529 pede,
1737 1500 1762 1523 ct
1775 1497 1813 1523 ita

1026 1536 1120 1564 cadere
1132 1558 1139 1568 ,
1156 1541 1183 1563 ut
1197 1539 1222 1563 In
1238 1537 1332 1570 lutum,
1352 1542 1396 1564 aut
1410 1539 1434 1564 in
1455 1546 1559 1566 crenum
1575 1540 1678 1573 veniat,
1692 1541 1816 1577 coinqui-

1026 1586 1084 1608 nata
1096 1586 1135 1609 est
1149 1582 1236 1609 facies.
1250 1582 1344 1609 Facilis
1357 1588 1397 1610 est
1413 1583 1460 1610 ista
1474 1585 1651 1620 eoinquinatio
1661 1594 1668 1618 ;
1679 1588 1815 1621 quomodo

1026 1626 1092 1654 solet
1106 1627 1155 1654 dici
1169 1648 1176 1661 ,
1200 1628 1311 1661 lavatur,
1325 1633 1352 1655 et
1365 1629 1419 1655 cxit
1432 1629 1452 1655 ².
1469 1629 1654 1665 Coinquinatio
1670 1639 1732 1659 vero
1747 1640 1810 1659 car-

1026 1671 1077 1704 nis,
1093 1679 1150 1706 qnae
1163 1672 1278 1699 cavenda
1293 1677 1333 1700 est
1345 1694 1351 1706 ,
1368 1667 1419 1700 non
1431 1673 1482 1701 huc
1495 1675 1548 1701 exit
1560 1694 1567 1708 ,
1586 1675 1634 1703 nisi
1648 1675 1681 1703 de
1694 1677 1816 1711 coinqui—

1026 1718 1130 1744 natiuuc
1144 1717 1251 1752 spiritus
1266 1739 1272 1748 .
1298 1723 1324 1745 et
1337 1719 1375 1745 sic
1390 1719 1541 1754 Coinquiuat
1555 1727 1672 1747 carnem.
1688 1720 1814 1756 Coinqui-

1026 1763 1097 1790 natio
1118 1763 1225 1797 Spiritus
1243 1771 1302 1798 qua:
1315 1764 1376 1791 est?
1390 1765 1493 1792 Libido.
1510 1765 1694 1801 Coinquinatio
1705 1763 1815 1795 carnis?

1026 1809 1192 1843 Pcrpetratio
1211 1809 1342 1837 adulterii.
1368 1810 1454 1838 Habes
1475 1811 1528 1838 duo
1550 1822 1556 1838 :
1577 1814 1692 1840 surrexit
1711 1813 1791 1840 libido
1806 1836 1814 1846 ,

1024 1854 1078 1889 jam
1093 1855 1274 1890 coinquinatus
1288 1860 1327 1883 est
1344 1857 1467 1890 spiritus;
1484 1858 1600 1885 nondum
1615 1860 1725 1887 accessit
1738 1859 1814 1887 adul-

1026 1901 1132 1933 terium,
1148 1901 1262 1928 nondum
1282 1909 1344 1928 Caro
1363 1902 1528 1937 Coinquinata
1544 1908 1593 1931 est.
1609 1904 1660 1932 Sed
1675 1905 1736 1940 quid
1751 1913 1815 1939 ιιι-υ-

1026 1946 1084 1973 dest
1096 1946 1155 1980 quia
1169 1953 1230 1973 caro
1243 1947 1340 1974 munda
1352 1952 1401 1979 est,
1415 1953 1441 1975 et
1455 1948 1587 1976 habitator
1597 1951 1684 1978 carnis
1697 1959 1814 1980 Immun-

1026 1990 1097 2017 dus?
1116 1990 1161 2017 llle
1173 1993 1217 2025 qttl
1240 1991 1307 2019 forte
1328 1993 1440 2020 mundus
1458 1999 1499 2020 est
1515 1995 1538 2021 in
1552 2002 1649 2029 carne,
1665 1996 1814 2025 adulterum

1027 2043 1086 2062 eum
1102 2036 1169 2063 Deus
1183 2041 1253 2063 tenet
1268 2036 1292 2063 in
1308 2038 1396 2069 corde,
1411 2038 1478 2065 sicut
1494 2039 1619 2067 Dominus
1633 2041 1696 2068 dicit
1712 2051 1717 2068 :
1734 2042 1814 2069 Amm

1029 2081 1084 2108 dico
1104 2081 1188 2114 vobis,
1205 2083 1249 2116 qui
1269 2083 1356 2109 uiderit
1382 2084 1508 2110 mulierem
1530 2086 1564 2111 ad
1587 2088 1814 2121 concupiscendum

1028 2135 1081 2153 eam
1095 2147 1100 2157 ,
1120 2128 1175 2161 jam
1191 2128 1324 2155 morr/talus
1342 2134 1378 2155 est
1399 2138 1453 2155 ram
1474 2130 1500 2156 in
1519 2132 1593 2157 corde
1608 2141 1652 2158 suo
1667 2132 1770 2167 (Matth.
1784 2143 1813 2166 v,

1026 2171 1082 2207 28).
1100 2172 1150 2198 ista
1166 2177 1207 2199 est
1221 2174 1398 2207 eoinquinatio
1419 2175 1535 2209 spiritus.
1552 2175 1661 2209 Quando
1680 2183 1766 2205 autem
1784 2179 1816 2206 lit

1027 2216 1139 2250 perfecta
1162 2218 1352 2244 sanctiﬁcatio?
1366 2218 1476 2252 Quando
1500 2225 1539 2246 est
1554 2225 1581 2247 et
1597 2222 1682 2248 carnis
1693 2227 1717 2248 et
1732 2224 1815 2257 spiri-

1028 2266 1079 2288 ttts.
1095 2262 1161 2288 Sunt
1185 2262 1254 2288 enim
1278 2262 1408 2295 homines,
1424 2263 1468 2298 qui
1484 2269 1631 2299 temperant
1643 2273 1670 2293 se
1686 2274 1700 2293 a
1715 2266 1792 2293 factis
1806 2289 1813 2298 ,

1026 2311 1052 2332 et
1075 2314 1125 2332 non
1143 2311 1288 2340 temperant
1308 2315 1335 2334 se
1349 2316 1362 2333 a
1381 2309 1582 2343 cogitationibus
1598 2310 1674 2338 malis
1690 2321 1695 2338 :
1714 2312 1815 2340 iaciunt

1027 2352 1224 2378 mundalionem
1236 2354 1332 2383 carnis,
1345 2359 1368 2379 ut
1382 2362 1431 2380 non
1446 2354 1542 2381 faciunt
1553 2356 1746 2383 mumlationcm
1759 2359 1815 2392 spi-

1027 2398 1101 2424 ritus.
1118 2397 1194 2424 Tales
1209 2398 1268 2424 idco
1289 2406 1340 2424 non
1364 2398 1477 2432 faciunt,
1494 2401 1552 2434 quia
1574 2401 1666 2428 timent
1680 2401 1812 2430 homines.

1026 2442 1118 2470 Libido
1133 2442 1223 2482 ardet,
1240 2443 1317 2470 timor
1330 2448 1444 2471 revocat.
1460 2445 1526 2478 Quid
1543 2446 1641 2472 times?
1660 2446 1771 2473 lnvcniri
1786 2453 1813 2475 ct

1025 2489 1161 2521 damnari;
1183 2489 1293 2516 inveniri
1307 2494 1334 2516 et
1350 2492 1514 2525 expompari.
1531 2491 1601 2527 Ergo
1614 2492 1814 2527 iucoinquinata

1024 2535 1129 2561 videtur
1146 2542 1217 2567 caro,
1233 2534 1279 2561 sed
1293 2543 1343 2561 non
1358 2540 1397 2562 est
1412 2536 1526 2569 perfecta
1542 2537 1714 2564 sanctiﬁcatio
1727 2547 1732 2564 :
1750 2540 1812 2573 quia

1025 2580 1087 2614 quid
1098 2579 1159 2606 dicit
1173 2579 1313 2613 Apostolus
1324 2579 1335 2605 ?
1353 2580 1505 2608 Mandonius
1518 2590 1563 2608 nos
1576 2582 1607 2608 ab
1619 2583 1686 2608 omni
1699 2583 1812 2618 coinqui-

1025 2625 1126 2651 natione
1137 2625 1219 2651 carnis
1233 2629 1255 2650 et
1269 2625 1371 2659 spiritus
1386 2633 1395 2652 :
1415 2630 1443 2652 ut
1463 2621 1596 2660 quomodo
1613 2631 1637 2653 te
1653 2631 1785 2661 tempetas
1796 2635 1811 2654 a

1026 2670 1100 2696 malis
1111 2669 1196 2701 factis,
1211 2670 1249 2696 sic
1265 2674 1290 2697 te
1303 2675 1434 2704 temperes
1446 2679 1460 2697 a
1476 2672 1543 2698 mala
1560 2672 1692 2699 voluntate
1702 2693 1709 2705 ,
1724 2679 1737 2698 a
1754 2680 1809 2698 ma-

1026 2715 1057 2741 lis
1074 2714 1287 2749 cogitationibus.
1303 2716 1323 2742 Α
1339 2716 1409 2742 malo
1422 2715 1491 2743 facto
1504 2717 1611 2744 contine
1622 2738 1629 2750 ,
1651 2723 1676 2744 et
1700 2717 1813 2744 mundas

1026 2765 1051 2787 te
1069 2768 1082 2786 a
1097 2760 1309 2802 coinquinatione
1324 2762 1410 2788 carnis
1426 2770 1433 2787 ι
1446 2769 1459 2788 a
1476 2762 1543 2789 mala
1556 2763 1690 2790 voluntate
1705 2762 1811 2792 abstine

1056 2829 1061 2843 ι
1078 2827 1281 2861 tta__oalbertinus
1297 2828 1341 2853 Ms.
1362 2829 1424 2861 editi
1435 2837 1495 2861 vero
1505 2848 1512 2861 ,
1533 2830 1649 2856 obscuret.

1057 2860 1066 2874 ²
1078 2858 1226 2882 συιιιριιιὶηιιδ
1237 2862 1287 2889 us,
1299 2862 1322 2884 et
1332 2858 1380 2885 orci!
1389 2859 1455 2885 nihil.
