3988 6190
340 306 441 362 269

340 431 406 479 te,
437 424 491 469 et
519 413 743 470 mundas
777 423 825 467 te
845 426 871 464 a
900 410 1323 481 cuiuqniaatidue
1349 410 1585 479 spiritus.

404 507 458 563 9.
518 504 873 573 Sanctiﬁcatio
933 502 982 555 in
1034 502 1209 555 timore
1251 500 1345 553 Dri
1396 501 1668 569 perﬁcitur.
1716 501 1774 555 Et
1831 516 1905 553 sc-

337 599 511 667 quitur
539 635 555 658 ,
606 594 935 663 Pcrﬁcieutcs
988 592 1435 661 sancti/irationem
1478 592 1530 644 in
1574 592 1751 644 timore
1790 589 1900 642 Dei.

337 686 616 758 )lagniﬁce
641 682 920 747 addidit,in
938 681 1115 736 timore
1134 680 1245 735 Dei.
1273 682 1407 738 Ecce
1429 682 1546 751 quia
1570 696 1673 735 non
1702 680 1905 750 perﬁcit

338 778 496 833 homo
520 773 995 831 sanctiﬁcationem
1020 814 1034 834 ,
1068 773 1166 827 nisi
1196 773 1245 827 in
1276 772 1466 828 timore
1505 770 1616 826 Dei.
1655 770 1782 839 Qua:
1826 779 1906 825 est

334 867 571 941 perfecta
598 862 983 921 sanctiﬁcatio?
1007 861 1363 919 Sanctiﬁcatio
1388 872 1441 917 et
1460 860 1699 932 corporis
1721 869 1775 915 et
1792 859 1903 929 δρία

335 961 485 1014 ritus.
513 957 570 1013 Si
591 957 661 1012 sit
688 955 946 1024 corporis,
977 964 1029 1008 et
1057 953 1277 1023 spiritus
1306 968 1411 1007 non
1447 954 1515 1007 sit
1541 993 1555 1015 ,
1598 949 1904 1022 imperfecta

334 1061 432 1106 est.
462 1049 597 1104 Nam
627 1046 754 1102 illud
799 1062 907 1102 non
949 1054 1119 1115 potest
1145 1058 1265 1100 esse
1292 1043 1507 1116 spiritus
1535 1040 1901 1106 sanctiﬁcatio,

332 1152 383 1197 et
407 1140 651 1210 corporis
676 1154 780 1192 non
811 1152 949 1192 esse.
979 1136 1110 1190 Esse
1139 1134 1377 1204 corporis
1395 1176 1412 1199 ,
1438 1144 1493 1188 et
1522 1148 1628 1187 non
1652 1146 1771 1190 esse
1799 1132 1907 1200 spi:

330 1232 465 1285 ritus
486 1273 501 1295 ,
535 1236 710 1299 potest
742 1245 756 1280 :
785 1241 905 1280 esse
943 1224 1162 1294 spiritus
1182 1263 1197 1288 ,
1241 1232 1296 1277 et
1334 1237 1437 1275 non
1476 1236 1595 1276 esse
1623 1220 1863 1290 corporis
1884 1259 1899 1285 ,

332 1338 437 1377 non
467 1328 662 1392 potest.
689 1318 789 1387 Qui
811 1317 952 1371 enim
976 1325 1059 1372 est
1081 1312 1308 1369 mundus
1331 1313 1541 1381 Spiritu,
1568 1311 1776 1381 operari
1807 1309 1904 1363 lla-

328 1416 458 1487 gitia
487 1429 592 1469 non
614 1421 807 1483 potest.
832 1408 983 1467 Unde
1003 1407 1143 1463 hoc?
1175 1407 1254 1460 Ea:
1279 1408 1427 1460 corde
1455 1406 1584 1458 enim
1607 1404 1901 1473 procedunt,

329 1508 403 1560 ait
416 1506 692 1569 Dominus,
710 1500 976 1564 adulteria,
994 1497 1261 1552 homicidia
1273 1493 1483 1567 (Matth.
1504 1510 1570 1548 xv
1581 1536 1592 1556 ,
1610 1492 1720 1562 19).
1739 1493 1905 1547 llomo

329 1598 471 1651 claim
522 1610 626 1649 non
654 1601 828 1666 potest
868 1598 1171 1662 perpetrare
1203 1603 1298 1655 per
1325 1585 1559 1641 membra
1587 1628 1601 1651 ,
1632 1584 1771 1655 quod
1800 1599 1905 1639 non

328 1688 431 1741 sibi
462 1688 516 1740 in
543 1683 705 1739 corde
730 1682 940 1737 dixerit.
974 1679 1200 1733 Verbum
1234 1678 1286 1732 in
1330 1676 1492 1731 corde
1536 1675 1815 1745 concepit,
1852 1684 1906 1730 et

329 1779 646 1847 deputatum
674 1783 756 1831 est
784 1772 834 1827 iu
866 1787 1014 1841 opus.
1053 1769 1174 1825 Ideo
1201 1767 1429 1839 quodam
1463 1767 1577 1821 loco
1606 1765 1858 1819 Dominus
1887 1782 1900 1821 :

332 1869 584 1923 Hundat‘e
607 1858 723 1938 qum
740 1866 874 1918 intus
894 1870 1028 1929 sunt,
1057 1860 1163 1926 ait,
1194 1870 1240 1914 et
1259 1874 1370 1930 quae
1392 1864 1462 1926 [or
1475 1859 1516 1911 is
1541 1867 1690 1923 sunt,
1718 1856 1906 1909 munda

328 1968 473 2013 erant
499 1957 610 2030 (Id.
656 1950 783 2009 xxiii
806 1996 823 2020 ,
855 1953 966 2023 9.6).
998 1951 1112 2007 Non
1153 1951 1316 2017 dixit,
1350 1949 1594 2003 Mundate
1631 1964 1748 2021 qua:
1780 1945 1905 2000 foris

328 2058 471 2104 sunt.
517 2047 575 2103 Si
616 2061 647 2100 a
674 2058 897 2115 corpore
944 2041 1237 2112 inciperet,
1283 2039 1513 2095 restabat
1562 2047 1616 2091 ut
1664 2044 1907 2091 moneret

331 2154 430 2193 nos
460 2146 521 2192 ut
545 2135 921 2191 mundaremus
941 2142 995 2187 et
1020 2131 1252 2185 animum
1283 2148 1296 2183 :
1325 2129 1369 2183 si
1396 2138 1572 2183 autem
1596 2127 1664 2182 ab
1692 2124 1869 2180 animo
1887 2167 1901 2192 ,

332 2246 435 2285 non
459 2242 599 2299 opus
624 2234 706 2280 est
734 2235 786 2278 ut
812 2221 1126 2278 mundemus
1150 2235 1378 2290 corpus;
1408 2218 1531 2289 quia
1559 2216 1718 2270 animi
1750 2230 1906 2269 umn-

330 2319 516 2374 ditiam
555 2315 798 2386 sequitur
839 2310 1079 2383 corporis
1127 2309 1399 2364 munditia.
1453 2307 1593 2377 Ergo
1638 2304 1907 2376 apostolus

332 2410 528 2465 Paulus
552 2408 678 2480 quia
708 2406 869 2475 cmpit
893 2419 924 2458 a
950 2418 1131 2468 carne,
1157 2414 1290 2471 opus
1309 2408 1424 2454 erat
1453 2408 1509 2453 ut
1532 2397 1736 2452 diceret
1761 2404 1813 2452 et
1838 2394 1907 2451 de

330 2502 521 2571 Spiritu
547 2540 564 2564 ,
620 2495 945 2566 Pcrﬁcieutes
986 2493 1447 2561 sanctiﬁcationcm.
1496 2488 1796 2543 Mundemus
1819 2502 1909 2542 nos

328 2593 392 2645 ab
416 2592 560 2646 onmi
588 2587 993 2658 coinquinatione
1033 2584 1198 2637 carnis
1227 2593 1273 2636 et
1297 2582 1503 2652 spiritus
1530 2597 1548 2634 :
1574 2581 1697 2650 quia
1737 2587 1909 2649 potest

330 2681 728 2750 tucoiuquinata
754 2691 873 2732 esse
899 2690 1043 2741 caro,
1072 2689 1177 2728 non
1211 2671 1404 2728 faciens
1431 2670 1708 2736 adulteria,
1741 2668 1908 2724 forni-

339 2774 584 2829 cationes
608 2812 623 2835 ,
655 2776 711 2823 et
738 2768 858 2822 talia
885 2783 900 2832 ;
928 2764 1021 2820 sed
1048 2775 1221 2819 tamen
1248 2777 1369 2818 esse
1397 2760 1660 2825 libidines,
1684 2769 1737 2815 et
1763 2760 1910 2830 cogi-

331 2867 567 2920 tationes
588 2903 605 2927 ,
653 2871 710 2916 et
755 2859 910 2914 mala:
939 2856 1236 2912 voluntates
1262 2855 1315 2910 in
1341 2855 1534 2908 anima.
1568 2853 1628 2906 Et
1649 2851 1907 2921 subjecit,

333 2956 669 3026 Perﬁcicntes
692 2948 1139 3020 sanctiﬁcationcm
1181 2945 1233 3000 in
1274 2945 1452 2999 timore
1474 2942 1588 2998 Dei.
1620 2940 1748 3011 Quis
1783 2955 1912 3012 ergo

331 3048 458 3104 facit
496 3041 970 3101 sanctiﬁcationem
993 3037 1233 3108 corporis
1255 3078 1271 3102 ,
1302 3045 1356 3090 et
1390 3050 1493 3089 non
1525 3032 1649 3089 facit
1678 3030 1910 3087 animm?

328 3138 430 3207 Qui
474 3134 726 3190 homines
766 3131 956 3194 timet,
1008 3137 1063 3183 et
1102 3140 1209 3182 non
1261 3126 1446 3180 Deum.
1477 3122 1611 3179 Nam
1650 3121 1743 3193 qui
1766 3121 1821 3178 in
1847 3120 1912 3175 ti-

330 3244 485 3285 more
513 3227 615 3283 Dei
637 3233 753 3287 est,
797 3220 1002 3294 perﬁcit
1030 3217 1502 3275 sanctiﬁcationem
1533 3216 1573 3269 ι.
1615 3212 1741 3270 Ideo
1767 3221 1913 3269 certe

331 3308 893 3388 noluiStl’perpetrare
920 3309 1199 3374 adulteria,
1226 3323 1293 3363 ne
1318 3307 1478 3361 sciret
1501 3304 1694 3370 homo;
1722 3304 1912 3360 timore

330 3411 617 3467 hominum
653 3403 868 3462 tenuisti
903 3394 1116 3458 carnem
1159 3416 1190 3454 a
1235 3396 1531 3454 commissis
1558 3395 1755 3450 malis:
1794 3394 1913 3449 ideo

333 3498 553 3569 noluisti
577 3498 913 3555 eouimittere
941 3493 1028 3547 ubi
1071 3491 1208 3547 videt
1253 3489 1431 3544 homo.
1459 3488 1517 3544 Si
1553 3495 1607 3543 et
1647 3487 1813 3542 Deum
1844 3487 1911 3540 ti-

333 3610 473 3659 mes,
505 3580 694 3646 noliet
717 3588 810 3652 ibi,
832 3587 920 3641 ubi
951 3583 1093 3638 videt
1117 3584 1275 3646 Deus,
1304 3589 1357 3636 et
1387 3579 1649 3650 perfeciSti
1681 3578 1915 3633 sanctiﬁ-

333 3685 629 3738 cationem.
671 3676 893 3733 Intende
929 3691 941 3726 :
992 3662 1109 3728 Osi
1142 3684 1350 3741 possem
1377 3710 1391 3733 ,
1438 3670 1512 3723 ait
1548 3667 1759 3737 aliquis,
1794 3682 1915 3738 per-

333 3773 524 3827 vcnire
551 3768 617 3823 ad
648 3768 792 3822 illam
820 3764 1096 3819 feminam!
1129 3761 1219 3815 scd
1249 3775 1351 3813 non
1379 3772 1615 3829 pOSsum,
1637 3756 1917 3827 diligenter

333 3860 666 3923 custoditur,
716 3856 964 3910 maritum
1017 3852 1318 3921 vigilantem
1362 3848 1565 3911 habet,
1615 3845 1913 3902 ministrum

336 3970 447 4008 non
502 3950 704 4011 habeo;
749 3948 793 4001 si
845 3959 1006 3999 ausus
1051 3955 1235 4007 .tcro,
1282 3937 1723 4008 eomprehendor.
1770 3936 1917 3992 Facit

334 4043 493 4114 quasi
518 4037 913 4095 mundatiouem
940 4031 1179 4102 corporis
1205 4048 1216 4084 :
1251 4030 1391 4083 intus
1416 4037 1591 4083 autem
1621 4026 1743 4098 quia
1769 4026 1910 4091 vult,

338 4151 447 4187 non
477 4129 601 4185 facit
629 4125 1028 4183 mdudationem
1055 4121 1290 4191 Spiritus.
1324 4119 1444 4173 Ideo
1472 4117 1689 4172 timebat
1715 4116 1769 4171 in
1792 4130 1915 4172 cor-

272 4190 281 4209 ‘
340 4238 473 4293 pore
499 4221 695 4283 facere,
726 4231 793 4271 ne
825 4215 1026 4269 videret
1054 4190 1251 4277 homo;
1283 4218 1461 4264 etnon
1492 4208 1642 4262 timet
1665 4208 1810 4263 intus
1834 4206 1915 4262 fa-

337 4326 465 4366 cere
492 4352 506 4376 ,
543 4308 632 4362 ubi
678 4306 820 4360 \iJet
860 4304 995 4358 Deus
1028 4319 1042 4354 :
1072 4301 1254 4355 oculos
1276 4297 1504 4352 hominis
1525 4297 1693 4365 vitat,
1732 4305 1786 4353 et
1824 4297 1918 4353 Dei

340 4418 449 4454 non
484 4394 801 4463 timet.Quis
823 4407 949 4464 ergo
974 4389 1180 4462 perlicit
1198 4387 1669 4443 sanetillcationem
1692 4387 1715 4439 τ
1741 4386 1840 4453 Qui
1864 4387 1918 4441 in

343 4495 537 4546 timore
569 4490 661 4544 Dei
690 4498 791 4543 est.
824 4484 1149 4555 Perficientes
1187 4479 1634 4548 sanctiﬁcatione»:
1662 4479 1713 4532 in
1743 4479 1920 4533 timore

344 4583 462 4637 Dei.
490 4581 675 4635 Timor
699 4576 970 4633 hominum
993 4574 1129 4628 forte
1159 4584 1352 4640 corpus
1382 4580 1552 4638 potest
1582 4569 1650 4622 ab
1688 4569 1918 4623 innuim-

340 4675 475 4728 ditia
502 4684 801 4741 temperare
826 4685 841 4735 ;
872 4667 1100 4722 animam
1136 4674 1311 4741 autem
1336 4703 1350 4727 ,
1382 4661 1590 4716 nonnisi
1619 4666 1774 4715 timor
1804 4661 1916 4715 Dei.

341 4761 709 4820 Sanctificavit
748 4760 982 4813 animum
1003 4755 1029 4809 ?
1065 4755 1297 4811 Securus
1324 4763 1407 4807 est
1446 4753 1517 4807 de
1546 4766 1790 4821 corpore.
1819 4750 1918 4816 Qui

344 4856 577 4911 vestitus
602 4862 715 4917 est,
756 4847 986 4905 mundus
1015 4847 1114 4913 sit,
1154 4855 1209 4901 et
1234 4844 1395 4899 vestis
1419 4843 1531 4914 ipsa
1572 4840 1762 4895 munda
1798 4840 1916 4895 erit.

272 4964 275 4969 '
344 4946 677 5002 lnhabitator
704 4943 875 4997 bonus
894 4947 952 4994 et
974 4952 1133 4993 sanus
1162 4936 1231 4991 sit
1249 4977 1264 5000 ,
1294 4943 1347 4989 et
1378 4948 1482 4987 non
1510 4932 1689 4985 timeat
1716 4930 1921 4985 ruinam

342 5041 543 5096 domus
569 5052 700 5092 suae.

444 5130 528 5185 10.
577 5125 758 5182 Carnis
800 5129 970 5196 futura
1012 5119 1351 5174 commutatio.
1419 5114 1549 5171 Caro
1606 5114 1821 5167 hominis
1872 5114 1924 5165 in

345 5238 538 5293 corpus
594 5220 761 5289 angeli
829 5211 1178 5269 convertenda.
1228 5208 1360 5277 Quid
1409 5208 1547 5260 enim
1603 5207 1699 5258 ista
1763 5202 1926 5293 caro?

348 5286 469 5369 Non
497 5313 639 5366 illam
665 5286 923 5362 debemus
961 5313 1319 5358 contmnnere.
1343 5297 1477 5365 Quid
1503 5296 1642 5349 enim
1668 5293 1803 5347 hoc?
1830 5286 1928 5347 Fe-

279 5400 296 5418 ⁹
349 5418 505 5467 tium,
540 5401 637 5456 sed
661 5412 845 5453 aurum
871 5396 991 5450 erit.
1024 5391 1143 5448 Noli
1184 5399 1530 5444 consternat-re
1552 5386 1734 5467 fenum
1761 5425 1775 5444 .
1809 5398 1927 5436 mu-

350 5456 553 5549 tabitur
582 5493 634 5546 in
664 5504 872 5544 aurum.
906 5487 995 5541 Ille
1023 5484 1164 5539 enim
1188 5522 1202 5546 ,
1227 5481 1315 5550 qui
1352 5456 1563 5549 potens.
1586 5474 1682 5530 fuit
1727 5483 1930 5527 mutare

424 5626 442 5656 ⁸
463 5624 596 5683 Fditi,
619 5621 705 5683 oni
727 5615 1088 5683 ltonzineslacit,
1110 5626 1156 5664 ct
1185 5625 1277 5683 ητίη
1299 5619 1480 5683 __1)eum_,
1505 5604 1736 5683 itiunquid
1746 5603 1932 5683 inungi

351 5665 1212 5749 linter?peiﬁi'ilwsluicliﬁcctiauem
1229 5676 1255 5725 .’
1298 5665 1617 5721 Fmendaatur
1634 5665 1708 5718 ad
1745 5665 1931 5716 θειω-

353 5752 617 5798 aemulis.

1743 277 1969 352 smine
2006 274 2185 349 XLVI.
3480 299 3547 354 εγ

2008 422 2200 474 aquam
2228 408 2278 460 in
2311 408 2507 475 vinum,
2528 418 2714 478 potens
2742 417 2822 465 est
2847 416 3053 467 mutare
3080 410 3259 468 fenum
3289 411 3341 467 in
3370 428 3579 479 aurum,

2010 496 2146 553 etde
2174 515 2333 554 carne
2362 500 2536 555 facere
2556 503 2817 573 angelum.
2851 503 2904 559 Si
2937 505 3002 560 de
3045 504 3288 561 Sordibus
3325 507 3450 564 fecit
3480 509 3578 563 lio-

2010 589 2227 651 minem,
2281 589 2348 645 de
2392 589 2603 645 homine
2645 608 2751 648 non
2798 593 2954 650 faciet
3000 596 3282 667 angelum?
3331 592 3580 654 Attendat

2011 679 2153 735 enim
2186 679 2426 735 Charitas
2454 691 2625 735 vestra
2653 682 2793 739 unde
2822 683 2991 741 factus
3013 696 3095 741 est
3120 686 3301 754 homo,
3325 698 3377 742 et
3406 688 3579 743 videte

2010 771 2054 825 si
2084 769 2167 826 vel
2203 772 2435 842 cogitare
2479 772 2607 827 illud
2645 774 2905 831 volumus.
2941 776 3015 831 Dc
3044 778 3161 833 istis
3186 777 3429 834 sordibus
3458 778 3581 834 fecit

2011 859 2279 917 hominem
2322 870 2376 916 et
2414 862 2651 933 praifecit
2690 863 2808 921 aliis
2838 852 3244 935 animabilibus;
3275 869 3343 924 de
3363 868 3581 925 homine

2010 967 2116 1009 non
2162 952 2319 1008 faciet
2358 953 2640 1024 angelum?
2682 954 2863 1011 Faciet
2911 971 3148 1026 prorsus.
3200 958 3412 1014 Amicos
3455 973 3580 1015 suos

2010 1042 2110 1097 sibi
2135 1042 2257 1098 fecit
2275 1044 2536 1110 homines,
2559 1058 2662 1100 non
2686 1045 2804 1101 illos
2832 1043 3064 1103 facturus
3082 1056 3164 1104 est
3182 1049 3436 1120 angelos?
3458 1046 3580 1103 Iam

2011 1148 2112 1187 non
2164 1132 2329 1186 dicam
2370 1146 2456 1188 vos
2479 1149 2680 1200 servos,
2725 1136 2813 1190 sed
2853 1136 3041 1192 amicos
3084 1135 3406 1211 (Joan.xv,
3449 1141 3576 1211 l5).

2010 1223 2197 1279 Adhuc
2259 1239 2473 1280 carnem
2526 1226 2857 1295 portantibus
2886 1268 2903 1294 ,
2958 1226 3131 1284 adhuc
3190 1228 3574 1295 morientibus,

2009 1313 2184 1369 adhuc
2223 1315 2274 1368 in
2319 1315 2418 1369 ista
2443 1324 2676 1385 egestate
2704 1325 2757 1370 et
2784 1314 3064 1387 fragilitate
3090 1318 3211 1372 vita:
3241 1319 3575 1373 versantibus

2010 1401 2140 1457 dixit
2164 1446 2179 1471 ,
2218 1403 2339 1457 lam
2362 1419 2447 1459 vos
2472 1421 2571 1458 non
2595 1405 2758 1458 dicam
2778 1420 2941 1461 servos
2961 1448 2974 1472 ,
3010 1407 3097 1460 sed
3118 1406 3322 1461 amicos.
3351 1406 3415 1461 Et
3441 1408 3564 1477 quid

2009 1503 2091 1548 est
2111 1492 2327 1549 daturus
2351 1494 2567 1550 amicis?
2583 1492 2733 1561 Quod
2761 1496 2814 1549 in
2835 1511 2892 1551 se
2912 1496 3026 1565 ipso
3046 1494 3276 1550 ostendit
3300 1511 3577 1565 resurgen-

2011 1584 2510 1653 te.Coronabuntur,
2527 1595 2578 1640 et
2591 1596 2969 1641 convertentur
2981 1587 3032 1643 in
3050 1587 3268 1657 gloriam
3286 1588 3574 1646 cmicStem,

2007 1683 2062 1728 et
2104 1680 2262 1732 erunt
2303 1673 2532 1744 mqualcs
2576 1675 2791 1746 Angelis
2824 1675 2914 1730 Dei
2959 1675 3107 1749 (Luc.
3136 1690 3207 1729 xx
3235 1715 3249 1741 ,
3281 1676 3393 1747 56).
3428 1674 3574 1730 Nulla

2008 1764 2112 1820 erit
2134 1765 2421 1834 corruptio,
2445 1764 2584 1819 nulla
2624 1765 2869 1820 titillatio.
2902 1764 3017 1821 Non
3050 1766 3120 1822 ibi
3159 1765 3311 1821 nobis
3338 1767 3575 1831 dicetur,

2011 1852 2257 1908 Nuntiate
2295 1870 2380 1908 vos
2404 1855 2466 1913 ab
2503 1855 2638 1908 omni
2665 1856 3066 1925 coinquinatione
3088 1858 3254 1911 carnis
3281 1865 3329 1911 et
3350 1857 3575 1928 spiritus.

2007 1945 2122 2000 Non
2152 1945 2509 2002 laborabimus
2543 1988 2557 2013 ,
2600 1962 2699 2002 nec
2723 1948 2878 2003 nobis
2906 1948 3241 2017 promittatur
3266 1946 3536 2018 pri-mium
3563 1966 3576 2010 ;

1976 2050 1984 2060 '
2009 2037 2128 2107 quia
2153 2035 2262 2107 jam
2285 2036 2601 2107 accepimus.
2629 2035 2737 2091 Nec
2768 2037 2921 2091 nobis
2959 2033 3166 2091 dicetur
3192 2047 3247 2091 ut
3269 2046 3575 2107 gemamus;

2009 2128 2130 2199 quia
2149 2129 2257 2199 jam
2286 2127 2577 2182 laudamus.
2612 2126 2759 2181 Sicut
2784 2127 2924 2183 enim
2946 2142 3069 2182 caro
3090 2129 3328 2183 mortalis
3354 2139 3572 2182 canvcr~

2010 2219 2136 2273 titur
2162 2220 2212 2272 in
2240 2232 2432 2288 corpus
2472 2218 2679 2288 angeli;
2710 2218 2788 2273 sic
2812 2228 2865 2272 ct
2903 2219 3130 2288 gemitus
3160 2227 3499 2274 convcrtctur
3528 2220 3579 2273 in

2008 2309 2211 2365 laudes.
2244 2309 2340 2364 llic
2368 2309 2705 2380 pteniteutia,
2744 2317 2798 2363 et
2830 2322 3104 2379 pressura,
3127 2319 3181 2363 et
3206 2310 3432 2380 gemitus
3465 2328 3478 2363 :
3510 2309 3581 2362 ibi

2010 2399 2192 2456 laudes
2212 2443 2226 2465 ,
2278 2400 2456 2455 laetitia
2477 2441 2491 2466 ,
2531 2408 2584 2454 et
2608 2394 2875 2470 gaudium.
2905 2399 3093 2454 Postea
3121 2414 3268 2470 ergo,
3297 2399 3456 2455 modo
3478 2416 3581 2454 non

2009 2502 2090 2548 est
2115 2491 2314 2547 laetitia.
2341 2491 2443 2548 Sed
2466 2491 2593 2547 ubi?
2623 2491 2677 2545 ln
2703 2505 2817 2561 spe.
2846 2489 3087 2545 Nondum
3116 2500 3298 2557 tenes,
3329 2490 3424 2547 sed
3463 2506 3584 2562 spc-

2011 2581 2176 2636 rando
2196 2579 2429 2652 gaudes:
2458 2579 2581 2650 quia
2605 2580 2695 2651 qui
2717 2579 2956 2650 promisit
2976 2592 3079 2635 non
3100 2588 3273 2650 potest
3299 2580 3543 2652 decipere
3561 2579 3589 2647 ς’

2009 2673 2129 2743 quia
2155 2673 2243 2743 qui
2270 2672 2538 2742 promisit,
2572 2670 2729 2725 habet
2756 2677 2811 2725 et
2832 2669 2942 2725 dat.

2504 2760 2735 2817 saeuo
2771 2760 2933 2817 xm
2957 2760 3091 2832 '(a).

2012 2853 2089 2909 De
2129 2854 2419 2909 l’astoribus
2444 2855 2495 2925 in
2530 2852 2759 2908 Ezechiel
2791 2871 2907 2924 cap.
2944 2869 3105 2909 xxxnv
3129 2855 3300 2920 ,1-16
3324 2896 3339 2923 ,
3381 2857 3443 2910 ab
3481 2858 3583 2912 illis

2081 2946 2238 3000 verbis
2261 2987 2276 3011 ,
2311 2945 2374 2999 Et
2405 2944 2595 2999 factum
2619 2952 2735 3011 est,
2767 2956 2861 2999 etc.
2892 2986 2907 3011 ,
2933 2960 3123 3015 usque,
3157 2945 3222 3001 Et
3256 2960 3465 3016 pascam
3489 2964 3583 3004 eas

2082 3052 2201 3093 cum
2219 3036 2435 3104 judicio.
2467 3035 2651 3091 Contra
2679 3034 2972 3091 Donutistas
2998 3037 3093 3109 (δ).
3193 3042 3197 3046 ’

2081 3126 2306 3183 CAPUT
2346 3125 2621 3183 PRIMUM.
2654 3156 2723 3166 —
2768 3128 2816 3182 f.
2859 3125 2937 3181 De
2972 3128 3254 3197 pastoribus
3300 3144 3399 3185 non
3442 3148 3573 3195 ores,

2011 3219 2098 3272 sed
2161 3234 2215 3273 se
2262 3218 2397 3287 ipsos
2444 3217 2778 3287 pascentibus.
2826 3216 2960 3288 Spes
2994 3226 3103 3274 tota
3139 3230 3318 3275 nostra
3357 3223 3475 3292 quia
3532 3226 3582 3277 in

2013 3306 2223 3386 Christo
2268 3318 2369 3371 est,
2423 3317 2476 3363 et
2506 3308 2625 3378 quia
2665 3309 2837 3363 omnis
2888 3325 3010 3364 vera
3054 3318 3107 3365 et
3147 3311 3372 3367 salubris
3412 3314 3580 3384 gloria

2016 3411 2193 3456 nostra
2221 3402 2331 3470 ipse
2357 3409 2455 3463 est,
2481 3416 2586 3455 non
2616 3416 2755 3456 nunc
2779 3402 3004 3471 primum
3031 3402 3212 3458 didicit
3233 3405 3474 3460 Charitas
3497 3422 3585 3461 \e-

2016 3500 2146 3545 stra.
2176 3489 2316 3544 Estis
2342 3492 2481 3545 enim
2511 3491 2561 3543 in
2593 3490 2707 3559 ejus
2732 3507 2910 3560 grege,
2949 3493 3038 3562 qui
3080 3494 3304 3548 intendit
3339 3504 3390 3549 et
3420 3497 3586 3564 pascit

2020 3581 2178 3636 ISi-ael
2215 3579 2386 3651 (Psal.
2413 3597 2598 3646 Lxstx,
2627 3581 2705 3652 ἓ).
2738 3580 2843 3636 Sed
2873 3583 3118 3653 quoniam
3165 3593 3285 3639 sunt
3325 3596 3582 3658 pastores,

2017 3671 2103 3740 qui
2134 3679 2398 3738 pastorum
2429 3670 2640 3723 nomine
2666 3670 2896 3739 gaudere
2931 3672 3133 3738 volunt,
3159 3673 3382 3743 pastoris
3408 3686 3581 3729 autem

2019 3760 2249 3813 ofﬁcium
2282 3760 2502 3828 implere
2531 3759 2714 3813 nolunt
2733 3762 2769 3826 ';
2793 3760 2919 3830 quid
2943 3761 3006 3815 ad
3032 3776 3125 3817 eos
3150 3778 3245 3833 per
3269 3764 3583 3837 Proplictam

2019 3853 2179 3912 dicat.
2218 3852 2353 3907 sicut
2390 3851 2582 3906 lectum
2621 3851 2937 3921 audivimus,
2966 3869 3353 3912 recenscamus.
3395 3860 3587 3914 Audite

2019 3960 2115 3998 vos
2142 3959 2264 4000 cum
2292 3944 2602 4010 intentione,
2633 3945 2908 4000 audiamus
2930 3960 3028 4001 nos
3052 3962 3171 4001 cum
3195 3958 3443 4006 tremore.

2075 4036 2420 4101 ‘2.Cln'istiani,
2441 4019 2776 4107 propternos;
2793 4038 3068 4108 prtepositi,
3084 4036 3287 4109 pmpt'er
3296 4040 3590 4097 alios—Et

2022 4134 2206 4200 factum
2229 4141 2297 4182 est
2319 4129 2386 4182 ad
2406 4146 2483 4182 me
2505 4129 2705 4182 verbum
2726 4127 2951 4196 Domini,
2975 4131 3183 4186 dicens:
3211 4128 3316 4186 Fili
3352 4133 3587 4199 Imminis,

2021 4222 2266 4294 prop/tela
2282 4223 2301 4252 ²
2323 4237 2473 4289 super
2496 4229 2717 4291 pastores
2738 4219 2919 4276 Israel.
2939 4221 3083 4277 lianc
3107 4224 3382 4280 lectionem
3410 4227 3584 4289 modo,

2024 4328 2145 4366 cum
2187 4311 2468 4381 legeretur,
2511 4309 2806 4365 audivimus
2833 4304 2855 4365 ε’
2889 4311 3012 4367 hinc
3048 4328 3168 4368 cum
3193 4325 3363 4371 vestra
3389 4315 3592 4371 Sancti-

2025 4413 2135 4458 tate
2161 4402 2359 4473 aliquid
2386 4401 2525 4472 loqui
2556 4400 2907 4457 decrevimus.
2934 4400 3213 4473 Adjuvabit
3237 4406 3368 4475 ipse,
3394 4417 3449 4461 ut
3469 4423 3592 4461 vera

2025 4496 2280 4561 dicamus,
2306 4494 2350 4549 si
2377 4510 2482 4549 non
2511 4505 2689 4549 nostra
2719 4493 2975 4549 dicamus.
3005 4495 3132 4550 Nam
3161 4496 3206 4551 si
3231 4505 3413 4553 nostra
3442 4498 3591 4555 disc-

2024 4588 2210 4651 rimus,
2244 4594 2480 4655 pastores
2520 4583 2718 4638 erimus
2744 4592 3021 4653 pascentes
3048 4601 3143 4641 nos
3162 4629 3177 4655 ,
3216 4604 3319 4641 non
3355 4605 3520 4645 oves:
3549 4591 3592 4644 si

2024 4686 2199 4731 autem
2228 4674 2369 4729 illius
2391 4683 2651 4743 suntquae
2674 4672 2914 4737 dicimus,
2941 4686 3035 4745 per
3055 4677 3344 4746 quemlibet
3367 4679 3479 4746 ipse
3502 4696 3595 4732 vos

2024 4776 2225 4836 pascet.
2246 4762 2367 4818 flare
2391 4763 2511 4816 dicit
2538 4762 2781 4817 Dominus
2795 4762 2926 4817 Deus
2950 4780 2967 4817 :
2995 4763 3039 4817 0
3060 4775 3282 4835 pastores
3303 4765 3485 4828 Israel,
3511 4771 3593 4837 qui

2025 4866 2235 4930 pascunt
2259 4871 2312 4909 se
2337 4855 2469 4908 solos
2488 4852 2508 4905 .'
2527 4851 2787 4923 Numquid
2811 4870 2909 4907 non
2935 4869 3045 4907 oves
3071 4867 3283 4924 pascunt
3309 4864 3528 4922 pastores
3550 4857 3596 4910 ’1'

2091 4990 2108 5020 ι
2130 4988 2246 5036 ωηο
2266 4990 2497 5046 tractatus
2529 4981 2748 5046 pluribus
2768 4983 2818 5030 in
2838 4983 3354 5046 manusm'lptlsincipit
3391 4985 3439 5033 iu
3472 4964 3598 5046 hunc

2027 5049 2219 5100 modum
2244 5061 2257 5095 ε
2282 5043 2370 5108 ρηρ
2652 5054 2819 5108 nomen
2843 5042 2964 5105 (vel,
2986 5041 3195 5108 nonaria)
3217 5041 3389 5094 (sicilire
3422 5044 3594 5107 rolnni,

2028 5117 2272 5175 iustorum
2290 5101 2498 5175 autem»
2518 5101 2715 5168 implere
2735 5101 2913 5175 aptum,
2940 5102 3054 5167 quid
3077 5101 3142 5152 ad
3161 5101 3254 5165 cos,
3274 5111 3371 5154 etc.

2092 5175 2111 5204 ²
2128 5172 2201 5220 sic
2222 5163 2461 5218 MssTEditi
2476 5163 2925 5227 vero',pr0plte_tisa.

2095 5233 2116 5265 s
2140 5231 2256 5281 adiri
2290 5244 2303 5278 :
2332 5237 2412 5278 Va:
2434 5223 2699 5291 pastoritius
2721 5223 2817 5289 ’φά
2851 5230 3049 5291 pascunt
3084 5238 3131 5291 se
3167 5225 3323 5276 solos!
3360 5226 3599 5291 Nunquid

2030 5306 2137 5344 oves
2157 5296 2354 5356 pascunt
2374 5286 2629 5351 pastores?
2658 5293 2716 5338 At
2735 5286 3060 5351 unnusaipti,
3078 5289 3216 5349 juxta
3238 5295 3363 5349 Lxx,
3383 5298 3423 5339 ο
3444 5286 3602 5353 priste-

2034 5370 2111 5406 res
2137 5352 2301 5410 Israel,
2323 5358 2416 5402 etc.
3446 5352 3453 5353 '

2098 5419 2112 5434 '
2141 5415 2423 5477 Itecoguitus
2442 5418 2517 5477 est
2537 5411 2594 5460 ad
2617 5411 2669 5460 b.
2705 5420 2774 5461 es.
2802 5411 2851 5477 ll.
2890 5423 2965 5474 gr.
3001 5408 3034 5458 l.
3055 5423 3127 5477 pr.
3146 5423 3190 5458 r.
3208 5423 3296 5459 rm.
3322 5422 3363 5460 s.
3410 5420 3507 5461 Am.
3527 5417 3599 5461 Er.

2037 5479 2170 5528 t'lim.
2188 5472 2298 5527 me
2337 5482 2390 5525 et
2419 5474 2480 5522 ad
2498 5482 2718 5523 veterem
2749 5472 2964 5522 codicem
2991 5478 3042 5520 υ.
3067 5472 3131 5520 de
3148 5480 3189 5519 s.
3211 5478 3442 5532 Georges,
3465 5485 3602 5522 cano-

2039 5542 2128 5590 nici
2159 5538 2346 5589 comitis
2367 5535 2763 5598 l.ug(luncnsis,'a
2785 5539 2913 5596 ltcge
2950 5533 3177 5580 nominati
3201 5532 3261 5580 ad
3280 5532 3603 5596 epistoiatutu

2037 5604 2459 5651 claromontaaum.

2102 5662 2172 5721 (α)
2196 5660 2316 5721 Alias
2336 5660 2399 5706 de
2422 5656 2787 5721 'I'eunnn'ellﬁﬁ,
2812 5653 2891 5721 vel
2914 5656 2960 5703 in
2981 5662 3112 5721 tonio
3132 5654 3359 5721 9__editus.

2107 5716 2177 5784 (ὑ)
2209 5727 2273 5769 l-lx
2300 5718 2386 5768 hac
2405 5716 2628 5768 somnone
2653 5717 2789 5781 plara
2810 5716 2971 5768 l-‘larns
2994 5719 3049 5791 ad
3076 5716 3202 5766 l'auli
3226 5725 3273 5781 ιιι
3290 5717 3471 5769 istoin.
