3938 6186
390 370 445 425 ω
493 377 598 433 est,
646 382 750 422 non
799 380 859 422 se
912 370 1138 435 pascunt
1186 368 1446 433 pastores,
1502 359 1595 415 sed
1643 374 1789 416 oves.
1841 359 1966 415 llzrc

386 461 553 530 prima
581 473 737 516 causa
765 465 847 513 est
873 468 1036 526 quare
1065 461 1351 524 arguantur
1367 458 1608 522 pastores
1635 449 1740 517 isti,
1759 450 1880 521 quia
1907 464 1966 505 se

386 552 530 623 ipsos
558 557 799 621 pascunt,
827 560 932 600 non
972 556 1119 597 oves.
1160 541 1260 611 Qui
1297 550 1420 595 sunt
1460 539 1549 611 qui
1592 554 1652 595 se
1693 539 1836 608 ipsos
1874 554 1967 609 pa-

384 640 573 698 scunt?
613 640 689 695 De
727 635 919 708 quibus
948 633 1234 706 Apostolus
1271 631 1438 688 dicit:
1471 630 1654 686 Omnes
1685 630 1815 685 enim
1853 644 1967 701 qua:

372 748 478 786 sua
502 738 619 786 sunt
645 736 897 800 quierunt,
937 742 1038 781 non
1067 740 1179 797 qua
1208 723 1335 779 Iesu
1371 722 1558 779 Christi
1584 721 1603 794 (
1626 722 1857 792 Philipp.
1903 737 1958 788 ll,

383 824 446 881 2i
475 823 517 891 ).
546 822 656 879 Nos
678 822 843 889 enim,
865 808 1002 893 ques
1025 818 1079 875 in
1107 818 1213 874 isto
1244 817 1380 883 loco,
1423 814 1491 872 de
1526 830 1630 898 quo
1667 814 1963 887 periculosa

388 913 525 969 ratio
544 911 803 979 redditur,
824 908 1080 966 Dominus
1094 904 1386 964 secundum
1407 904 1762 977 dignationem
1789 917 1960 971 suam,

387 1020 495 1062 non
523 1001 813 1060 secundum
836 999 1084 1055 meritum
1114 1005 1355 1053 nostrum
1385 994 1677 1063 constituit,
1706 992 1963 1048 habemus

332 1066 333 1071 γ
384 1088 493 1165 quo
533 1094 773 1167 qnzedam
803 1111 816 1148 :
844 1106 1053 1157 unum,
1094 1088 1233 1161 quod
1273 1086 1548 1143 christiani
1587 1100 1801 1150 sumus;
1829 1085 1962 1139 alte-

379 1190 523 1253 rum,
549 1183 687 1255 quod
719 1180 987 1253 przepositi
1010 1195 1213 1237 sumus.
1244 1179 1373 1235 Illud
1398 1177 1537 1250 quod
1570 1177 1843 1233 christiani
1869 1191 1959 1231 su-

382 1291 519 1344 mus,
547 1284 763 1347 propter
784 1289 878 1329 nos
908 1284 989 1329 est
1014 1292 1027 1328 :
1055 1271 1195 1346 quod
1226 1281 1404 1328 autem
1448 1270 1715 1342 praepositi
1754 1284 1959 1335 sumus,

388 1378 605 1437 propter
626 1382 720 1423 vos
748 1375 848 1422 est.
879 1365 935 1421 lu
963 1381 1029 1421 eo
1064 1363 1206 1437 quod
1245 1363 1521 1420 christiani
1561 1375 1762 1427 sumus,
1793 1368 1964 1415 atten-

379 1458 522 1513 ditur
553 1457 749 1512 utilitas
787 1466 1009 1512 nostra:
1042 1456 1094 1511 in
1121 1471 1187 1511 eo
1225 1454 1366 1526 quod
1410 1453 1712 1525 praepositi,
1752 1451 1962 1507 nonnisi

380 1559 577 1606 vestra.
601 1549 737 1605 Sunt
762 1557 939 1605 autem
965 1547 1116 1603 multi
1142 1546 1437 1613 christiani,
1460 1554 1515 1601 et
1538 1559 1645 1600 non
1671 1543 1958 1615 prmpOsiti,

381 1644 472 1714 qui
504 1642 817 1714 perveniunt
852 1640 919 1695 ad
962 1639 1131 1696 Deum
1154 1639 1195 1705 ¹,
1235 1636 1469 1693 faciliore
1500 1636 1724 1691 fortasse
1754 1635 1959 1698 itinere,

387 1743 441 1788 et
466 1744 621 1794 tanta
633 1731 769 1797 forte
786 1730 1083 1801 expeditius
1102 1728 1453 1795 ambulantes,
1478 1734 1676 1797 quanto
1702 1727 1960 1780 minorem

379 1823 649 1881 sarcinam
674 1822 911 1893 portant;
924 1819 1033 1875 Nos
1048 1828 1246 1882 autem,
1268 1828 1490 1889 excepto
1516 1817 1656 1889 quod
1687 1816 1960 1872 christiani

344 1926 353 1931 '
387 1930 594 1982 sumus,
632 1913 772 1970 unde
812 1912 1071 1969 rationem
1100 1911 1385 1968 reddemus
1412 1911 1519 1971 Deo
1542 1910 1607 1966 de
1627 1910 1729 1965 vita
1757 1920 1959 1977 nostra,

386 2021 571 2061 sumus
617 2002 1141 2075 etiamprmpositi,
1189 2000 1330 2055 unde
1376 2001 1630 2054 rationem
1680 2000 1963 2054 reddemus

386 2100 494 2154 Deo
523 2097 590 2153 dc
615 2096 1008 2166 dispensatione
1035 2104 1234 2149 nostra.
1270 2090 1479 2147 Adhuc
1505 2092 1657 2146 istam
1686 2091 1959 2146 difficulta-

387 2201 498 2252 tem
519 2202 783 2261 propono,
807 2194 863 2240 ut
882 2183 1265 2255 eompatientes
1291 2182 1463 2248 nobis,
1485 2183 1647 2238 oretis
1671 2197 1766 2252 pro
1789 2181 1957 2236 nobis.

388 2278 578 2335 Veniet
602 2277 743 2333 enim
769 2275 906 2342 dies,
929 2289 1034 2345 quo
1062 2283 1250 2329 cuncta
1280 2272 1610 2328 adducantur
1631 2273 1681 2327 in
1704 2272 1960 2349 judicium

382 2366 577 2439 (Eccle.
604 2383 701 2435 xu,
728 2363 838 2439 14).
869 2364 936 2419 Ει
964 2365 1050 2420 ille
1074 2362 1212 2431 dies,
1234 2363 1279 2419 si
1309 2363 1504 2418 smculo
1534 2362 1687 2433 longe
1715 2372 1818 2428 est,
1844 2363 1961 2417 uni-

382 2460 574 2532 cuique
599 2457 800 2513 homini
837 2455 959 2510 vita:
998 2469 1111 2511 suae
1152 2454 1387 2509 ultimus.
1414 2467 1576 2524 prepe
1622 2463 1720 2508 est.
1762 2453 1959 2508 Tamen

385 2558 669 2618 utrumque
704 2547 872 2602 latere
910 2545 1053 2600 Deus
1076 2544 1262 2611 voluit,
1303 2554 1356 2599 et
1394 2544 1605 2614 quando
1633 2544 1804 2598 veniat
1842 2544 1961 2600 finis

383 2640 583 2708 su‘culi,
603 2647 663 2694 ’et
687 2637 899 2709 quando
922 2637 991 2692 sit
1011 2637 1065 2692 in
1086 2634 1403 2707 unoquoque
1423 2634 1641 2691 homine
1666 2635 1820 2706 hujus
1841 2637 1960 2691 vitae

384 2732 525 2788 linis.
554 2731 647 2785 Vis
673 2747 776 2785 non
819 2730 1003 2785 timere
1041 2728 1187 2785 diem
1212 2724 1698 2789 occulth'Dum
1723 2730 1957 2796 venerit,

386 2822 618 2877 inveniat
643 2830 693 2877 te
720 2827 981 2892 paratum.
1010 2818 1142 2874 Cum
1169 2834 1296 2890 ergo
1322 2818 1587 2889 prmpositi
1610 2818 1674 2873 ad
1704 2819 1806 2873 hoc
1834 2820 1958 2885 sint,

386 2894 440 2968 ut
472 2912 555 2968 his
583 2915 670 2985 qui
706 2910 928 2982 subjecti
960 2920 1084 2967 sunt
1111 2910 1423 2978 consulant;
1457 2925 1563 2965 non
1601 2912 1653 2966 in
1683 2907 1791 2966 eo"
1820 2911 1958 2982 quod

386 3017 640 3070 prcesum,
672 3005 890 3058 omnino
916 3002 1196 3057 utilitatem
1227 3016 1376 3056 suam
1406 3000 1703 3066 attendant,
1743 3001 1836 3056 sed
1865 3018 1958 3057 eo-

383 3113 502 3152 rum
528 3098 719 3166 quibus
748 3094 1067 3149 ministrant.
1109 3091 1358 3162 Quisquis
1397 3092 1462 3146 ita
1504 3090 1820 3162 prmpositus
1856 3101 1955 3158 est,

384 3185 437 3242 ui
465 3189 515 3241 in
546 3204 609 3242 eo
640 3187 780 3256 quod
811 3185 1123 3256 praepositus
1152 3192 1266 3251 est,
1306 3182 1533 3255 gaudeat
1553 3225 1568 3249 ,
1612 3194 1666 3238 et
1704 3183 1959 3241 honorent

387 3294 540 3332 suum
578 3285 814 3348 quaerat,
853 3286 907 3334 et
968 3275 1245 3331 commoda
1295 3290 1390 3329 sua
1441 3276 1549 3330 sola
1589 3276 1863 3346 respiciat,
1904 3292 1962 3333 se

383 3369 570 3438 pascit,
595 3384 699 3421 non
723 3381 875 3422 oves.
899 3364 978 3421 Ad
1008 3365 1106 3419 hos
1131 3379 1310 3419 sermo
1329 3361 1593 3435 dirigitur.
1616 3363 1806 3419 Audite
1834 3375 1959 3419 tan-

383 3475 539 3529 quam
567 3454 694 3513 oves
721 3456 834 3525 Dei,
861 3466 913 3512 et
951 3455 1124 3515 videte
1153 3455 1600 3527 quemadmodum
1625 3469 1720 3511 vos
1746 3471 1961 3512 securos

384 3551 569 3608 iecerit
605 3550 743 3604 Deus
768 3567 781 3602 :
810 3549 1220 3620 qualescumque
1258 3548 1364 3603 sint
1401 3548 1488 3618 qui
1510 3548 1667 3603 vehis
1706 3560 1957 3620 prarsuut,

387 3644 437 3698 id
476 3653 577 3707 est,
620 3640 1037 3711 qualescumque
1063 3654 1161 3695 nos
1199 3653 1395 3707 simus;
1438 3637 1586 3694 vobis
1623 3640 1961 3695 securitatem

381 3733 544 3793 dedit.
570 3732 656 3802 qui
687 3730 857 3802 pascit
886 3730 1066 3786 Israel.
1098 3729 1229 3784 Nam
1273 3730 1411 3784 Deus
1450 3744 1552 3783 non
1596 3728 1794 3786 deserit
1834 3745 1962 3786 oves

382 3839 537 3889 suas;
569 3834 624 3878 et
649 3821 775 3877 mali
806 3831 1047 3891 pastores
1084 3834 1273 3893 pteuas
1297 3818 1503 3874 debitas
1542 3819 1709 3886 luent,
1751 3830 1805 3875 et
1834 3837 1961 3877 oves

385 3915 641 3985 promissa
671 3912 983 3984 percipient.

455 4003 681 4063 CAPUT
720 4002 783 4059 ll.
810 3996 1229 4059 ——-"3.'Pastorcs
1256 3996 1341 4070 qui
1362 4016 1416 4055 se
1438 4008 1670 4072 pascunt,
1697 4016 1794 4053 non
1824 4017 1956 4054 ores.

390 4097 674 4153 Videamus
719 4110 847 4166 ergo
894 4092 1021 4166 quid
1071 4092 1367 4163 alloquetur
1420 4099 1656 4161 pastores
1707 4106 1764 4145 se
1820 4091 1962 4162 ipsos

394 4168 695 4261 pascentes,
736 4202 840 4242 non
881 4200 1030 4254 oves,
1070 4199 1247 4240 sermo
1289 4183 1500 4238 divinus
1539 4183 1802 4238 neminem
1847 4184 1960 4253 pal-

386 4297 538 4353 pans.
570 4281 697 4336 Ecce
721 4279 801 4335 lac
825 4275 1140 4342 consumitis,
1171 4284 1219 4329 et
1248 4274 1378 4331 lanis
1413 4290 1497 4329 t'as
1535 4276 1718 4346 legitis,
1747 4285 1794 4329 et
1830 4277 1963 4347 quod

390 4386 618 4426 crassum
643 4379 715 4423 est
735 4365 1039 4436 interﬁcitis,
1063 4374 1107 4418 et
1126 4379 1239 4417 oves
1266 4379 1401 4417 meas
1441 4380 1540 4417 non
1571 4365 1772 4433 pascitis
1795 4366 1962 4435 :qnod

384 4463 697 4531 inﬁrmatam
722 4467 813 4525 est,
845 4474 944 4512 non
972 4455 1293 4528 caufortastis
1308 4469 1329 4519 ;
1356 4464 1400 4508 et
1428 4455 1562 4526 quod
1597 4467 1841 4527 a’grotum
1867 4469 1960 4526 est,

385 4569 485 4607 non
511 4549 896 4613 carroborastis;
925 4556 971 4602 et
997 4544 1133 4617 quod
1159 4544 1544 4599 contribulatum
1568 4555 1658 4610 est,
1689 4562 1787 4600 non
1815 4549 1960 4602 colli-

385 4644 583 4717 gastis;
608 4649 656 4697 et
682 4626 818 4710 quod
841 4638 1057 4705 errabat,
1096 4655 1197 4691 non
1234 4636 1540 4701 revocastis;
1567 4647 1610 4690 et
1636 4637 1769 4706 quod
1794 4641 1959 4709 periit,

389 4754 490 4794 non
527 4733 839 4806 inquisistis;
877 4742 924 4787 et
962 4731 1096 4803 quod
1133 4730 1261 4801 forte
1299 4730 1416 4799 fuit,
1444 4729 1724 4801 confecistis
1749 4746 1767 4783 :
1796 4741 1840 4784 et
1880 4733 1961 4784 di-

385 4843 575 4903 spersc
597 4836 714 4881 sunt
741 4841 855 4881 oves
881 4840 1035 4890 metu,
1063 4840 1120 4878 eo
1148 4822 1281 4894 quod
1310 4839 1411 4877 non
1437 4821 1499 4876 sit
1539 4832 1730 4893 pastor.
1766 4823 1966 4879 Dicitur

389 4925 443 4979 in
473 4928 716 4993 pastores
742 4924 1022 4988 pascentes
1045 4915 1380 5000 semetipsos,
1413 4930 1521 4971 non
1550 4930 1698 4980 oves,
1726 4915 1850 4986 quid
1879 4916 1956 4971 di—

382 5017 573 5085 l'gant,
597 5008 725 5084 quid
751 5009 1034 5082 negligant.
1056 5006 1193 5076 Quid
1220 5022 1346 5078 ergo
1371 5006 1628 5078 diligunt?
1656 5006 1758 5061 Lac
1781 5024 1964 5061 consu—

390 5106 550 5169 mitis,
575 5113 623 5159 et
646 5102 782 5162 lanis
809 5118 896 5158 vos
919 5101 1102 5173 legitis.
1142 5100 1363 5170 Propter
1398 5099 1540 5170 quod
1566 5101 1848 5171 Apostolus
1885 5100 1940 5157 di

390 5198 478 5263 cit,
515 5195 641 5265 Quis
667 5195 862 5267 plantat
889 5195 1101 5259 vineam,
1134 5202 1179 5246 et
1203 5192 1266 5246 de
1292 5196 1458 5264 {ructu
1498 5193 1605 5262 ejus
1640 5210 1738 5247 non
1776 5193 1966 5247 sumit?

387 5287 521 5353 Quis
539 5285 707 5355 pascit
724 5300 944 5356 gregem,
962 5292 1008 5337 et
1028 5283 1090 5337 de
1109 5280 1237 5336 lacte
1254 5282 1418 5352 gregis
1437 5298 1535 5336 non
1554 5282 1763 5353 percipit
1787 5281 1826 5352 (l
1845 5280 1962 5335 Cor.

396 5393 471 5444 ιι,
498 5377 590 5449 7)?
618 5375 921 5434 Invenimus
960 5386 1087 5443 ergo
1124 5387 1242 5427 esse
1286 5372 1367 5427 lac
1402 5374 1597 5443 gregis,
1641 5372 1895 5444 quidquid
1933 5388 1963 5426 τι

451 5528 673 5593 {Aliquot
688 5536 828 5593 _atss.:
852 5532 904 5593 et
919 5531 1027 5577 sunt
1048 5521 1202 5585 nurui,
1215 5522 1302 5587 qui
1322 5534 1343 5574 (
1358 5520 1577 5573 hristiani
1598 5530 1643 5573 et
1666 5536 1757 5574 non
1783 5532 1968 5589 Pramo-

390 5588 483 5654 tt'ti.
507 5587 782 5653 perueniunt
797 5589 861 5638 ad
884 5597 1047 5654 Deum.

454 5653 473 5682 ⁸
497 5660 673 5702 omnes
696 5658 821 5708 Mss,
842 5658 928 5697 nec
948 5653 996 5697 tu
1017 5658 1091 5697 eo.

1603 247 1660 305 S.
1702 247 2066 306 AUGUSTI?“
2107 242 2405 307 EPISCOPI

3536 243 3638 316 ’27!

2074 360 2230 431 plebe
2258 362 2350 420 Dei
2378 363 2625 420 tribuitur
2652 364 2666 397 ‘
2712 365 3008 437 prtepositis
3033 355 3532 427 adsustentan‘dum
3561 374 3633 427 vi-

2071 460 2213 508 ctum
2242 455 2587 526 temporalem
2607 456 2649 508 ².
2681 452 2809 511 lude
2833 457 2974 512 enim
3001 456 3314 529 loquebatur
3334 461 3633 533 Apostolus,

2071 555 2191 597 eum
2218 542 2332 599 hrec
2354 543 2555 600 diceret
2580 560 2697 617 qua:
2724 548 3155 603 commemdravi.
3214 556 3217 559 '

2140 632 2195 687 4.
2236 631 2405 688 Laetis
2435 634 2742 707 percipiendi
2787 646 3005 708 potestas
3051 638 3174 692 data
3216 641 3521 710 pastoribus.
3574 642 3635 699 Et

2070 721 2284 792 quidem
2325 724 2614 795 Apostolus
2650 742 2948 799 quanquam
2985 728 3204 799 elegerit
3239 730 3483 786 manibus
3529 734 3640 788 suis

2072 812 2310 883 transigi,
2332 824 2509 871 etnec
2529 815 2698 887 ipsum
2722 817 2805 874 lac
2825 834 3065 890 quaerere
3084 817 3151 877 ab
3170 820 3357 876 ovibus
3381 821 3447 896 (il
3465 819 3637 880 Thess.

2070 917 2147 983 tu,
2174 904 2262 977 8);
2295 914 2471 962 tamen
2503 908 3004 983 lactis‘percipiendi
3032 920 3348 982 potestatem
3369 914 3563 972 habere
3582 934 3641 974 se

2067 982 2223 1062 dixit,
2247 1005 2301 1051 et
2328 997 2406 1052 sic
2427 997 2707 1054 Dominum
2731 982 3075 1071 disposuisse,
3099 1012 3156 1058 ut
3182 1004 3272 1075 qui
3297 1005 3640 1077 Evangelium

2068 1086 2411 1153 annuntiant,
2454 1087 2522 1143 de
2558 1089 2845 1161 Erangelio
2885 1084 3079 1146 vivant.
3123 1092 3186 1147 Et
3221 1093 3348 1149 dicit
3378 1096 3510 1150 alios
3550 1111 3642 1149 eo-

2069 1175 2337 1245 apostulos
2373 1193 2499 1233 suos
2546 1194 2669 1233 usos
2698 1180 2860 1236 fuisse
2899 1179 2996 1235 hac
3024 1191 3283 1250 potestate
3302 1199 3453 1249 ;.nnn
3482 1201 3639 1240 usur-

2070 1272 2210 1334 pata,
2236 1266 2327 1320 sed
2356 1266 2498 1321 data.
2528 1268 2647 1323 Plus
2680 1270 2768 1324 ille
2796 1270 2937 1336 fecit,
2975 1281 3031 1325 ut
3059 1288 3155 1327 nec
3183 1274 3322 1345 quod
3350 1275 3642 1331 debebatur

2069 1357 2334 1425 acciperet
2379 1358 2438 1430 (‘I
2485 1359 2596 1414 Cor.
2640 1377 2722 1427 Ix,
2770 1362 2965 1435 4-15).
3016 1363 3130 1433 lpse
3180 1381 3305 1435 ergo
3326 1362 3540 1421 donavit
3586 1378 3643 1422 et

2068 1443 2303 1501 debitum
2334 1466 2347 1499 :
2384 1449 2476 1504 sed
2519 1451 2652 1507 alius
2691 1469 2793 1506 non
2821 1453 2983 1524 exigit
3027 1448 3355 1521 indebitutn:
3395 1458 3481 1513 ille
3522 1460 3641 1528 plus

2069 1535 2210 1591 fecit.
2234 1537 2499 1595 Fortassis
2526 1542 2666 1620 enim
2708 1542 2878 1612 ipsum
2918 1543 3264 1614 significabat,
3305 1548 3393 1617 qui
3440 1565 3642 1620 :rgrum

2067 1622 2187 1682 cum
2219 1628 2505 1685 adduceret
2529 1616 2603 1685 ad.
2622 1632 2989 1697 stabularium,
3016 1634 3175 1690 dixit:
3202 1636 3264 1693 Si
3283 1616 3407 1708 quid
3424 1616 3646 1708 amplius

2068 1721 2364 1791 negaveris,
2401 1722 2454 1775 in
2482 1722 2737 1778 redeundo
2778 1726 2986 1779 reddam
3020 1727 3105 1780 tibi
3130 1725 3295 1799 (Luc.
3324 1746 3379 1793 χ,
3402 1731 3471 1786 35
3492 1730 3532 1800 ).
3568 1731 3647 1784 De

2068 1808 2151 1864 his
2176 1825 2301 1882 ergo
2328 1812 2415 1875 qui
2444 1827 2550 1868 non
2581 1814 2817 1886 indigent
2844 1815 2979 1872 lacte
3007 1816 3200 1888 gregis,
3228 1819 3355 1889 quid
3387 1818 3531 1890 plura
3560 1820 3648 1875 dio

2066 1902 2288 1955 eainus?
2309 1902 2758 1960 Misericordiores
2773 1916 2913 1974 sunt,
2937 1894 3018 1963 vel
3045 1910 3219 1979 potius
3239 1910 3403 1980 ipsius
3428 1911 3609 1965 miseri
3622 1942 3646 1952 -

2068 1992 2263 2047 cordia:
2289 1993 2519 2049 ollicium
2549 1994 2742 2066 largius
2769 1998 3097 2067 impendunt.
3129 1999 3358 2055 Possunt
3383 2003 3558 2069 enim;
3586 2013 3648 2058 et

2068 2082 2208 2151 quod
2236 2094 2475 2152 possunt,
2499 2085 3043 2144 faciunt.1..audentur
3069 2089 3145 2159 hi,
3186 2106 3286 2147 nec
3325 2092 3650 2149 damnentur

2069 2173 2167 2226 illi.
2214 2172 2346 2229 Nam
2386 2185 2442 2230 et
2483 2177 2596 2248 ipse
2636 2180 2920 2249 Apostolus
2963 2179 3144 2236 datum
3190 2197 3294 2238 non
3337 2185 3645 2253 qurerebat;

2071 2264 2368 2321 fructuosas
2411 2277 2587 2323 tamen
2626 2285 2754 2325 oves
2791 2285 2910 2327 esse
2956 2274 3238 2343 cupiebat,
3277 2290 3383 2331 non
3434 2277 3652 2334 steriles

2067 2358 2183 2413 sine
2227 2360 2380 2415 lactis
2404 2361 2666 2418 ubertate.
2691 2362 2877 2435 itaque
2913 2380 3036 2421 eum
3076 2377 3219 2422 esset
3245 2370 3471 2439 quodam
3501 2381 3647 2427 tem-

2067 2464 2197 2519 pore
2226 2450 2276 2503 in
2307 2466 2492 2522 magna
2516 2453 2824 2524 indigentia,
2853 2456 3090 2512 vinctus'
3116 2458 3167 2511 in
3198 2458 3530 2531 confessione
3553 2478 3653 2518 ve-

2069 2541 2255 2607 ritatis,
2293 2544 2510 2598 missum
2539 2554 2621 2600 est
2648 2543 2719 2601 illi
2749 2562 2778 2599 a
2807 2546 3054 2604 fratribus
3090 2551 3228 2605 unde
3246 2553 3549 2608 necessitati
3590 2565 3653 2610 et

2067 2631 2370 2701 indigentia:
2413 2634 2528 2704 ejus
2567 2636 2977 2693 ministraretur.
3008 2638 3299 2711 Respondit
3334 2654 3508 2699 autem
3539 2648 3651 2702 illis

2066 2724 2263 2792 gratias
2295 2738 2476 2793 agens,
2505 2735 2557 2779 et
2585 2727 2717 2781 dixit
2744 2745 2757 2779 :
2790 2723 2923 2783 Bene
2948 2732 3131 2800 fecistis
3154 2735 3522 2790 communicare
3550 2754 3651 2791 ne-

2067 2816 2373 2869 cessitatibus
2404 2819 2541 2871 meis.
2574 2817 2685 2890 Ego
2724 2821 2855 2874 enim
2883 2822 3035 2876 didici
3064 2824 3118 2878 in
3154 2824 3333 2895 quibus
3369 2844 3478 2882 sum
3505 2830 3656 2899 suﬁ-

2067 2904 2200 2958 ciens
2228 2921 2366 2960 esse:
2392 2908 2495 2961 scio
2522 2918 2568 2962 et
2597 2906 2883 2979 abundare,
2919 2924 2966 2967 et
3005 2917 3268 2986 penuriam
3294 2923 3438 2989 pati;
3473 2922 3653 2974 omnia

2066 3012 2265 3066 possum
2307 2998 2458 3052 ineo
2500 3000 2588 3071 qni
2638 3018 2715 3055 me
2737 3003 3008 3072 confortat.
3046 3005 3395 3064 Verumtamen
3416 3028 3501 3066 vos
3520 3013 3656 3068 bene

2066 3085 2252 3156 fecistis
2279 3088 2448 3143 usibus
2487 3092 2608 3144 meis
2639 3092 2846 3148 mittere.
2882 3095 2984 3150 Sed
3015 3083 3073 3153 ut
3114 3100 3457 3166 ostenderet,
3486 3104 3538 3157 in
3577 3121 3654 3161 eo

2066 3177 2205 3248 quod
2235 3179 2306 3234 illi
2334 3179 2468 3243 bene
2501 3181 2894 3254 fecerunt,quid
2924 3185 3036 3256 ipse
3062 3200 3324 3258 quaereret
3348 3190 3390 3259 ⁵,
3411 3207 3477 3247 ne
3505 3194 3656 3250 inter

2068 3269 2185 3325 illos
2214 3262 2351 3327 esset
2382 3272 2470 3344 qni
2498 3289 2563 3341 se
2587 3275 2729 3345 ipsos
2756 3287 3010 3346 pascunt,
3051 3295 3156 3335 non
3193 3296 3343 3352 oves,
3386 3300 3493 3339 non
3531 3293 3652 3342 tam

2067 3376 2175 3417 suae
2205 3364 2396 3435 gaudet
2433 3367 2751 3423 subventum
2794 3364 2915 3426 esse
2959 3373 3281 3441 necessitati,
3306 3370 3478 3446 quam
3518 3378 3653 3433 illo-

2070 3471 2184 3510 rum
2217 3446 2522 3528 gratulatur
2547 3459 2871 3517 fecunditati.
2912 3463 3048 3532 Quid
3077 3480 3205 3537 ergo
3234 3467 3307 3522 ibi
3334 3470 3654 3540 quzerebat‘.’

2070 3546 2190 3602 Non
2217 3549 2334 3620 quia
2367 3566 2555 3619 qurere,
2598 3553 2783 3622 inqttit,
2828 3554 3022 3623 datum,
3067 3558 3155 3611 sed
3188 3560 3386 3629 requiro
3419 3560 3651 3631 fructum

2069 3636 2323 3712 (Philipp.
2350 3657 2426 3709 tv,
2457 3641 2666 3712 ll-l‘l).
2695 3642 2808 3698 Non
2834 3652 2894 3699 ut
2921 3659 3041 3715 ego,
3072 3647 3259 3717 inquit,
3289 3649 3519 3721 expleat,
3544 3653 3652 3707 sed

2070 3747 2136 3786 ne
2165 3747 2259 3786 vos
2286 3733 2470 3789 inanes
2493 3736 2827 3791 remanentis.

2138 3822 2191 3878 5.
2231 3820 2336 3877 Lac
2358 3826 2431 3877 sic
2456 3834 2678 3891 sumant,
2708 3836 2761 3879 ut
2789 3827 2960 3882 ovibus
2992 3830 3185 3899 prosint
3225 3845 3245 3884 .·
3286 3846 3388 3887 non
3439 3844 3653 3903 sumpto

2068 3913 2214 3980 lacte,
2246 3930 2358 3969 oves
2403 3917 2676 3988 negligant.
2732 3918 2830 3986 Qui
2885 3934 3012 3990 ergo
3040 3936 3145 3976 non
3202 3933 3441 3997 possuth
3465 3924 3653 3982 facere

2067 4007 2206 4077 quod
2240 4007 2468 4071 Paulus,
2495 4019 2552 4062 ut
2587 4010 2831 4065 manibus
2871 4011 2983 4067 suis
3025 4028 3085 4068 se
3128 4016 3448 4087 transigant,
3496 4019 3652 4073 acci-

2064 4098 2215 4167 piant
2240 4098 2306 4153 de
2334 4099 2468 4154 lacte
2499 4099 2697 4166 ovium,
2723 4109 3019 4157 sustentent
3055 4118 3205 4158 suam
3240 4104 3615 4163 necessitatem
3635 4151 3652 4169 .

2069 4188 2165 4243 sed
2209 4205 2310 4243 non
2341 4190 2608 4261 negligant
2635 4191 2811 4246 ovium
2838 4192 3199 4249 infirmitatem
3227 4214 3240 4250 :
3269 4209 3372 4251 non
3405 4198 3505 4252 hoc
3541 4200 3654 4253 sibi

2068 4290 2327 4351 quaerant,
2371 4292 2618 4352 tanquam
2646 4283 2983 4339 commodum
3012 4300 3166 4340 suum
3186 4326 3201 4353 ,
3232 4297 3292 4342 ut
3319 4302 3382 4342 es
3413 4292 3656 4345 necessi-

2071 4380 2178 4425 tate
2208 4386 2317 4426 sna:
2356 4373 2592 4443 penuriae
2619 4373 2895 4430 videantur
2915 4376 3230 4431 annuntiare
3256 4376 3652 4447 Evangelium;

2069 4464 2162 4516 sed
2186 4462 2487 4519 hominibus
2505 4463 2863 4519 illuminandis
2890 4465 3163 4535 przebeant
3191 4465 3363 4522 lucem
3383 4468 3528 4522 verbi
3552 4485 3657 4522 ve-

2071 4554 2262 4609 ritatis.
2307 4554 2442 4610 Sunt
2480 4554 2623 4610 enim
2669 4566 2915 4627 tanquam
2956 4555 3225 4622 lucernze,
3264 4558 3401 4613 sicut
3443 4558 3656 4615 dictum

2071 4654 2173 4712 cst,
2199 4643 2313 4700 Sint
2342 4645 2498 4699 lumbi
2518 4646 2665 4699 vestri
2686 4646 2916 4713 accincti,
2938 4657 2983 4701 et
3009 4647 3226 4703 lucerna:
3243 4649 3474 4704 ardentes
3492 4648 3652 4719 (Luc.
3685 4687 3691 4696 ς

2070 4753 2166 4803 xu,
2194 4735 2406 4808 35);ot,
2434 4736 2598 4793 Nemo
2623 4738 2847 4793 accendit
2872 4738 3152 4806 lucernam,
3171 4748 3220 4794 et
3249 4741 3389 4809 ponit
3413 4757 3523 4795 eam
3553 4745 3657 4799 sub

2070 4829 2258 4896 modio,
2280 4827 2367 4882 sed
2383 4843 2538 4898 super
2555 4827 2931 4893 candelabrum,
2953 4839 3006 4883 ut
3031 4830 3192 4884 luceat
3219 4831 3447 4885 omnibus
3481 4832 3571 4904 qui
3596 4834 3659 4886 in

2071 4921 2219 4975 domo
2239 4930 2354 4975 sunt
2375 4936 2394 4975 :
2420 4920 2493 4974 sic
2518 4920 2681 4973 luceat
2707 4919 2874 4975 lumen
2902 4930 3115 4975 oestrum
3140 4938 3312 4975 coram
3340 4921 3655 4983 hominibus.

2072 5022 2126 5065 ut
2150 5011 2346 5066 tideant
2370 5007 2499 5065 bona
2526 5026 2678 5080 Opera
2703 5020 2892 5079 vestra,
2921 5021 2966 5065 et
2999 5011 3283 5082 gloriﬁcent
3322 5009 3527 5065 Patrem
3567 5029 3661 5067 re-

2072 5117 2230 5156 strain
2252 5101 2339 5170 qui
2365 5100 2418 5154 in
2448 5101 2582 5155 caelis
2607 5110 2680 5155 est
2718 5098 2928 5172 (Matth.
2958 5116 3012 5168 v,
3044 5101 3133 5169 l5,
3168 5101 3289 5173 16).
3317 5101 3370 5156 Si
3398 5116 3524 5172 ergo
3555 5103 3659 5159 tibi

2074 5281 2163 5392 Β
2310 5278 2584 5391 stantiun
2620 5286 2726 5339 Mss,
2759 5291 2791 5327 a
2819 5275 2954 5343 plebe
2977 5276 3297 5331 distribuitur.
3323 5276 3441 5340 Alii,
3464 5292 3497 5329 α
3516 5278 3664 5345 plebe

2204 5354 2249 5391 rt
2297 5355 2309 5388 t
2351 5354 2366 5390 t
2415 5375 2427 5388 .

2204 5354 2228 5389 1⁵
2232 5354 2408 5391 wuuur
2415 5375 2427 5388 .

2050 5422 2055 5423 ί
2136 5404 2354 5473 tussit.
2398 5410 2451 5450 et
2492 5414 2556 5462 r.,
2578 5400 2644 5473 ad
3055 5400 3203 5473 vim
3223 5400 3550 5473 ιεηῳσιξαιςῃι.

2139 5461 2457 5536 {siculorus
2488 5473 2541 5536 et
2577 5471 2680 5512 Mss.
2726 5463 2843 5536 [diti
2884 5476 3021 5527 rem,
3076 5462 3127 5514 in
3169 5461 3344 5530 ηιθφώ

2072 5525 2238 5584 rictus,
2261 5523 2311 5574 in
2331 5523 2616 5586 confessione
2637 5523 2859 5575 ueritatis.

2136 5589 2157 5619 δ
2181 5589 2318 5646 Editi,
2339 5584 2466 5656 quod
2498 5584 2598 5648 ipse
2619 5598 2709 5656 non
2732 5590 2986 5656 qtuercrct.
3018 5586 3182 5646 abest,
3204 5600 3332 5656 non,
3352 5600 3381 5637 a
3404 5586 3663 5656 plerisque

2075 5655 2200 5708 ιω..
2227 5662 2254 5697 e
2278 5648 2453 5708 quibus
2468 5660 2592 5696 unus
2613 5648 2941 5697 t‘irterciensis
2964 5660 3074 5711 pro,
3090 5649 3236 5715 quod,
3258 5648 3425 5710 habet,
3448 5648 3583 5714 quid;
