3988 6190
350 394 455 457 Ξῖδ

350 518 565 574 lucerna
578 515 968 575 accenderetur
984 515 1037 571 in
1058 514 1240 583 domo,
1257 530 1433 571 nonne
1448 512 1709 584 adjiceres
1728 512 1926 576 oleum,

350 623 418 664 nc
435 605 902 678 exstingueretur?
922 605 1087 663 Porro
1101 605 1145 661 si
1163 605 1403 667 lucerna.
1422 611 1639 673 accepto
1653 601 1792 667 oleo,
1823 616 1925 655 non

350 698 573 765 iaceret,
604 714 713 753 non
740 707 853 753 erat
900 697 1053 768 plane
1076 696 1238 767 digna
1264 712 1382 766 qua:
1410 696 1460 750 in
1487 693 1804 751 candelabro
1829 707 1925 764 po-

348 799 587 853 neretur.
612 787 706 843 sed
733 803 852 858 quae
878 787 1128 843 continuo
1155 786 1500 857 frangeretur.
1525 785 1675 842 Unde
1698 799 1824 856 ergo
1846 784 1925 838 vi-

348 879 509 945 vitur,
544 877 1002 936 necessitatisest
1038 878 1313 948 accipere,
1356 875 1631 935 charitatis
1669 885 1752 931 est
1795 889 1928 944 pra:-

347 970 475 1025 hem
502 989 516 1023 :
551 984 659 1023 non
692 978 942 1039 tauquam
969 968 1155 1024 venale
1180 968 1249 1024 sit
1275 967 1679 1039 Evangelium,.
1702 973 1759 1022 ut
1799 963 1928 1021 illud

351 1058 417 1113 sit
449 1058 685 1129 pretium
715 1058 858 1128 ejus,
889 1058 1029 1129 quod
1059 1058 1391 1128 sumunt.qui
1431 1056 1748 1114 annuntiaut
1790 1053 1928 1111 unde

353 1150 547 1203 vivant.
575 1147 631 1204 Si
662 1150 805 1204 enim
834 1149 911 1206 sic
940 1149 1209 1217 vendunt,
1250 1165 1511 1221 magnam.
1530 1164 1643 1204 rem
1674 1148 1763 1219 vili
1795 1163 1927 1202 ven-

346 1238 381 1293 d
401 1245 497 1293 nit.
521 1239 800 1309 Aceipiant
824 1240 1266 1294 sustentationem
1292 1239 1621 1295 necessitatis
1645 1252 1674 1292 a
1706 1236 1924 1307 populo,

343 1333 650 1388 mercedem
688 1332 1097 1402 dispensationis
1136 1349 1166 1386 a
1214 1333 1456 1388 Domino.
1496 1332 1612 1387 Non
1659 1331 1800 1386 enim
1848 1340 1931 1387 est

345 1423 574 1479 idoneus
604 1424 830 1496 populus
858 1423 1080 1481 reddere
1110 1425 1410 1481 mercedem
1441 1425 1564 1489 illis,
1605 1424 1695 1495 qui
1731 1424 1832 1479 sibi
1874 1423 1926 1478 in

341 1515 606 1570 rharitate
656 1515 926 1585 Evangelii
980 1515 1240 1571 serviunt.
1304 1516 1421 1571 Non
1469 1518 1811 1586 exspectent’
1852 1515 1928 1571 illi

343 1605 674 1668 mercedem,
705 1605 809 1661 nisi
856 1605 997 1661 unde
1047 1617 1103 1661 et
1134 1605 1222 1661 ἱειὶ
1257 1606 1502 1662 salutem.
1531 1605 1668 1674 Quid
1695 1619 1822 1675 ergo
1844 1605 1928 1661 isti

340 1699 706 1768 inerepantur,
740 1697 879 1754 unde
907 1698 1232 1770 arguuntur?
1277 1697 1410 1767 Quia
1448 1713 1570 1753 cum
1614 1698 1695 1752 lac
1730 1712 1928 1752 consu-

343 1798 580 1852 merent,
611 1799 665 1843 et
692 1789 824 1844 iauis
849 1805 908 1845 se
951 1798 1207 1861 tegerent,
1250 1803 1377 1844 oves
1426 1787 1770 1858 .egligcbant.
1819 1787 1927 1844 Sua

339 1898 473 1951 ergo
506 1891 710 1936 tantum
741 1880 1066 1952 qurerebant,
1102 1897 1206 1937 non
1232 1896 1350 1952 qua:
1373 1880 1500 1937 Jesu
1535 1878 1733 1936 Christi
1768 1876 1925 1952 (Phi-

340 1973 470 2042 lipp.
506 1988 563 2036 tt,
593 1971 707 2044 '21).

414 2062 642 2118 CAPUT
683 2062 842 2118 |l|.—
867 2062 922 2119 6.
958 2062 1093 2128 Quid
1115 2063 1178 2117 sit
1202 2062 1332 2117 lanis
1356 2080 1410 2117 se
1436 2071 1617 2134 legere.
1637 2059 1805 2129 Lana,
1830 2062 1926 2116 Ito-

340 2171 457 2207 nor.
487 2153 597 2209 Sed
627 2155 875 2223 quoiiiaiu
929 2154 1160 2210 diximus
1207 2153 1330 2225 quid
1359 2154 1430 2209 sit
1481 2154 1561 2209 lac
1586 2168 1922 2220 consumere,

334 2260 649 2313 cluet-amns
675 2243 798 2315 quid
842 2246 909 2300 sit
953 2245 1089 2300 lanis
1130 2260 1188 2300 se
1218 2253 1414 2315 tegere.
1463 2244 1563 2313 Qui
1594 2243 1795 2314 praebet
1821 2244 1923 2310 lac,

339 2337 541 2390 victum
572 2336 806 2405 pra-bet;
838 2337 924 2406 qui
959 2336 1160 2406 prtehet
1185 2335 1380 2399 lanam,
1411 2334 1665 2389 honorem
1701 2333 1923 2403 prmbet.

338 2427 445 2481 Ista
472 2436 602 2482 sunt
618 2410 724 2482 duo
745 2443 862 2499 quze
891 2443 920 2482 a
948 2426 1158 2500 populis
1182 2424 1564 2497 quaerunt,qui
1589 2440 1648 2480 se
1665 2425 1810 2495 ipsos
1830 2439 1926 2494 pa-

335 2532 519 2587 scunt,
550 2534 656 2579 non
685 2534 841 2584 oves;
866 2517 1202 2574 commodum
1232 2516 1540 2588 supplenda:
1570 2515 1924 2584 necessitatis,

334 2622 395 2667 et
431 2612 674 2666 favorem
714 2611 932 2666 honoris
960 2622 1012 2667 et
1061 2610 1251 2666 laudis.
1291 2609 1498 2665 Etenim
1546 2609 1924 2665 vestimentum

337 2711 632 2773 propterea
659 2701 795 2756 bene
824 2701 1128 2773 intelligitur
1157 2702 1207 2756 in
1237 2701 1458 2764 honore,
1490 2699 1611 2769 quia
1637 2698 1924 2753 nuditatem

334 2793 597 2863 contegit.
632 2790 730 2847 Est
754 2791 895 2847 enim
940 2792 1303 2863 unusquisque
1344 2790 1504 2846 homo
1548 2788 1810 2844 inﬁrmus.
1860 2789 1927 2843 Ει

333 2881 465 2951 quid
497 2891 586 2938 est
612 2880 850 2953 quisquis
879 2882 1026 2937 vobis
1056 2891 1281 2952 prmest,
1314 2881 1411 2935 nisi
1456 2880 1595 2951 quod
1627 2894 1719 2935 vos
1759 2878 1926 2934 estis?

333 2971 572 3035 Carnem
603 2985 799 3045 portat,
830 2975 1066 3030 mortalis
1093 2983 1194 3040 est,
1227 2972 1528 3039 manducat,
1564 2972 1781 3038 dormit,
1809 2986 1928 3026 sur-

333 3065 431 3142 git,
461 3076 621 3120 natus
645 3076 727 3120 cst
745 3107 760 3133 ,
791 3067 1079 3120 moriturus
1104 3071 1205 3119 est.
1234 3064 1291 3120 Si
1317 3078 1443 3133 ergo
1469 3064 1670 3133 cogitas
1706 3061 1832 3132 quid
1857 3061 1939 3129 sit,

335 3152 636 3208 secundum
668 3170 729 3210 se
754 3155 946 3226 ipsum,
976 3154 1137 3209 homo
1166 3162 1249 3210 est
1276 3172 1289 3209 :
1324 3163 1378 3208 tu
1410 3162 1585 3208 tamen
1616 3151 1925 3225 honorando

334 3259 462 3302 cuin
487 3244 633 3298 velut
655 3245 921 3315 angelum,
948 3244 1187 3316 contegis
1216 3241 1357 3313 quod
1386 3242 1650 3297 infirmum
1681 3250 1781 3297 est.

408 3338 464 3390 7.
512 3334 711 3391 Paulus
730 3353 903 3391 eorum
922 3336 1076 3404 uitiis,
1098 3353 1129 3390 a
1149 3336 1329 3408 quibus
1349 3335 1444 3390 sibi
1465 3334 1625 3389 honor
1644 3333 1922 3399 exhibetur,

338 3445 443 3481 non
501 3428 683 3498 parcit.
742 3426 1056 3499 Ilujusmodi
1108 3426 1471 3482 indumentum
1521 3427 1541 3457 ²
1581 3434 1861 3495 acceperat
1894 3440 1923 3478 a

336 3517 482 3572 bona
510 3518 601 3572 Dei
629 3518 785 3588 plebe
813 3518 949 3573 idem
997 3517 1211 3592 Paulus,
1242 3532 1363 3573 cum
1390 3516 1591 3571 diceret
1618 3534 1632 3571 :
1662 3514 1807 3570 Sicut
1832 3531 1953 3568 anu

335 3610 511 3679 gelum
538 3607 633 3663 Dei
671 3609 959 3679 suscepistis
1000 3624 1113 3664 me:
1144 3607 1479 3664 testimonium
1504 3606 1641 3661 vobis
1665 3605 1919 3675 perhibeo,

336 3703 459 3771 quia
490 3700 533 3753 si
557 3701 671 3769 ﬁeri
700 3708 884 3771 posset,
913 3698 1085 3754 oculos
1112 3708 1297 3754 vestros
1329 3699 1601 3765 eruissrlis,
1627 3709 1672 3752 et
1710 3698 1928 3751 dedisse-

337 3790 402 3845 tis
428 3790 574 3843 mihi.
610 3789 717 3868 Sed
757 3804 877 3845 cum
909 3798 1085 3845 tantus
1110 3789 1182 3843 illi
1224 3788 1396 3845 bona?
1436 3787 1700 3844 cxbibitus
1747 3795 1923 3853 esscet,

341 3881 602 3952 numquid
633 3890 850 3952 propter
876 3882 1049 3952 ipsum
1079 3880 1338 3937 honorem
1367 3880 1468 3935 sibi
1504 3880 1829 3947 exhibitum,
1859 3895 1928 3936 ne

340 3974 484 4030 forte
512 3990 631 4030 eum
660 3983 925 4046 argueret,
951 3983 1250 4049 negaretur,
1275 3983 1331 4030 et
1359 3974 1535 4029 minus
1561 3974 1674 4043 ipse
1700 3974 1928 4043 Aposto-

341 4067 427 4120 lus
457 4065 779 4129 laudaretur,
826 4067 1062 4135 pepercit
1103 4063 1440 4120 errantibus?
1467 4064 1598 4119 Nam
1626 4064 1671 4119 si
1707 4064 1808 4119 hoc
1844 4060 1926 4118 fe-

340 4157 525 4221 cisset,
553 4164 698 4210 esset
724 4156 861 4210 inter
886 4154 1003 4209 illos
1026 4156 1112 4224 qui
1140 4172 1198 4209 se
1219 4154 1335 4223 ipos
1360 4161 1601 4223 pascunt,
1630 4168 1734 4208 non
1761 4166 1886 4207 oves
1911 4169 1944 4210 ε,

341 4250 547 4304 diceret
571 4248 711 4325 apud
742 4261 799 4304 se
831 4247 1026 4319 ipsum,
1056 4246 1195 4314 Quid
1231 4246 1297 4301 ad
1342 4260 1428 4301 me
1462 4244 1728 4316 pertinet?
1770 4243 1928 4313 Quis-

341 4353 450 4409 que
475 4337 773 4411 qnod‘velit
796 4347 954 4410 agat:
987 4338 1158 4393 victus
1203 4352 1355 4392 meus
1400 4336 1577 4391 salvus
1611 4343 1726 4401 est,
1759 4334 1929 4393 honor

345 4443 500 4482 meus
528 4427 721 4482 salvus
748 4438 858 4495 est;
897 4438 953 4484 et
981 4429 1062 4483 lac
1087 4437 1138 4483 et
1178 4428 1317 4493 lana,
1350 4428 1478 4483 satis
1507 4437 1590 4482 est
1627 4426 1758 4484 mihi
1791 4444 1804 4481 :
1844 4436 1929 4482 eat

344 4517 572 4588 quisque
600 4533 704 4587 qua
737 4527 910 4588 potest
930 4518 970 4571 ³.
1002 4518 1142 4588 Ergo
1170 4519 1370 4587 integra
1413 4516 1522 4577 tibi.
1548 4526 1673 4591 sunt
1713 4515 1889 4570 omnia
1910 4557 1926 4583 ,

342 4611 393 4663 si
418 4620 506 4663 eat
534 4609 759 4681 quisque
786 4626 887 4681 qua
919 4610 1124 4681 potest?
1148 4609 1283 4664 Nolo
1305 4618 1355 4664 te
1374 4610 1711 4680 prmpositum
1732 4606 1925 4675 facere,

348 4718 510 4756 unum
531 4712 583 4758 te
603 4702 867 4756 constituo
883 4701 949 4757 de
968 4702 1079 4773 ipsa
1098 4702 1247 4775 plebe
1271 4719 1284 4755 :
1315 4702 1378 4757 Si
1396 4705 1586 4775 patitur
1599 4720 1753 4757 ununt
1775 4718 1931 4757 mem-

347 4796 517 4861 brum,
540 4794 913 4863 compatiuntur
931 4796 1099 4849 omnia
1125 4794 1345 4849 membra
1365 4796 1404 4867 (l
1422 4794 1539 4850 Cor.
1557 4811 1652 4861 xu,
1669 4794 1760 4868 26)
1772 4835 1785 4848 .
1800 4794 1933 4851 Pro-

347 4885 474 4940 inde
487 4885 599 4956 ipse
612 4887 918 4957 Apostolus,
937 4900 1057 4940 cum
1075 4900 1167 4940 eos
1179 4887 1815 4958 commemoraretquales
1827 4884 1936 4942 fue-

347 4976 460 5031 rint
485 4992 620 5044 erga
638 4975 815 5043 iilum.
856 4991 923 5031 ne
951 4977 1102 5046 quasi
1128 4976 1323 5032 oblitus
1360 4992 1546 5032 eorum
1574 4976 1932 5033 honorificen-

352 5067 444 5124 tiae
471 5068 768 5136 uideretur,
800 5070 1161 5125 testimonium
1190 5069 1462 5140 perbibet,
1494 5068 1637 5139 quod
1664 5068 1800 5124 sicut
1833 5084 1936 5124 an-

348 5163 528 5242 gelum
566 5160 662 5215 Dei
699 5161 1035 5232 susceperint
1061 5176 1217 5227 eum;
1245 5159 1485 5231 etquod,
1518 5160 1562 5215 si
1593 5159 1703 5215 fieri
1732 5170 1943 5233 posset,

350 5251 542 5308 oculos
569 5267 697 5308 suos
724 5253 919 5309 vellent
961 5268 1169 5322 eruere,
1197 5262 1253 5309 et
1278 5253 1350 5308 illi
1378 5252 1504 5308 dare
1528 5269 1541 5306 :
1567 5260 1623 5309 et
1652 5263 1826 5310 tamen
1850 5266 1942 5307 ac-

350 5344 495 5402 cedit
516 5344 583 5400 ad
608 5360 765 5401 ovem
790 5346 1114 5418 languidam,
1147 5347 1211 5402 ad
1253 5362 1407 5403 ovem
1440 5345 1734 5417 putridam,_
1754 5360 1941 5404 secare

424 5567 439 5629 ξ
465 5571 592 5629 um,
618 5573 722 5615 non
739 5570 1032 5629 exspectant.

423 5628 453 5690 ί,
466 5623 638 5690 Plures
655 5632 784 5690 uss,
799 5623 845 5677 εἰ
874 5632 927 5677 tu
946 5626 1219 5690 honorando
1243 5630 1400 5690 tamen
1421 5623 1640 5690 amplius,
1663 5623 1812 5690 relati
1833 5637 1945 5676 con-

352 5683 478 5751 tegis
512 5689 640 5752 quod
676 5683 924 5753 inﬁrmum
951 5695 1045 5745 est.
1085 5686 1247 5741 ridete
1285 5683 1563 5750 cuiusmodi
1587 5683 1943 5747 uidwnentum,

356 5758 569 5863 deum.
592 5817 669 5862 ar.
688 5817 743 5863 et
761 5810 1070 5864 Corbeieosis
1090 5817 1168 5860 Ms.
1190 5810 1267 5861 hic
1285 5818 1337 5864 et
1358 5808 1501 5874 paulo
1524 5818 1647 5874 post,
1663 5822 1755 5874 quo
1776 5816 1941 5875 potest.

1728 390 1953 447 SERMO
1994 389 2173 447 XLVI.

2039 509 2251 576 vulnus,
2280 523 2383 566 non
2415 512 2639 581 parcere
2659 512 2947 583 putredini.
2978 514 3139 586 Ergo,
3171 515 3362 589 inquit,
3386 521 3620 576 inbuitur

2037 606 2204 675 [actus
2228 619 2339 657 sum
2366 603 2519 669 vobis,
2552 620 2719 659 verum
2745 606 3028 676 medicans
3049 606 3244 681 (Galot.
3269 624 3346 677 tv,
3376 610 3540 667 ιιοιθ
3560 613 3618 683 )?

2038 692 2177 749 Ecce
2200 703 2256 751 et
2278 696 2481 766 accepit
2504 696 2572 752 de
2597 696 2734 754 lacte
2758 698 2957 764 ovium,
2985 699 3124 756 sicut
3147 702 3306 771 paulo
3329 711 3453 759 ante
3469 716 3617 759 com-

2038 786 2470 853 memoravimus,
2492 797 2546 842 et
2572 787 2786 844 indutus
2809 798 2891 844 est
2918 789 3053 845 lanis
3072 791 3287 858 ovium;
3315 793 3411 850 sed
3436 804 3614 850 tamen

2036 894 2164 935 oves
2178 894 2295 934 non
2327 880 2575 951 neglexit.
2604 879 2722 938 Non
2740 882 2905 939 enim.
2922 898 3017 940 sua
3042 885 3343 956 quaerebat,
3373 885 3467 944 sed
3500 903 3618 959 qua:

2034 968 2162 1024 Jesu
2200 969 2415 1025 Christi.

2105 1059 2158 1115 8»
2200 1057 2437 1116 Pastores
2476 1076 2538 1115 ne
2590 1061 2718 1116 vitiis
2746 1073 3011 1132 .parcant,
3054 1064 3407 1120 nzultittsdinis.
3439 1068 3615 1121 conci-

2034 1151 2221 1206 lianda:
2243 1169 2415 1208 causa.
2468 1153 2620 1209 Absit
2675 1169 2801 1224 ergo
2850 1163 2908 1208 ut
2954 1153 3196 1210 dicamus
3219 1157 3370 1211 vobis
3403 1174 3417 1210 :
3445 1155 3618 1212 Vivite

2034 1244 2292 1310 utvultis,
2318 1245 2494 1299 securi
2522 1254 2728 1312 estote,
2780 1246 2921 1302 Deus
2963 1247 3227 1302 neminem
3260 1247 3446 1317 perdet
3462 1275 3485 1315 δη
3504 1258 3619 1303 tan-

2037 1334 2312 1390 tummodo
2336 1334 2864 1393 ﬁdemchristianam
2911 1346 3122 1405 tenete;
3169 1354 3274 1395 non
3303 1338 3492 1409 perdet
3524 1339 3615 1396 ille

2034 1423 2435 1493 quosredeniit,
2455 1439 2570 1481 non
2601 1426 2784 1496 perdet
2812 1442 2910 1497 pro
2941 1428 3131 1497 quibus
3168 1428 3477 1498 sanguinem
3520 1426 3601 1482 fu-

2041 1512 2139 1569 dit.
2172 1513 2239 1570 Et
2268 1515 2313 1571 si
2334 1517 2661 1586 spectaculis
2674 1517 2950 1573 volueritis
2963 1519 3243 1575 oblectare
3279 1521 3511 1577 animos.
3526 1536 3619 1577 ve-

2034 1614 2194 1673 stros,
2225 1605 2329 1674 ite;
2357 1607 2484 1679 quid
2513 1609 2635 1665 mali
2663 1608 2787 1677 est?
2809 1610 2875 1665 Et
2901 1610 3035 1667 festa
3063 1612 3161 1667 ista
3185 1627 3307 1683 quin
3332 1613 3614 1670 celebran-

2035 1704 2124 1751 tur
2146 1712 2243 1767 per
2271 1698 2548 1754 universas
2571 1699 2846 1756 civilates‘
2877 1701 2930 1755 in
2958 1701 3141 1756 hetitia
3182 1702 3574 1757 conrivantium
3595 1746 3610 1769 ,

2033 1796 2087 1842 et
2115 1788 2338 1859 publicis
2366 1789 2566 1846 mensis
2591 1804 2651 1846 se
2679 1791 2824 1860 ipsos
2854 1801 2910 1847 ut
2936 1801 3121 1862 putant
3165 1791 3572 1862 jucundantium
3595 1836 3610 1860 ,

2033 1892 2092 1933 re
2117 1892 2240 1935 vera
2261 1876 2428 1949 magis
2453 1879 2810 1951 perdendum,
2851 1881 2944 1949 ite,
2968 1881 3235 1940 celebrate
3262 1898 3280 1941 :
3309 1899 3497 1954 magna
3531 1895 3616 1939 est

2036 1967 2133 2024 Dei
2164 1969 2552 2040 misericordia,
2584 1987 2703 2043 quas
2724 1981 2889 2027 totum
2923 1974 3180 2043 ignoscat.
3218 1973 3483 2029 Coronate
3513 1988 3609 2028 vos

2032 2061 2188 2130 rosis,
2229 2071 2511 2133 antequam
2545 2074 2875 2120 marcescant
2927 2063 3084 2136 (Sap.
3129 2064 3310 2135 n,8).
3353 2064 3406 2119 In
3453 2063 3615 2118 domo

2031 2151 2126 2209 Dei
2155 2152 2319 2208 vestri
2343 2152 2556 2224 quando
2581 2153 2889 2221 volueritis,
2904 2153 3287 2216 convivamini;
3315 2151 3611 2222 implemiai

2031 2244 2153 2300 cibo
2176 2252 2232 2301 et
2253 2245 2377 2299 vino
2401 2260 2523 2300 cum
2550 2242 2745 2300 vestris
2775 2262 2788 2298 :
2811 2243 2877 2299 ad
2925 2243 3024 2299 hoc
3052 2245 3193 2300 enim
3229 2244 3348 2299 data
3383 2253 3468 2301 est
3510 2244 3610 2299 ista

2030 2344 2295 2401 creatura,
2326 2343 2384 2391 ut
2407 2351 2467 2392 ea
2499 2334 2875 2407 perfruamini;
2909 2351 3014 2393 non
3044 2335 3184 2391 enim
3207 2336 3384 2407 impiis
3413 2345 3467 2392 et
3504 2336 3605 2391 Da-

2029 2425 2182 2496 ganis
2205 2439 2326 2481 eam
2361 2425 2508 2481 dedit
2537 2426 2705 2490 Deus,
2741 2434 2797 2481 et
2837 2425 2988 2481 vobis
3031 2441 3135 2481 non
3170 2426 3334 2482 dedit.
3388 2425 3514 2482 Huic
3561 2428 3610 2480 si
3648 2446 3652 2450 θ

2030 2515 2349 2585 dixerimus,
2381 2516 2517 2573 forte
2547 2517 2987 2589 congregabimus
3024 2516 3203 2573 turbas
3255 2517 3541 2587 ampliores
3585 2534 3604 2569 ι

2029 2614 2084 2661 et
2112 2606 2157 2661 si
2184 2616 2307 2662 sunt
2328 2607 2542 2678 quidam
2563 2607 2650 2678 qui
2677 2622 2775 2663 nos
2804 2606 3036 2663 sentiant
3073 2606 3187 2663 hare
3224 2606 3463 2662 dicentes
3500 2622 3608 2663 non

2030 2706 2173 2753 recte
2198 2713 2385 2768 sapere
2404 2739 2419 2763 ,
2451 2713 2647 2767 paucos
2678 2697 2993 2754 oﬂ‘cndimus
3013 2739 3031 2765 ,
3082 2697 3175 2754 sed
3222 2697 3607 2755 multitudinem

2030 2786 2392 2844 conciliamus.
2420 2788 2569 2856 Quod
2601 2788 2646 2844 si
2676 2789 2975 2852 fecerimus,
3004 2803 3108 2844 non
3136 2788 3296 2845 verba
3338 2789 3429 2844 Dei
3450 2831 3463 2853 ,
3496 2804 3601 2846 non

2029 2880 2186 2936 verba
2212 2880 2407 2937 Christi
2436 2881 2692 2945 dicentes,
2724 2881 2819 2937 sed
2854 2891 3068 2946 nostra;
3100 2882 3304 2937 erimus
3349 2890 3592 2953 pastores

2030 2972 2385 3042 nosmetipsos
2408 2982 2706 3042 pascentes,
2735 2987 2841 3027 non
2870 2986 3017 3028 oves.

2100 3062 2327 3121 CAPUT
2366 3063 2456 3119 ιν.
2505 3094 2576 3105 -
2626 3065 2681 3121 9.
2725 3063 2804 3120 De
2846 3063 3178 3119 audentibus
3215 3080 3327 3120 ours
3375 3066 3604 3136 pingam

2030 3150 2281 3223 Exempla
2336 3153 2473 3208 mala
2535 3156 2939 3227 prapositorum.
2996 3155 3127 3211 Cum
3172 3166 3369 3212 autom-
3387 3156 3612 3213 dixisset

2029 3258 2147 3315 qua:
2170 3243 2391 3315 diligant
2416 3246 2500 3302 isti
2527 3257 2785 3317 pastores,
2811 3246 2943 3303 dicit
2967 3257 3022 3303 et
3036 3263 3157 3318 qua:
3185 3248 3470 3319 negligant.
3519 3248 3613 3303 Vi-

2029 3334 2099 3388 tia
2123 3333 2264 3389 enim
2289 3335 2467 3391 ovium
2497 3336 2602 3391 late
2632 3345 2841 3405 patent;
2864 3352 3009 3393 same
3041 3348 3199 3408 atque
3236 3353 3431 3394 crassae
3481 3353 3610 3394 oves

2030 3437 2309 3492 perpaucae
2328 3434 2473 3488 sunt,
2499 3426 2549 3481 id
2577 3436 2677 3491 est,
2702 3426 2886 3482 solidae
2914 3428 2965 3482 in
2992 3428 3114 3482 cibo
3152 3429 3385 3482 veritatis
3404 3469 3418 3494 ,
3453 3439 3610 3483 uten-

2030 3520 2112 3568 tes
2138 3516 2349 3584 pascuis
2374 3515 2508 3572 bene
2533 3516 2617 3577 de
2637 3533 2857 3574 munere
2887 3518 2997 3573 Dei.
3027 3517 3130 3573 Sed
3163 3519 3287 3572 mali
3318 3518 3393 3572 illi
3435 3528 3613 3588 pasto-

2030 3618 2117 3658 res
2136 3618 2239 3657 nou
2268 3616 2490 3675 parcunt
2529 3606 2741 3662 talibus.
2784 3606 2976 3661 Parum
3012 3616 3096 3663 est
3137 3608 3278 3677 quod
3332 3609 3451 3663 illas
3496 3610 3614 3664 Lm-

2029 3703 2252 3764 guentes
2280 3704 2335 3751 et
2364 3695 2677 3755 infirmaset
2705 3706 2947 3753 errantes
2987 3707 3043 3754 ct
3089 3698 3321 3769 perditas
3369 3716 3472 3755 non
3514 3716 3611 3755 cu-

2030 3794 2184 3851 rant;
2208 3787 2370 3843 etiam
2390 3787 2518 3842 istas
2538 3788 2702 3845 fortes
2727 3796 2784 3845 et
2824 3789 3046 3860 pingues
3085 3801 3306 3857 nerant,
3357 3802 3611 3863 quantum

2031 3874 2084 3930 iu
2116 3877 2368 3947 ipsisest.
2393 3878 2501 3933 [the
2523 3878 2707 3934 vivunt
2737 3879 2805 3936 de
2841 3880 3205 3938 misericordia
3235 3883 3325 3938 Dei
3379 3904 3393 3939 :
3426 3893 3613 3941 tamen

2030 3976 2286 4037 quantum
2311 3968 2376 4023 ad
2407 3979 2646 4039 pastores
2684 3971 2853 4026 malos
2891 3974 3112 4036 attinet,
3156 3973 3421 4029 occidunt.
3460 3975 3616 4045 Quo-

2033 4056 2213 4124 modo,
2247 4058 2442 4127 inquis,
2471 4059 2757 4115 oceidunt?
2783 4061 2916 4117 Male
2937 4063 3185 4130 vivendo,
3207 4065 3403 4121 malum
3430 4079 3614 4121 exem-

2035 4146 2174 4216 plum
2208 4147 2514 4216 praebendo.
2546 4151 2627 4204 An
2672 4149 2865 4207 frustm
2916 4152 3117 4209 dictum
3163 4162 3246 4210 est
3286 4169 3442 4211 servo
3486 4155 3614 4221 Dei.

2033 4236 2287 4292 eminenti
2319 4238 2370 4292 in
2405 4238 2659 4295 membris
2684 4242 2878 4296 summi
2908 4243 3159 4313 pastoris,
3194 4242 3538 4300 Circa-omnes
3561 4256 3613 4300 te

2033 4329 2199 4398 ipsum
2224 4328 2468 4384 bonorum
2513 4349 2724 4404 operum
2753 4333 2918 4404 prtrbe
2956 4336 3238 4406 exemptum
3259 4334 3386 4406 (Tit.
3414 4350 3482 4403 ιι,
3529 4335 3616 4410 7);

2032 4428 2109 4487 et,
2140 4411 2333 4475 Forma
2357 4430 2461 4476 esto
2481 4421 2716 4492 ﬁdelibus
2748 4423 2787 4496 (Ι
2805 4423 2941 4479 Tim.
2973 4441 3043 4490 Ir,
3069 4423 3180 4497 12).
3214 4425 3450 4481 Attendit
3477 4426 3618 4483 enim

2035 4508 2151 4566 ovis'
2179 4512 2340 4566 etiam
2368 4511 2523 4567 fortis
2549 4514 2859 4586 plerumque
2894 4518 3240 4588 prmpositum
3281 4531 3436 4573 suum
3478 4516 3618 4573 male

2035 4600 2302 4656 viventem
2333 4601 2413 4656 :si
2441 4600 2673 4659 declinet
2698 4604 2933 4659 oculosa
2965 4605 3161 4675 regulis
3195 4605 3435 4672 Domini,
3463 4615 3518 4662 et
3544 4607 3622 4661 iu-

2039 4690 2220 4746 tendat
2245 4691 2298 4746 in
2319 4690 2588 4748 hominem
2615 4734 2631 4758 ,
2658 4693 3059 4763 incipitdio’ere
3099 4696 3151 4750 in
3194 4695 3359 4751 corde
3395 4710 3529 4759 suo,
3552 4696 3623 4753 Si

2037 4782 2356 4854 praepositus
2379 4798 2530 4840 meus
2554 4784 2633 4842 sic
2657 4784 2805 4849 vivit,
2844 4800 2945 4856 ego
2972 4786 3090 4855 quis
3124 4801 3242 4842 sum
3268 4787 3515 4857 qnimou.
3550 4787 3626 4840 fa-

2038 4873 2176 4929 ciam
2204 4873 2345 4946 quod
2375 4875 2462 4929 ille
2486 4873 2653 4929 facit?
2674 4874 2880 4933 Occidit
2906 4890 3061 4932 ovem
3089 4876 3299 4937 fortem.
3320 4879 3374 4932 Si
3433 4876 3622 4938 fortem

2040 4981 2167 5036 ergo
2194 4965 2386 5022 occidit
2413 4980 2599 5033 ovem;
2634 4966 2744 5039 jam
2775 4967 2843 5025 de
2884 4969 3091 5025 caeteris
3127 4967 3263 5039 quid
3292 4968 3449 5027 faciet
3470 5009 3485 5034 ,
3531 4971 3641 5045 qui.

2043 5054 2168 5113 illud
2197 5056 2338 5128 quod
2364 5072 2469 5111 non
2495 5056 2609 5128 ipse
2637 5056 3051 5125 fortificaverat,
3077 5056 3171 5112 sed
3208 5056 3348 5113 forte
3389 5067 3483 5115 aut
3533 5050 3642 5117 ro-i

2042 5126 2253 5204 bustum
2276 5126 2570 5215 invenerat,
2602 5149 2742 5207 male
2769 5148 2992 5205 vivendo
3010 5148 3467 5207 interfecitiDico
3490 5126 3644 5206 σιω-⁸

2044 5240 2186 5297 rilati
2243 5248 2475 5308 vestrm,
2500 5239 2707 5300 iterum.
2743 5240 2863 5297 dico
2894 5260 2909 5297 :
2939 5243 3038 5298 etsi
3064 5243 3269 5299 vivunt
3315 5258 3443 5299 oves
3465 5284 3481 5308 .
3525 5246 3629 5299 etsi

2047 5332 2208 5388 fortes
2228 5341 2351 5388 sunt
2371 5349 2497 5389 oves
2521 5334 2573 5389 in
2596 5334 2758 5391 verbo
2785 5337 3016 5404 Domini,
3048 5345 3103 5393 et
3132 5345 3314 5395 tenent
3333 5334 3459 5393 illud
3484 5336 3628 5406 quod

2047 5422 2330 5479 audierunt
2355 5438 2386 5478 a
2425 5423 2649 5480 Domino
2686 5440 2820 5491 suo,
2873 5425 3002 5492 Quae
3038 5425 3211 5480 dicunt
3230 5466 3256 5492 ,_
3294 5425 3480 5497 facite;
3520 5439 3634 5496 quur

2049 5522 2214 5568 autent
2239 5515 2656 5585 faciunt,.facere
2677 5516 2832 5569 nolite
2875 5513 3097 5585 (Matth.
3130 5513 3404 5584 331153);
3446 5524 3624 5570 tamen

2051 5604 2138 5679 qui
2170 5608 2219 5658 in
2249 5616 2555 5675 conspectu,
2568 5605 2743 5675 populi
2785 5606 2924 5662 male
2946 5608 3113 5672 vivit,
3139 5619 3392 5678 quantum
3436 5609 3486 5662 in
3539 5607 3632 5663 illo

2119 5756 2135 5784 ¹
2154 5753 2343 5825 plures
2362 5761 2489 5825 3.155.,
2523 5766 2608 5825 per
2646 5753 2911 5825 universam
2949 5755 3209 5809 civitatem.
3239 5757 3486 5821 ﬁdemque
3527 5755 3631 5808 libri

2058 5816 2198 5880 paulo
2219 5824 2345 5879 post,
2370 5816 2448 5878 ite,
2473 5816 2704 5870 ratein-ate
2957 5831 3132 5888 magna
3155 5825 3241 5880 est.
3262 5827 3359 5871 etc.
