3938 6186
309 4398 318 4433 i

376 331 483 388 9.75

376 461 475 518 est,
508 466 628 506 eum
655 463 682 502 a
712 462 817 518 quo
841 441 1123 499 attenditur
1142 439 1351 523 occidit.
1374 438 1484 493 Non
1514 436 1611 494 sibi
1641 452 1764 508 ergo
1788 436 1939 490 blan-

375 544 573 606 diatur,
598 540 721 610 quia
767 537 853 591 ille
888 548 993 589 non
1016 541 1103 588 est
1144 541 1403 586 mortuus.
1452 531 1519 584 Et
1555 528 1639 583 ille
1692 528 1846 590 vivit,
1889 535 1943 580 ct

376 637 465 692 ille
495 631 753 690 homicida
791 638 893 685 est.
916 626 1193 694 Quomodo
1230 640 1349 679 cum
1397 623 1623 677 lascivus
1651 622 1809 675 homo
1858 620 1937 671 in-

359 726 545 781 -tendit
596 724 647 777 itt
692 721 966 779 mulierem
1016 718 1081 772 ad
1123 715 1598 785 concupiscendum
1636 728 1783 775 eam;
1816 726 1939 765 ecce

374 816 465 871 illa
490 826 634 869 casta
652 821 765 877 est,
786 819 845 866 et
873 807 1111 866 mmchus
1135 816 1217 863 est
1246 807 1362 861 iste.
1402 804 1610 859 Domini
1636 801 1774 857 enim
1815 814 1936 856 vera

371 916 425 961 et
471 911 651 973 aperta
686 901 950 957 sententia
994 908 1076 953 cst
1120 917 1132 952 :
1188 896 1426 966 Quisquis
1460 893 1637 948 viderit
1684 892 1938 945 mulierem

372 996 439 1047 ad
479 992 926 1063 concupiscendum
972 1006 1080 1044 eam
1102 1031 1115 1049 .
1149 990 1262 1059 jam
1299 986 1570 1040 nuce/tatus
1608 992 1681 1037 est
1733 996 1842 1034 eam
1886 982 1936 1033 in

370 1085 519 1137 corde
533 1100 623 1136 suo
650 1080 855 1153 (Matth.
879 1096 936 1145 v,
956 1078 1072 1148 28).
1097 1078 1210 1132 Non
1234 1078 1469 1147 pervenit
1483 1074 1548 1130 ad
1567 1074 1705 1129 illius
1720 1072 1937 1128 cubicu-

371 1175 501 1239 lum,
523 1183 578 1227 ct
603 1173 654 1226 itt
686 1171 934 1225 interiore
954 1169 1063 1239 jam
1090 1182 1188 1222 suo
1227 1166 1472 1222 cubiculo
1522 1164 1802 1218 volutatur.
1849 1160 1938 1217 Sic

369 1266 545 1320 ontnis
562 1264 650 1333 qui
674 1261 818 1327 male
845 1261 974 1314 vivit
1001 1260 1051 1313 in
1075 1260 1360 1326 conspectu
1386 1270 1569 1311 eorum
1597 1254 1785 1325 quibus
1800 1266 1937 1323 pra:-

374 1344 702 1425 pnsitus‘est.
731 1361 986 1422 quantum
1018 1351 1069 1405 in
1118 1350 1233 1420 ipso
1269 1358 1386 1411 est,
1432 1345 1623 1402 occidit
1671 1353 1723 1400 ct
1777 1343 1938 1399 fortes

372 1460 518 1499 oves.
544 1444 649 1509 Qui
670 1458 797 1512 ergo
825 1441 1057 1496 imitatur
1085 1439 1422 1508 prtepositum
1441 1436 1655 1495 malum.
1679 1435 1933 1498 moritur;

367 1535 457 1601 qui
488 1548 592 1587 non
620 1533 850 1587 imitatur
881 1529 1043 1584 vivit:
1071 1536 1243 1582 tamen
1266 1535 1519 1597 quantum
1549 1525 1613 1581 ad
1645 1525 1789 1578 illum
1821 1539 1938 1592 per-

371 1626 523 1685 tinet.
545 1624 728 1679 ambos
754 1621 965 1677 occidit.
993 1619 1056 1673 Et
1079 1619 1213 1690 quod
1234 1634 1459 1683 crassum
1482 1626 1553 1671 est
1570 1658 1583 1679 ,
1621 1616 1786 1684 inquit
1810 1657 1823 1680 ,
1859 1616 1938 1667 itt-

373 1717 619 1784 ter/icitis,
645 1726 693 1769 et
716 1730 829 1769 oves
858 1728 990 1767 meas
1011 1728 1109 1766 non
1137 1710 1358 1779 pascitis.

441 1805 665 1861 CAPUT
704 1804 766 1858 V.
791 1834 860 1843 —
886 1802 971 1857 l0.
1007 1801 1125 1854 Oris
1152 1802 1385 1868 infirma,
1418 1799 1549 1851 unde
1582 1798 1931 1867 conformatio.

371 1897 489 1949 .latn
510 1893 733 1948 audistis
784 1891 906 1961 quid
954 1891 1190 1959 diligant,
1237 1889 1411 1942 audite
1470 1888 1596 1956 quid
1642 1887 1933 1956 negligant.

374 1986 524 2053 Quod
546 1986 804 2054 inﬁrmum
829 1993 918 2049 est,
950 1999 1049 2037 non
1075 1983 1429 2053 rattfortastis;
1456 1990 1500 2033 et
1522 1980 1653 2051 quod
1687 1979 1818 2032 male
1841 1978 1934 2031 Ita-

366 2080 503 2143 buit,
536 2095 635 2132 non
657 2076 1049 2138 corroboratus;
1086 2082 1132 2127 et
1171 2072 1306 2144 quod
1332 2072 1714 2129 contribulatum
1741 2080 1811 2124 es:
1831 2113 1844 2132 ,
1887 2070 1935 2123 id

369 2180 473 2235 est,
501 2168 850 2233 confractum,
877 2184 978 2221 non
1002 2165 1308 2236 colligastis;
1329 2174 1375 2219 et
1407 2164 1543 2234 quod
1571 2162 1764 2219 errabat
1784 2205 1797 2229 ,
1837 2178 1937 2216 non

366 2262 672 2324 revocastis;
697 2269 742 2314 et
768 2261 903 2330 quod
925 2259 1091 2328 periit,
1116 2274 1215 2311 non
1236 2258 1541 2328 inquisistis;
1575 2267 1623 2310 et
1646 2256 1780 2326 quod
1811 2260 1940 2326 forte

372 2355 487 2421 fuit,
519 2353 817 2422 confecistis,
850 2352 901 2406 id
924 2360 1023 2416 est,
1054 2348 1388 2405 interfecistis
1409 2357 1465 2404 et
1518 2348 1801 2404 occidistis.
1851 2349 1936 2402 ln-

370 2447 582 2502 tirmum
605 2445 799 2514 quippe
822 2443 1053 2497 animum
1078 2443 1213 2512 gerit
1235 2441 1366 2507 ovis,
1393 2441 1600 2511 quando
1625 2442 1937 2497 teutationcs

372 2538 472 2599 sibi
497 2538 701 2599 futuras
726 2551 830 2590 non
852 2536 1074 2590 credit'.
1098 2536 1284 2590 Pastor
1310 2534 1601 2604 negligens,
1629 2534 1838 2605 quando
1861 2538 1937 2589 sic

369 2628 540 2682 credit
564 2627 681 2683 talis
709 2626 968 2693 inﬁmus,
992 2642 1097 2682 non
1123 2626 1195 2680 illi
1223 2627 1349 2682 dicit
1377 2646 1388 2679 :
1431 2626 1563 2691 Fili,
1591 2628 1830 2683 accedens
1871 2630 1938 2682 ad

370 2718 657 2772 servitutem
676 2716 791 2778 Dei,
821 2727 899 2770 sta
927 2718 977 2770 in
995 2718 1195 2787 justitiu
1215 2725 1259 2770 et
1288 2717 1477 2781 timore,
1512 2728 1558 2771 et
1588 2734 1801 2789 propera
1828 2720 1939 2772 ani-

368 2823 506 2859 mam
531 2815 667 2859 luant
689 2805 758 2859 ad
787 2807 1106 2861 tentationem
1127 2804 1307 2877 (Eccli.
1338 2822 1374 2859 tt
1393 2846 1408 2869 ,
1443 2806 1514 2875 1).
1543 2806 1641 2874 Qui
1668 2808 1809 2863 enim
1835 2807 1935 2862 hac

371 2896 622 2965 luctuitur.
648 2895 909 2951 conlortat
935 2896 1219 2958 inﬁrmum.
1245 2906 1297 2951 et
1323 2912 1386 2950 ex
1423 2896 1628 2951 ittﬂrmo
1678 2896 1801 2956 facit
1851 2900 1938 2953 lir-

375 3002 540 3051 mttm,
573 2994 628 3041 ιιι
654 3000 757 3040 non
786 2985 871 3041 ille
899 3001 1020 3041 cum
1049 2985 1353 3051 crediderit,
1380 3001 1628 3056 prospera
1652 2987 1808 3057 tutius
1837 3003 1937 3044 sar-

368 3074 474 3130 culi
504 3082 698 3144 speret.
726 3073 780 3129 Si
801 3083 976 3130 autem
999 3074 1187 3129 doctus
1220 3072 1380 3141 fuerit
1420 3089 1637 3151 sperare
1685 3091 1937 3146 prospera

368 3163 528 3232 hujus
551 3163 752 3228 saeculi,
785 3162 893 3231 ipsa
917 3163 1264 3234 prosperitate
1301 3165 1656 3234 corrumpitur
1694 3182 1706 3216 :
1751 3179 1939 3237 super-

371 3253 698 3310 venientibus
717 3254 857 3308 enim
883 3253 1284 3309 adversitatilms
1310 3254 1593 3321 sanciatur,
1625 3265 1713 3309 aut
1744 3256 1933 3311 fortas-

368 3343 445 3401 sis
467 3343 832 3413 exstinguitur.
857 3343 971 3398 Non
992 3358 1119 3415 ergo
1147 3358 1267 3399 eum
1294 3343 1520 3399 mdilicat
1542 3360 1700 3414 super
1734 3356 1933 3415 petram

364 3427 557 3495 quisic
581 3426 826 3494 aediﬁcat,
857 3428 950 3489 sed
974 3443 1136 3497 super
1155 3442 1387 3484 arenam.
1425 3428 1578 3484 Petra
1605 3439 1781 3485 autem
1822 3442 1936 3487 erat

370 3517 671 3590 Christus“
712 3518 828 3573 Cor.
880 3536 939 3593 tt,
988 3520 1064 3588 ι).
1107 3520 1297 3576 Christi
1353 3523 1623 3590 passiones
1670 3523 1935 3582 imitanda:

366 3617 494 3663 sunt
510 3650 524 3671 ,
564 3623 667 3663 non
694 3624 725 3662 ιι
754 3608 1042 3677 christiano
1061 3610 1267 3669 deliciae
1287 3612 1681 3687 conquirendae.
1704 3612 1933 3669 Confer-

371 3707 512 3752 tatur
538 3698 800 3760 inﬁrmus.
827 3714 945 3754 cum
971 3701 1019 3757 ei
1046 3701 1272 3763 dicitur:
1307 3701 1473 3770 Spera
1519 3703 1733 3773 quidem
1761 3713 1937 3760 tenta-

373 3789 544 3843 tiones
576 3788 730 3857 hujus
756 3790 957 3854 szeculi,
981 3790 1073 3857 sed
1095 3791 1163 3845 ab
1183 3792 1427 3846 omnibus
1467 3804 1623 3848 eruet
1661 3802 1715 3848 te
1757 3796 1934 3848 Domi-

368 3894 489 3949 μηδ,
516 3878 560 3933 si
585 3878 761 3947 abillo
780 3894 884 3937 non
912 3881 1192 3937 recesserit
1219 3890 1363 3937 retro
1382 3897 1479 3937 cor
1511 3892 1679 3939 tuum.
1713 3885 1841 3939 Nam
1869 3887 1933 3940 ad

368 3966 773 4025 eoufortandum
810 3985 903 4025 cor
963 3981 1108 4026 tnutn
1136 3973 1281 4026 venit
1331 3974 1423 4028 ille
1469 3975 1606 4043 pati,
1651 3977 1795 4032 venit
1847 3979 1933 4031 ille

367 4062 522 4127 uxori,
554 4061 699 4117 venit
721 4062 890 4132 sputis
915 4063 1089 4119 illiniri
1111 4106 1125 4128 ,
1158 4067 1299 4118 venit
1324 4066 1490 4134 spinis
1531 4070 1792 4127 coronari,
1841 4085 1928 4120 ve-

368 4151 444 4227 nit
477 4152 756 4222 opprobria
799 4153 982 4217 audire
1000 4155 1042 4218 ι,
1074 4156 1215 4209 venit
1242 4165 1509 4223 postremo
1536 4157 1679 4227 ligno
1702 4161 1888 4228 conligi
1918 4180 1929 4212 :

365 4246 543 4299 omnia
564 4243 677 4301 haec
718 4244 805 4301 ille
841 4258 938 4313 pro
967 4254 1044 4310 te;
1083 4254 1134 4299 ιιι
1181 4246 1308 4300 nihil
1352 4262 1448 4316 pro
1478 4248 1587 4314 illo,
1617 4249 1708 4303 sed
1739 4266 1832 4319 pro
1862 4262 1932 4304 te.

436 4337 523 4390 ll.
554 4336 622 4399 In
641 4354 794 4392 arena
813 4338 1087 4405 wdi/ieant.
1112 4341 1198 4408 qui
1218 4340 1502 4408 felicitate»:
1526 4352 1769 4396 terrenam
1816 4362 1931 4412 pro-

308 4427 318 4489 ;
366 4429 587 4491 mittunt.
637 4427 832 4494 Quales
876 4437 1053 4485 autem
1089 4436 1230 4493 sunt,
1286 4431 1372 4497 qui
1415 4432 1659 4485 timentes
1687 4449 1782 4487 eos
1840 4437 1930 4489 lu!-

310 4510 318 4551 l

311 4589 318 4625 l

312 4642 319 4683 l

307 4516 318 4581 ξ
362 4518 491 4571 dere
515 4516 704 4583 quibus
732 4516 1036 4584 loquuntur,
1064 4534 1167 4571 non
1198 4518 1366 4572 solum
1397 4535 1501 4573 non
1542 4534 1837 4589 prmparant
1860 4525 1923 4577 ad

365 4604 702 4659 imminentes
726 4607 1095 4673 tentationes’,
1127 4607 1219 4661 sed
1244 4609 1400 4662 etiam
1425 4612 1733 4678 promittunt
1764 4612 1930 4667 felici-

276 4759 281 4765 ,
313 4696 320 4773 ξ
367 4703 526 4755 tatem
560 4695 718 4765 hujus
739 4697 940 4764 srcnli,
972 4713 1128 4767 quam
1154 4699 1290 4754 Deus
1319 4700 1416 4769 ipsi
1446 4702 1643 4757 sarculo
1672 4721 1775 4758 non
1804 4721 1929 4776 pro-

314 4797 323 4847 ξ
364 4788 525 4843 misit.
554 4787 644 4845 Ille
672 4788 907 4858 pratdicit
928 4791 1135 4847 labores
1168 4807 1328 4861 super
1352 4793 1557 4848 labores
1587 4810 1751 4867 usque
1793 4797 1843 4852 in
1870 4798 1931 4852 ti-

427 4945 441 4974 ί
468 4943 582 5019 aditi
600 4982 614 5007 ,
639 4945 928 5019 ρνοίιιιιιγιιξ.
953 4950 1044 5019 sed
1080 4952 1242 5019 verius
1261 4954 1451 5019 optimae
1485 4963 1611 5019 noue
1631 4960 1937 5014 Corbeiensis

362 5011 442 5083 Is.
457 5005 701 5083 ﬁngimus.
728 5005 1091 5083 itegius'a‘ntem
1121 5012 1269 5083 habet
1293 5005 1372 5083 ’δῖε
1395 5028 1407 5063 :
1438 5005 1932 5083 inﬁmainfaiﬁj’ﬁ

360 5066 990 5150 ςρξέιατξιι
1003 5078 1061 5150 τις
1078 5071 1235 5150 metit.
1254 5074 1423 5150 εςςιετε
1444 5066 1936 5150 vitaet-Misi:

360 5136 1441 5212 lii‘i“!‘iﬁ£’l£“’°§f9__fuP?!'!‘€ﬂW-.PW0’
1463 5139 1719 5212 ηιξριίθινηεο
1748 5136 1934 5197 etc-1d

378 5294 457 5317 r..-—
824 5294 1013 5307 -.πυ-ιω
1064 5294 1230 5319 ww“),
1255 5294 1301 5308 ιιι
1328 5294 1584 5313 WIIWIUIII
1623 5294 1933 5329 HCBUIJI‘UI",

435 5329 463 5361 l.
549 5350 560 5361 ο
1568 5350 1577 5359 ι

360 5313 764 5450 figeremus.
787 5376 1039 5450 ορρνοίςιία
1061 5380 1276 5450 8"Item"
1313 5384 1642 5450 Είξίξτοίθηδίδ
1673 5396 1722 5438 θί
1744 5391 1934 5450 “‘m’

424 5380 444 5404 ι
468 5380 642 5445 Regius
662 5382 764 5434 bls.,
787 5380 1039 5449 opprobria
1061 5380 1276 5492 auferre.
1313 5384 1642 5437 Cisterciensis
1673 5396 1722 5438 et
1744 5391 1905 5441 Florus
1919 5427 1934 5450 ,

355 5434 728 5509 oppr-obrutae:
740 5451 810 5488 re.
836 5447 912 5509 _Stc
947 5439 1075 5503 leget
1126 5455 1207 5509 tt_tn
1228 5445 1511 5508 conﬁciebat
1533 5454 1667 5509 Hugo
1689 5452 1938 5500 Mcnardus

362 5498 410 5565 in
429 5498 681 5547 concordia
702 5498 1127 5565 Regularum,'cap,
1146 5504 1223 5554 εδ,
1315 5498 1332 5507 ν
1354 5500 1359 5508 ι
1604 5498 1633 5509 υ
1786 5498 1789 5499 ν
1826 5498 1835 5499 κ
1858 5498 1863 5499 κ
1887 5498 1895 5500 -
1920 5498 1935 5500 _

418 5557 443 5621 3
461 5557 599 5621 tilia].
627 5568 677 5609 et
700 5568 824 5621 ωιτη
844 5562 1022 5613 ·Ιιοι“ιιηι
1046 5565 1195 5616 cardo
1226 5579 1317 5616 non
1350 5579 1435 5621 iter
1458 5565 1642 5619 ιυιυονρδ
1666 5580 1938 5621 "mmmam

424 5580 443 5587 τ
461 5580 599 5628 ttulit.
627 5580 677 5609 et
701 5580 824 5623 tot,
844 5580 1022 5634 uorum
1046 5580 1195 5616 coraa
1226 5580 1317 5616 non
1350 5580 1435 5630 per
1458 5580 1642 5619 umores
1665 5580 1938 5635 pra’parmtt

362 5614 426 5744 itit?!
437 5626 742 5727 {gratantes
763 5629 1037 5675 teutattoues
1054 5639 1072 5687 ;
1091 5626 1487 5678 dissentientibus
1519 5630 1651 5680 libris
1668 5632 1774 5690 aliis
1797 5634 1939 5683 editis

1580 322 1635 379 s.
1678 315 2041 376 AUGUSTlNl
2082 317 2381 404 erisnam
2959 264 3016 342 π’

3507 330 3618 389 2.76

2049 453 2167 490 nem
2196 449 2443 495 venturos
2471 440 2566 511 ipsi
2586 440 2802 509 Steculo,
2830 450 2883 498 et
2905 449 2959 505 tu
2984 443 3061 499 vis
3081 442 3146 498 ab
3180 444 3295 500 istis
3345 444 3620 503 laboribus

2050 543 2326 601 exceptum
2350 547 2468 587 esse
2494 531 2876 589 christianum?
2901 535 2988 606 qui
3020 536 3138 606 quia
3167 526 3486 592 Christianus
3506 555 3613 604 est.

2046 621 2242 692 aliquid
2268 622 2390 693 plus
2415 637 2662 692 passurus
2691 634 2771 679 est
2806 625 2855 678 in
2882 624 2983 679 hoc
3024 626 3242 681 smenlo.
3290 627 3493 683 Etenim
3540 633 3616 686 ait

2045 715 2330 786 Apostolus
2358 734 2369 768 :
2403 715 2589 773 Omnes
2612 705 2700 791 qui
2714 706 2885 773 volunt
2900 721 2951 774 in
2971 720 3165 775 Christo
3196 723 3275 790 pie
3300 724 3474 789 risere,
3500 743 3615 794 per-

2044 802 2344 860 secutionem
2365 808 2634 876 patientur.
2656 798 2771 863 lam
2800 810 2842 864 si
2873 809 2963 864 tibi
2992 811 3182 880 placet,
3224 829 3257 865 ι)
3301 826 3483 883 pastor
3525 827 3611 869 tua

2044 910 2309 964 quzercns,
2339 912 2443 950 non
2465 912 2581 966 quae
2604 897 2727 952 Jesn
2758 899 2975 965 Christi,
3002 899 3090 954 ille
3115 901 3287 965 dicat,
3319 901 3501 959 Ott-nes
3527 908 3615 972 qui

2043 985 2214 1039 volunt
2234 987 2286 1038 in
2311 985 2508 1040 Christo
2527 988 2607 1056 pie
2630 989 2807 1055 vivere,
2839 991 3224 1058 persecutionem
3251 1002 3500 1064 ponentur
3534 996 3609 1064 (ΙΙ

2047 1072 2175 1127 Tim.
2202 1089 2278 1140 nt,
2312 1076 2397 1145 l9.)
2423 1094 2434 1128 :
2465 1086 2519 1130 et
2546 1084 2602 1132 tu
2627 1077 2732 1145 dic,
2765 1079 2819 1133 Si
2842 1077 3073 1135 volueris
3095 1081 3144 1137 in
3174 1081 3382 1136 Christo
3417 1083 3500 1152 pie
3528 1086 3610 1137 vi-

2045 1180 2185 1230 vcre,
2209 1165 2547 1221 abundabunt
2574 1167 2666 1222 tibi
2708 1170 2883 1223 omnia
2924 1169 3095 1235 bona;
3139 1178 3194 1225 ct
3228 1171 3272 1226 si
3318 1171 3452 1227 ﬁlios
3503 1190 3612 1229 non

2044 1258 2206 1314 habes
2226 1301 2240 1323 ,
2283 1261 2537 1331 suscipies
2559 1302 2574 1327 ,
2602 1271 2656 1315 et
2685 1263 2920 1317 cnutrics
2944 1277 3129 1318 omnes
3148 1305 3162 1323 .
3190 1279 3346 1319 nemo
3370 1265 3461 1320 tibi
3489 1282 3610 1321 mo-

2043 1349 2226 1404 rictnr.
2256 1349 2497 1405 ﬂwccine
2526 1360 2606 1405 cst
2633 1351 2907 1406 :editieatio
2949 1353 3071 1407 tua?
3115 1353 3339 1410 Attende
3365 1356 3488 1425 quid
3528 1355 3608 1411 fa-

2042 1441 2172 1505 cias,
2201 1440 2287 1495 ubi
2309 1456 2480 1511 ponas
2507 1461 2518 1494 :
2548 1459 2707 1514 super
2727 1460 2938 1497 arenam
2967 1456 3045 1498 est
3079 1462 3232 1515 quem
3272 1448 3607 1515 constituis',

2042 1539 2295 1586 venturus
2323 1541 2405 1587 est
2430 1532 2633 1599 imber,
2676 1533 2968 1589 inﬂuxurus
3011 1546 3091 1591 est
3126 1535 3338 1602 ﬂuvius,
3388 1539 3610 1594 ﬂaturus

2042 1629 2123 1675 est
2145 1628 2351 1683 ventus,
2380 1631 2436 1677 et
2462 1623 2750 1693 itnpingcut
2770 1624 2818 1677 itt
2840 1622 3053 1679 domum
3077 1626 3251 1692 istam,
3280 1638 3331 1680 ct
3351 1628 3520 1693 cadet,
3552 1637 3611 1682 et

2043 1710 2130 1766 ﬂet
2153 1712 2302 1766 ruina
2345 1712 2461 1782 ejus
2511 1728 2716 1783 magna.
2753 1714 2889 1769 Leva
2944 1715 3011 1770 de
3049 1732 3227 1782 arena,
3268 1733 3405 1789 pone
3446 1733 3606 1788 supra

2042 1811 2242 1869 petram
2277 1801 2485 1875 (Matth.
2512 1820 2612 1867 vtt,
2634 1805 2704 1859 24
2729 1807 2822 1876 '27)
2853 1826 2865 1860 :
2898 1810 2947 1861 itt
2977 1807 3188 1862 Christo
3218 1807 3290 1863 sit
3324 1825 3479 1878 quem
3526 1811 3607 1864 vis

2041 1907 2159 1948 esse
2184 1893 2546 1951 christianum.
2587 1896 2810 1952 Attende
2844 1899 2909 1953 ad
2939 1899 3211 1968 passiones
3262 1899 3485 1963 Christi.
3526 1911 3607 1954 at-

2043 1982 2198 2037 tende
2221 1984 2286 2038 ad
2316 1985 2462 2041 illum
2488 1986 2603 2042 sine
2643 1987 2750 2042 ullo
2780 1998 2991 2057 peccato
3012 2031 3026 2054 ,
3075 2006 3193 2060 quae
3245 2006 3348 2046 non
3394 1992 3558 2061 rapuit
3584 2033 3603 2055 ,

2041 2074 2398 2131 cxsnlvcntcm
2427 2077 2596 2147 (Psal.
2632 2096 2816 2146 vatn,
2859 2083 2913 2151 5)
2951 2099 2964 2135 :
3009 2083 3223 2140 attende
3275 2085 3603 2156 Scriptorum

2041 2164 2301 2222 dicentem
2331 2167 2455 2235 tibi,
2506 2168 2760 2239 Flagellat
2807 2181 2972 2227 autem
3018 2190 3211 2228 onmem
3247 2176 3409 2244 ﬁlium
3458 2194 3604 2247 quem

2040 2258 2215 2328 recipit
2243 2257 2523 2332 (Heliam,
2556 2260 2635 2334 6).
2667 2262 2733 2317 Et
2758 2279 2880 2334 para
2907 2270 2957 2319 le
2999 2264 3244 2335 ﬂagellari
3272 2306 3286 2327 ,
3322 2275 3410 2319 aut
3452 2276 3605 2320 certe

2043 2365 2146 2403 non
2176 2365 2381 2421 qumras
2410 2352 2591 2422 recipi.
2615 2352 2865 2425 Flagellat
2890 2365 3073 2422 autem,
3103 2338 3290 2425 inquit,
3316 2372 3506 2409 omnem
3538 2357 3599 2423 ﬁ-

2041 2444 2164 2497 lium
2194 2460 2337 2508 quem
2362 2444 2573 2514 recipit;
2596 2454 2651 2500 et
2678 2454 2731 2499 tu
2761 2445 2894 2499 forte
2935 2455 3184 2514 exceptus
3218 2446 3356 2500 eris?
3402 2445 3455 2500 Si
3498 2462 3603 2500 ex-

2040 2542 2224 2602 ceptus
2250 2549 2277 2586 a
2305 2533 2548 2602 passione
2576 2532 2923 2605 ﬂagellorum,
2951 2545 3201 2606 exceptus
3229 2550 3258 2589 a
3289 2551 3506 2590 numero
3539 2537 3606 2588 li-

2042 2622 2251 2677 liorttm.
2281 2623 2443 2689 hanc,
2467 2624 2695 2693 inquies,
2726 2624 2953 2694 ﬂagellat
2976 2641 3188 2680 omnem
3220 2626 3383 2681 lilium
3405 2626 3428 2680 ἲ
3450 2627 3608 2680 Prur—

2040 2729 2132 2769 sus
2152 2715 2219 2768 ita
2248 2714 2474 2785 ﬂagellat
2497 2729 2706 2771 omnem
2732 2716 2891 2772 lilium
2912 2759 2926 2782 ,
2951 2727 3006 2772 nt
3025 2727 3079 2773 et
3115 2717 3361 2773 Unicum.
3406 2716 3606 2774 Unicus

2042 2804 2129 2857 ille
2147 2803 2214 2858 de
2235 2804 2401 2857 l‘atris
2429 2805 2717 2860 substantia
2739 2814 2920 2874 natus,
2946 2808 3163 2877 mqttalis
3192 2807 3330 2862 Patri
3359 2809 3409 2862 in
3437 2807 3603 2863 forma

2041 2893 2154 2956 Dei.
2183 2893 2414 2949 Verbum
2447 2909 2539 2963 per
2560 2910 2718 2964 quem
2748 2895 2879 2951 facta
2900 2906 3024 2951 sunt
3047 2897 3223 2952 omnia
3295 2915 3396 2952 non
3435 2897 3604 2953 habe-

2040 2983 2130 3038 bat
2155 2984 2295 3039 unde
2322 2985 2676 3056 ﬂagellaretttr
2705 3002 2718 3038 :
2750 2986 2816 3041 ad
2840 2986 2941 3042 hoc
2964 3003 3123 3045 carne
3153 2989 3367 3045 indutus
3393 3001 3476 3047 est
3498 3032 3514 3055 ,
3548 2977 3607 3045 ut

2040 3075 2154 3130 sine
2187 3076 2392 3146 ﬂagello
2434 3092 2538 3132 non
2576 3086 2736 3132 esset.
2785 3077 2884 3146 Qui
2921 3093 3049 3149 ergo
3103 3078 3332 3150 ﬂagellat
3380 3079 3605 3137 Unicum

2040 3166 2153 3221 sine
2182 3174 2415 3236 peccato,
2448 3166 2698 3238 numquid
2725 3168 2973 3237 relinquit
2998 3168 3300 3238 adoptivum
3331 3186 3450 3226 cum
3482 3186 3607 3241 pec-

2039 3256 2194 3311 cato?
2217 3254 2276 3311 In
2300 3256 2633 3328 adoptionem
2662 3267 2877 3315 vocatos
2899 3274 2995 3315 nos
3022 3276 3141 3316 esse
3183 3261 3467 3331 Apostolus
3496 3262 3604 3316 .di-

2039 3347 2131 3402 cit.
2158 3347 2509 3418 Adoptionem
2539 3349 2762 3405 ﬁliorum
2810 3351 3110 3422 accepimus
3153 3350 3349 3423 (Colat.
3393 3369 3464 3417 tv,
3522 3354 3604 3425 5).

2040 3448 2097 3494 ut
2118 3453 2357 3495 essemus
2381 3439 2531 3496 Unici
2557 3440 2880 3509 eoltzcredes,
2907 3457 3145 3499 essemus
3192 3445 3348 3499 ctiam
3380 3444 3606 3499 ltmredi-

2040 3541 2119 3585 tas
2144 3530 2278 3601 ejus.
2305 3528 2535 3595 Postulo,
2565 3532 2751 3602 inquit,
2783 3550 2814 3585 a
2839 3548 2935 3598 me,
2962 3543 3009 3587 et
3037 3533 3164 3588 dabo
3189 3535 3277 3588 tibi
3302 3543 3468 3605 gentes
3498 3536 3605 3589 lue-

2039 3622 2297 3676 reditatem
2317 3630 2455 3676 tuam
2479 3620 2646 3693 (Psal.
2674 3637 2731 3688 tt,
2755 3622 2830 3694 8).
2856 3623 3172 3693 Exemplum
3209 3624 3358 3679 nobis
3403 3640 3599 3695 propo-

2038 3715 2143 3770 suit
2166 3717 2216 3770 in
2238 3714 2568 3785 passionibus
2584 3716 2711 3769 suis.

2112 3825 2195 3880 12.
2238 3825 2481 3896 Inﬁrmus
2543 3826 2791 3894 quomodo
2837 3827 3231 3896 conﬁrmandus.
3272 3826 3378 3884 Sed
3444 3844 3510 3883 ne
3549 3828 3602 3882 in

2041 3917 2225 3972 futuris
2285 3918 2657 3972 tentaliouibus
2708 3917 2919 3973 deﬁciat
2982 3919 3252 3985 inﬁrmus;
3308 3934 3405 3974 nec
3472 3919 3605 3975 falsa

2037 4022 2130 4075 spe
2190 4007 2527 4076 decipiendus
2600 4020 2679 4064 est
2720 4051 2735 4076 ,
2812 4024 2908 4064 nec
2960 4018 3164 4065 terrore
3260 4009 3603 4079 frangendus.

2041 4096 2129 4150 Dic
2154 4095 2223 4157 ci,
2275 4093 2515 4166 Pt‘a’para
2549 4100 2767 4150 animant
2810 4108 2949 4152 luant
3001 4098 3070 4150 ad
3114 4098 3449 4152 lentationem.
3500 4098 3603 4154 Sed

2037 4186 2169 4240 forte
2190 4186 2368 4255 incipit
2398 4189 2518 4252 labi,
2550 4191 2976 4256 contremiscere,
3011 4193 3149 4246 nolle
3172 4191 3458 4263 accedere;
3506 4194 3606 4248 ba-

2039 4279 2129 4331 bes
2162 4278 2300 4331 aliud
2346 4297 2357 4329 :
2409 4278 2597 4334 Fidelis
2646 4281 2811 4347 Deus,
2854 4284 2942 4354 qui
2990 4299 3089 4337 non
3117 4300 3201 4339 vos
3241 4286 3374 4339 sinat
3425 4287 3605 4341 tentari

2037 4387 2188 4442 supra
2207 4388 2355 4441 quam
2382 4375 2510 4444 ferre
2536 4376 2737 4442 potestis
2765 4375 2803 4445 (Ι
2833 4374 2949 4430 Cor.
2985 4393 3040 4438 χ,
3090 4377 3199 4447 15).
3251 4379 3381 4434 Illud
3423 4389 3603 4435 autem

2040 4463 2361 4529 promittere,
2390 4473 2442 4517 et
2470 4463 2755 4532 prtedicare
2777 4464 2977 4521 futuras
3006 4469 3297 4535 passiones,
3336 4467 3602 4524 infirmum

2037 4551 2348 4610 conﬁrmare
2368 4567 2468 4611 est.
2502 4558 2727 4612 Timenti
2759 4571 2933 4615 autem
2958 4562 3201 4630 nimium,
3226 4574 3278 4619 et
3298 4580 3362 4619 ex
3382 4563 3484 4619 hoc
3505 4564 3603 4621 de-

2039 4645 2242 4711 territo,
2271 4663 2388 4700 cum
2423 4649 2686 4717 polliceris
2714 4652 3125 4708 miscricordiam
3158 4656 3278 4720 Dei,
3322 4672 3426 4711 non
3473 4659 3597 4729 quia

2041 4737 2357 4809 tentationes
2386 4739 2645 4805 deerunt,
2671 4741 2761 4795 sed
2778 4742 2910 4810 .quia
2955 4758 3060 4798 non
3112 4747 3369 4814 permittit
3412 4750 3604 4803 tentari

2036 4840 2196 4895 supra
2219 4842 2374 4897 quam
2406 4830 2544 4884 ferre
2571 4841 2761 4899 potest,
2784 4831 3005 4888 fractum
3028 4836 3277 4905 colligare
3327 4846 3427 4891 est.
3466 4839 3608 4893 Sunt

2037 4918 2176 4972 enim
2198 4918 2287 4988 qui
2321 4934 2439 4974 cum
2485 4922 2746 4978 audierint
2782 4934 3028 4983 venturas
3071 4928 3462 4993 tribulationes,
3515 4945 3605 4984 ar-

2036 5017 2181 5060 mant
2203 5023 2260 5062 se
2288 5011 2474 5079 magis,
2504 5021 2558 5065 et
2577 5013 2721 5082 quasi
2744 5022 2922 5083 potttm
2953 5029 3105 5071 suum
3132 5018 3315 5072 sitiunt
3341 5036 3355 5071 :
3388 5034 3603 5088 parvam

2038 5099 2176 5152 enim
2199 5100 2294 5153 sibi
2332 5111 2513 5170 putant
2549 5103 2778 5160 ﬁdelium
2826 5107 3170 5173 medicinam,
3216 5110 3309 5165 sed
3361 5119 3604 5179 quaerunt

2037 5197 2088 5242 et
2116 5196 2401 5260 martyrum
2433 5193 2671 5261 gloriam.
2695 5195 3022 5257 Suntautem
3050 5197 3136 5252 alii
3177 5199 3266 5267 qui
3291 5198 3482 5254 auditis
3521 5198 3605 5253 lu-

2041 5278 2170 5335 turis
2210 5293 2262 5338 et
2298 5287 2594 5347 necessario
2633 5289 2960 5343 venientibus
3016 5290 3411 5357 tentationihus,
3469 5305 3602 5359 quas

2041 5380 2248 5449 proprie
2277 5391 2483 5451 oportet
2509 5384 2689 5439 venire
2707 5384 3024 5451 chriStiano;
3053 5399 3183 5455 quas
3223 5398 3380 5439 nemo
3417 5384 3599 5447 sentit,

2040 5471 2138 5524 nisi
2163 5473 2249 5540 qui
2281 5474 2501 5527 voluerit
2525 5490 2644 5529 esse
2670 5490 2792 5530 vere
2820 5476 3136 5529 christianos
3165 5492 3179 5528 :
3210 5473 3603 5533 untntnentihus

2109 5692 2121 5721 ³
2150 5692 2220 5738 sic
2241 5698 2344 5739 Mss.
2372 5692 2483 5740 Etliti
2508 5704 2642 5751 vero,
2665 5691 2792 5753 quod
2813 5690 3067 5745 constituis.
