3938 6186
353 347 461 404 ἫΘ

357 461 551 531 aliquis
581 458 876 520 Donatista,
901 455 1015 510 Non
1058 455 1152 508 tibi
1199 453 1336 508 dabo
1378 453 1537 507 tiliam
1584 464 1778 519 meam,
1822 453 1925 507 nisi

363 553 531 609 fueris
556 552 625 606 de
664 559 814 619 parte
840 563 956 604 mea
986 565 1002 601 :
1032 547 1107 602 illi
1136 561 1272 617 opus
1296 556 1379 601 est
1404 556 1460 600 ut
1481 546 1736 613 attendat,
1760 555 1813 603 et
1841 547 1926 602 di-

353 655 462 712 cat,
482 644 537 698 Si
565 642 697 697 nihil
718 640 849 697 mali
875 649 1018 696 esset
1043 654 1166 695 esse
1190 639 1257 694 de
1280 648 1427 708 parte
1441 654 1645 699 eorum.
1669 654 1776 692 non
1797 654 1927 694 eon-

354 746 432 790 tra
464 734 584 789 illos
619 742 762 787 tanta
784 730 1023 788 dicerent
1049 740 1290 801 pastores
1327 730 1513 796 nostri,
1542 745 1646 785 non
1675 745 1772 800 pro
1799 731 1923 785 illo-

352 844 471 884 rum
496 842 681 885 errore
700 835 1021 897 satagerent.
1035 826 1091 882 Si
1110 840 1240 896 ergo
1258 838 1528 879 cessemus
1551 833 1604 880 et
1628 832 1920 887 taceamus,

351 918 612 974 emtraria
644 920 915 977 locaturus
941 926 1025 972 est
1058 933 1072 970 :
1103 915 1293 986 Utique
1321 916 1366 970 si
1399 915 1595 970 malum
1625 924 1773 971 esset
1801 929 1922 969 esse

353 1011 403 1063 iu
446 1019 593 1079 parte
640 1009 849 1074 Donati,
896 1008 1239 1078 loquerentur
1284 1016 1490 1071 contra,
1542 1005 1925 1075 redarguerem

352 1116 471 1168 eos,
501 1108 803 1171 satagerent
842 1100 1037 1155 lucrari
1080 1098 1199 1153 illos
1244 1114 1260 1152 :
1290 1100 1337 1153 si
1381 1106 1582 1161 errant,
1614 1102 1924 1152 revocarent

359 1194 504 1255 illos;
537 1194 580 1247 si
616 1200 857 1262 peretmt,
889 1198 1190 1263 quarrerent
1220 1190 1392 1245 illos‘.
1415 1189 1533 1245 Non
1558 1187 1749 1242 frustra
1770 1202 1918 1257 ergo,

352 1302 473 1340 cum
500 1286 609 1355 jam
637 1282 860 1339 dtxisset
903 1284 1169 1354 superius,
1203 1281 1351 1348 Quod
1375 1297 1601 1336 crassum
1626 1290 1720 1345 est,
1763 1281 1921 1334 inter-

350 1376 574 1445 fecistis;
605 1376 690 1430 hie
717 1376 910 1430 iterum
932 1376 983 1429 in
1010 1373 1301 1429 novissimo
1325 1371 1519 1442 posuit,
1544 1370 1612 1424 Et
1634 1370 1768 1441 quod
1792 1374 1924 1442 forte

348 1469 465 1540 fuit,
487 1466 791 1539 confecistis.
810 1465 929 1537 Ipsa
954 1475 1039 1521 est
1061 1465 1204 1521 enim
1231 1464 1452 1534 repetita
1482 1462 1763 1526 sententia,
1779 1460 1880 1515 nisi
1900 1462 1921 1492 '

354 1575 417 1613 ex
447 1559 529 1613 his
550 1572 669 1628 qua!
696 1572 855 1626 supra
873 1555 1006 1612 dixit
1025 1566 1146 1610 nata
1168 1565 1271 1618 est,
1294 1553 1441 1619 Quod
1463 1552 1681 1619 errabat,
1708 1565 1808 1606 non
1832 1566 1916 1604 re-

350 1650 598 1715 vocastis;
645 1660 693 1703 et
740 1647 879 1719 quod
916 1648 1083 1715 periit,
1121 1663 1222 1702 non
1259 1646 1532 1715 remisistis
1573 1661 1592 1700 :
1619 1654 1664 1699 et
1708 1644 1813 1699 hoc
1839 1642 1919 1699 fa-

350 1739 562 1803 ciendo,
600 1740 734 1809 quod
756 1741 886 1810 forte
911 1748 1003 1802 est,
1029 1737 1364 1807 iuterfecistis.

422 1829 650 1887 CAPUT
691 1829 1017 1885 Vill—iii.
1065 1830 1243 1884 Otium
1294 1829 1569 1884 errantium
1616 1827 1905 1899 infelicitas.

361 1921 588 1977 Proinde
607 1921 873 1992 audiun
900 1930 1154 1991 sequatur
1181 1921 1252 1976 de
1277 1921 1376 1974 ista
1406 1920 1722 1991 negligentia
1753 1919 1919 1973 malo-

352 2029 491 2080 rum,
520 2013 628 2067 imo
663 2011 914 2067 falsorum
940 2021 1211 2082 pastorum
1249 2028 1263 2064 :
1302 2010 1368 2064 Et
1399 2010 1640 2081 dispersa:
1663 2017 1785 2065 sunt
1808 2024 1922 2063 oves

350 2120 492 2169 mea,
523 2120 581 2159 eo
606 2105 741 2175 quod
785 2121 884 2158 non
909 2104 975 2158 sit
1005 2111 1210 2173 pastor;
1255 2112 1301 2156 et
1339 2105 1488 2171 facta
1522 2110 1638 2156 sunt
1674 2102 1727 2155 in
1753 2117 1917 2154 come-

346 2207 538 2249 sturaut
566 2193 794 2249 omnibus
817 2193 984 2248 bestiis
1002 2193 1132 2263 agri.
1155 2191 1417 2246 Furantur
1444 2192 1553 2260 lupi
1587 2191 1918 2253 insidiantes,

348 2286 559 2356 rapiunt
594 2285 777 2341 leones
803 2284 1109 2348 frementes,
1141 2298 1262 2338 cum
1302 2296 1430 2337 oves
1465 2296 1572 2336 non
1597 2282 1803 2336 hmrent
1827 2296 1921 2351 pa-

350 2378 482 2431 stori
496 2376 540 2428 ³.
566 2375 698 2430 Nam
730 2388 964 2444 prmsens
990 2383 1067 2428 est
1095 2381 1297 2443 pastor,
1340 2373 1432 2426 sed
1471 2372 1607 2426 male
1645 2371 1922 2442 agentibus

349 2480 455 2521 non
482 2474 566 2521 est
600 2474 801 2533 pastor.
843 2464 910 2517 Et
937 2463 1197 2518 inhmrent
1232 2463 1531 2531 pastoribus
1561 2476 1666 2515 non
1699 2462 1922 2531 pastori-

350 2559 482 2620 bus;
509 2570 570 2610 se
589 2555 751 2627 ipsos,
774 2569 879 2608 non
906 2568 1033 2608 oves
1058 2554 1432 2623 pascentibus:
1456 2562 1511 2608 et
1531 2553 1741 2608 lcthalis
1767 2568 1924 2608 error

347 2644 706 2715 consequitur.
735 2643 873 2698 Eunt
911 2643 960 2695 in
1001 2642 1199 2696 bestias
1236 2642 1609 2709 deprmdantes
1651 2659 1729 2706 se,
1761 2652 1815 2699 et
1855 2644 1921 2698 de

350 2735 560 2790 illarum
588 2742 761 2788 morte
808 2747 867 2788 se
904 2732 1084 2787 satiari
1113 2732 1403 2801 cupientes.
1432 2732 1590 2786 Tales
1617 2736 1757 2787 enim
1796 2743 1921 2787 sunt

346 2839 538 2880 omnes
563 2826 651 2893 qui
674 2822 905 2894 gaudent
928 2823 996 2878 de
1031 2822 1300 2878 erroribus
1328 2822 1544 2889 alienis;
1586 2823 1768 2878 bestia:
1793 2832 1921 2878 sunt

350 2926 513 2987 pasta:
542 2916 803 2973 mortibus
830 2915 1187 2986 dispersorum
1208 2916 1247 2971 ⁵.

420 3010 508 3064 i7.
577 3006 704 3062 Mali
756 3017 944 3062 montes
981 3017 1028 3061 et
1070 3008 1255 3073 colles,
1286 3010 1338 3062 in
1364 3009 1543 3078 quibus
1579 3025 1692 3065 oves
1728 3020 1915 3064 errant.

349 3097 478 3153 Boni
518 3106 729 3157 montes,
756 3126 827 3137 —
868 3097 932 3151 Et
960 3092 1199 3169 dispersit:
1233 3107 1369 3163 sunt,
1409 3108 1457 3153 et
1498 3108 1784 3154 erraverunt
1807 3116 1919 3156 oves

349 3204 472 3244 mete
492 3189 543 3243 in
569 3202 765 3242 onmem
788 3198 1025 3249 montem.
1049 3189 1164 3241 etin
1189 3204 1383 3242 omnem
1409 3189 1589 3244 collem
1614 3191 1792 3245 altum.
1821 3192 1921 3247 Be-

348 3280 464 3335 stia:
489 3294 520 3333 a
547 3279 813 3334 montibus
828 3289 882 3334 et
910 3279 1155 3342 collibus,
1181 3289 1356 3334 tumor
1379 3290 1625 3335 terrenus
1648 3290 1703 3336 et
1727 3296 1919 3354 super-

350 3370 435 3423 bia
465 3368 668 3423 smculi.
702 3368 903 3423 Extulit
929 3384 987 3423 se
1011 3370 1256 3438 superbia
1283 3369 1491 3435 Donati,
1521 3371 1643 3425 fecit
1666 3372 1771 3426 sibi
1797 3388 1919 3443 par-

349 3473 454 3515 tem
475 3478 491 3515 :
508 3460 839 3529 subsequens
859 3475 980 3515 eum
1010 3461 1409 3527 Parmenianus,
1431 3462 1571 3517 illius
1590 3465 1922 3519 confirmavit

347 3566 606 3605 errorem.
636 3549 728 3606 Ille
753 3565 908 3607 moris
931 3559 1034 3618 est,
1068 3551 1154 3605 ille
1184 3552 1335 3606 collis
1360 3561 1463 3607 est.
1511 3553 1601 3608 Sic
1623 3555 1794 3609 omnis
1823 3571 1917 3609 cu-

344 3642 560 3711 juslibet
587 3650 770 3697 auctor
793 3642 992 3697 erroris
1019 3652 1232 3697 terrena
1270 3643 1498 3699 elatione
1538 3644 1916 3710 intumescens,

349 3732 607 3801 promittit
631 3731 819 3786 ovibus
847 3732 1103 3802 requiem,
1131 3747 1321 3801 pascua
1351 3735 1484 3787 bona
1514 3744 1603 3788 :ct
1633 3736 1917 3805 aliquando

349 3821 626 3876 inveniunt
665 3822 736 3876 ibi
762 3837 889 3877 ores
926 3836 1121 3891 pascua
1148 3822 1216 3877 de
1243 3823 1413 3891 plmia
1446 3823 1559 3884 Dei,
1598 3840 1701 3877 non
1732 3824 1799 3879 de
1823 3825 1919 3879 du-

350 3912 468 3968 ritia
498 3912 697 3968 montis
727 3931 739 3967 :
764 3912 959 3968 habent
986 3915 1128 3968 enim
1154 3923 1206 3968 et
1238 3914 1335 3982 ipsi
1365 3914 1686 3983 Seripturas,
1718 3915 1917 3972 habent

346 4004 709 4061 Sacramenta.
747 4005 859 4060 Non
883 4013 1006 4059 sunt
1039 4006 1135 4059 ista
1166 4006 1424 4060 montium
1466 4025 1477 4059 :
1507 4007 1600 4062 sed
1627 4023 1745 4061 cum
1770 4008 1916 4063 inrc-

350 4095 564 4149 uiuntur
592 4096 645 4149 iu
675 4097 969 4159 montibus;
1011 4096 1150 4151 male
1190 4106 1490 4151 remouetur
1534 4099 1585 4152 iu
1632 4098 1917 4153 momibus.

351 4185 592 4239 Brrando
602 4185 743 4240 enim
767 4186 818 4239 iu
838 4186 1105 4240 montibus
1126 4195 1177 4241 et
1197 4187 1246 4239 in
1270 4187 1511 4253 collibus,
1525 4187 1913 4259 descruntgre-

276 4310 285 4315 ν
348 4293 527 4348 great;
558 4278 812 4332 deserunt
839 4278 1115 4339 tmitatem,
1137 4278 1392 4334 deserunt
1418 4280 1645 4334 munitas
1668 4281 1920 4336 cohortes

293 4405 297 4409 -
353 4372 607 4424 adversus
630 4370 812 4423 leones
836 4377 890 4421 et
908 4367 1076 4435 lupos.
1103 4367 1228 4421 inde
1248 4385 1375 4439 ergo
1397 4381 1609 4425 revocet
1632 4371 1785 4436 Deus,
1809 4372 1921 4440 ipse

353 4468 585 4515 revocet.
601 4457 754 4513 Modo
771 4458 996 4513 audietis
1009 4459 1180 4528 ipsum
1199 4470 1534 4515 revocantem
1556 4479 1569 4513 :
1590 4460 1918 4529 Erraverunt,

355 4551 543 4620 inquit,
572 4565 687 4604 oves
703 4564 825 4603 mea:
844 4549 896 4602 in
924 4565 1118 4603 omnem
1137 4560 1376 4616 montem,
1394 4560 1442 4605 et
1462 4551 1512 4603 in
1530 4566 1724 4605 omnem
1744 4554 1921 4607 collem

347 4643 540 4706 ultum;
560 4642 659 4695 hoc
679 4650 781 4706 est,
805 4642 855 4696 iu
881 4656 1094 4695 omnem
1112 4650 1371 4696 tumorem
1395 4649 1618 4696 terrena:
1634 4643 1916 4712 superbizet

351 4733 486 4788 Sunt
504 4733 645 4787 enim
669 4739 723 4786 et
745 4740 952 4787 montes
970 4731 1092 4786 boui
1114 4748 1127 4783 :
1152 4729 1332 4784 Levavi
1352 4730 1524 4785 oculos
1545 4748 1678 4786 meos
1700 4732 1749 4785 in
1778 4750 1922 4786 mon-

348 4837 442 4892 tes,
474 4823 607 4878 unde
630 4823 785 4878 veniet
805 4823 1049 4878 auxilium
1072 4823 1213 4877 mihi.
1239 4821 1306 4876 Et
1331 4821 1450 4877 vide
1474 4823 1595 4893 quia
1614 4838 1716 4877 nou
1741 4823 1832 4877 tibi
1861 4824 1912 4877 in

349 4915 616 4971 montibus
655 4929 779 4985 spes
817 4924 900 4969 cst
942 4932 954 4969 :
998 4914 1276 4979 Auxilium,
1320 4912 1507 4983 inquit,
1544 4929 1706 4989 meum
1737 4930 1769 4966 a
1813 4911 1919 4966 Do-

348 5008 504 5071 mino,
533 5009 620 5078 qui
645 5007 762 5075 fecit
783 5005 960 5061 calum
984 5015 1031 5060 et
1053 5015 1232 5059 tetram
1261 5002 1428 5074 (Psal.
1460 5019 1585 5068 cxx,
1620 5004 1667 5069 l,
1693 5004 1773 5074 ‘2).
1806 5004 1918 5059 Noli

411 5163 425 5193 ¹
442 5160 746 5232 corbeien‘sis
762 5166 865 5222 κς»,
880 5157 965 5217 sed
980 5165 1159 5218 errant,
1180 5165 1449 5208 remearent
1466 5157 1592 5219 illos;
1609 5158 1692 5211 sed
1707 5165 1920 5223 pereunt,

343 5228 612 5279 maererent
630 5218 753 5271 illos.
851 5218 865 5222 “
1542 5278 1552 5289 ,
1576 5218 1595 5289 ⁷.
1707 5218 1717 5223 ⁷
1886 5218 1913 5290 ,⁷

409 5288 492 5333 ⁸1η
517 5283 733 5333 editione
755 5280 890 5330 Ulim.
918 5287 970 5331 et
991 5287 1099 5331 Lor.
1132 5281 1360 5329 omissum
1383 5287 1477 5340 est,
1501 5292 1623 5341 mu;
1646 5279 1924 5331 reluctanti-

347 5347 439 5401 bus
455 5345 597 5396 editis
617 5342 725 5395 aliis
743 5350 795 5392 et
810 5350 915 5391 Mss.

411 5408 432 5441 ³
455 5407 643 5468 Aliquot
675 5412 782 5474 uss.
824 5415 1027 5474 necnon
1054 5400 1324 5474 concordia
1353 5401 1639 5474 Regularum
1659 5435 1675 5462 ,
1709 5415 1811 5474 cap.
1845 5402 1923 5474 ζιὸ,

352 5480 457 5519 sum
498 5462 604 5518 oues
646 5463 1135 5528 adltwrcnt‘pastort';
1174 5462 1383 5528 sublata
1409 5462 1621 5528 negante
1663 5462 1889 5526 particula
1909 5498 1924 5520 ,

348 5542 494 5597 omni.
516 5538 623 5580 Iane
759 5539 869 5578 cum
889 5524 952 5597 de
976 5539 1092 5597 vero
1121 5533 1312 5597 pastore
1341 5524 1924 5597 Christoagaturhneces—

347 5583 492 5640 ἁλι-ἰδ’
517 5603 609 5640 est.
634 5583 777 5639 raulo
820 5595 927 5651 post
954 5583 1235 5637 auctoritate.
1278 5596 1375 5635 am.
1411 5593 1462 5634 et
1498 5583 1601 5633 uss.
1643 5583 1922 5644 addidimus,

347 5661 441 5695 non
463 5649 756 5695 maioribus:
780 5650 909 5695 auttd
940 5650 1063 5695 anud
1103 5654 1175 5695 Fr.
1214 5656 1261 5695 et
1294 5654 1401 5695 ιον.
1435 5646 1755 5695 desideratur.

347 5661 441 5708 non
463 5649 756 5713 pastoribus:
780 5649 909 5711 quod
940 5650 1063 5711 apud
1103 5654 1175 5697 Fr.
1214 5656 1261 5696 et
1294 5654 1401 5696 ιον.
1435 5649 1755 5695 desideratur.

413 5713 432 5744 ι
453 5710 527 5760 sic
549 5710 730 5769 stupuit
750 5717 855 5761 atat.
883 5709 968 5764 alii
990 5722 1099 5761 eum
1129 5708 1269 5759 editis
1284 5742 1299 5767 ,
1323 5706 1556 5759 morsibus
1578 5704 1920 5773 dispersorum.

1552 338 1609 393 S.
1650 335 2007 392 AUﬂUSTlNI
2051 340 2345 399 EPISCOPI

3502 354 3616 411 280

2036 463 2227 523 putare
2260 458 2504 529 iniuriam
2545 471 2596 517 te
2637 462 2810 520 uicere
2839 467 3104 523 montibus
3140 469 3358 531 sanctis.
3387 474 3608 543 quando

2030 548 2251 616 dixeris,
2266 550 2524 607 Auxilium
2541 570 2703 611 meum
2724 572 2826 612 non
2843 574 2871 611 a
2893 560 3181 626 montibus,
3196 564 3289 616 sed
3307 580 3338 615 a
3362 563 3603 630 Domino,

2030 642 2116 711 qui
2141 643 2258 715 fecit
2274 645 2451 698 cmlum
2470 655 2516 699 et
2537 656 2739 702 terram.
2762 648 2864 720 ipsi
2891 662 3098 707 montes
3117 652 3217 708 hoc
3234 653 3326 708 tibi
3345 654 3601 712 clamant.

2030 731 2178 787 Mons
2216 744 2331 789 erat
2373 735 2462 806 qui
2509 737 2771 793 clamabat
2813 758 2827 795 :
2872 740 3038 796 Audio
3071 743 3123 797 in
3165 743 3301 798 vobis
3330 746 3603 800 schismata

2030 822 2160 890 ﬁeri,
2182 831 2228 877 et
2253 828 2593 898 unusquisque
2615 838 2828 885 oestrum
2852 831 2992 895 dicit,
3026 832 3137 904 Ego
3157 851 3269 889 sum
3301 834 3473 901 Pauli,
3501 854 3596 909 ego

2031 911 2229 983 Apollo,
2262 931 2353 987 ego
2380 915 2579 988 Cepit/2,
2609 935 2701 991 ego
2728 931 2893 976 autem
2920 921 3123 992 Christi.
3159 925 3295 980 Lera
3333 928 3514 983 oculos
3542 930 3600 985 in

2031 1002 2190 1057 istum
2219 1015 2475 1074 montem,
2500 1010 2621 1064 audi
2647 1011 2773 1082 quid
2800 1011 2973 1079 dicat;
3000 1024 3052 1069 et
3076 1030 3175 1071 nec
3203 1016 3257 1072 in
3282 1019 3397 1087 ipso
3416 1032 3604 1076 monte

2030 1107 2325 1151 remaneas.
2359 1099 2493 1152 Audi
2514 1101 2655 1154 enim
2687 1102 2809 1170 quid
2833 1114 3087 1174 sequatur
3113 1124 3128 1161 :
3160 1105 3420 1177 Numquid
3449 1108 3601 1163 Pau-

2029 1180 2110 1235 lus
2134 1185 2409 1253 cruci/imus
2433 1197 2505 1240 est
2528 1205 2620 1259 pro
2641 1190 2773 1244 vobis
2789 1191 2829 1262 (Ι
2846 1191 2964 1246 Cor.
2989 1209 3026 1258 t,
3044 1195 3267 1267 ll-i5)?
3288 1196 3426 1267 Ergo
3446 1209 3600 1268 post-

2028 1288 2249 1342 eaquam
2306 1276 2564 1333 leraveris
2601 1282 2784 1336 oculos
2843 1284 2895 1337 in
2942 1295 3185 1352 montes,
3240 1288 3379 1344 unde
3422 1292 3602 1346 veniet

2027 1365 2279 1421 auxilium
2310 1368 2421 1435 tibi,
2454 1369 2509 1423 id
2535 1381 2637 1437 est,
2669 1372 2721 1425 iu
2761 1382 3005 1431 auctares
3044 1377 3437 1448 Scripturarum
3461 1380 3603 1436 divi-

2028 1468 2236 1523 narum,
2264 1458 2478 1513 attende
2504 1462 2749 1515 omnibus
2791 1463 3035 1519 medullis
3060 1467 3187 1530 suis,
3227 1468 3473 1524 omnibus
3500 1486 3598 1525 os-

2026 1545 2173 1599 sibus
2212 1546 2562 1611 clamantem.
2610 1550 2842 1619 Domine,
2893 1556 3006 1626 quis
3049 1558 3229 1611 similis
3281 1559 3371 1613 tibi
3419 1559 3598 1632 (Psal.

2027 1649 2207 1701 xxxiv,
2234 1635 2363 1709 10)?
2389 1647 2445 1692 ut
2469 1653 2689 1695 securus
2727 1643 2843 1699 sine
2872 1644 2978 1698 ulla
3011 1645 3198 1715 injuria
3229 1649 3484 1705 montium
3514 1650 3602 1705 dio

2024 1740 2135 1791 eas,
2162 1726 2423 1782 Auxilium
2446 1746 2608 1785 meum
2632 1749 2664 1786 a
2688 1731 2925 1802 Domino,
2953 1738 3037 1805 qui
3067 1737 3182 1806 fecit
3205 1740 3384 1794 mlunt
3418 1749 3469 1795 et
3488 1750 3598 1796 ter-

2024 1832 2153 1871 rens.
2196 1817 2309 1873 Non
2335 1821 2510 1875 solum
2538 1831 2662 1878 tunc
2684 1825 2775 1879 tibi
2810 1841 2913 1881 non
2939 1828 3325 1887 succensehunt
3347 1843 3591 1901 montes;
3664 1896 3687 1904 δ

2025 1907 2119 1962 sed
2150 1916 2273 1965 tunc
2316 1912 2589 1980 amabunt,
2619 1924 2745 1970 tunc
2787 1916 2954 1987 magis
2983 1918 3236 1975 favebunt
3263 1939 3277 1974 :
3305 1922 3349 1976 si
3376 1923 3427 1977 in
3460 1923 3596 1993 ipsis

2024 2011 2173 2066 spem
2202 2007 2343 2053 tuam
2376 2004 2631 2070 posueris,
2662 2007 3134 2067 contristabuutur.
3166 2012 3393 2082 Angelus
3420 2014 3588 2070 multa

2023 2086 2198 2141 divina
2243 2100 2297 2144 et
2324 2092 2452 2145 mira
2483 2094 2771 2151 ostendens
2803 2096 3026 2166 homini,
3056 2100 3125 2155 ab
3155 2100 3373 2159 homine
3400 2104 3595 2159 adom-

2026 2176 2199 2244 batur,
2252 2187 2496 2251 tauquam
2525 2183 2733 2240 levante
2757 2188 2940 2243 oculos
2967 2191 3019 2244 in
3049 2200 3305 2246 montem.
3339 2194 3406 2248 At
3442 2195 3530 2251 ille
3560 2212 3594 2250 a

2025 2284 2083 2324 se
2112 2284 2365 2328 revocans
2386 2275 2450 2330 ad
2472 2277 2750 2333 Dominum
2774 2282 2814 2334 ίε
2840 2279 2987 2349 Noli,
3012 2282 3201 2355 inquit.
3232 2289 3414 2357 facere;
3447 2289 3596 2343 illum

2024 2360 2184 2415 adora
2214 2379 2234 2417 :
2262 2380 2378 2418 nam
2405 2382 2494 2437 ego
2512 2383 2777 2425 canamus
2802 2380 2916 2427 tuus
2937 2388 3066 2439 curn,
3092 2384 3139 2428 et
3159 2378 3371 2447 fratrum
3392 2387 3597 2432 tuorum

2028 2450 2209 2522 (Apoc.
2241 2471 2366 2522 χχιι,
2391 2457 2471 2526 9).

2095 2542 2181 2597 18.
2240 2543 2481 2601 Errantes
2523 2566 2613 2621 per
2648 2559 2802 2607 totam
2842 2555 3023 2627 faciem
3047 2565 3283 2612 terrte.—
3310 2557 3374 2612 In
3399 2575 3598 2614 omnem

2023 2643 2259 2697 montem,
2288 2645 2337 2690 et
2361 2636 2412 2689 in
2434 2654 2628 2694 onmem
2646 2642 2846 2711 collem,
2878 2655 2925 2699 et
2953 2646 3007 2699 in
3036 2663 3228 2700 omnem
3255 2649 3431 2717 faciem
3451 2659 3598 2704 terra:

2024 2721 2265 2790 dispersa:
2303 2742 2399 2780 sun
2441 2736 2466 2772 ν
2511 2730 2647 2797 Quid
2690 2741 2774 2787 est
2804 2774 2820 2799 ,
2876 2732 2946 2788 In
2999 2752 3193 2789 onmem
3235 2739 3414 2809 facian
3450 2750 3598 2793 terra

2023 2814 2264 2883 dispersa!
2298 2834 2412 2874 sum
2436 2823 2668 2877 7Umnia
2713 2834 2923 2881 terrena
2963 2838 3224 2883 sectantes
3248 2872 3262 2889 .
3303 2845 3364 2885 ea
3393 2847 3510 2901 qua:
3540 2833 3596 2887 in

2024 2906 2331 2965 facieterrae
2353 2921 2554 2981 tinent,
2584 2916 2694 2985 ipsa
2718 2928 2897 2973 amant
2919 2921 2965 2985 ',
2996 2920 3109 2989 ipsa
3136 2922 3377 2993 diligunt.
3402 2923 3600 2980 Nolunt

2024 3001 2180 3065 mori,
2208 3011 2265 3055 ut
2292 3003 2646 3061 ahuoudatur
2669 3010 2777 3063 vita
2803 3009 3039 3079 ipsorum
3071 3012 3122 3066 in
3152 3011 3384 3068 Christo.
3429 3015 3600 3087 Super

2023 3108 2218 3148 onmem
2245 3099 2424 3165 [actem
2451 3107 2597 3152 terra:
2622 3114 2640 3153 :
2663 3098 2943 3157 dilectione
2967 3112 3297 3158 terrenorum
3320 3105 3370 3170 ³ς
3393 3115 3448 3160 et
3472 3106 3597 3175 quia

2022 3193 2263 3239 errantes
2279 3194 2406 3242 ores
2431 3196 2552 3242 sunt
2574 3203 2668 3258 per
2687 3196 2848 3243 totam
2869 3191 3053 3246 faciem
3077 3201 3251 3247 terrae.
3275 3192 3388 3248 Non
3409 3209 3598 3251 omnes

2025 3274 2257 3330 haeretici
2286 3292 2381 3346 per
2401 3287 2565 3333 totam
2594 3280 2780 3335 faciem
2802 3290 2957 3336 teme
2990 3301 3005 3338 :
3036 3283 3127 3338 sed
3158 3292 3331 3340 tamen
3362 3286 3597 3342 lueretici

2024 3380 2119 3434 per
2134 3374 2299 3421 totam
2322 3368 2507 3423 faciem
2536 3378 2713 3424 terrm.
2736 3371 2835 3424 Alii
2860 3370 2965 3436 hic,
2995 3372 3082 3427 alii
3114 3374 3203 3440 ibi,
3234 3389 3490 3446 nusquam
3520 3386 3600 3429 ta-

2024 3472 2144 3513 men
2171 3458 2364 3512 desunt
2391 3476 2405 3513 :
2437 3459 2533 3528 ipsi
2559 3474 2619 3515 se
2644 3476 2747 3515 non
2773 3470 2985 3515 norunt.
3020 3463 3134 3518 Alia
3156 3475 3299 3520 secta
3322 3449 3373 3519 in
3400 3466 3595 3533 Africa,

2022 3547 2121 3601 alia
2148 3546 2367 3602 hieresis
2388 3548 2438 3602 iu
2462 3549 2699 3615 Oriente,
2730 3550 2829 3604 alia
2857 3552 2908 3605 in
2937 3551 3188 3624 Egypto,
3216 3555 3318 3609 alia
3346 3555 3397 3609 iu
3425 3556 3599 3612 Meso-

2024 3640 2274 3708 potamia,
2292 3640 2437 3696 verbi
2463 3642 2649 3710 gratia.
2674 3642 2904 3699 Diversis
2922 3644 3053 3699 locis
3073 3654 3197 3700 sunt
3217 3647 3437 3715 diversa:
3462 3665 3475 3701 :
3499 3650 3596 3704 sed

2022 3746 2126 3785 uua
2162 3741 2332 3786 mater
2370 3732 2616 3801 superbia
2653 3748 2841 3788 omnes
2879 3736 3091 3804 genuit;
3128 3737 3263 3791 sicut
3300 3752 3399 3792 una
3424 3748 3598 3793 mater

2023 3832 2202 3877 nostra
2239 3821 2507 3877 Catholica
2535 3837 2720 3878 omnes
2743 3824 3077 3881 Christianos
3116 3826 3296 3883 fideles
3326 3838 3439 3890 toto
3462 3831 3594 3885 orhe

2022 3912 2263 3988 diffusos.
2293 3912 2406 3967 Non
2430 3928 2558 3983 ergo
2582 3913 2796 3977 mirum.
2824 3914 2867 3968 si
2894 3915 3137 3985 superbia
3167 3918 3301 3987 parit
3324 3918 3598 3973 discissio-

2025 4018 2168 4070 nem,
2197 4003 2429 4059 charitas
2460 4004 2714 4058 unitatem
2736 4003 2779 4059 δ.
2807 4005 3005 4060 Tamen
3042 4005 3153 4075 ipsa
3181 4006 3449 4061 Catholica
3476 4023 3594 4061 ma-

2025 4102 2124 4156 ter,
2158 4094 2269 4163 ipse
2294 4103 2471 4163 pastor
2504 4094 2555 4148 in
2584 4110 2645 4148 ea
2676 4094 2867 4165 ubique
2891 4095 3078 4163 quzerit
3101 4107 3359 4159 errantes,
3382 4097 3598 4152 confor-

2024 4191 2104 4237 tal.
2131 4184 2387 4247 infirmos,
2417 4193 2568 4237 curat
2593 4185 2885 4254 languidos,
2915 4185 3092 4255 alligat
3116 4186 3433 4252 confractus,
3462 4188 3597 4249 alios

2024 4276 2092 4330 ab
2115 4275 2263 4341 istis,
2292 4275 2424 4330 alios
2451 4276 2519 4329 ab
2546 4276 2649 4331 illis
2676 4292 2778 4330 non
2806 4292 2863 4330 se
2893 4277 3115 4331 invicem
3150 4278 3457 4333 scientibus.
3490 4277 3596 4333 Sed

2027 4378 2203 4422 tamen
2230 4366 2320 4421 illa
2363 4381 2548 4422 omnes
2590 4368 2753 4431 novit,
2786 4369 2908 4437 quia
2936 4384 3055 4423 cum
3082 4369 3325 4427 onmibus
3352 4369 3464 4423 fusa
3490 4379 3593 4424 est.

2029 4459 2183 4513 Verbi
2221 4460 2388 4529 gratia
2414 4501 2428 4523 ,
2457 4468 2538 4514 est
2581 4460 2631 4512 in
2661 4460 2833 4513 Africa
2863 4475 2985 4528 pars
3022 4460 3206 4513 Donati
3231 4501 3244 4522 ,
3277 4459 3595 4515 Eunomiani

2028 4564 2130 4603 nou
2157 4560 2280 4603 sunt
2304 4549 2356 4604 in
2388 4549 2563 4604 Africa
2586 4567 2600 4610 ;
2628 4550 2719 4603 sed
2749 4565 2867 4603 cum
2895 4560 3040 4617 parte
3069 4551 3252 4604 Donati
3278 4560 3360 4604 est
3387 4550 3472 4620 hic
3497 4552 3600 4605 Ca-

2027 4640 2239 4695 tholica.
2269 4640 2404 4695 Sunt
2439 4641 2489 4694 in
2526 4638 2743 4695 Oriente
2771 4640 3081 4695 Eunomiani
3107 4682 3122 4707 ,
3165 4640 3233 4693 ihi
3273 4650 3448 4693 autem
3490 4656 3596 4694 non

2026 4744 2109 4787 est
2138 4745 2258 4801 pars
2285 4732 2499 4795 Donati;
2539 4731 2630 4783 sed
2658 4745 2776 4784 cum
2810 4731 3152 4784 Euuomiauis
3192 4730 3260 4783 ibi
3289 4738 3370 4783 est
3396 4729 3598 4785 Cathoo

2028 4822 2149 4876 lica.
2177 4820 2269 4875 illa
2290 4821 2368 4875 sic
2397 4829 2498 4885 est,
2525 4831 2771 4889 tanquam
2804 4820 2941 4880 vitis,
2970 4820 3257 4873 crescendo
3280 4821 3470 4889 ubique
3496 4818 3599 4874 dif-

2028 4914 2140 4968 fusa
2177 4931 2190 4967 :
2219 4913 2291 4968 illi
2313 4913 2388 4967 sic
2413 4922 2555 4970 sunt.
2582 4921 2827 4989 tanquam
2854 4921 3117 4971 sarmenta
3147 4913 3370 4974 inutilia,
3394 4912 3599 4981 agrico-

2028 5005 2092 5059 la:
2115 5004 2246 5059 falce
2271 5004 2489 5073 praecisa
2513 5003 2707 5057 merito
2727 5003 3019 5058 sterilitatis
3044 5017 3186 5069 sum;
3218 5010 3274 5057 ut
3303 5002 3421 5056 vitis
3446 5012 3600 5072 puta-

2028 5107 2192 5158 retur,
2239 5108 2344 5147 non
2388 5101 2443 5146 ut
2478 5103 2858 5161 amputaretur.
2901 5091 3180 5147 Sarmenta
3222 5106 3351 5161 ergo
3379 5092 3464 5146 illa
3509 5092 3597 5146 ubi

2031 5184 2246 5253 prmcisa
2274 5191 2415 5247 sunt,
2462 5182 2530 5236 ibi
2559 5191 2947 5241 remanserunt.
2989 5181 3121 5245 Vilis
3144 5191 3318 5243 autem
3350 5197 3598 5238 crescens

2094 5400 2109 5431 ι
2146 5398 2283 5447 Liber
2313 5410 2405 5447 rm.
2424 5431 2438 5454 ,
2470 5410 2500 5461 ᾳ
2521 5408 2571 5446 se
2594 5406 2862 5455 removens,
2904 5407 3217 5461 revocamque
3238 5399 3305 5447 ad
3332 5395 3601 5447 Emittam.

2092 5463 2112 5493 ι
2138 5461 2302 5509 I‘lures
2326 5467 2447 5521 uss,
2466 5456 2574 5521 ipsa
2593 5465 2770 5507 amart.

2060 5581 2069 5591 θ
2090 5524 2115 5595 ᾗ
2137 5522 2250 5571 editi
2268 5556 2281 5580 ,
2305 5526 2349 5571 et
2374 5516 2669 5571 dilec'timtem
2697 5525 3013 5569 terrenorum.
3040 5517 3339 5580 Castiganutr
3360 5523 3464 5566 uss.
3485 5518 3603 5567 sub-

2030 5598 2070 5631 “
2090 5585 2403 5712 1ἔίζὶοριὶτιιιοι
2427 5649 2527 5707 uss.
2555 5640 2669 5689 Editi
2694 5651 2841 5701 rem,
2867 5636 2910 5691 si
2940 5636 3164 5707 alipch
3196 5635 3325 5702 ραγὶι
3352 5636 3601 5698 ἀὶδεαυῧ

2032 5718 2162 5767 nem,
2183 5702 2287 5754 vita:
2300 5702 2387 5759 itas
2410 5703 2639 5752 unionem.
