3988 6190
405 350 517 411 983

407 466 625 538 prodest
661 457 799 532 quod
827 463 1021 513 invenlt
1058 450 1252 522 pellem
1298 461 1455 517 quam
1502 437 1970 538 referrem-ipsam

408 531 716 618 invocaret,
748 566 816 605 ne
844 547 1031 618 pellem
1067 550 1290 598 mortua:
1322 538 1729 595 demonstraret.
1757 531 1816 587 Si
1842 544 1974 599 ergo

410 661 518 701 non
544 646 736 700 bonam
755 638 1014 694 rationem
1040 631 1234 695 reddit,
1260 629 1382 700 quia
1403 641 1507 682 non
1533 623 1774 696 qumsivit
1791 634 1976 676 errau-

409 748 549 800 tem;
597 731 825 803 qualem,
847 726 1036 783 redda
1059 765 1075 790 ,
1114 722 1204 794 qui
1239 720 1364 777 fecit
1396 714 1703 773 errantem?
1738 712 1852 767 Hoc
1895 718 1978 765 est

411 826 551 896 quod
578 825 700 879 dico
731 840 745 876 :
771 820 827 877 Si
855 820 908 875 in
931 815 1202 873 Catholica
1220 810 1505 882 episcopus
1530 804 1847 896 constitutus
1872 814 1978 854 non

410 891 603 971 bonam
623 911 880 967 rationem
907 903 1080 961 reddit
1093 902 1161 959 de
1174 916 1297 963 ove,
1324 899 1368 953 si
1390 900 1493 953 non
1514 891 1780 966 quaesierit
1798 904 1979 945 erran-

413 1019 520 1062 tem
544 1021 574 1059 a
596 1016 755 1075 grege
782 999 907 1065 Dei;
933 996 1140 1068 qualem
1165 993 1423 1046 rationem
1446 985 1748 1042 redditurus
1769 986 1853 1036 est
1874 978 1981 1075 ltch

416 1100 633 1163 relictis,
662 1093 751 1164 qui
781 1105 886 1146 non
916 1067 1088 1144 solum
1117 1100 1221 1140 non
1257 1078 1524 1138 revocavit
1551 1075 1619 1131 ab
1643 1088 1822 1130 errore
1844 1111 1860 1137 ,
1887 1067 1981 1124 sed

415 1189 575 1242 etiam
607 1182 810 1253 impulit
837 1180 889 1234 in
918 1173 1191 1233 errorem?

488 1276 580 1329 2‘2.
614 1250 800 1326 Pastor
819 1268 984 1322 malus
1014 1264 1192 1319 nonin
1225 1278 1281 1316 eo
1308 1258 1440 1330 quod
1464 1257 1527 1311 de
1551 1271 1642 1310 suo
1669 1294 1683 1320 ,
1712 1251 1799 1308 sed
1836 1250 1889 1304 in
1926 1264 1984 1302 eo

366 1344 375 1361 ’
421 1367 555 1434 quod
597 1365 660 1418 de
699 1361 798 1414 De:
838 1358 1067 1431 profert,
1095 1352 1395 1408 audiendus.
1446 1347 1551 1404 Sed
1592 1345 1865 1434 videamus
1884 1348 1987 1434 ,“ut

419 1429 550 1520 divi,
581 1429 847 1523 quomodo
871 1453 1085 1503 revocet
1110 1444 1248 1498 Deus
1281 1453 1410 1495 oves
1434 1454 1463 1491 a
1486 1433 1786 1506 pastoribus
1812 1429 1983 1484 malis.

420 1548 535 1601 5am
560 1537 971 1599 commemoravi
1004 1553 1018 1589 :
1054 1535 1180 1599 Qua:
1201 1531 1373 1586 dicunt
1394 1569 1409 1591 ,
1450 1525 1610 1595 Tacite
1627 1540 1644 1586 ,'
1683 1536 1795 1591 qua:
1824 1528 1988 1572 autem

424 1639 645 1708 faciunt,
685 1636 849 1703 facere
876 1629 1046 1683 nolite.
1078 1625 1149 1679 Et
1184 1638 1292 1677 non
1333 1635 1430 1673 vos
1469 1617 1565 1686 ipsi
1604 1619 1853 1684 pascunt,
1895 1608 1986 1708 sed

428 1696 566 1780 licus
595 1742 609 1776 :
638 1696 759 1792 quia
784 1719 948 1775 velint
977 1716 1147 1771 nolint
1171 1719 1410 1783 pastores
1434 1746 1451 1772 ,
1496 1714 1553 1760 ut
1594 1701 1902 1774 perveniant
1923 1696 1990 1751 ad

426 1818 510 1872 lac
534 1826 588 1871 et
611 1816 806 1874 lanam,
834 1810 994 1865 verba
1015 1807 1110 1862 Dei
1131 1803 1323 1861 dicturi
1344 1807 1490 1855 sunt.
1515 1797 1613 1861 Qui
1630 1793 1874 1865 praedicas
1892 1804 1994 1843 non

431 1908 740 1977 furandum,
769 1902 954 1975 furoris
980 1900 1167 1970 (Rom.
1210 1912 1245 1950 ιι
1270 1936 1287 1961 ,
1311 1891 1404 1963 ει)
1424 1932 1439 1957 ,
1469 1889 1595 1946 dicit
1618 1885 1901 1977 Apostolus

428 1969 522 2053 cos
550 1997 638 2067 qui
664 1969 800 2050 bona
830 1993 1013 2048 dicunt
1040 1997 1095 2044 et
1128 1986 1263 2040 mala
1304 1982 1521 2037 faciunt.
1557 1978 1635 2032 Tu
1660 1974 1781 2067 audi
1807 1969 1996 2067 υἷι-ω(ὶί-

429 2062 636 2144 cantem
655 2127 670 2150 ,
704 2100 770 2138 ne
799 2081 1027 2137 furoris:
1059 2077 1164 2132 noli
1194 2072 1386 2129 imitari
1418 2070 1699 2125 furantem.
1729 2064 1785 2119 Si
1821 2062 2000 2117 furan-

429 2191 540 2235 tem
564 2176 755 2232 imitari
781 2172 1031 2235 volueris,
1055 2170 1167 2239 ipse
1193 2175 1243 2221 te
1272 2163 1439 2234 pascit
1467 2160 1602 2214 iacto
1622 2172 1718 2212 suo
1744 2150 1775 2208 :‘
1791 2155 1884 2210 tibi
1910 2168 2002 2207 ve-

435 2287 633 2327 nenum
677 2265 1075 2327 subministrat,
1106 2275 1210 2315 non
1237 2257 1432 2312 cibum.
1460 2252 1513 2308 Si
1542 2265 1669 2305 vero
1692 2250 1791 2302 hoc
1818 2246 1886 2301 ab
1913 2245 2002 2301 illo

433 2363 606 2426 audis,
634 2359 773 2430 quod
801 2373 904 2412 non
931 2352 1151 2409 dicitde
1185 2364 1303 2414 suo,
1337 2345 1429 2403 sed
1455 2344 1522 2400 de
1548 2341 1675 2408 Dei;
1700 2356 1806 2396 non
1832 2344 2005 2409 potest

436 2455 647 2522 quidem
671 2463 767 2501 uva
788 2447 855 2501 de
875 2443 1041 2513 spinis
1062 2441 1160 2510 legi
1194 2438 1336 2509 (nam
1361 2444 1415 2491 et
1440 2436 1549 2504 ipsa
1572 2430 1779 2522 Domini
1793 2436 2005 2522 senten-

440 2517 509 2595 tia
539 2549 640 2601 est,
670 2537 834 2590 Nemo
858 2532 1047 2602 colligit
1075 2530 1137 2583 de
1161 2528 1320 2598 spinis
1345 2540 1491 2580 uuam
1515 2564 1530 2587 ,
1560 2532 1606 2577 et
1631 2521 1694 2574 de
1718 2519 1912 2573 tribulis
1937 2517 2004 2584 ﬁ-

385 2696 391 2703 .
440 2649 529 2686 cus
556 2628 771 2702 [Mattln
796 2640 890 2691 vn,
917 2620 1029 2694 l6])
1063 2639 1077 2674 :
1106 2634 1204 2674 nec
1221 2616 1340 2671 ideo
1360 2623 1534 2668 tamen
1559 2610 1707 2703 quasi
1728 2609 2007 2665 caluuuiie-

440 2725 518 2778 iis
549 2698 772 2775 Domino
798 2724 908 2779 tuo,
931 2720 986 2769 et
1003 2711 1169 2776 dicas,
1201 2706 1441 2771 Domine,
1466 2702 1679 2759 noluisti
1700 2716 1787 2757 me
1814 2700 1854 2767 ί,
1883 2698 2006 2770 quia

444 2811 556 2869 ﬁeri
575 2825 677 2865 non
704 2811 899 2877 potest,
920 2802 987 2859 de
1012 2799 1181 2871 spinis
1208 2798 1385 2868 legere
1412 2809 1566 2848 uvam
1597 2811 1610 2847 :
1634 2802 1690 2847 et
1715 2804 1901 2846 rursus
1926 2789 2007 2843 di-

440 2902 565 2958 xisti
590 2899 716 2956 milii
743 2896 810 2953 de
836 2890 1148 2965 quibusdam
1174 2906 1188 2944 :
1210 2886 1337 2954 Qua:
1359 2886 1548 2947 dicunt,
1571 2882 1761 2953 facile;
1784 2895 1897 2950 qua
1918 2896 2011 2932 au-

443 3004 539 3047 tem
563 2989 772 3062 facium,
797 2989 960 3057 facere
978 2981 1151 3035 nolite.
1169 2977 1371 3047 Nempe
1396 2975 1534 3029 mala
1557 2973 1809 3028 facientes
1828 2970 2011 3039 utique

445 3061 614 3151 spiam
641 3085 784 3132 sunt.
802 3069 1082 3141 Quomodo
1106 3069 1186 3123 vis
1203 3066 1270 3122 de
1290 3064 1454 3136 spinis
1479 3079 1563 3118 me
1587 3061 1837 3131 colligere
1856 3073 2009 3113 uvam

449 3150 599 3225 verbi
624 3166 742 3224 tui?
762 3158 1185 3233 Respondebitur
1207 3175 1220 3211 :
1246 3155 1361 3211 Non
1379 3163 1464 3210 est
1480 3152 1568 3207 illa
1588 3167 1686 3205 uva
1706 3150 2010 3220 spinarum;

446 3260 542 3318 sed
570 3255 855 3330 aliquando
898 3254 1200 3308 increscens
1238 3253 1563 3303 sarmentum
1604 3243 1837 3312 implicat
1871 3255 1930 3295 se
1959 3240 2012 3295 in

449 3366 654 3422 sepem,
680 3357 736 3405 et
763 3343 958 3417 pendet
982 3356 1083 3397 uva
1112 3340 1251 3417 inter
1276 3337 1442 3393 densa
1470 3335 1760 3404 spinarum,
1791 3330 1882 3386 sed
1908 3345 2012 3384 non

448 3418 620 3511 surgit
654 3438 725 3494 de
748 3434 924 3491 radice
951 3432 1244 3501 spinarum.
1287 3426 1367 3482 Tu
1395 3426 1439 3479 si
1465 3423 1716 3481 esurieris
1738 3462 1754 3486 ,
1794 3428 1846 3475 et
1875 3418 2015 3474 aliud

448 3549 556 3587 non
585 3530 748 3586 babes
771 3525 913 3582 unde
935 3537 1134 3583 sumas,
1162 3528 1314 3573 caute
1339 3532 1550 3572 manum
1581 3515 1750 3577 mitte,
1782 3529 1847 3568 ne
1875 3513 2016 3568 lace-

445 3626 585 3679 reris
613 3622 680 3676 ab
704 3618 891 3689 spinis,
919 3615 968 3670 id
993 3623 1097 3680 est,
1124 3628 1191 3667 ne
1214 3610 1354 3665 facta
1382 3608 1603 3663 imiteris
1628 3606 1923 3667 malorum;
1962 3613 2019 3659 et

450 3717 566 3782 lnge
600 3726 755 3767 uvam
793 3709 930 3764 inter
968 3705 1148 3774 Spiuas
1188 3699 1508 3771 pendentem
1529 3738 1544 3762 ,
1575 3696 1667 3750 sed
1697 3695 1764 3750 de
1790 3695 1895 3748 vite
1921 3707 2018 3747 na-

438 3812 708 3858 scentem.
733 3797 810 3853 Ad
837 3807 886 3852 te
909 3793 1184 3866 perveniat
1204 3790 1340 3844 botri
1360 3788 1668 3843 alimentum
1693 3801 1707 3836 :
1731 3783 1896 3853 spinis
1915 3796 2021 3837 ser-

450 3904 605 3947 vatur
632 3891 767 3961 ignis
797 3893 1138 3941 tormentum.
1201 3878 1259 3912 ὀ

521 3980 747 4039 CAPUT
770 3978 860 4032 ιιι.
876 3974 1043 4031 ν-ἳὸ.
1062 3971 1240 4027 Ovium
1259 3984 1432 4022 curam
1446 3964 1696 4034 Deusipse
1710 3961 1938 4031 suscipit.
1952 3988 2024 4000 —-

456 4077 523 4130 tit
540 4073 799 4129 extraham
814 4084 926 4124 oves
950 4080 1108 4129 meas,
1127 4061 1319 4131 inquit,
1334 4058 1399 4111 de
1424 4072 1511 4111 ore
1524 4069 1716 4117 eorum,
1733 4061 1778 4106 et
1794 4051 1857 4104 de
1872 4050 2025 4103 maui-

457 4169 547 4220 lvus
585 4175 795 4217 eorum:
827 4169 872 4212 et
906 4172 1006 4209 non
1031 4160 1175 4207 erunt
1194 4151 1264 4205 eis
1284 4148 1449 4202 adhuc
1462 4146 1518 4199 in
1531 4143 1739 4198 cibum'.
1764 4140 1875 4196 Hoc
1897 4139 2025 4194 etin

459 4256 671 4311 Psalmo
685 4249 878 4305 dicitur
897 4263 910 4299 :
930 4243 1115 4298 Nonne
1136 4246 1430 4310 cognoscent
1455 4250 1625 4290 onum
1644 4232 1731 4302 qui
1756 4237 2030 4301 cperantur

458 4346 789 4415 iniquitatem,
808 4338 891 4407 qui
907 4337 1143 4390 deroth
1155 4330 1394 4401 populum
1412 4343 1578 4381 meum
1589 4326 1642 4378 in
1657 4323 1821 4377 cilium
1839 4326 1986 4389 panis
2003 4321 2029 4374 Ρ

464 4412 662 4491 Etvnon
697 4440 850 4486 erunt
890 4428 961 4482 eis
1003 4423 1168 4476 adhuc
1190 4423 1244 4475 in
1277 4420 1482 4472 cibum:
1508 4415 1744 4485 quoniam
1778 4414 1884 4468 hac
1912 4412 2031 4466 dicit

463 4527 710 4583 Dominus
749 4522 906 4584 θυαε,
936 4517 1068 4571 Ecce
1092 4531 1183 4585 ego
1210 4514 1335 4581 ipse.
1377 4508 1586 4565 .kbstuli
1616 4523 1645 4560 a
1672 4506 1825 4561 malis
1851 4512 2029 4572 pasto-

464 4620 608 4674 ribus
634 4631 761 4670 ovcs
802 4624 970 4673 meas,
1001 4604 1284 4665 monrndo,
1308 4610 1371 4655 ut
1395 4600 1524 4665 dixi,
1555 4614 1621 4652 ne
1646 4596 1786 4667 quod
1816 4595 2029 4659 iaciunt,

460 4709 693 4774 (sciant;
722 4705 773 4760 id
800 4711 901 4765 est,
931 4714 997 4753 ne
1023 4695 1163 4766 quod
1188 4693 1386 4749 faciunt
1411 4689 1534 4745 mali
1558 4697 1817 4758 pastores,
1840 4684 2033 4739 faciant

461 4806 687 4861 incautae
717 4806 773 4854 et
800 4794 1127 4864 negligentes
1152 4802 1298 4842 oves.
1326 4785 1394 4840 Et
1413 4781 1537 4851 quid
1557 4781 1661 4834 ait?
1676 4779 1771 4833 Cui
1790 4777 2031 4846 datquod

460 4895 568 4949 illis
578 4887 826 4946 apstulit?
841 4886 997 4939 [‘dtlc
1017 4880 1167 4935 bonis
1185 4872 1639 4947 pastoribttsmon
1653 4870 1755 4924 hoc
1773 4871 2029 4938 sequitur.

462 4964 533 5061 iit
554 4985 685 5055 quid
701 4983 940 5037 dicemus
955 5016 971 5042 ,
998 4971 1223 5028 fratres?
1244 4968 1431 5024 Nonne
1456 4973 1581 5019 sunt
1603 4972 1842 5033 pastores
1871 4958 2034 5014 boni?

465 5050 651 5133 lion-m3
673 5074 777 5126 alio
810 5071 931 5124 loco
961 5063 1352 5133 Seripturarum
1386 5056 1579 5111 dicitur
1602 5070 1619 5106 :
1646 5052 1712 5105 Et
1737 5050 2033 5104 constituam

462 5172 535 5231 eis
550 5178 771 5238 pastores
788 5158 1059 5215 secimdum
1082 5171 1168 5209 cor
1180 5168 1363 5214 meum,
1378 5158 1420 5202 ct
1447 5155 1644 5217 pascant
1665 5160 1749 5197 eas
1761 5158 1872 5196 cum
1886 5140 2036 5194 disci-

466 5232 608 5341 plina
638 5260 850 5332 (Jerem.
877 5270 954 5315 tu,
978 5253 1090 5319 15),
1107 5245 1385 5341 Quomodo
1405 5256 1532 5341 ergo
1556 5255 1703 5302 oves,
1724 5252 1852 5306 quas
1883 5232 2036 5334 malis

468 5323 771 5424 pastoribus
786 5345 946 5407 tollit,
970 5355 1074 5395 non
1094 5339 1184 5392 dat
1201 5334 1378 5396 bonis;
1412 5330 1504 5385 sed
1539 5338 1788 5397 tanquam
1819 5323 2037 5424 omnino

473 5413 732 5509 nusquam
757 5429 1105 5491 remanserint
1125 5424 1267 5481 boni,
1292 5421 1434 5483 dicit,
1466 5418 1575 5488 Ego
1604 5414 1844 5486 pascam?
1880 5413 2037 5467 Petro

472 5502 701 5601 dixe-rat,
718 5526 877 5581 Pasce
890 5537 1001 5575 ones
1024 5532 1175 5572 meas.
1189 5511 1323 5579 Quid
1334 5525 1459 5579 ergo
1472 5506 1723 5562 facimus?
1737 5504 1865 5559 Cum
1881 5502 2036 5557 Petro

548 5664 564 5692 ¹
588 5660 763 5719 ιῑὶιιιιοι
785 5666 915 5719 535%.,
928 5647 1146 5719 monuisti
1165 5661 1255 5698 me.
1279 5653 1331 5694 tit
1346 5637 1899 5719 quidam,

544 5723 567 5757 ι
580 5705 855 5767 ttic'adduot
875 5705 1056 5775 aliquot
1076 5718 1203 5769 Mss,
1228 5705 1431 5768 nrtqnius
1449 5705 1497 5755 in
1520 5705 1883 5753 dcuoratimu‘m,

1622 325 1678 382 S.
1719 317 2082 379 AUCUSTINI
2118 316 2418 376 EPISCOPI

3537 315 3693 377 285-

2077 432 2783 499 conmendanttu-ovesmon
2796 428 3013 487 ibidixit
3022 428 3649 502 Dominusﬁgopaseam

2079 538 2209 580 oves
2228 536 2396 589 meas,
2419 536 2526 580 non
2554 530 2610 576 tu
2636 538 2652 576 :
2684 520 2799 589 sed,
2831 520 3004 587 Patre,
3029 536 3172 576 urnas
3192 537 3272 575 me
3292 521 3317 574 7
3340 520 3504 576 Pasce
3531 538 3653 579 om

2079 631 2215 669 meas
2240 615 2545 686 (leniunt,
2571 614 2681 689 l7),
2709 615 2791 668 An
2818 612 2952 669 forte
2970 614 3092 684 quia
3130 612 3291 669 modo
3314 627 3420 669 non
3440 615 3654 670 inreui—
3684 644 3693 651 -

2082 717 2166 763 tur
2202 707 2391 763 Petrus
2441 705 2570 778 (jam
2631 707 2773 761 enim
2823 714 3129 777 assumptus
3176 715 3260 761 est
3310 707 3363 760 in
3410 707 3657 776 requies:

2081 797 2454 867 Apostolorum
2474 804 2530 853 et
2550 794 2885 867 martyrum),
2912 811 3020 850 non
3044 805 3127 851 est
3149 796 3233 851 cui
3257 795 3400 851 dicat
3426 812 3654 852 securus

2038 956 2044 964 ί
2082 887 2337 942 Dominus
2364 887 2566 952 ovium,
2606 885 2766 940 Pasce
2790 901 2904 941 oues
2938 903 3112 952 meas;
3139 894 3197 941 et
3228 886 3460 957 quodam
3492 887 3658 942 modo
3690 932 3693 937 .

2083 978 2234 1049 quasi
2263 980 2575 1034 necessitate
2599 977 2873 1034 descendit
2895 978 2961 1033 ad
2988 976 3223 1033 ofﬁcium
3254 979 3501 1047 pascendi
3524 970 3661 1034 ones

2085 1085 2225 1137 suas,
2250 1086 2354 1125 non
2375 1069 2578 1125 habens
2612 1070 2802 1140 quibus
2830 1068 3185 1135 commendet,
3223 1085 3321 1124 nec
3360 1078 3534 1123 tamen
3563 1069 3662 1122 dc-

2086 1161 2308 1217 serens?
2337 1163 2448 1217 Hoc
2488 1163 2630 1217 enim
2670 1160 2875 1216 videtur
2897 1161 3079 1229 sequi,
3119 1158 3238 1213 Hice
3263 1160 3384 1212 dicit
3407 1158 3663 1212 Dominus

2089 1250 2246 1315 Deus,
2279 1251 2410 1305 Ecce
2434 1267 2525 1322 ego
2548 1251 2670 1321 ipse.
2699 1250 2792 1305 Cui
2817 1248 3144 1315 dicebamus,
3174 1250 3257 1315 qui
3284 1249 3448 1318 pascis
3467 1247 3662 1313 Israel,

2088 1343 2286 1397 intende
2308 1360 2326 1407 ;
2354 1344 2439 1412 qui
2464 1342 2667 1395 deducis
2691 1351 2928 1411 tanquam
2953 1356 3065 1394 oues
3084 1338 3297 1410 Ioseph,
3327 1339 3578 1409 populum
3602 1340 3661 1393 in

2091 1431 2322 1502 [Egypto
2340 1432 2701 1486 constitutum.
2723 1431 2837 1485 Jam
2858 1430 3096 1484 diffusus‘
3122 1430 3177 1484 in
3197 1429 3631 1486 Gentibuslsrael
3646 1473 3660 1492 ,
3712 1416 3723 1443 ί

2094 1521 2207 1589 ipse
2235 1529 2314 1576 est
2336 1520 2552 1590 Josepb.
2585 1520 2757 1574 Nostis
2774 1520 2916 1574 enim
2955 1521 3075 1589 quia
3106 1520 3347 1590 migravit
3376 1519 3573 1588 loseplt
3602 1521 3662 1572 in

2094 1610 2376 1682 ZEgyptum
2422 1629 2434 1664 :
2478 1609 2823 1665 vendentibus
2853 1608 3098 1663 fratribus
3129 1608 3323 1682 factum
3370 1606 3656 1679 est.(Gett.

2094 1678 2293 1767 “ivit,
2329 1700 2443 1772 28).
2478 1700 2840 1755 Vendideram
2867 1699 3132 1754 Christum
3161 1678 3330 1753 intimi
3363 1718 3377 1753 :
3411 1714 3516 1753 non
3544 1700 3671 1753 sine

2095 1807 2255 1848 causa
2271 1801 2325 1847 et
2344 1792 2483 1846 inter
2506 1791 2787 1860 Apostolus
2810 1791 2921 1860 ipse
2940 1789 3103 1845 .lndas
3130 1789 3375 1844 venditor
3397 1789 3510 1843 fuit.
3534 1788 3671 1845 Cc-

2097 1884 2175 1953 pit
2218 1897 2339 1938 esse
2365 1881 2609 1937 Christus
2644 1882 2695 1935 in
2728 1880 3001 1945 Gentibus,
3028 1880 3097 1934 ibi
3126 1880 3425 1934 honoratus
3455 1890 3557 1945 est,
3587 1880 3668 1934 ibi

2097 1974 2267 2028 crevit
2311 1972 2532 2042 populus
2556 1971 2691 2040 ejus,
2722 1986 2828 2026 non
2857 1970 3203 2031 eumdeserit
3233 1972 3252 2003 ³
3302 1978 3487 2039 pastor
3523 1970 3683 2038 βίαις..

2099 2062 2303 2129 Ειεὶια,
2333 2062 2519 2131 inquit,
2573 2061 2845 2131 potentiam
2875 2071 3031 2125 tuam,
3063 2070 3110 2113 et
3139 2060 3266 2123 ueni,
3298 2069 3351 2112 ut
3394 2060 3557 2113 saltos
3584 2062 3681 2129 [a—

2101 2155 2203 2207 cias
2239 2169 2332 2208 nos
2366 2151 2535 2225 (Psal.
2587 2167 2765 2216 unus,
2815 2149 2870 2217 2,
2921 2150 2993 2222 5).
3041 2149 3202 2204 Plane
3230 2148 3375 2215 facit,
3408 2149 3672 2204 ctiaciet.

2104 2244 2191 2299 Ait
2214 2249 2403 2301 enim:
2436 2243 2566 2299 Ecce
2612 2259 2702 2314 ego
2728 2245 2856 2313 ipse,
2899 2252 2949 2296 et
2995 2242 3241 2312 inquiram
3289 2257 3400 2295 oves
3428 2258 3596 2303 nicas;
3621 2251 3680 2293 et

2104 2332 2311 2388 visitabo
2333 2349 2437 2399 eas,
2469 2334 2596 2387 sicut
2620 2333 2781 2385 visitet
2807 2339 2978 2402 pastor
3001 2347 3198 2402 gregem
3241 2347 3403 2384 suum.
3441 2329 3558 2384 Non
3578 2345 3684 2384 cu—

2106 2434 2355 2482 raverunt
2391 2425 2517 2480 mali
2545 2433 2783 2494 pastores
2809 2442 2823 2478 :
2854 2440 2958 2478 non
2990 2422 3134 2478 enim
3179 2437 3277 2478 suo
3304 2423 3559 2493 sanguine
3582 2439 3683 2477 re-

2106 2504 2403 2574 demerunt.
2435 2516 2578 2573 Sicut
2605 2517 2787 2582 oisitat,
2816 2515 3007 2586 inquit,
3039 2524 3208 2585 pastor
3226 2531 3424 2586 gregem
3447 2531 3594 2568 suum
3618 2516 3685 2569 in

2108 2608 2206 2663 die.
2238 2607 2295 2662 In
2324 2608 2463 2678 quali
2484 2607 2606 2664 die?
2622 2606 2752 2664 Cum
2779 2608 2928 2678 fuerit
2965 2606 3182 2667 nimbus,
3200 2616 3245 2658 cl
3273 2605 3427 2658 nubes
3452 2604 3541 2658 :‘id
3562 2613 3678 2669 est,

2108 2699 2241 2754 etin
2270 2698 2462 2768 pluvia,
2491 2707 2546 2753 et
2598 2698 2650 2752 in
2679 2697 2890 2753 nebula.
2942 2697 3121 2752 Pluvia
3160 2705 3215 2751 et
3253 2695 3469 2758 aii-bula,
3523 2709 3683 2749 οιτον

2092 2790 2291 2846 saeculi
2320 2788 2477 2859 huius
2505 2807 2518 2843 :
2547 2788 2717 2859 caligo
2737 2803 2924 2858 magna
2952 2800 3176 2858 surgens
3211 2786 3278 2841 de
3305 2784 3686 2855 cupiditatibus

2111 2879 2407 2943 hominum,
2435 2889 2489 2935 et
2516 2878 2704 2935 nebula
2733 2878 2903 2932 valida
2930 2883 3217 2948 crnitegens
3243 2884 3459 2931 terram.
3488 2874 3555 2928 Et
3578 2872 3689 2928 dif-

2113 2970 2251 3027 ficile
2271 2979 2356 3027 cst
2383 2978 2441 3025 ut
2464 2986 2568 3025 non
2594 2979 2775 3025 errent
2805 2983 2934 3025 oves
2962 2968 3015 3023 in
3043 2968 3141 3022 ista
3170 2966 3360 3022 nebula
3393 2985 3408 3021 :
3435 2965 3529 3020 sed
3558 2980 3686 3035 pas-

2114 3070 2197 3118 tor
2239 3078 2343 3116 non
2372 3060 2570 3117 deserit
2592 3074 2704 3117 eas.
2752 3059 2975 3129 lnquirit
3014 3073 3127 3122 eas,
3155 3065 3395 3126 penetrat
3432 3056 3691 3111 nebulam

2114 3154 2282 3209 oculis
2306 3154 2643 3219 acutissimis,
2686 3167 2789 3207 non
2833 3151 3116 3221 impeditur
3160 3150 3385 3221 caligine
3422 3149 3637 3204 nubium
3665 3167 3683 3203 :
3722 3198 3733 3211 ,

2114 3244 2277 3308 videt,
2307 3245 2538 3315 undique
2560 3252 2824 3299 errantem
2853 3250 3067 3297 revocat
3094 3259 3107 3294 :
3136 3242 3188 3296 in
3220 3242 3241 3274 ³
3270 3248 3473 3295 tantum
3502 3251 3560 3294 ut
3584 3240 3679 3294 liat

2115 3334 2255 3405 quod
2282 3334 2408 3389 dicit
2434 3335 2486 3388 in
2508 3333 2815 3403 Evangelio,
2846 3334 2972 3400 Quae
3001 3340 3113 3386 sunt
3142 3347 3254 3385 oves
3297 3345 3437 3393 mete,
3468 3330 3691 3383 audiuit

2117 3440 2281 3478 uocent
2320 3441 2497 3490 meam,
2527 3433 2574 3478 et
2600 3434 2870 3493 sequuntur
2898 3440 2974 3477 me
3003 3421 3178 3494 (Joan.
3210 3438 3265 3483 ιι,
3290 3420 3403 3491 27).
3432 3420 3497 3474 lu
3524 3420 3693 3474 medio

2120 3518 2282 3570 ouium
2314 3516 2670 3585 dispersorum,
2722 3518 2793 3568 sic
2836 3515 3086 3583 inquirant
3115 3528 3225 3565 oves
3273 3528 3426 3572 tum,
3475 3523 3522 3563 et
3557 3509 3693 3563 ctiss-

2120 3625 2230 3663 cam
2250 3625 2335 3662 eas
2365 3612 2428 3660 ab
2461 3607 2595 3660 omni
2623 3608 2731 3659 loco
2757 3622 2852 3674 quo
2882 3606 3122 3675 dispersa:
3165 3612 3280 3656 sunt
3329 3602 3451 3664 illic,
3505 3601 3557 3654 in
3604 3601 3693 3654 die
3728 3640 3739 3647 .

2122 3700 2265 3755 nubis
2288 3709 2335 3753 et
2361 3698 2534 3752 nimbi.
2560 3696 2783 3765 Quando
2804 3694 3124 3749 dil‘licileest
3150 3708 3241 3747 cas
3258 3693 3516 3753 inveniri,
3563 3700 3693 3747 tunc

2121 3806 2226 3862 ego
2276 3790 2559 3845 inveniam.
2602 3774 2793 3843 Crassa
2842 3787 3033 3840 nebula
3073 3795 3174 3851 est,
3222 3785 3427 3855 pinguis
3478 3784 3696 3837 nimbus

2125 3893 2207 3939 est
2235 3901 2248 3936 :
2279 3882 2463 3935 oculos
2493 3880 2606 3948 ejus
2630 3879 2759 3932 nillil
2789 3878 2933 3932 latet.

2195 3973 2282 4028 ΞΛ.
2314 3972 2510 4025 Montes
2524 3970 2704 4033 Isi-ad,
2722 3970 2807 4022 ubi
2833 3983 3019 4036 pascua
3034 3965 3186 4020 bona.
3209 3994 3278 4005 —-
3296 3963 3359 4017 Et
3381 3963 3593 4016 educam
3610 3979 3700 4016 eas

2127 4064 2193 4118 de
2214 4062 2454 4133 gentibus,
2483 4070 2530 4115 et
2576 4059 2810 4129 colligam
2833 4074 2918 4111 cas
2943 4057 3004 4110 de
3045 4056 3360 4126 regionibus;
3383 4064 3430 4106 ct
3456 4053 3697 4106 inducam

2130 4169 2213 4209 cas
2238 4153 2292 4205 in
2313 4161 2497 4205 terram
2522 4166 2709 4213 eartun,
2724 4158 2769 4201 et
2787 4162 2990 4217 pascant
3016 4161 3100 4197 cas
3121 4161 3272 4214 super
3297 4153 3485 4197 montes
3511 4140 3694 4194 Israel.

2129 4242 2413 4298 Constituit
2441 4252 2645 4297 montes
2690 4239 2871 4305 Israel,
2910 4246 3153 4293 auctores
3179 4235 3569 4306 Scripnirarum
3600 4234 3702 4287 λιιι.

2133 4336 2393 4387 vittarum.
2419 4331 2812 4401 lbipascite,nt
2857 4342 3059 4382 secura:
3104 4324 3386 4395 pascatis‘.
3432 4324 3700 4393 Quidquid

2133 4423 2255 4479 inde
2279 4423 2570 4483 audieritis,
2599 4421 2700 4473 hoc
2726 4419 2874 4473 vobis
2894 4419 3028 4473 bene
3051 4416 3251 4483 sapiat:
3272 4414 3524 4483 quidquid
3546 4424 3702 4468 (ιλιι-τι

2133 4522 2237 4578 est,
2269 4513 2517 4584 rcspuite.
2546 4508 2626 4565 Ne
2644 4510 2833 4564 erretis
2861 4509 2912 4562 in
2950 4507 3164 4568 nebula,
3193 4504 3371 4559 audite
3399 4519 3583 4558 vocem
3604 4519 3705 4571 ra.

2136 4604 2297 4660 storis
2323 4619 2336 4655 :
2364 4602 2595 4673 colligite
2612 4615 2707 4655 vos
2731 4600 2798 4654 ad
2826 4606 3034 4653 montes
3057 4597 3340 4664 Scriptura:
3360 4603 3554 4649 sancte
3585 4610 3599 4657 ;
3631 4595 3706 4651 ibi

2135 4705 2260 4749 sunt
2282 4694 2484 4749 delicia:
2506 4692 2682 4748 cordis
2708 4690 2897 4755 vestri,
2931 4688 3003 4743 ibi
3044 4686 3173 4741 nihil
3201 4702 3542 4750 veneuosum,
3573 4686 3708 4741 nihil

2136 4786 2395 4849 alienum;
2425 4783 2688 4839 uberrima
2727 4795 2919 4850 pascua
2944 4787 3029 4834 est
3058 4797 3072 4831 :
3104 4785 3423 4832 vos~tantum
3445 4790 3588 4829 sana:
3611 4790 3708 4831 ve—

2139 4878 2267 4943 nite,
2296 4892 2439 4931 sana:
2464 4873 2739 4945 pascimini
2769 4873 2821 4927 in
2848 4870 3114 4926 montibus
3162 4869 3343 4923 Israel.
3377 4867 3443 4922 Et
3470 4868 3524 4921 in
3543 4868 3663 4921 riuis
3688 4908 3707 4931 ,

2137 4983 2185 5023 et
2210 4969 2264 5021 in
2308 4968 2443 5020 omni
2470 4966 2773 5019 habitatione
2810 4972 2974 5016 terra.
3003 4962 3047 5015 Α
3075 4961 3343 5014 montibus
3378 4958 3540 5023 cnim,
3574 4972 3714 5025 QIII‘S

2139 5057 2486 5120 ostendimus,
2519 5063 2866 5109 manaverant
2900 5052 3000 5107 rivi
3044 5050 3432 5122 praedicationis
3483 5063 3715 5116 evangco

2140 5151 2275 5213 lic'e,
2298 5164 2422 5203 cum
2447 5149 2497 5202 in
2522 5161 2734 5202 omnem
2762 5155 2958 5199 terram
2987 5143 3115 5197 exiit
3134 5155 3297 5196 sonus
3320 5154 3505 5195 eorum
3532 5136 3713 5204 (Psat.

2141 5255 2292 5303 xvm,
2318 5239 2374 5310 5)
2400 5257 2414 5293 :
2439 5248 2491 5293 et
2511 5237 2646 5292 facta
2667 5245 2750 5291 est
2767 5235 2940 5289 munis
2960 5233 3213 5289 habitatio
3231 5240 3389 5287 terra:
3408 5230 3474 5283 ad
3496 5244 3717 5298 pascet»

2205 5393 2221 5423 ί
2246 5397 2352 5440 uss.
2390 5388 2572 5452 limes,
2618 5383 2824 5450 Populus
2870 5383 2920 5433 in
2940 5388 3138 5448 ﬁgypto
3167 5378 3457 5441 cmistitutns,
3485 5379 3593 5442 jam
3621 5378 3718 5442 dif-

2339 5519 2440 5564 Am.
2475 5517 2528 5561 et
2554 5518 2657 5559 Mss.
2684 5514 2739 5557 At
2769 5512 2842 5554 Fr.
2869 5505 3004 5555 uiuit.
3048 5511 3100 5555 et
3126 5512 3232 5553 tm.
3258 5539 3272 5565 ,
3317 5517 3409 5555 non
3444 5514 3552 5554 euut
3579 5500 3719 5554 duo

2205 5587 2218 5622 ι
2243 5610 2254 5621 .

2143 5587 2254 5623 νιηε.

2207 5636 2229 5667 ³
2251 5642 2349 5682 Αιιι.
2372 5640 2444 5681 Fr.
2472 5641 2522 5682 ct
2547 5640 2649 5681 Mss.
2676 5635 2843 5679 carent
2856 5625 3191 5690 particuls,_in.

2207 5695 2226 5725 ⁸
2251 5695 2321 5743 Sic
2343 5703 2441 5744 Mss.
2474 5700 2525 5742 Αι
2546 5699 2675 5751 ἰωκ,
2694 5697 2741 5739 ut
2759 5688 2924 5741 secure
2943 5688 3164 5750 pascatis.
