3938 6186
214 348 326 405 885

215 570 324 613 eos,
352 560 397 604 et
441 549 495 603 in
524 548 779 607 stantibus
821 549 940 603 altis
976 546 1159 603 Israel.
1188 545 1357 601 Erunt
1379 548 1579 603 stabula
1620 565 1793 604 eorum

219 642 327 695 illi:
344 640 493 698 sitae
517 647 624 702 est.
652 637 749 695 ubi
772 638 1143 708 requiescant,
1174 637 1263 693 ubi
1289 637 1488 705 dicant,
1510 638 1656 695 Bene
1678 647 1794 706 est;

216 730 307 783 ubi
322 728 529 794 dicant,
560 726 761 783 Verum
789 735 892 790 est.
911 725 1255 781 tntanifestum
1279 734 1381 791 est,
1410 742 1514 782 non
1542 727 1794 783 fallimur.

215 822 274 877 lu
308 819 481 892 gloria
514 817 615 873 Dei
640 816 996 887 requiescam,
1029 826 1274 887 tanquam
1326 816 1378 872 in
1427 817 1648 899 stabulis
1673 818 1793 873 illis.

217 910 285 962 Et
326 908 605 975 donnint,
654 906 756 964 hoc
795 916 898 974 est,
929 905 1298 977 requiescettt;
1330 917 1377 961 et
1401 908 1698 978 requiescent
1743 909 1796 965 in

221 998 412 1052 deliciis
439 997 607 1061 bonis.
1404 1066 1409 1067 ί

278 1089 371 1145 25.
400 1088 537 1158 Spes
578 1090 742 1143 ovium
767 1088 821 1141 in
840 1087 948 1143 solo
971 1085 1096 1141 Deo.
1122 1116 1195 1126 -
1223 1086 1283 1139 Et
1311 1087 1362 1141 in
1386 1102 1575 1157 pascua
1618 1088 1794 1159 pingui

211 1189 480 1251 pascatur
501 1195 655 1249 super
671 1187 862 1236 montes
886 1177 1073 1233 Israel.
1100 1178 1217 1233 iam
1237 1178 1345 1233 disi
1374 1188 1583 1235 montes
1606 1180 1787 1247 Israel,

212 1281 421 1328 montes
443 1271 638 1336 bonos,
660 1286 766 1341 quo
787 1271 1022 1326 levamus
1047 1270 1249 1335 oculos,
1280 1281 1337 1327 ut
1360 1271 1514 1327 nobis
1551 1272 1672 1328 inde
1699 1288 1793 1328 au-

210 1363 401 1418 xilium
430 1362 627 1417 veniat.
670 1360 777 1415 Sed
816 1360 1071 1414 auxilium
1099 1368 1337 1425 nostrum
1375 1377 1403 1414 a
1435 1361 1678 1428 Domino,
1694 1362 1790 1431 qui

211 1455 334 1509 fecit
363 1455 563 1509 caelum
607 1461 662 1508 et
698 1461 895 1506 terram
922 1451 1092 1520 (Psal.
1123 1467 1246 1517 cxx,
1276 1453 1324 1519 l,
1353 1453 1430 1523 2).
1462 1452 1582 1509 Ideo
1610 1469 1677 1509 ne
1705 1454 1789 1509 vel

210 1546 260 1599 in
310 1543 587 1599 montibus
636 1541 791 1598 bonis
819 1549 962 1596 esset
1000 1556 1122 1610 spes
1158 1552 1360 1611 nostra,
1398 1558 1518 1597 cum
1546 1542 1785 1611 dixisset,

210 1633 435 1688 Poscant
482 1649 595 1697 ores
630 1648 765 1687 meas
796 1648 947 1702 super
972 1642 1157 1686 montes
1183 1630 1386 1697 Israel;
1414 1648 1596 1691 rursus
1636 1649 1703 1689 ne
1732 1641 1787 1692 tu

205 1742 353 1799 spem
404 1740 634 1797 poneres
675 1726 727 1785 in
776 1724 1039 1778 montibus
1067 1725 1106 1788 ⁸,
1158 1722 1385 1790 subjecit
1428 1725 1629 1791 statim,
1674 1723 1787 1795 Ego

207 1838 413 1889 pascam
449 1835 567 1874 ores
612 1835 767 1872 meas.
817 1816 953 1872 Leva
986 1825 1037 1870 tu
1064 1814 1243 1870 oculos
1290 1826 1406 1871 tuos
1461 1817 1510 1871 iu
1552 1827 1781 1887 montes,

206 1913 347 1967 unde
395 1912 573 1967 veniat
614 1909 870 1965 auxilium
919 1906 1011 1962 tibi
1049 1923 1061 1958 :
1108 1904 1200 1961 sed
1239 1906 1453 1962 attende
1498 1907 1780 1973 dicentem,

208 2006 314 2076 Εςο
345 2020 573 2072 pascam.
607 2002 872 2057 Auxilium
897 2001 1036 2056 enim
1062 2009 1207 2054 tuum
1234 2015 1261 2051 τι
1283 2000 1521 2063 Domino,
1549 2000 1637 2071 qui
1652 2000 1784 2061 fecit

200 2098 395 2152 malum
425 2105 484 2149 ct
512 2106 728 2150 terram.

262 2187 359 2242 εδ.
419 2185 604 2238 Utinm
625 2184 819 2237 sanitas
854 2192 901 2237 et
937 2184 1128 2255 requies
1154 2199 1217 2239 ea:
1236 2182 1363 2236 Dea.
1384 2212 1454 2223 —-
1472 2182 1538 2237 Et
1566 2182 1675 2254 Ego
1696 2200 1780 2239 re-

199 2278 451 2345 quiescere
475 2276 665 2345 faciam
709 2290 818 2339 eas,
848 2274 966 2327 dicit
999 2274 1243 2328 Dominus
1284 2273 1436 2328 Deus.
1461 2272 1566 2329 Sed
1608 2283 1668 2330 ut
1691 2289 1780 2329 re-

198 2369 479 2437 quiescere
523 2365 703 2431 faciat,
755 2365 927 2436 primo
969 2366 1230 2420 curavit'.
1277 2365 1426 2433 Quod
1444 2367 1584 2420 enim
1612 2367 1781 2434 primo

198 2457 421 2520 curavit,
468 2453 737 2524 posterius
783 2453 955 2508 dicit:
995 2452 1119 2508 Haec
1167 2454 1285 2507 dicit
1331 2452 1582 2531 Dominus
1608 2452 1772 2522 Deus,

198 2546 345 2612 Quod
365 2546 544 2617 periit,
577 2545 865 2616 requiram;
918 2555 964 2600 et
990 2544 1125 2614 quod
1172 2545 1372 2611 erravit,
1402 2545 1679 2613 revocabo;
1728 2556 1778 2601 et

200 2639 335 2708 quod
356 2639 729 2693 centuriarum
754 2647 846 2705 est,
879 2637 1164 2708 colligabo;
1189 2647 1233 2691 et
1257 2638 1391 2709 quod
1410 2640 1642 2694 exanime
1682 2648 1775 2707 est,

198 2731 495 2798 cenfortabo
511 2747 534 2794 ;
562 2737 612 2784 et
633 2730 769 2800 quod
795 2730 980 2800 pingue
1001 2740 1072 2784 est
1098 2729 1301 2799 etquod
1328 2731 1459 2801 forte
1482 2738 1584 2794 est,
1606 2740 1777 2785 custo-

196 2820 349 2875 diat.
380 2820 545 2889 Quod
585 2836 693 2874 non
741 2820 1003 2875 iaciebant
1047 2819 1169 2873 mali
1220 2828 1478 2889 pastores,
1527 2833 1587 2875 se
1633 2819 1777 2890 ipsos

195 2922 503 2981 pascentes,
548 2926 656 2966 non
696 2925 845 2967 oves.
883 2909 999 2966 Non
1043 2912 1117 2964 ait
1148 2910 1420 2977 Dominus,
1450 2911 1776 2967 Constituam

192 3003 320 3057 alios
347 3002 527 3058 bonos
571 3010 832 3071 pastores,
871 3002 957 3072 qui
986 2999 1181 3056 faciant
1207 3001 1319 3057 hanc
1347 3022 1363 3056 ς
1392 3000 1507 3065 sed,
1533 3001 1663 3072 Ego,
1695 3003 1775 3056 in-

190 3094 321 3164 quit.
353 3092 584 3159 faciam;
640 3106 776 3149 oves
814 3106 963 3147 meas
1012 3093 1143 3149 nulli
1187 3092 1535 3149 committam.
1589 3090 1776 3149 Securi

190 3198 304 3249 vos,
330 3184 566 3248 intres;
603 3197 808 3239 secura:
828 3197 946 3249 vos,
975 3199 1102 3238 oves
1135 3201 1150 3238 :
1180 3182 1331 3238 nobis
1360 3181 1565 3239 videtur
1585 3183 1777 3239 timen-

188 3276 348 3336 dam;
374 3275 535 3346 quasi
566 3274 706 3329 desit
729 3282 907 3344 pastor
927 3275 1132 3329 bonus?

251 3366 492 3424 CAPUT
522 3365 640 3421 XII.
662 3395 733 3405 —
755 3366 846 3420 27.
893 3365 1108 3420 Poscere
1150 3381 1263 3418 cum
1302 3364 1775 3441 judicio.lClaudit

187 3459 261 3513 sic
290 3457 311 3487 ³
338 3476 355 3511 :
385 3456 452 3510 Et
491 3472 705 3527 ραεεαιιι
732 3472 816 3511 eas
835 3472 946 3509 cum
967 3455 1182 3525 judicio.
1213 3455 1341 3509 \‘ide
1363 3456 1483 3525 quia
1513 3459 1591 3511 sic
1628 3455 1774 3510 solus

186 3547 352 3613 pascit
370 3561 499 3600 cum
510 3544 734 3614 judicio.
757 3543 884 3610 Quis
898 3546 1038 3599 enim
1055 3545 1211 3599 homo
1227 3542 1424 3615 judicat
1444 3543 1510 3600 de
1524 3544 1773 3599 homine?

189 3637 518 3692 Temerariis
552 3635 767 3706 indiciis
794 3634 947 3706 plena
978 3644 1100 3689 sunt
1125 3634 1322 3688 omnia.
1354 3635 1429 3690 De
1452 3650 1557 3705 quo
1581 3635 1773 3704 despc-

190 3729 515 3793 raverimus,
546 3727 723 3787 subito
748 3729 1162 3789 cmtvertitur,et
1188 3728 1246 3780 lit
1270 3728 1499 3796 optimus
1529 3746 1545 3781 :
1572 3725 1641 3781 de
1668 3740 1773 3795 quo

191 3824 414 3875 multum
444 3820 966 3890 prasuntpseritnus,
993 3819 1172 3873 subito
1202 3818 1399 3884 deﬁcit,
1428 3827 1481 3887 et
1513 3817 1571 3872 lit
1597 3818 1770 3888 pessi-

190 3927 330 3966 mus.
363 3909 481 3966 Nec
507 3910 668 3965 timor
708 3917 890 3964 noster
916 3918 1092 3963 certus
1119 3918 1219 3972 est,
1244 3924 1340 3964 nec
1382 3924 1530 3963 amor
1592 3918 1773 3964 noster

187 4012 366 4056 ocnus
385 4009 492 4056 est.
516 3998 653 4067 Quid
682 3999 753 4054 sit
766 3998 924 4054 hodie
943 3999 1162 4068 quisque
1180 3999 1358 4062 homo,
1382 3999 1466 4052 vix
1486 3999 1634 4052 novit
1657 3998 1771 4069 ipse

188 4091 350 4146 horno
381 4110 398 4145 :
432 4101 613 4146 tamen
642 4100 923 4160 utcumque
954 4092 1064 4160 ipse
1079 4091 1203 4161 quid
1235 4090 1419 4156 hodie;
1439 4090 1565 4160 quid
1590 4100 1769 4147 autem

188 4199 327 4246 cras,
361 4200 462 4239 nec
492 4185 628 4253 ipse.
662 4183 837 4238 Pascit
878 4198 1004 4251 ergo
1051 4182 1138 4236 ilic
1167 4198 1287 4236 cum
1321 4181 1539 4250 judicio,
1566 4181 1772 4252 disper-

186 4281 326 4331 ticns
348 4275 566 4345 propria
607 4275 862 4345 propriis;
894 4273 1008 4327 hate
1048 4273 1181 4335 iStis,
1217 4272 1304 4325 illa
1336 4272 1461 4337 illis,
1492 4271 1666 4327 debita
1691 4272 1769 4326 eis

187 4370 384 4436 quibus
421 4366 652 4421 debetur
690 4365 791 4419 hoc
813 4374 901 4419 aut
925 4364 1072 4418 illud.
1102 4363 1257 4417 Novit
1284 4364 1426 4419 enim
1451 4362 1576 4433 quid
1606 4372 1726 4433 agat
1752 4381 1765 4416 :

184 4475 311 4515 cum
334 4458 545 4529 judicio
584 4458 777 4527 pascit,
830 4472 966 4527 quos
1014 4456 1280 4526 iudicatus
1319 4454 1563 4509 redemit.
1597 4453 1772 4509 Pascit

184 4550 456 4620 ergoipse
492 4563 615 4603 cum
634 4547 854 4618 judicio.
1426 4634 1430 4635 ν
1494 4632 1502 4635 Α
1559 4634 1565 4635 7
1681 4614 1702 4635 1

256 4639 350 4694 28.
396 4637 592 4693 Perdix
635 4638 741 4692 sine
777 4636 974 4708 judicio
1017 4650 1342 4706 congregans,
1399 4632 1645 4686 diabolus.
1681 4632 1768 4686 'ln

178 4729 449 4803 propheta
499 4729 643 4783 enim
666 4727 915 4783 Jeremia
963 4727 1071 4779 ait;
1101 4725 1344 4780 Clamavit
1388 4724 1589 4794 perdix,
1644 4739 1768 4777 con-

183 4820 419 4892 gregavit
438 4834 555 4889 qua
576 4835 675 4872 non
699 4818 909 4887 peperit,
938 4817 1127 4888 faciens
1150 4814 1348 4868 divitias
1394 4829 1510 4867 suas
1535 4828 1638 4892 non
1657 4827 1771 4865 cum

435 4913 628 4967 Contra
648 4912 804 4966 istum
827 4909 1093 4979 perdicem
1117 4907 1392 4962 iacientem
1413 4905 1621 4960 divitias
1648 4917 1772 4959 suas

181 5020 291 5060 non
318 5018 450 5060 cum
472 5001 694 5072 judicio,
712 5001 881 5070 [noscit
902 5001 999 5055 iste
1024 5008 1203 5070 pastor
1223 4996 1572 5066 cnmjudieio.
1598 4996 1771 5063 Quare

182 5095 269 5149 ille
295 5094 427 5149 sine
446 5090 647 5161 judicio
665 5092 691 5144 ἲ
717 5091 847 5160 Quia
890 5090 1229 5160 congregavit
1263 5104 1382 5158 qua:
1409 5104 1513 5143 non
1542 5089 1766 5158 peperit.

182 5184 367 5253 Quare
389 5185 492 5241 iste
530 5198 652 5239 cum
676 5183 915 5252 judicio?
954 5182 1085 5249 Quia
1114 5180 1254 5235 fovet
1279 5179 1418 5253 quod
1440 5181 1664 5250 peperit.
1697 5180 1770 5237 De

184 5284 407 5345 pastore
437 5282 614 5329 tanien
643 5273 782 5327 bono
810 5272 1095 5341 loquimur.
1124 5271 1370 5325 Pastorcs
1408 5270 1529 5325 boni
1556 5279 1643 5323 aut
1666 5285 1770 5324 non

178 5374 333 5434 unt,
356 5364 660 5420 antistent.
689 5365 743 5420 Si
775 5379 878 5419 ιιοιι
909 5372 1048 5431 sunt,
1085 5361 1207 5435 quid
1236 5361 1471 5438 agimus?
1501 5361 1558 5417 Si
1586 5361 1768 5429 latent,

240 5497 260 5529 ³
275 5494 460 5547 Plu-es
474 5505 587 5549 ltss.
603 5497 807 5556 habent,
830 5508 889 5545 ne
905 5502 955 5545 tu
975 5506 1245 5545 remearem
1266 5493 1316 5543 in
1338 5492 1585 5544 omnibus.

240 5562 263 5592 ⁸
284 5566 366 5608 ω’.
386 5556 526 5609 blim.
553 5567 608 5610 et
630 5567 763 5621 tam,
785 5552 899 5620 qua
920 5556 1078 5623 primo
1103 5557 1303 5607 curavit.
1341 5556 1612 5617 Bedundat,
1630 5552 1772 5618 quid,

183 5621 425 5684 “Itaque
448 5622 512 5671 ab
535 5629 709 5684 Ant._ct
729 5633 755 5666 a
779 5630 794 5659 \
812 5634 853 5667 s.

214 5683 265 5745 ,³
398 5693 497 5732 an.
525 5691 578 5732 et
606 5680 792 5743 ιιιιιυυι
812 5689 916 5730 νι
944 5678 1026 5728 Αιλὶ
1058 5692 1167 5729 um
1198 5686 1267 5728 rx.
1299 5685 1350 5728 et
1388 5684 1525 5725 l.ov.:
1556 5684 1609 5727 Et
1638 5676 1774 5728 addit

181 5756 265 5791 εκ.

1616 344 1855 403 ΒΕΙΚΜΟ
1894 345 2070 411 XLVI.

212 462 318 519 ω
340 476 463 519 eses
488 458 615 517 iusta
654 465 818 528 aque
843 456 1085 519 fecunda.
1116 456 1183 517 In
1222 473 1409 526 pascua
1440 457 1569 512 bona
1594 475 1799 529 pascam

3367 360 3474 429 2“.

1904 476 2071 532 quare
2092 463 2161 521 de
2190 465 2295 523 illis
2326 471 2562 526 tacetur?
2588 469 2779 529 Perdix
2816 473 3031 544 quidem
3065 474 3155 532 ille
3176 490 3209 532 ει
3248 477 3470 546 quibus-

1902 551 2024 611 dam
2052 554 2342 624 majoribus
2369 568 2423 615 et
2441 569 2564 616 ante
2579 576 2677 616 nos
2693 561 3084 634 Scripturamtn
3101 568 3470 631 tractantibus

1904 641 2147 701 diabolus
2170 645 2468 704 intellectus
2495 661 2596 716 est,
2624 666 2948 724 congregans
2967 670 3088 724 quae
3108 672 3214 713 non
3241 661 3469 728 peperit.

1896 732 2016 789 Non
2039 736 2181 791 enim
2216 736 2305 793 ille
2323 748 2550 808 creator,
2578 742 2675 798 sed
2706 743 2958 814 deceptor
2984 754 3085 813 est,
3108 747 3308 806 iaciens
3332 749 3466 805 divi-

1900 826 2000 881 tias
2020 842 2142 889 suas
2164 844 2269 884 non
2290 846 2407 886 cum
2433 832 2656 902 judicio.
2681 834 2796 891 Non
2821 839 2961 892 enim
2980 837 3045 891 ad
3071 854 3191 894 eum
3218 841 3465 908 pertinet.

1897 916 2014 984 quis
2043 917 2164 980 isto,
2195 920 2314 987 quis
2350 921 2439 975 illo
2467 922 2622 977 modo
2647 934 2789 979 erret
2817 944 2832 980 :
2861 942 3044 982 omnes
3067 936 3305 984 errantes
3332 931 3465 995 vult,

1897 1008 2222 1076 quibuslibet
2256 1013 2541 1080 erroribus.
2580 1014 2748 1080 Quam
2790 1016 3011 1072 diversae
3037 1028 3159 1073 sunt
3207 1019 3463 1083 haereses,

1894 1114 2053 1169 quam
2074 1099 2265 1156 diversi
2294 1118 2523 1168 ermrcs,
2560 1105 2645 1160 ille
2676 1107 2727 1160 in
2759 1108 3003 1163 euntibus
3025 1110 3132 1162 vult
3157 1126 3334 1167 errare
3363 1111 3453 1165 ho~

1894 1191 2084 1244 mines.
2129 1190 2243 1246 Non
2286 1192 2414 1247 dicit
2439 1193 2700 1260 diabolus,
2734 1197 3016 1253 Donatista:
3051 1200 3177 1263 sint,
3222 1216 3327 1257 non
3356 1202 3461 1256 sint

1893 1279 2073 1335 Ariani
2105 1280 2259 1335 :sivc
2304 1281 2391 1336 hic
2413 1281 2551 1349 sint,
2597 1285 2710 1339 sive
2751 1286 2877 1349 illic,
2921 1287 2987 1342 ad
3036 1303 3158 1344 eum
3198 1290 3461 1359 pertinent

1893 1379 2298 1440 congregantem
2350 1372 2467 1428 sine
2503 1374 2723 1442 judicio.
2780 1375 2951 1442 ldola,
3004 1379 3203 1449 inquit,
3251 1380 3455 1444 adoret.

1892 1474 2042 1516 meus
2061 1470 2143 1516 est
2171 1479 2184 1516 :
2211 1461 2264 1515 in
2285 1462 2585 1519 Judaeorum
2606 1467 2977 1535 superstitione
2997 1478 3286 1536 remaneat,
3309 1487 3461 1526 meus

1891 1558 1973 1605 est
2003 1568 2017 1605 :
2045 1550 2257 1609 deserta
2306 1553 2503 1608 unitate
2538 1555 2605 1617 ,in
2638 1556 2780 1611 illam
2823 1557 2905 1611 vel
2944 1557 2996 1612 in
3040 1558 3181 1615 illam
3208 1559 3463 1617 haeresim

1892 1648 2095 1710 pergat,
2116 1656 2266 1696 meus
2292 1653 2392 1698 cst.
2424 1643 2716 1714 Congregat
2742 1661 2868 1717 ergo
2895 1648 3010 1703 sine
3031 1648 3235 1718 judicio
3252 1649 3457 1713 [ueiens

1888 1728 2096 1784 divitias
2144 1745 2287 1786 suas.
2339 1732 2443 1788 Sed
2473 1734 2594 1803 quid
2629 1736 2985 1805 scquitur?ln
3030 1740 3237 1793 dimidio
3265 1740 3461 1801 dierum

1887 1821 1998 1890 ejus
2025 1820 2364 1892 derelinquant
2384 1841 2517 1889 eam,
2538 1834 2584 1879 et
2607 1826 2657 1879 in
2684 1827 2959 1882 novissimis
2977 1829 3079 1882 suis
3099 1830 3191 1885 erit
3217 1829 3459 1898 insipiens

1890 1910 2100 1980 (Jerem.
2127 1927 2254 1977 xvtt,
2288 1912 2398 1984 ll).
2432 1915 2583 1975 Venit
2605 1916 2691 1970 ille
2720 1912 3046 1988 congregans
3074 1918 3304 1988 nudique
3329 1935 3458 1974 oves
3510 1957 3515 1965 -

1885 2017 2029 2057 snas.
2060 2001 2129 2056 In
2171 2005 2379 2058 dimidio
2430 2006 2623 2061 dierum
2670 2009 2799 2077 ejus,
2842 2009 3139 2079 priusquam
3186 2012 3452 2080 sperabat,

1885 2102 2166 2166 antequam
2195 2096 2427 2164 putabat,
2453 2097 2792 2167 derelinquent
2814 2115 2947 2165 eum,
2978 2110 3025 2154 et
3075 2100 3168 2154 erit
3215 2101 3456 2168 insipiens

1885 2185 1936 2238 in
1963 2186 2241 2240 novissimis
2262 2188 2389 2241 suis.
2417 2188 2593 2254 Quare
2622 2189 2673 2241 in
2697 2189 2880 2258 primis
2905 2191 3014 2243 suis
3065 2191 3276 2259 sapiens
3315 2198 3456 2256 erat;

1883 2286 1937 2330 ct
1967 2277 2016 2329 in
2049 2278 2353 2332 novissimis
2390 2281 2502 2332 suis
2546 2281 2601 2333 lit
2647 2279 2934 2349 insipiens?
2980 2281 3191 2347 Audite,
3243 2282 3450 2336 fratres.

1886 2366 2085 2422 Dicitur
2112 2368 2396 2438 aliquando
2428 2370 2478 2423 in
2510 2370 2795 2439 Scripturis
2822 2370 3079 2440 sapientia
3110 2387 3205 2441 pru
3233 2374 3447 2437 astutia,

1883 2456 2139 2513 abusione
2165 2459 2331 2524 verbi,
2374 2474 2477 2514 n0n
2505 2460 2844 2528 proprietate.
2873 2459 3000 2516 inde
3047 2462 3189 2516 enim
3218 2461 3409 2517 dicitur
3434 2483 3446 2516 :

1887 2548 1984 2605 Ubi
2007 2550 2208 2620 sapiens
2226 2550 2252 2603 2’
2278 2550 2362 2604 ubi
2384 2551 2589 2605 scriba?
2616 2550 2697 2604 ubi
2723 2552 3027 2620 conquisitor
3053 2553 3206 2622 littjus
3234 2556 3408 2609 saeculi
3426 2556 3451 2608 Ρ

1883 2636 2069 2693 Nonne
2080 2639 2284 2697 stultam
2301 2640 2414 2711 fecit
2437 2638 2576 2696 Deus
2595 2641 2891 2710 sapientiam
2905 2642 3057 2712 hujus
3075 2642 3249 2697 mundi
3269 2643 3311 2715 (Ι
3332 2644 3448 2698 Cor.

1883 2742 1921 2790 ι.
1976 2725 2114 2798 20)?
2157 2728 2224 2782 Et
2275 2728 2375 2783 iste
2425 2729 2628 2797 perdix,
2657 2728 2796 2784 idem
2821 2728 3003 2799 draco,
3039 2730 3177 2787 idem
3205 2746 3450 2804 serpens,

1886 2829 2136 2891 tanquam
2163 2820 2378 2891 sapiens
2396 2830 2530 2886 erat,
2562 2821 2773 2892 quando
2794 2822 2963 2878 Adam
2993 2838 3085 2893 per
3105 2824 3267 2881 Evam
3295 2825 3451 2882 dece-

1878 2911 1993 2980 pit:
2016 2925 2200 2975 verum
2227 2911 2404 2967 dicere
2428 2921 2638 2983 putatus
2665 2921 2768 2980 est,
2802 2913 2997 2969 bonum
3022 2916 3304 2971 consilium
3322 2917 3452 2973 dare

1879 3002 2212 3059 existimatus
2233 3011 2335 3069 est,
2354 3014 2535 3058 contra
2558 3003 2722 3058 Deum
2752 3003 2983 3059 creditus
3008 3014 3108 3061 est.
3147 3005 3299 3073 Quod
3323 3022 3455 3063 vero

1877 3091 2071 3148 dicitur
2096 3094 2350 3163 sapientia
2369 3093 2625 3150 abusione
2647 3094 2793 3151 verbi
2820 3095 2947 3151 etin
2976 3097 3137 3163 male,
3165 3106 3451 3155 consuetu-

1878 3185 2003 3241 dine
2022 3185 2234 3255 quidem
2257 3186 2647 3256 Seripturarum
2678 3195 2998 3254 nostrarum,
3026 3191 3169 3259 (nam
3199 3189 3451 3258 quemadr

1878 3277 2094 3335 modum
2127 3279 2411 3348 loquantur
2453 3289 2695 3335 auctores
2738 3280 2938 3344 mundi,
2990 3281 3116 3351 quid
3165 3280 3232 3337 ad
3267 3283 3409 3337 nos?
3427 3285 3451 3353 )

1878 3368 2042 3423 habes
2068 3366 2120 3422 in
2139 3367 2325 3423 eodem
2352 3368 2507 3437 libro,
2533 3366 2659 3421 Erat
2682 3367 2751 3423 ibi
2774 3384 2976 3438 serpens
3000 3370 3271 3438 sapientior
3289 3372 3451 3425 enmi-

1877 3461 1967 3513 bus
2011 3458 2178 3513 bestiis
2224 3458 2372 3530 (Gen.
2407 3475 2484 3524 tn,
2536 3456 2670 3531 1-6).
2722 3458 2825 3513 Iste
2870 3460 3159 3529 sapientior
3203 3460 3451 3517 omnibus

1877 3549 2079 3613 bestiis,
2105 3558 2310 3603 astutus
2332 3556 2388 3609 et
2404 3556 2591 3604 acutus
2614 3547 2680 3602 ad
2715 3547 3079 3617 decipiendum
3121 3550 3449 3618 agnoscitur.

1876 3639 2063 3695 Postea
2116 3654 2220 3693 non
2257 3638 2307 3693 ei
2349 3639 2610 3704 creditur;
2637 3646 2692 3695 et
2738 3638 2928 3691 dicitur
2946 3639 3015 3701 ei.
3065 3638 3451 3694 Rettuntiamns

1878 3730 1994 3792 tibi.
2025 3728 2218 3784 sufﬁcit
2245 3729 2385 3800 quod
2430 3729 2668 3784 incautos
2711 3730 2881 3798 primo
2904 3729 3178 3798 tit-cepisti.
3215 3729 3349 3799 Erg:
3371 3731 3442 3787 ita

1877 3821 1928 3874 in
1954 3821 2252 3876 novissimis
2268 3821 2379 3876 suis
2407 3821 2508 3879 erit
2536 3820 2816 3889 insipiens;
2835 3832 3032 3891 aperta:
3057 3830 3211 3875 erunt
3233 3820 3455 3877 fraudes

1875 3914 2024 3983 ejus;
2051 3922 2124 3968 ἐι
2167 3913 2288 3968 ideo
2333 3914 2442 3982 jam
2480 3911 2696 3967 fraudes
2723 3928 2829 3966 non
2857 3922 3031 3966 erunt.
3066 3913 3122 3967 lu
3144 3913 3444 3971 novissimis

1874 4006 1987 4060 suis
2006 4005 2107 4058 erit
2133 4002 2406 4073 insipiens,
2434 4002 2522 4071 qui
2560 4002 2894 4073 congregavit
2925 4018 3042 4072 qua:
3070 4016 3171 4054 non
3219 4003 3440 4071 peperit,

1873 4104 1924 4151 et
1968 4094 2091 4150 fecit
2114 4093 2322 4148 divitias
2348 4107 2471 4148 suas
2514 4108 2616 4146 non
2668 4092 3021 4161 cumjudicio.
3056 4092 3228 4147 Pascit
3259 4102 3449 4149 contra

1875 4186 2020 4239 illum
2046 4183 2364 4250 Redemptor
2389 4190 2567 4236 noster
2594 4196 2714 4234 cum
2738 4181 2958 4250 judicio.

1943 4273 2032 4328 29.
2087 4270 2276 4325 Perdix
2323 4272 2630 4324 contentiosa
2667 4272 2794 4324 aris.
2834 4268 2901 4324 In
2959 4270 3268 4325 Donatistas.
3319 4272 3443 4326 Exi-

1873 4372 1977 4419 stat
2001 4371 2054 4418 et
2080 4361 2269 4432 aliquis
2292 4360 2587 4423 haereticus,
2617 4361 2715 4415 etsi
2746 4376 2848 4415 non
2871 4361 3031 4416 frater
3053 4361 3269 4427 diaboli,
3295 4371 3445 4419 certe

1873 4455 2083 4522 adjutor
2105 4464 2160 4508 et
2203 4453 2339 4506 lilius
2360 4469 2372 4504 :
2396 4462 2448 4505 et
2478 4452 2648 4521 ipsum
2673 4451 2895 4506 dixerim
2926 4450 3192 4520 perdicem
3214 4459 3441 4507 conten.

1876 4547 2064 4599 tiosnm
2090 4543 2303 4597 animal.
2330 4541 2439 4597 Hoc
2463 4543 2602 4596 cnim
2635 4541 2849 4605 animal,
2873 4550 2931 4595 ut
2957 4555 3188 4611 aucupes
3216 4552 3445 4612 norunt,

1874 4637 2031 4693 etiam
2052 4631 2401 4688 centendendi
2430 4631 2603 4687 studio
2614 4632 2839 4700 capitur.
2856 4632 3193 4707 Contendant
3215 4635 3302 4689 isti
3323 4650 3445 4691 con.

1874 4738 1953 4784 tra
1981 4728 2273 4789 veritatem,
2300 4734 2354 4780 et
2397 4724 2785 4781 contenderunt
2823 4742 2891 4782 ex
2918 4744 3023 4797 quo
3047 4743 3106 4783 se
3132 4728 3443 4785 diviserunt.

1876 4818 2029 4873 Modo
2066 4818 2287 4883 dicunt,
2320 4816 2652 4871 Contendere
2694 4817 2939 4873 nolumus
2962 4819 3118 4887 :Quia
3154 4819 3267 4886 jam
3304 4823 3449 4886 capti

1875 4918 2016 4963 sunt.
2031 4907 2143 4962 Non
2163 4906 2320 4961 habet
2339 4907 2478 4975 φιοό
2500 4907 2639 4961 dicat
2657 4906 2817 4960 :Nolo
2839 4908 3182 4962 contendere.
3209 4909 3443 4977 Oeapte,

1874 4997 2157 5067 aliquando
2184 5004 2328 5050 certe
2350 5004 2403 5049 tu
2428 5009 2549 5049 eras
2589 4994 2678 5063 qui
2722 4996 2906 5064 primis
2933 5002 3125 5064 tempe:
3143 4995 3257 5048 ibus
3303 4998 3449 5050 seui-

1876 5088 2035 5142 tionis
2062 5096 2162 5141 tua:
2192 5085 2474 5139 traditores
2500 5084 2775 5154 arguebas,
2800 5084 3108 5139 innocentes
3132 5083 3450 5152 damnabas,

1870 5175 2125 5247 judicium
2152 5174 2487 5245 imperatoris
2526 5174 2819 5244 qumrebas,
2842 5172 3042 5242 judicio
3073 5174 3449 5244 episcoporum

1877 5284 1979 5324 non
2000 5265 2385 5336 consentiebas,
2407 5265 2573 5321 victus
2593 5265 2746 5321 toties
2770 5265 3089 5336 appellabas,
3111 5267 3246 5337 apud
3274 5266 3451 5337 ipsum

1877 5361 2254 5431 imperatorem
2278 5358 2659 5415 studiosissime
2676 5358 2938 5429 litigabas,
2952 5359 3312 5427 congregabas
3329 5373 3455 5427 qum

1875 5468 1981 5507 non
2000 5450 2275 5524 peperisti.
2297 5449 2399 5507 Ubi
2427 5460 2508 5507 est
2532 5467 2671 5507 nunc
2694 5452 2869 5506 cervix
2898 5452 3027 5505 tua?
3050 5452 3134 5504 nbi
3164 5462 3244 5502 est
3274 5452 3449 5519 lingua

1876 5544 2006 5601 tua?
2030 5545 2116 5600 ubi
2156 5543 2345 5600 sibiius
2373 5544 2529 5599 tuus?
2561 5544 2719 5598 Certe
2753 5545 2802 5597 in
2830 5541 3129 5595 novissimis
3155 5540 3255 5595 luis
3283 5540 3437 5593 factu:

1881 5651 1938 5689 es
1969 5637 2243 5701 impium,
2289 5633 2476 5703 pavisti
2524 5634 2636 5687 sine
2687 5631 2903 5698 judicio.
2937 5631 3050 5684 Non
3096 5632 3239 5685 enim
3266 5647 3455 5684 verum

1888 5732 1983 5792 vis,
2010 5727 2091 5782 vel
2116 5726 2181 5781 de
2208 5740 2389 5780 errore
2424 5734 2532 5789 tuo,
2559 5723 2637 5778 vel
2662 5721 2727 5778 de
2756 5723 2972 5779 veritate
3000 5721 3108 5790 ludi
3143 5739 3252 5778 are.
3281 5720 3457 5777 Passi.
