3938 6186
431 344 538 402 281

438 467 626 514 contra
653 467 705 514 te
750 455 993 513 Christus
1036 468 1155 509 ρων
1199 451 1416 523 judicio,
1457 449 1709 505 discernit
1734 461 1859 501 oves
1884 458 2010 500 suas

435 551 505 606 ab
547 550 735 606 ovibus
762 563 867 602 non
895 546 1021 600 suis.
1057 544 1184 611 Qud:
1210 553 1326 598 sunt
1351 558 1462 596 om
1509 556 1650 606 nica,
1682 538 1870 608 inquit,
1918 552 2012 590 au-

435 641 580 695 diunt
605 655 773 694 vocem
797 654 978 700 meum,
1006 645 1053 690 et
1079 644 1352 706 sequuntur
1375 649 1453 687 me
1477 631 1653 705 (loau.
1681 646 1736 698 ι,
1767 629 1883 697 27).

506 728 732 784 CAPUT
770 727 904 783 XIII.
932 758 1004 768 --
1027 727 1112 783 50.
1151 725 1292 780 Unus
1319 734 1490 796 pastor
1523 724 1679 777 bonus
1698 761 1713 786 ,
1754 721 1871 790 quia
1899 718 2017 772 boni

437 838 609 878 cumet
635 823 687 876 in
731 838 854 876 uno.
896 819 992 876 llic
1040 819 1252 874 invenio
1298 832 1484 871 omnes
1509 824 1746 885 pastores
1770 813 1938 868 bonos
1963 811 2016 864 in

439 931 544 970 uno
572 923 801 986 pastore.
825 911 941 969 Non
970 913 1111 969 enim
1131 928 1256 966 vere
1278 919 1517 981 pastores
1536 909 1658 965 boni
1685 907 1896 973 desunt,
1922 904 2017 960 sed

437 1010 491 1062 in
516 1022 621 1061 uno
645 1017 787 1062 sunt.
812 1005 959 1061 Multi
979 1014 1120 1069 sunt,
1149 1004 1237 1076 qui
1259 1003 1410 1058 divisi
1433 1011 1556 1057 sunt
1580 1019 1592 1056 :
1620 1000 1705 1055 hic
1726 1014 1861 1054 unus
1884 1013 2020 1069 pra:-

407 1095 411 1124 τ
437 1100 648 1154 dicatur
667 1141 681 1163 ,
711 1098 830 1168 quia
862 1097 1035 1152 unitas
1057 1093 1478 1150 commendatur.
1508 1092 1690 1162 Neque
1727 1091 1869 1145 enim
1895 1103 2020 1144 vere

438 1189 601 1244 modo
631 1188 750 1244 ideo
778 1198 1023 1244 tacentur
1051 1196 1290 1257 pastores
1308 1227 1323 1252 ,
1354 1193 1409 1240 et
1437 1184 1632 1238 dicitur
1661 1192 1866 1253 pastor,
1897 1181 2020 1252 quia

439 1293 543 1332 non
577 1279 773 1334 invenit
806 1263 1064 1332 Dominus.
1083 1276 1166 1330 cui
1194 1273 1531 1330 commendet
1556 1287 1684 1328 oves
1711 1286 1867 1336 suas;
1897 1280 2024 1326 tunc

439 1378 616 1423 autem
647 1369 765 1422 ideo
789 1367 1211 1431 commendavit,
1244 1367 1364 1435 quia
1393 1365 1604 1420 Petrum
1637 1364 1838 1418 invenit
1867 1380 1881 1417 :
1915 1363 2023 1416 imo

441 1474 568 1511 vero
613 1467 665 1512 et
706 1459 760 1514 in
790 1460 902 1527 ipso
932 1457 1089 1512 Petro
1125 1460 1380 1512 unitatem
1422 1453 1830 1510 commendavit.
1876 1451 2023 1507 Multi

441 1558 591 1600 erant
620 1549 878 1617 Apostnli,
911 1558 964 1602 et
992 1549 1077 1601 uni
1109 1546 1322 1610 dicitur,
1356 1544 1518 1599 Pasce
1542 1561 1655 1598 ores
1681 1560 1837 1598 meas.
1874 1542 2024 1598 Absit

443 1646 500 1691 ut
524 1637 698 1690 tlesint
717 1637 878 1692 modo
900 1637 1022 1692 boni
1053 1646 1320 1707 pastores:
1349 1635 1486 1691 absit
1511 1651 1539 1689 a
1569 1636 1720 1690 nobis
1744 1644 1801 1689 ut
1827 1634 2022 1700 desint,

443 1727 581 1779 absit
612 1741 640 1777 a
676 1727 1033 1781 misericordia
1066 1728 1262 1796 ipsius,
1298 1735 1483 1780 utnon
1518 1739 1612 1779 cus
1647 1723 1826 1794 gignat
1866 1732 2025 1792 atque

443 1818 750 1871 constituat.
784 1817 970 1887 Utique
1008 1819 1050 1870 si
1091 1826 1214 1871 sunt
1253 1817 1403 1870 bona:
1450 1831 1607 1881 oves,
1652 1822 1775 1868 sunt
1811 1821 1865 1868 et
1902 1813 2024 1867 boni

447 1916 722 1975 pastrres:
769 1923 887 1960 nam
928 1907 994 1961 de
1022 1907 1172 1961 bonis
1211 1907 1399 1960 ovibus
1446 1905 1575 1959 ﬁunt
1601 1905 1724 1958 boni
1765 1911 2023 1974 pastores.

444 1996 549 2051 Sed
575 2012 762 2051 omnes
788 1997 909 2050 boni
935 2013 1026 2066 pas
1051 2013 1172 2052 ores
1193 1999 1243 2050 in
1273 2012 1376 2051 uno
1403 2004 1560 2063 sunt,
1589 2011 1752 2051 unum
1779 2004 1921 2050 sunt.
1949 1997 2027 2050 Illi

447 2099 667 2159 pascunt
690 2131 704 2153 ,
733 2089 973 2142 Christus
1009 2089 1194 2158 pascit.
1221 2087 1336 2143 Non
1373 2090 1516 2144 enim
1547 2103 1730 2143 vocem
1766 2103 1916 2142 suam
1943 2087 2026 2142 di-

446 2187 572 2232 cunt
599 2179 750 2232 amici
779 2180 979 2248 sponsi,
1007 2179 1098 2232 sed
1127 2179 1318 2249 gaudio
1344 2179 1572 2248 gaudent
1600 2187 1813 2248 propter
1842 2193 2026 2232 vocem

450 2271 652 2338 sponsi.
685 2271 822 2324 Idem
853 2272 1017 2340 ergo‘
1051 2272 1164 2340 ipse
1192 2271 1376 2339 pascit,
1407 2286 1525 2324 cum
1559 2270 1654 2339 ipsi
1689 2279 1905 2340 pascunt
1932 2287 1943 2322 :
1975 2277 2030 2324 et

447 2361 606 2423 dicit,
639 2361 752 2432 Ego
792 2377 983 2431 pasco;
1042 2362 1162 2431 quia
1207 2362 1256 2415 in
1300 2362 1404 2415 illis
1445 2378 1544 2414 vox
1584 2362 1789 2430 ipsius,
1831 2362 1881 2414 in
1925 2361 2030 2415 illis

445 2452 676 2504 rharitas
707 2452 889 2520 ipsius.
922 2451 1050 2505 Nam
1082 2462 1130 2504 ct
1159 2453 1328 2519 ipsum
1361 2452 1570 2505 Petrum
1593 2493 1607 2515 ,
1637 2452 1718 2504 cui
1754 2466 2028 2506 commen-

445 2540 603 2594 dabat
629 2542 649 2571 ¹
675 2555 802 2593 oves
828 2555 950 2594 suas
976 2541 1125 2610 quasi
1155 2541 1288 2594 alter
1326 2541 1474 2594 alteri
1495 2583 1509 2606 ,
1539 2556 1699 2594 unum
1737 2555 1916 2594 secum
1950 2541 2029 2594 fa-

444 2647 568 2686 cere
593 2632 823 2698 volebat,
846 2641 902 2686 ut
927 2633 1003 2686 sic
1021 2633 1068 2687 ei
1101 2647 1227 2686 oves
1247 2633 1676 2697 commendaret;
1703 2643 1758 2687 ut
1780 2641 1922 2688 esset
1943 2635 2030 2688 ille

445 2733 624 2792 caput,
655 2723 742 2778 ille
763 2723 981 2794 ﬁguram
1009 2724 1244 2793 corporis
1271 2733 1523 2794 portaret,
1549 2724 1599 2778 id
1628 2734 1729 2791 est,
1755 2724 2026 2791 Ecclesiae,

446 2823 500 2870 ct
521 2823 767 2884 tanquam
790 2830 1014 2885 sponsus
1033 2825 1082 2870 et
1105 2831 1297 2884 sponsa
1320 2828 1497 2870 essent
1519 2817 1624 2870 dtto
1647 2818 1696 2870 in
1721 2831 1880 2871 carne
1902 2833 2027 2871 una.

450 2904 678 2960 Proinde
699 2915 750 2959 ut
779 2920 905 2960 aves
929 2907 1360 2968 commendaret,
1394 2907 1517 2977 quid
1542 2909 1589 2962 ci
1622 2909 1765 2978 prius
1794 2908 1939 2974 dicit,
1963 2924 2031 2963 ne

447 2998 519 3051 illi
547 3007 792 3067 tanquam
815 2998 966 3051 alteri
993 2998 1430 3052 commendaret?
1459 2997 1630 3066 Petrc,
1654 3017 1794 3053 antas
1821 3001 1936 3053 nte?
1963 2999 2030 3054 Et

447 3087 757 3156 respondit:
789 3088 933 3141 Amo.
966 3088 1033 3142 Et
1057 3088 1245 3142 iterum
1272 3106 1285 3142 :
1318 3089 1469 3142 Amas
1491 3091 1609 3143 me?
1636 3089 1703 3143 Et
1725 3089 2026 3160 respondit:

447 3177 596 3231 Amo.
631 3178 694 3231 Et
720 3179 912 3233 tertio:
944 3179 1097 3232 Amas
1125 3181 1243 3234 me?
1269 3180 1326 3234 Et
1374 3181 1644 3250 respondit
1669 3181 1839 3235 :Amo.
1891 3182 2030 3235 Con-

449 3266 624 3321 ﬁrmat
649 3266 956 3323 cbaritatem
983 3269 1022 3333 ³,
1042 3278 1098 3322 ιιι
1129 3269 1420 3324 consolidct
1449 3271 1720 3325 unitatem.
1754 3271 1869 3342 Ipse
1905 3287 2032 3341 ergo

452 3361 618 3428 pascit
650 3376 785 3413 unus
817 3361 865 3412 in
895 3359 996 3423 bis,
1031 3370 1081 3413 et
1115 3361 1164 3413 hi
1195 3361 1246 3414 in
1279 3377 1417 3426 uno;
1449 3371 1500 3415 et
1533 3370 1734 3416 tacetur
1761 3363 1828 3418 de
1856 3374 2032 3432 pasto-

453 3448 601 3504 ribus
631 3467 645 3504 :
686 3450 777 3504 sed
806 3466 910 3503 non
937 3459 1158 3504 tacetur.
1191 3449 1496 3506 Gloriantur
1522 3461 1758 3522 pastores
1782 3471 1794 3506 :
1821 3454 1912 3508 sed
1943 3454 2031 3524 qui

446 3543 738 3611 gloriatur,
780 3544 830 3597 in
865 3544 1086 3597 Domino
1116 3544 1387 3612 glorietur.
1419 3544 1530 3598 lloc
1567 3554 1650 3599 est
1691 3544 1904 3600 Christo
1940 3561 2033 3615 pa-

448 3646 601 3686 scere
627 3675 640 3696 ,
691 3633 790 3687 hoc
833 3644 914 3689 est
955 3633 1007 3687 in
1049 3633 1260 3689 Christo
1303 3650 1542 3705 pascere,
1579 3644 1633 3689 et
1675 3651 1793 3689 cum
1823 3635 2034 3691 Christo

450 3740 668 3792 pascere
699 3723 748 3787 ⁵,
780 3735 971 3794 ρι’τῐιιοι·
999 3724 1266 3779 Christum
1307 3725 1406 3780 sibi
1439 3742 1544 3780 non
1572 3741 1808 3797 pascere.
1849 3727 2032 3798 Neque

452 3831 580 3870 vero
608 3818 780 3888 inopia
809 3825 1101 3886 pastorum,
1134 3827 1380 3887 tanquam
1408 3819 1505 3873 ista
1535 3818 1704 3873 futura
1731 3819 1866 3872 mala
1901 3827 2033 3874 teni-

457 3923 585 3977 pora
634 3908 894 3978 Propheta
949 3909 1292 3977 prmdicaret,
1328 3909 1454 3964 dixit
1479 3953 1492 3974 ,
1527 3909 1636 3980 Ego
1681 3928 1884 3981 pascam
1923 3929 2035 3966 oves

449 4015 616 4063 ineas,
661 4014 764 4054 non
798 3999 966 4054 habeo
1001 4000 1084 4055 cui
1123 4001 1513 4056 commendem.
1546 4000 1716 4055 Etiam
1758 4016 1876 4055 cum
1924 4003 2034 4071 ipse

451 4088 641 4145 Petrus
669 4079 813 4151 crat,
844 4100 898 4144 ct
921 4106 1039 4144 cum
1070 4091 1242 4146 adhuc
1273 4091 1369 4161 ipsi
1399 4091 1635 4161 Apostoli
1667 4102 1818 4146 erant
1853 4092 1903 4146 in
1937 4094 2035 4148 hac

451 4195 643 4242 carne,
675 4189 727 4234 et
756 4182 808 4233 in
839 4181 936 4235 hac
966 4182 1092 4247 vita,
1129 4191 1252 4236 tunc
1292 4183 1366 4237 ait
1393 4183 1481 4238 ille
1509 4199 1642 4237 unus
1666 4225 1680 4250 ,
1715 4184 1765 4236 in
1795 4201 1899 4252 quo
1930 4201 2035 4238 uno

451 4287 640 4326 omnes
666 4288 828 4326 unum
854 4289 864 4324 :
900 4271 1075 4326 Habeo
1101 4274 1230 4327 alias
1259 4291 1398 4340 oves,
1426 4289 1538 4344 quia
1581 4291 1680 4328 non
1709 4285 1824 4328 sunt
1853 4277 1912 4328 de
1943 4276 2036 4329 hoc

453 4362 613 4425 ovili;
641 4370 834 4432 oportet
872 4377 950 4413 me
983 4372 1027 4414 et
1068 4379 1150 4414 eas
1177 4362 1457 4426 adducere,
1490 4374 1542 4415 ut
1580 4365 1644 4417 sit
1673 4381 1798 4419 unus
1839 4383 1963 4436 grex
1991 4375 2036 4419 et

455 4458 586 4504 unus
630 4460 800 4518 pastor
841 4448 998 4518 (Ibid.
1030 4451 1138 4519 16).
1171 4451 1288 4505 Sint
1327 4467 1454 4520 ergo
1500 4468 1686 4507 omnes
1732 4456 1782 4507 in
1825 4464 2035 4524 pastore

457 4555 564 4595 uno
584 4581 598 4606 ,
643 4550 696 4595 et
739 4540 917 4593 dicant
946 4556 1129 4595 vocem
1161 4542 1384 4610 pastoris
1413 4558 1568 4595 unam
1591 4585 1604 4608 ,
1633 4561 1788 4612 quam
1820 4546 2036 4598 audiant

453 4648 584 4688 oves
604 4673 617 4697 ,
646 4641 699 4686 ct
726 4639 1013 4701 sequantur
1040 4642 1303 4701 pastorem
1330 4649 1505 4698 suum,
1539 4643 1590 4687 et
1619 4650 1724 4687 non
1751 4636 1916 4698 illum,
1944 4617 2035 4690 aut

457 4725 634 4786 illum,
664 4722 756 4779 sed
788 4737 946 4777 unum
977 4739 990 4776 :
1030 4733 1082 4776 et
1110 4738 1295 4776 omnes
1324 4723 1372 4776 in
1406 4723 1494 4777 illo
1534 4739 1689 4778 unam
1738 4740 1918 4780 vocem
1950 4726 2034 4780 di-

455 4819 601 4880 cant,
631 4815 867 4872 diversas
885 4831 1043 4870 voces
1067 4831 1169 4869 non
1193 4815 1438 4870 habeant.
1465 4814 1680 4869 Obsecro
1704 4832 1808 4883 vos,
1829 4817 2032 4886 fratres,

456 4919 512 4961 ut
539 4906 759 4978 idipsmn
785 4907 963 4960 dicatis
989 4922 1178 4972 omnes,
1206 4917 1378 4978 etnon
1409 4908 1507 4960 sint
1534 4907 1586 4960 in
1613 4907 1744 4961 vobis
1769 4909 2038 4961 schismata

458 4999 501 5066 (I
531 4977 648 5054 Cor.
682 5015 712 5052 ς
731 5041 745 5063 ,
773 4998 881 5067 10).
905 4997 1051 5052 lianc
1094 4977 1278 5052 vocem
1307 4998 1588 5068 eliquatam
1616 4998 1682 5052 ab
1724 4999 1866 5052 omni
1895 4998 2041 5052 schi-

455 5101 660 5156 amate,
710 5099 984 5160 purgatam
1023 5089 1092 5143 ab
1126 5089 1271 5145 omni
1309 5091 1528 5157 haeresi,
1557 5091 1772 5146 audiant
1798 5106 1954 5158 oves,
1987 5101 2041 5146 et

528 5223 542 5254 ί
573 5231 670 5288 ᾼιιι.
697 5237 749 5272 ει
771 5221 937 5288 piures
960 5231 1086 5283 διὰ,
1109 5221 1219 5274 ideo
1239 5236 1368 5288 ergo.

519 5289 540 5315 ¹
562 5286 649 5334 sic.
675 5283 782 5348 Mss.
805 5284 921 5348 aditi
944 5297 1078 5341 vero,
1103 5283 1462 5348 cmnntetidavit.
1487 5283 1629 5335 Paulo
1659 5295 1765 5348 post
1779 5286 2039 5336 Corbelen-

454 5345 524 5397 eis
544 5351 647 5405 us...
669 5350 716 5395 et
735 5343 806 5393 sic
827 5343 872 5393 ei
891 5356 999 5394 oves
1015 5346 1365 5405 commendare.

522 5409 542 5439 ³
572 5413 644 5456 Er.
673 5405 808 5454 L‘hm.
835 5412 885 5469 et
909 5411 1014 5469 Lov.
1036 5419 1048 5454 :
1069 5404 1328 5469 conﬁrmat
1357 5406 1631 5469 trinitatem.
1657 5410 1730 5459 Sic
1753 5410 1900 5459 etiam
1932 5417 2036 5460 Mss.

457 5475 668 5531 excepto
687 5467 982 5531 Corbeiensi,
1003 5469 1085 5531 qui
1107 5467 1214 5517 eum
1236 5477 1336 5516 Am.
1363 5468 1532 5531 habet,
1559 5469 1854 5520 charitatem.

521 5529 542 5560 ι
562 5527 633 5591 ti'r.
658 5542 767 5579 cum
801 5527 982 5591 aliquot
1015 5527 1118 5578 titss.
1145 5537 1324 5591 etcum
1345 5528 1479 5579 Floro
1499 5531 1556 5579 ad
1590 5538 1603 5579 t
1636 5538 1739 5579 Cor.
1775 5547 1788 5579 ι
1814 5545 1826 5580 :
1855 5539 1952 5580 Hoc
1973 5538 2042 5582 est

456 5588 696 5654 Christum
720 5588 936 5652 pascere,
962 5589 1048 5654 hoc
1062 5597 1138 5654 est
1157 5589 1345 5642 Christo
1365 5605 1577 5654 pascere.
1603 5593 1694 5642 sed
1717 5594 1764 5641 in
1786 5593 1888 5642 istis
1910 5591 2044 5642 libris

457 5649 729 5717 omittitur,
750 5658 796 5717 et
827 5649 936 5717 cum
962 5649 1143 5717 "arista
1164 5649 1390 5717 pascere;
1414 5662 1734 5716 r-ra'terquam
1767 5654 1892 5716 quod
1917 5655 2041 5716 apud

458 5715 532 5781 fr.
555 5711 701 5759 deest
723 5713 884 5781 etiam,
897 5712 984 5781 hoc
1005 5719 1072 5762 est
1089 5712 1136 5762 in
1154 5711 1340 5766 thristo
1361 5711 1572 5779 pascere.
1590 5711 1671 5766 ttic
1695 5717 1741 5765 in
1761 5711 2040 5766 obrbeiéusi

458 5777 540 5822 Its.
566 5784 660 5821 non
682 5773 934 5834 repetitur,
957 5771 1042 5823 hoc
1060 5780 1144 5824 est.

1659 340 1714 393 S.
1751 330 2114 391 AL‘GUSTINI
2148 331 2449 387 El‘lSCOPl

2119 453 2407 512 sequantur
2455 453 2718 514 pastorem
2757 458 2920 499 suum
2949 442 3246 510 dicentem,
3281 440 3410 508 Qui:
3436 451 3550 498 sunt
3589 459 3711 499 om

2119 550 2244 589 mea
2261 578 2275 601 ,
2307 551 2476 589 vocem
2503 553 2674 591 meam
2691 536 2921 603 audiunt,
2950 546 3006 590 et-
3023 545 3298 606 sequuntur
3321 551 3418 590 me.

2191 627 2278 682 5t.
2322 626 2604 683 Donatista:
2642 615 2928 683 Catholica:
2975 645 3007 682 a
3043 646 3136 683 sua
3177 629 3523 683 communione
3539 632 3712 700 repet-

2121 713 2251 770 tunt.
2296 717 2428 772 Nam
2487 719 2566 772 vis
2614 734 2790 784 nosse,
2839 719 3126 784 basretice,
3157 735 3314 790 quam
3354 736 3458 775 non
3506 721 3711 780 habeas

2120 824 2303 864 vocem
2327 809 2574 878 pastoris,
2595 819 2647 864 et
2665 811 2959 880 periculose
2983 821 3034 867 te
3054 821 3343 882 sequantur
3358 826 3483 868 oves
3507 821 3711 869 tectum

2123 899 2432 955 indumento
2469 902 2682 970 ovium,
2715 911 2769 956 ct
2811 903 2952 957 intus
2990 903 3170 974 lupum
3211 918 3454 974 rapacem
3493 904 3711 974 (lauit.

2125 1005 2228 1056 vu,
2260 990 2346 1063 15)
2371 991 2394 1044 ?
2421 991 2651 1048 Audiant
2690 1009 2871 1048 vocem
2900 1003 3041 1048 tuam
3065 1037 3079 1060 ,
3122 995 3395 1052 videamus
3418 1013 3484 1052 an
3509 997 3713 1054 Christi

2123 1082 2211 1136 sit.
2245 1084 2531 1139 Ecclesium
2562 1087 2748 1155 quaerit
2776 1086 2994 1150 inﬁrma
3009 1087 3129 1142 ovis
3167 1102 3195 1141 a
3223 1103 3384 1160 grege
3413 1090 3668 1146 abemus
3691 1131 3712 1156 ,

2126 1174 2369 1229 nesciens
2398 1174 2486 1229 ubi
2529 1176 2598 1230 sit
2633 1192 2800 1246 grex;
2847 1177 3036 1246 quaerit
3064 1193 3170 1247 quo
3207 1194 3268 1232 se
3295 1188 3559 1250 aggreget,
3602 1175 3716 1250 quo

2131 1265 2309 1321 intret.
2340 1266 2450 1320 Ede
2475 1282 2658 1322 vocem
2685 1286 2696 1321 :
2729 1267 3037 1331 audiamus,
3069 1284 3137 1323 an
3162 1268 3357 1324 Christi
3389 1271 3491 1336 sit;
3523 1271 3683 1326 audia
3705 1299 3720 1310 -

2127 1371 2266 1418 mus,
2302 1367 2477 1411 utrum
2507 1359 2626 1429 agni
2669 1359 2772 1426 sit,
2804 1374 2870 1413 an
2901 1359 3153 1429 perdicis.
3197 1360 3323 1414 Ovis
3367 1359 3459 1415 Dei
3492 1376 3715 1431 gregem

2128 1461 2280 1501 suum
2307 1448 2494 1519 quierit
2517 1458 2684 1518 :‘puta
2710 1464 2863 1505 ovem
2889 1450 2954 1505 de
2976 1449 3195 1506 Oriente
3227 1451 3438 1507 venisse
3465 1452 3516 1505 in
3564 1452 3721 1509 Afri-
3787 1449 3794 1455 ’

2127 1553 2267 1602 cam,
2291 1539 2481 1608 quierit
2499 1553 2716 1609 gregem
2738 1555 2914 1607 suum,
2939 1541 3161 1596 incurrit
3184 1542 3236 1596 in
3259 1551 3332 1608 te,
3361 1543 3411 1596 in
3439 1542 3717 1598 basilicam

2130 1639 2272 1684 tuam
2303 1632 2500 1686 intrare
2539 1632 2684 1698 vult;
2718 1634 3070 1688 commoveris
3099 1635 3272 1705 ignota
3303 1633 3436 1690 facie
3457 1678 3470 1701 ,
3502 1635 3586 1690 vel
3616 1644 3671 1688 tu
3695 1676 3714 1702 ,

2131 1723 2215 1778 vel
2243 1723 2483 1778 minister
2510 1734 2628 1778 tuus
2647 1766 2660 1788 ,
2691 1735 2836 1780 stans
2863 1725 2945 1779 vel
2974 1725 3166 1780 sedens
3193 1725 3258 1780 ad
3287 1726 3479 1780 ostium
3497 1768 3511 1790 ,
3543 1727 3719 1781 inter-

2125 1820 2280 1882 rogat
2305 1827 2459 1868 ovem
2507 1823 2832 1883 quaerentem
2870 1830 3082 1884 gregem
3125 1830 3279 1870 suum
3301 1857 3316 1880 ,
3351 1815 3455 1869 imo
3498 1830 3719 1886 gregem

2133 1903 2226 1957 Dei
2251 1921 2263 1956 :
2295 1918 2415 1958 cum
2441 1919 2602 1975 grege
2624 1919 2721 1959 suo
2747 1905 2942 1960 intrare
2970 1905 3100 1970 vult,
3130 1905 3215 1959 ubi
3241 1921 3361 1961 eum
3384 1921 3502 1961 esse
3525 1916 3669 1976 putat
3701 1926 3716 1961 :

2130 1995 2359 2064 quzeris,
2409 1995 2650 2065 Paganus
2695 2011 2788 2060 es,
2837 2011 2903 2050 an
2955 1995 3340 2051 Christianus?
3378 1997 3720 2068 ReSpOndet,

2130 2084 2465 2141 Christianus
2489 2103 2501 2138 :
2531 2087 2646 2141 ovis
2670 2095 2752 2141 est
2779 2089 2921 2141 enim
2949 2086 3062 2140 Dei.
3086 2085 3291 2154 Quart-is
3311 2103 3378 2142 ne
3405 2087 3537 2142 forte
3563 2098 3724 2144 cate-

2132 2174 2424 2230 cbnmenus
2479 2176 2584 2240 sit,
2630 2185 2683 2230 et
2730 2176 2894 2229 irruat
2941 2175 3336 2232 Sacramentis:
3388 2178 3718 2247 respondet,

2134 2265 2350 2320 Fidelis.
2390 2265 2596 2332 Qumris
2625 2267 2776 2336 cujus
2812 2268 3198 2324 eoimnunionis
3234 2269 3341 2322 sit:
3388 2271 3673 2341 respondet
3703 2316 3720 2335 ,

2134 2357 2455 2412 Caatliolicus.
2491 2357 2847 2413 Christianum
2869 2402 2883 2425 ,
2917 2359 3147 2423 ﬁdelem,
3181 2360 3494 2414 catholicum
3527 2377 3723 2431 reproo

2133 2447 2230 2502 bas
2254 2467 2266 2503 :
2295 2449 2383 2519 qui
2411 2460 2530 2502 sunt
2555 2464 2687 2519 quos
2718 2451 2856 2503 intus
2887 2449 3078 2504 tenes?
3105 2450 3177 2506 Iri
3206 2466 3332 2506 vero
3365 2453 3562 2521 projice
3581 2495 3596 2517 ,
3629 2469 3688 2508 re
3714 2484 3727 2494 -

2134 2540 2318 2610 proba.
2345 2541 2383 2593 A
2412 2549 2462 2594 te
2487 2539 2820 2609 reprobatus,
2850 2555 2877 2593 a
2903 2539 3116 2595 Christo
3138 2541 3406 2611 probatur.
3432 2542 3643 2598 Utinam
3665 2553 3727 2599 et

2136 2630 2208 2684 illi
2250 2632 2336 2699 qui
2382 2640 2506 2684 sunt
2546 2631 2683 2701 apud
2729 2642 2818 2698 te,
2867 2629 3154 2702 agnoscant
3203 2641 3274 2697 te,
3322 2633 3456 2688 etin
3498 2633 3726 2688 dimidio

2135 2721 2338 2776 dierum
2363 2731 2571 2776 tuorum
2599 2721 2970 2791 derelinquant
2996 2731 3064 2777 te.
3089 2723 3309 2790 Quidam
3334 2723 3521 2778 fratres
3551 2726 3724 2778 nostri

2135 2812 2386 2867 hesterno
2407 2813 2494 2868 die
2520 2814 2693 2868 ierunt
2713 2815 2777 2868 ad
2802 2815 3071 2869 basilicam
3099 2829 3315 2869 eorum:
3345 2817 3442 2871 etsi
3464 2815 3527 2868 ad
3551 2816 3726 2868 malos

2134 2904 2343 2965 fratres,
2370 2914 2543 2960 tamen
2568 2906 2634 2960 ad
2661 2905 2869 2961 fratres.
2903 2906 3195 2972 Atlendite,
3224 2908 3412 2962 fratres
3436 2908 3560 2972 mei,
3589 2908 3724 2977 quid

2135 2998 2344 3053 intersit
2377 3001 2513 3054 inter
2539 2999 2780 3054 ﬁduciam
2809 3001 3073 3063 veritatis,
3103 3010 3155 3054 et
3183 3000 3422 3055 timorem
3451 2999 3723 3055 falsitatis.

2135 3090 2356 3156 Quando
2386 3093 2590 3160 aliquos
2615 3107 2798 3147 eorum
2829 3093 2882 3147 in
2912 3093 3011 3146 hoc
3035 3093 3227 3162 populo
3256 3093 3560 3163 agnoscitis,
3588 3109 3729 3162 quo.

2137 3181 2295 3236 modo
2319 3181 2602 3252 gaudetis?
2627 3181 2757 3250 Quia
2783 3184 2833 3236 in
2858 3183 3006 3237 vobis
3030 3183 3116 3238 ille
3143 3193 3222 3238 est
3247 3184 3334 3252 qui
3363 3184 3549 3254 quierit
3577 3184 3726 3253 quod

2137 3272 2367 3341 perierat
2417 3273 2454 3323 '.
2504 3273 2815 3342 Suggeritur
2859 3273 3145 3343 aliquando
3193 3273 3380 3337 vobis,
3434 3273 3624 3327 Au'lict
3667 3283 3726 3328 et

2137 3360 2390 3416 discedet.
2423 3362 2484 3416 Et
2513 3378 2625 3426 vos,
2655 3364 2843 3417 Audiat
2874 3374 2926 3417 et
2953 3364 3210 3419 discedat.
3241 3365 3431 3418 Audiet
3455 3375 3506 3418 et
3534 3365 3728 3419 irride-

2136 3451 2230 3506 bit.
2263 3453 2451 3506 Audiat
2497 3461 2550 3506 et
2589 3453 2820 3507 irrideat.
2872 3453 3166 3522 Aliquando
3212 3455 3398 3523 sapiet,
3439 3455 3728 3524 aliquando

2136 3551 2455 3611 cognoscet:
2484 3542 2766 3612 aliquando
2789 3543 3100 3613 relinquitur
3119 3560 3146 3596 a
3171 3544 3366 3614 pOpnlo
3387 3559 3484 3598 suo
3509 3561 3522 3609 ;
3548 3561 3728 3598 rema-

2139 3643 2228 3685 net
2251 3648 2369 3686 cum
2391 3635 2552 3686 corde
2577 3647 2672 3687 suo
2700 3635 2740 3695 ',
2768 3635 3028 3686 renuntiat
3055 3635 3222 3688 errori
3252 3648 3367 3698 suo,
3393 3634 3588 3704 gratias
3615 3635 3727 3704 agit

2140 3721 2249 3775 Deo
2270 3739 2384 3774 suo.
2415 3722 2493 3776 Illi
2528 3733 2703 3776 autem
2721 3724 2843 3792 quid
2861 3724 2884 3776 ?
2905 3725 3001 3788 Qui
3022 3724 3190 3778 estis?
3212 3724 3492 3778 Christiani
3515 3740 3723 3779 sumus.

2137 3811 2251 3866 Non
2271 3855 2284 3879 ,
2318 3811 2410 3866 sed
2440 3813 2822 3882 exploratores.
2859 3813 2924 3866 Et
2953 3813 3028 3867 illi
3055 3857 3069 3880 ,
3098 3814 3350 3868 Catholici
3380 3828 3575 3867 sumus.
3615 3815 3726 3868 Co-

2139 3905 2246 3958 nati
2287 3913 2410 3958 sunt
2461 3904 2709 3974 injuriare
2743 3924 2754 3958 :
2805 3905 3026 3959 meliore
3061 3906 3282 3960 consilio
3317 3906 3561 3976 pmuituit
3605 3921 3724 3961 eos.

2139 3995 2310 4064 Atque
2339 3991 2538 4048 utinam
2570 3997 2644 4048 sic
2670 3998 2917 4064 pmuiteat
2946 4005 2999 4050 et
3029 3995 3098 4050 ibi
3129 4011 3423 4061 remanere,
3455 3997 3729 4065 quomodo

2139 4085 2385 4154 pmnituit
2409 4100 2502 4139 eos
2530 4086 2615 4152 qui
2645 4085 2867 4154 ingressi
2895 4093 3016 4138 sunt
3046 4085 3315 4153 injuriarc.
3356 4085 3556 4139 Tamen
3587 4100 3727 4154 quos

2140 4175 2515 4244 projeccrunt?
2553 4173 2917 4240 Christianos,
2969 4176 3180 4240 ﬁdeles,
3227 4175 3534 4230 catholicos.
3575 4176 3726 4241 Quos

2140 4265 2424 4326 tenuerint,
2451 4265 2570 4318 nolo
2595 4265 2794 4320 dicere.
2827 4265 2972 4333 Quas
2999 4265 3336 4335 projeccriut,
3371 4265 3523 4319 video
3547 4283 3558 4316 :
3587 4283 3728 4335 quos

2141 4356 2428 4420 tenuerint,
2457 4356 2553 4424 ipsi
2581 4355 2776 4408 tlieant.

2211 4446 2300 4501 3‘2.
2356 4447 2728 4502 Donatistarum
2798 4435 2895 4502 rex
2953 4465 3051 4501 non
3096 4463 3191 4501 eoa:
3238 4448 3470 4515 pastoris.
3538 4448 3728 4502 Dicant

2141 4555 2266 4609 ergo
2307 4557 2490 4595 vocem
2531 4557 2712 4595 suam:
2746 4541 3014 4596 videmnus
3043 4557 3108 4594 an
3139 4541 3332 4595 Christi
3365 4541 3431 4593 sit
3475 4557 3576 4595 vox
3597 4584 3610 4604 ,
3656 4557 3725 4594 an

2141 4632 2365 4700 pasmris
2396 4633 2463 4687 sit
2498 4649 2620 4698 vov,
2653 4649 2807 4702 quam
2842 4644 3132 4703 sequantur
3174 4650 3318 4688 oves.
3353 4635 3474 4689 Sive
3504 4651 3598 4705 per
3626 4635 3726 4688 bo.

2143 4737 2266 4774 num
2295 4722 2360 4788 sit
2397 4739 2494 4774 vox
2528 4727 2655 4785 ista,
2686 4725 2796 4778 sive
2826 4739 2921 4792 per
2959 4725 3154 4778 malum
3197 4725 3462 4778 hominem
3484 4766 3499 4790 ,
3546 4734 3728 4779 utrum

2142 4813 2370 4884 pastoris
2395 4815 2462 4868 sit
2486 4830 2607 4880 vox,
2639 4817 2992 4870 attendamus.

2211 4902 2434 4958 CAPUT
2462 4902 2596 4957 XIV.
2619 4934 2690 4942 —
2708 4903 2906 4969 annrit
2933 4905 3174 4959 inﬁrmus
3198 4904 3509 4969 Ecclesiam,
3534 4905 3729 4973 quaerit

2142 5009 2328 5048 errans
2369 4995 2674 5049 Ecclesiam.
2723 4995 2800 5048 Tn
2833 4995 2956 5064 quid
3000 4995 3174 5050 dicis?
3219 4996 3388 5049 Partis
3428 4996 3613 5050 Donati
3643 5005 3731 5050 est

2146 5085 2405 5140 Ecclesia.
2438 5085 2548 5155 Ego
2572 5100 2752 5141 vocem
2784 5086 3010 5155 pastoris
3039 5085 3266 5155 inquiro.
3298 5086 3434 5156 Lege
3465 5085 3566 5141 hoc
3595 5085 3727 5141 mihi

2143 5176 2210 5232 de
2252 5177 2548 5247 Propheta,
2595 5179 2709 5248 lege
2747 5178 2874 5231 mihi
2899 5178 2964 5232 de
3002 5179 3228 5243 Psahno,
3277 5178 3439 5233 recita
3483 5177 3612 5232 mihi
3659 5177 3731 5232 de

2145 5269 2305 5339 Lege,
2327 5270 2489 5324 recita
2507 5269 2573 5325 de
2594 5270 2893 5340 Evangelio,
2909 5270 3070 5323 recita
3095 5269 3162 5324 de
3183 5268 3454 5338 Apostolu.
3476 5268 3603 5321 lude
3627 5283 3729 5337 ego

2145 5360 2310 5416 recito
2340 5361 2629 5416 Ecclesiam
2659 5369 2768 5416 toto
2796 5361 2924 5416 orbe
2950 5360 3215 5423 diffusam,
3246 5370 3295 5414 et
3328 5360 3610 5414 Dominum
3639 5357 3728 5412 di-

2145 5460 2352 5506 centem
2370 5493 2384 5516 ,
2417 5451 2544 5518 Qua
2569 5461 2684 5505 sunt
2712 5467 2824 5506 oves
2852 5467 2992 5514 mete,
3022 5467 3186 5505 vocem
3218 5467 3376 5504 meam
3402 5450 3617 5502 audiunt
3635 5489 3652 5515 ,
3681 5458 3728 5502 et

2146 5550 2417 5610 sequuntur
2451 5557 2546 5594 me.
2577 5539 2706 5608 Qua:
2729 5548 2811 5596 est
2847 5555 2946 5594 vox
2974 5541 3201 5610 pastoris
3219 5541 3244 5593 ?
3286 5538 3351 5593 Et
3382 5539 3651 5608 ρτωάὶσπνὶ
3676 5543 3733 5592 in

2211 5654 2227 5718 ξ
2253 5651 2388 5718 vlim.
2415 5661 2467 5704 et
2487 5659 2620 5718 tam:
2651 5654 2890 5715 Quomodo
2908 5653 3152 5718 ςαιιᾴᾳὺ,
3178 5652 3296 5718 quia,
3317 5651 3367 5702 in
3402 5651 3532 5704 vobis
3554 5651 3637 5705 itte
3659 5660 3731 5703 at

2146 5713 2227 5777 qni
2261 5713 2514 5777 perierat?
2534 5713 2821 5766 Dissentiunt
2857 5713 3021 5765 (ai-teri
3055 5715 3160 5765 libri
3185 5713 3300 5767 editi
3327 5723 3376 5765 et
3401 5721 3504 5764 Mss.

2213 5777 2232 5808 ⁸
2255 5786 2353 5827 am.
2375 5785 2426 5828 et
2449 5776 2634 5842 Aliquot
2655 5785 2780 5843 διεδ..
2802 5777 2850 5830 in
2871 5778 3014 5830 corde
3027 5788 3131 5829 sua.
