1969 3093
116 203 216 230 nomine
226 202 281 237 eius
293 202 465 236 penitentiam
478 207 500 229 cl
513 203 680 231 rcmiss‘oncm
694 212 849 239 peccatorum
863 216 906 241 per

113 256 201 275 onum
208 253 301 282 gentes,
312 247 489 281 incipientibus
496 248 526 274 ab
532 248 671 275 Jerusalem
683 249 755 285 (Luc.
767 259 838 282 μιν,
848 253 904 286 47).

115 293 186 320 Ecce
199 300 248 319 vox
260 293 390 327 pastoris;
405 300 518 328 agnosce
532 298 558 320 et
569 301 694 328 sequere,
707 296 727 321 si
743 296 799 322 ovis
814 305 850 323 es.

151 339 196 365 35.
217 337 271 364 Nec
293 345 341 364 vox
365 338 473 372 pastoris
493 343 527 364 cst
548 339 614 373 quod
636 339 673 366 illi
697 341 726 366 de
747 342 906 368 lruditoribus

114 384 202 410 dicunt
211 391 222 415 ;
234 392 315 418 neque
328 384 396 418 quod
421 383 558 410 Ecclesium
578 385 663 411 dicunt
692 387 836 420 periturum.
854 388 904 414 Sed

115 429 153 456 illi
167 429 274 456 codices
290 428 466 461 tradiderunt,
482 434 507 455 et
523 429 559 455 illi
574 430 634 456 thus
652 431 728 457 idolis
740 438 903 466 posuerunt,

115 474 161 509 ille
171 478 198 500 ct
209 474 263 500 ille.
275 473 344 506 Quid
356 473 388 500 ad
401 481 443 500 me
456 473 488 500 de
501 473 545 500 illo
558 478 584 500 et
598 475 659 501 illo?
670 476 695 501 Si
711 476 838 509 l'ccrruut,
854 486 905 503 non

115 505 176 545 alunt
190 522 331 552 pastores:
360 523 385 544 tu
407 526 496 545 vocem
517 520 629 552 pastoris
652 520 763 553 cdieito;
780 522 839 555 quia
858 530 905 549 nec

114 563 148 590 dc
164 563 214 590 illis
228 571 322 590 vocem
343 564 456 597 pastoris
478 565 629 591 annuntias.
651 565 690 591 Tu
712 574 831 599 accusas,
853 575 904 593 non

116 609 307 644 Evangelium;
323 613 349 636 tu
365 616 487 641 accusas,
505 617 555 636 non
568 610 709 644 Propheta,
727 619 777 638 non
793 613 907 646 Aposto-

113 656 172 682 lus:
188 655 222 683 de
235 663 289 690 quo
301 654 364 681 mihi
378 662 427 681 vox
442 654 489 681 ista
501 655 626 688 loquitur,
640 655 673 682 de
686 656 730 682 illo
741 657 835 688 credo;
848 657 905 683 aliis

114 708 166 727 non
178 700 270 727 credo.
286 699 339 727 Sed
354 700 418 727 Acta
435 699 535 735 profers
549 709 555 726 2
575 701 639 727 Acta
657 701 772 735 protero.
792 702 903 729 Credam

114 747 164 773 tuis
178 757 185 773 :
200 746 281 773 crede
294 751 320 773 et
336 751 362 772 tu
379 746 455 773 meis.
471 745 526 772 Non
543 746 622 773 credo
637 747 686 773 tuis
700 756 705 772 :
730 747 782 773 noli
796 748 906 775 credere

114 793 189 819 meis.
209 791 372 819 Auferantur
393 791 491 818 charta:
509 791 640 823 humanm,
659 796 755 818 sonent
773 800 850 819 voces
863 793 903 819 di-

113 840 191 865 vinae.
207 838 264 865 Ede
277 838 340 864 mihi
354 845 431 864 unam
443 837 585 871 Scriptura:
597 845 687 864 vocem
705 847 751 871 pro
767 843 839 872 parte
852 838 904 864 Do-

113 884 184 910 nati:
198 883 263 910 audi
274 882 488 914 innumerabiles,
502 890 548 916 pro
560 882 624 909 orbe
635 887 774 908 terrarum.
786 883 849 915 Quis
860 891 904 909 eas

112 930 272 955 enumerat?
287 927 351 961 Quis
365 934 410 954 eas
424 926 565 953 terminat?
581 926 679 953 Tamen
693 931 718 953 ut
733 934 812 960 pauca
832 935 904 953 eom-

113 981 305 1005 tuemorcntus,
320 972 417 1006 Legem
431 971 546 1003 attende,
564 971 676 1005 primum
694 971 738 997 Dei
751 971 904 997 Testamen-

113 1024 186 1045 tum:
212 1017 246 1044 In
260 1018 354 1044 semine
377 1021 418 1042 tuo
439 1016 612 1043 benedicentur
627 1024 710 1042 omnes
730 1021 812 1050 gentes
827 1015 901 1049 (Gen.

111 1070 181 1094 mi,
202 1062 255 1097 IS).
279 1061 312 1088 Et
325 1062 352 1088 in
373 1061 491 1092 Psalmo,
513 1060 613 1087 Postulu
635 1069 649 1086 η
674 1069 726 1088 me.
742 1066 763 1086 et
778 1061 841 1086 dabo
861 1062 904 1086 tibi

112 1113 194 1137 qent.s
209 1107 382 1133 Irwrcditalem
394 1111 462 1132 luam
475 1110 498 1132 et
512 1105 691 1139 possessionem
705 1111 771 1131 luam
786 1105 903 1131 terminos

111 1137 183 1178 iam:
198 1152 284 1184 (Psul.
299 1160 332 1182 II,
350 1151 387 1186 8).
407 1150 670 1177 Commemorabunlur
689 1155 711 1176 ct
733 1155 904 1176 convertentur

111 1198 143 1223 ad
157 1197 296 1223 Dominum
310 1197 417 1223 universi
430 1196 494 1230 ﬁnes
507 1200 594 1225 terra);
608 1200 630 1221 et
644 1195 782 1221 odorabunt
796 1196 821 1221 in
842 1204 901 1220 con-

111 1249 193 1277 spectu
208 1244 263 1276 ejus
288 1242 409 1268 universw
428 1241 514 1274 patria:
535 1241 665 1275 gentium:
684 1240 802 1274 quoniam
825 1241 903 1275 ipsius

111 1295 144 1315 est
165 1296 289 1322 "gnum,
313 1292 336 1313 ct
351 1287 403 1321 ipse
422 1287 589 1312 dominabitur
602 1286 713 1321 gentium
739 1285 821 1320 (Psal.
836 1294 879 1311 xxt
895 1306 900 1316 ,

110 1334 153 1366 98,
167 1333 224 1369 39).
240 1332 347 1361 Caritate
360 1332 468 1359 Domino
480 1333 602 1358 canticum
616 1341 721 1363 nouum;
737 1337 836 1358 cantate
850 1331 902 1357 Do-

111 1381 193 1412 mino,
211 1380 295 1406 omnis
311 1384 376 1405 terra
396 1377 480 1413 (Psal.
504 1386 565 1411 xcv,
581 1378 617 1412 l).
641 1378 674 1404 Et
694 1377 832 1403 adorabunt
848 1385 902 1403 cttnt

110 1434 194 1452 omnes
218 1434 291 1460 rcges
316 1429 405 1457 terrm,
430 1432 513 1451 omnes
533 1428 617 1460 gentes
639 1424 741 1463 servient
767 1424 804 1450 illi
817 1423 900 1458 (Psul.

111 1478 187 1502 uxr,
215 1469 270 1506 ll).
288 1470 351 1504 Quis
371 1477 527 1496 enumerare
552 1468 684 1496 sufﬁciat?
706 1469 791 1503 Prope
815 1469 902 1494 omnis

110 1516 205 1551 pagina
221 1515 288 1542 nihil
302 1514 370 1541 aliud
381 1519 458 1541 sonat
472 1522 550 1550 quam
564 1513 707 1546 Christum,
720 1519 746 1540 ct
758 1513 901 1540 Ecclesium

110 1565 166 1587 toto
180 1559 247 1587 orbo
259 1559 394 1586 dill'usam.
407 1558 491 1586 Exeat
505 1558 567 1584 mihi
582 1566 631 1585 una
646 1566 695 1585 vox
709 1562 840 1592 proparte
853 1558 902 1583 Do-

110 1606 172 1634 nati.
189 1606 260 1640 Quid
280 1613 402 1640 magnum
424 1610 462 1631 est
479 1605 548 1639 quod
562 1605 670 1639 qmrro?
687 1604 830 1631 Ecelcsiam
848 1609 901 1630 toto

109 1652 173 1679 orbe
197 1651 340 1683 dill'usam,
366 1650 506 1685 perituram
530 1649 609 1676 fuisse
627 1650 634 1664 ι
661 1649 760 1675 dicunt.
784 1649 901 1675 Pcritura

111 1697 235 1730 prmdicta
251 1700 292 1723 est
310 1699 348 1722 ιυι
371 1696 526 1722 testimoniis
549 1695 689 1722 mansura?
709 1694 763 1721 Nec
786 1702 835 1720 una
852 1703 901 1721 vox

111 1743 154 1768 ista
169 1749 219 1776 per
229 1740 344 1775 Legem,
361 1748 408 1774 per
428 1740 582 1774 Prophetas.
599 1748 645 1774 per
667 1740 772 1767 Cantica
789 1739 902 1773 pastoris

109 1790 156 1813 est.
179 1785 275 1821 Neque
297 1785 368 1812 enim
390 1785 426 1811 illi
450 1792 540 1811 verum
565 1785 652 1812 (licere
673 1786 730 1811 sine
753 1785 841 1812 Verbo
855 1785 901 1812 Dei

110 1835 265 1866 potuerunt,
279 1830 348 1865 quod
363 1835 403 1857 est
418 1830 548 1856 Christus.

141 1877 188 1906 ω.
217 1877 272 1903 V0.1.
286 1876 394 1911 pastoris
417 1881 439 1902 ct
463 1876 515 1910 ejus
540 1884 600 1910 grex
623 1884 671 1902 non
684 1876 752 1902 latet.
777 1876 843 1903 Audi
858 1885 902 1904 γο-

109 1930 165 1950 cem
182 1921 283 1954 Verbi,
296 1926 322 1948 et
335 1929 366 1948 ex
380 1928 427 1948 ore
444 1921 531 1948 Verbi.
546 1921 654 1948 Miratus
668 1921 747 1949 tidem
760 1922 900 1949 Centurio-

110 1970 148 1995 nis
161 1978 169 1995 :
184 1968 277 2000 Amen,
290 1967 373 2002 inquit
383 1988 390 1999 ,
406 1967 462 1993 dico
474 1967 550 2000 wbis,
563 1975 613 1993 non
626 1968 707 1994 inveni
719 1973 813 1994 tantam
825 1969 900 2003 ﬁdem

109 2014 132 2041 in
145 2014 243 2041 Israel.
255 2012 396 2047 Propterea
408 2013 463 2039 a'ico
474 2012 550 2044 robis,
567 2011 625 2046 quia
640 2013 711 2039 multi
723 2013 754 2039 ab
766 2012 868 2040 Oriente
879 2019 901 2041 et

110 2059 248 2086 Occidente
262 2058 367 2088 varient,
385 2061 407 2084 et
420 2057 561 2083 recumbcnt
576 2065 632 2083 cum
648 2058 774 2083 Abraham
789 2062 811 2083 et
826 2057 901 2085 Isaac

109 2110 130 2130 et
146 2103 231 2131 Jacob
252 2104 279 2130 in
298 2111 375 2137 regno
392 2102 510 2128 calorum
531 2101 634 2136 (Matth.
650 2110 694 2128 VIII
706 2122 712 2133 ,
731 2102 779 2134 10,
796 2102 850 2138 ll).
864 2104 900 2129 Ab

110 2150 213 2177 Oriente
224 2154 249 2176 et
263 2147 398 2175 Occidente
410 2148 481 2174 multi
495 2148 588 2174 venient
600 2155 609 2174 :
625 2155 686 2174 ecce
698 2147 814 2175 Ecclesia
826 2149 900 2175 Chri-

109 2195 139 2221 sti
149 2216 158 2226 ,
173 2201 242 2222 ecce
252 2200 318 2228 grex
332 2191 447 2223 Christi;
469 2196 494 2218 tu
509 2191 577 2223 vide,
597 2191 618 2217 si
632 2192 688 2218 ovis
700 2199 729 2218 es
753 2192 810 2219 Non
831 2193 900 2220 enim

110 2244 134 2266 te
146 2239 213 2266 latet
222 2245 289 2273 grex
299 2237 343 2272 qui
358 2236 452 2271 ubique
464 2240 512 2262 est.
525 2236 581 2262 Non
595 2236 702 2263 habebis
716 2237 777 2271 quid
791 2245 901 2272 respon—

109 2284 172 2312 deas
185 2283 269 2319 judici
285 2288 330 2310 tuo
342 2303 350 2314 ,
365 2290 442 2317 quem
456 2289 507 2308 non
522 2282 562 2308 vis
577 2289 636 2308 esse
656 2287 787 2316 pastorem
804 2287 874 2309 tuum
893 2292 898 2309 :

110 2337 162 2357 non
176 2327 289 2356 habebis
299 2348 307 2360 ,
330 2327 435 2362 inquam
445 2347 452 2358 ,
465 2326 535 2361 quod
554 2327 715 2360 respondeas
732 2327 813 2361 judici
838 2332 883 2354 tuo
893 2348 900 2359 ,

109 2373 215 2402 Νεπίνί
226 2394 234 2403 ,
249 2380 301 2399 non
313 2371 375 2405 vidi,
387 2379 439 2398 non
453 2371 550 2398 audivi.
565 2371 631 2404 Quid
643 2376 684 2399 est
695 2372 763 2406 quod
776 2373 901 2400 nescisti?

111 2419 167 2447 Nec
179 2418 271 2452 alqui
283 2426 309 2444 se
325 2417 460 2444 abscondat
473 2426 488 2443 a
500 2417 583 2444 calore
596 2418 650 2452 ejus
665 2417 750 2451 (Psal.
766 2426 828 2445 mn
839 2439 846 2450 ,
864 2419 900 2452 7).

109 2464 178 2499 Quid
191 2468 234 2491 est
247 2462 318 2498 quod
337 2470 389 2490 non
400 2462 507 2489 vidisti?
527 2462 646 2488 Viderunt
659 2471 743 2489 omnes
756 2463 818 2497 fines
831 2468 902 2490 terra:

110 2511 224 2537 ultime
237 2507 286 2535 Dei
296 2508 374 2535 nostri
390 2507 474 2543 (Psal.
488 2515 570 2540 xcvu,
586 2507 625 2543 5).
637 2507 705 2540 Quid
716 2513 756 2535 est
770 2508 838 2543 quod
851 2517 901 2536 non

110 2555 229 2584 audisti?
247 2554 282 2582 In
302 2562 400 2581 omnem
419 2559 511 2581 terram
525 2554 600 2581 nivit
620 2562 695 2581 sonus
716 2563 815 2587 eorum,
833 2559 855 2581 et
877 2557 903 2582 in

110 2602 173 2636 ﬁnes
187 2601 256 2628 orbis
267 2606 342 2628 teme
354 2600 427 2628 verba
440 2608 534 2626 eorum.
550 2599 636 2635 (Psal.
652 2608 715 2627 xvut
726 2621 733 2633 ,
749 2600 788 2635 5).

144 2647 193 2675 35.
211 2646 295 2674 Locus
303 2655 335 2674 ea:
348 2646 457 2673 Canticis
469 2646 621 2673 canticorum
634 2655 649 2672 ιι
659 2645 797 2673 Donatistis
808 2649 903 2682 [rustra

112 2694 236 2727 prolatus.
263 2691 368 2720 Cantica
399 2692 553 2719 canticorum
585 2692 730 2727 (enigmata.
757 2692 809 2720 Sed
832 2698 904 2721 recte

113 2746 126 2765 ι
139 2737 216 2765 vobis
225 2738 352 2772 quaeritur
362 2745 413 2764 vos
427 2737 537 2770 Christi,
549 2745 597 2764 vos
611 2738 733 2772 pastoris,
746 2746 825 2772 quam
841 2746 904 2767 ores

113 2783 221 2810 audiant
232 2787 260 2810 et
272 2787 429 2818 sequantur.
444 2781 501 2810 Non
519 2783 643 2810 invenitis
656 2783 718 2818 quid
735 2783 839 2811 dicatis.
856 2793 903 2811 vo—

148 2852 156 2866 ¹
164 2851 202 2876 sle
215 2854 267 2876 Am.
279 2854 305 2876 et
316 2854 370 2875 uss.
384 2853 411 2874 Αῑ
422 2852 458 2874 Fr.
470 2848 538 2874 vlim.
552 2853 578 2875 et
588 2852 657 2880 Lor...
665 2849 798 2882 perituram
812 2857 870 2877 esse.

806 149 937 192 suum
957 149 1044 180 xui.

960 215 1018 233 Ct'tn
1041 208 1154 242 pastoris
1173 216 1225 237 non
1238 210 1349 239 habetis.
1367 213 1471 248 Audite,
1486 219 1513 243 et
1525 216 1685 251 sequimini:
1706 219 1750 247 di-

960 252 1054 279 mittite
1066 260 1156 280 vocem
1167 254 1232 289 lupi,
1241 257 1381 291 sequimini
1391 266 1483 287 vocem
1494 261 1622 296 pastoris;
1632 268 1678 290 aut
1687 264 1751 293 date

960 303 1050 323 vocem
1067 298 1189 331 pastoris.

993 342 1106 369 CAPUT
1125 343 1182 370 XV.
1194 345 1353 379 ———Damus,
1371 348 1500 384 inquiunt.
1519 351 1675 381 Audiamus.
1696 354 1749 382 Da-

958 394 1017 414 mus
1036 392 1063 414 et
1081 396 1128 415 nos
1142 397 1234 417 vocem
1250 394 1372 425 pastoris.
1387 395 1540 424 Audiamus.
1562 398 1590 425 ln
1612 399 1747 434 Canticis,

958 432 1096 466 inquiunt,
1113 435 1275 462 canticorum
1295 437 1410 472 loquitur
1431 447 1527 474 sponsa
1546 443 1580 469 ad
1599 432 1747 478 sponsum,

959 477 1075 505 Ecclesia
1089 479 1120 505 ad
1141 479 1284 508 Christum.
1300 482 1426 511 Novimus
1446 485 1554 514 Cantica
1565 477 1727 516 canticorum
1739 509 1747 522 ,

957 528 1046 549 sancta
1055 524 1166 556 cantica,
1180 527 1306 553 amatoria
1318 528 1429 559 cantica.
1439 531 1522 557 sancti
1530 533 1639 565 amoris,
1648 539 1748 561 saneta:

956 566 1106 599 charitatis,
1121 574 1219 596 sanctae
1233 570 1389 599 dulcedinis.
1404 573 1484 602 Plane
1499 575 1559 603 volo
1581 577 1643 604 inde
1656 578 1749 606 audire

956 618 1049 638 vocem
1061 614 1184 646 pastoris,
1198 622 1288 642 vocem
1300 615 1444 645 dulcissimi
1460 621 1560 654 sponsi.
1571 621 1636 654 Ede,
1648 623 1671 650 si
1684 624 1747 657 quid

958 655 1056 684 habes:
1075 658 1223 686 audiamus.
1241 659 1341 694 Sponsa
1353 682 1359 693 ,
1376 662 1511 698 inquiunt,
1525 666 1589 693 dicit
1611 667 1643 694 ad
1664 655 1748 702 spon-

956 708 1033 727 suin:
1051 700 1177 729 Annuinia
1197 705 1270 737 milii,
1287 713 1360 739 quem
1386 707 1473 735 dilexit
1503 711 1587 737 animo
1610 700 1687 745 mea,
1705 714 1747 740 ubi

957 747 1047 780 pascis,
1056 747 1097 773 ubi
1112 749 1207 775 cubas?
1220 749 1253 776 Et
1264 750 1316 782 ille,
1331 751 1461 786 inquiunt,
1478 756 1638 789 respondet:
1652 758 1684 785 In
1695 768 1748 786 me-

955 790 1027 817 ridie.
1044 789 1180 819 Manifesta
1193 794 1236 820 tibi
1252 796 1401 823 testimonia
1417 798 1596 834 proferebant,
1614 810 1667 829 non
1689 808 1749 831 erat

956 836 1175 869 quemidinodum
1196 839 1273 866 aliter
1287 841 1518 877 interpretareris:
1535 845 1642 873 Postulo
1659 855 1675 873 a
1690 856 1746 878 me.

955 886 977 906 ct
990 881 1053 907 dabo
1073 882 1115 908 tibi
1137 889 1220 917 gentes
1234 884 1403 914 [nereditatem
1420 893 1489 915 tuam
1500 910 1507 922 ,
1530 895 1553 917 et
1568 893 1748 925 possessionem

956 930 1024 951 tuam
1039 927 1155 954 terminos
1168 932 1249 955 terra.
1263 929 1528 961 Continemorabuntur
1538 940 1561 961 et
1574 941 1748 967 convertentur

955 970 989 996 ad
1004 970 1139 997 Dominum
1155 973 1263 1000 uniuersi
1280 975 1343 1009 ﬁnes
1357 981 1439 1004 terrae.
1453 978 1520 1011 Quid
1536 984 1577 1006 est
1594 981 1664 1015 quod
1680 982 1747 1009 mihi

954 1015 988 1043 de
1001 1016 1116 1044 Canticis
1137 1018 1301 1046 canticorum
1318 1020 1440 1054 profers?
1455 1023 1529 1056 Quod
1546 1024 1612 1052 forte
1628 1033 1679 1053 non
1703 1027 1745 1053 in-

956 1061 1058 1095 telligis.
1082 1060 1186 1089 Etenim
1211 1063 1254 1091 illa
1266 1064 1374 1092 Cantica
1397 1067 1536 1102 mnigmata
1561 1075 1631 1102 sunt,
1656 1072 1747 1105 paucis

955 1106 1161 1140 intelligentibus
1175 1113 1235 1135 nota
1251 1114 1309 1136 sunt
1319 1130 1327 1143 ,
1341 1112 1433 1145 paucis
1446 1113 1611 1146 pulsantibus
1623 1116 1748 1150 aperiun-

955 1155 1006 1177 tur.
1026 1150 1098 1178 Teue
1114 1157 1138 1178 ct
1158 1152 1253 1181 devote
1273 1155 1363 1189 accipe
1383 1161 1473 1190 aperta
1489 1157 1513 1190 ',
1529 1162 1557 1185 ut
1583 1160 1677 1187 merito
1699 1161 1746 1187 tibi

954 1195 1102 1229 pandantur
1116 1196 1239 1224 obscura.
1257 1198 1396 1232 Quomodo
1417 1201 1470 1228 eris
1487 1207 1639 1236 penetrator
1652 1204 1747 1232 obscu—

955 1248 1054 1273 rorum,
1069 1247 1238 1277 contemptor
1250 1244 1471 1273 manifestorum?

989 1285 1033 1313 56.
1056 1286 1136 1313 Locus
1149 1295 1180 1314 ex
1195 1288 1302 1316 Canticis
1322 1291 1461 1318 contrarius
1475 1297 1509 1319 est
1528 1292 1677 1321 Donatistis.
1694 1294 1744 1323 Ec-

954 1338 984 1358 ce
1011 1335 1098 1358 tamen
1114 1337 1142 1359 ut
1168 1340 1309 1367 possumus
1320 1356 1327 1367 ,
1344 1335 1455 1369 fratres,
1471 1336 1528 1364 hmc
1557 1339 1636 1366 verba
1653 1339 1745 1367 discu-

957 1376 1053 1403 tiamus
1066 1385 1072 1402 :
1085 1377 1169 1405 aderit
1186 1378 1311 1406 Dominus
1321 1400 1328 1413 ,
1343 1385 1371 1407 ut
1386 1381 1496 1409 videatis
1511 1382 1546 1409 ibi
1561 1391 1654 1411 sanum
1666 1385 1747 1412 intel—

954 1421 1062 1449 lectum.
1076 1422 1174 1453 Primo.
1186 1425 1254 1458 quod
1266 1425 1299 1452 ab
1309 1427 1432 1454 omnibus
1445 1432 1470 1454 et
1482 1428 1612 1463 imperitis
1623 1429 1746 1459 facillinm

953 1466 1096 1501 judicatur,
1110 1468 1189 1495 verba
1202 1469 1257 1503 ipsa
1269 1470 1336 1497 male
1347 1470 1509 1507 distinguunt
1520 1482 1527 1500 :
1540 1482 1609 1501 nunc
1621 1475 1746 1509 audietis.

956 1519 1026 1539 nunc
1041 1513 1194 1547 probabitis.
1220 1515 1322 1542 Etenim
1336 1517 1375 1544 sic
1394 1525 1423 1544 se
1438 1517 1516 1545 habet
1538 1524 1624 1547 textus
1639 1521 1694 1555 ipse
1706 1522 1745 1549 le-

953 1556 1057 1584 ctionis.
1072 1557 1174 1593 Sponsa
1191 1559 1306 1594 loquitur
1318 1561 1350 1587 ad
1369 1570 1494 1596 sponsum
1506 1573 1513 1591 :
1525 1564 1652 1592 .lnnnntiu
1665 1567 1745 1598 milii.

953 1610 1026 1635 quem
1041 1602 1127 1629 dilexit
1140 1604 1224 1630 animo
1242 1613 1297 1631 mea
1308 1626 1315 1637 ,
1334 1606 1375 1633 ubi
1395 1609 1493 1642 pascis,
1508 1609 1551 1636 ubi
1565 1610 1649 1639 cubas.
1665 1612 1743 1646 Quod

953 1653 1049 1681 sponsa
1065 1654 1163 1681 sponso
1173 1647 1255 1681 dicat,
1271 1650 1339 1683 quod
1353 1651 1469 1679 Ecclesia
1480 1652 1586 1682 Christo
1596 1655 1679 1688 dicat,
1697 1665 1745 1684 nec

954 1697 1003 1717 nos
1029 1690 1196 1723 dubitamus,
1211 1700 1260 1719 nec
1281 1694 1329 1720 illi.
1352 1695 1403 1722 Sed
1428 1697 1515 1724 omnia
1539 1699 1618 1726 verba
1641 1707 1746 1735 sponsa:

953 1734 1023 1762 audi.
1038 1735 1125 1768 Quare
1136 1737 1245 1764 verbum
1261 1739 1330 1772 quod
1348 1740 1434 1767 adhuc
1456 1749 1560 1776 sponsa:
1572 1749 1628 1776 est,
1644 1734 1684 1772 vis
1696 1747 1746 1772 tri-

953 1779 1034 1807 buere
1058 1780 1113 1814 jam
1139 1783 1257 1815 sponso?
1270 1783 1363 1810 Omnia
1391 1793 1448 1819 quae
1470 1786 1534 1814 dicit
1555 1795 1666 1822 sponsa,
1680 1789 1743 1817 die:

954 1829 1015 1851 tunc
1034 1825 1206 1859 respondebit
1226 1833 1349 1860 sponsus.
1370 1829 1437 1855 Audi
1451 1830 1596 1858 evidentius
1612 1834 1678 1860 hanc
1691 1834 1746 1861 dis-

954 1869 1108 1896 tinctionem
1122 1877 1200 1904 quam
1214 1870 1332 1899 dicturus
1352 1879 1410 1899 sum
1421 1894 1427 1904 .
1443 1882 1495 1901 non
1514 1875 1632 1904 invenies
1646 1878 1744 1913 aliquid

956 1913 1023 1948 plus.
1041 1913 1170 1940 Animalia
1182 1915 1253 1946 milii,
1268 1924 1339 1951 quem
1353 1917 1441 1944 dilexit
1455 1919 1541 1946 animo
1555 1926 1619 1955 mea,
1633 1921 1676 1948 ubi
1699 1932 1745 1957 pa-

958 1958 1020 1990 scis,
1034 1958 1076 1985 ubi
1086 1959 1162 1985 cubas
1172 1959 1198 1986 in
1213 1961 1325 1988 meridie.
1342 1961 1397 1996 Ipsa
1414 1963 1501 1990 adhuc
1515 1963 1588 1996 dicit,
1599 1966 1641 1992 ubi
1650 1975 1743 2001 pascts,

953 2003 995 2029 ubi
1006 2004 1082 2030 cubas
1092 2004 1118 2030 in
1130 2004 1244 2031 meridie.
1256 2005 1290 2032 Et
1303 2005 1361 2033 vide
1372 2007 1432 2041 quia
1443 2007 1529 2035 adhuc
1541 2008 1596 2043 ipsa
1612 2010 1685 2038 dicit.
1696 2011 1745 2039 Se-

953 2048 1042 2083 quitur
1064 2048 1135 2076 enim
1150 2057 1157 2075 :
1170 2048 1211 2075 Ne
1229 2050 1294 2085 forte
1313 2051 1375 2085 [iam
1388 2051 1452 2078 sicut
1466 2058 1553 2087 operta
1570 2062 1646 2089 super
1658 2064 1745 2091 greges

952 2095 1077 2122 sodalium
1101 2099 1210 2121 tuorum.
1231 2095 1298 2123 Puto
1320 2103 1414 2124 omnes
1436 2098 1536 2132 peritos
1557 2099 1745 2139 imperitosque

953 2139 1103 2166 discernere
1112 2146 1196 2173 genus
1210 2140 1386 2167 masculinum
1396 2145 1423 2168 et
1442 2141 1609 2170 femininum.
1628 2144 1723 2180 Operm
1734 2167 1742 2178 ,

953 2191 1044 2218 quaero
1066 2184 1143 2218 cujus
1162 2183 1266 2218 generis
1290 2184 1389 2212 sitzab
1408 2187 1481 2213 omni
1502 2186 1611 2216 homine
1632 2197 1741 2224 quacro.

954 2228 1089 2255 Masculini
1105 2232 1163 2261 est,
1176 2235 1210 2255 an
1230 2228 1370 2256 feminini!
1384 2230 1528 2265 Annuntia,
1545 2233 1646 2268 inquit,
1662 2235 1742 2268 mihi,

953 2281 1025 2305 quem
1041 2273 1129 2300 dilexit
1142 2273 1228 2300 animo
1241 2281 1305 2301 mea.
1320 2274 1416 2308 Quem,
1430 2283 1489 2303 eum
1504 2277 1582 2312 dicit,
1598 2281 1745 2308 masculum

954 2318 1106 2353 alloquitur,
1122 2326 1248 2353 sponsum
1261 2320 1411 2355 alloquitur.
1431 2321 1496 2355 Quia
1513 2331 1578 2351 vero
1592 2324 1690 2353 femina
1703 2327 1743 2353 vi—

955 2371 1014 2391 rum
1027 2363 1179 2398 alloquitur,
1192 2365 1381 2399 consequentia
1396 2366 1476 2394 verba
1489 2367 1619 2401 indicant,
1636 2371 1744 2398 Annuu-

956 2407 990 2434 tia
1000 2408 1071 2441 mihi,
1084 2409 1124 2435 ubi
1135 2409 1231 2444 pascis,
1244 2409 1285 2436 ubi
1297 2410 1374 2437 cubas
1385 2411 1411 2437 in
1425 2412 1549 2444 meridie;
1562 2422 1592 2441 ne
1608 2416 1672 2449 forte
1685 2417 1746 2449 [iam

955 2453 1019 2480 sicut
1035 2459 1132 2488 operta.
1145 2454 1213 2481 Audi
1228 2459 1254 2482 tu
1275 2460 1378 2489 operta,
1392 2460 1422 2483 ut
1435 2456 1498 2485 liant
1513 2458 1561 2485 tibi
1575 2459 1631 2487 haec
1643 2467 1744 2494 aperta.

935 2516 941 2522 .
955 2497 1085 2525 Annuntia
1099 2499 1161 2525 mihi
1170 2519 1178 2532 ,
1191 2508 1263 2535 quem
1274 2500 1454 2528 dilexitanima
1466 2511 1531 2535 mea,
1547 2504 1590 2530 ubi
1599 2506 1692 2540 pascis,
1705 2507 1747 2534 ubi

956 2544 1030 2571 cubas
1042 2544 1069 2570 in
1085 2544 1202 2577 meridie;
1212 2553 1242 2571 ne
1254 2544 1319 2578 forte
1331 2545 1392 2579 [iam
1400 2546 1466 2572 sicut
1475 2552 1562 2579 operta
1572 2556 1648 2584 super
1659 2559 1746 2586 greges

956 2589 1081 2616 sodalium
1101 2594 1200 2616 tuorum
1219 2589 1360 2624 Hucnsque
1372 2590 1452 2617 verba
1472 2599 1576 2626 sponsa:
1590 2602 1596 2619 :
1609 2593 1663 2628 jam
1679 2596 1745 2623 inci.

959 2636 1035 2671 piunt
1052 2635 1133 2662 verba
1145 2635 1234 2669 sponsi
1248 2635 1281 2663 de
1298 2634 1453 2669 manifesto,
1469 2637 1528 2665 Nisi
1545 2642 1689 2674 cognoveris
1708 2648 1745 2669 te-

957 2680 1099 2715 metipsum.
1115 2680 1235 2715 Agnosce
1253 2681 1393 2709 evidenter
1409 2681 1544 2710 feminam.
1559 2683 1726 2721 Temuipooni
1736 2705 1745 2718 ,

957 2733 972 2753 ο
987 2725 1093 2760 pulchro
1111 2725 1175 2752 inter
1197 2725 1315 2753 mulieres
1326 2734 1335 2753 :
1348 2727 1396 2753 nisi
1417 2723 1561 2763 cognoveris
1574 2731 1727 2766 temetipsum
1737 2752 1746 2764 ,

958 2779 972 2798 o
983 2770 1090 2806 pulchra
1098 2770 1163 2798 inter
1176 2772 1291 2799 mulieres
1301 2779 1311 2804 ;
1321 2772 1362 2799 exi
1379 2777 1404 2799 tu
1415 2772 1441 2799 in
1454 2774 1562 2809 vestigiis
1575 2784 1677 2812 gregum
1690 2778 1711 2811 ‘,
1722 2784 1746 2807 et

991 2822 1522 2863 i39:91:?.W???P§Eill§§flﬂflfﬂ‘€z
1535 2824 1617 2863 αέσίΡε
1624 2831 1716 2863 πρεηθ-
1740 2853 1742 2855 -

991 2853 1000 2868 ¹
1006 2852 1091 2877 Plures
1098 2858 1158 2878 Mssa
1167 2860 1268 2885 agnosce
1273 2853 1372 2879 ririliler
1379 2853 1499 2885 [minam
1506 2852 1665 2890 thrbeiensis,
