3938 6186
452 339 552 395 ’Μ

455 471 602 524 pasce
620 453 790 507 haedos
808 462 915 504 tuos
932 450 980 502 in
1001 446 1334 502 tabernaculis
1353 455 1605 514 pastorum
1628 444 1795 514 (Cant.
1817 450 1911 515 i,6,
1930 450 1982 521 7)
2002 470 2014 503 :

452 562 557 601 non
600 545 649 598 in
678 541 1016 597 tabernaculo
1046 537 1288 608 pastoris.
1325 536 1454 592 Vide
1483 538 1748 606 quomodo
1789 544 2014 595 commi-

453 646 607 689 uctur
622 646 843 702 sponsus
863 649 875 683 :
898 629 1017 683 vide
1033 627 1475 698 quemadmodum
1494 629 1543 681 in
1562 630 1812 698 periculo,
1835 648 2018 701 quam-

450 727 529 778 vis
556 724 645 777 ille
665 720 862 784 dulcis,
891 719 1107 774 abstulit
1130 715 1196 772 de
1238 716 1410 773 medio
1449 716 1819 774 blandimenta.
1849 720 2015 787 Quam

450 813 641 868 blande
668 810 793 865 illa?
818 810 1073 865 Amruntia
1109 810 1226 863 mihi
1250 855 1265 869 ,
1303 824 1446 878 quem
1485 808 1659 881 dilexit
1687 812 1854 864 animo
1872 828 1980 864 mea
1998 852 2013 874 ,

448 904 535 956 ubi
573 902 765 973 pascis,
796 900 882 954 ubi
916 901 1068 953 cubas
1092 899 1143 953 in
1172 899 1393 953 meridie.
1422 896 1610 953 Veniet
1637 899 1777 953 enim
1813 900 2016 956 medius

448 993 564 1047 dies
582 1034 595 1056 ,
626 990 836 1062 quando
861 989 926 1044 ad
948 989 1308 1044 umbraculum
1329 996 1646 1042 concurrant
1666 997 1938 1057 pastores;
1962 1000 2016 1045 et

449 1085 584 1141 forte
608 1084 788 1139 latebit
813 1098 898 1138 me
925 1081 1014 1137 ubi
1053 1091 1105 1136 tu
1150 1081 1324 1151 pascis
1364 1088 1418 1135 et
1457 1080 1541 1135 ubi
1583 1081 1745 1136 cubas
1772 1098 1785 1133 :
1814 1090 1869 1137 et
1895 1082 2015 1136 volo

449 1176 579 1230 mihi
629 1174 937 1237 annuntics,
966 1187 1034 1228 ne
1080 1171 1213 1227 forte
1257 1171 1376 1224 liam
1408 1171 1544 1225 sicut
1569 1180 1752 1240 operta
1773 1214 1788 1240 ,
1817 1171 1867 1226 id
1895 1182 2011 1241 est,

448 1267 583 1321 sicut
627 1264 868 1328 occulta,
896 1272 950 1317 et
994 1277 1095 1317 non
1139 1261 1368 1330 cognita.
1407 1260 1519 1329 Ego
1567 1262 1708 1315 enim
1734 1260 2015 1316 manifesta

448 1371 562 1409 sum
589 1353 714 1408 :sed
742 1369 808 1406 ne
845 1352 978 1405 sicut
1014 1362 1193 1419 operta
1212 1393 1227 1414 ,
1254 1350 1389 1403 sicut
1412 1351 1576 1404 celata
1604 1350 1828 1404 incidam
1856 1366 2014 1421 super

444 1458 634 1515 greges
676 1441 934 1497 sodalium
983 1450 1209 1494 tuorum.
1262 1431 1459 1493 Omnes
1506 1439 1647 1493 enim
1702 1439 1931 1494 hmre’tici
1981 1456 2011 1494 a

445 1534 656 1588 Christo
676 1531 946 1596 exierunt;
975 1544 1160 1584 omnes
1180 1530 1266 1598 qui
1294 1528 1413 1582 facti
1435 1537 1557 1581 sunt
1587 1538 1823 1597 pastores
1852 1530 2010 1593 mali,

446 1623 699 1676 habentes
726 1634 910 1691 greges
934 1634 1058 1674 suos
1083 1618 1181 1673 sub
1210 1619 1420 1673 nomine
1441 1618 1667 1683 Christi,
1701 1619 1840 1672 illius
1859 1619 2013 1674 soda-

444 1714 522 1768 les
571 1711 816 1776 fuerunt,
864 1710 1001 1763 illius
1050 1708 1348 1763 conviiium
1399 1717 1737 1776 acceperunt.
1794 1708 2011 1764 Sodales

443 1801 584 1855 enim
607 1801 870 1864 dicuntur,
903 1808 1149 1867 tanquam
1180 1797 1332 1850 unius
1357 1798 1603 1850 convivii.
1631 1797 1810 1850 Latina
1835 1798 2009 1867 lingua

443 1893 522 1947 sic
563 1892 686 1946 dicti
725 1898 850 1945 sunt
882 1889 1116 1951 sodales,
1145 1889 1292 1958 quasi
1335 1888 1492 1941 simul
1535 1887 1744 1952 cdales,
1779 1904 1841 1942 co
1870 1891 2009 1959 quod

442 1981 598 2036 simul
630 1980 806 2034 edant.
835 1977 968 2032 Audi
992 1977 1136 2032 illum
1160 1977 1211 2029 in
1240 1976 1448 2030 Psalmo
1468 1987 1772 2044 arguentem
1801 1978 2011 2035 sodales

443 2072 639 2137 malos,
670 2070 722 2125 id
765 2078 879 2135 est,
912 2067 1066 2122 unius
1107 2066 1332 2122 convivii
1363 2084 1374 2118 :
1405 2065 1465 2120 Si
1504 2067 1768 2132 inimicus,
1809 2066 2006 2137 inquit,

441 2178 578 2215 meus
605 2161 946 2230 exprobrasset
969 2158 1091 2211 mihi
1111 2199 1126 2225 ,
1153 2158 1494 2211 sustinuissent
1514 2158 1717 2227 utique;
1743 2169 1786 2211 et
1806 2159 1850 2212 si
1863 2176 2011 2230 super

441 2271 519 2308 me
562 2270 746 2323 magna
774 2252 966 2306 locutus
1011 2250 1215 2321 fuisset,
1241 2249 1603 2302 abscondissem
1628 2265 1706 2302 me
1744 2250 1912 2320 utique
1948 2252 2015 2305 ab

440 2361 535 2399 eo:
565 2354 618 2397 tu
645 2359 756 2397 vero
783 2341 1034 2394 unanimis
1054 2348 1097 2393 et
1126 2348 1269 2393 notus
1298 2354 1435 2393 meus
1453 2381 1467 2403 ,
1491 2338 1598 2391 dux
1624 2354 1788 2405 meus,
1818 2339 1904 2407 qui
1934 2341 2004 2395 si-

440 2434 548 2487 mul
589 2447 778 2486 mecum
818 2430 989 2484 dulces
1030 2427 1261 2499 cupiebas
1306 2429 1440 2481 cibos
1466 2425 1633 2498 (Psal.
1666 2444 1766 2495 ιιν,
1802 2430 2005 2502 15-15).

441 2522 582 2592 Ergo
607 2520 754 2575 multi
779 2518 989 2573 sodales
1022 2517 1211 2587 ingrati
1240 2530 1439 2573 meus'e
1463 2516 1742 2575 dominica:
1769 2522 2010 2576 exierunt

443 2610 588 2665 foras
612 2628 624 2664 :
650 2608 773 2664 mali
800 2608 1009 2664 sodales
1031 2605 1273 2663 fecerunt
1295 2608 1395 2664 sibi
1420 2623 1544 2665 suas
1568 2625 1799 2678 mensas,
1825 2627 2005 2667 erexe-

439 2707 569 2755 runt
590 2698 777 2752 altaria
806 2708 989 2752 contra
1011 2695 1198 2752 altare.
1229 2696 1286 2751 lu
1313 2698 1392 2752 eis
1417 2698 1513 2752 ista
1536 2698 1684 2755 timet
1710 2715 1908 2756 errare.

509 2791 597 2846 37.
620 2788 856 2844 Meridies
869 2790 912 2842 si
927 2788 1098 2858 Africa
1112 2789 1417 2860 intelligatur
1432 2788 1541 2844 loco
1554 2791 1724 2860 citato,
1743 2794 1863 2865 facit
1881 2809 2006 2848 ron-

435 2889 514 2935 tra
528 2880 833 2934 Donatistas.
850 2877 1004 2934 Exire
1014 2880 1353 2934 hereticorum
1363 2890 1455 2935 est.
1472 2882 1531 2936 Et
1544 2882 1589 2936 si
1606 2891 1756 2953 putas
1770 2883 1890 2954 quia
1902 2900 2008 2942 me-

434 2970 597 3026 ridies
614 2969 789 3025 Africa
800 2978 901 3035 est;
923 2983 1219 3040 quanquam
1234 2985 1440 3040 possein
1452 2970 1691 3028 obtinere
1709 2973 1875 3044 magis
1886 2988 2005 3031 esse

435 3060 619 3116 mundi
648 3059 924 3116 meridiem
956 3068 1130 3131 partes
1155 3058 1368 3131 Aigypti
1387 3103 1403 3125 ,
1427 3071 1481 3117 et
1516 3062 1629 3117 illas
1651 3072 1862 3118 exuStas
1890 3064 2004 3120 sole

434 3154 675 3223 regiones
693 3192 709 3216 ,
741 3151 828 3206 ubi
852 3151 1024 3221 pluvia
1053 3166 1157 3205 non
1180 3162 1433 3222 apparet:
1465 3154 1585 3224 quia
1607 3155 1719 3224 ipse
1738 3166 1819 3234 est
1840 3155 2002 3209 meri-

430 3242 575 3307 dies,
604 3241 693 3300 ubi
723 3244 891 3296 fervet
914 3241 1121 3297 medius
1145 3242 1276 3298 dies.
1310 3243 1386 3297 lbi
1411 3254 1586 3299 autem
1610 3259 1820 3300 eremus
1846 3244 2001 3314 plena

432 3332 661 3387 millibus
688 3345 958 3387 servorum
982 3331 1097 3388 Dei.
1124 3331 1271 3389 Unde
1299 3334 1343 3389 si
1366 3333 1431 3388 ad
1457 3333 1728 3388 meridiem
1760 3333 1999 3390 locorum

429 3422 653 3478 velimus
677 3421 986 3489 advertere,
1017 3437 1181 3494 quare
1220 3439 1324 3478 non
1368 3424 1435 3478 ibi
1468 3434 1647 3494 pascat
1688 3422 1774 3479 illc
1803 3426 1996 3495 magis,

425 3521 482 3568 et
510 3513 580 3569 ibi
606 3515 933 3586 requiescat,
965 3514 1175 3585 quando
1195 3523 1318 3570 ante
1343 3514 1653 3586 prtedictum
1679 3525 1759 3589 est
1777 3556 1793 3580 ,
1837 3514 2002 3571 Ubera

428 3617 572 3663 erunt
598 3608 613 3639 ί
643 3605 837 3662 deserta
874 3607 1024 3661 eremi
1046 3603 1205 3677 (Joel.
1242 3621 1308 3671 ιι,
1334 3604 1467 3675 22)?
1494 3604 1595 3661 Sed
1622 3621 1746 3667 ecce
1772 3621 1998 3662 consen-

431 3701 533 3765 tio,
562 3700 813 3755 meridies
842 3696 1018 3753 Africa
1043 3696 1129 3751 sit.
1172 3695 1346 3752 Africa
1389 3697 1458 3750 sit
1483 3695 1765 3751 meridies:
1796 3696 1846 3750 hi
1877 3707 2001 3753 sunt

427 3793 635 3848 sodales
658 3792 801 3847 mali.
832 3790 1068 3845 Ecclesia
1114 3788 1460 3842 transmarina
1488 3787 1538 3842 in
1579 3789 1753 3858 aliquo
1782 3804 1998 3843 suorum

430 3886 709 3955 navigante
757 3882 810 3936 in
859 3880 1127 3942 Africam,
1176 3878 1395 3933 sollicita
1452 3893 1517 3931 ne
1572 3890 1744 3941 erret,
1791 3878 1999 3932 invocat

429 3990 683 4046 sponsum
710 3988 861 4027 suum
884 4012 898 4038 ,
931 3979 984 4025 et
1006 3964 1138 4024 dicit
1166 3969 1216 4022 ei
1246 3986 1259 4022 :
1287 3967 1567 4022 Abundarc
1596 3967 1750 4021 audio
1783 3967 1995 4021 haereti-

429 4082 522 4120 cos
539 4065 589 4119 in
612 4064 807 4127 Africa,
826 4059 1098 4117 abundare
1113 4056 1272 4113 audio
1292 4056 1699 4127 rebaptizatores
1718 4058 1770 4109 in
1791 4055 1993 4123 Africa;

429 4170 549 4212 esse
572 4163 748 4208 autem
774 4152 844 4206 ibi
872 4158 991 4204 tuos
1018 4164 1121 4204 non
1150 4147 1323 4202 minus
1352 4145 1543 4200 audio:
1567 4155 1621 4199 et
1651 4144 1777 4200 illud
1804 4145 1991 4211 audio,

429 4255 484 4300 et
512 4244 613 4299 hoc
639 4243 831 4307 audio;
859 4240 951 4295 scd
980 4239 1069 4308 qui
1109 4237 1216 4293 sint
1240 4238 1343 4302 tui,
1376 4252 1403 4289 a
1434 4245 1483 4291 te
1515 4234 1631 4291 volo
1656 4236 1858 4293 audire.
1887 4235 1996 4288 Au-

430 4337 607 4391 nuntia
629 4326 751 4390 mihi
770 4376 785 4399 ,
813 4348 956 4403 quem
982 4330 1157 4383 dilexit
1194 4331 1363 4381 anima
1406 4343 1514 4380 mea
1531 4368 1545 4389 ,
1568 4326 1651 4380 ubi
1681 4327 1846 4396 pascis
1870 4369 1885 4391 ,
1912 4327 1997 4379 ubi

425 4426 576 4479 cubas
596 4427 648 4478 in
670 4420 891 4478 meridie.
918 4418 971 4472 ln
996 4419 1085 4471 illo
1106 4416 1459 4487 meridicnubi
1489 4415 1643 4468 audio
1665 4416 1794 4470 duas
1823 4425 1996 4485 partes

423 4529 573 4576 esse,
604 4524 762 4566 unam
811 4508 1029 4572 Donati,
1058 4506 1276 4560 alteram
1314 4504 1559 4557 universo
1591 4515 1679 4558 tuo
1719 4507 1994 4560 coiceren-

424 4615 571 4667 tem;
599 4612 653 4655 tu
681 4597 809 4653 milii
851 4598 935 4650 dic
963 4613 1067 4666 quo
1091 4610 1206 4649 eam
1229 4636 1243 4660 ,
1275 4611 1335 4646 ne
1372 4597 1501 4664 forte
1538 4592 1670 4646 velut
1711 4606 1913 4664 operta,
1945 4596 1994 4650 id

426 4702 536 4757 cst,
562 4692 735 4759 ignota
768 4688 886 4740 liam
916 4699 1066 4754 super
1089 4699 1259 4753 greges
1283 4681 1531 4735 sodalium
1558 4691 1785 4747 tuorum,
1817 4684 1993 4738 iuCur-

429 4798 542 4836 ram
570 4781 621 4834 in
645 4792 830 4849 greges
853 4775 1215 4831 lucretiCorum
1232 4814 1246 4836 ,
1273 4782 1527 4828 conantes
1552 4787 1747 4842 ponere
1773 4774 1993 4842 lapidem

422 4886 586 4938 super
616 4869 846 4940 lapidein
874 4866 962 4937 qui
1002 4865 1318 4928 destruatur,
1346 4879 1412 4918 ne
1454 4863 1649 4916 irritam"
1689 4863 1738 4916 in
1770 4865 1996 4933 rebapti-

428 4973 637 5018 zatores
656 5002 670 5027 ,
699 4957 955 5040 ammntia
981 4954 1126 5011 mihi.
1152 4954 1216 5010 Et
1240 4955 1327 5010 ille
1353 4953 1443 5026 qui
1468 4956 1800 5010 commendat
1824 4958 1996 5010 unita-

428 5067 533 5113 tem
564 5052 820 5125 pastoris,
852 5051 942 5122 qui
979 5050 1030 5105 in
1053 5050 1152 5104 hac
1179 5048 1405 5105 lectione
1430 5048 1590 5116 dixit,
1624 5048 1728 5120 Ego
1758 5065 1993 5117 pascam;

468 5147 497 5165 κ

425 5266 504 5305 πε
526 5251 745 5320 tintuma
775 5251 976 5320 tam.
1357 5246 1678 5320 ῑαηεξίρεωπν
1707 5245 1997 5320 ﬁrmitatis?

419 5310 696 5379 cognoveris
714 5304 745 5379 ί
770 5304 1187 5379 (audite'reliquaf
1202 5319 1231 5379 ρ
1252 5305 1459 5379 putcbra‘
1618 5304 1841 5379 mulieres
1860 5320 1880 5379 _:
1901 5308 1997 5379 nisi

714 5366 1024 5437 19W.
1044 5366 1299 5437 Q'Pulchfa
1316 5367 1439 5418 inter
1456 5366 1710 5430 mulieres;
1728 5368 1815 5419 exi
1852 5375 1905 5418 tu
1943 5370 1996 5419 ist

647 5444 847 5500 gregum
874 5428 942 5482 "Et
959 5431 1028 5507 sic
1049 5428 1155 5480 fere
1174 5439 1273 5478 Am.

490 5534 505 5563 ι
526 5533 600 5581 sic
620 5537 727 5580 ων.
748 5536 801 5580 et
823 5527 1042 5591 plerique
1064 5532 1245 5591 Mss.“
1274 5532 1392 5583 Am.,
1408 5524 1773 5591 aberrare:th
1796 5528 1994 5588 Optume

422 5599 554 5641 noue
600 5584 900 5641 Corbeieu'sis
1064 5623 1078 5646 ,
1130 5587 1455 5637 uberaverunt.
1494 5592 1630 5636 Forte
1666 5584 1869 5645 melius,
1909 5601 1994 5648 pro

425 5650 799 5717 pullulaveruut,
821 5664 914 5717 seu
932 5649 1463 5717 ῃεηιήηίιιιθῃιῃιλβοη
1499 5650 1626 5698 enim
1664 5648 1806 5697 alium
1838 5649 1992 5699 locum

425 5708 579 5764 litare
603 5708 793 5764 \‘idctur
829 5714 917 5761 nisi
933 5708 1035 5761 Tioel
1057 5723 1161 5773 cap.
1186 5710 1232 5771 ρ,
1256 5711 1302 5771 ᾗ.
1325 5708 1399 5758 22.

1668 334 1721 389 S.
1754 333 2113 394 AUGUSTINI
2151 332 2452 389 El'lSCOPl

3586 330 3688 397 29:!

2128 458 2366 516 pastores
2393 457 2564 501 autem
2609 450 2880 516 reprobat,
2912 450 3000 519 qui
3038 448 3186 504 multi
3222 465 3339 506 esse
3378 452 3685 523 voluerunt,

2127 537 2381 589 unitatem
2413 537 2702 599 amiserunt
2727 556 2738 589 :
2767 538 3098 593 severissime
3119 557 3222 595 non
3252 541 3440 598 blande
3467 560 3687 613 respon-

2122 626 2283 691 dens,
2314 627 2406 681 sed
2438 643 2531 696 pro
2556 629 2914 696 magnitudine
2943 630 3193 698 periculi,
3229 630 3345 686 Nisi
3367 637 3683 703 cognoveris,

2124 716 2322 786 inquit,
2354 716 2687 787 temetipsum,
2716 734 2744 771 ο
2775 718 2985 787 pulchra
3028 720 3157 773 inter
3181 722 3428 776 mulieres.
3462 722 3685 780 Pulchra

2122 822 2181 862 es
2206 808 2343 861 inter
2372 808 2621 863 mulieres
2650 826 2661 860 :
2691 808 2783 863 sed
2822 823 3048 879 agnosce
3076 819 3144 865 te.
3179 810 3276 866 Ubi
3306 821 3365 867 te
3396 817 3686 884 agnosces?

2122 894 2178 949 In
2209 904 2319 951 toto
2343 896 2472 950 orbe
2499 905 2775 951 terrarum.
2807 896 2861 952 Si
2884 898 3026 953 enim
3055 899 3270 968 pulchra
3293 942 3307 964 ,
3335 902 3507 956 unitas
3534 903 3685 958 estin

2121 994 2173 1042 te
2205 1004 2218 1039 ε
2249 987 2336 1041 ubi
2378 986 2597 1050 divisio,
2631 987 2836 1042 foeditas
2873 999 2987 1051 est,
3018 1005 3121 1044 non
3174 992 3526 1058 pulchritudo.
3570 992 3688 1050 Nisi

2119 1079 2406 1148 cognoveris
2444 1079 2769 1150 temetipsum.
2805 1080 2861 1134 in
2903 1095 2990 1136 me
3027 1081 3330 1148 credidisti,
3363 1099 3587 1153 agnosce
3613 1097 3679 1142 te.

2122 1169 2174 1222 lu
2197 1185 2281 1224 me
2305 1169 2570 1239 quomodo
2589 1170 2890 1225 credidisti?
2916 1172 3192 1239 Quomodo
3212 1184 3265 1228 et
3285 1175 3355 1229 illi
3383 1179 3505 1231 mali
3532 1181 3687 1233 soda-

2117 1257 2194 1312 les
2214 1299 2227 1321 ,
2258 1260 2593 1313 consentiunt
2632 1259 2859 1314 Verbum
2888 1276 3101 1316 carnem
3144 1264 3333 1321 factum
3353 1307 3368 1331 ,
3402 1277 3580 1322 natum
3620 1287 3683 1324 ex

2118 1348 2319 1416 virgine
2338 1390 2352 1414 ,
2383 1347 2692 1401 cruciﬁxum
2715 1390 2728 1413 ,
2761 1351 3143 1415 resurresisse,
3170 1354 3472 1409 ascendisse
3498 1356 3548 1409 in
3576 1374 3684 1412 cm-
3709 1358 3712 1361 λ

2117 1437 2197 1490 los
2221 1452 2233 1488 :
2261 1437 2311 1489 in
2340 1438 2495 1491 talem
2524 1451 2609 1492 me
2634 1437 2905 1492 credidisti
2927 1440 2967 1505 ¹,
3000 1439 3157 1494 talem
3183 1450 3235 1495 et
3256 1441 3329 1495 illi
3355 1454 3562 1498 sonant.
3593 1446 3684 1500 (Σο-

2115 1538 2313 1594 gnosce
2330 1534 2381 1580 te
2402 1534 2590 1589 etme;
2620 1540 2705 1580 me
2731 1526 2781 1580 in
2799 1527 2952 1592 caelo,
2975 1539 3024 1582 te
3047 1529 3098 1582 in
3126 1538 3235 1585 toto
3255 1532 3381 1585 orbe
3403 1541 3679 1588 terrarum.

2116 1614 2290 1670 Unum
2347 1615 2634 1685 quemlibet
2685 1631 2750 1670 ex
2800 1617 3034 1671 Ecclesia
3091 1628 3337 1688 tauquam
3391 1622 3680 1677 Ecclesiam

2114 1702 2356 1759 Christus
2398 1703 2704 1773 alloquitur.
2735 1704 2864 1760 Nam
2916 1708 3191 1776 quomodo
3228 1709 3459 1763 Ecclesia
3492 1714 3684 1779 qua-rit

2115 1787 2447 1849 Ecclesiam?
2477 1793 2776 1850 Secundum
2824 1796 2967 1867 ipsos
2992 1797 3198 1867 loquor.
3241 1799 3497 1854 Ammutia
3521 1803 3645 1855 milii
3663 1846 3677 1869 ,

2112 1898 2258 1949 quem
2287 1883 2462 1937 dilexit
2503 1884 2672 1937 anima
2698 1901 2839 1950 mea,
2869 1887 2954 1940 ubi
3000 1889 3189 1957 pascis,
3221 1889 3306 1943 ubi
3343 1892 3513 1947 cubas.
3544 1892 3681 1961 Quid

2113 1972 2337 2041 qumrit?
2365 1972 2674 2028 Ecclesiam.
2705 1976 2768 2030 Et
2797 1977 2886 2031 ille
2916 1984 3160 2047 tanquam
3185 1982 3467 2037 ostendens
3488 1983 3680 2041 Eccle—
3748 2011 3752 2016 -

2113 2062 2244 2117 siam
2265 2061 2420 2130 dicit,
2442 2062 2509 2118 In
2534 2066 2738 2120 meridie
2760 2082 2778 2119 :
2799 2066 2934 2121 sicut
2973 2067 3044 2122 illi
3074 2070 3273 2125 volunt.
3300 2072 3681 2143 Respondeaut

2113 2151 2239 2206 mihi
2261 2195 2275 2219 ,
2304 2153 2570 2223 quomodo
2598 2151 2831 2212 Ecclesia
2862 2168 3060 2228 quaerat
3087 2159 3397 2216 Ecclesium.
3423 2164 3681 2219 Anmmtia

2111 2243 2235 2296 milii
2250 2286 2263 2308 ,
2286 2260 2428 2322 quem
2450 2247 2622 2301 dilexit
2641 2247 2809 2301 anima
2829 2265 2953 2302 mea.
2974 2251 3101 2317 Qua:
3122 2251 3387 2320 loquitur?
3420 2254 3678 2311 Ecclesia.

2111 2332 2246 2401 Quid
2285 2335 2383 2390 sibi
2413 2337 2520 2390 vult
2564 2338 2903 2393 annuntiari?
2935 2337 3031 2394 Ubi
3069 2340 3266 2410 pascis,
3298 2343 3381 2396 ubi
3412 2343 3593 2407 cubas,
3629 2345 3681 2398 id

2111 2436 2192 2481 est
2211 2467 2225 2489 ,
2258 2426 2346 2481 ubi
2387 2429 2454 2482 sit
2493 2428 2745 2483 Ecclesia.
2776 2428 3007 2484 Ecclesia
3036 2431 3283 2501 loquitur,
3314 2444 3365 2486 ct
3389 2434 3680 2504 interrogat

2110 2516 2201 2570 ubi
2226 2517 2294 2571 sit
2319 2516 2553 2573 Ecclesia
2579 2535 2590 2570 :
2615 2528 2667 2573 et
2693 2520 2977 2589 respondet
3006 2520 3120 2585 ille,
3148 2530 3205 2574 ut
3234 2530 3447 2590 putant,
3479 2522 3544 2575 In
3576 2541 3682 2577 me-

2109 2609 2255 2666 ridie.
2296 2610 2351 2667 Si
2396 2612 2448 2665 in
2489 2611 2602 2667 solo
2637 2611 2856 2667 meridie
2894 2619 3010 2679 est,
3041 2621 3098 2666 ut
3126 2611 3338 2678 dicunt,
3369 2615 3421 2668 iu
3462 2614 3679 2682 Africa;

2109 2701 2377 2772 quomodo
2397 2702 2508 2773 ipsa
2540 2702 2827 2773 interrogat
2853 2702 2944 2756 ubi
2976 2704 3087 2772 ipsa
3113 2703 3218 2758 sit?
3246 2705 3327 2757 An
3351 2719 3477 2758 vero
3505 2707 3683 2775 portio

2110 2791 2359 2847 Ecclesiae
2381 2792 2903 2847 transmarinte'bene
2929 2792 3217 2863 interrogat
3239 2792 3308 2849 de
3332 2794 3552 2849 meridie
3568 2834 3586 2858 ,
3615 2810 3683 2851 ne

2110 2881 2197 2937 liic
2219 2882 2396 2937 erret?
2421 2882 2719 2952 Alloquitur
2754 2883 3166 2953 unumquodque
3192 2886 3550 2940 membrorum
3581 2887 3683 2941 Ec-

2106 2972 2283 3028 clesize
2321 2987 2431 3028 sua:
2474 2973 2753 3038 Christus,
2786 2983 3032 3044 tanquam
3079 2989 3228 3029 suam
3273 2976 3598 3041 Eeclesiam,
3629 2987 3684 3032 et

2106 3062 2233 3119 dicit
2249 3103 2266 3128 ,
2293 3061 2413 3118 Nisi
2447 3064 2730 3133 cognoveris
2750 3065 3062 3133 temetipsum
3080 3107 3095 3131 ,
3120 3083 3151 3119 ο
3171 3065 3382 3136 pulchra
3406 3066 3535 3121 inter
3560 3084 3681 3120 mst-

2106 3154 2274 3217 lieres,
2300 3155 2399 3208 exi.
2429 3153 2587 3208 Exire
2608 3196 2623 3221 ,
2651 3154 3018 3208 lizrreticorum
3043 3165 3142 3209 est.
3171 3157 3275 3209 Aut
3298 3172 3557 3226 cognosce
3592 3169 3676 3222 te,

2104 3255 2193 3299 aut
2220 3244 2303 3300 exi
2328 3262 2341 3298 :
2363 3246 2485 3315 quia
2511 3245 2553 3299 si
2580 3255 2631 3301 te
2656 3261 2759 3299 non
2779 3247 3113 3317 cognoveris,
3136 3249 3335 3301 exitura
3356 3263 3434 3302 es.
3462 3248 3679 3302 Exitum

2102 3334 2246 3404 quo?
2270 3332 2334 3387 In
2355 3334 2572 3406 vestigiis
2598 3351 2839 3405 gregum:
2868 3336 3136 3405 sequendo
3161 3337 3325 3390 malos
3350 3352 3555 3407 greges.
3589 3338 3669 3393 Nc

2104 3424 2238 3480 forte
2260 3436 2410 3494 putes
2441 3426 2560 3494 quia
2587 3440 2714 3480 oves
2739 3427 2976 3496 sequeris
2995 3468 3010 3491 ,
3038 3428 3083 3482 si
3110 3428 3223 3482 exis
3251 3445 3264 3480 :
3292 3428 3412 3483 audi
3436 3428 3559 3497 quid
3591 3445 3679 3485 se-

2103 3515 2300 3585 quitur,
2333 3514 2435 3568 Exi
2454 3525 2505 3568 tu
2532 3517 2583 3569 in
2611 3514 2825 3587 vestigiis
2844 3532 3080 3587 gregum,
3104 3527 3151 3571 et
3172 3534 3319 3587 pasce
3340 3519 3510 3572 Iutdos
3526 3530 3676 3582 tuos;

2099 3605 2207 3674 jam
2236 3620 2341 3659 non
2381 3619 2530 3659 oves.
2570 3604 2779 3670 Nostis,
2806 3606 3030 3673 fratres,
3061 3606 3150 3661 ubi
3197 3618 3353 3662 erunt
3399 3608 3554 3663 hmdi.
3590 3611 3675 3663 Ad

2101 3698 2369 3751 sinistram
2397 3704 2753 3752 eruutomnes
2778 3696 2869 3766 qui
2898 3697 3142 3752 exierunt
3179 3698 3244 3752 ab
3277 3698 3534 3752 Ecclesia.
3565 3699 3679 3753 Ma-

2102 3789 2244 3841 nenti
2273 3788 2428 3842 Petro
2451 3787 2661 3852 dicitur,
2690 3786 2851 3839 Pasce
2874 3803 2987 3841 oves
3014 3804 3150 3841 meas
3178 3786 3353 3859 (Joan.
3383 3804 3477 3843 xx:
3499 3830 3512 3856 ,
3538 3790 3635 3859 l7)
3658 3808 3671 3843 :

2100 3877 2312 3931 exeunti
2342 3875 2592 3931 lueretico
2611 3917 2625 3940 ,
2654 3874 2819 3930 Pasce
2848 3874 3028 3930 iuedos
3053 3885 3190 3931 tuos.

2171 3965 2257 4021 38.
2284 3966 2447 4020 Locus
2476 3981 2538 4019 ea:
2565 3963 2805 4035 Habacuc
2824 3966 2955 4020 male
2989 3977 3264 4037 usurpatas
3299 3982 3331 4020 ο
3372 3966 3670 4022 Donatistis.

2101 4054 2230 4121 Est,
2271 4055 2542 4125 inquiunt,
2589 4064 2643 4111 et
2694 4054 2836 4109 aliud
2884 4055 3266 4110 testimonium.
3319 4054 3675 4113 Nihilominus

2099 4154 2282 4201 contra
2311 4154 2360 4201 te
2384 4162 2396 4199 :
2421 4146 2532 4213 dic,
2555 4147 2846 4202 audiamus.
2872 4147 2981 4202 Erit
3001 4147 3078 4203 sic
3102 4159 3283 4203 contra
3307 4157 3376 4213 te,
3401 4152 3674 4220 quomodo
3690 4158 3711 4166 “

2102 4238 2202 4294 hoc
2225 4238 2364 4308 quod
2392 4238 2612 4308 putabas
2637 4253 2733 4309 pro
2760 4246 2833 4293 te.
2857 4238 2914 4294 Si
2938 4236 3209 4293 meridiem
3230 4282 3244 4307 ,
3277 4239 3519 4310 inquiunt
3541 4284 3555 4307 ,
3591 4243 3673 4297 in.

2102 4326 2407 4396 terpretaris
2431 4326 2739 4398 .Egyptum.
2760 4326 2935 4382 Multis
2963 4327 3172 4398 quidem
3203 4328 3373 4384 modis
3400 4329 3669 4399 interpre-

2101 4426 2273 4471 tamur
2301 4417 2608 4484 meridiem,
2640 4426 2693 4472 et
2733 4417 3021 4490 Egyptum
3064 4432 3342 4488 possumus
3384 4419 3450 4473 ad
3489 4420 3668 4476 locum

2101 4506 2310 4575 mundi,
2343 4518 2396 4563 et
2429 4509 2595 4578 ipsam
2632 4508 2858 4564 Africam
2884 4510 2961 4565 sic
2996 4511 3348 4582 intelligerc'.
3372 4502 3509 4566 Audi
3539 4514 3679 4582 quid

2100 4597 2384 4667 intelligam
2411 4613 2504 4668 per
2527 4598 2801 4654 meridiem
2825 4617 2838 4652 :
2864 4600 3100 4670 intelligo
3125 4598 3385 4658 fervorem
3414 4602 3668 4672 spiritua-

2099 4688 2248 4753 lium,
2280 4687 2589 4759 ﬂagrantem
2619 4690 2737 4759 igne
2759 4688 3050 4756 charitatis,
3070 4690 3434 4761 splendentem
3466 4692 3671 4748 lumine

2101 4777 2358 4832 veritatis.
2385 4777 2515 4832 Nam
2553 4777 2745 4832 dicitur
2780 4778 2830 4833 in
2856 4778 3084 4849 quodam
3120 4780 3322 4848 psalmo
3350 4798 3363 4834 :
3394 4780 3671 4836 Dexterath

2101 4876 2239 4920 tuam
2279 4877 2447 4921 notam
2475 4872 2556 4939 fac
2594 4868 2749 4935 mihi,
2788 4875 2833 4921 et
2861 4870 3078 4923 eruditos
3116 4870 3269 4925 corde
3306 4871 3355 4924 in
3394 4872 3664 4941 sapientia.

2098 4954 2400 5021 Dexteram,
2427 4971 2531 5010 non
2562 4955 2741 5012 litedos
2770 4974 2782 5012 :
2808 4964 2857 5010 et
2873 4946 3092 5013 eruditos
3126 4959 3277 5013 corde
3308 4960 3362 5014 in
3395 4963 3666 5030 sapientia,

2101 5046 2198 5116 ipsi
2226 5055 2345 5100 sunt
2369 5045 2635 5101 meridies.
2660 5045 2810 5102 Unde
2829 5046 3020 5102 dicitur
3042 5062 3075 5102 a
3102 5047 3356 5117 propheta
3381 5067 3393 5103 :
3424 5049 3489 5103 Et
3524 5061 3660 5103 tene-

2099 5136 2202 5190 bra:
2223 5145 2325 5190 tua
2339 5135 2466 5189 sicut
2486 5134 2715 5191 meridies
2739 5145 2883 5190 crum
2901 5134 3072 5207 (Psal.
3095 5152 3300 5194 Luxu
3317 5182 3332 5207 ,
3360 5136 3469 5213 l0).
3490 5141 3669 5196 Multis

2099 5242 2225 5299 ergo
2250 5226 2421 5281 modis
2438 5240 2716 5297 possumus
2733 5226 3028 5298 intelligere
3049 5226 3327 5286 meridiem
3355 5247 3368 5284 :
3394 5231 3487 5287 scd
3515 5248 3669 5301 pror.

2100 5332 2191 5374 sus
2219 5318 2448 5372 Africam
2478 5318 2742 5389 intelligo,
2774 5320 2992 5374 omnino
3019 5319 3250 5375 Africam
3273 5322 3528 5393 intelligo.
3560 5327 3666 5378 Ac-

2099 5412 2236 5481 cipio
2255 5420 2357 5465 ate
2377 5410 2569 5481 aliquid
2596 5411 2730 5467 forte
2753 5411 2939 5466 melius
2962 5426 3118 5482 quam
3140 5426 3401 5483 saperem,
3430 5415 3531 5468 nisi
3560 5432 3587 5467 α
3614 5425 3668 5469 te

2435 5591 2508 5657 nt.
2531 5585 2816 5657 Lugd._ven.
2844 5602 2858 5636 τ
2892 5587 2943 5639 si
2960 5587 3484 5657 ιαέεζῃπκρνειᾶάὶᾳξ.
3547 5596 3612 5657 ιι,

2161 5646 2525 5714 ξιᾱειθίιεῆθηείε
2545 5646 2729 5714 Μελ-αα
2752 5646 2906 5714 lactari
2925 5646 3107 5709 muitdi,
3127 5650 3347 5714 utipsam
3371 5652 3574 5714 ΑῙι-ίεαιη
3594 5647 3668 5701 in.

2101 5708 2323 5773 tclligam.
2362 5715 2515 5772 Forte,
2535 5709 2665 5773 quod
2699 5709 2766 5760 ad
2803 5710 2957 5763 locum
2978 5708 3147 5764 mai
3172 5708 3585 5776 :supplc,'alti.‘trt

2162 5583 2414 5647 *slcarud
