3938 6186
1628 301 1682 355 S.
1725 294 2089 355 AUGUSTINI
2129 294 2427 352 EPISCOPI

3546 287 3658 344 ωδ
3700 339 3709 347 .

396 448 455 495 ει
480 434 665 493 Afrum
707 429 861 487 dicis.
906 423 1194 481 Orientalis
1237 429 1341 477 est.
1386 418 1548 491 Lybio
1589 416 1730 471 enim
1765 412 1973 469 duobus
2081 426 2211 483 ergo
2249 412 2301 466 in
2350 411 2450 465 hoc
2474 408 2702 477 cantico,
2733 406 2856 479 quia
2904 420 3031 463 oves
3056 404 3172 477 eius
3196 418 3399 469 sumus,
3430 403 3664 476 populus

401 525 578 583 modis
617 522 829 586 dicitur,
875 517 955 571 vel
1005 515 1107 569 ista
1144 526 1262 583 qua:
1306 509 1518 580 proprie
1554 504 1731 560 Africa
1758 512 1864 567 est,
1892 500 1976 553 vel

400 617 488 674 illa
512 610 745 670 Orientis
766 622 905 677 pars,
932 619 1050 675 qua:
1064 602 1307 670 contigua
1334 605 1419 654 est
1444 594 1658 661 Africte,
1683 602 1740 648 et
1756 590 1975 646 omnino

398 705 777 764 coiiimitanea.
798 698 905 755 Sed
936 695 1065 751 Afer
1087 694 1243 749 fuerit
1261 688 1603 762 Cyrenensis.
1631 685 1851 739 Beatum
1880 696 1979 750 pu-

401 807 503 860 tas,
534 791 675 864 quod
704 789 1003 860 angariatus
1039 797 1250 840 crucem
1294 777 1511 835 tulerit?
1551 775 1762 842 Quanto
1789 770 1980 864 melius

404 893 537 941 torte
554 861 754 939 diceret
772 881 909 936 alius
928 879 980 932 in
1001 876 1319 933 Arimathaea
1345 870 1665 925 remansisse
1684 861 1981 918 Eeclesiam

400 976 644 1033 Christi?
669 975 799 1042 Quia
821 968 1017 1039 Joseph
1046 967 1136 1021 ille
1158 965 1307 1020 dives
1329 963 1397 1019 ab
1415 956 1757 1020 Arimathtea,
1778 952 1983 1008 habens

402 1078 527 1124 ante
550 1067 735 1122 oculos
760 1075 981 1132 regnum
1015 1057 1127 1122 Dei,
1154 1069 1258 1110 non
1281 1051 1606 1123 angariatus,
1633 1060 1739 1102 non
1768 1049 1983 1099 coactus

288 1200 292 1205 ι
402 1159 549 1214 venit
575 1155 644 1211 ad
682 1166 892 1208 crucem
931 1146 1139 1203 Domini
1171 1162 1184 1197 :
1211 1158 1332 1199 cum
1371 1139 1550 1196 caeteri
1601 1133 1981 1197 formidarent,

405 1248 561 1321 petiit
585 1262 613 1299 a
655 1244 820 1299 Pilato
844 1236 1205 1309 sepeliendum
1246 1248 1439 1303 corpus
1467 1228 1695 1321 Domini,
1722 1225 1789 1281 de
1824 1224 1975 1321 liquo

407 1313 670 1407 deposuit,
698 1333 983 1387 obsecutus
1018 1334 1100 1381 est
1124 1324 1315 1390 funeri,
1347 1322 1398 1375 in
1419 1318 1662 1390 sepulcro
1706 1313 1984 1407 condidit,

408 1405 646 1484 laudatus
670 1423 830 1479 estin
863 1416 1145 1487 Evangelio
1172 1412 1378 1483 (Matth.
1411 1425 1574 1473 xxvn,
1601 1406 1811 1474 ὅτ’-60).
1853 1405 1987 1469 Quia

409 1531 538 1588 ergo
574 1514 643 1570 de
689 1510 1007 1567 Arimatlnea
1049 1507 1145 1561 fuit
1195 1505 1303 1575 iste.
1339 1501 1458 1572 pius
1483 1506 1686 1553 tantum
1730 1493 1989 1588 exhibens

409 1581 723 1675 obsequium
767 1600 977 1669 corpori
1013 1593 1242 1661 Domini,
1290 1592 1342 1646 in
1387 1588 1705 1645 Arimatlnea
1735 1581 1992 1675 remansit

413 1671 689 1753 Ecclesia?
720 1694 825 1747 Aut
863 1690 909 1745 si
955 1686 1122 1757 magis
1153 1699 1249 1738 vos
1300 1681 1530 1736 delectat
1571 1676 1896 1747 angariatus,
1938 1671 1989 1726 id

412 1798 516 1854 est,
562 1787 654 1856 qui
697 1784 903 1853 cogitur
928 1780 1118 1834 tollere
1157 1789 1370 1830 crucem
1402 1791 1415 1825 :
1446 1778 1592 1826 recte
1632 1781 1761 1856 ergo
1796 1764 1994 1856 faciunt

413 1854 761 1947 imperatores
821 1867 1104 1931 catholici,
1161 1864 1252 1935 qui
1307 1876 1403 1917 vos
1452 1866 1648 1930 cogunt
1692 1855 1757 1910 ad
1814 1854 1992 1909 unita-

414 1980 547 2026 tem.

889 2047 1119 2108 SERMO
1160 2043 1340 2101 xum
1365 2045 1385 2068 ο
1411 2041 1509 2115 (a).

418 2151 498 2205 De
516 2148 709 2211 auibus,
738 2145 794 2198 in
835 2140 1065 2197 Ezechiel
1089 2154 1205 2206 cap.
1236 2150 1423 2198 xxxiv,
1447 2130 1635 2196 17-51,
1670 2128 1733 2182 ab
1752 2127 1854 2181 illis
1883 2140 1993 2179 vcr~

487 2239 582 2301 bis.
614 2236 680 2291 Et
703 2247 801 2289 vos
819 2246 947 2286 oves
971 2243 1123 2293 mete,
1154 2235 1275 2293 etc.,
1294 2239 1469 2293 usque,
1498 2221 1566 2276 Et
1601 2234 1701 2290 ego
1727 2219 1866 2275 Deus
1907 2231 2000 2270 ιε·-

487 2340 618 2394 ster,
645 2324 775 2380 dicit
800 2320 1058 2377 Dominus
1085 2318 1243 2371 Deus.
1271 2313 1460 2368 Contra
1484 2309 1776 2364 Donatistas
1807 2304 1898 2379 (ὁ).

488 2436 713 2495 CAPUT
747 2430 1028 2490 PRlMUM.
1053 2459 1123 2469 -
1161 2429 1213 2482 1.
1263 2423 1394 2480 Oves
1441 2438 1643 2494 pascuae
1670 2430 1717 2475 et
1758 2433 2000 2473 manuum

422 2529 518 2584 Dei
552 2542 743 2582 sumus.
791 2522 962 2578 Verba
991 2533 1110 2591 quas
1149 2515 1500 2578 cantavimus,
1552 2512 1830 2567 continent
1870 2524 2000 2580 pro-

420 2619 705 2675 fessionem
734 2621 994 2674 nostram,
1039 2608 1162 2679 quia
1206 2620 1334 2660 oves
1379 2604 1473 2658 Dei
1503 2616 1686 2657 sumus
1718 2618 1733 2655 :
1774 2614 1873 2657 nec
1904 2601 2003 2655 im-

421 2698 646 2781 portune
674 2704 939 2775 poscimus
966 2714 1088 2755 cum
1133 2695 1384 2769 lacrymis
1413 2694 1528 2764 ejus
1558 2692 1999 2756 misericordiam,

421 2802 573 2870 cujus
609 2812 738 2853 oves
779 2808 983 2849 sumus.
1030 2791 1270 2855 Diximus
1317 2788 1458 2843 enim
1503 2805 1517 2841 :
1559 2785 1830 2842 .Ploremus
1889 2795 2007 2840 ante

422 2891 718 2955 Dominum,
759 2887 846 2958 qui
887 2885 1002 2956 fecit
1044 2899 1172 2950 nos;
1216 2881 1453 2952 quoniam
1500 2880 1610 2951 ipa:
1646 2889 1718 2934 est
1755 2878 2005 2933 Dominus

426 2982 563 3037 Deus
597 2990 782 3035 noster.
822 2975 901 3032 Ne
940 2974 1218 3046 quisquam
1247 2972 1464 3042 plorans
1494 2985 1552 3026 se
1580 2968 1818 3024 exaudiri
1845 2983 2005 3041 posse

424 3073 691 3143 desperet,
720 3074 1132 3143 commemorata
1160 3072 1241 3118 est
1270 3060 1606 3118 necessitudo
1631 3059 1873 3130 qumtlam
1906 3074 2002 3114 ex-

425 3140 673 3217 audiendi
716 3173 814 3214 nos
858 3158 969 3212 Deo
999 3171 1015 3209 :
1047 3140 1297 3221 Quoniam
1324 3153 1433 3222 ipse
1469 3160 1541 3206 est
1579 3149 1827 3205 Dominus
1868 3148 2006 3204 Deus

426 3262 614 3317 noster,
661 3251 748 3320 qui
789 3249 908 3321 fecit
948 3258 1058 3301 nos.
1103 3245 1201 3300 llle
1240 3244 1375 3298 Deus
1420 3252 1627 3297 noster:
1654 3258 1746 3295 nos
1788 3241 2007 3312 populus

427 3358 629 3417 pascua:
662 3345 774 3414 ejus
797 3351 843 3396 et
871 3356 982 3394 oves
1011 3352 1249 3392 manuum
1274 3337 1380 3406 ejus
1407 3336 1423 3366 ¹
1444 3331 1613 3408 (Psnl.
1644 3348 1787 3398 χειν,
1819 3333 2004 3402 6et7).

427 3435 675 3491 Pastores
719 3432 978 3494 homines,
1019 3428 1102 3483 vel
1142 3430 1301 3483 etiam
1350 3427 1757 3496 patresfamilias
1805 3424 2007 3480 domini

426 3534 704 3594 pecorum,
737 3534 864 3574 oves
892 3533 1022 3588 quas
1048 3516 1264 3582 habent,
1297 3530 1401 3570 non
1445 3515 1543 3585 ipsi
1575 3516 1847 3579 iecerunt;
1880 3529 2017 3569 oves

425 3628 560 3684 quas
587 3617 828 3682 pascunt,
856 3624 959 3663 non
989 3608 1088 3678 ipsi
1112 3616 1428 3662 creaverunt
1459 3622 1473 3658 :
1499 3614 1678 3661 uoster
1700 3615 1874 3660 autem
1905 3606 2008 3660 Do-

429 3703 606 3757 minus
631 3700 794 3766 Deus,
826 3697 948 3769 quia
979 3697 1117 3751 Deus
1139 3705 1193 3751 et
1221 3704 1430 3751 creator
1453 3705 1555 3762 est,
1588 3694 1713 3751 fecit
1749 3696 1848 3751 sibi
1877 3711 2007 3752 oves

428 3808 561 3863 quas
584 3791 793 3855 habeat,
826 3798 883 3845 et
905 3803 1038 3859 quas
1065 3796 1280 3858 pascat;
1312 3803 1411 3843 nec
1437 3788 1574 3843 alter
1599 3788 1845 3855 instituit,
1877 3805 2010 3858 quas

429 3883 544 3952 ipse
569 3882 773 3952 pascit;
801 3894 900 3935 nec
924 3895 1056 3949 quas
1083 3879 1197 3948 ipse
1220 3878 1464 3943 instituit,
1491 3878 1627 3932 alter
1668 3880 1850 3948 pascit.
1883 3879 2009 3934 Pio-

429 3987 612 4029 remus
633 3986 762 4042 ergo
789 3980 913 4027 ante
951 3971 1119 4027 illum.
1152 3969 1332 4040 Neque
1356 3970 1497 4026 enim
1527 3971 1579 4024 in
1618 3970 1758 4026 bono
1785 3987 1968 4028 sumus
1992 4014 2008 4039 ,

429 4079 548 4119 cum
597 4064 649 4119 in
695 4062 798 4119 hoc
846 4062 1042 4117 saeculo
1078 4075 1282 4116 sumus.
1332 4058 1468 4116 Cum
1497 4060 1639 4117 enim
1682 4062 2011 4132 placebimus

436 4154 659 4209 Domino
683 4153 737 4208 in
777 4153 994 4223 regione
1017 4153 1278 4221 vivorum,
1306 4159 1433 4208 tunc
1468 4152 1812 4225 detergentur
1834 4155 2009 4229 lacry-

433 4260 534 4299 inte
559 4253 789 4309 nostrae;
816 4251 871 4299 et
892 4243 1134 4300 dicemus
1161 4245 1210 4300 ei
1236 4244 1441 4313 laudes,
1484 4243 1573 4316 qui
1601 4261 1700 4303 nos
1721 4249 1915 4304 exemit
1944 4248 2012 4306 de

436 4334 659 4389 vinculis
681 4333 885 4395 mortis,
907 4332 1070 4402 pedes
1090 4343 1303 4389 nostros
1327 4350 1355 4387 a
1381 4334 1557 4404 lapsu,
1586 4337 1771 4393 oculos
1797 4348 2012 4396 nostros

430 4439 461 4477 a
504 4423 771 4495 lacrymis,
819 4430 875 4475 ut
916 4422 1220 4492 placeamus
1248 4423 1473 4478 Domino
1515 4425 1569 4479 in
1615 4428 1832 4498 regione
1860 4431 2009 4485 vivo-

433 4527 551 4565 rum
581 4509 750 4582 (Psal.
781 4524 920 4575 cstv,
950 4511 1042 4566 8et
1058 4509 1114 4582 9)
1141 4529 1154 4565 :
1188 4512 1309 4581 quia
1356 4511 1571 4568 difllcile
1600 4526 1683 4571 cst
1725 4529 1783 4572 ut
1820 4521 1868 4575 ei
1901 4521 2012 4590 pla-

432 4610 617 4656 ceatur
642 4600 693 4655 in
723 4600 938 4669 regione
965 4608 1314 4655 mortuorum.
1350 4602 1444 4656 Est
1468 4612 1644 4659 autem
1674 4615 1731 4662 et
1758 4609 1843 4664 hic
1873 4612 2012 4669 unde

435 4692 508 4746 illi
532 4692 851 4761 placeamus,
867 4691 987 4763 ejus
1002 4693 1417 4749 misericordiam
1436 4696 1488 4750 in
1503 4713 1600 4753 nos
1620 4698 2011 4772 deprecando,a

432 4785 666 4855 peccatis
681 4799 797 4851 nos,
815 4795 1066 4856 quantum
1091 4801 1386 4857 possumus,
1419 4790 1755 4862 abstinendo,
1772 4796 1822 4850 in
1846 4815 2011 4869 quau.

434 4890 546 4931 tam
566 4884 745 4932 autem
759 4892 864 4932 non
884 4892 1184 4947 possumus,
1206 4881 1507 4937 confitendo
1521 4893 1678 4955 atque
1689 4887 2009 4959 plangendo.

431 4968 507 5023 ita
535 4969 589 5023 in
617 4966 715 5023 hac
745 4967 848 5023 vita
880 4980 1364 5046 sumussperantcs
1388 4974 1543 5030 aliam
1575 4978 1760 5046 vitam,
1793 4983 2010 5052 ploran-

430 5070 514 5115 tes
541 5061 591 5114 in
620 5074 716 5131 spe
748 5078 761 5114 :
803 5061 911 5116 imo
957 5062 1227 5132 plorantes
1263 5065 1316 5120 in
1366 5082 1443 5133 rc,
1482 5070 1772 5140 gaudentes
1800 5075 1850 5131 in
1890 5092 2007 5148 ευρ.

500 5148 557 5203 9..
604 5147 831 5206 Pastoris
872 5169 967 5209 vos
1014 5170 1129 5209 cum
1178 5165 1392 5213 tremore
1438 5161 1711 5217 audienda.
1781 5147 2008 5226 Professi

496 5290 981 5375 Σὲἒίυὲὲἐένςιει
997 5310 1118 5362 ον’*
1140 5312 1368 5350 mm
1383 5301 1504 5363 em-
1518 5306 1688 5358 Veﬁns
1709 5314 1782 5359 εν-
1809 5319 1859 5362 et
1881 5319 2009 5375 tam.

430 5359 478 5404 et
490 5364 597 5419 ques
616 5368 844 5419 mutuum
863 5359 984 5419 ejus.

498 5415 514 5489 ς
541 5415 931 5489 newgnitusest
966 5418 1027 5489 ad
1047 5431 1219 5471 omnes
1248 5423 1441 5489 codices
1470 5427 1674 5489 scriptos
1711 5438 1762 5482 et
1801 5445 2009 5487 excuses

432 5476 884 5599 quiainAisiemnfo
885 5482 1038 5594 1ξζιίξιιόο
1075 5484 1372 5547 prmedenti
1402 5476 1736 5551 desigtiuutur:

438 5649 452 5654 _
493 5536 568 5654 ibi
599 5605 714 5650 Loca
738 5615 801 5652 ex
825 5606 914 5654 hoc
937 5581 1136 5654 tractatu
1159 5608 1309 5654 refert
1335 5607 1499 5654 Florus
1518 5610 1574 5654 atl
1596 5620 1705 5654 nnm

437 5596 568 5707 lmiz)
599 5596 801 5652 Loca'ex
825 5606 914 5657 hoc
937 5617 1136 5660 tractatu
1159 5608 1313 5661 refert
1335 5607 1499 5661 Florus
1518 5610 1576 5661 ad
1596 5620 1723 5665 nom.
1758 5631 1802 5675 ι,
1839 5627 1890 5670 ct
1920 5630 2007 5675 Ga-

2083 515 2292 571 pascum
2317 500 2452 570 ejus,
2486 513 2615 554 oves
2650 505 2898 554 manuum
2940 496 3089 567 eius;
3116 496 3397 553 audiamus
3434 497 3562 568 quid
3591 498 3658 554 ad

2084 607 2183 647 nos
2196 592 2461 668 loquatur,
2487 600 2733 661 tanquam
2749 590 2815 644 ad
2829 604 2957 645 oves
2976 603 3117 644 suas.
3136 588 3346 644 Pridem
3364 589 3665 658 pastoribus

2087 681 2405 751 loquebatur
2439 681 2711 753 superiore
2740 680 2969 738 lectione
2986 694 2999 730 :
3019 680 3266 748 praesenti
3293 687 3472 736 autem
3493 688 3550 734 et
3574 682 3669 736 ho-

2084 769 2268 825 dierna
2313 770 2501 826 ovibus
2529 770 2777 839 loquitur.
2812 769 2867 823 In
2897 767 3000 823 illis
3026 782 3154 839 ergo
3179 768 3298 838 ejus
3335 769 3514 825 verbis
3559 785 3663 826 niis

2085 878 2208 918 cum
2246 873 2478 919 tremore
2521 862 2888 925 audiebamus,
2915 875 3010 918 vos
3033 874 3152 915 cum
3191 860 3667 932 securitate:un

2086 968 2215 1024 ergo
2239 953 2294 1008 in
2323 953 2434 1008 istis
2462 953 2640 1008 verbis
2668 951 2979 1007 hodiernis?
3003 951 3265 1021 Numquid
3301 951 3538 1006 vicissim
3570 966 3671 1007 nos

2088 1060 2209 1100 eum
2250 1044 2558 1111 securitate,
2575 1058 2672 1099 vos
2690 1058 2810 1098 cum
2838 1041 3107 1098 tremore?
3146 1041 3262 1096 Non
3310 1041 3509 1112 utique.
3555 1041 3673 1097 Pri-

2091 1150 2202 1201 nio,
2249 1135 2368 1206 quia
2416 1135 2517 1190 etsi
2572 1142 2814 1204 pastores
2863 1148 3083 1199 sumus,
3109 1140 3295 1202 pastor
3341 1147 3444 1188 non
3497 1133 3672 1188 solum

2091 1221 2232 1297 quod
2281 1227 2474 1281 dicitur
2500 1225 2571 1279 ad
2603 1236 2865 1295 pastores,
2898 1240 3019 1280 cum
3072 1234 3304 1279 tremore
3349 1223 3529 1290 audit,
3578 1223 3676 1279 sed

2095 1319 2256 1372 etiam
2295 1315 2436 1386 quod
2473 1316 2665 1372 dicit::r
2683 1316 2748 1368 ad
2774 1330 2922 1371 oves.
2977 1314 3034 1370 Si
3078 1315 3220 1369 enim
3268 1328 3487 1369 securus
3529 1315 3681 1369 audit

2094 1407 2238 1477 quod
2287 1405 2354 1461 ad
2404 1421 2532 1462 oves
2572 1406 2786 1471 dicitur,
2813 1422 2916 1459 non
2943 1414 3023 1459 est
3070 1405 3144 1459 illi
3184 1420 3311 1459 cura
3358 1405 3425 1459 de
3465 1406 3675 1461 ovibus.

2097 1497 2303 1553 Deinde
2338 1497 2449 1567 jam
2492 1506 2550 1552 et
2594 1506 2720 1552 tunc
2760 1497 2990 1552 diximus
3020 1495 3279 1552 Charitati
3319 1506 3532 1565 vestrae,
3569 1497 3679 1554 duo

2095 1586 2335 1657 quadam
2380 1588 2432 1641 in
2481 1586 2634 1643 nobis
2678 1601 2798 1641 esse
2843 1585 3226 1641 ctmsiderandu
3258 1603 3497 1654 :unum,
3535 1588 3679 1657 quod

2095 1679 2371 1734 christiani
2431 1690 2649 1742 smnus;
2696 1679 2923 1733 altrrum
2979 1678 3118 1749 quod
3168 1679 3432 1748 przrpositi
3472 1694 3681 1734 sumus.

2097 1771 2249 1840 Quod
2280 1787 2407 1841 ergo
2438 1770 2705 1841 praepositi
2753 1786 2935 1826 sumus
2961 1813 2974 1832 .
3021 1771 3160 1824 inter
3184 1780 3427 1839 pastores
3455 1768 3685 1838 deputa-

2100 1880 2240 1931 mur,
2280 1864 2324 1918 si
2368 1864 2491 1919 boni
2531 1878 2754 1918 sumus:
2786 1863 2926 1933 quod
2952 1872 3127 1917 autem
3154 1861 3428 1917 christiani
3463 1878 3681 1929 sumus,

2098 1964 2155 2009 et
2200 1970 2299 2009 nos
2360 1953 2633 2008 vobiscum
2697 1968 2824 2009 oves
2862 1965 3074 2027 ‘sum'us
3114 1952 3229 2023 (Ιιι
3274 1953 3535 2022 superiore
3579 1968 3685 2008 sa-

2101 2066 2268 2115 mone,
2291 2067 2344 2103 ιι.
2371 2049 2456 2120 2).
2484 2049 2610 2105 Sive
2632 2065 2760 2119 ergo
2783 2049 3041 2103 Dominus
3079 2048 3379 2118 past..ribus
3414 2048 3685 2118 loquatur,

2101 2140 2213 2195 sive
2238 2140 2443 2201 ovibus,
2469 2155 2569 2194 nos
2612 2140 2790 2193 omnia
2819 2154 2939 2194 cum
2967 2147 3199 2194 tremore
3223 2147 3432 2208 oportet
3459 2137 3645 2194 audire
3669 2157 3685 2194 :

2105 2244 2202 2284 nec
2229 2231 2443 2285 recedat
2470 2229 2770 2286 sollicitudo
2795 2229 2863 2284 de
2887 2229 3135 2285 cordibus
3158 2231 3359 2286 nostris
3377 2270 3391 2294 ,
3420 2238 3477 2285 ut
3501 2231 3687 2301 plore-

2106 2336 2223 2376 tnus
2251 2330 2373 2377 ante
2393 2322 2673 2378 Dominum
2694 2323 2783 2393 qui
2813 2320 2937 2377 fecit
2960 2337 3078 2378 nos.
3584 2350 3587 2355 -

2173 2411 2398 2469 CAPUT
2430 2413 2490 2467 Il.
2523 2443 2591 2454 --
2637 2415 2688 2468 '5.
2741 2413 2916 2485 (ἐνρρίε
2954 2413 3055 2469 Dei
3092 2417 3353 2468 securitas.
3399 2414 3694 2471 Audiamus

2106 2505 2283 2574 itaque
2302 2544 2316 2565 ,
2348 2505 2537 2560 inttres
2561 2547 2575 2570 ,
2608 2504 2748 2559 unde
2776 2502 3033 2559 Dominus
3056 2518 3185 2559 oves
3224 2505 3495 2574 improbas
3514 2508 3693 2562 corri-

2106 2595 2247 2664 piat,
2285 2603 2342 2649 et
2378 2594 2505 2663 quid
2549 2595 2824 2663 promittat
2857 2594 3048 2649 ovibus
3072 2594 3204 2652 suis.
3258 2594 3327 2649 Et
3353 2612 3468 2664 ros,
3497 2596 3689 2668 inquit,

2107 2700 2221 2739 ores
2265 2699 2391 2739 mae
2414 2725 2430 2750 ,
2478 2684 2585 2739 Ita’c
2612 2684 2734 2738 dicit
2760 2684 3007 2740 Dominus
3033 2685 3189 2740 Deus.
3234 2687 3451 2753 Primo,
3495 2698 3694 2759 quanta

2111 2774 2334 2831 felicitas
2357 2784 2460 2842 est,
2488 2789 2607 2830 esse
2630 2790 2842 2847 gregem
2871 2777 2986 2840 Dei,
3020 2777 3063 2831 si
3089 2776 3207 2847 quis
3225 2777 3442 2848 cogitet,
3472 2776 3691 2846 fratres,

2111 2867 2271 2923 etiam
2299 2867 2353 2922 in
2385 2867 2502 2922 istis
2528 2867 2782 2939 laerymis
2818 2877 2871 2923 et
2902 2869 2953 2923 in
2987 2869 3100 2923 istis
3123 2869 3550 2926 tribulationibus
3576 2885 3698 2925 ma-

2108 2973 2271 3028 gnum
2298 2958 2573 3029 gaudium
2598 2959 2845 3028 concipit.
2891 2959 3073 3030 Neque
3113 2961 3255 3016 enim
3303 2961 3357 3015 in
3384 2961 3501 3030 ejus
3533 2975 3701 3033 grege

2110 3056 2193 3133 εει
2211 3087 2229 3114 ,
2254 3062 2414 3119 quem
2446 3048 2556 3118 lupi
2578 3056 2800 3119 possunt
2824 3047 3093 3119 ilagellare
3112 3091 3126 3113 ,
3154 3058 3246 3104 aut
3269 3046 3429 3119 cujus
3447 3064 3699 3105 somnum

2118 3145 2582 3207 possuntcaptare
2608 3137 2907 3207 praedones.
2937 3138 3015 3192 Illi
3043 3139 3185 3193 enim
3224 3139 3424 3193 dictum
3451 3151 3566 3205 est,
3596 3138 3702 3206 Qui

2113 3228 2277 3296 poscis
2321 3226 2485 3299 Israel
2529 3223 2700 3298 (Paul.
2734 3242 2923 3294 usus,
2960 3228 3062 3294 2’);
3116 3227 3184 3284 de
3216 3244 3326 3299 quo
3363 3229 3561 3285 dictum
3591 3239 3700 3296 est,

2115 3315 2235 3371 Non
2274 3317 2523 3383 dormiet,
2570 3327 2727 3388 neque
2767 3319 3091 3384 dormitabit,
3142 3320 3229 3387 qui
3276 3319 3492 3373 custodit
3535 3318 3706 3376 Israel

2112 3408 2286 3477 (Psal.
2318 3425 2421 3464 cxx
2441 3449 2456 3475 ,
2485 3409 2565 3480 4).
2614 3408 2809 3481 Vigilat
2838 3425 2971 3480 ergo
3014 3410 3104 3465 ille
3128 3425 3291 3480 super
3318 3424 3415 3467 nos
3439 3410 3708 3482 vigilanti-

2113 3499 2214 3554 bus
2236 3502 2425 3566 nobis,
2453 3501 2635 3569 vigilat
2667 3511 2722 3557 et
2753 3502 3143 3557 dormientibus
3179 3503 3350 3558 nobis.
3390 3501 3447 3559 Si
3474 3518 3604 3574 ergo
3632 3502 3709 3560 de

2112 3598 2331 3661 pastore
2360 3590 2577 3647 homine
2616 3606 2862 3647 securum
2889 3602 3163 3661 cst'pecus
3191 3592 3458 3659 hominis;
3501 3603 3707 3665 quanta

2113 3680 2273 3736 debet
2297 3696 2417 3738 esse
2446 3692 2625 3737 nostra
2648 3684 2906 3738 securitas
2926 3694 3174 3752 pascente
3198 3685 3327 3751 lico,
3357 3701 3460 3741 non
3493 3694 3706 3741 tantum

2113 3771 2235 3843 quia
2260 3772 2423 3841 pascit
2455 3787 2574 3839 nos,
2601 3771 2696 3827 scd
2724 3773 2883 3827 etiam
2905 3773 3027 3844 quia
3053 3773 3175 3830 fecit
3202 3776 3338 3830 nos?

2185 3861 2412 3919 CAPUT
2443 3861 2529 3917 lli.
2558 3892 2629 3904 --
2667 3864 2722 3916 ι.
2760 3861 2870 3918 Vsa:
2912 3866 3130 3933 pastoris
3173 3881 3304 3919 nunc
3341 3866 3580 3935 teinporis
3605 3882 3707 3919 sa-

2115 3951 2322 4006 diendn.
2399 3951 2510 4008 Una
2538 3959 2827 4008 estnostra
2871 3952 3214 4022 sollicitudo,
3262 3969 3386 4026 qua:
3413 3955 3569 4011 nobis
3598 3957 3709 4011 im-

2116 4040 2330 4111 ponitur
2348 4083 2364 4107 ,
2401 4041 2586 4098 audire
2612 4057 2800 4099 vocem
2829 4043 3056 4114 pastoris
3089 4062 3103 4099 :
3133 4054 3188 4100 et
3211 4056 3295 4101 est
3324 4060 3464 4101 nunc
3490 4054 3708 4117 tempus

2114 4132 2397 4200 audiendi,
2437 4133 2561 4203 quia
2603 4132 2693 4188 ille
2731 4133 2963 4190 nondum
3020 4136 3307 4206 assumpsit
3342 4144 3556 4210 tempus
3616 4139 3709 4209 iu-

2115 4224 2346 4280 dicandi.
2402 4225 2501 4293 Qui
2525 4225 2778 4297 loquitur,
2801 4225 2962 4283 modo
2992 4235 3152 4283 tacet.
3189 4228 3449 4300 Loquitur
3469 4230 3620 4286 enim
3647 4230 3706 4285 in

2118 4311 2408 4384 piteccpto,
2434 4322 2575 4369 tacet
2597 4315 2649 4369 in
2666 4314 2887 4384 judicio.
2920 4314 3044 4371 ideo
3061 4315 3191 4373 dicit
3215 4318 3444 4387 quodam
3466 4318 3520 4374 in
3546 4319 3704 4375 loco:

2119 4402 2311 4470 Tacui;
2340 4404 2583 4475 numquid
2619 4421 2815 4476 semper
2842 4406 3012 4462 tacebo
3034 4405 3184 4476 (ἔδει.
3213 4423 3323 4463 nu
3344 4449 3361 4475 ,
3396 4406 3484 4481 ιι)
3503 4408 3530 4463 τ
3556 4409 3707 4478 Quo-
3734 4403 3744 4437 '

2119 4494 2280 4549 modo
2321 4495 2518 4562 tacuit,
2553 4511 2673 4551 cum
2707 4495 2810 4552 hoc
2833 4497 3009 4568 ipsum
3038 4498 3303 4569 loquendo
3324 4498 3560 4554 dixerit?
3602 4500 3709 4568 Qui

2116 4584 2270 4649 dicit,
2321 4584 2516 4651 Tacui,
2557 4601 2663 4640 non
2690 4595 2828 4642 tacet
2856 4603 2873 4642 :
2904 4582 3040 4659 qu'u'
3064 4599 3121 4644 et
3161 4589 3263 4645 hoc
3300 4590 3473 4661 ipsum
3502 4590 3707 4659 dicere,

2121 4673 2318 4739 Tacui,
2368 4690 2473 4730 non
2515 4685 2694 4732 tacere
2730 4686 2831 4732 est.
2881 4679 3053 4733 Audio
3084 4694 3212 4751 ergo
3239 4689 3293 4737 te
3317 4682 3624 4753 loquentem
3650 4683 3709 4738 in

2120 4773 2199 4819 tot
2245 4766 2526 4835 prteceptis
2544 4807 2560 4834 ,
2589 4766 2641 4820 in
2673 4775 2752 4822 tot
2777 4769 3126 4824 sacramentis
3146 4813 3160 4835 ,
3194 4770 3246 4826 in
3276 4779 3354 4837 tot
3382 4774 3627 4843 paginis,
3650 4774 3709 4828 in

2120 4866 2198 4912 tot
2224 4858 2371 4912 libris
2404 4875 2417 4912 :
2447 4858 2606 4913 audio
2625 4858 2856 4930 denique
2887 4861 2938 4914 in
2960 4860 3062 4918 hoc
3083 4864 3197 4933 ipso
3226 4864 3367 4934 quod
3394 4864 3529 4921 dicis
3553 4907 3569 4930 ,
3600 4865 3708 4920 Ta-

2117 4949 2231 5012 cui,
2273 4950 2515 5019 nuntqttid
2541 4967 2739 5021 semper
2762 4951 2931 5007 tacebo
2947 4953 2974 5007 ?
3009 4954 3286 5021 Quomodo
3307 4970 3440 5027 ergo
3460 4958 3708 5025 Iacuisti?

2117 5039 2247 5105 Quia
2280 5034 2512 5094 nondum
2539 5039 2659 5096 dico
2681 5082 2694 5107 ,
2734 5040 2932 5108 Venite,
2961 5044 3202 5099 benedicti
3233 5044 3404 5101 Patris
3430 5048 3555 5113 mei,
3585 5043 3706 5118 ρει-

2118 5129 2273 5195 cipite
2298 5146 2544 5199 regnum;
2591 5140 2646 5186 et
2685 5133 2918 5189 nondum
2942 5134 3064 5189 dico
3091 5136 3209 5191 aliis
3231 5178 3246 5202 ,
3278 5135 3360 5191 Ite
3379 5179 3395 5201 ,
3426 5139 3701 5203 maledicti,

2118 5234 2167 5272 tn
2194 5220 2359 5290 ignem
2385 5232 2625 5275 azternum
2645 5262 2661 5289 ,
2701 5223 2787 5293 qui
2813 5234 3129 5296 praeparatus
3155 5236 3225 5281 est
3251 5227 3449 5282 diabolo
3470 5238 3517 5282 et
3544 5246 3705 5296 ange-

2116 5313 2180 5366 lis
2195 5314 2306 5380 ejus
2332 5311 2543 5384 (Mattlt.
2572 5330 2707 5382 xxv,
2731 5317 2821 5382 54,
2841 5318 2932 5387 Η)
2967 5336 2980 5373 :
3009 5328 3066 5374 et
3092 5319 3206 5375 lucc
3235 5320 3442 5389 ipsaita
3468 5323 3703 5377 nondum

2117 5400 2266 5468 dico,
2290 5413 2350 5458 ut
2367 5403 2477 5474 jam
2506 5406 2790 5475 praedicam
2822 5409 2860 5462 ⁸.
2894 5408 3147 5466 Uitimam
3177 5414 3514 5480 sententiam,
3541 5430 3702 5485 quam

2116 5490 2352 5550 dicturus
2389 5504 2470 5551 est
2502 5495 2665 5567 judex
2688 5539 2702 5560 ,
2753 5499 2803 5552 in
2848 5500 3039 5557 tabella
3067 5504 3363 5572 scripturus
3390 5520 3547 5559 manu
3583 5520 3700 5571 sua,

2180 5629 2193 5661 ί
2221 5634 2293 5704 Er.
2320 5628 2453 5704 vlim.
2489 5638 2539 5680 et
2562 5637 2672 5704 ιρι.
2696 5647 2707 5681 :
2735 5634 3020 5704 [tuendum
3042 5640 3147 5689 Invc
3169 5636 3273 5704 ipsa
3294 5637 3361 5691 ita
3379 5639 3506 5703 dico,
3533 5638 3703 5702 utﬁt!!!

2115 5694 2389 5756 pra'tlicrri.
2415 5694 2731 5744 Fsuendantur
2754 5695 2812 5744 ad
2837 5702 2943 5748 uss.
