3988 6190
287 332 397 392 S97

296 445 437 501 ultra
461 452 624 513 quam
649 434 967 493 sententiam
989 432 1117 487 nihil
1140 430 1249 502 jam
1266 427 1596 500 judicaturus
1621 432 1722 488 est,
1757 437 1878 492 par-

295 546 382 591 tes
429 546 541 588 non
592 528 815 584 audiunt
846 543 859 579 :
896 523 1002 579 illis
1047 521 1189 578 foras
1238 517 1555 575 exeuntibus
1609 513 1877 569 scribitur.

296 622 552 682 Attonitae
580 626 707 674 sunt
743 615 915 670 ambae
942 621 1122 684 partes
1145 620 1304 681 atque
1343 620 1616 678 suspensa:
1639 645 1653 670 ,
1700 611 1882 658 contra

294 730 457 788 quam
481 712 566 779 vel
597 725 696 780 pro
721 722 822 778 qua
850 704 1113 763 sententia
1145 702 1285 758 illius
1324 697 1595 770 procedat.
1638 695 1882 788 biagnum

296 785 563 864 secretum
576 798 794 871 judieis,
810 794 951 851 unde
968 792 1311 850 secretarium
1329 789 1650 844 nominatur.
1669 785 1887 854 Magnus

297 899 461 952 timor
484 905 672 949 eorum
701 888 792 958 qui
821 886 873 941 in
913 900 1071 942 causa
1097 892 1258 946 sunt;
1302 878 1428 950 quid
1455 878 1544 933 ille
1566 877 1805 945 cogitet,
1835 882 1901 928 et.

299 985 429 1059 quid
455 982 662 1039 scribat
690 979 965 1050 ignoratur
990 992 1005 1029 :
1030 982 1086 1030 et
1113 974 1272 1028 homo
1294 977 1398 1037 est,
1425 978 1480 1024 et
1505 966 1580 1022 illi
1604 966 1672 1021 de
1699 965 1891 1059 quibus

300 1057 391 1134 ille
430 1075 671 1146 judicat,
715 1071 898 1140 utique
940 1066 1186 1122 homines
1226 1070 1368 1118 sunt.
1417 1060 1510 1116 Ille
1550 1067 1727 1113 autem
1752 1057 1892 1112 Deus

304 1180 488 1225 noster
512 1175 625 1229 est,
665 1172 719 1219 et
748 1177 850 1218 nos
877 1159 1100 1231 populus
1136 1170 1344 1226 pascua:
1378 1154 1494 1224 ejus
1529 1160 1582 1207 et
1616 1167 1748 1206 oves
1773 1164 1891 1204 ma-

305 1275 470 1316 nuum
510 1257 651 1328 ejus.
703 1255 771 1309 Et
805 1267 929 1308 cum
959 1250 1030 1304 sit
1074 1247 1165 1302 ille
1187 1246 1409 1300 Creatur
1430 1285 1444 1309 ,
1491 1258 1588 1298 nos
1612 1250 1890 1304 creatura;

302 1353 397 1409 ille
446 1347 795 1411 immortalis,
846 1357 944 1398 nos
983 1340 1274 1404 mortales;
1325 1338 1412 1393 ille
1451 1335 1765 1401 invisibilis,
1797 1347 1894 1389 nos

302 1444 577 1507 visibiles;
608 1439 777 1495 noluit
802 1451 901 1491 nos
922 1435 973 1489 iu
1000 1433 1102 1488 bac
1124 1432 1230 1487 vita
1258 1432 1445 1492 latere,
1472 1442 1629 1498 quam
1658 1426 1894 1480 ultimam

303 1533 631 1591 sententiam
678 1528 731 1583 in
785 1526 892 1581 fine
935 1523 1177 1580 dicturus
1221 1521 1312 1575 sit.
1358 1518 1528 1575 Nemo
1573 1526 1696 1570 ante
1745 1514 1893 1581 dicit,

307 1628 551 1691 Itaumo,
595 1621 684 1693 qui
710 1620 822 1674 vult
845 1618 1100 1673 damnare
1128 1630 1143 1668 :
1174 1626 1334 1668 nemo
1358 1618 1483 1665 ante
1521 1607 1686 1674 dicit,
1716 1605 1893 1671 Fet-io,

305 1718 403 1789 qui
443 1716 555 1769 vult
591 1712 768 1767 ferire.

406 1806 635 1863 CAPUT
698 1803 786 1859 IV.
841 1830 913 1842 ——
957 1801 1010 1857 5.
1058 1797 1153 1852 Dei
1202 1794 1443 1868 patientia
1499 1793 1895 1848 rte-abutamur.

307 1903 501 1971 Magna
521 1912 650 1968 ergo
676 1896 885 1956 lenitas,
918 1907 1107 1961 magna
1132 1888 1512 1949 misericordia,
1533 1900 1721 1957 magna
1750 1902 1901 1939 man-

308 1990 544 2049 δηριαᾶο
572 2008 587 2043 :
618 1987 710 2043 sed
742 1987 785 2042 si
825 2002 930 2041 non
954 1984 1258 2039 .abutamnr
1287 1979 1537 2050 patientia
1567 1979 1683 2047 ejus
1711 1977 1775 2032 ad
1801 1992 1898 2032 no-

311 2094 484 2143 stram
512 2083 799 2152 nequitiam
826 2098 841 2144 ;
872 2089 926 2135 et
947 2079 1035 2132 illo
1062 2085 1241 2131 nostra
1276 2081 1518 2145 portante
1544 2081 1779 2141 peccata,
1805 2085 1902 2126 nos

309 2179 467 2251 quasi
513 2176 580 2230 ad
621 2173 914 2229 faciendum
942 2169 992 2226 ei
1030 2183 1163 2223 onus
1201 2179 1487 2238 augeamus
1526 2174 1736 2233 peccata
1776 2177 1900 2233 pec-

310 2271 496 2334 catis;
527 2268 674 2339 quasi
709 2273 767 2319 ut
793 2264 879 2318 ille
910 2262 1027 2332 plus
1055 2270 1253 2332 portet,
1297 2257 1384 2329 qui
1417 2272 1521 2311 non
1552 2255 1756 2309 laborat
1782 2268 1903 2308 cum

313 2372 499 2434 portat
527 2378 541 2415 :
569 2369 780 2431 peccata
812 2365 1027 2420 nostra,
1075 2354 1267 2424 quibus
1309 2350 1483 2405 adhuc
1524 2349 1730 2419 parcit,
1781 2347 1901 2416 quia

313 2456 500 2510 adhuc
524 2452 775 2515 sustinet,
805 2448 944 2502 illius
969 2444 1258 2499 ostendunt
1298 2441 1601 2512 patientiam
1623 2481 1638 2505 ,
1670 2446 1905 2492 nostram

314 2546 601 2602 cumulant
637 2543 919 2599 sarcinam.
971 2536 1221 2609 Ignoras,
1268 2535 1473 2604 inquit,
1508 2532 1628 2603 quia
1666 2530 1907 2601 patientia

315 2638 424 2693 Dei
447 2639 516 2689 ad
542 2634 878 2704 prandentium
901 2640 947 2685 te
964 2629 1208 2683 adducit?
1233 2625 1486 2680 Patientia
1510 2624 1595 2678 illa
1617 2632 1721 2690 est,
1748 2637 1906 2692 quam

319 2728 739 2785 taciturnitatem
771 2731 957 2784 vocat,
1000 2721 1067 2776 de
1094 2735 1196 2790 qua
1226 2720 1386 2782 dicit,
1428 2716 1624 2781 Tacui;
1663 2715 1909 2785 numquid

318 2835 527 2889 semper
561 2816 774 2870 tacebo?
820 2815 960 2883 Ergo
986 2826 1105 2865 omn
1136 2817 1377 2880 argueret
1403 2806 1659 2878 quosdam
1686 2848 1701 2873 ,
1732 2814 1785 2860 et
1823 2804 1909 2859 di-

317 2916 510 2973 oeret,
545 2908 642 2974 Qui
666 2905 911 2975 praedicas
944 2919 1042 2956 non
1077 2899 1377 2969 furandum,
1407 2898 1633 2967 furaris;
1665 2897 1750 2966 qni
1785 2894 1913 2950 dicis

326 3020 435 3059 non
458 2993 1161 3063 adulterandutn,adulteras,
1190 3000 1292 3047 etc.
1320 2991 1412 3052 ait,
1440 2991 1521 3042 An
1548 2986 1747 3042 divitias
1771 2986 1914 3041 boni-

321 3097 447 3150 tatis
472 3095 583 3164 ejus
605 3101 651 3145 et
681 3085 1081 3160 longanimitatis
1110 3082 1423 3138 contemnis?
1469 3082 1601 3150 Quia
1630 3081 1717 3135 ille
1742 3080 1913 3136 bonus

320 3194 445 3253 est,
486 3185 606 3254 quia
648 3179 965 3250 longanimis
985 3220 999 3242 ,
1034 3176 1152 3246 quia
1180 3174 1324 3229 videt
1348 3183 1402 3228 et
1438 3181 1593 3236 tacet,
1625 3173 1746 3244 quia
1772 3171 1913 3227 videt

326 3284 389 3331 et
418 3274 679 3335 sustinet,
724 3277 880 3339 putas
915 3268 1061 3321 illum
1101 3262 1385 3335 iniquum?
1422 3261 1638 3334 Ignoras
1673 3262 1790 3333 quia
1818 3278 1910 3331 pa-

325 3368 505 3423 tientia
529 3366 623 3419 Dei
654 3364 719 3416 ad
752 3361 1089 3433 pmnitentiam
1122 3368 1168 3411 te
1199 3355 1444 3410 adducit?
1472 3355 1539 3409 Et
1565 3353 1687 3410 vide
1711 3356 1754 3409 si
1777 3369 1919 3408 sem-

327 3475 433 3530 per
461 3456 671 3520 tacebit,
697 3454 786 3524 qui
815 3451 972 3506 modo
1002 3449 1179 3505 Iacet?
1206 3447 1280 3501 Tu
1301 3457 1487 3510 autem,
1515 3446 1713 3516 inquit,
1741 3462 1917 3499 secun-

328 3555 457 3607 dum
486 3550 723 3604 duritiam
767 3546 932 3599 cordis
974 3543 1046 3596 tui
1083 3550 1129 3595 et
1157 3557 1243 3594 cor
1277 3538 1591 3607 intpoznitens
1614 3577 1629 3602 ,
1672 3535 1918 3590 thesauri-

328 3663 425 3699 sas
453 3644 541 3697 tibi
566 3644 695 3694 iram
719 3640 772 3692 in
799 3638 881 3691 die
902 3637 993 3690 ira:
1024 3644 1071 3688 et
1096 3631 1406 3687 reuelationis
1418 3629 1550 3700 justi
1568 3624 1774 3699 judicii,
1800 3627 1913 3693 Dei,

330 3735 428 3810 qui
468 3734 639 3788 reddet
681 3730 951 3799 unicuique
993 3725 1264 3780 secundum
1304 3740 1456 3793 opt-ra
1493 3738 1584 3776 sua
1628 3721 1803 3791 (Rom.
1845 3735 1915 3782 II,

332 3830 371 3883 ι
402 3870 416 3888 ,
442 3825 507 3880 21
536 3867 550 3888 ,
581 3825 613 3879 5
638 3865 651 3887 ,
680 3822 762 3890 6).
798 3821 933 3887 Ergo
962 3825 1127 3882 tacet;
1174 3813 1427 3884 numquid
1452 3827 1662 3879 semper
1688 3810 1918 3864 tacebit?

335 3918 475 3973 Item
506 3916 629 3970 dicit
656 3921 771 3984 post
805 3909 1045 3980 qua‘dam
1076 3913 1379 3961 enumerata
1409 3911 1617 3971 peccata
1649 3920 1661 3954 :
1697 3900 1818 3954 Hcce
1847 3903 1923 3972 [e-

336 4010 491 4075 cisti,
532 4017 577 4062 et
615 4006 787 4070 tacui;
819 4003 868 4056 id
899 4009 1000 4064 est,
1042 3998 1155 4054 ltzuc
1183 3997 1370 4061 fecisti,
1400 4002 1453 4051 et
1480 4009 1582 4048 non
1612 3992 1870 4047 vindicavi
1903 4009 1917 4046 :

338 4101 629 4169 suspicatus
664 4112 717 4152 es
744 4095 1087 4164 iniquitatem,
1115 4086 1250 4158 quod
1286 4102 1371 4140 ero
1399 4088 1469 4138 tui
1500 4085 1694 4139 similis.
1738 4082 1806 4139 Et
1836 4098 1924 4138 re-

338 4207 473 4247 vera
502 4190 605 4244 hoc.
643 4187 873 4257 cogitant
919 4182 1104 4243 multi,
1155 4194 1276 4234 cum
1325 4178 1545 4231 fecerint
1574 4176 1734 4230 multa
1763 4175 1923 4240 mala,

339 4298 401 4343 et
432 4285 554 4340 mali
582 4283 683 4337 sibi
714 4280 956 4334 accidere
989 4274 1119 4330 nibii
1147 4273 1413 4335 viderint,
1448 4286 1550 4324 tton
1580 4277 1781 4322 tantum
1813 4267 1921 4336 pla-

340 4385 470 4431 cent
494 4374 572 4428 eis
598 4374 732 4426 facta
753 4385 842 4424 sua
872 4368 1031 4429 n'iala,
1059 4364 1153 4420 sed
1179 4364 1337 4418 etiam
1359 4360 1465 4414 Deo
1486 4358 1694 4427 placere
1713 4364 1925 4426 putant:

346 4467 408 4522 in
430 4474 635 4518 tantum
664 4459 900 4531 procedit
919 4457 1180 4529 impietas,
1218 4462 1272 4507 ut
1302 4459 1354 4506 et
1384 4450 1549 4505 Demn
1572 4449 1669 4503 sibi
1700 4447 1928 4502 similem

346 4555 621 4613 existimet
656 4550 851 4620 impius
891 4555 1245 4614 contemptor.
1279 4542 1339 4596 Et
1370 4556 1489 4595 cmn
1522 4539 1660 4594 Deus
1685 4554 1804 4592 eum
1834 4537 1931 4592 ad-

346 4649 513 4705 ducat
538 4641 807 4699 monendo
826 4683 841 4707 ,
869 4636 1144 4704 docendo,
1176 4632 1435 4691 hortando
1450 4674 1465 4699 ,
1488 4631 1842 4696 corripiendo,
1865 4628 1931 4684 ad

348 4735 756 4794 similitudinem
790 4745 981 4796 suam;
1011 4741 1113 4782 non
1144 4730 1313 4778 solum
1345 4738 1449 4777 non
1482 4720 1718 4790 sequitur
1746 4719 1935 4774 simili-

354 4829 597 4884 tudinem
621 4822 741 4891 Dei,
761 4822 855 4877 sed
885 4821 1049 4875 Deutn
1073 4816 1185 4871 vult
1208 4815 1405 4870 ducere
1441 4812 1507 4867 ad
1533 4810 1932 4869 similitudinem

348 4935 530 4978 suam.
568 4917 691 4971 llaec
729 4922 812 4968 est
850 4910 1097 4982 iniquitas
1126 4906 1330 4977 major,
1362 4919 1519 4977 quam
1558 4905 1668 4974 ipsa
1698 4908 1933 4972 pet-cata,

350 5029 383 5066 a
418 5008 613 5081 quibus
633 5020 693 5060 se
725 5018 830 5058 non
860 4996 1075 5070 corrigit
1099 4998 1139 5050 ί.
1182 4995 1479 5068 Suspicatus
1510 5009 1562 5046 es
1603 4991 1934 5062 iniquitatem,

350 5100 495 5169 quod
535 5113 619 5153 ero
664 5095 748 5150 tibi
789 5090 1010 5148 similis?
1058 5090 1121 5145 Et
1156 5087 1281 5161 quid
1313 5082 1593 5155 sequitur?
1635 5082 1941 5153 Arguamte

354 5191 537 5264 (Psal.
571 5203 720 5250 xux,
750 5183 865 5255 2i).
897 5183 1072 5250 Quare
1102 5179 1242 5235 hoc?
1265 5176 1461 5240 Tacui;
1481 5172 1724 5244 numquid
1746 5188 1942 5264 semper

354 5262 576 5340 tacebo!
625 5278 840 5348 Itaque,
881 5275 1070 5330 fratres
1093 5313 1109 5338 ,
1136 5268 1381 5341 quoniam
1411 5281 1589 5322 sermo
1622 5265 1724 5321 iste
1753 5266 1843 5335 qui
1873 5262 1940 5318 de

357 5375 454 5432 Dei
482 5387 577 5427 ore
604 5368 844 5441 procedit
866 5407 880 5430 ,
909 5376 962 5421 et
998 5379 1084 5419 me
1121 5368 1281 5416 terret
1301 5400 1315 5422 .
1344 5366 1398 5414 et
1437 5372 1533 5410 vos
1564 5354 1770 5428 (omnes
1798 5355 1940 5410 enim

359 5483 523 5523 unam
562 5477 711 5531 Spem
743 5460 934 5514 bonam
979 5456 1236 5509 habemus
1263 5451 1315 5505 in
1345 5449 1465 5514 illo,
1504 5456 1559 5504 et
1585 5461 1773 5502 omnes
1800 5446 1942 5515 pari-

359 5569 447 5615 ter
478 5554 675 5610 timere
708 5550 997 5609 debemus,
1030 5560 1095 5600 ne
1130 5543 1221 5598 illo
1246 5539 1447 5598 oii‘enso
1473 5554 1581 5593 non
1609 5536 1944 5593 inveniamus

423 5689 442 5722 ί
467 5686 547 5735 sic
565 5689 675 5734 uss.
699 5685 754 5729 At
787 5676 935 5733 editi,
963 5674 1078 5724 dunt
1099 5672 1205 5736 ipsa
1234 5675 1458 5736 peccata,
1498 5682 1528 5720 a
1566 5668 1739 5732 quibus
1770 5680 1822 5720 se
1849 5680 1944 5721 non

357 5743 583 5813 ωπεςὶι,
608 5752 707 5795 Deo
729 5738 918 5805 placere
940 5741 1087 5799 putat.

620 5823 897 5884 PATROL.
927 5815 1046 5877 XX
1060 5812 1268 5875 XVIlI.

1708 302 1933 365 SERMO
1970 303 2177 362 XLVII.

3465 310 3574 370 298

1989 418 2128 486 quod
2153 418 2498 490 sperabamus
2522 462 2535 487 ,
2584 422 2679 479 sed
2720 424 3058 495 experiamur
3079 427 3220 498 quod
3244 428 3573 499 contempsi-

1992 512 2163 579 mus);
2209 511 2488 569 audiamus
2513 528 2701 570 omnes
2728 523 2977 587 tanquam
3017 533 3147 575 oves
3174 518 3265 575 Dei
3290 561 3306 587 ,
3341 520 3467 577 dum
3498 522 3578 579 lo.

1990 604 2170 673 quitur
2188 605 2276 676 qui
2319 613 2479 674 tacet,
2520 607 2645 661 dum
2689 616 2872 679 monet
2898 625 3030 674 nos,
3079 620 3132 666 et
3161 612 3394 681 nondum
3429 613 3601 684 judir

1993 704 2080 750 cat
2126 711 2223 752 nos
2252 698 2342 769 qui
2385 698 2507 754 fecit
2535 715 2635 757 nos
2655 741 2671 766 ,
2714 700 2840 756 dum
2861 713 3015 758 vacat
3042 703 3225 760 audire
3245 747 3261 772 ,
3294 706 3422 762 dum
3452 708 3580 764 licet

1992 795 2049 843 et
2071 788 2249 859 legere
2276 793 2317 845 ⁸.
2837 796 2848 805 “
3095 819 3100 823 ›
3540 802 3551 825 -‘

2065 880 2289 937 CAPUT
2312 883 2374 938 V.
2391 913 2465 924 —-
2484 883 2538 939 6.
2568 884 2689 939 Non
2715 886 2973 942 evellenda
2993 889 3192 943 sisania
3210 900 3329 946 ante
3345 906 3575 957 messem,

1998 986 2089 1025 nec
2116 972 2251 1026 laedi
2293 984 2410 1030 ante
2426 975 2684 1041 judicium
2725 980 3015 1047 separandi.
3045 1009 3118 1021 -—
3137 978 3206 1034 Et
3235 998 3356 1047 vos,
3387 982 3574 1051 inquit,

1997 1077 2109 1115 oues
2128 1079 2285 1130 mete,
2317 1064 2429 1119 licet:
2452 1067 2573 1120 dicit
2599 1066 2850 1124 Dominus
2884 1068 3021 1124 Deus
3052 1088 3072 1125 :
3120 1071 3248 1127 Ecce
3285 1089 3376 1144 ego
3398 1073 3580 1143 judico

1996 1151 2126 1206 inter
2168 1169 2307 1207 ovem
2344 1165 2392 1208 et
2415 1172 2573 1221 ovem,
2604 1168 2650 1212 et
2676 1160 2856 1215 arietes
2884 1170 2931 1214 et
2971 1162 3162 1216 hircos.
3202 1162 3338 1231 Quid
3377 1163 3463 1219 ltic
3496 1163 3580 1219 fa-

1997 1242 2146 1297 ciunt
2173 1242 2305 1299 birci
2336 1246 2388 1300 in
2417 1263 2574 1318 grege
2603 1250 2739 1305 Dei?
2788 1250 2845 1306 In
2881 1251 3081 1308 eisdem
3109 1254 3340 1324 pascuis,
3384 1254 3437 1310 in
3476 1258 3582 1312 eis-

1960 1384 1961 1387 η
1998 1332 2120 1389 dent
2160 1334 2393 1391 fontibus
2413 1378 2428 1404 ,
2468 1347 2517 1394 et
2550 1339 2682 1395 hirci
2714 1351 2890 1397 tamen
2917 1344 3149 1400 SilliSlI‘iE
3174 1345 3421 1401 destinati
3452 1346 3582 1402 dex-

1999 1424 2096 1478 tris
2121 1425 2429 1491 miscentur,
2472 1438 2528 1485 et
2556 1432 2702 1501 prius
2729 1434 3022 1490 tolerantur
3043 1436 3132 1507 qui
3157 1438 3580 1506 separabuutur;

2002 1525 2055 1570 et
2102 1516 2187 1572 hic
2222 1531 2502 1576 exercetur
2525 1525 2701 1578 ovium
2744 1527 3026 1596 patientia,
3071 1528 3136 1583 ad
3181 1528 3583 1585 similitudinem

2003 1610 2272 1678 mtietttim
2297 1612 2411 1667 Dei.
2458 1614 2736 1685 Separatiu
2766 1618 2909 1674 enim
2937 1620 3006 1673 ab
3043 1621 3134 1676 illo
3174 1622 3310 1687 erit,
3357 1623 3583 1677 aliorum

2000 1699 2067 1754 ad
2099 1699 2390 1783 sinistram,
2418 1705 2640 1760 aliorum
2668 1708 2733 1761 ad
2757 1708 3054 1764 dexteram.
3081 1710 3230 1765 Nunc
3257 1719 3437 1767 autem
3465 1710 3587 1781 ipse

2002 1802 2171 1860 tacet,
2220 1804 2272 1849 tu
2302 1797 2383 1850 vis
2420 1797 2587 1869 loqui.
2635 1800 2739 1854 Sed
2781 1801 2919 1856 unde
2959 1802 3114 1869 dico,
3163 1802 3241 1858 'I'u
3283 1803 3364 1859 vis
3404 1803 3589 1875 loqui?

2003 1883 2157 1941 [Inde
2183 1887 2296 1956 ipse
2322 1896 2478 1943 tacet.
2512 1894 2551 1944 A
2587 1891 2812 1947 vindicta
2836 1893 3020 1962 judicii
3041 1936 3056 1959 ,
3087 1911 3191 1949 non
3213 1910 3241 1948 a
3265 1896 3428 1951 verbo
3463 1910 3588 1951 cor-

2003 1975 2279 2045 reptionis.
2313 1977 2429 2046 Ipse
2454 1979 2689 2034 nondum
2721 1991 2962 2050 separat,
2994 1992 3047 2037 tu
3070 1985 3150 2039 vis
3170 1999 3439 2054 separare.
3471 1985 3590 2055 lpse

2005 2068 2168 2120 mixta
2210 2069 2418 2133 tolerat,
2464 2071 2553 2140 qui
2596 2072 2895 2127 seminavit.
2942 2075 2997 2128 Si
3023 2082 3149 2129 ante
3192 2076 3589 2131 ventilationem

2005 2154 2330 2213 frumentum
2374 2161 2451 2215 vis
2492 2176 2612 2216 esse
2659 2172 2968 2233 purgatum,
3020 2175 3113 2219 tuo
3158 2176 3319 2221 vento
3361 2168 3592 2236 pessime

2007 2248 2371 2303 ventilaberis.
2397 2250 2630 2305 Licuerit
2649 2255 2815 2307 servis
2829 2252 3027 2321 dicere,
3062 2253 3169 2323 Vis,
3193 2256 3346 2324 imus,
3376 2265 3420 2311 et
3448 2257 3595 2312 calli—

2008 2339 2174 2410 gimus
2211 2342 2306 2394 ea?
2355 2340 2682 2397 Stomacbati
2733 2347 2876 2400 enim
2919 2357 3041 2402 sunt
3087 2348 3314 2403 videndo
3357 2349 3587 2415 zizania,

2009 2439 2065 2485 et
2117 2430 2399 2486 doluerunt
2460 2434 2626 2503 segeti
2683 2435 2838 2491 bona:
2904 2438 3165 2507 permixta
3227 2441 3467 2507 zizania;
3531 2451 3586 2496 et

2011 2520 2291 2588 dixerunt,
2325 2521 2511 2578 Nonne
2547 2512 2729 2579 bonum
2774 2543 2941 2582 semen
2975 2529 3232 2584 seminasti
3252 2530 3280 2584 .7
3310 2529 3458 2586 Unde
3475 2548 3595 2604 ergo

2012 2626 2357 2686 apparuerunt
2381 2617 2615 2672 zizania?
2660 2618 2753 2674 Ille
2777 2620 3036 2675 rationem
3065 2622 3296 2678 reddidit
3323 2623 3463 2679 unde
3498 2639 3595 2695 ap-

2013 2718 2332 2778 paruerunt;
2366 2724 2472 2764 non
2515 2718 2689 2766 tamen
2716 2712 2957 2781 permisit
2985 2722 3041 2768 ut
3073 2723 3195 2769 ante
3222 2723 3430 2787 tempus
3455 2717 3601 2771 evel-

2014 2798 2269 2854 lerentur.
2298 2800 2551 2866 Quamvis
2587 2811 2643 2857 et
2672 2803 2770 2872 ipsi
2804 2804 2944 2859 servi
2988 2806 3305 2861 stomacliati
3342 2806 3601 2862 adversus

2014 2890 2248 2957 zizania;
2293 2894 2572 2947 consilium
2621 2904 2796 2949 tamen
2840 2904 2895 2951 et
2939 2906 3260 2966 pra-ceptum
3298 2913 3329 2952 a
3378 2897 3600 2973 domino

2016 2985 2407 3053 expetiverunt.
2441 2986 2796 3055 DiSplicebant
2823 2987 2907 3041 illa
2931 2989 3069 3043 inter
3092 2997 3328 3059 segetem
3357 3005 3369 3041 :
3403 2986 3497 3044 sed
3522 2990 3602 3043 vi-

2017 3075 2215 3131 debant
2242 3077 2417 3144 servi,
2450 3079 2569 3148 quia
2610 3079 2655 3133 si
2680 3080 2761 3134 vel
2793 3081 2844 3134 in
2890 3080 3018 3150 ipsis
3059 3082 3274 3136 zizaniis
3313 3081 3603 3138 evellendis

2018 3169 2215 3241 aliquid
2238 3154 2547 3241 sua~5ponte
2577 3172 2838 3234 facerent,
2884 3172 2983 3243 ipsi
3034 3173 3253 3228 zizaniis
3281 3189 3600 3229 annumera-

2019 3274 2224 3318 rentur.
2249 3265 2291 3318 A
2320 3263 2544 3318 Dmnino
2569 3273 3011 3333 exspectaverunt
3035 3278 3378 3336 pra-ceptum,
3402 3266 3602 3334 jussiov—

2021 3373 2143 3412 nem
2185 3358 2329 3427 regis
2354 3358 2434 3412 sui
2464 3359 2790 3428 quaesierunt
2819 3377 2832 3412 :
2875 3358 2961 3413 Vis
2984 3402 2999 3425 ,
3041 3361 3202 3428 imus,
3245 3370 3291 3415 et
3321 3359 3626 3430 colligimus'

2019 3442 2079 3501 ed
2099 3445 2126 3501 ?
2154 3446 2218 3500 Et
2246 3447 2338 3502 ille
2370 3465 2383 3501 :
2409 3445 2552 3501 Non.
2578 3447 2645 3501 Et
2671 3447 2900 3502 reddidit
2919 3449 3041 3503 inde
3062 3465 3275 3503 causam
3306 3467 3320 3504 ς
3350 3449 3432 3502 Ne
3451 3449 3604 3518 forte,

2022 3553 2135 3590 cum
2158 3536 2306 3591 uultis
2334 3538 2569 3608 colligere
2592 3539 2806 3603 zizania,
2839 3540 3100 3594 eradicetis
3120 3541 3272 3595 simul
3294 3550 3341 3594 et
3362 3541 3604 3594 triticum.

2024 3631 2247 3686 Sedavit
2272 3631 2339 3685 ab
2367 3631 2745 3701 indignatione,
2769 3648 2866 3687 nec
2894 3633 3106 3703 reliquit
3130 3634 3181 3686 in
3203 3634 3405 3689 dolore.
3432 3632 3607 3689 Grave

2025 3720 2165 3776 enim
2190 3719 2469 3774 videbatur
2496 3722 2666 3776 servis
2693 3737 2810 3777 esse
2837 3723 3036 3776 zizania
3078 3723 3217 3777 inter
3246 3723 3604 3787 frumentum;

2025 3822 2079 3869 et
2103 3828 2229 3869 vere
2264 3829 2423 3883 grave
2451 3822 2585 3869 erat.
2638 3814 2742 3870 Sed
2785 3816 2887 3869 alia
2916 3823 3001 3871 est
3035 3815 3267 3870 conditio
3300 3818 3452 3888 agri,
3501 3817 3605 3872 alia

2025 3907 2178 3978 quies
2206 3906 2402 3961 horrei.
2450 3905 2670 3970 Tolera;
2700 3908 2764 3960 ad
2795 3906 2896 3961 hoc
2925 3908 3065 3963 enim
3090 3918 3242 3962 natus
3263 3918 3344 3963 cst
3371 3926 3384 3961 :
3416 3909 3608 3973 tolera,

2026 4000 2145 4069 quia
2172 3999 2309 4053 forte
2338 3999 2591 4054 toleratus
2617 4014 2695 4053 es.
2738 3998 2792 4054 Si
2836 4014 3047 4068 semper
3086 4000 3257 4054 bonus
3284 3999 3463 4065 fuisti,
3507 3999 3606 4053 ha-

2028 4088 2152 4144 beto
2190 4089 2604 4144 misericordiam
2637 4106 2650 4141 :
2678 4090 2720 4143 si
2763 4090 3045 4159 aliQuando
3084 4091 3251 4145 maius
3288 4090 3431 4146 fuisti
3462 4133 3475 4155 ,
3505 4092 3611 4147 noii

2029 4181 2255 4251 perdere
2285 4180 2618 4234 memoriam.
2650 4180 2710 4233 Et
2739 4181 2857 4251 quis
2878 4189 2960 4237 est
2984 4196 3196 4253 semper
3225 4183 3435 4237 bonus?
3464 4182 3610 4239 Facis

2032 4273 2155 4338 lius,
2190 4272 2233 4326 si
2262 4284 2313 4327 te
2342 4272 2483 4327 Deus
2508 4271 2789 4343 diligenter
2811 4272 3084 4338 discutiat,
3117 4274 3351 4331 inveniet
3371 4284 3423 4331 te
3452 4276 3613 4332 etiam

2032 4376 2172 4417 nunc
2202 4362 2429 4429 malum,
2476 4379 2633 4434 quam
2668 4372 2719 4418 tu
2754 4372 2805 4419 te
2834 4378 3046 4437 semper
3076 4364 3291 4420 bonum.
3317 4366 3456 4436 Ergo
3482 4367 3617 4423 tole-

2037 4444 2199 4511 randa
2238 4464 2363 4511 sunt
2387 4456 2587 4511 zizania
2632 4456 2746 4512 iure
2784 4458 2922 4512 inter
2948 4456 3291 4526 frumentum,
3324 4457 3457 4515 birci
3481 4460 3619 4517 inter

2035 4545 2228 4601 arietes
2252 4544 2390 4601 haedi
2414 4546 2554 4601 inter
2576 4560 2723 4602 oves.
2747 4547 2881 4615 Quid
2909 4557 3084 4603 autem
3112 4548 3202 4605 ille
3221 4549 3288 4604 de
3317 4550 3620 4607 frumento?

2037 4634 2105 4690 In
2131 4646 2386 4707 tempore,
2418 4637 2587 4707 inquit
2613 4679 2629 4705 ,
2655 4640 2829 4693 messis
2847 4679 2863 4700 ,
2893 4639 3058 4693 dicam
3085 4639 3385 4697 messoribus
3416 4657 3437 4697 :
3458 4640 3620 4698 Colli~

2038 4729 2140 4799 gite
2168 4729 2387 4797 primum
2411 4729 2611 4783 zizania
2630 4769 2646 4796 ,
2691 4740 2737 4784 et
2778 4728 2985 4801 alligate
3016 4733 3071 4785 in
3098 4733 3367 4803 fasciculos
3390 4732 3459 4786 ad
3476 4749 3618 4788 com.-

2041 4818 2318 4873 burendum
2338 4835 2431 4884 ea;
2459 4821 2679 4873 triticum
2705 4829 2869 4874 autem
2894 4838 3058 4876 meum
3074 4823 3324 4878 recondite
3347 4824 3400 4878 in
3420 4824 3619 4880 horreo.

2043 4908 2287 4964 Transiet
2314 4922 2442 4979 ergo
2475 4909 2586 4980 agri
2613 4911 2883 4965 concretio
2902 4950 2919 4978 ,
2940 4912 3117 4969 veniet
3135 4914 3322 4969 messis
3345 4914 3619 4972 discretio.

2001 5065 2008 5081 κ
2042 4997 2218 5068 Exigit
2243 4997 2311 5052 de
2333 4996 2486 5052 nobis
2506 4997 2666 5053 modo
2682 4998 2936 5056 Dominus
2962 5002 3291 5073 patientiam,
3313 5019 3469 5076 quam
3498 5020 3626 5078 pro-

2042 5086 2194 5160 ponit
2219 5088 2273 5143 in
2297 5101 2390 5152 se,
2429 5086 2615 5143 dicens
2652 5088 2745 5143 tibi
2772 5106 2790 5145 :
2820 5089 2933 5161 Ego
2962 5100 3107 5147 certe
3137 5091 3183 5150 si
3219 5092 3378 5150 modo
3407 5093 3626 5153 voluero

2040 5179 2324 5251 judicare,
2372 5179 2629 5252 numquid
2675 5180 2855 5252 inique
2899 5181 3189 5254 judicaboi
3232 5184 3343 5257 Ego
3380 5186 3424 5241 si
3465 5186 3627 5243 modo

2044 5274 2266 5330 voluero
2296 5273 2575 5342 judicare,
2623 5273 2879 5344 numquid
2918 5273 3024 5331 falli
3056 5276 3277 5347 potero?
3325 5277 3382 5332 Si
3414 5292 3513 5349 ego
3531 5278 3625 5350 qui

2046 5381 2260 5438 semper
2283 5373 2429 5423 recte
2446 5366 2651 5437 judico,
2689 5375 2743 5422 et
2770 5369 2859 5438 qui
2886 5368 2996 5423 falli
3027 5383 3131 5423 non
3165 5383 3409 5438 possum,
3436 5369 3627 5428 differo

2043 5459 2300 5531 judicium
2318 5474 2493 5514 meum
2515 5474 2530 5521 ;
2559 5467 2614 5512 tu
2634 5460 2886 5529 ignorans
2911 5457 3355 5531 quemadmodum
3378 5457 3626 5530 judican-

2047 5552 2147 5609 dus
2194 5553 2268 5609 sis
2355 5551 2520 5607 audes
2560 5560 2665 5606 tam
2707 5565 3045 5622 praepropere
3082 5549 3369 5622 judicare?
3417 5546 3625 5620 Videte,

2123 5712 2138 5745 ’
2169 5733 2272 5778 Μὸ-
2309 5726 2628 5791 nemlgleusts
2650 5734 2700 5777 et
2719 5728 3230 5794 (τίδιθτεὶοηςὶειάνηι
3249 5726 3563 5797 lacessitque.

3165 5813 3381 5889 (Dial
