3938 6186
415 317 528 372 3.39

423 435 618 489 fratres
647 473 660 498 ,
702 426 1143 502 quemadmodum
1189 423 1292 480 illis
1329 420 1496 476 servis
1538 418 1838 474 volentibus
1875 426 1996 470 ante

417 532 633 594 'tempus
655 521 925 578 eradicare
949 517 1172 584 zizania,
1196 517 1296 571 hoc
1317 528 1449 585 opus
1479 527 1575 567 nec
1604 511 1655 565 in
1678 523 1849 566 messe
1869 523 1997 563 con-

417 618 604 673 cessit.
635 614 722 670 Ait
747 613 911 679 enim,
945 610 1010 665 In
1040 620 1260 681 tempore
1284 607 1456 660 messis
1481 604 1644 659 dicam
1663 601 1960 657 messoribus
1980 617 1998 653 :

408 722 528 761 .non
555 706 648 769 ait,
679 703 858 758 Dicam
884 700 1052 757 vobis.
1094 699 1200 756 Sed
1225 695 1378 769 quid,
1425 696 1472 751 si
1513 695 1609 766 ipsi
1632 693 1770 749 servi
1795 706 1998 747 messo-

408 792 720 851 raserunt?
763 793 898 847 Non.
943 791 1074 847 Nam
1113 803 1384 859 exponens
1427 786 1603 840 omnia
1647 783 1991 855 singillatim:

421 887 689 951 Messores,
718 885 809 949 ait,
835 883 1014 956 Ληρειὶ
1035 894 1150 938 sunt
1177 881 1387 953 (Matth.
1418 895 1536 945 xm,
1564 876 1751 943 24°50,
1776 875 1990 943 57-45).

421 977 589 1031 llomo
617 991 744 1046 ergo
771 989 932 1030 earne
960 982 1176 1044 septus,
1207 985 1419 1026 carnem
1459 977 1706 1039 portans,
1740 976 1829 1021 aut
1859 965 1992 1021 forte

403 1047 542 1122 ‘caro
571 1077 732 1130 totus,
763 1066 813 1120 id
852 1075 952 1131 est,
989 1079 1113 1119 caro
1133 1077 1357 1132 corpore
1379 1103 1392 1126 ,
1421 1061 1648 1116 carnalis
1676 1059 1874 1122 animo,
1898 1073 1991 1112 au-

397 1160 511 1216 .des
545 1167 668 1214 ante
696 1173 955 1228 usurpare
996 1155 1226 1211 officium
1264 1155 1494 1210 alienum
1523 1153 1578 1220 ί,
1622 1151 1762 1223 quod
1807 1166 1908 1206 nec
1935 1151 1990 1204 in

419 1265 595 1307 messe
614 1251 714 1305 erit
742 1250 924 1304 tuum?
949 1249 1059 1304 Hoc
1085 1247 1150 1303 de
1177 1247 1486 1318 separandis
1511 1245 1724 1310 zizaniis
1754 1262 1768 1298 :
1796 1244 1864 1299 de
1890 1244 1991 1297 hir-

419 1343 495 1398 cis
521 1341 693 1412 quid?
719 1339 860 1396 'Cum
883 1339 1068 1394 venerit
1099 1338 1260 1392 Filius
1287 1337 1517 1400 hominis,
1553 1346 1597 1389 et
1617 1351 1787 1389 omnes
1809 1335 1989 1406 Ληρειὶ

420 1450 535 1486 cum
559 1449 619 1486 eo
641 1473 655 1498 ,
684 1431 868 1486 sedebit
890 1432 942 1484 in
968 1430 1085 1485 sede
1117 1431 1293 1502 gloria:
1317 1444 1459 1493 suae;
1486 1437 1531 1482 et
1551 1428 1988 1498 congregabantur

412 1533 530 1580 ante
569 1539 681 1578 eum
719 1539 886 1578 omnes
920 1533 1088 1594 gentes
1106 1563 1121 1589 ,
1171 1531 1216 1575 et
1241 1520 1489 1592 separabit
1513 1536 1628 1586 eas,
1663 1520 1789 1573 sicut
1817 1527 1988 1588 pastor

413 1624 615 1688 separat
644 1630 756 1668 oves
780 1613 842 1668 ab
870 1613 1028 1667 hazdis
1053 1611 1163 1684 (Id.
1194 1628 1327 1680 xxv,
1359 1612 1448 1677 51,
1473 1611 1585 1682 52).
1618 1611 1684 1666 Ει
1708 1611 1902 1674 veniet,
1933 1616 1989 1664 et

411 1705 680 1774 separabit
718 1721 732 1758 :
776 1704 952 1759 veniet
998 1704 1221 1770 messis,
1277 1712 1331 1759 et
1381 1704 1781 1774 separabuntur.
1829 1701 1985 1757 Modo

411 1810 539 1867 ergo
586 1804 793 1865 tempus
831 1795 1180 1864 separationis
1210 1809 1314 1848 non
1341 1802 1462 1860 est,
1495 1792 1588 1848 sed
1633 1793 1981 1848 tolerationis.

410 1886 516 1942 Nec
541 1886 660 1941 ideo
681 1886 780 1940 ista
803 1884 1027 1940 dicimus
1045 1927 1060 1951 ,
1096 1884 1308 1952 fratres,
1338 1893 1396 1939 ut
1417 1884 1734 1954 corripiendi
1757 1883 1986 1940 dormiat

409 1979 683 2049 diligentia
714 1977 867 2034 :~imo
898 1993 1026 2032 vero
1058 1993 1123 2032 ne
1147 1978 1200 2032 in
1235 1977 1360 2032 illud
1379 1976 1634 2047 judicium
1666 1976 1858 2032 incauti
1888 1991 1981 2031 ve-

410 2072 636 2136 niamus,
659 2078 714 2126 et
741 2069 869 2125 caeci
887 2070 1215 2139 negligentes
1235 2070 1524 2124 caecitatem
1547 2079 1780 2124 nostram
1805 2069 1980 2124 subito

391 2173 505 2214 .uos
527 2159 594 2216 ad
620 2159 889 2214 sinistram
931 2159 1261 2214 inveniamus
1282 2199 1300 2228 ,
1339 2157 1615 2228 disciplina
1642 2167 1973 2224 exerceatur,

395 2250 656 2320 judicium
685 2266 789 2305 non
827 2250 1205 2321 prmeipitetur.

475 2339 698 2398 CAPUT
732 2342 816 2397 Vl.
847 2373 919 2383 --
943 2343 996 2396 7.
1024 2340 1122 2397 Dei
1146 2343 1397 2414 judicium
1417 2344 1580 2398 securi
1602 2344 1737 2410 boni,
1764 2352 1976 2398 tremen-

400 2441 476 2485 tes
503 2430 633 2485 ntali
677 2441 983 2502 exspectant.
1039 2431 1177 2499 Quid
1221 2447 1348 2502 ergo
1393 2433 1688 2488 Dominus?
1729 2433 1862 2490 Ecce
1883 2452 1975 2512 ego

393 2519 570 2589 judico
597 2520 726 2573 inter
752 2535 890 2574 ovem
916 2530 961 2574 et
988 2536 1126 2574 ovem
1145 2561 1159 2585 ,
1188 2528 1234 2575 et
1257 2521 1434 2575 arietes
1462 2530 1508 2574 et
1531 2522 1714 2576 hircos.
1747 2520 1860 2592 Ego
1876 2525 1974 2594 ju-

400 2611 510 2664 dico
541 2626 559 2664 :
589 2625 776 2680 magna
801 2611 1078 2675 securitas,
1112 2611 1223 2682 ipse
1244 2612 1464 2681 judicat,
1492 2613 1664 2668 securi
1689 2613 1796 2667 sint
1823 2614 1968 2669 boni.

379 2701 636 2758 Judieem
667 2702 902 2772 ipsorum
933 2704 1107 2757 nullus
1142 2703 1477 2760 adversarius
1500 2707 1820 2775 corrumpit.
1856 2707 1972 2760 nul-

387 2796 478 2848 ‘ius
506 2793 792 2850 advocatus
817 2795 1202 2860 circumvenit,
1253 2796 1425 2850 nullus
1457 2798 1604 2852 testis
1646 2797 1834 2851 illudit.
1864 2798 1968 2853 Sed

383 2895 648 2953 quantum
679 2885 849 2940 securi
877 2893 1002 2940 sunt
1021 2885 1144 2940 boni
1165 2927 1180 2953 ,
1215 2894 1413 2941 tantum
1443 2887 1660 2942 timeant
1683 2889 1824 2943 mali.
1853 2888 1966 2944 Non

381 2973 514 3028 ‘talis
537 2973 770 3044 jud-icat,
799 2975 882 3030 cui
911 2975 1108 3046 aliquid
1133 2975 1508 3031 abscondatur.
1534 2977 1796 3049 Numquid
1824 2982 1965 3034 enim

397 3049 535 3119 Deus
565 3065 809 3135 judicans
833 3068 1148 3137 qutesitnrus
1173 3077 1256 3124 est
1283 3076 1446 3124 testes
1468 3111 1482 3136 ,
1517 3086 1612 3140 per
1640 3086 1772 3140 quos
1799 3071 1966 3126 discat

400 3155 518 3224 quis
546 3156 659 3210 sis?
695 3155 851 3212 Unde
877 3166 1057 3227 potest
1082 3159 1185 3213 falli
1213 3159 1333 3229 quis
1353 3161 1448 3226 sis,
1476 3160 1567 3230 qui
1605 3171 1823 3216 noverat
1848 3162 1965 3231 quis

391 3253 540 3293 esses
567 3237 815 3294 futurus?
870 3240 945 3296 Te
973 3242 1300 3312 interrogat,
1330 3258 1434 3298 non
1458 3244 1621 3299 alium
1649 3245 1715 3299 de
1742 3255 1811 3301 te.
1857 3245 1967 3300 Do-

377 3329 594 3395 minus,
627 3329 822 3400 inquit,
854 3331 1128 3402 interrogat
1159 3334 1357 3403 justum
1384 3344 1430 3387 et
1454 3335 1664 3404 impium
1695 3334 1864 3407 (Psal.
1901 3353 1961 3404 χ,

373 3417 469 3490 κϐ).
515 3419 809 3492 Interrogat
847 3431 1023 3478 autem
1062 3432 1135 3490 te,
1179 3439 1283 3479 non
1312 3433 1368 3478 ut
1401 3424 1569 3480 discat
1601 3441 1630 3479 a
1665 3434 1716 3481 te
1737 3467 1750 3491 ,
1782 3426 1874 3481 sed
1905 3437 1963 3482 ut

369 3512 675 3568 'confundat
706 3524 774 3569 te.
826 3514 1092 3570 [labentes
1120 3531 1246 3584 ergo
1283 3517 1516 3586 judicem
1566 3519 1756 3584 talem,
1802 3536 1957 3591 quem

392 3619 546 3658 nemo
571 3613 754 3659 contra
780 3622 876 3659 nos
906 3603 931 3660 f
959 3606 1058 3672 llit,
1082 3623 1238 3662 nemo
1261 3623 1355 3678 pro
1381 3609 1531 3665 nobis
1556 3627 1570 3676 ;
1615 3613 1691 3666 sic
1719 3628 1953 3684 agamus,

387 3704 442 3746 ut
462 3694 576 3764 ejus
598 3694 852 3765 judicium
881 3706 1154 3752 venturum
1195 3714 1299 3754 non
1325 3700 1622 3769 timeamus,
1651 3704 1741 3758 scd
1769 3720 1961 3776 exspe-

385 3793 588 3840 ctemus
631 3796 686 3841 et
734 3787 1114 3843 desideremus.
1187 3790 1448 3861 Numquid
1501 3795 1640 3848 enim
1693 3795 1956 3854 frumenta

388 3879 590 3942 timent,
624 3894 691 3935 ne
717 3881 992 3935 mittantur
1030 3882 1078 3935 in
1108 3883 1391 3938 horreum?
1435 3884 1547 3940 lmo
1572 3896 1756 3956 optant
1788 3891 1954 3946 vehe-

385 3981 589 4026 menter
608 3981 661 4027 et
687 3972 1006 4028 desiderant.
1037 3973 1298 4045 Numquid
1336 3992 1467 4045 oves
1498 3979 1720 4045 timent,
1767 3997 1833 4036 ne
1860 3997 1954 4051 po-

373 4072 580 4116 nantur
606 4063 672 4118 ad
706 4063 1020 4119 dexteram?
1053 4064 1163 4120 lmo
1200 4066 1330 4121 nihil
1367 4069 1444 4122 eis
1481 4079 1584 4124 tam
1615 4071 1819 4126 tardum
1847 4083 1948 4142 est,

385 4169 539 4222 quam
567 4154 738 4224 donec
763 4153 871 4210 fiat.
902 4155 965 4210 Hi
997 4171 1122 4210 vero
1152 4173 1216 4212 ex
1238 4159 1415 4214 animo
1435 4170 1487 4215 et
1513 4171 1618 4216 tota
1646 4163 1949 4222 sinceritate

373 4242 592 4308 dicunt,
623 4257 744 4298 cum
775 4253 962 4308 orant,
1010 4245 1188 4300 Veniat
1211 4266 1419 4320 regnum
1462 4261 1621 4306 tuum.
1665 4253 1787 4310 Mali
1822 4272 1948 4313 vero

370 4332 608 4386 hominis
645 4333 697 4386 in
736 4331 819 4388 his
845 4334 1016 4388 verbis
1039 4345 1089 4389 et
1114 4352 1208 4391 cor
1237 4339 1489 4408 trepidat,
1529 4352 1583 4397 et
1607 4344 1780 4415 lingua
1820 4348 1946 4402 titu-

378 4422 487 4476 bat.
517 4423 793 4490 Quomodo
819 4424 960 4478 enim
987 4424 1137 4490 dicis,
1175 4425 1350 4482 Veniat
1373 4447 1580 4502 regnum
1600 4445 1736 4490 tuum
1754 4438 1780 4491 Ρ
1807 4439 1946 4496 Ecce

371 4516 547 4570 veniet
578 4533 590 4569 :
614 4515 818 4585 qualem
842 4525 893 4571 te
931 4516 1195 4573 inveniet?
1220 4520 1305 4576 Sic
1329 4536 1454 4592 ergo
1475 4539 1571 4594 age
1591 4567 1606 4590 ,
1646 4536 1701 4583 ut
1725 4544 1944 4588 securus

371 4619 514 4662 ores.
557 4605 626 4660 Et
671 4606 716 4662 si
753 4607 876 4677 quid
903 4607 1035 4662 forte
1071 4609 1212 4665 inest
1249 4612 1298 4666 in
1329 4615 1648 4671 conscientia
1675 4622 1835 4675 errati
1862 4631 1944 4676 at-

362 4711 478 4767 que
504 4697 700 4764 peccati
726 4736 741 4761 ,
773 4695 937 4751 habes
961 4696 1012 4751 in
1051 4698 1162 4769 ipsa
1202 4703 1439 4758 oratione
1465 4705 1776 4764 medicinam
1813 4712 1942 4765 :Di—

369 4785 506 4844 inim
546 4789 685 4843 nobis
711 4789 872 4844 debita
914 4801 1115 4856 nostra,
1145 4794 1273 4847 sicut
1296 4804 1340 4848 et
1365 4813 1455 4850 nos
1481 4799 1772 4857 dimittimus
1802 4805 1942 4860 debi-

367 4884 556 4940 toribus
581 4887 762 4942 nostris
799 4885 1014 4958 (Matth.
1047 4903 1100 4943 Vt
1122 4930 1138 4956 ,
1170 4889 1258 4957 l0,
1286 4890 1398 4960 12).
1432 4892 1768 4952 Voluitenim
1796 4898 1938 4958 Deus

356 4977 444 5031 sic
472 4986 522 5032 te
543 4992 662 5032 esse
686 4977 1000 5043 debitorem,
1025 4990 1082 5034 ut
1101 4979 1299 5038 habeas
1319 4983 1630 5042 debitorem.
1659 4988 1938 5048 Peccando

364 5061 562 5138 quippe
591 5068 859 5125 inimicum
892 5081 942 5126 te
965 5071 1097 5128 facis
1122 5073 1230 5129 Deo
1259 5076 1280 5107 ³
1312 5075 1442 5130 :sed
1465 5078 1682 5135 attende
1708 5095 1775 5136 ne
1800 5080 1937 5140 forte

357 5166 418 5211 tu
451 5157 648 5213 habeas
674 5161 963 5216 inimicum.
997 5163 1226 5230 Dimitte,
1254 5174 1309 5220 et
1328 5166 1620 5224 dimittetur
1641 5172 1754 5227 tibi.
1783 5173 1935 5240 Quod

359 5248 487 5301 facis
513 5248 600 5318 qui
632 5256 781 5317 potes
801 5251 851 5303 in
881 5262 1095 5319 peccato
1120 5254 1362 5322 inveniri,
1392 5257 1565 5314 hocin
1591 5271 1641 5316 te
1666 5262 1823 5320 faciet
1841 5268 1933 5338 qui

359 5336 425 5392 de
457 5340 602 5393 nullo
631 5350 847 5409 peccato
876 5339 1069 5410 poterit
1099 5341 1342 5412 judicari.
1391 5347 1446 5403 Si
1471 5359 1645 5407 autem
1682 5361 1740 5408 ut
1773 5336 1932 5412 homo

360 5431 412 5481 in
467 5438 680 5498 peccato
729 5432 958 5501 positus,
1009 5435 1272 5506 peccaturi
1315 5446 1403 5493 tuo
1447 5456 1550 5497 non
1597 5445 1786 5514 parcis,
1833 5462 1934 5504 nec

358 5524 498 5573 tuam
545 5520 598 5574 in
651 5521 741 5578 illo
781 5523 1137 5581 conditionem
1186 5529 1439 5602 respicis,
1489 5549 1587 5590 nec
1627 5535 1694 5592 de
1734 5547 1929 5596 ctctero

421 5673 435 5705 ’
453 5678 704 5744 ξρεεειιριε
719 5687 818 5744 ηις..
827 5680 1069 5744 judicium
1083 5682 1306 5735 alienum.

449 5739 775 5798 (Staminatas
796 5739 897 5805 sit,
913 5741 1158 5796 ininuum
1181 5747 1296 5800 facis
1323 5758 1484 5804 Deum.

1649 302 1706 358 S.
1751 297 2109 358 AUGUSTINI
2151 299 2449 360 EPZSCOPI

3578 317 3674 371 ωε)

2101 416 2311 486 lapsum
2340 428 2442 474 tute
2481 419 2776 492 fragilitatis
2820 421 3118 491 horrescis;
3152 426 3274 496 quid
3315 427 3405 482 tibi
3450 429 3672 486 facturus

2105 515 2220 574 est,
2268 509 2358 576 qui
2407 518 2510 563 tam
2557 525 2774 567 securus
2814 513 3050 584 judicat,
3102 519 3370 586 quomodo
3410 521 3498 590 qui
3541 538 3666 575 nun-

2103 611 2259 666 quam
2294 602 2514 667 peccat?

2173 689 2399 746 CAPUT
2456 691 2565 748 VII.
2619 723 2688 734 —
2741 695 2794 750 8.
2847 695 3164 753 Conscientia
3211 701 3308 754 cito
3363 704 3668 759 mandanda.

2103 780 2283 836 Danda
2309 798 2436 853 ergo
2461 798 2622 854 opera
2652 800 2735 841 ess
2779 802 2924 858 purae
2962 790 3301 844 conscientia-
3333 811 3344 845 :
3379 804 3431 846 et
3460 797 3502 848 si
3543 797 3673 852 forte

2100 871 2292 942 aliquis
2319 874 2456 929 inest
2481 877 2793 947 scrupulus,"
2818 881 3205 949 praeveniamus
3245 881 3430 938 faciem
3479 887 3595 955 cjus
3625 889 3672 943 iu

2098 964 2456 1022 confessione.
2487 967 2544 1024 In
2575 969 2788 1025 Psalmo
2815 987 2976 1038 nunc,
3005 987 3124 1026 eum
3168 983 3486 1042 cantaretur,
3519 980 3668 1034 audi-

2097 1056 2292 1122 vimus,
2326 1057 2702 1115 Pra’veniamus
2732 1063 2913 1134 faciem
2946 1065 3056 1134 ejus
3083 1065 3135 1118 in
3160 1068 3468 1138 confessione
3495 1067 3668 1140 (Psat.

2099 1162 2241 1214 χειν,
2273 1149 2352 1219 2).
2386 1151 2776 1208 Praaveniamus
2804 1169 2949 1222 eum,
2982 1171 3049 1210 ne
3091 1172 3190 1212 nos
3220 1149 3332 1227 ipse
3360 1163 3666 1229 praeveniat.

2097 1237 2222 1293 Post
2273 1241 2658 1298 Confessionem
2708 1259 2814 1299 non
2866 1245 3054 1302 afferet
3103 1248 3375 1317 ultionem,
3424 1253 3468 1305 si
3511 1261 3567 1306 et
3615 1261 3668 1308 tu

2095 1339 2215 1399 post
2239 1330 2633 1389 confessionem
2663 1349 2769 1390 non
2802 1346 3012 1405 repetas
3040 1337 3390 1408 iniquitatem.
3424 1341 3667 1399 Praeveni

2094 1429 2375 1491 antequam
2404 1425 2764 1491 praeveniaris.
2796 1425 2928 1492 Quia
2964 1427 3105 1482 enim
3135 1441 3389 1484 venturus
3411 1441 3513 1499 est,
3545 1447 3666 1488 cer-

2097 1519 2206 1566 tum
2238 1523 2357 1568 est:
2387 1515 2598 1585 perdes,
2627 1517 2669 1570 si
2701 1533 2808 1572 non
2836 1519 3108 1575 desideras
3135 1522 3274 1591 quod
3307 1522 3536 1588 futurum
3564 1537 3664 1582 est.

2094 1601 2225 1657 Nam
2255 1612 2310 1659 et
2339 1611 2390 1660 te
2428 1606 2642 1662 nolente
2671 1618 2924 1666 venturus
2948 1621 3048 1668 est.
3077 1612 3340 1684 Numquid
3379 1630 3500 1671 eum
3529 1618 3665 1674 dila-

2095 1701 2244 1748 turus
2267 1709 2345 1758 es,
2374 1697 2670 1752 recusando
2713 1715 2780 1755 ne
2815 1702 3031 1756 veniat?
3060 1701 3207 1758 Sicut
3231 1715 3450 1761 noverat
3475 1707 3665 1766 horam

2090 1799 2194 1854 qua
2237 1784 2462 1855 judicari
2490 1787 2690 1856 debuit,
2728 1791 2805 1844 sic
2837 1792 2983 1846 novit
3026 1802 3079 1848 et
3107 1793 3293 1868 horam
3333 1812 3433 1866 qua
3472 1799 3671 1855 debeat

2085 1873 2346 1942 judicare.
2378 1875 2566 1933 Veniet
2590 1879 2698 1946 ille,
2734 1891 2785 1935 tu
2811 1881 2930 1937 vide
2972 1884 3139 1954 qualis
3178 1884 3385 1942 futurus
3413 1890 3506 1944 sis.
3548 1890 3663 1946 llo-

2090 1966 2177 2021 die
2202 1968 2339 2022 inest
2361 1970 2660 2040 scrupulus,
2689 1971 2846 2028 hodie
2870 1975 2939 2029 sit
2968 1975 3252 2045 confessio,
3283 1977 3440 2035 hodie
3467 1996 3667 2036 renun-

2091 2056 2248 2117 tietur
2288 2061 2576 2130 scrupulo;
2621 2060 2782 2117 hodie
2826 2063 3136 2132 dimittitur,
3187 2066 3347 2124 hodie
3391 2069 3662 2127 laxatur‘.

2089 2146 2203 2202 Non
2247 2157 2330 2204 est
2374 2159 2430 2203 ut
2463 2150 2627 2217 dicas,
2662 2153 2845 2208 Differt
2871 2155 3008 2210 Deus
3035 2157 3239 2212 veniam
3270 2177 3283 2212 :
3314 2170 3365 2213 tu
3403 2163 3507 2215 noli
3553 2163 3649 2217 dif-

2087 2238 2229 2295 ferre
2256 2241 2570 2298 medicinam
2601 2253 2763 2300 tuam.
2797 2247 2970 2303 llabes
2997 2250 3135 2304 enim
3175 2253 3368 2322 aliquid
3399 2254 3449 2308 in
3478 2256 3663 2309 animo

2087 2327 2225 2398 quod
2257 2341 2307 2385 te
2335 2342 2492 2402 angat
2525 2351 2537 2387 :
2572 2345 2625 2388 et
2652 2335 2696 2387 si
2726 2336 2890 2404 angit,
2922 2347 2974 2391 et
3003 2340 3273 2395 sollicitat.
3311 2341 3498 2413 Utique
3525 2345 3571 2398 si
3606 2346 3659 2399 in

2083 2421 2244 2477 domo
2271 2433 2355 2477 tua
2382 2433 2525 2479 esset
2555 2426 2686 2494 lapis
2711 2425 2985 2483 offendens
3024 2431 3206 2486 oculos
3253 2441 3388 2498 tuos,
3435 2434 3662 2504 juberes

2082 2525 2204 2566 eum
2247 2513 2440 2567 auferri
2489 2515 2555 2570 de
2603 2516 2813 2584 medio;
2863 2519 3092 2575 maxime
3137 2521 3180 2575 si
3225 2522 3452 2594 aliquem
3496 2530 3661 2596 paulo

2082 2602 2338 2671 majorem
2384 2604 2645 2674 itaSpitem
2695 2608 2749 2662 in
2797 2609 2958 2664 domo
3000 2622 3083 2666 tua
3128 2629 3272 2670 esses
3320 2626 3656 2686 recepturus.

2079 2693 2208 2748 Cum
2255 2709 2381 2766 ergo
2431 2698 2595 2753 Deum
2642 2701 2894 2770 invocas,
2943 2704 2994 2758 in
3042 2715 3091 2760 te
3136 2722 3328 2772 vocas;
3383 2715 3658 2779 quomodo

2078 2787 2255 2842 veniet
2289 2789 2340 2841 in
2367 2797 2437 2852 te,
2471 2791 2553 2844 cui
2586 2791 2756 2846 locum
2788 2809 2894 2862 quo
2918 2796 3175 2866 recipias,
3207 2814 3310 2854 non
3341 2802 3658 2860 mundasti?

2080 2874 2182 2930 Sed
2213 2879 2387 2931 minus
2433 2879 2654 2936 idoneus
2688 2898 2747 2938 es
2781 2884 2990 2940 auferre
3019 2887 3085 2943 de
3126 2890 3284 2945 corde
3331 2901 3456 2959 tuo,
3507 2898 3656 2964 quod

2079 2966 2168 3020 tibi
2201 2967 2313 3036 ipse
2337 2967 2547 3024 fecisti?
2597 2971 2770 3041 Ipsum
2817 2976 3034 3044 invoca,
3067 2989 3122 3034 ut
3170 2984 3423 3050 mundet;
3473 2987 3656 3054 ipsum

2075 3055 2259 3122 invita,
2292 3067 2348 3112 ut
2377 3060 2534 3115 intret
2567 3079 2580 3114 :
2612 3061 2738 3117 dum
2767 3073 2941 3120 tamen
2969 3069 3108 3137 quod
3143 3069 3372 3127 facturus
3399 3090 3493 3138 es,
3527 3093 3655 3132 mo-

2069 3146 2142 3200 do
2169 3146 2350 3214 facias,
2382 3165 2500 3205 cum
2526 3152 2755 3222 loquitur
2778 3158 3065 3226 monendo,
3093 3170 3150 3216 et
3171 3171 3309 3217 tacet
3331 3165 3650 3232 judicando.

2140 3240 2364 3301 CAPUT
2397 3245 2528 3300 Vlll.
2573 3277 2639 3290 --
2680 3249 2733 3304 9.
2778 3249 3025 3306 Doctrina
3070 3268 3273 3324 accepta
3322 3275 3421 3312 non
3470 3277 3654 3316 amaro

2070 3332 2222 3386 corde
2264 3337 2696 3392 communicanda.
2756 3341 2894 3396 Dixit
2946 3343 3029 3398 hic
3070 3345 3278 3414 hircos,
3325 3349 3456 3405 dixit
3499 3354 3653 3408 arie-

2068 3431 2169 3486 tes,
2212 3435 2266 3479 et
2301 3424 2499 3495 judicat
2538 3429 2677 3484 inter
2713 3446 2824 3485 eos.
2872 3433 2940 3487 Et
2977 3437 3101 3504 quid
3144 3439 3222 3492 eis
3262 3439 3430 3497 dicit?
3473 3441 3656 3496 Num-

2065 3516 2188 3586 quid
2223 3534 2323 3571 non
2361 3519 2539 3587 sufﬁcit
2570 3521 2723 3586 vobis,
2765 3525 2882 3593 quia
2911 3526 3088 3580 bonam
3129 3546 3365 3597 pascuum
3403 3536 3652 3603 pasceba-

2065 3607 2166 3661 tis?
2209 3617 2256 3661 et
2303 3607 2541 3678 reliquias
2584 3628 2783 3681 pascua:
2820 3624 2995 3669 vestris
3023 3619 3386 3674 conculcabatis
3430 3625 3651 3691 pedibus

2064 3698 2272 3763 vestris;
2302 3709 2349 3752 et
2393 3700 2642 3770 potabatis
2687 3719 2891 3772 aquam,
2939 3723 3052 3774 qua:
3091 3710 3396 3779 subsidebat,
3429 3713 3479 3768 id
3528 3727 3646 3781 est,

2062 3802 2180 3856 qua:
2228 3803 2355 3857 pura
2409 3799 2467 3845 et
2515 3793 2792 3860 tranquilla
2840 3804 2986 3860 erat,
3036 3807 3082 3850 et
3131 3799 3374 3868 reliquam
3425 3805 3650 3872 pedibus

2061 3877 2237 3931 vestris
2265 3879 2539 3934 turbabatis
2568 3896 2587 3934 :
2613 3891 2658 3935 et
2687 3897 2800 3937 oves
2837 3900 2961 3940 mere
2983 3890 3404 3953 -conculcationes
3447 3896 3648 3963 pedum

2062 3977 2338 4020 vestrorum
2367 3969 2716 4039 depascebant,
2748 3981 2794 4026 et
2836 3976 3179 4029 conturbatam
3210 3979 3417 4047 pedibus
3459 3987 3647 4040 vestris

2060 4073 2240 4128 aquam
2260 4061 2518 4130 potabant.
2543 4062 2676 4128 Quid
2699 4071 2781 4118 est
2805 4063 2947 4119 hoc?
2973 4065 3170 4122 Pascua
3200 4069 3289 4123 Dei
3318 4070 3454 4126 bona
3485 4088 3642 4140 sunt,

2057 4157 2112 4203 et
2153 4147 2325 4205 fontes
2353 4150 2443 4206 Dei
2480 4153 2597 4221 puri
2626 4161 2765 4208 sunt.
2808 4154 3076 4211 Habemus
3122 4157 3221 4213 hoc
3264 4159 3315 4213 iu
3343 4152 3645 4232 Scripluris

2056 4240 2273 4294 sanctis.
2296 4242 2394 4309 Qui
2425 4252 2548 4297 sunt
2575 4259 2720 4314 ergo,
2749 4248 2835 4314 qui
2863 4247 3002 4316 quod
3027 4251 3365 4319 tranquillum
3393 4263 3475 4306 est
3505 4255 3643 4311 inde

2053 4329 2272 4397 bibunt;
2324 4341 2376 4386 et
2426 4333 2565 4403 quod
2607 4334 2859 4389 mundum
2907 4346 2989 4391 est
3032 4336 3153 4392 inde
3203 4351 3526 4409 pascuntur;
3577 4358 3644 4401 et

2050 4422 2364 4477 conculcant
2401 4423 2650 4494 reliquias
2686 4434 2741 4480 et
2772 4425 2986 4480 turbant
3022 4442 3234 4497 aquam,
3267 4439 3325 4484 ut
3348 4446 3476 4486 oves
3505 4434 3642 4489 aliae

2051 4513 2388 4568 conculcatas
2422 4514 2611 4570 herbas
2654 4516 2912 4587 accipiant
2941 4527 2994 4572 et
3032 4534 3219 4590 aquam
3249 4522 3639 4582 conturbatam

2053 4601 2281 4657 bibant?
2337 4604 2401 4658 Et
2451 4605 2552 4659 hoc
2602 4606 2782 4676 utique
2827 4607 3015 4664 videtis
3067 4609 3346 4680 displicere
3397 4619 3638 4684 pastori,

2048 4693 2136 4764 qui
2175 4694 2304 4749 dicit
2344 4694 2469 4749 dum
2514 4693 2645 4750 fiunt
2685 4697 2806 4764 ista,
2855 4695 2967 4767 Ego
3008 4699 3183 4768 judico
3226 4701 3357 4756 inter
3398 4720 3539 4758 ovem
3581 4717 3642 4760 et

2048 4799 2234 4840 ovem:
2273 4785 2338 4840 ad
2367 4786 2465 4841 hoc
2499 4787 2680 4857 utique
2709 4790 2789 4842 ne'
2811 4787 2957 4841 fiant.
2994 4790 3127 4846 Sunt
3153 4793 3305 4846 multi
3345 4794 3434 4863 qui
3477 4805 3644 4850 tran-

2043 4876 2207 4946 quille
2253 4876 2486 4947 discunt,
2531 4879 2836 4948 perturbate
2873 4883 3106 4943 docent;
3145 4892 3198 4937 et
3239 4900 3357 4946 cum
3389 4887 3639 4944 habeant

2045 4965 2318 5022 doctorem
2364 4970 2686 5039 patientem,
2731 4973 2956 5027 saeviunt
2998 4973 3052 5028 in
3094 4975 3405 5029 discentem.
3442 4978 3632 5044 Quam

2046 5071 2145 5112 nos
2200 5058 2341 5113 enim
2392 5059 2675 5130 tranquille
2735 5061 2924 5118 doceat
2973 5065 3087 5133 ipsa
3137 5066 3446 5136 Scriptura,
3497 5072 3638 5139 quis

2043 5148 2251 5204 nescit?
2284 5148 2441 5206 Venit
2485 5165 2610 5220 ergo
2639 5152 2850 5222 aliquis.
2896 5162 2951 5208 et
2995 5155 3123 5225 legit
3173 5166 3430 5226 praecepta
3477 5159 3576 5214 Dei
3611 5178 3632 5226 ;

2039 5237 2167 5307 legit
2193 5247 2245 5292 et
2284 5239 2442 5308 capit,
2469 5241 2610 5309 capit
2636 5243 2949 5312 tranquillus
2976 5242 3045 5298 de
3085 5247 3370 5314 tranquillo
3398 5247 3628 5311 bibens,

2037 5334 2092 5380 et
2124 5326 2192 5381 de
2216 5326 2368 5381 viridi
2402 5338 2455 5384 et
2480 5329 2675 5384 mundo
2701 5345 2942 5400 pascens.
2978 5333 3132 5387 Venit
3156 5333 3176 5365 ²
3210 5335 3398 5404 aliquis
3424 5337 3632 5394 audire

2034 5416 2101 5473 ab
2147 5418 2236 5474 illo
2275 5419 2511 5492 aliquid;
2549 5421 2871 5493 indignatur,
2916 5425 3273 5495 perturbatur,
3303 5428 3633 5484 tarditatem

2095 5580 2110 5612 ί
2138 5583 2203 5628 Ita
2224 5589 2394 5629 omnes
2409 5586 2514 5630 Mss.
2539 5579 2660 5631 sunt
2683 5593 2818 5641 vero,
2843 5580 2986 5632 hodie
3006 5579 3290 5640 dimittatur,
3310 5577 3451 5632 hodie
3473 5579 3652 5632 laxes-

2030 5648 2228 5768 ῗῃςῖιιοε
2260 5699 2364 5748 loco
2385 5707 2458 5748 tu.
2485 5709 2537 5768 et
2559 5700 2737 5766 aliquot
2761 5710 2886 5765 Mss,
2911 5701 3036 5754 velit.
3063 5703 3205 5754 Paulo
3227 5712 3330 5768 post
3357 5705 3469 5754 tres
3487 5711 3638 5764 uss...

2027 5762 2073 5814 ii;
2102 5764 2324 5826 'ignutur,
2341 5761 2603 5828 perturbat.
