3988 6190
328 407 435 462 301

333 516 621 589 aliquando
668 518 841 572 serius
886 514 1225 586 intelligentis
1273 513 1604 580 accusando,
1647 514 1914 569 turbatum

330 614 461 667 iacit
504 611 683 665 minus
735 608 1050 680 intelligere,
1102 608 1242 679 quod
1290 616 1499 679 poterat
1543 606 1729 663 audire
1767 617 1913 663 tran-

330 703 546 773 quiilus.

404 794 491 850 lo.
538 791 787 848 Dacians
832 790 975 847 lividi
1017 798 1066 845 et
1106 790 1427 846 amarulenti.
1483 790 1590 846 Nec
1644 789 1749 845 hoc
1792 789 1913 846 ideo

326 886 583 953 dixerim,
625 885 836 951 fratres,
872 885 993 954 quia
1022 899 1127 941 non
1151 892 1237 940 est
1258 882 1546 953 aliquando
1577 882 1914 953 corripienda

326 977 548 1042 duritia,
591 991 751 1047 quam
784 975 905 1044 ipsa
949 983 1092 1029 tanta
1123 974 1363 1029 veritatis
1399 973 1751 1044 tranquillitas
1787 988 1911 1029 cor-

324 1072 496 1143 ripit,
523 1068 710 1126 dicens
741 1087 756 1124 :
791 1067 838 1123 0
884 1068 1130 1124 insensati
1158 1077 1203 1122 et
1244 1066 1382 1122 tardi
1424 1066 1577 1122 corde
1600 1066 1669 1121 ad
1707 1066 1913 1121 creden-

323 1166 453 1220 dam
485 1162 637 1237 (Luc.
674 1177 824 1229 xxiv,
850 1160 981 1233 25)!
1021 1160 1067 1215 si
1106 1160 1205 1216 ista
1238 1160 1374 1215 fiunt
1402 1174 1464 1215 ea
1493 1158 1776 1215 dilectione
1807 1174 1910 1229 qua

326 1259 576 1314 volumus
600 1271 785 1312 curam
815 1256 1059 1311 incutere
1086 1254 1411 1322 hominibus,
1443 1253 1508 1308 ad
1552 1252 1910 1310 incntiendam

321 1350 662 1421 diligentiam
706 1347 1040 1412 intentionis,
1069 1356 1123 1401 et
1150 1346 1215 1401 ad
1254 1346 1607 1401 serenandam
1646 1344 1784 1401 forte
1806 1360 1910 1401 stu-

281 1479 286 1482 -
322 1442 453 1497 bern
480 1444 675 1498 mentis
698 1456 830 1506 sum,
854 1455 1013 1511 quam
1036 1439 1105 1496 de
1126 1439 1267 1495 curis
1291 1439 1473 1494 saeculi
1497 1446 1908 1503 contraxerunt;

320 1542 385 1587 et
418 1532 554 1587 forte
586 1531 872 1603 cogitando
896 1531 1002 1586 alia
1036 1529 1266 1596 inutilia,
1299 1530 1439 1600 quod
1468 1530 1596 1586 utile
1618 1537 1704 1585 est
1725 1529 1912 1587 audire

322 1638 436 1678 non
479 1630 721 1693 possunt.
771 1622 971 1678 Deinde
1016 1622 1224 1677 etiamsi
1269 1622 1325 1677 in
1365 1635 1426 1677 se
1467 1621 1691 1692 quisque
1731 1620 1911 1677 videat

322 1716 653 1780 tarditatem,
684 1729 804 1770 non
849 1714 968 1770 sine
1001 1728 1161 1770 causa
1195 1714 1287 1770 ille
1318 1723 1621 1781 accusatur,
1639 1725 1698 1769 ut
1738 1714 1908 1770 Deum

316 1815 501 1878 roget,
549 1814 607 1863 et
649 1807 828 1862 solvat
875 1806 1205 1874 tarditatem,
1244 1805 1408 1861 donet
1450 1804 1756 1862 veritatem.
1799 1805 1910 1863 Aut

322 1900 477 1953 enim
520 1898 564 1952 si
611 1896 926 1967 negligentia
968 1908 1150 1952 nostra
1184 1896 1363 1952 minus
1395 1896 1739 1967 intelligimus
1763 1896 1907 1968 quod

318 1990 652 2054 audivimus,
702 1990 881 2059 utique
911 1989 1232 2061 negligentia
1272 1988 1606 2060 corripienda
1644 1997 1727 2045 est
1759 2007 1778 2044 :
1812 1998 1907 2046 aut

314 2082 368 2136 si
395 2081 625 2137 tarditas
648 2089 752 2148 est,
777 2097 900 2137 cum
924 2080 1085 2137 fuerit
1106 2089 1374 2148 accusata,
1401 2080 1503 2139 erit
1527 2079 1667 2137 unde
1688 2089 1906 2151 rogetur

314 2174 489 2230 Deus.
522 2173 632 2229 Nec
658 2173 906 2229 doctores
944 2170 1073 2244 ergo
1108 2172 1242 2228 tales
1277 2171 1701 2243 reprehendendi
1734 2180 1859 2227 sunt
1880 2190 1901 2227 :

314 2264 419 2319 sed
463 2264 555 2334 qui
606 2265 707 2318 hoc
749 2263 949 2319 faciunt
982 2263 1169 2319 animo
1212 2277 1428 2331 amaro,
1474 2262 1653 2318 animo
1699 2261 1899 2329 invido,

314 2354 423 2424 ipsi
464 2356 780 2410 conen‘lcant
808 2369 1020 2425 pascua,
1060 2361 1115 2410 ct
1147 2353 1361 2410 turbant
1393 2351 1604 2419 fontes;
1646 2351 1903 2424 quidquid

310 2445 461 2499 forte
488 2446 755 2513 noverint,
783 2445 854 2500 ita
880 2446 1065 2500 volunt
1089 2459 1271 2510 nosse,
1298 2453 1356 2500 ut
1378 2445 1469 2499 alii
1502 2460 1610 2500 non
1637 2444 1898 2500 noverint.

312 2536 560 2608 Maligna
592 2537 787 2592 mentis
826 2536 1093 2604 homines,
1130 2544 1363 2591 tartareo
1384 2536 1507 2591 seio
1539 2535 1704 2606 pleni,
1751 2535 1901 2591 lividi

310 2645 424 2685 rion
452 2631 505 2685 in
525 2644 778 2700 corpore,
806 2629 901 2685 sed
939 2629 994 2684 in
1035 2629 1217 2694 corde,
1251 2629 1495 2700 legerunt
1527 2634 1584 2685 et
1624 2628 1900 2684 intellexe-

309 2731 477 2788 runt;
528 2736 650 2777 cum
692 2721 1001 2791 interrogati
1040 2718 1275 2786 fuerint,
1324 2719 1551 2775 multum
1591 2728 1673 2774 est
1712 2718 1779 2774 ad
1825 2728 1897 2785 te,

305 2830 418 2886 ego
448 2812 545 2869 tibi
573 2814 681 2868 ista
712 2810 974 2868 credam?
1013 2818 1069 2866 et
1091 2820 1144 2866 tu
1172 2810 1364 2881 dignus
1382 2825 1449 2866 es
1487 2810 1587 2865 ista
1614 2810 1794 2881 legere
1815 2811 1900 2866 vel

304 2903 544 2960 audire?
577 2901 716 2970 Quid
740 2902 931 2958 turbas
960 2899 1186 2971 aquam?
1228 2899 1503 2955 Ambobus
1535 2897 1655 2955 fons
1694 2908 1895 2956 manat.

307 2994 459 3075 Quid
500 2994 780 3051 concidens
823 2994 1017 3050 herbas
1049 2990 1404 3048 communes?
1444 2990 1566 3047 Non
1603 3000 1656 3046 ιιι
1693 2991 1895 3062 pluisti,

302 3099 370 3146 ut
397 3098 761 3146 nascerentur.

388 3181 616 3239 CAPUT
643 3180 733 3237 IX.
768 3210 843 3221 —
883 3181 973 3236 ll.
1019 3178 1143 3236 Non
1182 3181 1360 3253 ευθεοῆ
1397 3181 1529 3236 bona
1562 3181 1894 3250 conscientia,

306 3273 360 3329 si
405 3282 479 3328 est
535 3272 788 3344 negligens
836 3287 1008 3326 coram
1061 3271 1344 3326 hominibus
1402 3272 1732 3326 conversatio.
1799 3270 1897 3326 Est

307 3362 461 3419 aliud
487 3363 540 3418 in
560 3361 652 3418 bis
667 3362 865 3430 verbis,
887 3361 1030 3433 quod
1068 3377 1174 3417 non
1195 3361 1423 3418 absurde
1444 3370 1622 3433 potest
1646 3363 1890 3434 intelligi.

303 3456 453 3511 Sunt
479 3454 725 3510 homines
757 3455 844 3525 qui
888 3463 1079 3526 putant
1129 3454 1228 3510 sibi
1266 3454 1325 3510 in
1364 3455 1503 3512 bene
1525 3457 1755 3513 vivendo
1780 3456 1894 3513 sul-

303 3546 476 3603 licere
504 3547 904 3613 conscientiam,
946 3554 1001 3601 et
1023 3561 1128 3602 non
1155 3546 1308 3603 valde
1333 3556 1521 3604 curant
1546 3547 1674 3621 quid
1695 3550 1765 3605 de
1785 3548 1894 3607 illis

300 3639 452 3694 alter
494 3638 801 3706 existimet;
848 3638 1151 3709 ignorantes
1187 3641 1311 3710 quia
1356 3655 1477 3696 cum
1514 3641 1677 3697 homo
1702 3640 1894 3697 viderit

300 3730 584 3787 hominem
629 3730 784 3786 beate
829 3731 1171 3787 conscientiae
1214 3731 1565 3803 negiigentins
1599 3733 1887 3799 viventem,

301 3825 516 3895 passim
544 3837 602 3878 se
624 3824 846 3879 cuilibet
871 3833 926 3878 et
965 3823 1190 3879 ubilibet
1218 3824 1658 3896 conjungentem,
1684 3824 1890 3882 haben—

294 3926 417 3973 tem
446 3916 723 3972 scientiam
769 3915 914 3987 quod
958 3916 1089 3971 nihil
1137 3916 1207 3972 sit
1251 3916 1472 3985 idolum,
1517 3926 1573 3973 et
1612 3925 1794 3974 tamen
1833 3917 1887 3973 in

301 4008 478 4064 idolio
508 4007 929 4076 recumbentem,
960 4010 1283 4065 conscientia
1310 4009 1452 4064 illius
1480 4024 1607 4065 cum
1636 4010 1707 4066 sit
1741 4009 1889 4065 infir-

294 4117 421 4169 ma,
451 4100 747 4157 adificantur
774 4116 881 4156 non
921 4099 989 4155 ad
1020 4116 1082 4156 ea
1111 4115 1232 4171 quae
1270 4109 1652 4170 perscrutatur,
1689 4098 1787 4157 sed
1819 4100 1886 4156 ad

290 4207 369 4248 αι
418 4207 539 4263 quas
580 4192 879 4263 snSpicatur
923 4190 983 4262 (l
1029 4189 1147 4245 Cor.
1188 4206 1301 4257 vui,
1344 4190 1470 4262 l0).
1517 4190 1703 4263 Neque
1742 4191 1886 4249 enim

288 4282 471 4339 homo
506 4297 601 4351 par
632 4291 753 4338 tuus
781 4283 831 4350 ί,
857 4281 1025 4337 frater
1057 4290 1196 4346 tuus,
1225 4282 1427 4337 intrare
1462 4289 1639 4353 potest
1674 4282 1885 4338 in-con-

295 4373 585 4430 seientiam
634 4381 800 4440 tuam,
842 4387 1002 4443 quam
1043 4372 1189 4427 novit
1228 4372 1386 4427 Deus.
1427 4372 1762 4428 Conscientia
1795 4380 1884 4429 tua

292 4478 484 4523 coram
524 4461 637 4519 Deo
671 4472 788 4529 est,
834 4462 1168 4518 conversatio
1197 4469 1293 4516 tua
1330 4476 1512 4517 coram
1543 4461 1710 4518 fratre
1744 4470 1837 4519 tuo
1865 4480 1879 4518 :

289 4554 344 4611 si
397 4554 467 4609 de
513 4563 565 4608 te
619 4554 710 4608 ille
761 4552 959 4623 aliquid
1000 4552 1124 4607 mali
1178 4553 1487 4624 suspicans,
1534 4536 1884 4624 perturbatus

296 4646 600 4701 addicatur
622 4645 688 4700 ad
712 4644 911 4716 aliquid
930 4643 1234 4700 faciendum
1268 4644 1411 4716 quod
1436 4653 1490 4702 te
1514 4646 1880 4717 putatfacet'e,

296 4755 426 4797 cum
453 4739 532 4794 sic
560 4739 723 4804 vivis;
756 4738 885 4808 quid
910 4738 1129 4809 prodest
1161 4738 1282 4809 quia
1318 4741 1510 4795 venter
1533 4742 1883 4799 conscientia:

294 4844 409 4887 tua:
442 4829 622 4885 hausit
660 4845 852 4900 aquam
891 4843 1099 4899 puram,
1140 4838 1195 4884 et
1240 4829 1330 4886 ille
1365 4831 1435 4888 de
1472 4839 1560 4887 tua
1597 4831 1883 4905 negligenti

286 4923 710 4983 conversatione
742 4922 877 4978 bibit
913 4921 1179 4978 turbatam
1199 4924 1220 4955 ³
1238 4923 1264 4977 9

371 5016 465 5072 12.
517 5013 822 5069 Hominibus
870 5013 1078 5086 placere
1142 5024 1390 5087 quatenus
1439 5016 1761 5071 studendum.
1818 5018 1886 5073 Et

300 5108 464 5165 audis
494 5106 649 5175 tales,
678 5120 799 5161 cum
823 5105 1182 5176 corripiuntur
1206 5120 1273 5161 ne
1297 5106 1396 5162 ista
1422 5104 1635 5177 faciant,
1663 5123 1885 5181 respon-

299 5202 438 5258 dere
466 5202 642 5270 nobis,
675 5214 731 5259 et
763 5204 941 5260 dicere
970 5222 985 5260 :
1011 5204 1299 5274 Apostolus
1325 5204 1479 5273 dixit,
1512 5205 1573 5263 Si
1597 5206 1884 5262 hominibus

300 5296 511 5366 placere
536 5297 734 5365 vellem,
762 5296 952 5352 Christi
978 5313 1149 5353 servus
1174 5313 1277 5352 non
1298 5314 1455 5353 essem
1477 5296 1674 5369 (Colat.
1703 5315 1741 5367 ι,
1770 5299 1881 5370 10).

298 5389 372 5443 Et
423 5388 516 5445 hic
573 5404 766 5461 aquam
813 5391 1018 5459 turbas,
1053 5405 1249 5462 pascua
1301 5392 1603 5450 scaenicas.
1653 5395 1886 5452 Attende

292 5587 695 5702 ιςῖἓίῌὼηηαια
738 5595 865 5643 uuis.
900 5590 1201 5654 Castigantur
1234 5591 1520 5644 auctoritate
1557 5591 1887 5647 dsterclensk

358 5714 381 5745 ³
396 5714 471 5763 Sic
492 5713 661 5783 Florus
673 5719 726 5764 et
739 5713 975 5783 meliores
994 5720 1101 5783 uss.
1125 5713 1209 5783 {illi
1233 5714 1440 5783 quidam,
1452 5714 1525 5783 _de
1544 5724 1628 5767 tua
1647 5716 1886 5783 negligen-

288 5775 359 5824 tia
392 5775 799 5841 concretionem
819 5777 955 5841 habet
978 5773 1316 5841 turbulentam.
1349 5773 1466 5828 ωίιι
1492 5785 1687 5841 autem,
1705 5773 1885 5835 He'tua

292 5835 587 5900 negligentia
611 5837 1008 5891 conversatin
1034 5835 1148 5888 bibit
1172 5838 1418 5889 turbatam

1722 399 1953 456 SEBMO
1993 401 2198 462 XLVII.

3478 425 3598 482 303

2026 517 2241 584 melius,
2278 535 2345 577 ne
2374 530 2426 577 et
2453 523 2544 578 tibi
2584 540 2773 595 aquam
2811 529 2990 586 turbes
3017 533 3061 585 ί.
3086 531 3238 600 Quod
3274 534 3347 588 ait
3374 536 3604 607 Aposto-

2024 609 2127 675 lus,
2169 610 2231 667 Si
2273 613 2557 670 hominibus
2592 619 2790 687 placere
2828 621 3024 687 vellem,
3065 621 3255 679 Christi
3294 642 3465 683 seruus
3499 646 3602 685 non

2022 715 2202 766 essent,
2230 704 2431 773 optime
2455 707 2680 776 accipio,
2708 711 3054 778 apostolicam
3085 717 3403 772 sententiam
3431 719 3603 776 liben'

2022 801 2104 848 ter
2148 808 2399 865 agnosco.
2459 796 2566 853 Sed
2622 799 2766 854 aliud
2822 802 2875 855 in
2914 803 3174 872 Apostolo
3228 822 3336 862 non
3383 808 3601 881 legisti:

2020 883 2233 941 Placete
2271 888 2500 944 omnibus
2539 908 2628 960 per
2666 893 2858 958 omnia,
2890 894 3018 949 sicut
3051 905 3101 951 et
3135 913 3228 967 ego
3255 900 3485 957 omnibus
3514 919 3605 971 per

2016 979 2194 1032 omnia
2234 980 2450 1051 placeo;
2493 998 2596 1037 non
2636 999 2871 1053 quaerens
2913 989 3049 1056 quod
3084 988 3209 1043 mihi
3250 991 3473 1061 prodest,
3514 995 3604 1049 sed

2020 1068 2155 1136 quod
2181 1069 2387 1137 multis,
2416 1082 2474 1125 ut
2494 1073 2625 1127 salvi
2648 1074 2822 1143 ﬁant?
2850 1075 3054 1131 Rursus
3092 1078 3339 1136 eumdem
3379 1091 3600 1151 aposto-

2017 1160 2126 1215 lum
2173 1178 2278 1217 non
2320 1164 2516 1220 audisti
2566 1185 2580 1219 :
2627 1166 2754 1235 Sine
2790 1166 3073 1235 oﬂ'ensione
3121 1180 3277 1227 astate
3320 1171 3520 1228 Jndteis
3554 1182 3605 1229 et

2014 1250 2209 1307 .Grazcis
2232 1294 2247 1318 ,
2292 1264 2338 1309 et
2385 1253 2628 1312 Ecclesia
2653 1256 2753 1313 Dei
2781 1258 2800 1329 (
2827 1257 2984 1316 lCor.
3013 1276 3068 1326 ι,
3105 1262 3197 1328 55,
3235 1262 3325 1336 δε)
3349 1263 3373 1318 l
3415 1264 3602 1321 Tertio

2014 1342 2261 1398 eumdem
2291 1347 2599 1414 apostolum
2646 1364 2750 1403 non
2797 1349 2989 1405 audisti
3029 1368 3043 1404 :
3090 1350 3419 1408 Providemus
3462 1355 3599 1409 enim

2016 1431 2166 1499 bona,
2192 1451 2299 1489 non
2326 1439 2493 1490 solum
2516 1454 2697 1492 coram
2713 1439 2843 1509 Deo,
2872 1442 2962 1497 sed
2988 1442 3142 1499 etiam
3164 1460 3342 1503 caram
3378 1445 3598 1501 homini-

2016 1521 2110 1579 bus
2146 1524 2225 1596 (ll
2252 1524 2371 1581 Cor.
2401 1543 2511 1591 vin,
2537 1527 2674 1600 ευτ’
2716 1530 2808 1585 Ait
2844 1545 2972 1602 ergo
3000 1532 3120 1600 ille,
3152 1533 3375 1606 Expone
3415 1536 3597 1607 itaque

2012 1615 2169 1682 mihi,
2200 1616 2469 1686 quomodo
2506 1619 2796 1691 intelligam
2838 1620 3048 1679 diversa
3076 1633 3237 1695 atque
3280 1627 3548 1681 contraria
3577 1645 3593 1683 :

2010 1704 2409 1765 hac'diceutem
2435 1709 2750 1779 Apostolum
2771 1753 2790 1779 ,
2835 1713 2898 1769 Si
2936 1713 3224 1769 hominibus
3263 1715 3463 1788 placere
3486 1719 3597 1775 vel-

2013 1797 2133 1865 lem,
2156 1797 2350 1855 Christi
2384 1816 2558 1856 servus
2586 1818 2687 1856 non
2708 1819 2909 1868 essem;
2937 1804 3039 1861 hac
3065 1804 3354 1875 dicentem,
3390 1807 3595 1865 Placete

2004 1890 2240 1946 omnibus
2286 1907 2377 1961 per
2414 1893 2619 1960 omnia,
2662 1893 2790 1947 sicut
2835 1901 2882 1949 et
2915 1911 3011 1966 ego
3050 1896 3283 1952 omnibus
3309 1914 3401 1969 per
3424 1899 3598 1954 omnia

2008 1981 2191 2053 placeo
2221 1997 2242 2035 :
2270 1982 2371 2037 hac
2394 1982 2684 2049 dicentem,
2720 1984 2898 2039 Gloria
2923 1996 3097 2042 nostra
3121 1989 3230 2043 lucc
3253 1999 3346 2055 est,
3374 1991 3596 2046 testimo-

2004 2073 2150 2127 nium
2189 2074 2507 2128 coascientice
2544 2084 2731 2129 nostrae
2776 2074 2890 2149 (Id.
2915 2093 2955 2144 ι,
2988 2076 3121 2146 12);
3158 2078 3263 2134 hac
3295 2079 3590 2148 dicentem,

2009 2163 2344 2221 Providemus
2390 2166 2541 2232 bona,
2578 2184 2680 2222 non
2720 2168 2887 2223 solum
2925 2185 3100 2224 coram
3132 2169 3264 2238 Deo,
3302 2173 3396 2227 sed
3438 2175 3593 2231 etiam

2001 2271 2180 2311 coram
2204 2257 2515 2312 hominibus.
2556 2257 2613 2313 Si
2660 2259 2980 2330 tranquillus
3011 2260 3231 2330 audias,
3271 2264 3321 2319 si
3358 2265 3454 2321 tibi
3483 2267 3589 2338 ipsi

2007 2364 2199 2421 aquam
2230 2359 2333 2406 tute
2366 2352 2568 2407 mentis
2606 2366 2713 2407 non
2756 2353 3058 2424 perturbes,
3081 2364 3338 2426 quantum
3372 2367 3587 2429 potero,

2004 2439 2251 2498 fortassis
2290 2458 2576 2514 exponam.
2599 2442 2740 2500 Sunt
2777 2444 3024 2501 homines
3057 2449 3324 2504 temerarii
3359 2451 3587 2520 judices,

2002 2530 2334 2590 detractores
2355 2574 2372 2602 ,
2414 2550 2757 2603 susurrones,
2802 2532 3245 2609 murmuratores,
3288 2552 3589 2612 querentes

2000 2627 2262 2695 suspicari
2288 2628 2431 2698 quod
2458 2644 2566 2686 non
2596 2629 2811 2696 vident,
2848 2639 3151 2702 quaerentes
3188 2633 3348 2688 etiam
3383 2634 3589 2705 jactare

2004 2716 2150 2786 quod
2186 2734 2293 2773 nec
2330 2721 2667 2790 suapicantur
2706 2741 2721 2778 :
2760 2731 2946 2778 contra
2984 2722 3123 2779 tales
3157 2725 3284 2794 quid
3316 2737 3584 2797 remanet,

2001 2808 2106 2863 nisi
2144 2810 2504 2867 testimonium
2534 2813 2884 2871 conscientia:
2916 2816 3158 2871 nostras?
3197 2816 3380 2887 Neque
3409 2821 3583 2888 enim,

2001 2896 2218 2968 fratres,
2253 2901 2415 2957 etiam
2458 2902 2512 2956 in
2551 2903 2656 2959 illis
2688 2903 2887 2975 quibus
2921 2904 3133 2976 placere
3164 2908 3425 2976 volumus,
3465 2912 3586 2983 glov

1998 2990 2136 3047 riam
2176 3001 2414 3048 nostram
2442 2996 2749 3064 quaerimus,
2772 3004 2865 3051 aut
2891 2998 3115 3068 gloriam
3155 3010 3393 3059 nostram
3428 3020 3583 3074 qua--

1914 3134 1931 3149 ,
1998 3096 2121 3141 rere
2145 3082 2424 3150 debemus,
2448 3085 2542 3142 sed
2571 3086 2783 3143 illorum
2804 3088 3035 3144 salutem
3070 3107 3088 3144 ι
3125 3100 3182 3148 ιιι
3220 3092 3268 3148 si
3298 3094 3436 3151 bene
3464 3111 3583 3151 am-

1997 3170 2265 3241 bulamus,
2288 3189 2387 3231 nos
2407 3176 2683 3246 sequendo
2714 3192 2819 3233 non
2849 3186 3064 3247 errent;
3090 3180 3389 3240 imitatores
3408 3187 3580 3243 nostri

1990 3260 2124 3328 sint,
2157 3262 2205 3318 si
2239 3278 2344 3319 nos
2379 3264 2575 3321 Christi
2611 3263 2642 3339 ι(
2658 3266 2744 3323 1d.
2772 3284 2844 3335 tv,
2885 3267 3022 3342 l6);
3061 3270 3107 3325 si
3135 3281 3312 3329 autem
3340 3289 3444 3344 nos
3475 3290 3581 3347 non

1994 3349 2233 3421 Christi,
2281 3354 2577 3414 imitatores
2620 3358 2729 3415 sint
2778 3358 3004 3417 Christi.
3056 3362 3175 3433 ipse
3220 3365 3365 3420 enim
3412 3369 3584 3435 pascit

1992 3457 2212 3514 gregem
2260 3460 2438 3514 suum,
2485 3456 2540 3503 et
2587 3464 2709 3504 cum
2760 3451 3011 3508 omnibus
3058 3454 3196 3511 bene
3240 3457 3581 3527 pascentibus

1995 3533 2113 3604 ipse
2155 3536 2301 3592 solus
2342 3545 2425 3592 est
2453 3555 2465 3590 :
2498 3539 2623 3608 quia
2664 3554 2855 3598 onmes
2888 3543 2941 3597 in
2988 3543 3083 3599 illo
3125 3553 3271 3601 sunt.
3299 3545 3415 3602 Non
3451 3563 3580 3619 ergo

1996 3625 2280 3682 utilitatem
2307 3636 2544 3683 nostram
2574 3631 2886 3700 quaerimus,
2914 3635 3129 3705 quando
3158 3637 3369 3707 placere
3398 3638 3574 3696 hemi-

1996 3716 2155 3775 nibus
2194 3719 2215 3749 ³
2254 3718 2501 3775 volumus
2545 3737 2560 3775 :
2601 3720 2698 3777 sed
2742 3722 3036 3794 gaudemus
3060 3726 3147 3783 eis
3192 3727 3405 3798 placere
3428 3732 3574 3802 quod

1994 3806 2191 3863 bonum
2222 3817 2325 3875 est,
2358 3820 2575 3881 propter
2619 3813 2855 3883 ipsorum
2886 3816 3189 3884 utilitatem,
3220 3836 3327 3875 non
3353 3832 3572 3891 propter

1987 3909 2230 3957 nostram
2254 3901 2594 3973 dignitatem.
2623 3904 2823 3963 Contra
2846 3923 2982 3978 quos
3009 3919 3186 3966 autem
3213 3911 3406 3968 dixerit
3430 3914 3578 3983 Apo—

1995 3991 2184 4058 stolus,
2215 3991 2279 4049 Si
2304 3992 2589 4051 hominibus
2608 3997 2815 4067 placere
2836 3997 3035 4065 aedem,
3069 4001 3253 4056 Clu't'sli
3275 4020 3447 4059 servus
3471 4022 3575 4061 non

1990 4098 2198 4151 essem,
2251 4084 2587 4141 manifestum
2635 4096 2756 4157 est;
2812 4098 2869 4145 et
2913 4100 3131 4162 propter
3172 4108 3308 4164 quos
3354 4095 3572 4154 dixerit.

1989 4171 2201 4229 Placete
2227 4174 2456 4230 omnibus
2482 4192 2578 4248 per
2603 4179 2792 4244 omnia,
2835 4180 2964 4233 sicut
2997 4191 3047 4234 et
3084 4198 3176 4253 ego
3203 4185 3431 4241 omnibus
3458 4186 3572 4250 pla-

1990 4280 2076 4318 reo
2103 4281 2191 4335 per
2217 4266 2404 4332 omnia,
2434 4267 2770 4324 manifestum
2797 4279 2914 4326 est:
2943 4280 3225 4344 utrumque
3253 4275 3569 4346 dilucidum,

1990 4364 2272 4426 utrumque
2310 4358 2685 4428 tranquillum,
2715 4368 2998 4432 utrumque
3043 4380 3254 4433 purum,
3284 4376 3570 4440 utrumque

1984 4461 2095 4502 non
2148 4449 2551 4518 perturbatum;
2603 4458 2657 4510 tu
2706 4461 2913 4508 tantum
2962 4470 3122 4525 pasce
3168 4467 3223 4514 et
3264 4458 3409 4526 bibe,
3454 4461 3566 4518 noli

1987 4538 2301 4595 conculcare
2320 4550 2383 4596 et
2406 4542 2644 4597 turbare.
2674 4562 2675 4565 η

2059 4631 2147 4687 13.
2188 4630 2405 4697 Quando
2446 4635 2659 4705 suﬁiciat
2716 4637 3040 4693 conscientia.
3079 4638 3214 4695 Nam
3266 4651 3324 4698 et
3388 4644 3568 4701 Domi—

1982 4723 2193 4781 mitium
2234 4725 2409 4797 ipsum
2430 4725 2616 4783 lesnm
2643 4726 2913 4805 Christum
2942 4730 3254 4801 magistrum
3283 4735 3570 4804 Apostolo-

1984 4832 2108 4873 rum
2137 4818 2320 4888 utique
2348 4818 2569 4883 audisti,
2595 4817 2815 4875 Luceant
2839 4836 2995 4891 spera
3018 4833 3180 4877 uestra
3200 4840 3375 4880 coram
3399 4827 3566 4891 Ὶιοηιίτ

1982 4908 2154 4975 uibus,
2178 4918 2230 4962 ut
2257 4908 2458 4964 videant
2478 4907 2611 4963 bona
2632 4912 2769 4978 facta
2790 4921 2973 4979 ucstra,
2997 4922 3045 4967 et
3062 4913 3347 4984 glorificent
3360 4913 3567 4970 Patrem

1985 5010 2202 5057 vesnum
2229 5001 2319 5071 qui
2340 5000 2394 5054 in
2421 5000 2556 5055 caelis
2572 5010 2652 5055 est
2685 5000 2894 5073 (Matth.
2922 5019 2978 5069 v,
3000 5004 3089 5076 i6)
3112 5021 3128 5059 :
3150 5004 3201 5060 id
3228 5015 3332 5074 est,
3354 5009 3444 5078 qui
3470 5024 3569 5066 vos

1987 5093 2115 5150 feeit
2142 5094 2302 5148 tales.
2333 5092 2439 5148 Nos
2466 5093 2610 5149 enim
2642 5094 2868 5164 pepulus
2904 5110 3127 5165 pascua:
3157 5097 3294 5169 ejus,
3338 5109 3396 5156 et
3432 5117 3564 5159 oves

1987 5201 2238 5242 manuum
2262 5184 2379 5256 ejus
2406 5183 2579 5258 (Paul.
2607 5200 2749 5252 xciv,
2772 5186 2848 5255 7).
2888 5186 2985 5245 ille
3020 5202 3151 5259 ergo
3185 5189 3448 5260 laudetur,
3476 5196 3568 5265 qui

1987 5288 2044 5336 te
2070 5280 2195 5336 fecit
2218 5279 2438 5345 bonum,
2461 5279 2506 5335 si
2534 5278 2706 5335 bonus
2728 5296 2785 5335 es
2807 5296 2822 5347 ;
2846 5296 2951 5337 non
2979 5289 3056 5350 tu,
3079 5283 3168 5353 qui
3191 5299 3288 5355 per
3312 5293 3365 5341 te
3392 5286 3563 5356 ipsum

1988 5387 2097 5428 non
2128 5379 2343 5442 poteras
2369 5384 2491 5426 esse
2518 5370 2621 5426 nisi
2651 5371 2842 5427 malus.
2874 5372 3011 5441 Quid
3046 5373 3128 5429 vis
3150 5385 3327 5432 autem
3354 5378 3405 5431 in
3432 5392 3565 5433 con-

1934 5532 1937 5535 _
1991 5463 2210 5520 trarium
2257 5462 2455 5518 ducere
2501 5462 2809 5528 veritatem,
2840 5472 2899 5517 ut
2941 5465 3153 5533 quando
3198 5466 3325 5522 boni
3368 5468 3564 5540 aliquid

1990 5552 2141 5619 facis,
2171 5558 2224 5608 te
2253 5552 2388 5609 velis
2416 5551 2649 5617 laudari;
2676 5551 2887 5620 quando
2910 5551 3034 5608 mali
3061 5552 3255 5624 aliquid
3287 5553 3437 5626 facis,
3464 5549 3567 5613 Dn-

1990 5645 2193 5702 minnm
2241 5645 2373 5701 velis
2420 5643 2746 5714 vituperari?
2778 5641 2970 5715 Utique
3001 5646 3142 5702 enim
3168 5649 3257 5720 qui
3282 5648 3435 5718 dixit,
3459 5649 3566 5706 Lu-

2053 5784 2074 5852 ξ
2096 5778 2354 5852 sierint-us
2375 5786 2427 5852 et
2444 5778 2669 5852 plerique
2688 5769 2797 5852 glas.
2831 5786 2884 5832 At
2909 5778 3043 5845 editi,
3070 5783 3223 5838 turbet
3243 5784 3394 5852 quod,
3419 5784 3517 5837 etc.“

2052 5845 2074 5875 '
2094 5842 2424 5893 cistcreiensis
2444 5840 2546 5905 iis,
2570 5840 2800 5895 dntibus.
3030 5840 3039 5845 ’
3253 5840 3266 5852 ”
3377 5840 3392 5847 ’
3612 5865 3617 5868 -
