3938 6186
432 436 546 493 ὖὶἲὸ

441 567 751 626 ceantopera
771 563 928 608 vestra
947 568 1113 605 coram
1139 549 1452 612 hominibus;
1475 548 1586 618 ipse
1607 548 1732 603 dixit
1757 549 1807 604 in
1830 547 2017 605 eodem

442 662 710 711 sermone,
737 643 908 699 Nolite
926 643 1090 715 facere
1104 643 1358 717 justitiam
1379 654 1589 696 restrain
1611 657 1778 695 coram
1805 638 2022 695 homini-

426 738 551 793 ’bus.
584 736 687 794 Sed
718 739 854 791 sicut
883 736 934 790 in
961 735 1216 805 Apostolo
1238 734 1337 789 ista
1362 732 1453 788 tibi
1477 733 1739 788 contraria
1767 731 2019 787 videban-

441 829 668 894 tur,-sic
690 837 768 884 rei
814 828 867 884 in
896 827 1217 898 ’l‘Ivangelio.
1260 825 1318 883 Si
1362 835 1538 881 autem
1588 842 1691 880 non
1741 825 2016 896 perturbes

439 936 630 993 aquam
660 920 837 977 cordis
864 918 970 987 tui,
999 919 1165 975 ct‘hic
1192 934 1447 990 agnosces
1490 933 1670 987 pacem
1710 918 2015 989 Scriptura-

421 1027 592 1075 'rnm,
632 1018 685 1065 et
729 1010 951 1066 habebis
987 1024 1107 1065 cum
1148 1009 1227 1064 eis
1250 1017 1301 1062 et
1334 1017 1388 1062 tu
1419 1022 1621 1079 pacem.
1663 1007 1720 1063 Si
1750 1017 1927 1062 autem
1959 1015 2013 1061 tu

437 1118 557 1156 enin
584 1101 663 1158 eis
693 1101 889 1157 habere
935 1098 1172 1155 nolueris
1216 1113 1399 1170 pacem
1420 1142 1435 1164 ,
1481 1107 1534 1152 tu
1566 1098 1618 1153 in
1645 1107 1697 1154 te.
1725 1098 2014 1155 committis

437 1193 580 1248 litem
622 1200 791 1256 tuum,
849 1192 953 1247 illa:
1002 1206 1105 1245 non
1148 1190 1392 1244 amittent
1426 1202 1610 1259 pacem
1650 1202 1821 1243 suam.
1876 1187 2012 1243 Pro-

419 1296 553 1355 ’μα
599 1287 717 1342 illos
747 1285 888 1341 enim
938 1283 1027 1354 qui
1057 1299 1114 1338 se
1143 1280 1714 1357 hominihusjaetando
1736 1296 2011 1337 commen-

435 1378 564 1431 dant
593 1377 633 1443 ¹,
688 1384 743 1430 et
793 1376 864 1430 ita
912 1374 1170 1431 ventilant
1215 1373 1351 1428 bona
1388 1387 1549 1441 opera
1602 1386 1720 1438 sua,
1749 1380 1803 1426 ut
1851 1370 2010 1426 tinem

420 1466 695 1520 'ltonorttm
742 1480 966 1535 operum
1016 1478 1234 1519 suorum
1284 1461 1339 1516 in
1390 1460 1546 1516 laude
1602 1461 1872 1516 hominum
1912 1475 2009 1531 po-

415 1565 564 1611 'nant
595 1598 608 1621 ,
659 1555 1009 1625 eamdemque
1081 1552 1293 1608 laudem
1362 1552 1632 1606 hominum
1697 1550 1845 1621 quasi
1914 1564 2012 1621 pro

418 1647 680 1703 mercede
724 1654 1031 1716 eomputent
1073 1645 1332 1702 bonorum
1381 1659 1601 1714 operum
1646 1658 1898 1709 suorum;
1942 1642 2010 1698 de

416 1742 515 1797 liis
543 1739 753 1802 dicitur,
792 1739 953 1793 Amen
999 1738 1113 1792 dico
1152 1737 1322 1801 vobis,
1365 1746 1686 1806 perceperunt
1734 1734 2008 1790 mercedem

427 1846 593 1885 suam.
622 1828 818 1885 Contra
851 1843 944 1883 eos
971 1827 1187 1889 dicitur,
1214 1826 1393 1881 Cavete
1407 1827 1663 1897 justitiam
1690 1836 1904 1880 vestram
1928 1830 2009 1897 fa-

420 1935 538 1974 tere
560 1934 728 1972 coram
756 1917 1059 1971 hominibus.
1091 1916 1320 1971 Proinde
1348 1916 1610 1986 sequitur,
1645 1914 1712 1971 Ut
1739 1915 2007 1969 videamini

430 2013 493 2066 ab
518 2013 588 2066 eis
618 2010 830 2083 (Matth.
854 2027 930 2079 Vl,
965 2011 1017 2079 l,
1039 2008 1123 2082 Ω).
1152 2010 1304 2082 Ultra
1346 2025 1452 2065 non
1489 2011 1727 2080 porrexit
1754 2010 2005 2065 intentiu-

422 2119 548 2161 nem
567 2146 582 2171 ,
610 2103 697 2159 hic
735 2102 859 2158 fecit
890 2103 1071 2158 finem.
1111 2101 1288 2157 Nolite
1317 2100 1393 2156 sic
1425 2100 1599 2155 facere
1626 2116 1804 2156 coram
1834 2100 2005 2155 benti-

412 2196 582 2252 nibus
603 2237 618 2262 ,
648 2194 901 2265 quidquid
928 2193 1251 2248 boui'lacitis
1270 2233 1286 2259 ,
1321 2202 1375 2247 ut
1405 2191 1683 2246 videamini
1712 2192 1779 2247 ab
1804 2192 1883 2247 eis
1904 2232 1917 2253 .
1949 2199 2006 2247 ut

424 2288 539 2359 ipse
567 2288 637 2343 sit
667 2286 784 2342 linis
814 2285 990 2356 operis
1019 2285 1220 2350 vestri,
1247 2283 1415 2339 videri
1442 2284 1510 2338 ab
1535 2284 1637 2338 eis.
1675 2282 1852 2338 Nolite
1877 2298 2004 2350 ergo

418 2380 535 2446 sic,
565 2388 623 2432 ut
660 2377 941 2433 videamini
986 2378 1054 2433 ab
1091 2376 1335 2431 eis.'llac
1369 2386 1548 2430 autem
1576 2378 1596 2408 ²
1629 2392 1733 2430 non
1760 2375 1831 2430 ibi
1859 2376 2005 2445 ponit

415 2474 605 2535 iinem,
639 2477 697 2523 ut
724 2467 1001 2523 videamur
1025 2467 1093 2520 ab
1117 2467 1440 2532 hominibus,
1471 2481 1650 2522 coram
1679 2468 1869 2537 quibus
1890 2466 2005 2523 vult

412 2577 543 2617 esse
571 2561 708 2615 bona
747 2559 883 2614 facta
915 2568 1093 2613 nostra
1120 2574 1134 2613 ε
1164 2557 1256 2613 sed
1287 2558 1380 2621 ait,
1412 2556 1635 2611 Luceant
1664 2573 1817 2627 opera
1840 2565 2003 2612 vestra

421 2670 593 2710 coram
623 2651 939 2718 hominibus,
965 2660 1041 2704 ut—
1064 2650 1264 2704 videant
1307 2652 1436 2704 bona
1479 2664 1634 2719 opera
1675 2659 1857 2704 vestra.
1883 2649 1999 2706 Non

416 2744 642 2814 quievit,
675 2757 847 2812 neque
874 2742 960 2796 hic
987 2742 1241 2798 remansit
1272 2759 1286 2794 :
1318 2740 1411 2796 sed
1441 2739 1595 2795 duxit
1624 2740 1747 2795 hinc
1785 2750 1837 2796 te
1879 2755 1999 2796 sur-

416 2849 536 2890 sum
563 2835 606 2903 ³,
632 2842 685 2889 et
715 2833 831 2887 tulit
856 2842 905 2887 te
933 2847 963 2886 a
994 2843 1048 2887 te
1076 2831 1319 2902 (caderes
1348 2830 1517 2895 enim,
1549 2830 1595 2885 si
1619 2844 1766 2886 esses
1804 2831 1855 2884 in
1896 2828 1995 2903 te),

413 2937 472 2982 et
498 2927 584 2981 ubi
616 2934 759 2981 tutus
800 2938 981 2990 esses,
1030 2924 1205 2993 posuit
1248 2932 1320 2977 te.
1350 2922 1607 2989 ‘Vidoant,
1638 2923 1838 2994 inquit,
1867 2922 1999 2977 bona

417 3034 571 3088 opera
598 3025 758 3070 uestra
775 3057 787 3079 ,
811 3026 858 3070 et
885 3016 1014 3084 glori
1018 3016 1168 3083 ﬁcent
1198 3013 1646 3069 Patremoestrum
1665 3014 1752 3082 qui
1782 3014 1833 3068 iu
1859 3014 1996 3069 caelis

419 3119 514 3162 est.
545 3107 661 3163 Noli
685 3107 859 3166 irasci.
887 3106 1008 3176 quia
1030 3106 1120 3160 ille
1142 3104 1657 3174 gloriﬁcaturmpud
1687 3104 1834 3159 illum
1854 3114 1990 3171 esto,

409 3209 470 3255 et
494 3201 545 3256 in
574 3200 664 3254 illo
689 3198 1083 3270 glorificaberis.
1108 3195 1155 3253 υ
1159 3208 1176 3250 ι
1198 3212 1295 3251 non
1314 3197 1574 3267 glorietur,
1595 3198 1668 3251 ait
1687 3198 1990 3268 Apostolus,

423 3293 583 3347 omnis
603 3308 721 3345 caro
738 3306 905 3344 coram
928 3290 1035 3344 illo.
1062 3289 1201 3358 Ergo
1227 3288 1340 3342 sine
1368 3288 1533 3358 gloria
1563 3288 1992 3343 remanebimusi

407 3382 530 3438 Non
563 3399 578 3436 :
604 3382 679 3435 ait
699 3381 838 3436 enim
867 3380 999 3448 ipse,
1029 3379 1128 3443 Qui
1147 3378 1412 3449 gloriatur,
1435 3379 1487 3431 in
1509 3376 1727 3431 Domino
1750 3378 1992 3447 glorietur

412 3476 432 3543 (
460 3473 480 3530 l
510 3473 628 3529 Cor.
657 3489 703 3539 ι,
728 3473 799 3528 29
820 3514 834 3536 ,
870 3472 984 3542 3|).
1014 3470 1145 3526 Nam
1171 3480 1224 3525 ct
1253 3460 1611 3526 testimonium
1649 3472 1990 3527 conscientiae

405 3580 610 3623 nostra:
639 3567 707 3621 ita
736 3565 891 3621 nobis
917 3564 940 3597 ⁸
969 3565 1133 3635 gloria
1164 3573 1246 3618 est
1265 3606 1279 3631 ,
1308 3565 1429 3634 quia
1461 3564 1512 3618 in
1543 3565 1635 3620 illo
1656 3575 1756 3620 est.
1787 3565 1918 3621 Nam
1942 3566 1989 3622 si

412 3660 482 3711 ita
509 3666 590 3714 est
615 3657 779 3727 gloria
804 3664 1006 3721 nostra,
1030 3663 1085 3710 ut
1114 3656 1263 3710 nobis
1286 3656 1603 3724 placeamus,
1622 3663 1675 3710 et
1698 3656 1989 3711 efficiamur

412 3751 683 3816 placentes
712 3747 897 3812 nobis;
930 3745 1083 3801 valde
1104 3746 1263 3800 stulto
1293 3745 1492 3801 homini
1525 3746 1729 3817 placet,
1758 3748 1845 3818 qui
1883 3747 1987 3803 sibi

414 3839 583 3909 placet
598 3876 611 3890 .

482 3929 567 3983 Η.
597 3926 754 3982 Bona:
790 3927 1174 3981 conversationis
1219 3943 1360 3982 cura.
1408 3925 1666 3983 Curemus
1706 3943 1852 4000 ergo,
1870 3929 1988 3985 ‘fra—

407 4027 519 4074 tres
537 4060 553 4085 ,
577 4035 679 4074 non
713 4026 915 4072 tantum
948 4017 1085 4073 bene
1113 4017 1292 4073 vivere
1313 4059 1328 4083 ,
1356 4017 1454 4074 sed
1482 4018 1639 4073 etiam
1669 4034 1849 4074 coram
1882 4021 1983 4076 lto-

408 4110 640 4165 minibus
665 4109 799 4164 bene
825 4108 1131 4165 conversari
1155 4126 1170 4175 ;
1202 4125 1298 4165 nec
1324 4118 1528 4165 tantum
1564 4110 1759 4166 habere
1787 4111 1982 4167 bonam

404 4201 780 4257 conscientiam
803 4243 816 4265 ,
849 4200 942 4255 sed
967 4210 1219 4271 quantum
1249 4210 1420 4271 potest
1460 4210 1640 4257 nostra
1669 4203 1946 4258 inﬁrmitas
1964 4244 1977 4267 ,

403 4305 658 4365 quantum
682 4293 946 4364 vigilantia
970 4292 1264 4362 fragilitatis
1286 4294 1552 4360 humanas,
1579 4310 1827 4351 curemus
1851 4296 1980 4350 nihil

402 4386 563 4439 etiam
593 4382 768 4439 facere
794 4383 937 4453 quod
958 4383 1131 4438 veniat
1156 4384 1207 4438 in
1238 4384 1429 4438 malam
1456 4387 1807 4455 suspicionem
1835 4387 1981 4441 inﬁr-

404 4488 494 4530 mo
517 4474 668 4529 fratri
693 4489 706 4526 :
733 4488 799 4529 ne
828 4471 963 4527 forte
988 4487 1149 4542 puras
1174 4473 1365 4527 herbas
1389 4475 1708 4542 mandendo,
1741 4486 1795 4533 et
1820 4492 1980 4548 puras

404 4578 569 4633 aquas
610 4561 842 4617 bibendo
880 4561 1254 4618 conculccmus
1291 4577 1481 4632 pascua
1510 4564 1636 4629 Dei,
1660 4575 1714 4622 et
1741 4582 1866 4622 oves
1893 4570 1977 4623 in-

405 4654 575 4706 ﬁrmat
603 4652 969 4707 eoncnlcatum
997 4650 1346 4720 manducent,
1377 4659 1434 4707 et
1471 4644 1734 4709 turbatum
1777 4656 1976 4713 bibant.

406 4750 471 4803 Et
493 4760 572 4802 va:
594 4747 637 4815 ⁸,
663 4755 878 4817 propter
907 4744 1064 4801 istum
1089 4744 1179 4816 qui
1198 4743 1345 4810 dicit,
1369 4742 1482 4818 Ego
1496 4746 1673 4816 judico
1693 4747 1818 4803 inter
1837 4765 1976 4805 ovem

401 4850 446 4895 et
475 4835 636 4893 ouem.

467 4929 695 4987 CAPUT
722 4927 791 4985 Χ.
810 4957 882 4972 --
902 4929 988 4985 l5.
1004 4927 1143 4983 ’θυαε
1165 4933 1211 4983 τι
1238 4928 1401 4984 hircos
1437 4946 1570 4985 mmo
1606 4931 1883 4986 discernere
1902 4949 1981 4987 so-

398 5021 496 5076 lius
518 5019 612 5077 Dei
627 5026 796 5075 εει-ἐ-
815 5018 920 5075 Pro
935 5018 1044 5075 istis
1059 5018 1166 5073 Ita’c
1183 5018 1304 5073 dicit
1323 5017 1571 5075 Dominus
1599 5018 1734 5077 Deus
1758 5022 1826 5075 ad
1850 5038 1931 5077 eos
1955 5038 1975 5077 :
2000 5086 2007 5089 _

398 5114 532 5170 Ecce
557 5131 648 5187 ego
659 5116 839 5186 judico
865 5116 997 5170 inter
1018 5129 1159 5170 ovem
1187 5114 1385 5183 fortem,
1413 5123 1461 5168 et
1504 5115 1631 5169 inter
1656 5131 1794 5170 ouem
1821 5116 1883 5168 in.
1893 5115 1975 5169 be-

396 5208 587 5262 cillam.
618 5207 770 5261 Aliud
798 5205 995 5275 aliquid
1025 5203 1185 5260 dicat.
1212 5203 1330 5259 Jam
1362 5204 1656 5260 audivimus
1684 5204 1752 5260 de
1777 5205 1863 5259 his
1884 5206 1971 5277 qui

394 5300 711 5356 conculcant
756 5296 981 5360 herbas,
1021 5304 1075 5350 et
1119 5294 1430 5364 perturbant
1469 5310 1632 5365 aquas
1656 5313 1670 5349 :
1694 5297 1970 5352 audiamus

396 5390 539 5449 aliud
564 5376 733 5461 genus
756 5386 876 5442 mali
897 5427 910 5452 ,
942 5393 999 5441 et
1036 5398 1284 5454 magnum
1317 5398 1482 5454 genus
1513 5387 1656 5440 mali.
1686 5385 1873 5441 Postea
1902 5387 1970 5444 de

455 5539 470 5569 ι
498 5534 661 5584 Florus
674 5542 725 5586 ei
741 5534 922 5597 aliquot
934 5538 1061 5590 Mss,
1084 5539 1135 5579 se
1155 5525 1420 5597 hominibus
1440 5527 1711 5597 jactmtt,_et
1742 5527 1809 5580 ita
1831 5530 1971 5597 renti-

390 5594 487 5661 lmit
504 5606 668 5657 opera,
687 5604 780 5646 etc.
795 5590 899 5661 uno
913 5600 1076 5661 autem
1089 5597 1256 5661 carent
1267 5591 1373 5641 istis
1389 5591 1567 5652 verbis,
1584 5598 1629 5642 et
1647 5591 1712 5642 ita
1731 5590 1968 5643 radiauit.

452 5658 473 5688 ³
498 5653 560 5704 Ita
584 5653 687 5704 uss.
710 5664 764 5707 Αι
786 5655 920 5711 editi,
960 5653 1040 5702 hic
1060 5656 1235 5701 autem.

455 5716 476 5747 ³
498 5715 571 5762 sic
591 5714 755 5774 Florus
778 5722 831 5774 et
850 5714 1033 5774 aliquot
1051 5718 1159 5760 Mss.
1178 5714 1295 5762 Editi
1326 5725 1464 5774 vero,
1492 5727 1700 5774 rursum.

452 5775 475 5840 ξ
490 5774 632 5840 9m,
655 5771 704 5840 ξῃ
726 5772 877 5840 nobis.
900 5771 955 5840 tit
970 5771 1134 5840 Florus
1150 5779 1202 5821 et
1214 5780 1342 5835 Atat,
1363 5771 1433 5825 ita
1450 5771 1597 5827 nobis.

453 5834 474 5869 ε
490 5831 694 5894 Editl,et
716 5831 803 5881 ιῦι.
830 5838 885 5880 Αι
907 5837 1034 5890 κει,
1059 5837 1105 5880 et
1128 5843 1213 5881 me.

345 6157 589 6170 ‘—

610 6169 999 6186 ῃ

1673 436 1730 490 S.
1777 430 2139 492 AUGUSTINI
2180 435 2478 494 EPISCOPI

3596 449 3687 506 ποι

2126 550 2288 608 hircis
2319 556 2518 612 nullam
2552 560 2672 613 facit
2702 558 3020 614 mentionem
3060 576 3072 611 :
3114 559 3274 614 semel
3303 560 3421 616 illos
3450 565 3678 618 nomina-

2123 642 2216 707 vit,
2251 654 2302 699 ut
2331 647 2589 705 sciremus
2618 664 2757 705 esse.
2787 649 2901 719 lpsc
2926 650 3065 705 enim
3092 649 3212 705 illos
3235 651 3370 707 bene
3398 654 3562 708 norit.
3592 654 3682 708 Ρ.»-

2121 741 2231 789 stea
2274 736 2351 791 sic
2391 736 2637 809 loquitur,
2684 748 2929 811 tanquam
2970 755 3156 795 omnes
3190 756 3318 797 oves
3353 741 3482 797 sint.
3514 743 3683 800 Primo

2119 825 2385 893 quomodo
2417 827 2529 898 ipse
2557 831 2725 895 videt,
2758 841 2937 902 postea
2962 846 3090 886 vero
3122 847 3191 903 qu
3216 832 3390 887 unedo
3417 849 3513 889 nos
3549 837 3685 892 vide-

2121 928 2269 983 mus,
2304 916 2513 973 locutus
2535 930 2636 976 est.
2667 922 2809 978 llirci
2834 923 2974 978 enim
3013 923 3134 993 quia
3176 924 3388 993 insunt,
3415 928 3607 998 etquia
3638 929 3683 985 iu

2120 1004 2225 1062 line
2248 1012 2654 1080 separabantur,
2679 1023 2859 1069 notum
2885 1016 2952 1069 sit
2968 1017 3156 1071 ovibus
3182 1017 3199 1049 ¹
3225 1035 3239 1072 :
3264 1020 3420 1074 modo
3446 1030 3683 1093 tanquam

2110 1094 2256 1152 inter
2281 1114 2432 1154 ovem
2463 1110 2521 1158 et
2543 1119 2696 1159 ovem
2728 1105 2994 1161 discerno.
3034 1104 3151 1161 Non
3193 1111 3294 1162 scit
3337 1109 3437 1164 nisi
3484 1111 3684 1179 prwde-

2118 1188 2406 1244 Stinationo.
2433 1194 2454 1226 ’
2483 1204 2534 1249 et
2565 1197 2893 1266 prmscientia
2922 1212 3050 1253 oves
3073 1207 3129 1253 et
3155 1198 3332 1256 hircos
3350 1242 3365 1263 ,
3398 1202 3484 1258 illc
3508 1205 3683 1274 solus,

2115 1280 2207 1350 qui
2239 1285 2618 1351 pnedeSIiuare
2637 1291 2822 1359 potuit,
2841 1290 2963 1360 quia
2985 1292 3248 1360 pncscire.
3280 1294 3436 1350 Modo
3458 1296 3549 1368 qui
3568 1313 3681 1353 om-

2117 1384 2213 1425 t.es
2256 1373 2359 1427 sub
2401 1376 2593 1444 signo'
2619 1378 2815 1435 Christi
2857 1390 3015 1447 sunt,
3059 1389 3114 1436 et
3139 1398 3325 1439 omnes
3363 1385 3433 1441 ad
3468 1389 3683 1457 gratiam

2112 1459 2216 1517 Dei
2258 1465 2518 1522 accedunt
2538 1508 2553 1533 ,
2579 1484 2731 1525 ovem
2761 1481 2812 1526 te
2837 1481 2991 1541 putas
3011 1514 3027 1539 ,
3068 1472 3270 1529 hircum
3299 1484 3352 1531 te
3380 1478 3514 1533 forte
3555 1479 3687 1536 Deus

2116 1557 2260 1610 novit
2279 1574 2292 1609 :
2310 1558 2402 1613 sed
2427 1567 2676 1632 tanquam
2693 1563 2807 1619 ovis
2833 1563 2957 1619 audi
2981 1563 3122 1635 quod
3143 1566 3313 1632 audis,
3330 1566 3461 1623 Ecce
3482 1586 3578 1643 ego
3594 1573 3683 1645 ju-

2112 1645 2228 1702 dico
2253 1649 2384 1704 inter
2403 1667 2541 1706 ouem
2570 1657 2772 1725 fortem,
2800 1664 2846 1710 et
2873 1656 3002 1710 inter
3027 1673 3166 1712 ovem
3188 1659 3512 1714 imbecillam.

2185 1737 2271 1794 i6.
2329 1740 2633 1799 Schismatis
2675 1744 3058 1802 Donatistarum
3102 1760 3330 1806 auctores
3370 1752 3593 1819 superbi.
3620 1784 3681 1798 -ο

2114 1829 2365 1896 Quoniam
2404 1835 2644 1891 lateribus
2688 1847 2737 1892 et
2776 1839 2996 1897 humeris
3033 1845 3205 1898 vestris
3242 1845 3609 1916 impellebatis,
3642 1857 3687 1901 et

2109 1920 2340 1976 cornibus
2372 1926 2548 1978 vestris
2585 1929 2963 1997 percutiebatis,
2992 1941 3042 1985 et
3081 1949 3226 1988 omne
3259 1934 3394 2005 quod
3427 1937 3686 2006 deﬁciebat

2109 2013 2526 2082 romprimebatis,
2549 2019 2873 2089 quoadusque
2891 2021 3243 2095 dispergeretis
3267 2042 3351 2080 eas
3376 2031 3535 2097 foras.
3560 2027 3687 2095 Quis

2102 2098 2216 2155 hoc
2254 2117 2359 2156 non
2401 2104 2699 2177 intelligat?
2727 2110 2845 2180 quis
2874 2126 2980 2167 non
3007 2114 3387 2172 exhorrescat?
3431 2116 3485 2173 Si
3528 2119 3688 2175 nulla

2080 2204 2238 2245 oves
2268 2192 2398 2247 foris
2425 2204 2582 2261 sunt,
2630 2213 2734 2251 non
2776 2207 2859 2253 est
2906 2201 3120 2256 factum.
3169 2203 3222 2259 Si
3265 2215 3440 2261 autent
3490 2208 3689 2264 multas

2108 2287 2237 2329 oves
2268 2274 2408 2332 foras
2433 2292 2617 2335 errare
2644 2282 2969 2354 plangimus,
3002 2302 3081 2342 vae
3105 2303 3327 2358 quorum
3372 2291 3616 2349 humeris
3635 2304 3691 2351 et

2110 2364 2361 2421 lateribus
2390 2378 2443 2423 et
2469 2372 2718 2427 cornibus
2743 2373 2934 2429 factum
2966 2386 3066 2431 est.
3096 2377 3212 2433 Non
3239 2381 3380 2435 enim
3408 2382 3524 2438 lucc
3545 2382 3691 2441 iaceo

2107 2466 2249 2522 rent,
2280 2458 2381 2513 nisi
2412 2458 2579 2517 fortes
2605 2479 2755 2520 oves.
2784 2465 2911 2533 Quae
2939 2476 3062 2522 sunt
3092 2469 3295 2526 fortes?
3317 2471 3393 2529 De
3418 2474 3533 2529 suis
3561 2477 3690 2532 viri-

2104 2546 2204 2603 bus
2229 2563 2629 2618 praesumentes.
2657 2555 2784 2623 Quae
2824 2566 2948 2613 sunt
2987 2558 3191 2616 fortes?
3221 2563 3293 2618 De
3337 2579 3429 2620 sua
3471 2566 3685 2636 jnstitia

2103 2638 2415 2707 gloriantes.
2447 2641 2562 2697 Non
2591 2644 2885 2703 diviserunt
2908 2665 3056 2716 oves,
3084 2667 3189 2709 non
3220 2651 3360 2709 foras
3384 2656 3657 2715 miserunt
3675 2701 3690 2724 ,

2108 2729 2208 2784 nisi
2234 2732 2322 2799 qui
2351 2746 2409 2788 se
2432 2732 2607 2804 justos
2630 2751 2749 2793 esse
2775 2738 3022 2795 dixerunt
3049 2760 3063 2795 :
3089 2743 3292 2800 humeri
3319 2744 3342 2777 ‘
3365 2747 3603 2805 audaces
3625 2750 3691 2807 ad

2104 2819 2505 2893 impellendnm,
2537 2827 2655 2898 quia
2688 2846 2791 2884 non
2822 2841 3033 2901 portant
3060 2836 3320 2891 sarcinam
3348 2838 3440 2894 Dei
3470 2858 3485 2894 :
3520 2841 3692 2901 latera

2102 2912 2263 2980 mala,
2283 2918 2651 2986 conspirantes
2669 2921 2843 2987 amici,
2868 2924 3096 2980 societas
3119 2927 3421 2995 pertinaciae
3444 2948 3458 2985 :
3484 2947 3693 2990 cornus

2101 3014 2301 3071 erecta,
2325 3007 2458 3061 elata
2482 3010 2727 3078 superbia
2749 3011 2771 3044 ³
2794 3029 2808 3066 :
2832 3013 3043 3084 impelle
3065 3016 3315 3073 lateribus
3338 3028 3393 3074 et
3418 3021 3695 3093 humeris,

2107 3096 2300 3153 ventila
2340 3100 2618 3168 cornibus,
2651 3104 2800 3159 mitte
2836 3103 2977 3161 foras
3020 3108 3161 3177 quod
3208 3124 3311 3164 non
3357 3112 3595 3169 emisisti
3627 3115 3694 3171 ’τ

2098 3186 2255 3246 Certe
2282 3190 2394 3259 ipsa
2424 3202 2530 3248 tota
2558 3209 2713 3250 causa
2734 3204 2838 3262 est,
2864 3196 2985 3267 quia
3008 3208 3064 3253 tu
3086 3199 3259 3268 justus
3287 3209 3342 3257 et
3360 3202 3450 3257 alii
3477 3205 3695 3275 injusti,

2100 3288 2155 3334 et
2182 3280 2451 3352 indignum
2481 3293 2596 3340 erat
2636 3295 2695 3341 ut
2731 3288 2907 3357 justus
2941 3299 3083 3344 esset
3107 3305 3226 3347 cum
3255 3292 3509 3362 injustis:
3544 3297 3696 3352 indi-

2098 3384 2259 3438 gnum
2285 3371 2560 3438 videlicet,
2587 3383 2646 3429 ut
2677 3374 2939 3432 frumenta
2971 3389 3150 3434 essent
3175 3381 3312 3436 inter
3335 3384 3582 3454 zizania;
3613 3388 3700 3443 in-

2097 3459 2332 3532 dignum,
2362 3473 2418 3519 ut
2438 3480 2566 3520 oves
2590 3467 2727 3522 inter
2753 3467 2928 3524 hircos
2956 3480 3255 3539 poscerent,
3287 3472 3466 3530 donec
3496 3487 3701 3549 pastor

2095 3554 2303 3608 veniret
2330 3555 2418 3625 qui
2448 3556 2497 3609 in
2525 3559 2818 3627 separando
2849 3575 2953 3614 non
2981 3570 3140 3617 errat.
3174 3562 3319 3619 Itane
3360 3574 3412 3619 tu
3456 3568 3700 3641 angelus

2094 3643 2369 3699 eradicans
2394 3647 2631 3701 zizania?
2654 3648 2766 3703 Non
2810 3659 2863 3706 te
2895 3666 3239 3721 agnoscerem
3280 3657 3534 3726 angelum
3568 3675 3706 3714 cra-

2093 3732 2359 3790 dieantcm
2412 3738 2639 3803 zizania,
2671 3755 2767 3793 nec
2797 3741 2839 3793 si
2867 3741 2973 3810 jam
3017 3743 3205 3797 tnessis
3248 3747 3507 3802 venisset.
3542 3752 3703 3817 Ante

2092 3838 2321 3883 messem
2362 3841 2464 3881 non
2510 3835 2591 3891 tu,
2621 3827 2713 3881 sed
2745 3830 2981 3899 quisquis
3019 3829 3205 3898 fuerit,
3236 3849 3342 3888 non
3370 3846 3453 3891 est
3494 3854 3702 3897 verus.

2088 3913 2191 3982 Qui
2221 3916 2516 3984 designavit
2555 3934 2853 3983 messores,
2885 3921 3179 3992 designavit
3202 3933 3255 3979 et
3281 3935 3519 3998 tempus.
3555 3932 3705 3988 Pos-

2089 4016 2209 4062 scnt
2234 4016 2288 4062 et
2313 4008 2553 4063 homines
2573 4025 2631 4064 se
2656 4012 2872 4079 angelos
2892 4011 3088 4068 dicere.
3114 4014 3415 4072 Invenimus
3442 4018 3708 4079 fortasse

2090 4097 2141 4152 in
2167 4097 2454 4168 Scriplutis
2501 4109 2555 4154 et
2605 4099 2847 4156 homines
2874 4099 3046 4157 dictos
3069 4105 3315 4176 angelos,
3345 4109 3443 4163 sed
3492 4119 3705 4169 tamen

2090 4204 2190 4260 ego
2222 4200 2432 4259 tempus
2462 4193 2647 4246 messis
2686 4195 2925 4248 attendo.
2954 4196 3142 4267 Angeli
3171 4200 3262 4254 tibi
3289 4216 3491 4258 nomen
3528 4217 3709 4274 potes

2087 4279 2361 4349 imponere
2380 4321 2396 4347 ,
2426 4290 2634 4351 tempus
2661 4284 2849 4339 messis
2875 4301 2978 4341 non
3009 4297 3157 4357 potes
3183 4290 3450 4348 breviare.
3493 4295 3711 4366 Itaque
3750 4288 3765 4299 ’

2088 4368 2277 4425 falsum
2305 4370 2470 4435 dicis,
2494 4373 2615 4443 quia
2645 4374 2720 4429 sis
2746 4376 2768 4407 '
2792 4393 2805 4430 :
2831 4379 2951 4446 quia
2998 4380 3230 4435 nondum
3272 4384 3419 4438 venit
3454 4389 3712 4457 quando

2086 4461 2181 4515 sis.
2208 4461 2438 4517 Proinde
2462 4478 2580 4517 cum
2605 4465 2828 4531 venerit,
2856 4476 2911 4521 et
2933 4469 3045 4524 veri
3080 4486 3342 4528 messores
3369 4476 3534 4531 missi
3569 4479 3718 4536 fue-

2086 4550 2215 4618 rint,
2248 4553 2431 4608 nescio
2458 4554 2541 4607 ubi
2574 4565 2623 4609 te
2653 4555 2949 4623 inveniant,
2983 4567 3157 4614 utrum
3198 4563 3549 4632 purgandum
3608 4572 3720 4639 qui

2086 4642 2142 4698 in
2187 4642 2379 4700 horreo
2424 4645 2762 4712 recondaris,
2794 4663 2863 4704 an
2900 4648 3217 4719 alligandum
3256 4652 3344 4722 qui
3388 4654 3444 4709 in
3494 4657 3720 4728 ignem

2088 4733 2399 4804 projieiaris.
2433 4733 2557 4792 Ideo
2584 4737 2725 4791 enim
2756 4736 2894 4803 dico,
2925 4737 3084 4807 forte,
3110 4740 3232 4810 quia
3257 4758 3362 4799 non
3390 4746 3597 4803 audeo
3619 4752 3725 4821 ju-

2084 4823 2285 4880 dicare.
2314 4824 2468 4882 Modo
2495 4834 2546 4881 te
2571 4826 2701 4883 furis
2727 4826 2882 4883 doleo
2908 4846 2921 4883 :
2946 4837 3124 4885 utrum
3152 4830 3228 4886 sis
3253 4830 3466 4891 futurus
3508 4838 3723 4910 intus,

2081 4916 2288 4987 ignoro.
2984 4980 2990 4987 η

2154 5007 2241 5063 l7.
2260 5003 2552 5062 Donatistas
2570 5009 2935 5080 separationem
2949 5025 3092 5066 suam
3107 5028 3346 5069 excusare
3370 5031 3477 5071 non
3507 5036 3730 5090 posse.

2081 5094 2293 5153 Interim
2347 5096 2471 5151 audi
2513 5112 2581 5153 ex
2634 5097 2741 5154 alio
2797 5097 3087 5171 Scriptura:
3139 5105 3440 5161 testimonio
3499 5109 3599 5167 de
3668 5126 3736 5171 te

2080 5190 2333 5260 scriptum
2364 5203 2504 5255 esse,
2527 5203 2649 5244 cum
2680 5189 2842 5257 vivis;
2870 5199 2926 5246 et
2949 5193 3056 5248 noli
3085 5193 3221 5251 velle
3246 5195 3441 5251 zizauia
3483 5205 3735 5261 eradi-

2142 5347 2157 5379 ί
2185 5353 2285 5396 Duo
2304 5352 2433 5405 uss,
2468 5344 2697 5397 omnbus.

2141 5410 2161 5475 ξ
2184 5409 2260 5475 sic
2280 5415 2383 5475 uss.
2400 5416 2454 5475 tu
2469 5408 2587 5475 editi
2610 5417 2761 5460 :Nam
2774 5408 2862 5475 scit
2883 5408 3315 5475 prcedestinatiwe.

2141 5469 2161 5501 ³
2186 5468 2321 5529 Editi,
2343 5468 2430 5519 sub
2450 5466 2589 5534 jugo.
2624 5466 2926 5533 Repouimu's,
2949 5470 3036 5523 sub
3065 5471 3237 5537 signa;
3259 5474 3369 5537 quia
3389 5475 3471 5523 sic
3509 5492 3750 5535 Ostanes

2075 5535 2300 5655 ΜδξἘᾲἰιὶ
2327 5588 2556 5642 humeris.
2590 5589 2757 5655 Melius
2785 5593 3115 5647 cisterciensis
3136 5601 3238 5655 318.,
3260 5593 3485 5646 Moneri.

2138 5652 2159 5716 ξ
2195 5651 2362 5716 Plures
2392 5658 2519 5716 Mss"
2548 5652 2772 5716 superba.

2139 5713 2160 5744 ⁸
2183 5713 2256 5774 sic
2278 5720 2382 5763 uss.
2409 5715 2525 5774 liditi
2547 5713 2730 5774 autem,
2754 5714 2927 5766 etnistt'.

2136 5773 2321 5847 indui,
2345 5773 2430 5847 qui
2470 5773 2554 5823 sis.
2594 5773 2759 5826 Melius
2795 5775 2993 5826 fortasse
3033 5776 3211 5840 aliquot
3251 5784 3376 5836 3155.,
3396 5782 3563 5839 quin
3609 5794 3747 5847 sis,

2076 5836 2261 5886 scilicet
2284 5836 2509 5898 Angelus.
