3938 6186
308 408 443 458 rate.
466 390 688 463 quando
710 399 920 459 tempus
948 398 1053 444 non
1083 393 1193 449 cst;
1220 383 1312 439 sed
1342 392 1397 437 tu
1426 381 1540 451 ipse
1568 379 1710 435 intro
1735 375 1889 444 redi,

306 502 425 545 eum
452 496 670 554 tetupus
698 491 799 537 est.
831 481 967 536 Dicit
992 477 1093 533 alia
1124 477 1216 532 Dei
1242 473 1516 546 Scriptum
1549 490 1562 525 :
1597 468 1762 524 Filius
1782 485 1891 523 ma-

305 582 380 634 lu
401 577 511 649 ipse
525 591 583 630 se
592 575 796 647 justum
822 568 1144 642 dicit(Prov.
1167 583 1311 634 xxiv,
1339 582 1438 620 sec.
1464 562 1655 635 LXX).
1686 563 1748 618 lli
1768 570 1892 616 sunt

305 670 507 728 humeri
547 678 604 725 et
643 667 809 723 latera
839 673 894 720 et
916 677 1119 719 cornua
1150 670 1260 716 tua.
1306 658 1442 715 Male
1472 657 1659 725 fortis,
1690 663 1890 727 quanto

305 762 494 821 melius
533 775 688 816 esses
730 756 1019 813 inﬁmus?
1054 754 1192 810 Male
1234 752 1384 808 fortis
1403 793 1417 817 ,
1447 750 1541 807 sed
1567 765 1675 806 non
1702 762 1885 804 sanus.

301 857 431 912 Male
470 853 633 911 fortis
681 847 1029 923 phreneticus
1057 849 1216 904 cmdit
1241 856 1296 902 et
1341 844 1645 901 medicum;
1665 843 1805 899 Dicis
1830 850 1889 898 te

303 947 617 1019 perfectum,
650 952 707 1000 ut
734 941 896 998 facias
918 940 1207 997 defectum.
1226 938 1434 1007 Quanto
1459 937 1657 1009 potius,
1689 944 1888 1007 quanto

300 1039 477 1095 utilius
515 1051 671 1093 «ses
709 1033 985 1098 inﬁrmus,
1016 1041 1074 1088 ιιι
1100 1031 1188 1088 ille
1213 1040 1263 1085 te
1289 1031 1597 1102 perliceret,
1624 1028 1717 1100 qui
1744 1028 1890 1083 novit

300 1131 669 1203 imperfectum
720 1137 868 1183 tuum
895 1127 948 1182 ‘?
986 1125 1274 1196 Apostolus
1308 1123 1504 1180 Paulus
1543 1138 1632 1177 vas
1665 1122 1887 1178 electio-

297 1228 398 1293 nis,
428 1241 500 1281 ne
551 1222 898 1280 extolleretur
943 1221 996 1275 in
1041 1218 1450 1275 revelationibus
1491 1216 1656 1288 (quod
1710 1214 1888 1272 dicere

297 1335 400 1375 nou
442 1316 805 1383 auderemus,
857 1314 959 1370 nisi
1003 1312 1104 1383 ipsi
1149 1312 1346 1367 dicenti
1389 1308 1787 1381 crederemus):
1819 1308 1886 1364 In

296 1408 682 1482 magnitudine,
715 1406 917 1476 inquit,
952 1404 1312 1459 revelatiouum
1349 1419 1411 1456 ne
1450 1401 1695 1468 extollar,
1738 1402 1887 1455 datus

294 1512 366 1557 est
389 1503 518 1555 milii
544 1500 780 1555 uitandus
815 1499 984 1553 carnis
1021 1513 1174 1562 uaeas,
1206 1496 1417 1567 angelus
1447 1505 1639 1550 satana:
1656 1537 1668 1557 .
1694 1495 1779 1566 qui
1808 1510 1887 1549 me

295 1592 600 1664 col-plum.
622 1589 705 1646 Ne
721 1605 918 1644 cornua
940 1588 1198 1658 erigeret,
1228 1586 1549 1657 colaphizari
1572 1601 1630 1642 se
1648 1586 1881 1641 dicebat.

299 1684 520 1756 Propter
542 1684 703 1752 quod,
731 1683 903 1753 inquit
921 1724 934 1744 .
964 1693 1037 1736 ter
1061 1679 1336 1734 Dominum
1361 1680 1560 1749 rogavi,
1592 1688 1643 1732 ut
1666 1684 1887 1749 auferret

295 1793 403 1830 eam
428 1793 463 1829 α
485 1790 570 1829 me
586 1792 605 1840 ;
633 1784 680 1828 et
709 1774 837 1829 dixit
863 1772 989 1827 mihi
1013 1788 1031 1826 :
1066 1770 1260 1842 Sufﬁcit
1289 1770 1377 1825 tibi
1404 1771 1569 1843 gratia
1595 1785 1737 1832 mea;
1767 1787 1884 1824 nam

295 1869 448 1921 rima
473 1867 529 1920 in
552 1862 1190 1936 iuﬁnnilateperﬁciturfll
1207 1862 1304 1918 Cor
1327 1862 1578 1933 xu,7-9).
1604 1861 1772 1931 Quam
1804 1872 1886 1917 est

293 1974 418 2030 ergo
444 1958 633 2013 utilior
655 1958 935 2011 inﬁrmitas
955 1971 1075 2026 quae
1100 1954 1388 2025 perﬁcitur,
1411 1969 1568 2025 quam
1596 1954 1684 2008 illa
1716 1953 1883 2008 ﬁrmi-

293 2062 371 2108 tas
388 2066 519 2122 qua:
542 2050 766 2120 impellit
786 2064 935 2115 oves,
959 2063 1077 2117 qum
1099 2048 1316 2102 ventilat
1341 2056 1398 2101 ut
1421 2045 1688 2135 excludat.
1719 2045 1887 2102 Filius

292 2158 420 2215 ergo
460 2143 638 2197 "talus
681 2142 795 2211 ipse
835 2155 922 2205 es,
955 2149 1009 2195 tu
1041 2148 1093 2195 te
1116 2140 1316 2209 justum
1343 2138 1496 2194 dicis.
1525 2137 1695 2193 Filius
1720 2138 1884 2192 malus

291 2239 399 2309 ipse
418 2238 697 2308 “justum
724 2236 866 2300 dicit,
889 2235 1076 2289 exitum
1103 2244 1271 2288 autem
1294 2249 1441 2288 suum
1461 2249 1561 2287 non
1584 2232 1761 2286 abluit.
1790 2232 1886 2285 At-

293 2331 527 2393 tendite.
562 2329 755 2385 fratres
791 2328 932 2391 mei,
973 2326 1295 2383 sententiam
1337 2327 1623 2397 quamdam
1668 2326 1883 2381 brevem

294 2437 522 2479 numero
564 2421 887 2487 verborum,
916 2418 1010 2474 sed
1054 2419 1321 2489 ingentem
1364 2417 1599 2487 pondere
1625 2416 1882 2472 veritatis.

291 2514 498 2570 Iustum
526 2529 583 2568 se
606 2513 763 2575 dicit,
789 2521 846 2565 ut
875 2521 1025 2566 exeat
1052 2519 1105 2565 et
1131 2508 1396 2565 excludat.
1425 2507 1627 2564 Iustum
1655 2525 1707 2563 se
1729 2510 1881 2575 dicit,

291 2606 383 2661 sed
414 2605 594 2660 malus
622 2612 706 2659 est
732 2623 747 2657 :
779 2603 899 2657 ideo
922 2603 1109 2657 exitum
1127 2616 1273 2657 suum
1295 2617 1395 2655 non
1417 2601 1595 2655 abluit.
1623 2599 1758 2667 Quid
1780 2608 1881 2667 est,

292 2714 389 2752 eoa
410 2697 625 2752 abluit?
666 2696 780 2751 Non
831 2704 1048 2765 purgat,
1083 2710 1187 2748 non
1215 2694 1448 2749 defendit
1468 2735 1482 2760 ,
1513 2710 1617 2748 non
1645 2703 1882 2749 excusat.

290 2791 473 2858 Quare
519 2788 665 2843 enim
711 2796 764 2844 te
806 2787 1103 2857 separasti?
1143 2802 1305 2856 quare
1351 2786 1550 2841 existi?
1577 2785 1754 2855 Quare
1793 2787 1885 2841 tibi

292 2881 476 2937 tremit
503 2895 622 2944 cor,
651 2878 863 2948 quando
888 2879 1041 2932 audis
1074 2893 1136 2933 ex
1166 2878 1341 2934 Libris
1375 2878 1566 2933 di\iu‘is
1588 2921 1601 2944 ,
1634 2876 1719 2933 Ea:
1742 2878 1882 2932 nobis

291 2974 547 3036 exierunt,
574 2970 667 3024 sed
691 2987 793 3024 non
818 2980 961 3024 erant
988 2986 1052 3024 ex
1072 2970 1212 3024 nobis
1234 2969 1252 3040 (
1272 2970 1288 3024 l
1308 2968 1463 3023 Joan.
1490 2986 1545 3033 ιι,
1580 2969 1668 3041 19)
1694 2987 1705 3021 :
1730 2970 1775 3025 si
1804 2978 1887 3024 ta-

290 3080 417 3120 men
467 3064 560 3119 ilia
606 3064 745 3118 mala
792 3062 1068 3130 fortitudo,
1107 3078 1211 3132 qua
1251 3077 1376 3116 oves
1407 3062 1498 3117 Dei
1539 3062 1800 3132 impellis,
1832 3071 1887 3118 et

291 3154 586 3233 intpingis,
628 3165 686 3209 et
732 3154 995 3216 ventilas,
1041 3153 1302 3223 permittit
1354 3161 1639 3217 tremorem
1685 3152 1751 3206 ad
1793 3168 1888 3208 cor

268 3245 480 3301 tuum?
504 3244 644 3300 Nam
673 3245 858 3314 utique
887 3259 1008 3298 cum
1031 3244 1201 3307 audis,
1231 3243 1316 3298 Ex
1343 3244 1484 3298 nobis
1508 3243 1734 3298 exierunt
1753 3285 1768 3311 ,
1799 3243 1888 3298 sed

288 3354 387 3394 ιιοιι
418 3346 564 3393 erant
588 3353 653 3392 ea:
676 3337 817 3391 nobis
833 3351 855 3401 ;
874 3336 961 3392 ille
981 3336 1295 3406 loquebatur
1314 3336 1402 3408 qui
1429 3336 1480 3391 in
1496 3337 1729 3393 Ecclesia
1750 3346 1883 3392 erat.

292 3430 536 3487 Ecclesia
562 3438 673 3485 toto
689 3430 820 3486 orbe
836 3428 1027 3485 diffusa
1044 3438 1145 3495 est,
1167 3438 1221 3483 tu
1238 3429 1362 3500 quid
1385 3429 1512 3486 facis
1530 3429 1691 3487 foris?
1704 3429 1888 3500 Neque

287 3524 433 3578 enirn
456 3537 565 3595 ego
586 3522 847 3577 annuntio
861 3521 1149 3576 Ecclesiam
1176 3530 1285 3576 toto
1304 3521 1433 3578 orbe
1453 3521 1695 3578 dili'usam
1722 3539 1733 3574 :
1761 3521 1890 3577 Pro-

292 3617 471 3685 pheta:
496 3615 972 3680 annuntiavcrunt,
1000 3613 1241 3685 Apostoli
1266 3615 1742 3678 annuntiaverunt,
1773 3615 1888 3686 ipse

294 3708 558 3762 Dominus
602 3707 938 3762 annuntiavit
977 3707 1270 3762 Ecclesiam
1311 3717 1423 3763 toto
1459 3708 1588 3763 orbe
1616 3707 1884 3764 diﬂ'usam.

293 3800 449 3855 Modo
470 3815 595 3853 eum
626 3798 867 3854 Psalmus
888 3799 1176 3870 legeretur“,
1195 3799 1513 3867 audivimus,
1541 3798 1660 3855 Non
1691 3802 1887 3871 repellit

295 3888 552 3943 Densius:
571 3889 764 3959 plebem
792 3902 959 3944 suam.
983 3889 1254 3961 Tanquam
1298 3898 1644 3960 quaereretur,
1676 3891 1889 3960 Quam?

292 3982 556 4047 Quoniam
576 3981 631 4035 in
661 3997 813 4035 manu
839 3998 970 4053 ejus,
990 3982 1179 4051 inquit,
1200 3984 1325 4052 ﬁnes
1349 3994 1495 4039 terra:
1512 3985 1533 4016 ⁸
1555 3984 1884 4057 (Psal.xc1v,

292 4071 374 4140 ι).
406 4071 532 4141 Ipse
567 4087 675 4126 non
705 4071 946 4143 repellit,
975 4081 1027 4127 et
1057 4081 1112 4127 tu
1171 4073 1421 4141 impellis.
1477 4074 1727 4145 lmpellis,
1761 4094 1888 4133 ven-

290 4163 459 4230 tillas,
502 4162 774 4231 excludis,
817 4164 1320 4234 jactastraditores,
1362 4183 1467 4221 non
1512 4168 1723 4238 probas.
1759 4169 1890 4225 Cor-

290 4271 397 4309 nua
445 4265 577 4309 sunt
623 4255 723 4312 ista
768 4257 1090 4321 ventilantis,
1117 4273 1221 4313 non
1276 4261 1627 4317 mansuetudo
1669 4278 1889 4332 pascen-

287 4346 382 4402 tis.
432 4347 580 4402 Ecce
623 4348 771 4416 plebs
810 4348 905 4403 Dei
941 4350 993 4404 in
1032 4349 1222 4406 ﬁnibus
1263 4360 1591 4409 terrmzecce
1625 4355 1774 4425 plebs
1798 4356 1888 4414 Dei

289 4454 521 4506 gentem
541 4447 598 4494 et
628 4438 841 4507 plorans
869 4449 993 4495 ante
1008 4440 1176 4497 Deum
1207 4443 1295 4513 qui
1322 4458 1439 4498 eam
1489 4445 1611 4501 fecit
1631 4488 1644 4512 ,
1677 4447 1806 4502 dicit
1835 4447 1889 4504 in

290 4530 516 4588 Psalmo
541 4532 640 4602 ipsi
672 4532 899 4589 Domino
924 4544 1046 4589 ante
1070 4550 1224 4604 quem
1253 4537 1443 4606 plorat,
1463 4539 1503 4593 Α
1532 4540 1717 4609 ﬁnibus
1745 4551 1892 4596 tcrrte

287 4624 360 4676 ad
388 4634 442 4677 te
467 4624 723 4689 clamavi,
751 4640 864 4678 cum
886 4635 1152 4697 augeretur
1169 4644 1256 4682 cor
1275 4645 1459 4683 nteant.
1484 4630 1616 4685 Vide
1638 4632 1892 4698 quemad-

288 4714 519 4769 modum
540 4730 602 4770 se
624 4716 867 4771 humiliat
890 4716 943 4772 in
970 4732 1167 4790 angore
1187 4720 1381 4775 cordis.
1403 4720 1468 4775 Et
1491 4721 1616 4792 quid
1637 4724 1736 4778 sibi
1765 4739 1893 4793 prata

286 4807 481 4860 stilum
509 4805 681 4861 dicit?
724 4803 792 4861 In
835 4817 977 4876 petra
1022 4810 1256 4864 exaltain
1298 4827 1376 4864 me
1410 4809 1576 4881 (Psal.
1608 4829 1672 4868 ιχ
1692 4856 1705 4879 ,
1733 4814 1807 4885 5).
1834 4813 1890 4869 1η

286 4908 449 4970 petra
489 4896 706 4954 Christo
734 4899 977 4956 exaltasti
1001 4944 1016 4970 ,
1040 4917 1146 4957 non
1170 4901 1237 4958 de
1265 4914 1445 4960 monte
1473 4904 1677 4960 Donato
1706 4906 1727 4938 ⁸
1752 4924 1889 4977 ιιι-ω-

285 4990 559 5059 eipitasti.
603 4988 623 5044 l
674 5005 852 5056 nunc,
893 5000 948 5065 et
988 4992 1129 5064 jacta
1170 5008 1402 5061 cornua,
1434 4997 1661 5053 extende
1690 4998 1889 5064 latera,

286 5084 424 5139 infla
471 5084 727 5139 humeros
779 5093 931 5149 tuos,
975 5095 1028 5142 et
1063 5086 1276 5157 impelle
1301 5102 1467 5153 oves;
1494 5100 1545 5145 et
1574 5089 1678 5156 die,
1710 5089 1893 5147 Justus

286 5190 441 5229 suum.
461 5173 831 5243 Respondebit
870 5176 960 5232 tibi
1008 5176 1276 5248 Scriptura
1296 5217 1315 5246 ,
1339 5178 1529 5246 Malus,
1553 5196 1654 5235 non
1696 5181 1888 5251 justus.

286 5264 472 5319 Filius
494 5264 657 5319 malus
674 5266 783 5336 ipse
804 5283 859 5321 se
872 5268 1069 5337 justum
1087 5268 1227 5323 dicit.
1248 5269 1301 5325 Si
1320 5272 1499 5340 justus
1518 5286 1602 5337 cs,
1635 5272 1757 5341 quid
1781 5274 1895 5329 exis

285 5355 483 5410 foras?
506 5355 643 5421 Quid
662 5357 815 5425 ejicis
831 5358 1005 5414 foras?
1025 5358 1162 5428 Quid
1187 5375 1307 5414 cum
1334 5360 1418 5418 his
1441 5378 1573 5432 quos
1591 5363 1737 5432 ejicis
1765 5363 1895 5418 facis

286 5444 482 5500 foras?
509 5444 788 5517 Tanquam
814 5448 930 5504 ovis
968 5448 1145 5505 hircos
1188 5448 1387 5522 fugisti.
1416 5452 1601 5508 Melius
1628 5453 1692 5507 ab
1717 5453 1841 5523 ipsis
1864 5469 1894 5507 a

355 5599 381 5667 ξ
408 5604 612 5667 sanates.)
635 5606 764 5660 post,
784 5600 1133 5667 ῢηρπῖειοιιωι,
1154 5617 1245 5655 non
1270 5605 1472 5664 additur.
1494 5616 1641 5660 tuum.

408 5629 462 5646 ..ι
483 5629 590 5648 5-w-
636 5629 764 5660 μυυι,
787 5629 930 5667 nuper
959 5629 1133 5662 una",
1156 5629 1245 5655 ιιυιι
1270 5629 1469 5664 uultur,

356 5661 383 5741 ς
571 5629 693 5741 (iure:
710 5668 878 5741 ξένην.
908 5629 1069 5728 Abest,
1101 5679 1281 5732 omnes,
1306 5682 1335 5720 ιι
1365 5677 1469 5719 Mss.

408 5720 549 5783 aliti,
571 5720 760 5774 renati.

1685 258 1916 317 διειιιιυ
1959 259 2160 316 XLV".

3476 279 3582 338 306

1998 387 2212 447 pastore
2252 380 2317 435 ad
2363 381 2635 440 dexteram
2680 388 2974 456 separaris,
3008 404 3164 460 qrmm
3202 407 3323 449 cum
3354 394 3484 464 ipsis
3512 397 3576 448 ad

1994 470 2261 527 sinistram
2290 472 2597 531 confutaris.
2643 477 2782 535 llinci
2830 491 3018 549 erant,
3056 492 3110 538 tu
3154 485 3576 556 ovis:pascercs

1993 575 2115 619 cum
2137 562 2319 622 hircis.
2334 566 2469 634 Quid
2493 577 2543 624 te
2564 583 2776 638 pascua,
2793 573 2919 642 quid
2945 582 2995 629 te
3022 573 3193 633 fontes
3212 577 3576 635 offenderant?

1991 651 2289 719 Postremo,
2321 658 2446 728 quid
2469 669 2519 716 te
2540 660 2652 731 ipse
2672 670 2854 732 pastor
2871 665 3206 724 oil'euderat?
3225 670 3315 741 qui
3340 670 3406 726 ad
3432 683 3538 727 tem
3557 704 3572 714 -

1991 761 2090 816 pus
2129 763 2340 819 gregem
2390 760 2671 824 utrumque
2721 757 3063 826 permiscuit;
3110 762 3198 831 qui
3251 765 3412 818 etiam
3465 765 3566 819 sibi

1990 839 2203 907 quando
2248 840 2378 897 libet
2420 842 2520 906 hoc
2546 844 2684 901 bene
2709 846 2921 903 facienti
2942 891 2956 909 ,
2985 858 3162 906 tamen
3187 856 3576 924 separationem

1990 929 2044 985 iu
2075 930 2234 987 ﬁnem
2265 936 2514 990 servavit.
2542 936 2727 1008 Neque
2753 940 2895 995 enim
2927 941 3014 997 ille
3042 943 3247 999 etiamsi
3288 946 3448 1001 modo
3490 962 3577 1003 se-

1990 1035 2226 1094 pararet,
2259 1040 2483 1087 ermret.
2508 1030 2603 1088 Ille
2632 1033 2685 1088 in
2717 1033 2876 1091 finem
2904 1036 3080 1093 differt
3098 1080 3112 1103 ,
3138 1050 3192 1094 tu
3210 1052 3342 1097 ante
3369 1052 3577 1115 tempus

1989 1130 2228 1186 separas.
2269 1119 2385 1178 Non
2423 1135 2705 1196 exspectas
2749 1127 2939 1192 ﬁnem,
2969 1131 3213 1188 nesciens
3239 1137 3449 1204 quando
3484 1139 3574 1192 tibi

1987 1208 2058 1261 sit
2085 1208 2224 1265 linis.
2254 1211 2406 1269 Unde
2448 1214 2550 1271 hoc
2570 1258 2585 1283 ,
2614 1218 2714 1272 nisi
2745 1218 2871 1289 quia
2891 1230 2946 1275 et
2975 1221 3117 1291 ipsos
3153 1240 3286 1293 quos
3325 1232 3574 1301 tanquam

1988 1298 2168 1356 hircos
2210 1306 2498 1370 accusasti,
2521 1307 2652 1363 falso
2695 1313 3004 1367 accusasti?
3032 1313 3163 1369 Nam
3191 1317 3236 1371 si
3266 1333 3393 1375 vere
3418 1298 3576 1375 accu-

1987 1407 2165 1449 sasses
2192 1396 2231 1462 ί,
2264 1412 2370 1451 non
2402 1407 2454 1453 te
2481 1415 2808 1470 separasses.
2855 1404 2967 1460 Tua
3013 1409 3277 1476 separatio
3300 1451 3315 1474 ,
3364 1411 3573 1465 illorum

1987 1492 2073 1538 est
2100 1487 2358 1557 purgatio.
2383 1488 2440 1545 Si
2465 1490 2663 1546 zizania
2702 1503 2889 1563 erant,
2917 1498 3043 1567 quid
3085 1514 3147 1554 ea
3196 1501 3405 1557 voluisti
3453 1513 3576 1559 ante

1987 1584 2093 1630 tem
2101 1591 2467 1648 piisseparare
2480 1580 2504 1634 ?
2518 1580 2650 1636 Cum
2668 1583 2798 1655 ipsis
2814 1589 3129 1655 permixtum
3153 1591 3383 1647 triticum
3403 1607 3573 1657 esses.

1988 1676 2043 1722 et
2087 1669 2274 1724 eodem
2315 1686 2445 1742 agro
2487 1675 2838 1741 radicareris,
2866 1680 3052 1736 eadem
3083 1682 3261 1753 pluvia
3301 1684 3572 1756 rigareris.

1985 1757 2163 1827 Quare
2204 1777 2334 1832 ergo
2379 1765 2572 1820 existi?
2612 1767 2877 1839 Ntunquid
2920 1772 3126 1828 invenis
3159 1777 3577 1847 causamiQuos

1985 1867 2224 1917 accusas,
2254 1872 2359 1911 non
2388 1859 2660 1915 convincis
2685 1877 2697 1913 :
2723 1863 2967 1918 exeundo
2988 1877 3166 1921 autem
3195 1879 3319 1926 aute
3342 1878 3569 1943 tempus,

1985 1955 2040 2001 et
2083 1957 2133 2002 te
2171 1950 2506 2018 separando,
2543 1953 2657 2021 ipse
2698 1955 3053 2011 convinceris.
3099 1958 3228 2014 Vide
3265 1961 3391 2030 quia
3435 1962 3575 2018 ﬁlius

1986 2037 2157 2094 malus
2199 2054 2287 2105 es;
2316 2040 2431 2108 ipse
2473 2051 2522 2095 te
2556 2042 2759 2111 justum
2788 2044 2952 2111 dicis,
2984 2048 3183 2100 exitum
3212 2059 3388 2104 autem
3427 2059 3639 2105 tuuutl

1987 2144 2091 2184 non
2130 2131 2321 2186 abluis.
2352 2132 2465 2200 Ego
2491 2147 2599 2188 non
2628 2134 2748 2189 dico
2776 2136 2903 2200 tibi,
2936 2137 3015 2191 Tu
3041 2152 3099 2192 es
3126 2140 3302 2207 potius
3328 2141 3571 2198 traditur.

1984 2220 2136 2286 Quod
2184 2221 2229 2275 si
2272 2221 2443 2277 dicam
2466 2266 2481 2290 ,
2510 2223 2664 2280 facile
2703 2226 2873 2295 probo
2897 2236 2921 2282 :'
2937 2228 3031 2283 sed
3062 2229 3182 2286 ideo
3215 2232 3337 2287 nolo
3365 2234 3572 2297 dicere,

1985 2314 2107 2382 quia
2136 2315 2208 2367 tui
2235 2312 2497 2384 fecerunt,
2518 2330 2622 2371 non
2647 2326 2702 2371 tu
2722 2315 2916 2373 fecisti.
2940 2318 3056 2376 Non
3086 2321 3177 2376 tibi
3209 2324 3411 2394 imputo
3436 2325 3572 2382 facta

1986 2403 2178 2469 aliena,
2193 2405 2351 2460 etiam
2376 2417 2615 2463 tuorum:
2637 2417 2783 2465 tuum
2803 2409 2998 2467 factum
3022 2415 3257 2479 attendo;
3279 2416 3420 2487 quod
3448 2416 3578 2474 foris

1984 2510 2066 2561 es,
2080 2511 2261 2566 arguo.
2277 2497 2489 2554 Exitum
2509 2510 2656 2556 tuum
2672 2516 2855 2572 arguo.
2879 2504 3104 2560 Prorsus
3120 2509 3297 2562 otnnia
3317 2524 3571 2566 removeo

1985 2602 2105 2657 qua:
2132 2589 2186 2643 in
2238 2605 2332 2645 vos
2359 2590 2462 2647 dici
2496 2602 2738 2662 possunt.
2759 2593 2959 2650 Omitto
2980 2596 3321 2654 ebriositates
3349 2610 3574 2662 vestras,

1987 2680 2142 2737 fenus
2163 2691 2216 2737 et
2244 2698 2436 2740 usuras
2446 2699 2610 2756 super
2625 2701 2812 2742 usuras
2839 2689 2892 2752 ’ς
2917 2690 3105 2746 οιιιίιιο
3126 2706 3316 2762 greges
3342 2702 3393 2747 et
3416 2692 3577 2747 furias

1984 2774 2484 2833 Circumcellionum
2510 2799 2523 2834 :
2548 2782 2739 2837 omitto
2777 2782 2893 2838 hinc
2930 2787 3128 2853 omnia,
3156 2798 3207 2841 et
3231 2803 3579 2860 qttzrcumqtte

1986 2869 2086 2924 alia
2101 2885 2220 2941 qua:
2246 2884 2560 2929 enumerare
2581 2891 2685 2930 non
2706 2890 2944 2946 possum.
2961 2878 3073 2933 Non
3097 2895 3285 2936 omnes
3297 2881 3429 2936 forte
3441 2885 3575 2951 apud
3662 2956 3667 2959 ‘

1985 2977 2081 3017 vos
2126 2963 2224 3017 ista
2265 2964 2482 3019 faciunt.
2515 2966 2608 3021 ille
2636 2969 2725 3037 qui
2778 2968 2853 3022 ibi
2892 2969 2988 3024 ista
3022 2987 3126 3025 non
3170 2970 3328 3037 facit,
3363 2972 3452 3029 ille
3491 2978 3575 3029 cui

1986 3054 2269 3125 displicent
2298 3058 2402 3113 ista
2423 3074 2541 3126 qua:
2568 3060 2638 3114 ibi
2667 3063 2833 3127 ﬁunt;
2864 3062 2978 3132 ipse
3019 3079 3148 3135 ergo
3184 3066 3432 3133 accedat,
3464 3067 3578 3138 ipse

1987 3144 2272 3216 loquatur:
2302 3162 2410 3202 non
2465 3149 2517 3204 ei
2546 3151 2741 3220 obiicio
2769 3154 2971 3209 crimen
2998 3155 3449 3218 alienum.abluat
3468 3161 3579 3214 exi-

1989 3247 2100 3293 tum
2131 3253 2305 3293 suum.
2336 3240 2501 3297 Vides
2536 3243 2658 3311 quia
2701 3253 2843 3300 recte
2871 3245 2946 3300 illi
2971 3246 3186 3313 dicitur,
3219 3246 3387 3303 Filius
3411 3250 3577 3303 malus

1982 3330 2097 3401 ipse
2109 3348 2164 3386 se
2171 3333 2371 3402 justum
2395 3333 2538 3388 dicit.
2559 3335 2813 3392 Dominus
2829 3339 2969 3393 enim
2993 3339 3141 3406 dicit,
3162 3342 3251 3410 qui
3280 3357 3465 3397 verum
3492 3342 3576 3397 di-

1987 3422 2097 3477 cit:
2122 3421 2291 3479 Filius
2328 3426 2493 3480 malus
2533 3427 2644 3495 ipse
2681 3443 2736 3482 se
2758 3430 2962 3498 justum
3001 3430 3142 3484 dicit.
3186 3431 3303 3486 Non
3331 3446 3449 3503 ego,
3479 3434 3574 3487 sed

1988 3513 2122 3582 ipse.
2149 3515 2204 3570 Si
2231 3517 2342 3570 vult
2371 3528 2427 3571 ut
2454 3532 2555 3587 ego
2575 3518 2753 3575 dicam
2778 3520 3001 3589 justum,
3030 3523 3227 3586 veniat,
3262 3523 3431 3580 bonos
3464 3524 3575 3580 fru-

1988 3615 2108 3660 etus
2150 3606 2205 3660 in
2250 3607 2511 3663 catholica
2538 3625 2668 3678 pace
2695 3611 2883 3667 all'erat
2904 3654 2920 3679 ,
2949 3614 3003 3667 in
3026 3614 3294 3670 catholica
3324 3631 3454 3685 pace
3482 3616 3578 3673 cu-

1989 3696 2186 3752 stodiat
2212 3715 2224 3751 :
2247 3698 2367 3769 quia
2394 3707 2450 3755 et
2493 3700 2697 3757 fructus
2719 3718 2822 3757 non
2854 3714 2936 3759 est
2965 3705 3051 3760 ubi
3078 3722 3182 3761 non
3210 3716 3294 3763 est
3330 3709 3572 3766 toleran-

1989 3790 2062 3845 tia
2088 3790 2130 3844 ³.
2157 3788 2226 3844 Et
2257 3793 2495 3863 fructum,
2526 3792 2727 3865 inquit,
2754 3794 2966 3863 a/Tcrent
2993 3815 3105 3853 cum
3126 3800 3392 3855 tolerantia
3423 3801 3575 3876 (Luc.

1991 3899 2084 3938 vui
2104 3926 2117 3949 ,
2157 3881 2264 3955 l5).
2287 3885 2376 3940 Vis
2404 3884 2581 3942 dicere
2607 3890 3053 3958 quemadmodum
3085 3894 3431 3962 grandinatus
3468 3897 3578 3952 sis?

1990 3975 2127 4030 Audi
2150 3992 2211 4031 ex
2234 3977 2339 4032 alio
2359 3977 2476 4034 loco
2500 3997 2517 4033 :
2547 3977 2635 4034 Va:
2660 3979 2738 4035 liis
2767 3983 2854 4053 qui
2892 3982 3214 4051 perdiderunt
3258 3987 3575 4042 tolerantiam

1991 4064 2188 4135 (Eccli.
2218 4083 2250 4120 ll
2275 4109 2288 4131 ,
2325 4067 2433 4137 l6).

2063 4157 2150 4212 18.
2190 4156 2573 4214 Donatistarum
2588 4162 2805 4216 scliisma
2819 4163 3053 4234 prudenti
3076 4167 3307 4237 cuiquam
3334 4167 3578 4224 Chrislitt-

1992 4252 2209 4305 uicinum
2249 4254 2475 4324 pro/itm“
2515 4255 2755 4325 cupienti,
2775 4273 2873 4310 non
2909 4256 3122 4327 placere.
3154 4259 3307 4315 Modo
3345 4262 3576 4330 aliquem

1990 4351 2175 4413 putate
2198 4343 2454 4412 cogitare,
2500 4346 2624 4413 quia
2664 4355 2719 4401 et
2756 4361 2898 4417 smpe
2924 4349 3199 4421 contingit,
3229 4351 3316 4405 ubi
3342 4352 3413 4407 sit
3437 4352 3580 4409 chri-

1991 4434 2217 4488 stianus.
2252 4434 2424 4490 Motus
2461 4445 2546 4491 est
2586 4446 2644 4491 ut
2672 4438 2741 4492 sit
2775 4438 3118 4504 christianus,
3152 4441 3374 4497 attendit
3400 4441 3451 4497 in
3484 4460 3599 4498 [ιθ-ο

1991 4539 2116 4580 men
2145 4524 2341 4579 Christi
2370 4539 2690 4583 concurrere
2734 4543 2902 4599 genus
2928 4528 3216 4586 humanum
3238 4550 3251 4586 :
3271 4533 3409 4589 trulla
3440 4543 3577 4590 tem-

1991 4617 2160 4689 porali
2192 4618 2457 4688 proposita
2497 4620 2875 4677 commoditate
2914 4623 3028 4678 vult
3072 4640 3191 4681 esse
3231 4625 3578 4693 christianos,

1993 4725 2098 4765 non
2126 4719 2185 4766 ut
2207 4711 2462 4779 majorem
2488 4713 2715 4768 amicum
2742 4716 3009 4779 conciliet,
3030 4734 3132 4773 non
3155 4729 3210 4774 ut
3233 4720 3577 4789 ad'concupi-

1994 4810 2100 4857 tam
2129 4817 2346 4857 uxorem
2377 4804 2669 4871 perveniat,
2698 4819 2802 4859 non
2827 4814 2884 4860 ut
2907 4807 3135 4876 aliquam
3159 4824 3464 4879 pressuram
3485 4813 3581 4865 hu-

1989 4893 2078 4963 jus
2104 4893 2283 4948 sa-culi
2310 4892 2499 4946 evadat
2524 4910 2538 4947 :
2566 4909 2865 4963 quanquam
2891 4897 3226 4953 multi‘etiam
3266 4901 3343 4956 sic
3372 4902 3576 4957 intrano

1996 4990 2077 5038 tes
2104 4983 2441 5053 corriguntur
2482 4982 2727 5053 ingressi.
2760 4985 2867 5040 Sed
2893 4984 3147 5042 faciamus
3172 4989 3403 5060 aliquem
3433 4993 3580 5063 cogi-
3652 5047 3668 5065 ε,

1996 5082 2195 5130 tantem
2235 5073 2302 5128 de
2327 5073 2648 5139 animasua,
2671 5084 2725 5130 et
2746 5076 3008 5131 volentem
3037 5094 3157 5134 esse
3185 5080 3531 5137 christianum
3564 5103 3579 5139 :
3642 5068 3653 5080 ’

1995 5164 2217 5222 attendit
2246 5165 2334 5221 ubi
2360 5165 2492 5221 duas
2518 5176 2695 5236 partes
2708 5168 2873 5235 videt,
2899 5172 3089 5241 qumrit
3111 5180 3318 5239 causas,
3343 5190 3505 5245 quare
3522 5194 3582 5232 se

1997 5258 2072 5313 illi
2107 5257 2175 5311 ab
2205 5258 2308 5313 illis
2345 5268 2745 5328 separaverunt.
2784 5260 3127 5331 Respondent
3157 5266 3266 5321 illi:
3297 5265 3580 5337 Separavi-

1998 5365 2117 5404 mus
2152 5365 2250 5405 nos
2291 5359 2538 5421 tanquam
2576 5351 2706 5419 justi
2746 5370 2774 5407 a
2817 5356 3204 5424 peccatoribus.
3251 5359 3411 5427 Quasi
3456 5377 3584 5418 vero

1999 5456 2142 5497 cmco
2170 5442 2451 5510 loquantur
2474 5443 2705 5500 audienti
2732 5447 2855 5515 quid
2882 5446 3078 5515 dicant,
3107 5466 3209 5504 non
3235 5452 3429 5509 videnti
3456 5459 3581 5525 quid

2064 5620 2079 5649 ι
2118 5624 2243 5667 uss;
2267 5625 2384 5666 Nam
2405 5617 2449 5668 si
2474 5631 2642 5669 rerum
2664 5632 2955 5673 accusasses.

2064 5680 2436 5751 :(Zieltll'ttit'ltsls
2460 5679 2602 5751 liber,
2628 5681 2781 5751 fenus,
2808 5697 2976 5751 usurus
2992 5692 3035 5734 ct
3061 5700 3399 5751 superatumst

2066 5740 2085 5770 ³
2106 5749 2231 5800 Mss,
2266 5740 2343 5792 ubi
2368 5753 2458 5790 non
2483 5748 2551 5792 est
2569 5740 2676 5793 cum
2699 5744 2967 5797 lolcwmtia.
