3938 6186
384 276 488 332 307

381 403 560 466 agant.
591 393 648 451 Si
686 395 860 464 itaque
887 388 1169 460 inspiciens
1195 399 1369 440 mores
1394 383 1654 483 ipsorum,
1680 390 1734 434 et
1753 395 1812 434 ea
1837 392 1955 483 quin

385 487 540 557 paulo
568 496 690 542 ante
719 478 1153 546 commemoravi,
1184 478 1325 533 dicat
1353 476 1486 531 illis:
1516 476 1662 544 Rogo
1703 487 1818 539 vos,
1863 476 1952 575 ju-

381 589 492 634 stos
518 592 611 632 vos
637 575 831 639 dicitis,
863 582 917 628 et
943 571 1063 626 ideo
1090 585 1184 625 vos
1205 577 1349 625 recte
1375 581 1653 637 separasse
1681 563 1954 619 contendi-

1597 259 1650 319 S.
1686 258 2050 318 AUGUSTI.“
2093 262 2397 321 EPISCOi'i

3539 289 3636 343 303

2057 385 2138 430 est
2171 381 2391 448 veritas,
2432 385 2548 456 ipse
2570 387 2834 459 loquatur,
2868 393 2936 448 ab
2965 394 3054 449 illo
3085 396 3324 453 Ecclesia
3348 414 3630 471 murmur.

2060 467 2154 524 Die
2177 471 2347 537 nobis,
2377 473 2617 546 Domine,
2652 479 2737 534 ubi
2767 492 2846 537 est
2873 483 3105 539 Ecclesia
3130 489 3249 542 tua?
3271 490 3334 544 Et
3357 467 3446 546 ille
3459 497 3631 548 omni-

2059 558 2158 614 bus
2177 579 2190 614 :
2211 561 2310 618 Ubi
2327 579 2424 635 ego
2444 567 2570 634 sim,
2587 570 2766 625 scitis?
2789 572 3166 644 ReSpondeant
3186 593 3374 635 omnes
3393 600 3408 636 :
3426 582 3480 636 ln
3497 588 3630 641 caelo

384 670 483 733 iis;
510 681 673 737 quare
699 664 836 734 apud
866 678 960 718 vos
984 672 1107 716 sunt
1129 662 1260 715 tales
1280 668 1335 715 et
1361 657 1530 714 tales?
1545 657 1611 712 Et
1633 656 1706 710 illi
1728 655 1956 710 fortasse
2056 650 2122 706 ad
2149 653 2417 710 dexteram
2454 658 2652 716 Patris.
2705 659 2906 735 Integra
2941 665 3102 722 fides:
3129 669 3264 725 hanc
3289 670 3465 739 docui,
3495 674 3627 734 banc

380 760 499 828 quia
530 771 723 827 negare
750 771 853 810 non
879 755 1094 819 audent,
1125 754 1246 824 quia
1283 767 1345 808 ea
1375 751 1620 849 dicuntur
1642 764 1760 849 quae
1783 747 1950 849 oculis

378 849 698 920 objiciuntur
718 865 730 902 :
750 846 881 902 Sunt
901 845 1110 916 quidem
1132 844 1269 914 apud
1292 858 1389 898 nos
1405 842 1555 908 talas,
1582 840 1673 896 sed
1696 835 1948 909 numquid

377 954 562 995 omnes
588 953 770 992 sumus
811 937 974 992 tales?
999 937 1216 1006 Optime.
1244 933 1408 988 Video
1437 947 1564 1003 ergo
1588 941 1640 986 te
1677 931 1802 986 foris
1827 945 1946 984 cum

379 1033 776 1102 peccatoribus:
804 1045 969 1100 quare
994 1045 1100 1084 non
1129 1027 1302 1084 intus?
1332 1027 1531 1082 Merces
1561 1026 1944 1128 enimsepara:

375 1127 534 1180 tionis
575 1135 676 1179 tua:
704 1139 822 1179 esse
848 1122 1047 1185 debuit,
1073 1136 1191 1176 cum
1219 1128 1498 1190 peccatore
1535 1134 1639 1172 non
1666 1117 1860 1171 vivere.
1891 1116 1946 1171 Si

373 1217 501 1270 iuris
538 1215 615 1269 sic
658 1229 822 1278 esses,
855 1221 912 1267 ut
939 1212 1120 1281 quales
1146 1219 1199 1265 te
1228 1209 1382 1277 ﬁngis
1422 1208 1616 1278 fugisse
1645 1223 1749 1262 non
1782 1206 1947 1260 habe-

373 1324 480 1373 res,
513 1322 724 1378 quoquo
754 1305 910 1360 modo
941 1305 1130 1361 ferrem
1156 1303 1542 1373 separationem
1569 1312 1730 1356 tuam.
1760 1301 1944 1355 Atten-

370 1398 459 1452 dat
485 1413 608 1468 ergo
637 1398 735 1450 iste
776 1397 994 1466 cupiens
1035 1409 1153 1449 esse
1188 1393 1527 1460 christianos,
1571 1391 1658 1446 ubi
1688 1392 1756 1446 sit
1797 1391 1942 1446 cbri~

369 1491 604 1544 stianus:
635 1491 778 1544 videt
806 1491 924 1545 illos
969 1498 1244 1558 separatos
1287 1486 1438 1557 quasi
1483 1499 1514 1538 a
1554 1484 1938 1554 peccatoribus,

370 1584 554 1650 plenos
579 1582 966 1650 peccatoribus.
980 1580 1179 1634 Rursus
1193 1576 1427 1633 attendat
1443 1575 1734 1632 Ecclesia-tn
1746 1573 1940 1629 Christi

367 1671 653 1726 secundum
682 1671 1002 1740 probabilem
1030 1670 1190 1724 vitam
1219 1682 1424 1722 morum
1460 1666 1672 1737 generis
1703 1665 1936 1728 humani,

365 1761 655 1816 secundum
682 1775 814 1830 quos
839 1775 1013 1815 mores
1059 1768 1232 1828 potest
1270 1759 1383 1828 ipse
1420 1759 1577 1814 etiam
1616 1758 1834 1813 veniens
1871 1757 1938 1814 de

365 1854 560 1908 swenlo
587 1862 868 1924 utcumque
905 1853 1212 1922 judicare‘:
1246 1851 1388 1906 videt
1406 1861 1460 1907 et
1497 1853 1583 1906 hic
1613 1853 1816 1923 aliquos
1843 1868 1929 1907 so-

367 1945 738 2014 brios,aliqnos
759 1944 1027 2008 ebriosos;
1057 1945 1260 2012 aliquos
1294 1951 1570 2013 pascentes
1617 1946 1930 2014 pauperes’,

364 2034 576 2103 aliquos
598 2034 835 2104 rapinam
864 2050 1042 2089 rerum
1071 2034 1360 2088 alienarum
1378 2043 1705 2102 appetentes,
1739 2043 1791 2089 et
1831 2050 1934 2089 eses

364 2137 471 2181 tera
505 2127 657 2180 talia:
683 2127 827 2181 videt
846 2128 951 2192 hic,
977 2127 1118 2182 videt
1143 2136 1196 2182 et
1214 2127 1304 2182 ibi.
1338 2128 1588 2182 Attendat
1608 2128 1716 2198 jam
1745 2129 1929 2195 Deum,

359 2218 485 2286 quid
511 2219 654 2274 dicat
691 2219 757 2275 de
801 2220 1036 2276 Ecclesia
1085 2234 1209 2274 sua:
1244 2219 1436 2274 invenit
1477 2219 1642 2275 Deum
1670 2219 1929 2274 dicentem

361 2326 457 2380 per
505 2325 693 2366 omnes
743 2319 927 2380 gentes
975 2311 1267 2366 Ecclesiam
1296 2326 1475 2374 suam;
1522 2311 1722 2365 invenit
1762 2311 1927 2365 Deum

357 2399 517 2454 etiam
550 2399 600 2453 in
643 2399 740 2454 ista
780 2400 1119 2456 similitudine
1145 2401 1465 2454 zizaniorum
1488 2399 1769 2467 dicentem,
1799 2402 1932 2472 Ag":

357 2499 429 2542 est
467 2490 548 2542 hic
598 2490 834 2544 mundus.
880 2490 992 2544 Non
1041 2505 1166 2560 ager
1193 2499 1274 2544 est
1301 2489 1509 2557 Africa;
1537 2491 1628 2546 sed
1659 2491 1744 2546 hic
1771 2507 1929 2547 mun-

357 2579 476 2634 dus.
496 2579 598 2634 Per
618 2588 783 2634 totum
809 2580 1062 2635 mundum
1086 2582 1430 2645 irumentum,
1464 2597 1558 2650 per
1584 2589 1749 2636 totum
1769 2598 1928 2638 mun-

354 2674 481 2727 dum
511 2672 710 2726 zizania
747 2675 946 2743 (tamen
975 2688 1102 2743 ager
1129 2683 1209 2729 est
1237 2674 1492 2742 mundus,
1527 2677 1814 2731 seminator
1841 2677 1929 2732 Fi-

357 2763 456 2817 lius
478 2761 724 2826 hominis,
756 2778 1019 2819 messores
1040 2764 1244 2834 Angeli,
1275 2781 1380 2820 non
1401 2767 1666 2836 principes
1684 2767 1926 2822 Circum-

355 2854 683 2926 ccllionnm),
725 2853 1002 2909 crescere'
1039 2865 1320 2925 utrumque
1360 2870 1528 2926 usque
1552 2855 1619 2910 ad
1661 2872 1886 2912 messem
1909 2874 1928 2912 :

356 2960 460 2999 non
510 2960 752 3001 crescere
794 2947 1014 3012 zizania,
1056 2956 1109 3002 et
1149 2946 1460 3004 decrescere
1503 2947 1798 3015 frumenta;
1833 2949 1925 3004 sed

354 3016 634 3107 utrumque
651 3053 891 3094 crescere
917 3054 1082 3107 usque
1106 3039 1174 3093 ad
1198 3053 1446 3094 messem.
1471 3039 1636 3107 Quam
1660 3056 1885 3096 messem
1902 3043 1933 3096 ἲ

357 3130 530 3198 Ipsum
556 3129 676 3184 audi
698 3148 709 3182 :
737 3130 916 3185 Musis
934 3140 1004 3186 est
1019 3132 1135 3200 ﬁnis
1155 3131 1323 3186 seaculi
1343 3130 1556 3200 (Matt/1.
1574 3149 1684 3197 xm,
1704 3135 1792 3201 '58,
1811 3134 1921 3206 59).

354 3220 515 3275 Audit
532 3221 643 3276 haec
660 3222 836 3291 plane,
851 3231 904 3277 et
921 3230 1060 3279 recte
1065 3223 1306 3292 judicans
1322 3224 1446 3295 quid
1461 3225 1586 3280 dicit
1597 3225 1744 3281 ?Non
1759 3241 1852 3282 ero
1871 3227 1923 3283 in

355 3312 441 3367 illa
469 3314 803 3380 concisione;
837 3315 935 3370 hac
964 3331 1074 3380 ero,
1104 3325 1158 3372 et
1182 3316 1353 3372 bonus
1373 3333 1468 3373 ero
1494 3320 1546 3373 in
1574 3320 1785 3375 nomine
1810 3319 1924 3391 ejus

352 3407 503 3474 cujus
526 3420 651 3461 ero:
679 3407 916 3462 etbonus
932 3424 1054 3475 cro,
1070 3424 1174 3463 non
1203 3425 1288 3464 me
1305 3411 1473 3480 ipsum
1491 3412 1683 3467 bonum
1703 3413 1921 3481 faciens,

351 3496 445 3551 sed
469 3497 646 3552 abillo
668 3498 778 3552 fieri
804 3509 1150 3570 exspectans;
1183 3516 1287 3556 non
1316 3517 1402 3558 me
1439 3503 1609 3574 ipsum
1645 3505 1838 3560 bonum
1870 3513 1924 3562 et

345 3589 542 3655 justum
569 3590 770 3657 dicens,
801 3591 894 3647 sed
921 3593 988 3646 ab
1016 3593 1106 3647 illo
1133 3593 1236 3648 dici
1271 3593 1598 3652 desiderans.
1632 3597 1813 3663 Intrat,
1866 3598 1924 3654 (it

350 3679 658 3735 catholicus.
689 3681 827 3737 Ecce
856 3681 968 3752 ipse
993 3683 1157 3739 abluit
1183 3685 1479 3756 ingressum
1504 3703 1680 3752 suum,
1698 3689 1855 3745 ablue
1870 3699 1924 3746 et

351 3780 406 3824 tu
432 3771 628 3825 exitum
662 3782 826 3827 tuum.
858 3774 972 3829 Non
999 3784 1181 3845 potes:
1207 3776 1372 3834 Filius
1390 3781 1530 3834 enim
1557 3783 1720 3836 malus
1745 3783 1851 3852 ipse
1869 3799 1924 3838 se

340 3862 532 3928 justum
554 3861 692 3927 dicit,
727 3865 908 3918 exitum
933 3876 1100 3920 autem
1123 3883 1268 3920 suum
1287 3885 1388 3922 non
1413 3869 1588 3924 abluit.
1849 3940 1859 3950 ε

417 3951 643 4009 CAPUT
679 3952 771 4010 X1.
792 3985 864 3996 —
891 3956 976 4012 i9.
1011 3955 1137 4013 Oves
1154 3960 1326 4013 audita
1347 3963 1562 4029 pastoris
1582 3977 1697 4018 rore
1719 3963 1921 4020 salvan-

346 4049 447 4094 tur.
472 4072 541 4082 —
568 4042 828 4100 Lateribus
855 4057 900 4100 et
929 4048 1146 4104 humeris
1175 4053 1346 4106 vestris
1371 4053 1719 4122 impellebatis,
1741 4066 1787 4111 et
1806 4074 1918 4111 cors

344 4130 488 4185 uibus
506 4133 679 4187 vestris
697 4138 1064 4205 percutiebatis,
1091 4149 1136 4193 et
1157 4157 1302 4196 omne
1327 4144 1461 4212 quod
1488 4146 1748 4214 deﬁciebat
1777 4165 1914 4203 com-

342 4221 647 4290 primebatis,
675 4226 998 4296 quoadusque
1041 4231 1388 4302 dispergeretis
1423 4252 1508 4290 eas
1531 4237 1689 4305 foras.
1714 4238 1785 4294 Et
1811 4241 1915 4296 sal-

342 4311 464 4366 raba
492 4330 603 4368 oves
643 4331 796 4371 meas.
824 4317 976 4372 Sicut-
999 4320 1306 4377 detestanda
1337 4324 1546 4382 illorum
1590 4331 1835 4401 iniquitas
1858 4342 1914 4391 et

316 4401 650 4470 crudelitas;
681 4405 749 4460 ita
775 4407 1034 4463 laudanda
1069 4415 1292 4479 pastoris
1318 4418 1504 4482 nostri,
1537 4435 1660 4477 vere
1689 4421 1781 4478 Dei
1807 4440 1908 4481 no-

337 4490 435 4546 stri
465 4489 508 4559 ’⁵,
535 4491 928 4550 misericordia:
956 4499 1176 4554 salvabit
1199 4517 1326 4558 oves
1347 4520 1486 4560 suas.
1517 4507 1695 4578 Forte,
1720 4511 1910 4571 fratres

338 4582 464 4649 mei,
492 4584 732 4652 quamvis
752 4601 846 4656 per
871 4587 1116 4645 minimos
1142 4607 1324 4647 servos
1364 4609 1510 4662 suos,
1539 4597 1673 4654 forte
1701 4617 1796 4670 per
1821 4605 1907 4660 in-

337 4669 524 4740 dignos
547 4672 648 4728 hoc
675 4672 819 4741 facit,
841 4691 962 4731 eum
990 4678 1091 4734 hoc
1111 4679 1358 4739 dicimus.
1387 4683 1566 4742 Salvet
1583 4669 1748 4746 'oves
1758 4707 1901 4750 suas:

334 4762 551 4818 audiant
577 4780 764 4823 vocem
794 4771 1020 4838 pastoris
1045 4772 1147 4840 sui,
1180 4783 1235 4830 et
1273 4789 1560 4847 sequantur
1603 4797 1748 4839 eum.
1787 4785 1909 4845 Non

333 4866 574 4925 quaerant
597 4858 885 4916 Ecclesium
909 4879 972 4918 ex
994 4880 1087 4922 ore
1113 4865 1415 4924 hominum:
1441 4887 1505 4928 ex
1527 4888 1619 4930 ore
1645 4876 1736 4932 Dei
1752 4894 1901 4949 qua:-

333 4955 471 5014 rant,
499 4963 566 5005 ex
587 4964 682 5006 ore
705 4949 898 5007 Christi
924 4967 1181 5025 qnterant.
1213 4958 1301 5015 ille
1327 4977 1480 5032 quem
1503 4964 1630 5022 dicit
1659 4968 1897 5040 impium,

333 5037 527 5107 impius
544 5050 654 5108 est;
682 5056 838 5113 quem
867 5043 996 5100 dicit
1012 5048 1233 5114 justum,
1257 5050 1432 5120 justus
1451 5065 1561 5122 est;
1590 5037 1746 5127 quem
1775 5037 1901 5118 dicit

327 5141 502 5197 ovem,
541 5134 655 5188 ovis
697 5142 809 5202 est;
847 5152 1002 5207 quem
1031 5139 1155 5195 dicit
1180 5140 1407 5213 hircum,
1435 5145 1612 5206 hircus
1647 5161 1747 5208 est.
1781 5154 1899 5224 Ipse

391 5283 410 5364 ί
431 5278 503 5364 gis
514 5286 794 5364 E_.Let_lttss:
891 5285 1025 5364 illim.
1047 5297 1097 5364 et
1111 5297 1241 5364 Lov.,
1266 5303 1518 5364 utrumque
1525 5303 1770 5364 judicare.

389 5342 496 5430 ’,ξιξ
514 5345 801 5430 Sorhonicus
827 5355 879 5398 et
896 5342 1241 5402 clatet-densis,
1258 5342 1514 5412 nasi-Fabii
1525 5342 1893 5430 ῧδῖοἶᾜάιίεπ-

323 5412 982 5547 ιεεῖῗῷςξξξξέἤρνεξεενε.
1008 5475 1234 5547 Verbum,
1257 5478 1414 5547 sorite,
1439 5485 1578 5537 abest
1599 5500 1625 5537 a
1647 5494 1752 5541 uss.

387 5522 498 5598 tale
647 5530 762 5581 Editi
782 5541 962 5593 autem,
987 5535 1088 5586 veri
1108 5522 1382 5594 naida}?

388 5583 1139 5676 :Ba‘gcli‘ges-ussllcuni:_editis_,
1153 5583 1332 5656 saltat...
1348 5583 1411 5658 ’ἐι
1433 5621 1621 5664 rursum
1644 5613 1780 5676 infra,
1819 5614 1898 5667 di-

323 5650 402 5693 cat
415 5651 462 5694 et
478 5647 702 5701 audiatur
726 5665 742 5702 .·
761 5653 909 5707 salvat
931 5647 1035 5710 arei
1046 5647 1185 5713 suas.

2053 745 2337 812 seminari;
2365 748 2460 804 sed
2479 765 2571 820 per
2588 753 2838 808 mundum
2863 757 3139 812 seminavi.
3159 759 3296 816 Cum
3315 778 3426 830 me,
3441 763 3623 836 inquit.

2053 835 2378 893 confitemini
2402 840 2453 896 in
2473 843 2628 911 coelo,
2652 846 2796 900 venit
2825 848 2974 902 vobis
3007 859 3155 905 certe
3191 852 3242 906 in
3281 835 3519 912 mentem
3542 859 3628 914 ille

2051 927 2308 996 psalmus,
2339 931 2581 990 Exaltare
2603 953 2754 1007 super
2777 940 2946 1006 cretes,
2976 941 3136 996 Deus.
3165 944 3455 1002 Ecclesium
3479 965 3623 1019 qua:-

2050 1019 2202 1074 ritis?
2230 1021 2410 1092 Legite
2448 1026 2586 1095 quod
2631 1030 2888 1098 sequitur,
2939 1031 3004 1086 Et
3040 1051 3191 1101 super
3227 1052 3422 1090 omnem
3446 1047 3628 1096 terram

2049 1111 2213 1179 gloria
2240 1122 2328 1167 tua
2353 1114 2522 1183 (Psal.
2556 1134 2680 1187 cvn,
2711 1122 2787 1192 6).
2817 1121 2910 1184 lbi,
2939 1123 3147 1190 fratres,
3180 1127 3266 1181 ubi
3296 1129 3493 1185 dictum
3521 1143 3622 1199 est,

2049 1199 2296 1258 Exaltare
2314 1223 2466 1278 super
2493 1210 2659 1276 caelos,
2701 1211 2859 1279 Deus,
2900 1213 2966 1268 de
3005 1215 3218 1271 Christo
3245 1231 3553 1290 resnrgentc
3576 1234 3626 1280 et

2045 1295 2390 1362 ascendente;
2418 1299 2488 1353 ibi
2528 1303 2703 1356 statim
2734 1307 2991 1374 sequitur,
3024 1307 3088 1361 Et
3127 1326 3278 1380 super
3301 1328 3493 1367 omnem
3525 1326 3626 1368 ter-

2046 1401 2156 1438 ram
2187 1387 2351 1456 gloria
2385 1400 2497 1448 tua.
2523 1391 2760 1461 Sponsus
2797 1397 2848 1449 in
2876 1398 3012 1452 coelo
3041 1407 3141 1464 est,
3170 1415 3362 1471 sponsa
3401 1405 3451 1458 in
3483 1416 3624 1462 terra

2045 1485 2126 1530 est
2147 1495 2161 1530 :
2191 1478 2279 1532 ille
2305 1495 2464 1550 super
2480 1497 2666 1538 omnes
2684 1487 2870 1551 cmlos,
2896 1489 2978 1542 illa
3001 1505 3160 1560 super
3177 1508 3384 1549 omnem
3406 1506 3620 1551 terram.

2042 1563 2088 1620 0
2118 1565 2382 1634 hacretice,
2405 1572 2575 1627 credis
2590 1575 2798 1644 quodin
2819 1579 2954 1633 cmlo
2979 1596 3084 1634 non
3113 1583 3280 1649 vides,
3301 1589 3620 1657 negasqnod

2040 1654 2094 1708 in
2125 1664 2264 1710 terra
2296 1660 2458 1716 vides.
2497 1663 2640 1718 Dicat
2669 1681 2794 1737 ergo
2823 1668 2960 1734 huic,
2985 1671 3125 1726 dicat
3145 1682 3198 1729 et
3222 1654 3464 1732 audiatur
3483 1654 3620 1734 :vsal-

2040 1755 2128 1801 vet
2154 1761 2280 1803 oves
2305 1763 2447 1804 suas.
2477 1750 2545 1805 Et
2563 1755 2993 1828 salvabo,inquit,
3012 1778 3123 1816 oves
3139 1780 3292 1828 meas,
3322 1777 3367 1820 et
3381 1768 3494 1838 jam
3515 1787 3620 1824 non

2037 1849 2179 1892 erunt
2199 1839 2252 1892 in
2277 1843 2601 1898 vastationem
2623 1862 2641 1900 :
2664 1858 2707 1900 et
2719 1849 2966 1917 judicabo
2985 1853 3113 1908 inter
3131 1871 3270 1911 ovem
3287 1866 3334 1911 et
3353 1875 3514 1914 ovem.

2106 1931 2195 1985 20.
2236 1930 2514 2002 Propltetia
2540 1937 2602 1991 de
2628 1937 2826 1995 Christo
2856 1953 3073 2012 pastore,
3103 1945 3286 2002 docens
3313 1949 3480 2017 ipsum
3510 1968 3619 2008 esse

2035 2035 2193 2073 unum
2212 2037 2325 2075 cum
2342 2022 2542 2077 Deo.—-
2563 2025 2630 2080 Et
2654 2030 2875 2084 excitabo
2906 2049 3056 2104 super
3070 2052 3154 2089 eas
3168 2046 3418 2107 pastorem
3434 2057 3615 2098 unum.

2034 2107 2219 2164 Nonne
2242 2111 2428 2181 ipsein
2455 2118 2716 2185 superiori
2741 2120 2966 2178 lectione
2992 2124 3217 2194 dixerat,
3242 2128 3349 2200 Ego
3370 2136 3617 2201 pascam!

2035 2196 2189 2254 Modo
2217 2203 2414 2258 excitat
2441 2218 2709 2276 pastorem
2739 2227 2899 2267 unum
2935 2214 3022 2270 ille
3043 2217 3131 2286 qui
3161 2196 3343 2288 pascit.
3370 2196 3454 2278 An
3473 2223 3618 2283 forte

2034 2288 2169 2345 intra
2199 2301 2302 2347 tam
2331 2309 2548 2364 parvum
2575 2299 2907 2357 intervallum
2932 2305 3174 2364 lectionis
3200 2311 3358 2367 taedio
3388 2313 3618 2372 aifectus

2032 2387 2116 2434 est
2144 2383 2438 2453 pascendo,
2461 2395 2515 2441 et
2543 2390 2792 2446 excitavit
2817 2403 3106 2464 pastorem,
3138 2400 3222 2452 cui
3263 2405 3614 2459 commenda-

2031 2479 2114 2525 ret
2141 2488 2320 2529 curam
2346 2477 2544 2544 ovium,
2591 2490 2646 2535 ut
2679 2493 2820 2538 esset
2864 2485 2978 2555 ipse
3023 2493 3276 2547 securus?
3317 2493 3616 2558 Audiamus

2030 2579 2186 2636 quem
2217 2575 2480 2636 pastorem
2504 2571 2659 2639 dicit;
2689 2584 2743 2631 et
2767 2576 2837 2632 ibi
2856 2577 3214 2651 intelligimus,
3239 2601 3403 2655 quare
3421 2594 3475 2642 et
3494 2589 3616 2659 ipse

2033 2664 2210 2724 pastor
2235 2657 2392 2714 etiam
2416 2663 2643 2718 excitato
2669 2665 2768 2722 isto
2797 2677 3006 2736 pastore
3033 2671 3145 2742 ipse
3174 2685 3374 2744 pascat,
3391 2657 3614 2736 ctsolus

2030 2756 2226 2815 pascat.
2251 2748 2501 2807 Excitabo
2522 2769 2672 2824 super
2697 2772 2782 2810 eas
2803 2768 3052 2827 pastorem
3078 2780 3253 2829 unum,
3274 2775 3322 2819 et
3338 2779 3506 2837 pascet
3519 2787 3614 2826 eas

2027 2856 2195 2895 servus
2214 2857 2353 2896 meus
2373 2842 2572 2912 David;
2596 2847 2704 2918 ipse
2726 2860 2892 2922 pascet
2913 2868 3015 2908 eos.
3039 2855 3373 2925 Prophetiam
3394 2875 3512 2917 esse
3536 2861 3614 2918 de

2028 2927 2241 2985 Christo
2266 2933 2510 2990 veniente
2538 2935 2604 2990 ad
2645 2938 2887 2995 homines
2915 2957 2981 2997 ex
3023 2945 3226 3000 semine
3269 2946 3452 3016 David,
3497 2951 3613 3006 cito

2029 3019 2338 3092 intelligitis,
2366 3024 2574 3096 fratres,
2603 3029 2648 3084 si
2690 3040 2926 3102 tempora
2968 3038 3316 3105 cognoscatis.
3350 3039 3454 3094 iste
3483 3057 3612 3112 pro-

2029 3111 2184 3179 pheta
2213 3113 2454 3172 Ezechiel
2483 3127 2718 3190 tempore
2737 3124 3051 3192 captivitatis
3071 3125 3185 3192 fuit,
3217 3144 3334 3199 qua:
3363 3130 3496 3187 facta
3521 3144 3615 3190 est

2028 3216 2092 3254 ex
2121 3206 2578 3275 transmigratione
2604 3212 2781 3281 populi
2812 3213 2864 3267 in
2890 3214 3250 3287 Babyloniam.
3293 3220 3336 3274 A
3365 3217 3613 3294 tempore

2032 3291 2189 3348 David
2222 3311 2387 3368 usque
2406 3298 2471 3352 ad
2500 3309 2708 3371 tempus
2733 3303 2890 3374 hujus
2916 3309 3410 3378 transmigrationis,
3435 3291 3610 3383 gene-

2027 3383 2257 3440 rationes
2285 3397 2406 3443 sunt
2436 3393 2850 3460 quatuordeeim.
2882 3396 3030 3454 Ecce
3053 3409 3251 3470 quanto
3290 3412 3409 3472 post
3449 3405 3609 3475 dicit,

2027 3472 2094 3528 Et
2137 3475 2304 3530 David
2331 3492 2498 3550 pascet
2526 3500 2629 3538 eas.
2663 3485 2720 3540 Si
2763 3487 2864 3542 hoc
2906 3489 3171 3546 diceretur
3202 3502 3436 3564 tempore
3465 3472 3607 3565 Noe,

2026 3577 2116 3622 aut
2131 3576 2366 3641 tempore
2381 3574 2669 3644 Abraham,
2689 3590 2777 3633 aut
2795 3588 2899 3635 tem
2905 3598 3032 3652 pore
3049 3583 3235 3656 Moysi,
3256 3594 3344 3641 ant
3361 3597 3608 3658 tempore

2025 3660 2212 3716 saltem
2259 3663 2425 3735 ipsius
2451 3665 2644 3732 Saulis,
2693 3671 2777 3725 cui
2821 3675 3081 3730 successit
3117 3677 3168 3730 in
3199 3693 3363 3747 regno
3401 3680 3604 3748 David;

2024 3760 2168 3807 recte
2193 3752 2605 3825 intelligeremus
2634 3759 2699 3815 de
2728 3762 2842 3831 ipso
2871 3764 3031 3820 David
3076 3767 3182 3822 ﬁlio
3220 3768 3370 3825 Jesse
3397 3771 3604 3830 dictum

2022 3842 2286 3909 essehoc,
2326 3846 2465 3916 quod
2496 3849 2608 3918 ipse
2635 3849 2839 3907 futurus
2879 3866 3022 3911 esset
3061 3869 3240 3928 pastor
3275 3861 3450 3932 gregis
3477 3863 3601 3930 Dei,

2021 3935 2104 3988 cui
2149 3939 2386 4006 regnanti
2415 3943 2640 4010 populus
2685 3943 2771 4000 ille
2811 3949 3125 4005 commissus
3150 3961 3230 4006 est
3257 3969 3269 4005 :
3299 3969 3440 4009 nunc
3467 3970 3603 4012 vero

2015 4023 2123 4093 jam
2154 4039 2463 4096 regnaverat
2489 4031 2672 4099 David,
2697 4034 2805 4104 jam
2847 4037 2917 4094 de
2955 4037 3057 4094 vita
3097 4042 3194 4096 ista
3237 4043 3456 4110 exierat,
3482 4047 3598 4116 jam

2018 4117 2254 4184 patribus
2290 4121 2560 4189 appositus
2589 4133 2718 4191 erat,
2755 4126 2862 4196 jam
2890 4143 2985 4198 pro
3010 4133 3197 4186 merito
3221 4148 3317 4190 suo
3344 4137 3598 4206 quiesce-

2016 4203 2140 4259 bat:
2163 4207 2289 4276 quid
2316 4217 2397 4265 est
2417 4211 2556 4280 quod
2585 4213 2730 4281 dicit,
2760 4214 3006 4274 Excitabo
3031 4219 3220 4291 David,
3247 4235 3293 4278 et
3316 4203 3500 4294 faciam
3522 4230 3596 4285 eis

2016 4313 2130 4351 eum
2155 4309 2402 4368 pastorem
2425 4319 2600 4372 unum,
2623 4306 2722 4362 nisi
2743 4308 2864 4378 quia
2896 4310 3058 4366 David
3087 4312 3176 4368 ille
3202 4324 3300 4379 est,
3328 4319 3415 4386 qui
3447 4323 3600 4376 venit

2012 4402 2080 4444 ex
2103 4392 2304 4447 semine
2329 4393 2528 4450 David?
2563 4397 2839 4464 Quomodo
2866 4418 2992 4474 ergo
3020 4407 3171 4476 erigit
3208 4410 3360 4465 nobis
3405 4424 3590 4481 pasto-

2012 4492 2125 4534 rem
2150 4479 2324 4536 Deus?
2349 4482 2513 4549 Quem
2536 4496 2785 4556 pastorem
2812 4492 3002 4545 unum?
3035 4493 3100 4547 Et
3129 4508 3296 4565 pascet
3315 4479 3593 4560 eas—servus

2011 4585 2150 4624 meus
2176 4568 2364 4626 David.
2393 4573 2708 4634 Iamdudum
2740 4581 2852 4651 ipse
2880 4587 3126 4654 pascebat
3164 4605 3290 4656 nos;
3318 4593 3458 4648 Dens
3487 4610 3588 4664 pa-

2010 4660 2190 4716 scebat
2203 4676 2301 4718 nos
2318 4664 2334 4694 ί
2358 4683 2371 4718 :
2388 4667 2544 4722 modo
2562 4671 2727 4738 pascit
2741 4686 2838 4726 nos
2858 4688 3042 4731 servus
3058 4677 3172 4748 ejus
3189 4679 3374 4736 David.
3407 4660 3589 4752 Quare

2011 4756 2258 4822 tanquam
2296 4754 2464 4812 alter?
2487 4759 2618 4814 Nam
2659 4765 2839 4834 utique
2864 4781 2984 4821 cum
3012 4768 3099 4824 ille
3130 4773 3398 4841 pascebat,
3442 4777 3584 4836 Deus

2007 4845 2288 4913 pascebat:
2311 4857 2496 4903 etcum
2517 4851 2654 4907 Deus
2674 4855 2940 4923 pascebat,
2964 4858 3118 4914 Pater
3133 4871 3186 4916 et
3201 4863 3364 4919 Filius
3377 4876 3429 4920 et
3455 4867 3581 4940 Spio

2006 4931 2139 4988 ritus
2161 4945 2373 4991 sanctus
2401 4942 2667 5008 pascebat.
2691 4943 2848 5001 Modo
2861 4948 3138 5018 excitatur,
3165 4961 3220 5007 et
3244 4953 3302 5010 tit
3326 4931 3580 5028 tanquam

2005 5022 2139 5078 alter
2167 5035 2376 5095 pastor;
2407 5029 2501 5085 sed
2529 5045 2634 5087 non
2662 5034 2816 5091 alter.
2843 5036 2957 5093 Non
2987 5041 3122 5096 alter
3147 5022 3447 5102 secundum
3462 5048 3575 5104 for-

2005 5130 2144 5170 mam
2174 5117 2298 5184 Dei;
2325 5120 2447 5190 quia
2473 5121 2524 5177 in
2556 5123 2723 5179 forma
2752 5127 2846 5182 Dei
2878 5129 2990 5200 ipse
3009 5141 3062 5188 et
3081 5133 3237 5190 Pater
3256 5151 3390 5192 unus
3410 5139 3572 5197 Deus:

2003 5206 2054 5260 in
2085 5205 2250 5262 forma
2273 5218 2446 5266 autem
2476 5214 2612 5269 servi
2639 5223 2885 5287 tanquam
2913 5221 3047 5277 alter
3070 5225 3346 5293 excitatur,
3387 5238 3444 5283 ut
3475 5247 3572 5300 pa-

2002 5303 2142 5362 scat;
2165 5297 2287 5367 quia
2311 5300 2481 5370 major
2511 5312 2594 5358 est
2620 5303 2793 5361 Pater.
2816 5309 2953 5365 Audi
2983 5327 3142 5368 unum
3173 5297 3495 5386 pascentem,
3518 5332 3574 5378 et

1999 5381 2266 5442 Christum
2292 5398 2594 5457 pascentem
2617 5412 2630 5449 :
2655 5394 2766 5467 Ego
2782 5406 2828 5452 et
2844 5397 3000 5454 Pater
3023 5381 3369 5460 unuaisumus
3388 5381 3568 5478 (Joan.

1997 5492 2053 5542 ι,
2077 5478 2188 5548 30).
2220 5480 2353 5536 Audi
2382 5483 2599 5540 excitari
2629 5487 2892 5546 Christum
2920 5505 3258 5563 pascentem:
3291 5497 3444 5553 Pater
3463 5519 3565 5555 ma-

1989 5568 2076 5637 jor
2102 5586 2179 5624 me
2202 5582 2271 5626 est
2291 5571 2398 5643 (Id.
2429 5591 2534 5641 xw,
2563 5577 2674 5649 28).
2707 5579 2855 5638 Unus
2878 5599 3006 5656 ergo
3030 5590 3225 5658 pascit;
3245 5593 3363 5662 quia
3381 5609 3494 5648 cum
3517 5597 3568 5650 in

2065 5685 2079 5715 ι
2106 5691 2176 5733 ετ.
2205 5693 2255 5737 et
2283 5687 2447 5748 plures
2470 5698 2574 5743 Mss.
2605 5705 2702 5746 non
2733 5695 2932 5762 habent,
2960 5709 3086 5756 Deus
3107 5704 3442 5768 pascebatnos.
