3938 6186
283 301 385 359 309

286 411 449 478 forma
480 404 578 460 Dei
597 415 744 468 esset,
776 421 876 458 non
899 401 1127 473 rapinam
1152 400 1419 454 arbitratus
1441 405 1508 450 est
1532 412 1636 450 esse
1655 391 1860 461 a'qttalis

288 498 416 554 Deo.
445 495 726 552 Excitatur
746 501 944 556 autem,
971 500 1025 546 ut
1052 498 1258 560 pascat;
1286 488 1404 559 quia
1425 487 1740 552 sentetipsum
1763 483 1869 536 exi-

287 587 497 650 nanivit,
519 583 743 655 formam
786 582 913 636 servi
938 581 1203 651 accipiens.
1231 578 1341 632 Hoc
1371 585 1424 631 et
1454 575 1540 629 hic
1570 575 1679 644 ipsa
1713 571 1869 625 verba

289 687 552 734 testantur
586 691 603 730 :
644 672 828 727 Pascet
855 689 938 728 eas
965 687 1134 726 servus
1164 686 1300 723 meus
1330 667 1511 721 David.
1557 666 1773 728 Servus,
1819 662 1869 718 in

289 768 458 820 forma
487 763 650 819 servi.
688 763 907 826 Servus,
955 761 1076 831 quia
1105 759 1418 830 semetipsum
1443 754 1738 819 exinanivit,
1770 754 1874 824 for-

291 873 424 908 mam
449 853 579 908 servi
604 853 886 922 accipiens;
907 851 957 903 in
978 847 1307 902 similitudine
1333 847 1592 900 hominum
1616 849 1800 915 factus,
1827 849 1874 894 et

294 943 468 998 habitu
502 943 733 997 inuentus
761 951 816 994 ut
842 943 1023 994 homo:
1048 937 1325 992 humiliavit
1349 937 1685 1006 semetipsum,
1713 934 1876 1003 [actus

291 1033 528 1089 obediens
555 1047 713 1098 usque
738 1029 806 1082 ad
828 1041 1057 1094 mortem,
1085 1040 1293 1082 mortem
1321 1036 1488 1081 autem
1511 1025 1692 1078 crucis.
1716 1023 1875 1078 Exci-

293 1136 438 1180 tetnr
459 1138 608 1194 ergo,
631 1131 690 1176 ut
713 1128 912 1191 pascat.
940 1119 1158 1192 Propter
1181 1113 1334 1188 quod,
1358 1117 1550 1188 inquit,
1569 1114 1709 1170 Deus
1732 1115 1876 1168 exel-

291 1219 415 1270 tavit
441 1232 556 1269 eum
585 1233 615 1267 a
639 1214 872 1276 mortuis,
901 1221 948 1267 et
973 1212 1177 1266 donavit
1202 1211 1247 1264 ei
1274 1227 1452 1264 nomen
1477 1207 1612 1279 quod
1636 1215 1707 1262 est
1728 1222 1881 1276 super

292 1324 446 1362 omne
472 1323 670 1360 nomen.
698 1304 816 1359 Jam
841 1304 1072 1359 excitato
1091 1315 1247 1356 servo
1270 1316 1368 1355 suo
1396 1299 1582 1365 David,
1603 1298 1712 1368 jam
1739 1296 1882 1352 exci-

295 1411 408 1455 tata
438 1399 605 1453 forma
639 1397 796 1461 servi,
826 1411 982 1466 quam
1013 1394 1187 1465 posuit
1206 1392 1272 1448 ad
1298 1393 1571 1447 dexteram
1595 1404 1767 1454 suam,
1791 1387 1883 1441 do-

296 1491 436 1543 navit
465 1490 510 1542 ei
536 1505 713 1542 nomen
739 1486 875 1554 quod
901 1494 972 1538 est
990 1501 1141 1552 super
1160 1499 1306 1537 omne
1321 1498 1520 1536 nomen.
1547 1479 1677 1534 Vide
1701 1494 1884 1549 quem-

297 1578 589 1633 admodum
618 1584 818 1647 pascat,
839 1589 994 1646 quam
1019 1575 1122 1628 late
1141 1581 1351 1643 pascat:
1379 1570 1446 1626 Ut
1470 1572 1521 1624 in
1545 1572 1745 1624 nomine
1759 1568 1884 1622 Jesu

296 1687 452 1724 omne
475 1686 606 1739 genu
628 1669 877 1737 ﬂectatur,
903 1665 1195 1729 caelestium,
1239 1663 1540 1717 terrestrium
1566 1671 1615 1716 et
1654 1661 1882 1730 inferno-

298 1778 418 1814 rum
465 1758 720 1831 (Philipp.
769 1774 828 1824 tt,
870 1754 1041 1829 6-10).
1074 1755 1152 1810 Ad
1181 1771 1337 1826 quam
1364 1763 1639 1825 angustam
1681 1762 1883 1822 partem

303 1854 472 1904 latum
505 1863 869 1919 possessorem
915 1846 1121 1900 vanitas
1171 1845 1418 1900 haeretica
1465 1843 1747 1913 impingis?
1801 1842 1882 1896 An

301 1950 512 1996 tantum
547 1939 661 1994 ﬁdis
682 1938 926 2007 superbis
949 1936 1185 1990 humeris
1204 1944 1259 1991 et
1282 1934 1532 1989 cornibus
1553 1934 1676 2002 tuis,
1701 1941 1758 1988 ut
1778 1948 1884 1987 nan

300 2047 598 2103 etin-greges
622 2031 687 2084 ad
718 2040 1002 2100 pistorem,
1020 2028 1111 2083 sed
1135 2036 1189 2083 et
1210 2028 1377 2098 ipsum
1397 2035 1662 2098 pastorem
1681 2040 1708 2077 a
1725 2039 1886 2096 grege

303 2123 522 2176 eoueris
550 2119 864 2174 excludere?
899 2117 1074 2172 Puscet
1097 2134 1181 2172 eas
1206 2132 1373 2170 servus
1401 2132 1538 2170 meus
1561 2114 1742 2170 David.
1773 2115 1886 2168 Au-

303 2210 417 2265 dite
447 2224 576 2264 oves
607 2218 907 2277 pascentem
936 2222 1029 2262 vos
1065 2195 1227 2260 David
1247 2223 1261 2258 :
1284 2204 1460 2260 audite
1503 2219 1685 2259 vocem
1724 2202 1888 2258 David

310 2301 542 2372 pastoris
567 2299 748 2365 vestri,
780 2313 884 2352 non
914 2312 1096 2352 vocem
1120 2296 1404 2358 latronum,
1434 2310 1539 2350 non
1566 2296 1792 2348 ululatus
1810 2293 1892 2346 lu-

307 2407 523 2462 porum.
559 2388 735 2444 Pascet
763 2405 847 2443 eas
872 2404 1040 2442 servus
1065 2403 1202 2440 meus
1227 2385 1411 2439 David.
1445 2383 1566 2452 Ipse
1593 2392 1759 2453 pascet
1783 2399 1885 2436 eas.

309 2482 358 2536 0
383 2479 804 2537 commendanda
834 2479 949 2533 res!
990 2476 1112 2545 Ipse
1136 2485 1302 2546 pascet
1329 2491 1432 2528 eas.
1472 2473 1638 2528 Nemo
1668 2486 1725 2527 se
1751 2472 1892 2526 dicat

311 2586 534 2641 pascere
561 2580 755 2639 praeter
783 2569 987 2638 ipsum:
1015 2565 1137 2637 Ipse
1179 2575 1342 2636 pascet
1383 2581 1488 2619 eas.
1517 2564 1614 2632 Qui
1660 2564 1770 2617 vult
1796 2577 1892 2633 pa-

313 2678 494 2728 scere,
524 2661 582 2714 in
611 2661 702 2714 illo
733 2668 944 2730 pascat:
967 2659 1089 2728 quia
1119 2658 1226 2728 ipse
1253 2665 1419 2727 pascet
1439 2672 1545 2710 eas.
1573 2655 1707 2710 Deus
1739 2653 1894 2723 paulo

310 2761 439 2807 ante
466 2751 698 2814 dicebat,
729 2749 840 2822 Ego
870 2765 1072 2821 pascam
1093 2764 1110 2802 :
1131 2748 1287 2801 modo
1313 2747 1459 2811 dicit,
1477 2747 1581 2816 ipse
1602 2755 1768 2817 pascet
1787 2761 1890 2799 eas.

313 2843 660 2913 Respondeat
703 2843 882 2909 Filius,
928 2850 982 2897 et
1021 2841 1162 2895 dicat
1200 2839 1355 2894 nobis
1389 2856 1401 2892 :
1441 2839 1734 2907 Utrumque
1771 2851 1896 2892 vere

312 2938 515 2990 dictum
546 2945 656 2998 est;
687 2934 794 3006 Ego
823 2946 869 2988 et
898 2932 1056 2987 Pater
1079 2949 1235 2986 unum
1257 2947 1450 2985 smnus.
1489 2931 1588 2997 Qui
1610 2931 1757 2996 duit,
1786 2928 1896 2999 Ego

315 3043 557 3096 pascmn;
585 3042 687 3080 non
715 3025 968 3080 mentitur
1002 3022 1253 3087 dicendo;
1287 3021 1407 3092 Ipse
1443 3030 1611 3089 pascet
1645 3037 1663 3074 :
1699 3031 1896 3075 etcum

317 3120 470 3178 dicit.
499 3117 622 3189 Ipse
647 3127 846 3187 pascet;
864 3132 968 3171 non
987 3117 1241 3170 mentitur
1263 3113 1507 3178 dlCCTIdO,
1539 3111 1645 3182 Ego
1673 3128 1894 3181 pascam.

326 3208 450 3264 Non
476 3210 663 3274 credis,
694 3208 881 3278 inquit,
913 3207 1032 3273 quia
1065 3222 1152 3277 ego
1190 3207 1240 3258 in
1281 3203 1456 3268 Patre,
1495 3212 1541 3257 ct
1571 3202 1724 3256 Pater
1745 3204 1796 3256 in
1822 3219 1901 3257 me

319 3303 429 3354 est?
462 3299 718 3370 Philippe,
753 3300 838 3368 qui
859 3314 937 3352 me
956 3298 1096 3362 vidit,
1127 3296 1250 3350 vidit
1276 3304 1323 3351 et
1352 3293 1554 3348 Patrem
1581 3292 1754 3366 (Joan.
1785 3307 1897 3361 xw,

325 3392 410 3453 10,
440 3391 516 3461 9).
549 3391 714 3444 Recte
733 3390 942 3451 dicitur,
972 3388 1081 3459 Ego
1108 3403 1348 3458 pascam:
1378 3395 1520 3442 recte
1545 3385 1753 3447 dicitur.
1781 3382 1902 3455 Ipse

319 3490 510 3549 pascet.
553 3479 836 3533 Distinctio
866 3488 968 3545 est,
996 3493 1102 3532 non
1140 3477 1426 3547 separatio,
1455 3475 1481 3530 1
1487 3493 1572 3547 pse
1599 3487 1766 3547 pascet
1794 3492 1899 3530 eas.

321 3570 516 3634 biotite,
533 3583 683 3632 oves,
701 3582 1084 3637 expavescere;
1114 3583 1219 3622 non
1244 3567 1502 3637 relinquet
1527 3581 1621 3620 vos
1637 3567 1724 3636 qui
1747 3565 1900 3631 dixit,

323 3660 446 3729 Ipse
471 3669 641 3729 pascet
669 3675 772 3712 eas.
807 3659 947 3713 Dens
972 3658 1160 3727 pascit,
1188 3657 1344 3712 Pater
1363 3667 1416 3712 et
1444 3657 1608 3713 Filius
1649 3667 1703 3713 et
1732 3656 1903 3727 Spiri-

322 3763 407 3805 tus
442 3760 694 3804 sanctus:
725 3750 838 3819 ipse
863 3749 1001 3802 Deus
1031 3747 1213 3819 pascit.
1245 3747 1348 3804 Sed
1392 3748 1762 3818 distinguenda
1791 3754 1908 3801 erat

318 3843 490 3896 toﬁna
531 3841 708 3895 servi:
738 3855 842 3894 non
871 3839 1162 3909 separanda
1191 3849 1247 3895 et
1273 3839 1550 3895 alienanda
1580 3849 1633 3895 et
1660 3840 1716 3894 in.
1745 3839 1904 3893 aliam

320 3945 606 4001 personam
652 3929 1045 3985 constituenda.
1094 3929 1311 3999 Accepit
1344 3930 1395 3984 in
1426 3945 1484 3984 se
1513 3929 1730 3984 Creator
1753 3944 1905 3983 crea-

317 4033 518 4088 turam,
542 4036 651 4076 non
676 4029 912 4075 mutatus
931 4030 1012 4076 est
1035 4018 1255 4075 Creator
1275 4021 1326 4075 in
1348 4029 1676 4076 creaturam:
1703 4035 1908 4075 assum-

321 4114 430 4182 psit
451 4111 596 4181 quod
628 4126 735 4164 non
762 4119 897 4176 erat,
921 4125 1024 4164 non
1059 4111 1234 4165 amisit
1254 4111 1391 4181 quod
1417 4121 1550 4166 erat.

389 4202 624 4258 CAPUT
650 4201 767 4256 XI].
796 4203 972 4256 —2L
1016 4201 1227 4256 Deitatis
1255 4203 1422 4257 unitas
1441 4245 1455 4268 ,
1496 4213 1548 4257 et
1580 4220 1908 4274 personarum

317 4293 638 4346 distributio.
669 4291 922 4346 Πραίσιοι·
947 4291 1195 4358 Christus,
1219 4295 1486 4362 quomodo.
1513 4323 1586 4334 -—
1615 4293 1796 4349 Pasce!
1824 4309 1909 4350 eas

319 4399 496 4437 servus
514 4399 657 4436 meus
685 4381 870 4436 David.
896 4381 1017 4453 Ipse
1039 4393 1206 4454 pascet
1232 4401 1334 4450 eas,
1351 4393 1396 4437 et
1420 4386 1513 4438 erit
1541 4387 1611 4440 eis
1645 4387 1698 4439 in
1732 4395 1906 4455 pasto-

321 4490 434 4527 rem
471 4489 490 4526 :
531 4483 580 4528 et
618 4490 710 4544 ego
749 4473 997 4528 Dominus
1042 4491 1126 4528 ero
1163 4475 1265 4528 illis
1306 4477 1358 4530 in
1405 4475 1584 4529 Deum.
1614 4477 1905 4546 Attendite,

322 4562 519 4618 fratres
575 4581 590 4617 :
640 4563 815 4618 videte
865 4564 1120 4619 unitatem
1161 4564 1412 4631 deitatis,
1462 4575 1515 4621 et
1562 4581 1908 4637 personarum

324 4665 509 4708 tamen
548 4653 1015 4720 distributionem;
1043 4671 1110 4710 ne
1145 4655 1384 4711 dicamus
1410 4670 1532 4711 eum
1570 4672 1688 4712 esse
1717 4657 1910 4713 Filium

325 4746 420 4815 qui
449 4745 606 4800 Pater
643 4755 759 4812 est,
791 4755 883 4802 aut
917 4763 1040 4802 eum
1078 4761 1198 4802 esse
1237 4749 1442 4803 Patrem
1473 4751 1561 4819 qui
1603 4748 1770 4804 Filius
1807 4759 1906 4805 est.

330 4838 473 4891 Ecce
513 4836 677 4903 dixit,
708 4837 830 4906 Ipse
860 4847 1028 4906 pascet
1054 4853 1174 4902 eas;
1204 4839 1289 4908 qui
1320 4838 1475 4908 paulo
1515 4847 1638 4893 ante
1674 4839 1910 4909 dixerat,

329 4927 448 4998 Ego
492 4945 696 4998 pascam
726 4945 830 4982 eas.
874 4927 940 4983 Et
980 4930 1070 4982 erit
1097 4929 1198 4994 eis,
1222 4930 1409 4999 inquit,
1453 4930 1503 4982 in
1534 4939 1782 5000 pastorem
1812 4947 1830 4984 :
1866 4939 1912 4984 et

325 5036 427 5089 ego
446 5017 690 5073 Dominus
710 5035 798 5074 ero
814 5021 916 5074 illis
936 5021 988 5073 in
1012 5019 1190 5074 Deum.
1213 5021 1431 5090 Expone
1458 5021 1629 5083 nobis,
1653 5022 1872 5077 Domine
1894 5040 1908 5076 :

330 5123 496 5162 nemo
541 5123 726 5178 aquam
771 5110 978 5174 turbet;
1023 5109 1163 5180 quod
1212 5126 1401 5180 purum
1428 5120 1628 5175 manat
1669 5112 1736 5166 de
1780 5127 1913 5182 puro

330 5201 510 5274 fonte,
553 5209 815 5268 petemus.
862 5200 1000 5269 Quid
1045 5204 1187 5256 enim
1233 5204 1382 5272 quasi
1427 5204 1729 5273 singillatim
1772 5205 1913 5276 quod

328 5288 538 5354 dixisti,
565 5287 677 5343 Erit
712 5293 820 5360 ipse
855 5293 908 5345 in
938 5301 1220 5361 pastorem,
1249 5309 1340 5363 ego
1375 5309 1462 5349 ero
1491 5295 1543 5347 in
1570 5294 1764 5361 Deum;
1793 5305 1912 5350 tan-

329 5392 493 5447 quam
544 5378 655 5447 ipse
700 5379 771 5433 sit
811 5391 991 5450 pastor
1037 5391 1238 5448 noster,
1287 5391 1342 5436 tu
1393 5382 1467 5438 sis
1511 5383 1651 5439 Dens
1697 5386 1912 5440 noster?

330 5468 534 5534 Quare,
562 5469 800 5534 Domine,
831 5481 884 5524 tu
929 5486 1032 5525 non
1070 5486 1129 5526 es
1160 5482 1338 5543 pastor
1366 5481 1568 5540 noster,
1598 5483 1652 5529 et
1691 5475 1778 5530 ille
1807 5491 1912 5531 non

332 5566 420 5611 est
449 5557 589 5612 Deus
615 5562 836 5614 noster?
865 5561 1172 5632 Tranquille
1196 5565 1339 5629 audi,
1370 5573 1486 5619 esto
1509 5576 1817 5623 mansuetus
1845 5568 1912 5624 ad

336 5646 659 5704 audiendum
692 5650 909 5706 verbum
931 5692 948 5718 ,
980 5661 1034 5706 ut
1076 5654 1354 5726 intelligas.
1388 5655 1544 5713 Forte
1575 5658 1716 5714 enim
1755 5659 1913 5716 modo

1669 277 1899 332 suum)
1943 268 2143 330 XLVII.

3443 268 3566 324 3m.

1978 389 2122 443 audit
2158 403 2242 443 me
2287 388 2459 460 aliqua
2499 386 2642 443 auris
2674 385 2880 443 diversa
2919 383 3173 449 sentiens,
3207 390 3261 438 et
3301 381 3564 438 haeretico-

1979 495 2185 533 vencno
2217 475 2498 546 labefacta,
2528 487 2584 535 et
2609 477 2793 535 irridet
2831 491 2914 532 me
2939 476 3226 541 dicentem,
3260 474 3468 529 Patrem
3499 485 3552 528 et

1979 569 2166 624 Filium
2201 584 2359 623 unum
2394 569 2593 636 Deum;
2621 584 2740 623 cum
2767 584 2871 622 non
2903 566 3117 621 irrideat
3146 574 3222 620 tot
3252 563 3414 620 millia
3445 563 3554 620 fra—

1980 670 2118 715 trum
2146 659 2454 714 habentium
2482 659 2712 713 animam
2743 673 2900 712 unam
2929 658 3062 721 (Act.
3093 673 3163 723 tv,
3192 655 3284 728 52)
3317 665 3406 710 :et
3426 656 3563 710 dicit-

1978 751 2130 818 mihi,
2179 751 2318 819 Ecce
2365 759 2547 821 aperte
2589 751 2730 805 Deus
2767 750 2915 817 dicit,
2956 749 3069 802 Erit
3109 749 3179 804 eis
3213 749 3268 802 in
3303 757 3555 819 pastorem

1979 859 2148 898 servus
2172 861 2310 899 meus
2333 843 2516 909 David,
2539 857 2696 914 quem
2722 853 2774 897 ttt
2798 843 2908 912 ipse
2934 840 3200 897 Christum
3227 839 3558 904 intellexisti,

1981 951 2081 990 nec
2102 937 2256 992 aliter
2285 942 2460 1006 potest
2484 935 2706 1004 intelligi
2736 953 2751 989 :
2780 936 3042 988 rationem
3083 931 3223 986 enim
3254 928 3556 994 reddidisti,

1982 1025 2098 1080 haec
2123 1041 2240 1082 esse
2283 1027 2445 1094 dicta,
2475 1041 2596 1082 cum
2618 1027 2727 1094 jam
2765 1025 3051 1079 dormisset
3080 1022 3241 1077 David
3272 1041 3287 1078 :
3314 1022 3566 1078 Christus

1983 1131 2109 1188 ergo
2133 1118 2226 1172 erit
2251 1120 2322 1172 eis
2351 1120 2400 1169 in
2431 1127 2711 1188 pastorem;
2737 1125 2781 1169 et
2810 1131 2901 1183 ego
2929 1113 3194 1179 Dominus,
3223 1115 3318 1180 ait,
3347 1128 3434 1166 ero
3457 1111 3567 1166 illis

1984 1209 2035 1262 in
2066 1207 2264 1272 Deum;
2303 1207 2391 1262 ille
2431 1207 2482 1260 in
2527 1215 2826 1277 pastorem,
2874 1204 2960 1258 ille
3000 1204 3053 1257 in
3090 1204 3279 1258 Deum.
3316 1203 3393 1257 Tu
3432 1217 3562 1271 ergo

1986 1297 2114 1353 mihi
2137 1313 2344 1367 expone
2365 1297 2488 1368 quid
2513 1306 2614 1362 est,
2638 1293 2748 1368 Ego
2779 1313 2978 1366 pascam
3000 1296 3025 1350 2
3044 1294 3171 1362 Quis
3194 1294 3424 1361 dicebat,
3449 1293 3561 1366 Ego

1987 1389 2236 1459 pascam?
2275 1387 2432 1442 Certe
2473 1387 2614 1441 Deus
2652 1387 2876 1455 loquens
2917 1386 3144 1452 dicebat,
3177 1384 3289 1456 Ego
3334 1401 3559 1457 pascam.

1943 1533 1948 1537 .
1986 1479 2262 1546 Quomodo
2307 1493 2412 1532 non
2451 1481 2717 1547 separavit
2743 1476 3014 1531 Christum
3045 1491 3074 1530 a
3114 1475 3402 1545 pascendo,
3439 1490 3558 1530 cum

1987 1573 2209 1639 diceret,
2243 1569 2351 1642 Ego
2380 1587 2583 1640 pascam
2614 1585 2631 1624 :
2661 1570 2736 1624 sic
2779 1585 2884 1624 non
2925 1569 3190 1636 separavit
3216 1567 3485 1622 Christum
3533 1582 3562 1619 a

1987 1662 2201 1723 deitate,
2229 1677 2347 1715 cum
2371 1661 2592 1726 diceret,
2625 1659 2735 1731 Ego
2758 1659 2916 1714 Deus.
2947 1659 3082 1714 Ecce
3108 1666 3288 1727 pastor
3310 1667 3391 1712 est
3415 1656 3566 1712 Chri-

1989 1761 2120 1816 stus,
2140 1762 2318 1820 pastor
2339 1759 2420 1805 est
2445 1761 2497 1804 et
2528 1751 2701 1804 Pater.
2729 1747 2818 1804 Sic
2845 1750 2982 1802 Deus
3006 1758 3087 1803 est
3115 1749 3288 1814 Pater,
3322 1748 3461 1802 Deus
3487 1757 3582 1802 est.

1989 1852 2044 1900 et
2069 1843 2335 1898 Christus.
2363 1842 2511 1897 Sicut
2537 1857 2567 1896 a
2599 1849 2811 1912 pastore
2841 1839 3051 1894 Christo
3082 1855 3187 1894 non
3219 1854 3436 1909 separas
3466 1839 3576 1893 Pa-

1991 1946 2160 2002 trem,
2191 1936 2269 1991 sic
2305 1951 2337 1990 a
2362 1936 2474 1990 Deo
2499 1935 2653 1990 Patre
2690 1949 2797 1988 non
2832 1948 3046 2003 separes
3081 1931 3368 1988 Christum.
3403 1931 3571 1987 liabet

1989 2045 2111 2087 cum
2151 2026 2286 2084 Filio
2325 2027 2483 2082 Pater
2514 2026 2761 2096 pascendi
2810 2025 3224 2089 miserationem,
3260 2022 3593 2078 habet-cum

1991 2122 2146 2177 Patre
2170 2119 2335 2174 Filius
2366 2117 2653 2174 divinitatis
2677 2117 3050 2187 aequalitatem.
3073 2114 3179 2171 Sed
3205 2115 3304 2170 nisi
3334 2115 3404 2169 ita
3428 2115 3571 2170 diee-

1993 2217 2074 2266 ret
2091 2250 2104 2274 ,
2135 2218 2351 2279 putares
2377 2223 2497 2264 eum
2527 2221 2646 2263 esse
2673 2206 2883 2262 Patrem
2913 2205 3002 2275 qui
3030 2214 3114 2261 est
3140 2205 3324 2262 Filius.
3355 2205 3494 2276 Ergo
3521 2216 3576 2261 et

1993 2299 2060 2354 ad
2091 2300 2342 2354 unitatem
2387 2296 2600 2353 deitatis
2635 2305 2688 2352 te
2709 2295 3008 2359 admonuit,
3037 2306 3091 2350 et
3128 2296 3194 2352 ad
3228 2311 3572 2368 personarum

1995 2391 2417 2446 distributionem
2450 2405 2464 2443 :
2493 2397 2550 2444 ut
2573 2388 2714 2460 quod
2741 2388 2894 2453 dicit,
2924 2386 3046 2460 Ipse
3071 2397 3268 2459 pascet,
3301 2396 3347 2442 et
3374 2404 3463 2459 ego
3491 2405 3590 2443 ero

1995 2483 2097 2538 illis
2123 2483 2175 2536 in
2207 2480 2393 2547 Deum,
2425 2494 2534 2536 non
2559 2495 2618 2536 se
2656 2493 2910 2550 separans
2939 2493 2966 2533 a
3003 2479 3138 2534 Filio
3168 2480 3446 2550 pascente,
3479 2495 3576 2534 nec

1997 2573 2186 2627 Filium
2212 2586 2466 2642 separans
2488 2586 2516 2625 a
2543 2584 2602 2626 se
2627 2569 2954 2636 dominante,
2981 2577 3036 2624 et
3063 2569 3115 2624 in
3139 2569 3294 2626 Patre
3319 2569 3602 2640 intelligas

1999 2661 2166 2717 Deum
2193 2661 2404 2728 Filium,
2436 2669 2492 2717 et
2516 2661 2570 2716 in
2600 2660 2736 2716 Filio
2766 2660 3028 2731 intelligas
3058 2667 3321 2730 pastorem
3343 2660 3575 2716 Patrem.

1999 2752 2131 2824 Ego,
2156 2752 2342 2822 inquit,
2372 2751 2616 2806 Dominus
2641 2768 2726 2806 ero
2748 2752 2850 2806 illis
2878 2752 2930 2805 in
2962 2750 3144 2818 Deum,
3171 2761 3221 2807 et
3247 2767 3416 2806 servus
3443 2768 3602 2804 meus~

1999 2841 2168 2897 David
2188 2844 2428 2914 princeps
2442 2843 2495 2895 in
2515 2842 2678 2897 medio
2691 2858 2888 2896 eorum.
2911 2841 3084 2909 Quare
3113 2842 3164 2896 in
3190 2841 3351 2896 medio
3370 2858 3538 2896 eorum
3555 2843 3589 2896 ἓ·

2001 2935 2133 3004 Quia
2173 2934 2387 2989 Verbum
2425 2949 2545 2988 caro
2580 2933 2771 3003 factum
2821 2944 2914 2998 est,
2966 2943 3013 2988 et
3051 2932 3292 2988 habitavit
3333 2934 3387 2988 in
3439 2933 3594 2990 nobis-

2004 3026 2179 3100 (Joan.
2211 3041 2248 3092 t,
2279 3025 2389 3096 14).
2421 3023 2666 3096 Princeps
2707 3026 2759 3080 in
2801 3027 2964 3080 medio
2999 3042 3189 3080 eorum.
3223 3025 3349 3083 Inde
3379 3035 3433 3082 et
3463 3043 3587 3084 me-

2003 3117 2176 3172 diator
2210 3116 2304 3172 Dei
2342 3124 2399 3172 et
2423 3116 2734 3183 hominum;
2772 3117 2895 3188 quia
2926 3116 3068 3172 Deus
3104 3132 3225 3173 cum
3255 3118 3430 3185 Patre,
3459 3124 3580 3191 quia

2004 3207 2166 3263 homo
2206 3223 2328 3264 cum
2370 3207 2692 3264 hominibus.
2735 3207 2850 3263 Non
2891 3208 3153 3264 mediator
3195 3209 3357 3267 homo
3395 3222 3588 3280 praeter

2003 3299 2288 3367 deitatem;
2330 3314 2434 3354 non
2473 3299 2735 3355 mediator
2774 3300 2913 3355 Deus
2953 3309 3145 3370 praeter
3181 3299 3584 3357 humanitatem.

2005 3393 2146 3449 Ecce
2186 3391 2446 3448 mediator
2485 3408 2499 3447 :
2549 3391 2804 3446 Divinitas
2844 3391 2961 3446 sine
2999 3391 3327 3447 humanitate
3367 3408 3471 3446 non
3505 3403 3588 3449 est

2007 3483 2304 3548 mediatrix,
2337 3482 2636 3538 humanitas
2671 3482 2788 3536 sine
2823 3481 3096 3537 divinitate
3129 3497 3234 3536 non
3264 3488 3346 3537 est
3389 3481 3590 3536 media-

2009 3574 2152 3640 trix;
2199 3573 2292 3630 sed
2342 3573 2483 3630 inter
2521 3573 2846 3628 divinitatem
2891 3572 3059 3627 solam
3103 3587 3158 3627 et
3205 3572 3588 3628 humanitatem

2007 3666 2173 3722 solam
2192 3665 2520 3734 ,mediatrix
2553 3672 2637 3721 est
2661 3663 2889 3719 humana
2919 3663 3166 3720 divinitas
3197 3672 3252 3722 et
3276 3664 3453 3720 divina
3484 3664 3588 3720 hu-

2008 3759 2235 3815 manitas
2257 3757 2474 3813 Christi.

2078 3889 2302 3947 CAPUT
2330 3887 2478 3944 XIII-
2497 3919 2568 3930 —
2595 3888 2662 3944 Et
2697 3903 2870 3943 servus
2899 3903 3040 3942 meus
3073 3886 3240 3942 David
3276 3889 3508 3960 princeps
3534 3888 3589 3940 in

2009 3981 2173 4035 medio
2214 3996 2406 4034 eorum.
2431 3978 2544 4049 Ego
2573 3978 2819 4033 Dominus
2847 3980 3052 4033 locutus.
3079 3994 3194 4032 sum
3221 3993 3242 4032 :
3269 3993 3373 4032 non
3413 3978 3590 4033 nescio

2012 4073 2128 4144 quis
2154 4073 2454 4127 haereticus.
2481 4071 2591 4142 Ego
2615 4071 2862 4126 Dominus
2890 4070 3084 4126 locutus
3114 4087 3244 4125 sum.

2079 4202 2172 4259 22.
2193 4203 2561 4259 Testamentum
2607 4206 2764 4274 pacis.
2816 4203 3132 4260 Testamenta
3157 4206 3590 4260 schismaticorum

2006 4295 2156 4351 irrita
2203 4311 2292 4364 per
2336 4295 2695 4363 imperatorum
2743 4295 2894 4366 leges.
2949 4295 3244 4367 Scripturas
3281 4313 3334 4352 se
3370 4296 3432 4351 ab
3475 4298 3592 4368 igne

2012 4400 2231 4440 servasse
2251 4386 2449 4455 jactant
2477 4383 2919 4441 Donatista—Et
2942 4386 3206 4458 disponant
3232 4389 3300 4442 ad
3327 4406 3409 4443 eos
3437 4399 3592 4444 testa-

2013 4488 2232 4531 mentum
2259 4479 2396 4548 pocis
2422 4495 2440 4532 :
2461 4493 2558 4550 per
2583 4479 2754 4549 ipsum
2780 4482 2960 4552 utique
2979 4483 3066 4552 qui
3087 4483 3181 4547 ait,
3212 4481 3399 4538 Pacem
3427 4502 3590 4539 meam

2014 4568 2079 4621 do
2099 4569 2253 4631 vobis,
2281 4585 2454 4640 pacem
2503 4587 2663 4624 meam
2702 4572 2928 4640 relinquo
2977 4573 3111 4627 vobis
3135 4573 3311 4646 (Joan.
3340 4591 3449 4641 xtv,
3474 4575 3589 4647 27).

2015 4659 2124 4715 Hoc
2141 4670 2220 4715 est
2244 4667 2615 4716 testamentum
2640 4663 2804 4732 patris
2822 4664 3008 4729 nostri,
3034 4674 3401 4721 testamentum
3426 4669 3599 4736 pacis.

2015 4750 2271 4818 Quaelibet
2319 4751 2600 4806 hatreditas
2641 4753 2903 4808 dividatur
2943 4755 3082 4810 inter
3118 4769 3413 4822 consortes,
3451 4761 3592 4827 pacis

2017 4840 2298 4896 hatreditas
2326 4840 2488 4895 dividi
2516 4856 2621 4896 non
2652 4851 2842 4911 potest.
2874 4843 2982 4898 Pax
3011 4855 3192 4901 nostra
3214 4847 3458 4902 Christus
3487 4859 3588 4904 est.

2018 4929 2124 4986 Pax
2152 4929 2277 4985 facit
2314 4939 2536 5000 utraque
2565 4947 2747 4998 unum,
2787 4948 2892 4988 non
2925 4933 3032 4988 duo
3060 4935 3126 4992 de
3154 4952 3278 4990 uno.
3309 4936 3434 5009 Ipse
3460 4939 3599 4992 enim

2019 5039 2120 5092 paa:
2134 5029 2323 5085 nostra,
2346 5020 2501 5088 dixit,
2523 5023 2607 5093 qui
2626 5022 2742 5091 fecit
2758 5033 2966 5096 utraque
2989 5042 3141 5079 unum
3162 5027 3372 5097 (Ephes.
3399 5044 3455 5097 tt,
3481 5030 3589 5097 14).

2019 5111 2415 5166 Testamentum
2457 5111 2548 5166 Dei
2585 5119 2687 5179 est,
2716 5111 2997 5168 hzereditas
3033 5129 3130 5185 pax
3159 5125 3260 5170 est.
3292 5118 3335 5172 Α
3362 5133 3590 5174 concor-

2017 5203 2173 5259 dibus
2199 5204 2532 5259 consortibus
2553 5205 2903 5277 possideatur,
2928 5223 3034 5263 non
3060 5223 3092 5263 a
3117 5208 3440 5281 litigantibus
3460 5212 3596 5267 divi-

2019 5293 2194 5348 datur.
2218 5292 2286 5347 Et
2309 5295 2572 5365 disponam
2599 5294 2667 5349 ad
2688 5312 2771 5350 eos
2797 5306 3141 5352 testamentum
3168 5301 3322 5370 pacis.
3349 5300 3589 5373 Vigilate.

2020 5383 2283 5452 lueretici,
2314 5383 2490 5439 audite
2518 5401 2547 5439 a
2578 5395 2790 5456 pastore
2819 5396 3185 5444 testamentum
3219 5391 3381 5458 pacis,
3417 5395 3594 5452 venite

2019 5473 2085 5529 ad
2117 5490 2320 5545 pacem.
2350 5473 2640 5530 Irascimiui
2678 5476 2978 5532 chrisnanis
3008 5479 3442 5550 imperatoribus,
3471 5488 3593 5555 quia

2021 5575 2334 5622 testamenta
2353 5576 2525 5622 vestra
2544 5569 2716 5624 valere
2737 5570 3017 5625 noluerunt
3037 5570 3090 5626 in
3111 5571 3353 5630 dentibus
3369 5580 3556 5633 vestris
3571 5594 3596 5634 ι

2028 5660 2200 5716 videte
2225 5675 2380 5730 quam
2413 5659 2565 5730 digna
2599 5663 2663 5715 sit
2696 5677 2865 5731 poena.
2899 5664 2960 5718 Et
2991 5663 3112 5735 quid
3145 5674 3224 5721 est
3252 5666 3391 5738 quod
3431 5677 3596 5727 testa-
