3938 6186
385 370 481 431 δη

388 499 628 546 mentum
656 496 897 547 vestrum
923 500 1030 541 non
1057 482 1194 538 valet
1222 481 1275 537 in
1299 478 1458 536 domo
1486 488 1659 534 Vestra
1693 479 1768 551 (a)
1788 479 1812 532 ἲ
1836 478 1973 547 Quid

384 580 509 634 est?
537 587 790 650 quantum
813 575 933 632 est?
960 574 1118 630 Dolor
1144 572 1245 629 iste
1281 569 1570 627 admonitio
1592 578 1705 637 est,
1739 570 1971 623 nondum

326 658 350 680 ’
389 668 679 724 damnatio.
704 666 885 724 Voluit
909 666 1051 723 enim
1076 666 1215 720 Deus
1238 662 1465 733 compati
1493 669 1807 717 testamento
1829 660 1973 731 pacis

390 775 520 815 sine.
553 758 819 816 Condoles
849 767 1166 815 testamento
1194 766 1305 821 tuo,
1335 754 1380 809 si
1409 770 1512 810 non
1552 762 1657 809 stet
1685 761 1975 808 testamen-

386 862 499 904 tum
532 858 678 904 tuum
708 850 761 903 in
804 850 963 904 domo
989 858 1095 903 tua.
1123 846 1283 903 Certe
1318 845 1607 899 moriturus
1634 858 1722 909 es,
1764 852 1818 898 et
1845 842 1973 913 quid

384 948 574 1011 agatur
598 941 651 995 in
677 939 765 995 illa
793 938 954 995 domo
976 948 1155 1008 postea
1183 937 1508 992 neseiturus.
1534 932 1597 988 In
1622 933 1714 988 illa
1734 933 1867 988 enim
1890 933 1973 987 die

384 1034 599 1104 parient,
624 1031 812 1101 inquit,
835 1046 1004 1085 omnes
1023 1028 1347 1098 cogitationes
1370 1027 1479 1094 ejus
1499 1024 1669 1099 (Psal.
1693 1039 1854 1089 CXLV,
1873 1023 1931 1094 4)
1954 1042 1968 1078 :

385 1136 431 1178 et
469 1141 568 1178 non
610 1130 874 1195 cognoscet
909 1121 1128 1193 amplius
1162 1121 1329 1175 locum
1357 1137 1504 1174 suum
1527 1117 1695 1191 (Psal.
1727 1134 1820 1184 cn,
1855 1116 1968 1191 16).

384 1214 501 1269 Non
540 1229 667 1283 ergo
710 1216 939 1266 sciturus
976 1210 1100 1282 quid
1129 1219 1306 1279 postea
1350 1218 1535 1280 agatur
1575 1209 1627 1264 in
1657 1207 1817 1263 domo
1856 1215 1967 1275 tua,

383 1320 505 1358 mm
553 1311 792 1358 mortuus
836 1301 1030 1367 fueris;
1077 1300 1225 1356 doles
1265 1310 1439 1355 tamen
1480 1313 1587 1355 non
1630 1308 1772 1355 stare
1807 1307 1970 1354 testa-

384 1402 620 1448 mentum
653 1403 798 1448 tuum
842 1392 893 1447 in
920 1392 1081 1447 domo
1110 1399 1218 1446 tua.
1251 1390 1490 1447 Christus
1524 1399 1762 1446 mortuus
1787 1406 1969 1447 resur-

384 1485 546 1548 rexit,
573 1484 642 1539 de
680 1483 816 1540 caelo
858 1486 1110 1554 respexit,
1151 1492 1206 1537 ut
1243 1491 1347 1537 stet
1376 1490 1745 1537 testamentum
1782 1482 1966 1553 ipsius.

386 1577 588 1647 Evigila
634 1591 698 1632 ex
746 1574 929 1631 dolore
977 1584 1102 1641 tuo,
1151 1574 1418 1644 corrigere
1462 1590 1525 1629 ex
1569 1575 1803 1629 cruciatu
1854 1582 1966 1630 tuo.

383 1668 551 1738 Ligno
580 1668 720 1723 male
744 1683 906 1723 curvo
932 1667 1070 1722 nosti
1096 1668 1325 1721 calorem
1349 1665 1523 1720 solere
1544 1665 1782 1721 adhiberi
1808 1678 1821 1719 :
1852 1681 1971 1721 cor-

374 1758 518 1826 rigat
549 1765 603 1811 te
627 1755 781 1811 dolor
806 1757 936 1822 istc,
969 1756 1201 1810 nondum
1232 1765 1313 1809 est
1341 1754 1550 1809 [latonia
1591 1754 1725 1824 ignis
1752 1755 1963 1819 teterni,

385 1860 634 1918 tanquam
670 1846 818 1902 calor
852 1845 952 1900 foci
992 1857 1076 1901 cst
1109 1846 1351 1900 admotus
1380 1860 1541 1899 curvo
1578 1845 1725 1900 cordi
1766 1853 1874 1912 tuo,
1915 1857 1971 1900 ut

386 1938 510 1993 hinc
558 1937 903 1993 admoneatur
942 1947 997 1992 et
1037 1936 1349 2007 corrigatur.
1376 1936 1544 2010 .Dole,
1568 1951 1783 2005 prorsus
1825 1947 1969 1992 recte

382 2028 553 2093 doles,
601 2043 709 2083 non
756 2036 895 2082 stare
947 2035 1318 2083 testamentum
1361 2035 1505 2080 tuum
1552 2026 1604 2080 in
1653 2025 1813 2081 domo
1857 2036 1964 2081 tua.

384 2122 582 2176 Domus
612 2120 725 2187 Dei,
753 2135 847 2175 eor
876 2128 1022 2174 tuum
1062 2126 1162 2173 est.
1194 2117 1249 2174 Si
1284 2117 1362 2172 vis
1390 2117 1566 2172 valere
1595 2124 1966 2172 testamentum

382 2224 530 2269 tuum
558 2216 608 2270 in
634 2214 795 2269 domo
822 2222 929 2277 tua,
958 2227 1123 2283 quare
1153 2226 1257 2265 non
1288 2211 1365 2265 vis
1391 2211 1566 2266 valere
1594 2220 1969 2269 testamentum

372 2305 475 2360 Dei
517 2305 569 2359 in
616 2305 778 2360 domo
812 2303 943 2358 sua?
978 2303 1206 2358 Dimittis
1250 2303 1370 2358 [iliis
1406 2303 1508 2358 tuis
1540 2304 1787 2373 parietes,
1831 2313 1885 2359 et
1921 2305 1967 2360 si

379 2395 539 2452 aliter
580 2396 717 2450 ﬁlios
754 2403 874 2450 tuos
911 2395 1171 2449 divisuros
1210 2394 1442 2460 noveris,
1487 2410 1642 2463 quam
1685 2404 1741 2449 tu
1781 2395 1967 2466 dispo-

380 2488 575 2551 sueris,
616 2486 785 2541 doles.
829 2487 903 2540 De
940 2501 1045 2540 una
1090 2468 1250 2538 domo
1287 2484 1559 2552 vilissima,
1581 2485 1648 2541 de
1678 2494 1817 2541 tecto
1855 2488 1966 2543 rui-

380 2566 805 2646 turo,'quantam
836 2592 1017 2631 curam
1059 2575 1244 2641 habes,
1276 2584 1527 2646 quantam
1556 2576 1964 2633 sollicitudinem

379 2668 657 2738 concipis?
703 2665 1158 2735 Quemadmodum
1200 2664 1507 2721 ardentibus
1545 2664 1799 2733 febribus,
1842 2684 1965 2736 pre-

374 2761 547 2816 menti
595 2760 815 2822 morbo,
860 2758 963 2829 ipsi
999 2758 1157 2812 morti
1178 2758 1383 2827 urgenti
1429 2757 1665 2824 resistis,
1711 2767 1963 2827 quantum

380 2863 553 2928 potes,
580 2854 836 2909 anhelans
864 2852 1022 2907 verba
1053 2861 1308 2917 extrema,
1345 2858 1401 2905 ut
1430 2850 1649 2920 impleas
1681 2859 1966 2905 testamen-

380 2946 532 3002 tum?
554 2946 694 3016 Quot
721 2944 1055 3015 jurisperitos
1094 2943 1348 3008 consolis,
1385 2952 1609 3012 quantas
1642 2940 1876 3009 fraudes,
1906 2948 1966 2997 ut

378 3039 484 3086 stet
520 3038 890 3086 testamentum
923 3038 1066 3084 tuum
1103 3036 1285 3082 contra
1317 3028 1484 3097 ipsam
1526 3026 1694 3096 legem
1728 3025 1962 3095 Impera-

378 3123 532 3191 toris,
563 3123 823 3194 inquiris‘!
852 3123 925 3177 De
954 3121 1195 3191 proximo
1222 3120 1312 3175 tibi
1340 3119 1626 3188 respondet
1651 3119 1813 3185 Deus,
1844 3117 1962 3175 Noli

379 3213 596 3268 fraudes
617 3228 876 3283 quaerere,
896 3212 1005 3267 noli
1030 3210 1382 3266 ealumniosas
1403 3208 1655 3265 formulas
1675 3210 1921 3279 aucupari
1944 3228 1956 3264 :

377 3305 459 3359 vis
487 3314 627 3360 stare
654 3303 1025 3359 testamenlutn
1054 3301 1233 3357 tuum?
1257 3300 1371 3356 Stet
1398 3301 1450 3356 in
1482 3311 1534 3355 te
1554 3316 1752 3356 meum.
1783 3300 1958 3367 Doles,

378 3397 501 3468 quia
539 3396 941 3467 acquisitiouem
979 3404 1119 3449 tuam
1152 3393 1289 3449 tollit
1326 3392 1480 3455 alius,
1510 3406 1666 3461 quem
1693 3391 1910 3447 nolebas
1940 3406 1958 3449 :

378 3487 503 3558 quid
522 3486 588 3542 de
609 3487 914 3541 haereditate
932 3500 1047 3540 mea
1065 3494 1170 3540 tam
1191 3486 1319 3549 lata,
1340 3494 1443 3539 tam
1466 3484 1572 3553 pia?
1587 3482 1653 3536 In
1668 3484 1855 3537 semine
1873 3493 1960 3538 tuo

377 3578 731 3634 benedicentur
771 3594 941 3633 omnes
981 3587 1147 3649 gentes
1186 3575 1336 3648 (Gen.
1377 3591 1512 3639 χχιι,
1555 3575 1641 3647 l8)
1669 3594 1682 3629 :
1715 3575 1832 3630 Dixi
1858 3589 1960 3647 ego

378 3685 535 3726 servo
564 3685 711 3736 meo,
744 3669 872 3724 dicit
903 3668 993 3723 tibi
1026 3668 1166 3723 Deus
1185 3710 1200 3735 ,
1234 3675 1286 3722 ct
1309 3666 1534 3722 credidit
1562 3681 1680 3720 cum
1714 3664 1832 3723 haec
1852 3681 1961 3721 non

378 3760 627 3815 videret:
667 3769 723 3814 tu
751 3760 921 3827 vides,
966 3768 1020 3815 et
1060 3772 1240 3829 negas.
1280 3758 1416 3812 Ecce
1443 3757 1528 3811 ille
1567 3755 1763 3813 factum
1801 3764 1962 3811 testa-

379 3860 616 3906 mentum
660 3852 907 3915 servavit,
951 3859 1006 3906 tu
1048 3858 1286 3920 apertum
1327 3846 1600 3902 discindis.
1632 3845 1782 3902 Tunc
1817 3847 1962 3903 enim

381 3952 755 4023 testamentum
781 3952 1048 4001 servatum
1074 3950 1175 4006 est,
1197 3939 1410 4012 quando
1433 3938 1668 3993 auditum
1687 3946 1805 3994 est:
1838 3948 1964 3994 tunc

381 4048 623 4111 apertum
651 4045 759 4100 est.
793 4035 1003 4108 quando
1032 4034 1310 4105 impletum
1341 4041 1443 4089 est.
1470 4030 1653 4102 Usque
1675 4031 1743 4087 ttd
1774 4046 1963 4088 manus

380 4141 499 4186 tuas
520 4137 786 4186 servatum
812 4137 895 4185 est
920 4134 1316 4183 testamentum.
1337 4121 1495 4180 Certe
1516 4121 1685 4180 turres
1703 4121 1784 4177 vis
1804 4137 1959 4178 esse:

385 4221 638 4292 numquid
652 4221 729 4275 sic
746 4228 916 4275 tecum
930 4216 1199 4289 contendit
1212 4215 1451 4271 cohaeres
1470 4225 1606 4279 tuus,
1625 4223 1683 4269 ttt
1695 4213 1831 4270 dicat
1846 4213 1960 4283 tibi,

378 4311 531 4369 Tolle
549 4311 702 4367 istam
723 4318 1053 4381 partem,cgo
1070 4308 1234 4375 illam;
1250 4316 1362 4376 aut,
1382 4306 1531 4361 Tolle
1553 4316 1607 4361 tu
1623 4313 1966 4374 tntnorem,et

382 4417 484 4475 ego
507 4401 806 4473 majorem?
825 4400 939 4455 Non
961 4399 1107 4460 dicit.
1130 4398 1299 4454 Simul
1318 4397 1614 4453 dividamus
1632 4410 1647 4448 :
1663 4397 1779 4464 sed,
1796 4398 1963 4453 Simul

382 4492 691 4549 habeamus.
711 4490 824 4546 Hoc
852 4490 991 4545 enim
1019 4488 1184 4543 voluit
1211 4488 1297 4557 qui
1339 4497 1559 4543 testatus
1585 4489 1879 4558 est.Aperi,
1909 4496 1963 4543 et

384 4588 518 4656 lege.
547 4583 611 4638 Et
637 4583 835 4638 clamas
859 4600 871 4634 :
901 4579 978 4635 Ne
1002 4578 1392 4644 incenderetur,
1416 4592 1516 4649 ego
1538 4574 1660 4639 feci;
1703 4593 1770 4634 ne
1791 4577 1965 4633 incen-

384 4676 622 4740 deretur,
652 4686 750 4744 ego
787 4670 1013 4726 servavi.
1054 4668 1130 4724 Ne
1169 4667 1558 4733 incenderetur,
1607 4677 1658 4722 tu
1698 4667 1965 4728 servasti?

384 4766 549 4837 Aperi
575 4774 631 4820 et
656 4763 776 4820 vide
801 4762 924 4834 quia
950 4759 1089 4816 unde
1115 4758 1475 4815 incendereris
1500 4755 1720 4814 servasti
1745 4776 1760 4814 :
1782 4774 1968 4830 quani-

388 4860 469 4915 vis
498 4867 548 4914 te
574 4869 814 4914 servasse
836 4853 973 4909 absit
999 4862 1057 4907 ut
1085 4851 1328 4919 credam,
1357 4866 1514 4922 quem
1543 4849 1696 4911 video
1721 4866 1825 4907 non
1852 4865 1967 4905 ser-

386 4965 513 5006 vare
537 4947 680 5023 quod
704 4947 874 5017 jubet.
908 4945 976 5001 Et
1000 4960 1184 5016 ponam
1215 4943 1282 4997 ad
1320 4959 1400 4997 «οδ
1431 4952 1777 4998 testamentum
1804 4943 1964 5013 pacis.

456 5040 683 5099 CAPUT
712 5038 849 5096 XIV.
867 5066 939 5079 -—
961 5036 1049 5093 25.
1081 5034 1336 5091 llabitatio
1361 5044 1406 5088 et
1431 5035 1567 5106 quies
1589 5035 1638 5090 in
1659 5052 1822 5089 eremo
1840 5052 1968 5090 con-

376 5131 625 5191 scientias.
647 5161 720 5173 —-
744 5130 809 5186 Et
842 5128 1182 5185 exterminabo
1213 5125 1395 5180 bestias
1422 5126 1578 5181 malas
1608 5142 1639 5178 a
1677 5136 1829 5180 terra.
1862 5124 1966 5179 Be-

384 5228 547 5292 stfas,
580 5224 761 5279 hostes
797 5219 1097 5276 testamenti
1131 5218 1294 5288 pacis.
1325 5217 1399 5271 De
1426 5216 1540 5271 istis
1568 5216 1750 5271 besnis
1777 5215 1969 5271 dicitur

387 5316 441 5369 in
470 5314 702 5377 Psalmo,
731 5308 950 5380 Increpa
972 5312 1104 5379 feras
1126 5306 1307 5361 calami
1329 5303 1498 5380 (Psnl.
1524 5321 1680 5368 van,
1705 5305 1816 5376 3i).
1833 5300 1970 5372 Quid

388 5414 495 5463 est.
539 5404 673 5475 feras
709 5398 938 5455 calami?
980 5396 1183 5451 Bestias
1224 5393 1552 5448 adversarias
1590 5401 1784 5447 sanctae
1826 5393 1971 5446 Scri-

391 5502 596 5563 plur-.e;
627 5492 750 5563 quia
801 5489 1006 5545 calamo
1042 5485 1252 5556 scripta:
1299 5492 1440 5538 sunt.
1494 5482 1848 5537 Extcrminab'o
1884 5483 1968 5537 be-

389 5583 512 5635 stius
540 5582 698 5635 malas
720 5597 751 5634 a
777 5588 910 5635 terra
937 5594 956 5632 :
981 5586 1025 5632 et
1052 5574 1341 5631 habitabant
1371 5575 1421 5628 in
1447 5589 1608 5628 eremo
1632 5574 1682 5627 in
1703 5589 1807 5643 spe.
1836 5572 1971 5640 Quid

390 5683 493 5736 est,
522 5675 573 5725 in
602 5673 809 5727 eremo?
836 5671 893 5726 In
923 5669 1225 5726 solitudine.
1256 5666 1392 5735 Quid
1420 5676 1503 5722 est
1524 5709 1537 5731 ,
1569 5668 1620 5721 in
1650 5666 1961 5723 solitudine?

454 5786 528 5850 (τι)
563 5793 584 5832 \
599 5784 660 5833 id.
686 5783 935 5845 Epistulam
956 5783 1037 5845 93,
1060 5782 1117 5832 ad
1141 5782 1457 5843 vincentium,
1480 5794 1527 5830 η.
1557 5781 1631 5831 19.

1610 365 1666 420 S.
1705 362 2073 421 AUGUSTIM
2112 360 2413 419 EPISCOPI

3555 369 3657 427 δη

2080 476 2227 532 lotus
2257 478 2308 532 in
2337 476 2682 533 conscientia.
2714 477 2895 548 Magna
2924 477 3156 534 solitudo
3176 519 3191 545 ,
3222 494 3326 549 qua
3351 494 3456 536 non
3483 480 3654 539 solum

2078 567 2253 623 nullus
2279 566 2555 623 hominum
2587 568 2794 636 transit,
2821 566 2920 624 sed
2945 584 3045 624 nec
3068 568 3230 624 videt.
3259 566 3337 625 Ibi
3356 567 3653 629 habitemus

2078 661 2130 715 in
2156 675 2251 731 spe
2278 662 2317 729 ί,
2345 660 2467 732 quia
2497 659 2731 716 nondum
2756 660 2809 716 in
2829 677 2908 717 re.
2932 660 3143 717 Etenim
3174 670 3340 717 totum
3366 663 3507 733 quod
3530 663 3655 721 foris

2076 758 2161 806 est
2196 760 2457 817 nostrum,
2496 749 2713 806 ﬂuctuat
2751 752 3153 822 tempestatibus
3189 761 3245 809 et
3282 754 3655 811 tentationibus

2075 840 2278 895 saeculi.
2309 839 2410 895 Est
2453 840 2674 897 interior
2700 856 2931 910 eremus,
2964 841 3036 897 ibi
3074 841 3463 914 interrogemus
3501 845 3656 901 fidem

2075 940 2313 987 nostram
2345 949 2358 987 :
2390 933 2800 1004 interrogemus,
2831 934 2876 988 si
2913 942 2994 988 est
3020 934 3250 989 charitas
3280 936 3450 1002 intus;
3481 938 3658 995 videa-

2075 1036 2215 1089 mus,
2245 1022 2291 1078 si
2319 1039 2423 1077 non
2455 1023 2589 1078 labia
2615 1031 2826 1092 sonant,
2854 1023 2948 1079 sed
2967 1033 3021 1079 et
3039 1034 3245 1095 pectus,
3268 1042 3386 1081 cum
3409 1028 3654 1094 dicimus,

2075 1112 2286 1168 Dimitte
2310 1112 2452 1169 nobis
2481 1114 2648 1169 debita
2672 1124 2866 1182 nostra,
2898 1116 3024 1170 sicut
3052 1126 3099 1170 et
3126 1134 3216 1172 nos
3242 1118 3535 1174 dimittimus
3563 1123 3657 1177 de-

2074 1204 2315 1261 bitoribus
2355 1208 2548 1262 nostris
2572 1207 2784 1278 (Matth.
2814 1225 2887 1276 vr,
2931 1208 3041 1282 l2).
3085 1209 3140 1265 Si
3179 1226 3359 1265 verum
3395 1222 3570 1281 sonat,
3610 1216 3659 1270 si

2074 1312 2259 1353 verum
2299 1297 2549 1365 dicimus,
2598 1297 2685 1353 ubi
2731 1314 2887 1353 nemo
2932 1297 3207 1354 hominum
3256 1301 3416 1368 videt,
3463 1303 3535 1357 ibi
3575 1312 3659 1360 est

2075 1404 2309 1456 eremus,
2356 1389 2445 1444 ubi
2482 1389 2865 1460 requiescimus
2909 1390 2963 1444 in
3001 1404 3127 1460 spe;
3158 1391 3278 1461 quia
3318 1393 3507 1447 transit
3542 1392 3661 1450 haec

2074 1480 2248 1535 omnis
2291 1480 2596 1547 tribulatio;
2630 1489 2684 1536 et
2709 1497 2828 1551 quae
2869 1495 2992 1551 spes
3031 1489 3166 1549 erat,
3195 1482 3285 1538 liet
3326 1500 3434 1552 res,
3465 1493 3522 1540 et
3555 1488 3660 1542 erit

2076 1578 2240 1624 totum
2281 1579 2522 1625 nostrum
2570 1571 2622 1624 in
2665 1570 2868 1640 requie.
2896 1569 3013 1626 Jam
3049 1572 3320 1643 conSpicui
3353 1574 3505 1630 nobis
3546 1577 3657 1631 eri-

2074 1676 2193 1715 mus
2209 1662 2260 1726 ¹;
2288 1670 2340 1715 et
2368 1676 2472 1715 non
2493 1661 2592 1715 erit
2608 1662 2722 1718 ovis
2744 1671 2991 1732 tanquam
3013 1663 3338 1728 abscondita,
3360 1666 3613 1737 cogitatio
3635 1685 3651 1732 ;

2072 1759 2129 1806 et
2153 1767 2256 1807 non
2278 1752 2379 1807 erit
2405 1766 2619 1807 eremus
2647 1753 2970 1808 conscientia
3001 1771 3013 1807 :
3045 1754 3166 1823 quia
3195 1770 3384 1810 omnes
3414 1757 3513 1811 sibi
3545 1758 3656 1813 noti

2072 1854 2258 1913 erunt,
2304 1854 2357 1901 et
2397 1844 2748 1915 cogitationes
2786 1860 2910 1900 suas
2952 1846 3156 1915 ignotas
3198 1861 3302 1901 non
3349 1848 3656 1918 habebunt,

2072 1951 2194 1991 cum
2242 1936 2449 1991 venerit
2496 1936 2784 2001 Dominus,
2831 1946 2886 1991 et
2927 1936 3300 1992 illuminaverit
3347 1938 3660 1997 abscondita

2074 2026 2444 2092 tenebrarum;
2490 2035 2545 2082 et
2587 2026 2943 2081 manilestabit
2979 2028 3327 2098 cogitationes
3365 2031 3564 2097 cordis,
3605 2040 3662 2086 et

2074 2130 2196 2175 tunc
2237 2119 2353 2174 laus
2394 2120 2494 2174 erit
2537 2119 2818 2189 unicuique
2855 2134 2885 2173 a
2924 2120 3033 2174 Deo
3059 2120 3113 2189 (1
3144 2119 3261 2175 Cor.
3296 2136 3367 2185 tv,
3400 2121 3477 2192 5).
3505 2122 3662 2178 Nunc

2073 2227 2200 2266 vero
2224 2211 2372 2266 vides
2398 2211 2532 2267 duos
2562 2210 2805 2266 homines
2833 2211 2886 2266 in
2917 2212 3271 2279 tribulatione,
3300 2228 3391 2267 cor
3421 2214 3658 2283 ipsorum

2022 2352 2027 2359 .
2071 2303 2253 2359 videre
2292 2320 2396 2358 non
2428 2311 2598 2373 potes.
2628 2302 2789 2359 Forte
2825 2304 2961 2359 alius
2997 2306 3327 2360 conscientia
3359 2306 3658 2376 mordetur,

2071 2398 2205 2453 alios
2244 2398 2294 2451 in
2336 2397 2691 2461 conscientia,
2722 2404 2968 2468 tanquam
3013 2397 3063 2450 in
3107 2413 3310 2462 eremo,
3350 2399 3656 2468 requiescit.

2071 2486 2138 2540 Et
2164 2487 2456 2542 habitabant
2486 2488 2539 2541 in
2572 2503 2735 2541 eremo
2776 2487 2827 2540 in
2858 2503 2946 2556 spe
2974 2503 2993 2541 :
3019 2496 3065 2541 et
3102 2504 3332 2542 somnum
3369 2487 3657 2554 habebunt,

2073 2577 2122 2633 id
2158 2588 2261 2644 est,
2300 2579 2534 2648 quietem
2573 2587 2822 2648 tanquam
2856 2578 3101 2633 alienatis
3132 2579 3375 2639 sensibus
3412 2579 3480 2634 ab
3508 2581 3659 2636 omni

2070 2670 2290 2739 strepitu
2327 2670 2541 2736 saeculi;
2587 2670 2728 2724 intus
2777 2671 2848 2726 ibi
2888 2671 3255 2740 requiescent,
3284 2672 3337 2726 in
3374 2672 3495 2727 rivis
3523 2672 3565 2726 ⁸.
3599 2672 3656 2728 In
3740 2725 3744 2728 ἠ

2070 2759 2181 2828 ipsa
2204 2760 2343 2815 intus
2362 2775 2543 2815 eremo
2562 2770 2686 2815 sunt
2705 2761 2802 2816 rivi
2825 2761 3038 2830 quidam
3061 2761 3333 2831 memoria:
3351 2772 3652 2829 manantes,

2070 2850 2300 2920 liquores
2342 2850 2552 2906 divinos
2596 2852 2948 2907 scaturientes
2989 2868 3051 2907 ex
3097 2861 3277 2908 mente
3321 2852 3655 2922 Scripturam

2069 2942 2299 2997 tenentis
2348 2949 2404 2997 et
2455 2942 2759 2998 recolentis.
2814 2942 3024 2999 Etenim
3069 2943 3210 3013 quod
3260 2943 3465 3013 legisti,
3512 2943 3658 3015 quod

2067 3032 2282 3099 audisti,
2329 3033 2373 3088 si
2415 3047 2604 3104 purum
2635 3042 2689 3089 et
2726 3034 2977 3104 liquidum
3018 3042 3073 3089 et
3109 3042 3351 3090 sanctum
3382 3035 3658 3090 memoria:

2067 3124 2428 3190 mandaveris;
2457 3141 2578 3180 eum
2603 3125 2829 3195 coeperis
2860 3126 2910 3179 in
2942 3126 3026 3181 illa
3066 3126 3318 3182 interiore
3352 3141 3567 3194 eremo,
3602 3127 3656 3182 id

2065 3224 2167 3278 est,
2187 3215 2238 3269 in
2259 3215 2395 3271 bona
2421 3216 2740 3271 conscientia
2769 3216 3125 3287 requiescere,
3145 3218 3405 3287 eliquatur
3426 3217 3494 3273 de
3516 3217 3660 3274 inte.

2066 3303 2295 3360 rioribus
2322 3305 2518 3360 mentis
2547 3314 2649 3360 tute
2667 3347 2683 3371 ,
2724 3314 2779 3360 et
2808 3314 2988 3360 manat
3013 3305 3242 3376 quodam
3272 3306 3430 3367 modo
3470 3322 3657 3363 recor-

2067 3395 2212 3452 datio
2237 3397 2382 3453 verbi
2412 3397 2533 3459 Dei.
2566 3406 2763 3453 etcum
2786 3398 2999 3453 caeteris
3037 3399 3324 3468 requiescis
3349 3399 3403 3454 in
3433 3414 3530 3468 spe
3549 3441 3567 3466 ,
3599 3409 3658 3457 et

2066 3488 2239 3545 dicis:
2268 3488 2465 3544 Verum
2503 3498 2606 3554 est,
2643 3489 2779 3543 bene
2813 3488 2940 3543 mihi
2968 3498 3071 3556 est,
3115 3490 3225 3559 ipsa
3251 3498 3333 3545 est
3359 3505 3484 3561 spes
3509 3506 3651 3559 mea,

2067 3578 2168 3636 hoc
2192 3581 2320 3636 mihi
2346 3579 2586 3650 promisit
2623 3579 2787 3647 Deus,
2813 3593 2917 3633 non
2958 3580 3230 3651 mentitur,
3259 3595 3482 3635 securus
3504 3596 3652 3635 sum.

2066 3670 2136 3726 Et
2161 3672 2258 3725 ista
2284 3671 2539 3726 securitas
2564 3684 2784 3725 somnus
2806 3677 2889 3724 est
2910 3669 2963 3724 in
2990 3670 3134 3725 rivis.
3159 3668 3227 3724 Et
3249 3687 3481 3725 somnum
3499 3671 3655 3727 liabe-

2067 3763 2186 3818 bunt
2212 3762 2267 3817 in
2295 3762 2438 3817 rivis.

2134 3854 2225 3909 ξι.
2242 3851 2608 3907 Benedictionis
2621 3852 2793 3907 imber.
2811 3881 2880 3891 -—
2892 3849 2957 3904 Et
2981 3850 3111 3905 dabo
3126 3851 3196 3905 eis
3211 3850 3262 3904 in
3274 3852 3485 3905 circuitu
3496 3852 3652 3908 collis

2064 3945 2163 3999 mei
2212 3943 2620 3999 benedictionem.
2666 3943 2816 3999 Mons
2860 3943 2987 3998 licet
3028 3947 3118 4009 sit,
3160 3943 3312 3998 collis
3359 3943 3485 3998 licet
3535 3944 3651 4013 sit,

2066 4036 2120 4092 in
2145 4035 2370 4093 circuitu
2407 4035 2524 4105 ejus
2560 4035 2696 4090 bene
2739 4034 2808 4088 sit
2851 4033 3026 4089 nobis.
3065 4034 3228 4089 Collis
3264 4034 3379 4104 ipse
3404 4032 3653 4091 Christus

2065 4134 2170 4183 est.
2197 4126 2286 4182 Sic
2309 4126 2451 4182 enim
2481 4126 2593 4195 ipse
2621 4126 2672 4179 in
2712 4123 2889 4179 medio
2931 4132 3193 4192 nostrum,
3228 4139 3327 4181 nos
3370 4139 3554 4180 sumus
3596 4126 3651 4183 in

2066 4217 2286 4272 circuitu
2310 4215 2445 4286 ejus.
2477 4213 2795 4270 Jamdudum
2811 4215 2951 4270 enim
2973 4214 3202 4279 dixerat,
3231 4213 3398 4269 Dauid
3416 4215 3653 4286 princeps

2066 4308 2120 4363 in
2149 4309 2313 4363 medio
2341 4323 2535 4363 eorum.
2565 4306 2629 4361 Et
2657 4306 2778 4377 quia
2811 4306 3074 4375 princeps,
3106 4304 3227 4359 ideo
3253 4304 3406 4359 collis
3439 4321 3452 4357 :
3492 4304 3649 4370 lenis,

2068 4416 2175 4457 non
2201 4399 2398 4455 arduus
2429 4409 2485 4454 et
2507 4397 2737 4453 difﬁcilis
2760 4396 3069 4452 ascendenti
3096 4396 3224 4453 :sed
3246 4397 3290 4451 si
3314 4410 3422 4450 non
3447 4394 3521 4450 de
3538 4394 3656 4450 alto

2067 4491 2232 4562 pedes
2258 4500 2436 4561 ponat.
2471 4489 2535 4544 Et
2565 4489 2695 4542 dabo
2729 4488 2798 4543 eis
2827 4489 2879 4542 in
2906 4486 3118 4542 circuitu
3144 4486 3288 4541 collis
3325 4486 3420 4540 mei
3449 4484 3655 4539 benedio

2069 4584 2282 4638 ctionem
2310 4600 2329 4638 τ
2355 4592 2399 4638 et
2425 4582 2651 4655 deferam
2674 4581 2885 4635 imbrem
2916 4581 2970 4636 in
2998 4590 3219 4650 tempore
3252 4595 3345 4634 suo
3365 4620 3380 4645 ,
3418 4578 3656 4648 pluviam

2072 4674 2219 4728 verbi
2252 4673 2366 4728 Dei.
2397 4672 2492 4727 Est
2517 4673 2657 4727 enim
2685 4680 2741 4727 et
2778 4671 2949 4727 imber
2982 4670 3178 4737 malus,
3209 4671 3299 4740 qui
3338 4669 3519 4739 dejicit
3550 4669 3654 4725 do-

2071 4778 2214 4817 mum
2240 4777 2400 4832 super
2428 4777 2643 4817 arenatn
2674 4762 3047 4825 constitutam,
3078 4761 3162 4814 cui
3203 4776 3450 4831 magnum
3479 4769 3565 4815 est
3594 4767 3652 4815 ut

2072 4855 2285 4910 resistat
2326 4852 2516 4909 domus
2557 4865 2718 4923 supra
2766 4860 2974 4921 petram
3020 4846 3237 4904 {midata
3280 4847 3510 4917 (Matth.
3553 4864 3646 4914 vn,

2069 4943 2260 5015 24-27)
2288 4961 2301 4996 :
2330 4942 2638 4998 tentationis
2660 4940 2801 4997 enim
2826 4939 2996 4995 imber
3014 4948 3115 5006 est,
3147 4938 3354 4993 ruinam
3380 4951 3651 5007 quaerens,

2073 5050 2176 5089 non
2210 5043 2403 5089 terram
2428 5033 2624 5101 rigans.
2648 5028 2763 5086 Non
2790 5030 2894 5087 erit
2920 5029 3040 5085 talis
3064 5028 3236 5084 imber
3254 5028 3374 5093 iste,
3402 5042 3559 5099 quem
3587 5041 3651 5082 se

2071 5123 2418 5180 dicitdeferre
2431 5122 2707 5177 Dominus.
2740 5119 2878 5189 Quid
2902 5120 3045 5177 enim
3080 5120 3189 5176 ait?
3221 5117 3418 5174 Imbres
3453 5117 3655 5173 benedi-

2071 5216 2250 5273 ctionis
2269 5225 2435 5270 erant.
2457 5213 2772 5287 Suspectum
2801 5223 2856 5270 te
2880 5214 3081 5271 fecerat
3106 5212 3410 5269 nominatus
3437 5212 3609 5267 imber
3630 5228 3648 5263 :

2137 5352 2153 5384 ί
2178 5355 2261 5401 tis.
2283 5362 2397 5409 rm.,
2419 5347 2488 5401 ibi
2513 5345 2851 5410 habitamusin
2872 5358 2971 5410 spe.

2138 5414 2157 5444 ²
2181 5404 2407 5473 Plerique
2423 5418 2551 5471 Mss,
2570 5409 2626 5473 in
2648 5423 2734 5473 re;
2756 5409 2870 5472 quia
2896 5404 3274 5473 'jomcompicai
3293 5404 3425 5457 nobis
3455 5405 3653 5473 erimus.

2074 5479 2170 5543 ρι’..
2201 5464 2465 5543 inArc‘quie,
2487 5464 2615 5543 gain
2768 5464 3037 5543 conspicui,
3064 5464 3397 5543 ctclmttloxque
3429 5464 3655 5543 ptimum

2064 5527 2202 5593 Levi,
2225 5540 2271 5584 et
2291 5527 2384 5584 non
2425 5527 2520 5584 e'rit'
2537 5527 2670 5583 nobis
2692 5527 2917 5594 tanquam
2958 5527 3264 5594 abscondita;
3306 5527 3404 5593 ἑιυο
3434 5527 3537 5577 loco
3569 5539 3658 5576 nos

2065 5592 2389 5645 Erasiuianam
2423 5597 2687 5645 editionem
2715 5592 2983 5657 seqmmur,
3007 5593 3084 5641 cui
3122 5592 3446 5657 stttfragantur
3485 5599 3657 5657 omnes

2072 5663 2202 5727 its-s1,
2229 5669 2327 5727 uno
2352 5651 3108 5727 exceptocistereiensit‘in.quo
3146 5651 3339 5716 legitur,
3370 5658 3417 5702 et
3450 5662 3543 5701 non
3563 5651 3656 5700 erit

2070 5714 2205 5768 nobis
2229 5714 2509 5781 cujusquam
2526 5714 2803 5781 abst-mittito
2821 5714 3054 5781 cogitatio.

2139 5781 2158 5811 ³
2178 5775 2304 5828 Suae
2328 5775 2558 5844 iu'grteeo
2581 5786 2705 5840 LXX,
2733 5775 2961 5839 drtonois,
2991 5775 3205 5827 saltibus.
