3988 6190
340 320 443 377 313

339 432 543 489 imbres
589 439 747 489 erunt
785 427 1188 496 benedictionis,
1236 439 1341 484 non
1373 426 1698 484 tentationis.
1725 424 1919 482 Imbres

336 523 693 580 benedictionis
713 530 881 577 erunt.
1186 548 1191 551 <

404 613 495 670 25.
543 611 709 684 Ligna
755 611 811 666 in
850 625 1030 681 campo
1070 609 1334 681 fructifera
1370 609 1657 681 allegoria.
1698 608 1766 664 Et
1798 607 1919 664 vide

331 719 442 778 quo
467 703 681 775 prolicit
709 701 800 757 ille
827 699 1016 755 imber.
1048 699 1115 753 Et
1150 700 1288 770 ligna
1327 714 1442 770 qua
1469 700 1524 753 in
1555 715 1733 769 campo
1759 706 1877 754 sunt
1899 739 1914 763 ,

331 796 523 851 dabunt
544 797 767 866 fructum
793 807 965 846 suum.
993 788 1059 844 In
1085 805 1287 860 cantpo,
1318 790 1370 844 in
1407 788 1626 862 planitie
1666 787 1912 858 quadam,

332 903 438 943 non
461 886 519 940 in
543 884 757 948 arduis;
790 882 845 936 in
872 881 1122 936 facilitate
1146 879 1373 950 quadam
1410 881 1553 934 vitae.
1584 878 1915 934 Facilitatem

328 977 618 1050 quamdam
646 975 770 1030 vita:
799 972 981 1044 bnjs,
1010 971 1140 1027 nihil
1163 972 1294 1026 inse
1322 971 1606 1026 habentem
1631 970 1803 1035 ardui,
1839 970 1917 1025 la-

328 1068 547 1134 boriosi,
578 1065 833 1131 difficilis,
863 1078 1110 1133 campum
1141 1062 1273 1117 dixit
1301 1079 1313 1113 :
1347 1062 1518 1131 qualis
1546 1062 1762 1122 estvita
1786 1062 1914 1116 mul-

330 1169 504 1216 torum
527 1157 763 1213 fidelium
790 1155 841 1209 in
868 1153 1103 1210 Ecclesia
1133 1154 1222 1208 Dei
1248 1194 1263 1218 ,
1292 1153 1597 1208 habentium
1619 1154 1871 1223 conjuges
1892 1192 1910 1221 ,

327 1253 488 1318 liiios,
518 1249 711 1305 domos
727 1262 882 1311 suas;
910 1246 1052 1302 velut
1072 1245 1123 1299 in
1142 1258 1330 1314 campo
1357 1254 1481 1299 sunt
1506 1244 1668 1313 ligna,
1687 1243 1912 1298 arduum

325 1344 456 1399 nihil
482 1342 775 1398 ascendere
801 1340 1099 1393 valuerunt.
1127 1336 1231 1391 Sed
1258 1336 1517 1406 accipiant
1547 1334 1792 1402 imbrem,
1819 1336 1914 1389 da-

324 1435 458 1489 bunt
485 1445 539 1487 et
569 1432 685 1486 hmo
729 1430 864 1499 ligna
914 1426 1139 1483 fructmn
1186 1441 1361 1480 suum.
1413 1426 1609 1480 llorum
1650 1426 1909 1494 lignorum

323 1508 532 1580 fructus
559 1531 665 1587 est,
702 1519 902 1589 Frange
940 1517 1175 1571 esurienti
1215 1533 1395 1585 pauent
1422 1526 1596 1578 (mnu,
1627 1525 1671 1568 et
1700 1532 1910 1586 egenum

321 1620 431 1672 sine
452 1625 582 1670 tecto
610 1613 764 1679 induc
793 1612 844 1665 in
872 1611 1075 1663 domum
1101 1618 1241 1661 tuam
1258 1606 1409 1678 (Isai.
1435 1623 1574 1670 Lvm,
1597 1608 1672 1677 7).
1695 1607 1910 1661 Talibus

321 1707 482 1777 lignis
523 1704 737 1760 dicebat
763 1700 1072 1771 Apostolus,
1108 1698 1225 1753 Non
1251 1699 1367 1767 quia
1400 1714 1570 1766 quer
1603 1699 1797 1762 datum,
1822 1697 1910 1751 sed

320 1800 525 1869 requiro
541 1800 765 1868 fructum
789 1792 1044 1864 (Philipp.
1068 1809 1139 1857 tv,
1167 1792 1273 1861 17).
1297 1790 1360 1843 Et
1378 1790 1516 1856 ligna
1530 1805 1642 1859 qua:
1659 1791 1709 1842 in
1730 1806 1908 1859 ωηιρο

317 1901 455 1953 sunt,
486 1892 679 1944 dabunt
706 1888 923 1958 fructum
949 1902 1135 1940 suum:
1159 1884 1257 1939 etsi
1285 1899 1387 1936 nou
1411 1882 1603 1936 habent
1627 1882 1904 1951 majorem,

320 1983 521 2037 habent
552 1993 726 2035 tamen
758 1975 1045 2048 quemdam
1066 1989 1240 2029 suum.
1278 1973 1339 2027 Et
1367 1983 1498 2026 terra
1524 1972 1664 2027 dabit
1693 1988 1905 2042 genera-

319 2075 510 2128 tionem
536 2088 682 2127 suam
704 2086 723 2123 :
746 2077 854 2123 tota
882 2078 1040 2121 terra.
1084 2064 1151 2119 Et
1182 2064 1527 2118 inhabitabant
1559 2064 1610 2117 in
1638 2073 1767 2117 terra
1791 2079 1904 2118 sua.

318 2165 436 2220 lam
461 2164 657 2232 campi.
691 2161 874 2225 colles,
903 2167 1111 2213 montes
1142 2157 1341 2211 dabunt
1367 2155 1734 2225 generationes
1759 2168 1907 2208 suas.

319 2255 456 2323 Quid
500 2262 677 2325 potest
701 2249 954 2320 catnpns?
983 2248 1108 2319 quid
1149 2255 1322 2317 potest
1360 2246 1547 2302 collis?
1580 2245 1704 2315 quid
1736 2254 1909 2315 potest

319 2347 512 2403 mons?
556 2345 715 2401 Solus
756 2342 984 2415 agricola
1028 2349 1363 2412 agnoscatur.
1408 2338 1476 2392 Et
1519 2338 1815 2391 habitabant
1853 2338 1909 2391 in

319 2448 366 2492 te
393 2455 454 2492 ra
496 2453 593 2491 sua
638 2436 691 2488 in
732 2450 841 2503 spe.
880 2433 1084 2487 Videtis
1112 2431 1234 2501 quia
1263 2446 1322 2484 ea
1356 2429 1634 2498 promittit,
1662 2443 1781 2497 qua:
1808 2428 1909 2482 hoc

320 2538 566 2597 tempore
594 2526 756 2582 donat
782 2524 954 2578 nobis.
988 2521 1249 2590 Quamdiu
1293 2520 1440 2586 dicit,
1485 2520 1539 2573 in
1583 2535 1693 2590 spe,
1734 2518 1909 2575 adhuc

318 2620 369 2674 iu
396 2619 503 2673 hoc
526 2629 767 2684 tempore
793 2614 1049 2683 intelligo.
1077 2612 1208 2667 Cum
1239 2611 1381 2666 enim
1413 2610 1815 2680 pervenerimus
1838 2609 1907 2664 ad

317 2710 606 2780 promissa,
634 2708 744 2777 jam
776 2721 881 2762 non
909 2707 1012 2760 erit
1039 2720 1183 2776 spes,
1213 2703 1309 2759 sed
1338 2718 1426 2758 res
1451 2703 1562 2773 ipsa
1588 2704 1710 2758 erit.

382 2798 617 2855 CAPUT
648 2796 764 2853 XV.
793 2825 864 2837 --
888 2795 977 2852 26.
1010 2794 1198 2850 Contra
1228 2794 1540 2848 Donatistas.
1568 2824 1641 2833 —
1670 2792 1731 2846 Et
1753 2793 1906 2846 scient

313 2892 558 2959 quoniam
583 2907 676 2962 ego
694 2907 809 2945 sunt
839 2888 1105 2952 Dominus,
1132 2887 1184 2940 in
1205 2903 1261 2940 eo
1282 2902 1396 2940 cum
1419 2885 1712 2956 confregero
1736 2886 1906 2954 furcas

313 2985 425 3056 iugi
474 2999 650 3036 eorum
687 2998 707 3036 :
747 2981 921 3046 furcas
957 2979 1148 3049 quibus
1187 2977 1442 3047 premitur
1473 2977 1666 3031 collum
1696 2990 1902 3031 eorum.

317 3076 569 3140 Domine,
604 3073 785 3142 frange
818 3074 993 3127 furcas
1020 3070 1210 3141 quibus
1235 3067 1468 3122 haeretici
1498 3074 1742 3137 proruunt
1770 3066 1902 3120 colla

315 3168 674 3224 inﬁrmorum.
701 3164 836 3231 Quid
867 3162 1010 3218 enim
1043 3171 1147 3214 tam
1176 3171 1454 3229 angustum
1496 3167 1550 3212 et
1588 3157 1732 3211 furca
1759 3171 1906 3210 com-

315 3256 584 3330 pressum,
613 3271 793 3327 quam,
821 3254 939 3309 Noli
970 3251 1153 3307 audire
1180 3248 1471 3311 Christum,
1494 3248 1614 3301 audi
1644 3248 1766 3302 me?
1796 3247 1904 3302 Re-

317 3362 478 3405 move
506 3348 731 3412 iuream,
765 3345 1029 3414 respirare
1073 3342 1337 3412 permitte.
1377 3340 1564 3395 Nescio
1584 3339 1706 3409 quid
1735 3339 1900 3393 dicas.

315 3441 492 3497 Audio
510 3454 695 3493 vocem
723 3437 949 3507 pastoris
979 3435 1080 3489 mei
1104 3433 1236 3488 :Per
1262 3448 1433 3486 onmes
1453 3441 1641 3503 gentes,
1662 3430 1903 3500 incipien-

316 3534 450 3589 tibus
464 3533 529 3587 ab
541 3531 827 3587 Jerusalem
848 3527 996 3600 (Luc.
1020 3542 1168 3588 xxw,
1185 3523 1434 3596 47).Sine
1454 3539 1541 3578 me
1566 3523 1715 3593 sequi
1731 3531 1907 3592 pasto-

317 3641 455 3681 rem.
485 3622 623 3691 Quid
654 3619 887 3692 premis?
915 3618 1066 3673 Tolle
1094 3616 1292 3670 furcam
1320 3613 1387 3669 de
1406 3613 1547 3668 collo
1560 3627 1702 3677 meo,
1722 3612 1902 3665 tollam

313 3716 499 3787 iugum
513 3714 632 3769 lene
648 3710 853 3767 Domini
869 3709 995 3764 mei.
1019 3706 1144 3762 llaec
1164 3704 1327 3769 audit,
1348 3712 1402 3760 et
1423 3702 1632 3772 premit.
1660 3700 1900 3766 Domine,

216 3866 222 3875 ,
317 3824 425 3863 non
471 3806 584 3861 vult
629 3802 913 3859 hzereticus
957 3798 1157 3855 furcam
1201 3796 1565 3866 suspendere;
1606 3800 1662 3848 tu
1701 3792 1904 3848 furcam

317 3899 529 3970 frange.
560 3896 698 3952 Crux
743 3892 951 3951 Domini
1000 3905 1210 3946 sursum
1258 3889 1432 3955 levat,
1482 3886 1627 3942 furca
1666 3884 1903 3941 lucretici

317 3990 568 4044 dent-sum
599 3984 812 4056 premit.
849 3982 955 4037 Sed
993 3979 1397 4050 confringentur
1424 3994 1438 4031 :
1471 3976 1537 4030 In
1562 3991 1619 4029 eo
1649 3991 1761 4029 cum
1786 3990 1904 4029 con-

321 4085 522 4154 [τιθεῖ-ο
563 4082 736 4150 parcas
756 4075 876 4148 jugi
904 4090 1094 4128 eorum.
1128 4070 1551 4127 Dominationem
1581 4067 1722 4123 enim
1752 4082 1901 4122 suam

318 4173 506 4227 Volunt
530 4168 835 4222 hominibus
861 4166 1155 4239 imponere,
1179 4162 1420 4216 volentes
1437 4173 1531 4215 eos
1556 4174 1676 4214 esse
1700 4158 1800 4213 sub
1820 4172 1901 4225 se,

318 4277 425 4318 non
450 4261 549 4316 sub
577 4260 705 4314 Deo.
732 4256 883 4312 ln‘eo
907 4258 1336 4323 cunrconfregero
1366 4254 1534 4322 furcas
1560 4250 1677 4320 jugi
1699 4265 1901 4302 eorum:

319 4363 365 4407 et
412 4352 630 4407 eximam
677 4364 762 4402 eos
813 4347 877 4401 de
914 4362 1070 4400 manu
1109 4360 1312 4408 eorum,
1330 4341 1416 4412 qui
1438 4357 1521 4396 eos
1546 4341 1598 4394 in
1620 4340 1902 4394 servitutem

320 4443 632 4516 redigebant.
661 4431 798 4508 Quid
820 4447 920 4504 est,
945 4438 997 4491 in
1020 4437 1304 4492 servitutem
1323 4433 1615 4505 redigebant
1632 4435 1657 4487 Ρ
1678 4431 1758 4487 Ad
1784 4446 1906 4502 pec-

321 4545 495 4590 eatum
521 4547 618 4590 eos
645 4529 923 4602 cogebant.
953 4527 1139 4583 Omnis
1163 4526 1306 4581 enim
1333 4525 1422 4596 qui
1454 4523 1576 4579 facit
1607 4532 1901 4593 peccatum,

321 4643 503 4683 servus
529 4636 612 4683 est
631 4623 835 4696 peccati
863 4621 1041 4696 (Joan.
1064 4636 1180 4687 vtn,
1202 4620 1313 4690 δι).
1340 4619 1529 4674 Videte
1540 4617 1762 4689 quid-eis
1780 4633 1902 4687 per-

319 4722 602 4782 suaserint,
632 4718 843 4782 fratres,
872 4723 931 4770 ut
954 4715 1155 4779 dicant,
1183 4711 1264 4767 illi
1289 4711 1356 4768 de
1389 4710 1543 4793 nobis
1570 4708 1797 4766 reddent
1821 4725 1905 4766 ra-

322 4815 519 4869 tionem
549 4831 563 4866 :
598 4825 697 4866 nos
736 4823 865 4864 oves
909 4822 1124 4873 sumus;
1154 4820 1260 4877 quo
1283 4804 1528 4860 duxerint
1552 4843 1569 4873 ,
1608 4803 1900 4875 sequimur.

323 4906 443 4965 Ovis
462 4905 560 4963 es?
580 4904 851 4960 Pastorem
875 4899 1021 4967 audi,
1044 4899 1359 4970 nonllnpum
1391 4896 1490 4971 (α).

384 4996 477 5052 27.
518 4994 563 5049 Α
639 4992 877 5058 luporum
941 4990 1172 5045 dentibus
1242 4996 1487 5042 eruuntur
1527 4989 1613 5058 qui
1652 4995 1904 5056 pastorem

321 5087 631 5140 audiunt.-—
651 5083 721 5138 Et
746 5098 847 5137 non
867 5089 1017 5136 erunt
1041 5079 1210 5134 adhuc
1236 5080 1289 5133 in
1313 5078 1636 5134 vastationem
1657 5077 1902 5150 gentibus.

325 5178 378 5231 ln
419 5176 669 5232 omnibus
715 5173 856 5229 enim
900 5171 1150 5244 gentibus
1175 5185 1284 5225 non
1314 5168 1527 5235 desunt,
1562 5169 1649 5223 alii
1681 5169 1787 5234 hic,
1815 5167 1903 5221 alii

323 5267 390 5322 ibi
418 5286 432 5322 :
465 5283 572 5321 non
600 5265 676 5321 illi
706 5265 774 5319 ibi
805 5264 896 5335 qui
926 5262 1045 5327 hic;
1075 5261 1169 5317 sed
1197 5270 1374 5315 tamen
1396 5276 1501 5315 non
1525 5259 1718 5315 desunt
1743 5258 1907 5314 furcis

324 5368 624 5429 prementes
657 5356 791 5412 colla
827 5355 1087 5422 ﬁdelium,
1133 5356 1242 5408 nec
1277 5352 1383 5419 hic,
1419 5367 1520 5407 nec
1566 5352 1656 5407 ibi.
1691 5351 1908 5406 Dissen-

312 5434 458 5504 tiunt
496 5448 640 5504 inter
683 5462 780 5513 se,
825 5455 1009 5503 contra
1049 5446 1303 5500 unitatem
1332 5458 1519 5499 omnes
1544 5442 1902 5497 consentiunt.

325 5538 507 5597 Uuitas
548 5549 729 5594 autem
774 5553 879 5594 non
914 5537 1159 5593 dissentit
1183 5551 1212 5590 a
1238 5551 1325 5602 se;
1358 5535 1451 5590 sed
1490 5544 1674 5590 contra
1718 5548 1908 5590 omnes

327 5632 699 5690 dissentientes
721 5645 751 5684 a
771 5646 831 5686 se
858 5630 1053 5700 ubique
1081 5635 1295 5700 pugnat,
1326 5628 1519 5698 ubique
1549 5627 1749 5682 laborat
1777 5643 1789 5681 :
1813 5625 1907 5681 sed

386 5746 456 5809 ta)
476 5740 588 5793 Vld.
616 5755 918 5807 superiorem
941 5752 1236 5800 sermonem,
1261 5753 1307 5788 n.
1334 5737 1407 5788 2|.

1704 312 1934 372 SERMO
1971 314 2173 373 XLVII.

3501 338 3605 400 δη

2029 438 2114 487 est
2158 433 2389 503 requies
2421 434 2480 491 in
2521 451 2724 495 eremo.
2752 438 2820 497 Et
2863 458 2962 498 non
2984 453 3130 499 aunt
3175 446 3412 505 adbucin
3435 465 3604 507 vasta-

2025 520 2208 577 tionem
2232 525 2480 596 gentibus,
2508 538 2556 583 et
2582 528 2751 587 bestia
2777 540 2926 589 terra
2942 535 3063 606 jam
3080 552 3182 594 non
3208 544 3464 598 comedent
3497 561 3600 601 eos.

2021 611 2311 670 Audientes
2340 631 2522 673 vocem
2544 622 2790 689 pastoris,
2818 636 3071 681 eruentur
3090 628 3107 660 ι
3129 643 3158 681 a
3178 628 3427 687 dentibus
3452 638 3602 708 lupo-

2020 719 2160 760 rum.
2191 707 2383 765 Bestia:
2410 711 2514 766 illa:
2536 714 2725 770 calami
2751 731 2855 771 non
2899 720 3310 789 comedenteos,
3350 727 3595 788 volentes

2019 800 2086 891 ad
2117 814 2333 891 sensum
2364 817 2518 859 suum
2559 818 2882 866 convertere
2912 811 3244 883 Scripturas,
3287 817 3356 873 ab
3401 826 3600 891 apertis

2019 886 2306 960 Scriptnris
2343 905 2645 953 avertentes
2679 915 2873 966 aures;
2915 904 3153 962 volentes
3194 924 3252 963 se
3292 886 3462 968 audiri
3487 955 3502 981 ,
3543 925 3599 972 et

2016 978 2316 1052 Scripturas
2347 1002 2450 1042 non
2480 991 2670 1045 audiri.
2712 991 2779 1047 Et
2805 995 2972 1051 bestiae
3014 1007 3160 1055 terra:
3195 1019 3296 1057 non
3338 978 3598 1065 comedent

2017 1087 2122 1140 eos,
2138 1084 2184 1128 et
2197 1075 2545 1134 inhabitabant
2558 1082 2611 1135 in
2632 1100 2740 1153 spe.
2769 1085 2951 1142 Videte
2973 1091 3178 1157 quoties
3201 1096 3445 1151 ostendat
3469 1100 3596 1169 quia

2015 1168 2156 1235 quod
2195 1186 2334 1226 nunc
2353 1174 2629 1240 promittit,
2655 1176 2739 1229 hic
2761 1180 3016 1244 promittit
3038 1199 3053 1235 :
3075 1183 3212 1238 Deus
3238 1186 3305 1241 de
3324 1168 3595 1247 rebuslo-

2014 1261 2195 1326 quitur
2207 1277 2339 1332 quas
2357 1263 2532 1319 adhuc
2546 1265 2630 1319 hic
2645 1267 2948 1323 exhibet.Et
2964 1289 3061 1325 non
3079 1276 3173 1329 erit
3187 1278 3371 1346 quieos
3389 1289 3590 1336 terreat.

2013 1348 2289 1417 Qttommlo
2308 1368 2411 1407 non
2437 1356 2539 1410 erit
2556 1356 2644 1426 qui
2661 1373 2753 1413 eos
2781 1362 3012 1415 terreat?
3026 1363 3139 1417 Non
3157 1367 3257 1420 erit
3271 1384 3509 1439 prorsus.
3537 1371 3593 1426 In

2017 1441 2238 1498 Domino
2263 1446 2493 1501 conﬁdo.
2534 1447 2650 1503 Jam
2692 1465 2811 1505 cum
2850 1455 3074 1522 coeperit
3111 1456 3288 1513 dicere
3317 1459 3495 1526 homo,
3526 1461 3592 1517 In

2013 1532 2123 1589 Deo
2150 1535 2368 1590 laudabo
2391 1555 2688 1607 sermonem,
2728 1542 2781 1596 in
2816 1542 3033 1600 Domino
3058 1546 3274 1601 laudabo
3297 1549 3499 1604 verbum
3518 1555 3540 1584 ’
3571 1593 3588 1607 .

2013 1638 2118 1678 non
2151 1628 2200 1679 in
2234 1641 2341 1683 me.
2376 1628 2451 1682 llli
2477 1628 2692 1685 laudant
2715 1633 2932 1687 verbum
2964 1636 3015 1689 in
3044 1652 3122 1703 se,
3155 1638 3414 1705 dicentes,
3437 1643 3589 1707 Quod

2011 1715 2161 1769 vobis
2186 1716 2429 1784 dicimus,
2456 1720 2657 1775 credite
2690 1739 2705 1775 :
2735 1738 2832 1776 nos
2861 1725 3132 1781 laudamus
3161 1728 3384 1784 verbum
3405 1731 3457 1784 in
3484 1729 3591 1786 Do-

2012 1805 2157 1859 mino
2174 1848 2188 1871 ,
2220 1806 2486 1873 dicentes,
2509 1810 2660 1878 Quod
2689 1814 2840 1868 nobis
2859 1815 3050 1870 dicitur
3074 1832 3103 1871 a
3133 1819 3372 1884 Domino,
3396 1821 3592 1877 credat-

2011 1911 2153 1954 mus.
2183 1897 2298 1954 Non
2334 1901 2437 1955 erit
2472 1904 2557 1971 qui
2593 1918 2692 1958 nos
2727 1914 2953 1971 terreat;
2982 1908 3123 1977 quia,
3154 1908 3221 1964 In
3246 1909 3355 1965 Deo
3374 1912 3594 1972 laudabo

2009 2003 2307 2055 sermonem,
2328 1990 2381 2044 in
2410 1990 2632 2047 Domino
2656 1995 2873 2050 laudabo
2897 2000 3096 2052 verbum
3119 2016 3139 2054 :
3163 2002 3215 2054 in
3242 2001 3349 2056 Deo
3372 2005 3593 2073 speravi,

2010 2093 2112 2132 non
2141 2080 2320 2135 timebo
2347 2083 2470 2151 quid
2495 2085 2649 2155 faciat
2677 2087 2802 2161 mihi
2826 2088 2974 2142 homo
2996 2089 3165 2162 (Psal.
3193 2108 3279 2158 ιν,
3306 2094 3397 2165 ll)
3424 2112 3436 2148 :
3469 2093 3590 2156 Non

2011 2169 2104 2222 erit
2123 2172 2208 2238 qui
2235 2188 2318 2224 eos
2347 2182 2546 2228 terreat.

2080 2261 2172 2318 28.
2229 2262 2545 2319 Plautarium
2570 2269 2726 2337 pacis.
2748 2299 2820 2311 —
2840 2268 2907 2323 Et
2932 2272 3155 2325 excitabo
3191 2273 3261 2327 eis
3282 2275 3590 2345 plantariunt
3628 2293 3640 2305 ‘

2012 2353 2171 2423 pacis.
2202 2354 2597 2411 Testamentum
2629 2360 2789 2427 pacis,
2825 2360 3142 2430 plantarinm
3186 2365 3350 2432 pacis.
3380 2364 3592 2421 Germi-

2012 2453 2103 2498 net
2124 2445 2263 2515 quod
2294 2446 2494 2516 plantat
2515 2448 2674 2509 Deus.
2692 2459 2745 2503 et
2761 2452 3083 2521 exstirpetnr
3106 2453 3127 2483 ³
3148 2455 3287 2523 quod
3310 2456 3593 2511 seminavit

2012 2532 2324 2590 luere-licus.
2364 2536 2515 2604 Quod
2560 2538 2812 2607 plantavit
2859 2540 2998 2595 Deus
3025 2543 3094 2598 de
3132 2557 3219 2609 se,
3259 2544 3327 2599 de
3353 2544 3591 2601 Ecclesia

2011 2637 2139 2689 sua;
2167 2625 2233 2681 de
2259 2641 2316 2680 se
2339 2628 2388 2680 in
2411 2628 2567 2691 coelo,
2606 2629 2673 2684 de
2708 2631 2945 2687 Ecclesia
2983 2633 3034 2686 in
3071 2641 3236 2700 terra;
3262 2636 3329 2689 de
3353 2653 3411 2691 se
3431 2651 3592 2707 super

2010 2729 2197 2770 omnes
2236 2718 2399 2773 caelos
2427 2759 2442 2786 ,
2493 2719 2560 2775 de
2599 2721 2829 2776 Ecclesia
2879 2737 2974 2792 per
3014 2737 3200 2779 omnes
3244 2734 3414 2781 terras
3446 2744 3459 2781 :
3491 2727 3592 2783 hoe

2010 2810 2266 2878 plantavit
2297 2812 2455 2867 Dens.
2479 2811 2612 2868 Veni
2637 2825 2813 2869 autem
2838 2816 2959 2882 huc,
2982 2825 3098 2870 esto
3125 2817 3174 2870 in
3207 2816 3353 2885 parte
3381 2819 3589 2887 Donati,

2012 2898 2065 2953 in
2096 2900 2208 2955 sola
2237 2901 2412 2956 Africa
2435 2911 2525 2957 est
2541 2904 2772 2958 Ecclesia
2804 2921 2829 2958 τ·
2848 2920 2950 2959 non
2992 2907 3245 2974 plantavit
3273 2910 3442 2973 Deus,
3486 2923 3590 2963 non

2011 2992 2500 3061 agnoscoplantam
2531 2994 2641 3049 Dei.
2666 2994 3054 3049 Eradicandum
3078 2997 3311 3066 estquod
3334 2998 3589 3068 loqueris,

2011 3096 2116 3135 non
2161 3083 2459 3153 rigandum.
2505 3081 2572 3138 Et
2608 3084 2831 3139 excitabo
2871 3086 2949 3141 eis
2988 3087 3293 3156 plautarium
3331 3089 3470 3159 pacis
3498 3104 3516 3143 :
3545 3099 3593 3144 et

2008 3174 2114 3242 iam
2141 3191 2243 3228 non
2269 3185 2413 3230 erunt
2440 3176 2526 3246 qui
2551 3177 2939 3231 extermincntur
2964 3180 3097 3249 [ante
3133 3179 3185 3233 in
3228 3189 3382 3234 terra.
3410 3180 3548 3238 Vere
3570 3221 3590 3250 ,

2010 3265 2235 3330 fratres,
2277 3269 2398 3338 quia
2428 3267 2596 3324 fames
2623 3278 2737 3333 est;
2766 3270 2988 3340 qumrite
3027 3279 3081 3325 et
3116 3272 3290 3327 videte
3338 3283 3589 3343 quantam

2011 3355 2201 3411 famem
2226 3360 2521 3428 patiantur:
2549 3361 2760 3430 etquod
2784 3362 2934 3430 pejus
2954 3372 3056 3430 est,
3079 3363 3278 3418 circum
3303 3380 3365 3418 os
3396 3364 3592 3419 habent

2010 3462 2185 3509 esum
2210 3490 2223 3514 ,
2263 3450 2358 3505 sed
2392 3467 2497 3504 non
2533 3451 2885 3517 manducauit;
2914 3468 3131 3523 prorsus
3160 3454 3426 3524 quomodo
3461 3456 3590 3525 aegri
3682 3464 3689 3469 '

2010 3540 2221 3594 fastidio
2248 3556 2390 3610 smpe
2420 3536 2737 3608 morinntu'r,
2777 3545 3024 3612 nonquia
3054 3543 3204 3598 deest
3231 3544 3372 3613 quod
3413 3560 3594 3599 come-

2009 3632 2177 3697 dant,
2210 3632 2302 3686 sed
2328 3632 2447 3701 quia
2474 3633 2758 3687 comedere
2798 3634 2980 3687 nolunt
3011 3642 3066 3688 et
3094 3642 3423 3689 aversantur.
3459 3635 3591 3691 Nam

2010 3722 2194 3792 utique
2235 3729 2288 3776 et
2327 3721 2617 3791 Scriptura:
2645 3722 2745 3776 ista
2777 3722 3066 3792 loquuntur
3097 3740 3110 3776 :
3140 3732 3194 3778 et
3220 3723 3304 3777 hic
3334 3724 3514 3795 utique
3539 3734 3596 3780 et

2009 3812 2081 3868 ibi
2111 3821 2263 3867 sonat
2287 3812 2525 3869 Psalmus
2547 3855 2561 3878 ,
2598 3812 3126 3868 Commemorabuntur
3161 3825 3206 3869 et
3248 3827 3594 3871 convertentur

2011 3908 2086 3962 ad'
2105 3907 2377 3961 Dominum
2403 3907 2618 3960 universi
2647 3907 2773 3977 ﬁnes
2803 3916 2949 3961 terra:
2967 3949 2981 3972 ,
3011 3915 3055 3960 et
3092 3907 3374 3962 adorabunt
3394 3910 3447 3962 in
3472 3925 3594 3963 con-

2009 4008 2182 4071 spectu
2223 4000 2333 4070 ejus
2370 3999 2615 4052 universae
2653 3999 2832 4069 patric
2874 3997 3099 4069 gentium
3142 3997 3309 4070 (Psal.
3336 4015 3443 4066 xxi,
3469 3999 3595 4071 28).

2010 4090 2151 4146 Ecce
2189 4105 2311 4146 esca
2357 4098 2439 4144 est
2479 4090 2648 4160 posita
2689 4088 2742 4143 iu
2783 4090 3039 4144 vasculo:
3072 4090 3116 4144 si
3160 4103 3320 4145 sanus
3357 4105 3505 4146 esses
3535 4100 3597 4146 et

2009 4180 2361 4235 manducarcs
2386 4222 2400 4246 ,
2453 4178 2707 4249 numquid
2740 4178 2809 4232 ibi
2843 4177 3192 4234 remaneres?
3231 4179 3298 4234 Et
3331 4180 3445 4252 jam
3489 4196 3600 4235 non

2011 4281 2157 4327 erant
2189 4272 2277 4339 qui
2304 4272 2694 4326 exterminentur
2720 4271 2853 4341 fante
2870 4269 2923 4323 in
2950 4278 3103 4331 terra,
3126 4279 3172 4324 et
3188 4272 3303 4341 jam
3332 4287 3431 4325 non
3467 4287 3590 4342 por-

2012 4365 2187 4426 labant
2215 4365 2534 4419 maledictum
2563 4365 2805 4434 gentium.
2837 4362 2997 4428 Vere,
3038 4363 3259 4427 fratres,
3302 4365 3354 4419 in
3385 4373 3597 4420 tantum

2014 4457 2225 4512 culmen
2252 4456 2303 4510 in
2334 4455 2546 4511 nomine
2575 4454 2770 4510 Christi
2797 4462 2973 4510 erecta
2998 4463 3080 4511 est
3107 4455 3369 4524 Ecclesia,
3399 4465 3456 4510 ut
3478 4457 3600 4527 jam

2010 4544 2406 4602 confundantur
2437 4560 2625 4601 omnes
2661 4544 2927 4613 maledici,
2958 4559 3057 4600 nec
3097 4545 3326 4600 audeant
3366 4547 3594 4603 maledi-

2010 4653 2153 4694 cere.
2184 4637 2298 4693 Hoc
2327 4638 2498 4693 solum
2529 4635 2632 4691 illis
2659 4636 2953 4703 remansit,
2980 4635 3123 4705 quod
3152 4646 3335 4692 contra
3377 4652 3474 4693 nos
3510 4638 3594 4693 diu

2010 4740 2132 4784 cant
2172 4746 2185 4782 :
2221 4727 2398 4795 Quare
2436 4728 2571 4782 inter
2599 4741 2694 4782 vos
2734 4741 2843 4781 non
2869 4727 3211 4782 consentitis?
3236 4728 3473 4785 Gentiles
3502 4746 3595 4800 pa~

2010 4820 2130 4892 gani
2148 4819 2237 4889 qni
2259 4826 2643 4885 remanserunt,
2663 4832 2769 4871 non
2792 4816 3049 4873 habentes
3068 4816 3192 4887 quid
3208 4817 3385 4873 dicant
3405 4828 3601 4873 contra

2011 4928 2205 4970 nomen
2231 4910 2446 4972 Christi,
2479 4908 2865 4963 dissensionem
2895 4906 3313 4963 Christianorum
3335 4909 3595 4963 Christia-

2011 5007 2094 5061 nis
2115 5002 2384 5072 objiciunt.
2409 4999 2548 5070 Ergo
2567 4999 2887 5068 quicumque
2911 4996 2979 5052 ab
3004 4996 3268 5069 htereticis
3287 4999 3597 5055 transierint

2011 5097 2077 5152 ad
2101 5092 2460 5155 Catholicam,
2491 5104 2599 5144 non
2638 5087 2908 5143 habebunt
2947 5088 3048 5141 hoc
3075 5087 3418 5156 opprobrium
3456 5104 3594 5159 gen-

2015 5188 2176 5251 tium;
2224 5196 2319 5237 nec
2366 5178 2653 5251 portabunt
2694 5176 3030 5232 maledictum
3059 5175 3407 5232 dissensionis
3428 5220 3441 5241 ,
3470 5179 3605 5249 quia

2014 5283 2326 5351 permanent
2345 5274 2396 5329 in
2418 5272 2595 5328 radice
2615 5270 2852 5338 unitatis,
2867 5270 2922 5325 in
2937 5268 3264 5341 plantatione
3281 5269 3555 5351 charitati‘s
3573 5287 3595 5325 :

1996 5371 2045 5429 Ν
2052 5388 2115 5428 οη
2126 5367 2392 5440 portabunt
2422 5363 2765 5419 maledictum.

2082 5550 2097 5580 ί
2125 5546 2262 5605 liditi;
2277 5548 2541 5607 serventur.
2562 5539 2897 5607 Emendantur_
2918 5536 2986 5607 ad
2998 5537 3173 5599 aliquot
3202 5545 3307 5588 Mss.
3392 5599 3398 5607 _

2081 5612 2100 5641 ²
2128 5598 2315 5671 Aliquot
2335 5606 2429 5655 hoc
2456 5605 2559 5654 loco
2580 5615 2753 5671 versus
2773 5600 2898 5663 apud
2923 5598 3056 5648 tslim.
3082 5598 3145 5649 et
3167 5606 3255 5648 Iov
3303 5599 3493 5664 οηιὶηκξ,
3515 5617 3597 5652 ως

2018 5670 2282 5734 stituuntur
2306 5680 2367 5716 ex
2394 5672 2467 5714 Er.
2485 5674 2535 5734 et
2557 5677 2619 5713 ex
2645 5670 2791 5734 uss.“
3007 5721 3038 5734 μ

2090 5733 2108 5763 ³
2136 5731 2273 5789 ttd‘tti,
2293 5729 2655 5778 rxtenuinetur.
2685 5733 2733 5775 Al
2760 5732 2886 5782 \tss.,
2913 5729 3223 5788 exstirpata.
