3938 6186
365 319 470 379 Bis

434 430 660 490 CAPUT
697 425 1038 485 XVIa—£9.
1092 424 1222 479 Ores
1257 421 1355 478 Dei
1398 436 1650 491 quanam.
1678 418 1745 474 Et
1785 419 1942 473 scient

369 526 605 594 quoniam
623 538 715 592 ego
732 536 844 576 sum
864 517 1114 572 Dominus
1142 514 1276 570 Deus
1301 529 1496 579 eorum,
1523 521 1569 567 et
1589 512 1689 583 ipsi
1717 511 1939 583 populus

371 634 510 672 unus
545 616 721 671 domus
764 609 947 676 lu'ael,
990 609 1114 664 dicit
1154 606 1402 663 Dominus
1443 605 1597 660 Dens.
1642 604 1781 659 Ecce
1810 609 1937 658 sunt

369 722 516 772 oves,
538 719 661 761 ecce
681 711 763 757 est
785 710 839 756 ct
856 701 1029 756 vinea.
1055 698 1331 766 Quomodo
1350 712 1470 753 cum
1491 696 1557 751 de
1575 695 1726 750 vinea
1753 693 1943 763 loque-

372 806 522 852 retur
549 794 733 857 Isaias,
771 805 999 861 arguens
1026 789 1307 860 quamdam
1346 788 1553 843 vineam
1591 785 1784 841 malam
1806 825 1822 852 ,
1877 799 1947 839 ne

370 887 572 943 diceret
596 885 747 947 vitis,
789 881 900 939 Non
937 881 1175 938 intellexi
1199 898 1216 949 ;
1239 880 1483 952 exposuit
1505 879 1559 934 in
1589 878 1693 935 fine
1718 878 1903 934 dicens
1926 918 1942 943 ,

382 978 540 1033 Vinea
551 987 715 1031 autem
738 975 944 1030 Domini
967 973 1195 1038 sabaotlt,
1223 971 1402 1026 domus
1427 970 1592 1027 Israel
1616 979 1689 1025 est
1718 967 1869 1043 (Isai.
1889 983 1943 1035 ν,

373 1072 461 1142 7);
492 1086 562 1125 ne
585 1069 846 1134 dicerent,
872 1065 988 1122 Non
1018 1063 1170 1121 nobis
1191 1063 1392 1119 dictum
1412 1064 1514 1129 est,
1537 1060 1631 1117 sed
1656 1061 1827 1116 vineae
1853 1074 1949 1113 ne-

370 1162 484 1218 scio
505 1161 588 1214 cui
614 1178 628 1213 :
652 1158 746 1214 sed
766 1167 820 1213 et
853 1156 960 1221 hic,
988 1171 1109 1211 cum
1148 1155 1356 1211 locutus
1392 1163 1535 1210 esset
1555 1152 1622 1208 de
1649 1150 1856 1214 ovibus,
1880 1148 1948 1203 ad

374 1262 672 1306 extremum
696 1264 761 1303 ne
787 1248 905 1317 quis
931 1246 1093 1312 dicat,
1122 1245 1282 1301 Forte
1305 1252 1430 1298 sunt
1454 1243 1646 1314 aliqua:
1687 1255 1815 1296 oves
1855 1240 1949 1294 Dei

378 1343 559 1399 nescio
582 1341 690 1407 ubi,
720 1354 853 1409 quas
889 1347 1039 1394 curat
1078 1338 1238 1404 Deus,
1279 1344 1336 1394 et
1371 1351 1470 1406 ego
1505 1336 1623 1391 illas
1649 1350 1752 1389 non
1783 1333 1902 1389 novi
1932 1349 1947 1386 :

372 1446 672 1503 quanquam
699 1429 958 1484 absurdus
990 1436 1073 1483 est
1088 1427 1257 1501 nimis
1278 1426 1512 1483 humano
1533 1424 1709 1481 sensui
1734 1423 1822 1495 qui
1853 1424 1951 1478 ista

376 1522 686 1593 cogitaverit
728 1537 742 1574 :
789 1529 966 1575 tamen
1001 1530 1183 1589 pastor
1224 1519 1313 1574 ille
1360 1516 1690 1587 eompatiens
1729 1516 1954 1571 infirmis

376 1627 541 1683 usque
569 1612 634 1668 ad
665 1611 797 1667 tales
819 1610 1164 1681 cogitationes
1195 1607 1500 1676 descendit,
1537 1616 1592 1663 et
1620 1623 1749 1678 quae
1775 1616 1956 1662 essent

378 1720 505 1760 oves
532 1703 666 1773 ejus,
694 1703 1026 1773 apertissime
1049 1701 1315 1772 exposuit.
1358 1699 1423 1754 Et
1468 1716 1553 1756 nos
1580 1715 1694 1754 oues
1722 1713 1847 1753 mea
1865 1739 1879 1763 ,
1906 1706 1955 1751 et

375 1813 491 1852 oves
534 1798 698 1869 gregis
744 1798 878 1860 mei,
926 1797 1148 1850 homines
1196 1795 1329 1850 estis.
1372 1793 1478 1849 Sed
1530 1792 1619 1864 qui
1668 1790 1955 1847 homines?

375 1902 570 1943 omnes
595 1887 878 1943 homines?
902 1886 1036 1941 Non.
1064 1884 1248 1940 Beatus
1266 1887 1406 1939 enim
1421 1884 1568 1955 cujus
1601 1892 1672 1937 est
1708 1881 1955 1935 Dominus

377 1976 518 2031 Deus
543 1994 657 2048 spes
672 1979 782 2050 ejus
803 1974 971 2049 (Psal.
1005 1991 1186 2043 χχχιχ,
1207 1973 1263 2046 5)
1289 1991 1304 2027 :
1328 1982 1412 2041 et,
1439 1973 1607 2041 Quam
1636 1973 1792 2027 bonus
1815 1971 1955 2025 Deus

377 2065 543 2122 Israel
566 2069 711 2122 rectis
735 2068 886 2121 corde
906 2066 1075 2135 (Psnl.
1102 2081 1260 2129 Lxxu,
1286 2063 1371 2137 l)!
1414 2062 1599 2118 Beatus
1620 2064 1695 2116 uir
1713 2062 1858 2132 cujus
1881 2070 1954 2115 est

378 2156 628 2212 Dominus
655 2156 789 2211 Deus
812 2158 971 2228 ipsius
994 2154 1162 2227 (Psal.
1190 2170 1346 2222 θην,
1372 2153 1451 2225 5).

450 2247 538 2304 50.
570 2246 708 2302 Deus
727 2248 951 2300 omnium
970 2256 1063 2307 est,
1089 2254 1134 2299 et
1159 2245 1221 2298 ab
1242 2244 1472 2298 omnibus
1500 2242 1606 2297 suis
1630 2257 1728 2295 non
1745 2239 1950 2306 divisus,

376 2338 466 2392 sed
518 2347 649 2391 totus
696 2336 995 2407 possidetur.
1037 2335 1208 2404 Super
1235 2348 1421 2388 omnes
1453 2341 1533 2387 est
1566 2331 1706 2386 Deus
1732 2348 1746 2384 :
1776 2339 1954 2385 tamen

379 2427 561 2484 nescio
593 2426 859 2497 quomodo
890 2440 995 2481 non
1029 2424 1181 2480 facile
1211 2424 1487 2494 quisquam
1539 2421 1699 2476 audet
1733 2421 1910 2476 dicere
1934 2460 1952 2487 ,

382 2520 522 2574 Deus
546 2533 715 2584 meus,
740 2517 840 2572 nisi
860 2516 948 2586 qui
973 2516 1024 2570 in
1051 2531 1171 2571 eum
1196 2515 1385 2581 credit,
1406 2524 1458 2569 et
1479 2514 1566 2584 qui
1591 2528 1712 2567 eum
1745 2513 1948 2583 diligit;

293 2652 297 2657 .
380 2607 493 2676 ipse
534 2607 685 2673 dicit,
727 2606 866 2662 Deus
894 2621 1065 2661 meus.
1102 2605 1273 2659 Tuum
1305 2604 1395 2659 tibi
1437 2602 1647 2667 fecisti;
1676 2602 1829 2673 cujus
1852 2619 1909 2657 es
1932 2644 1949 2669 ,

379 2698 480 2755 hoc
503 2708 647 2754 amat
669 2699 803 2768 ipse.
825 2698 1048 2754 Prorsus
1079 2696 1357 2752 dulcedine
1386 2694 1609 2753 affectus
1648 2695 1755 2761 tui,
1787 2702 1841 2749 ct
1868 2710 1955 2749 se-

376 2804 503 2844 cura
532 2799 585 2845 et
611 2787 902 2860 prazlidenti
920 2787 1207 2842 dilectione
1233 2787 1342 2852 dic,
1368 2786 1507 2841 Deus
1530 2799 1698 2840 meus.
1721 2784 1955 2840 Securus

376 2879 531 2947 dicis,
560 2893 745 2934 verum
770 2878 901 2934 dicis
921 2896 933 2932 :
952 2878 1073 2948 quia
1098 2877 1217 2931 tuus
1234 2884 1337 2942 est,
1358 2883 1413 2931 et
1438 2890 1542 2929 non
1568 2873 1739 2931 fecisti
1769 2881 1953 2928 utnon

376 2971 447 3027 sit
466 2971 701 3027 alterius.
724 2969 841 3026 Non
863 2969 1003 3024 enim
1024 2968 1103 3025 sic
1120 2967 1276 3035 dicis,
1295 2967 1436 3022 Deus
1455 2981 1635 3031 meus;
1662 2964 1950 3036 quomodo,

379 3063 561 3133 Equus
577 3078 746 3118 meus.
769 3062 949 3133 Equus
965 3060 1107 3116 enim
1129 3068 1251 3115 tuus
1266 3066 1369 3124 est,
1393 3073 1499 3113 non
1520 3072 1689 3127 equus
1706 3055 1948 3112 alterius.

379 3154 518 3210 Deus
540 3164 590 3210 et
620 3163 739 3210 tuus
757 3162 862 3219 est,
897 3161 954 3208 et
987 3152 1104 3220 ejus
1136 3151 1230 3220 qui
1261 3150 1339 3206 sic
1358 3148 1576 3214 dixerit,
1600 3148 1741 3207 Deus
1765 3161 1915 3202 meus
1932 3188 1948 3212 ,

377 3244 645 3316 quomodo
691 3252 747 3299 tu
803 3242 955 3298 dicis.
993 3241 1200 3312 Singuli
1238 3239 1448 3307 dicunt,
1476 3239 1621 3294 Deus
1658 3252 1829 3303 meus,
1857 3246 1951 3304 et,

380 3338 523 3394 Deus
547 3352 698 3392 meus
721 3354 735 3393 :
766 3335 858 3391 ille
881 3333 1113 3389 omnium
1132 3341 1236 3400 est,
1256 3330 1609 3387 enitimuniter
1625 3328 1872 3385 omnibus
1894 3343 1955 3385 se

378 3428 444 3482 ad
475 3426 750 3483 fruendum
780 3425 1041 3498 praebens,
1080 3424 1131 3478 in
1161 3421 1407 3478 omnibus
1432 3421 1655 3491 integer,
1683 3419 1738 3475 in
1761 3420 1955 3492 singu-

381 3519 446 3575 lis
474 3519 694 3589 integer.
718 3517 833 3572 Non
860 3516 998 3571 enim
1025 3514 1115 3585 qui
1139 3513 1355 3579 dicunt,
1385 3512 1528 3568 Deus
1553 3526 1725 3578 meus,
1755 3510 1947 3581 singuli

380 3609 618 3667 dividu‘nt
644 3609 783 3663 inter
809 3620 886 3662 se.
912 3606 966 3663 Si
993 3618 1171 3661 sermo
1219 3603 1322 3661 istc
1362 3617 1520 3673 quem
1569 3601 1713 3672 jacto
1752 3600 1950 3671 lingua,

380 3713 436 3758 et
463 3716 594 3756 sono
618 3709 891 3756 constante
914 3698 1105 3754 litteris
1124 3704 1180 3752 et
1198 3694 1438 3768 syllabis,
1470 3702 1613 3750 totus
1630 3692 1696 3749 ad
1712 3692 1954 3764 singulos

385 3792 642 3863 pervenit,
666 3806 765 3847 nec
790 3789 1030 3846 dividunt
1053 3788 1200 3843 illum
1246 3787 1386 3840 inter
1411 3799 1472 3841 se
1505 3784 1595 3855 qui
1630 3783 1880 3847 audiunt;
1909 3782 1955 3838 si

380 3899 559 3941 sermo
584 3883 650 3939 ad
671 3896 828 3938 aures
854 3877 1092 3951 corporis
1116 3876 1462 3947 corporaliter
1479 3888 1697 3940 sonans,
1739 3874 1793 3929 in
1827 3888 1954 3943 pro-

382 3978 578 4045 pinquo
603 3972 818 4039 clarius,
847 3971 899 4026 in
925 3968 1211 4040 longinquo
1248 3964 1567 4037 languidius,
1611 3964 1680 4020 ab
1708 3962 1959 4018 omnibus

382 4077 558 4123 tamen
589 4062 923 4120 audientibus
953 4068 1095 4117 totus
1139 4057 1422 4129 excipitur,
1446 4069 1551 4111 non
1573 4055 1713 4110 inter
1753 4068 1813 4108 se
1840 4052 1955 4124 syl-
1999 4055 2001 4057 ’

382 4158 600 4213 labatim
623 4171 745 4212 eum
775 4152 1152 4218 dividentibus,
1197 4148 1294 4205 sed
1320 4148 1571 4204 omnibus
1605 4153 1771 4200 totum
1815 4143 1956 4199 acci-

384 4249 678 4320 pictilibus;
705 4253 902 4317 quanto
924 4243 1090 4313 magis
1134 4240 1225 4298 ille
1264 4239 1425 4299 Deus.
1456 4237 1652 4307 ubique
1695 4247 1952 4305 praesens,

387 4342 613 4411 implens
641 4338 841 4403 omnia,
868 4350 971 4390 non
1019 4332 1311 4404 prepinqua
1339 4331 1553 4396 clarius,
1579 4338 1633 4384 et
1669 4327 1956 4397 longinqua

386 4429 702 4500 languidius,
729 4425 824 4483 sed
846 4422 1163 4494 pertendens
1180 4436 1210 4474 a
1241 4420 1346 4475 (ine
1366 4434 1532 4489 usque
1555 4418 1622 4473 ad
1652 4418 1810 4473 finem
1843 4416 1955 4472 for-

385 4523 527 4588 titer,
576 4529 625 4576 et
670 4520 956 4588 disponens
1007 4513 1186 4569 omnia
1242 4511 1476 4567 suaviter
1538 4510 1692 4581 (Sap.
1733 4525 1845 4577 vut,
1873 4508 1951 4579 l),

385 4614 657 4682 mqualiter
681 4610 980 4682 possidetur
1023 4606 1092 4661 ab
1128 4603 1406 4659 omnibus?
1453 4602 1566 4657 Lux
1602 4602 1725 4667 ista,
1764 4601 1959 4658 fratres

383 4707 510 4771 mei,
537 4714 684 4761 certe
711 4715 989 4772 corporea,
1021 4699 1089 4753 de
1108 4698 1247 4753 coelo
1274 4695 1470 4765 fulget;
1510 4693 1698 4759 oritur,
1738 4691 1952 4759 occidit,

380 4798 644 4867 circumit,
690 4796 758 4853 de
782 4795 899 4867 loco
924 4793 977 4849 in
1021 4790 1196 4846 locum
1241 4794 1474 4843 mutatur
1505 4793 1717 4840 :tamen
1763 4797 1954 4854 proce-

382 4890 517 4946 dunt
536 4889 588 4945 in
614 4865 731 4944 eam
769 4865 1150 4955 ct'diriguotur
1170 4878 1411 4936 omnium
1435 4876 1594 4941 oculi,
1617 4883 1672 4932 et
1717 4874 1957 4930 omnium

378 4983 521 5041 oculi
549 4980 744 5053 pariter
770 4993 888 5035 eam
909 4973 1202 5047 possident,
1226 4986 1331 5027 non
1347 4984 1466 5026 eam
1482 4967 1754 5035 dividunt;
1777 4965 1954 5024 nullus

382 5077 434 5130 in
460 5090 524 5131 ea
552 5073 699 5130 dives
725 5070 945 5126 limitem
976 5067 1110 5131 tixit,
1149 5079 1248 5120 nec
1274 5063 1421 5134 prior
1449 5057 1866 5133 prteoccupando
1900 5065 1963 5115 ut

379 5166 603 5231 videret,
625 5163 810 5219 oculos
848 5158 1096 5231 pauperis
1123 5165 1216 5212 aut
1237 5154 1484 5222 exclusit,
1517 5160 1609 5207 aut
1634 5150 1955 5222 angustavit.

381 5258 532 5313 Dicat
556 5269 769 5326 pauper,
799 5254 939 5307 Deus
972 5264 1154 5314 meus;
1183 5248 1328 5304 dicat
1354 5246 1524 5310 dives,
1577 5244 1720 5299 Dens
1756 5256 1907 5299 meus
1938 5259 1951 5297 :

383 5349 560 5403 minus
579 5346 667 5402 ille
688 5344 867 5408 habet,
900 5341 1015 5411 plus
1045 5340 1130 5394 hic
1155 5338 1352 5402 habet;
1384 5336 1477 5392 sed
1514 5346 1815 5406 argentum,
1847 5349 1954 5389 non

382 5438 570 5495 Deum.
600 5437 671 5495 Ut
696 5433 996 5508 perveniret
1013 5430 1081 5486 ad
1106 5430 1272 5486 Deum
1300 5427 1586 5483 Zacchzeus
1610 5426 1781 5493 dives,
1809 5425 1954 5481 dedit

381 5529 658 5584 dimidium
684 5524 984 5598 patrimonii
1023 5522 1103 5579 sui
1144 5519 1293 5593 (Luc.
1324 5534 1436 5586 xix,
1457 5518 1540 5590 8);
1570 5528 1626 5571 ut
1656 5515 1958 5587 perveniret

383 5618 590 5682 l‘ctrus,
639 5618 770 5672 retia
815 5624 870 5672 et
917 5630 1103 5671 navem
1136 5610 1337 5669 dimisit
1381 5608 1594 5681 (Matth.
1632 5606 1845 5677 iv,‘20):
1898 5614 1956 5661 ut

379 5710 681 5780 perveniret
706 5707 880 5775 vidua,
916 5706 1021 5763 duo
1064 5706 1261 5763 minuta
1309 5704 1454 5767 dedit
1496 5700 1645 5776 (an.
1673 5716 1779 5768 χχι,
1805 5699 1949 5772 2ο4);

1483 276 1496 293 ’
1573 303 1631 359 s.
1670 297 2039 359 AUGUSTINI
2075 296 2382 353 EPISCOPI

3501 300 3620 361 ’316

2052 423 2111 471 ιιι
2131 413 2433 485 perveniret
2461 413 2758 483 pauperior,
2806 414 3027 469 calicem
3077 428 3229 485 sqtue
3252 415 3455 487 frigida:
3496 437 3621 490 por-

2053 505 2191 562 rexit
2220 506 2432 580 (Matth.
2456 522 2512 573 x,
2541 505 2656 577 £2);
2685 514 2743 561 ut
2769 506 3069 576 perveniret
3112 507 3323 577 penitus
3345 524 3542 580 pauper
3569 523 3623 568 et

2051 613 2272 669 egenus,
2290 598 2457 653 solam
2479 598 2670 653 bonam
2696 598 3020 654 voluntatem
3043 599 3228 654 tribuit
3251 599 3399 672 (Luc.
3423 618 3493 671 xi,
3510 603 3624 677 ﬂ).

2052 690 2270 747 Diversa
2312 689 2592 756 dederunt,
2625 690 2720 745 sed
2783 691 2849 746 ad
2881 707 3042 747 unum
3079 703 3452 762 pervenerunt,
3504 699 3625 768 quia

2057 797 2163 837 non
2193 782 2400 837 diversa
2428 790 2779 838 amaverunt.
2828 781 2918 839 Sic
2958 794 3012 839 et
3046 799 3161 852 vos,
3206 784 3449 844 homines
3500 803 3628 846 oves

2052 872 2168 936 Dei,
2191 887 2320 927 oves
2349 874 2522 943 gregis
2552 873 2670 939 Dei,
2704 873 2869 930 nolite
2911 876 3206 945 perturbari
3244 878 3628 948 temporalibus

2052 962 2444 1018 diversitatibus
2483 964 2691 1027 vestris,
2723 964 2862 1036 quod
2911 966 2999 1021 alii
3042 966 3095 1020 in
3144 964 3367 1034 honore,
3394 970 3485 1025 alii
3510 972 3630 1027 sine

2053 1052 2272 1120 honore,
2307 1055 2394 1109 alii
2437 1070 2556 1111 cum
2587 1057 2830 1126 pecunia,
2856 1057 2945 1112 alii
2970 1069 3164 1127 prteter
3210 1063 3506 1130 pecuniam,
3535 1065 3629 1120 alii

2054 1144 2257 1214 pulchri
2286 1160 2532 1216 corpore,
2563 1147 2652 1202 alii
2676 1146 2851 1202 minus
2887 1148 3113 1218 pulchri,
3141 1151 3229 1205 alii
3282 1161 3442 1210 aetate
3477 1154 3629 1223 fessi,

2053 1235 2141 1289 alii
2165 1236 2408 1304 juvenes,
2454 1238 2543 1292 alii
2597 1239 2763 1310 pueri,
2792 1240 2881 1294 alii
2924 1240 3043 1308 viri,
3083 1242 3174 1297 alii
3212 1242 3460 1301 feminae:
3491 1249 3632 1308 Deus

2054 1328 2300 1383 omnibus
2328 1330 2605 1399 aequaliter
2646 1331 2816 1386 adest.
2857 1332 2951 1387 llle
2979 1333 3117 1402 apud
3152 1349 3271 1391 eum
3311 1338 3429 1407 plus
3468 1339 3634 1397 habet

2057 1418 2179 1485 loci,
2208 1422 2295 1491 qui
2325 1422 2441 1490 plus
2469 1422 2723 1489 attulerit,
2750 1439 2855 1478 non
2887 1426 3112 1495 argenti,
3137 1427 3229 1481 sed
3258 1429 3399 1484 fidei.
3429 1430 3498 1488 Et
3518 1450 3627 1500 vos,

2057 1510 2247 1580 inquit,
2280 1527 2392 1565 oves
2422 1528 2564 1578 mete,
2613 1521 2658 1566 et
2685 1529 2799 1567 oves
2839 1516 3003 1585 gregis
3049 1517 3167 1582 mei,
3213 1518 3437 1575 homines
3476 1523 3634 1587 estis;

2057 1609 2105 1654 et
2123 1616 2213 1671 ego
2241 1599 2379 1656 Deus
2408 1610 2583 1667 vester,
2623 1603 2745 1657 dicit
2773 1602 3023 1660 Dominus
3051 1605 3202 1662 Deus.
3226 1607 3269 1664 Ο
3304 1610 3492 1667 beatos
3535 1630 3635 1669 nos

2058 1690 2148 1745 tali
2178 1690 2512 1761 possessione
2541 1700 2594 1746 et
2646 1692 2736 1745 tali
2767 1696 3106 1762 possessore!
3141 1696 3270 1751 Nam
3305 1707 3360 1754 et
3399 1703 3637 1770 possidet

2059 1796 2176 1845 nos,
2202 1790 2257 1835 et
2286 1781 2615 1851 possidemus
2645 1783 2791 1838 illum
2823 1801 2837 1836 :
2868 1785 3102 1853 possidet
3127 1801 3241 1852 nos,
3272 1790 3485 1846 utcolat
3509 1809 3633 1860 nos;

2060 1871 2391 1942 possidemus
2418 1873 2589 1938 illum,
2620 1882 2678 1928 ut
2721 1875 2959 1929 colamus
2999 1875 3146 1930 illum
3178 1895 3191 1932 :
3221 1879 3313 1934 sed
3354 1896 3455 1936 nos
3501 1884 3641 1940 coli-

2059 1976 2180 2017 mus
2209 1971 2453 2032 tanquam
2487 1962 2675 2029 Deum,
2706 1963 2797 2017 ille
2818 1964 2943 2018 colit
2990 1972 3236 2036 tanquam
3280 1983 3465 2039 agrum
3496 1989 3510 2024 :
3542 1971 3640 2030 ille

2059 2068 2156 2109 nos
2187 2055 2333 2119 colit,
2364 2064 2422 2109 ut
2470 2054 2698 2111 fructum
2746 2054 3057 2123 atl‘eramus;
3102 2073 3198 2113 nos
3227 2074 3347 2115 eum
3383 2063 3637 2132 colimus,

2059 2156 2114 2202 ut
2143 2146 2365 2202 fructum
2395 2147 2604 2203 demus.
2631 2147 2824 2203 Totum
2853 2147 2919 2203 ad
2940 2163 3038 2203 nos
3064 2150 3309 2219 recurrit,
3340 2152 3430 2207 ille
3456 2157 3635 2212 nostri

2057 2253 2162 2292 non
2188 2248 2326 2309 eget,
2352 2235 2500 2292 Dabo
2524 2237 2631 2304 tibi,
2665 2238 2855 2308 inquit,
2900 2237 3238 2295 hereditatem
3264 2251 3401 2295 tuam
3443 2253 3491 2298 et
3516 2260 3641 2315 pos.

2056 2331 2322 2384 sessionem
2350 2338 2487 2383 tuam
2510 2329 2636 2399 ﬁnes
2666 2338 2813 2384 teme
2840 2326 3014 2400 (Psal.
3041 2344 3097 2394 ιι,
3120 2329 3201 2400 8).
3246 2330 3384 2387 Ecce
3417 2347 3640 2402 poeses-

2056 2420 2136 2474 sio
2166 2420 2330 2491 ipsius
2369 2434 2572 2475 sumus.
2619 2418 2889 2487 Dominus,
2924 2419 3114 2491 inquit,
3162 2438 3283 2491 pars
3329 2424 3643 2480 hereditatis

2056 2526 2179 2564 mete
2200 2521 2246 2564 et
2272 2511 2441 2564 colicis
2467 2516 2565 2565 mei
2590 2509 2758 2580 (Psal.
2788 2527 2871 2576 xv,
2906 2510 2982 2585 5).
3000 2513 3137 2568 Ecce
3167 2518 3431 2583 possessio
3454 2527 3638 2572 nostra

2054 2608 2176 2655 est:
2205 2600 2297 2655 sed
2329 2609 2501 2655 tamen
2532 2616 2634 2672 qua
2656 2601 3027 2658 distinctione?
3066 2604 3173 2659 Vos
3215 2605 3459 2662 homines
3483 2610 3640 2676 estis,

2054 2708 2152 2762 ego
2182 2693 2432 2748 Dominus
2455 2694 2595 2749 Deus
2624 2705 2817 2761 vester,
2843 2695 2972 2751 dicit
2993 2696 3242 2753 Dominus
3268 2698 3406 2755 Deus
3432 2709 3641 2756 noster.

2540 2805 2766 2865 sentio
2792 2807 2996 2864 XLvm
3016 2807 3139 2884 ·(α).

2056 2894 2135 2949 De
2160 2896 2317 2951 verbis
2348 2895 2579 2953 dliclta‘a:
2628 2900 2907 2972 prophetes,
2962 2917 3080 2973 cap.
3113 2918 3184 2967 γι,
3214 2902 3333 2971 6-8,
3362 2902 3499 2973 Quid
3547 2906 3643 2961 di-

2124 3004 2283 3059 gnum
2322 2989 2539 3043 offeram
2593 2990 2836 3057 Domino,
2866 3001 2960 3047 etc.
2994 2991 3166 3063 Deque
3211 2993 3415 3050 Psalmo
3465 3012 3640 3069 usu,

2128 3080 2294 3148 Quam
2322 3080 2491 3135 bonus
2521 3080 2681 3137 Israel
2705 3082 2861 3137 Deus.
2889 3093 2980 3140 etc.
2998 3082 3092 3156 (b).

2452 3195 2649 3245 Habitus
2672 3196 2720 3244 in
2740 3195 2934 3247 basilica
2947 3195 3201 3247 Celeriuze.

2130 3299 2214 3355 CA
2226 3300 2355 3355 PUT
2380 3300 2803 3357 PRIMUM.-—l.
2834 3300 3151 3358 Prtedicator
3171 3305 3304 3359 verbi
3330 3316 3569 3373 operatur
3592 3310 3645 3363 in

2057 3393 2283 3457 auribus,
2331 3392 2468 3447 Deus
2519 3394 2574 3447 in
2624 3394 2794 3448 corde.
2840 3395 3118 3451 Lectiones
3170 3397 3471 3453 divinorum
3518 3401 3641 3457 elo-

2056 3483 2322 3553 quiorum,
2353 3498 2474 3539 cum
2502 3484 2877 3551 recitarentur,
2906 3485 3225 3541 audivimus.
3253 3488 3324 3541 Ea
3351 3488 3505 3543 nobis
3551 3500 3642 3545 est

2057 3560 2308 3631 materies
2337 3575 2585 3645 loquendi
2626 3578 2923 3646 proposita;
2972 3576 3098 3633 inde
3132 3593 3320 3648 sapere
3356 3579 3641 3648 debemus,

2058 3665 2181 3721 inde
2207 3667 2474 3721 seminare
2509 3666 2650 3736 quod
2688 3668 2942 3737 sapimus,
2980 3668 3266 3737 adjuvante
3309 3670 3421 3737 illo,
3455 3671 3510 3725 in
3538 3687 3643 3727 cu—

2054 3756 2142 3826 jus
2166 3773 2321 3811 manu
2343 3767 2459 3811 sunt
2476 3797 2491 3824 ,
2520 3758 2658 3812 sicut
2682 3756 2936 3827 scriptum
2963 3768 3068 3824 est,
3098 3773 3143 3812 et
3171 3776 3264 3814 nos
3309 3768 3356 3815 et
3383 3778 3645 3818 sermones

2061 3850 2220 3905 nostri
2246 3849 2399 3920 (δαν.
2433 3864 2525 3915 vn,
2557 3850 2669 3919 l6).
2700 3849 2810 3905 Nec
2833 3850 3029 3905 frustra
3074 3851 3179 3907 alio
3204 3851 3323 3907 loco
3370 3853 3641 3923 scriptum
3716 3908 3719 3911 η

2060 3950 2161 4004 est,
2190 3939 2257 3994 In
2276 3939 2497 3995 Domino
2520 3940 2737 3996 laudabo
2755 3957 3053 4008 sermonem,
3093 3943 3148 3997 iu
3170 3941 3389 3998 Domino
3415 3943 3655 3999 laudate

2121 4079 2141 4098 ⁹
2165 4077 2445 4129 Recensitus
2458 4078 2506 4127 in
2519 4084 2624 4129 Mss.
2648 4091 2714 4128 cs.
2740 4077 2802 4130 cl.
2829 4084 2882 4130 et
2903 4081 2950 4129 in
2974 4088 3072 4129 Am.
3092 4084 3165 4129 Er.
3188 4079 3324 4130 Ullm.
3348 4086 3452 4130 Par.
3478 4086 3590 4129 Iov.

2143 4162 2194 4220 a)
2228 4159 2366 4220 Alias,
2390 4160 2455 4210 de
2470 4169 2711 4220 Tempore
2732 4159 2840 4210 238.

2144 4220 2290 4285 b),Ex
2317 4223 2566 4285 Augustini
2588 4220 2637 4272 in
2669 4223 2796 4273 hunc
2815 4223 2971 4285 ipsum
2992 4221 3199 4273 Michtea:
3216 4220 3376 4272 locum
3410 4233 3645 4285 somnone

2059 4283 2273 4335 nonnihil
2289 4283 2418 4348 quod
2433 4285 2637 4348 minime
2649 4283 2863 4348 continet
2882 4285 3191 4348 subsequens
3202 4292 3447 4348 tractatus,
3468 4283 3644 4348 decer-

2059 4353 2201 4409 ptum,
2219 4343 2341 4395 est'a
2354 4346 2494 4409 Beda,
2509 4347 2613 4395 etin
2626 4345 2725 4409 ipsa
2745 4345 2978 4409 eius,_non
2997 4343 3189 4409 vulgata
3208 4346 3403 4407 quidem
3422 4343 3644 4409 falsoque

2060 4356 2194 4418 ptum
2219 4356 2295 4394 est
2314 4358 2341 4395 a
2354 4356 2494 4403 Beda,
2509 4356 2613 4395 etin
2626 4357 2725 4405 ipsa
2745 4356 2870 4455 cj't‘lls,
2883 4357 2978 4392 non
2997 4356 3189 4407 vulgata
3208 4356 3403 4407 quidem
3422 4356 3643 4454 tensoque

2060 4421 2119 4480 et
2130 4408 2327 4480 tributa,
2358 4407 2447 4480 sed
2471 4420 2587 4480 vera
2607 4412 2660 4480 et
2672 4407 2787 4480 _in'p_
2833 4406 3088 4480 rihusﬁtss.
3116 4405 3252 4457 libris
3270 4414 3469 4480 reperta
3586 4419 3643 4480 e-

2060 4422 2108 4457 et
2130 4422 2327 4469 "muta,
2358 4422 2447 4457 seu
2471 4422 2587 4457 vera
2607 4422 2660 4456 et
2682 4422 2728 4456 in
2752 4422 2968 4468 pitu-mus
2986 4422 3088 4456 mss.
3116 4422 3252 4457 unus
3270 4422 3328 4456 re
3348 4422 3467 4455 ιεηει
3487 4422 3643 4455 eone-

2057 4471 2219 4542 ctione
2237 4470 2315 4542 sic_
2330 4468 2567 4542 profertur
2589 4468 2649 4517 ad
2665 4467 3042 4542 galatlrvzj‘lax
3061 4478 3287 4542 sermone
3310 4422 3644 4542 deprophett:

2067 4548 2090 4578 ι
2111 4534 2182 4581 cis
2213 4527 2376 4585 verbis
2391 4566 2406 4589 ,
2429 4536 2483 4579 ut
2503 4529 2647 4578 homo
2666 4527 2834 4591 diligat
2851 4527 3080 4591 justitiam
3104 4533 3157 4578 et
3178 4527 3553 4577 misericordiam
3592 4535 3646 4579 et

2067 4609 2091 4639 ι
2110 4591 2372 4658 ndicium.
2394 4588 2685 4658 mutuscae
2707 4588 2773 4658 sit
2791 4588 3041 4658 ξιιίιξιιιινθ
3061 4601 3170 4658 sum
3190 4590 3388 4658 ηοεηίηο
3408 4595 3641 4658 Nosno-

2067 4672 2091 4701 ι
2110 4647 2230 4706 'Cunt
2264 4647 2424 4703 autem
2460 4652 2582 4703 venit
2605 4647 2850 4713 plenitudo
2882 4647 3136 4713 temporis,
3163 4648 3291 4700 misit
3318 4647 3646 4713 Deusjilitau

2067 4734 2091 4762 α
2111 4726 2250 4768 suum
2272 4717 2450 4778 factum
2482 4726 2546 4778 ea:
2574 4709 2802 4778 muliere,
2824 4709 3003 4775 factum
3026 4709 3276 4778 subjege.
3299 4711 3389 4761 sed
3412 4709 3643 4778 adfundit,

2068 4796 2091 4824 ι
2110 4771 2290 4841 factum
2309 4789 2373 4827 ex
2406 4773 2638 4845 muliere;
2670 4771 2997 4845 quiaonatum.
3018 4771 3302 4845 conﬁtentur
3332 4784 3403 4845 es
3426 4772 3640 4835 virgine.

2068 4856 2090 4885 ι
2110 4834 2302 4891 Factum
2324 4851 2422 4887 non
2448 4834 2728 4886 confitemur
2758 4834 2849 4883 nisi
2872 4834 3115 4884 hominem
3141 4847 3153 4881 :
3180 4840 3309 4882 Deus
3326 4841 3491 4883 autem
3507 4834 3640 4882 Sem-

2068 4917 2091 4946 ι
2110 4915 2201 5013 Et»
2223 4901 2406 4974 faciens
2437 4904 2530 4970 est?
2551 4897 2665 4969 ﬁeri
2680 4895 2835 4945 nescit
2869 4902 2922 4944 ut
2950 4895 3028 4944 sit.
3053 4895 3172 4968 Fieri
3196 4896 3353 4944 nescit
3370 4900 3502 4965 Dem
3518 4907 3531 4943 :
3550 4892 3641 4944 sed

2067 4977 2092 5007 ι
2154 4970 2236 5025 θυι
2256 4961 2436 5025 aliquid
2457 4959 2717 5025 aliwrsu;
2754 4969 2852 5018 quo
2882 4955 3025 5025 modo
3053 4956 3246 5025 dicitur,
3270 4956 3641 5025 muretu-

2180 4971 2236 5013 ut
2256 4971 2436 5013 aliquid
2457 4971 2598 5008 auem
2628 4971 2717 5013 sit;
2754 4971 2852 5013 quo
2882 4971 3025 5006 moue
3053 4971 3246 5013 dictum
3270 4971 3486 5013 Donasse,
3511 4971 3645 5013 mu.

2068 4988 2092 5007 ι
2110 4988 2162 5013 ιιι
2182 4988 2236 5015 ιιι
2256 4988 2436 5025 quusu
2457 4988 2598 5008 αιιυιιι
2628 4988 2717 5018 ou,
2754 4988 2852 5018 ιιυιυ
2882 4988 3025 5006 suum
3053 4988 3246 5016 unauna,
3270 4988 3486 5013 ννιηοην,
3511 4988 3641 5018 ,ηυ-

2068 5024 2243 5090 sgium
2269 5024 2423 5087 factus
2455 5033 2506 5090 es
2542 5018 2706 5090 nobis;
2750 5025 2832 5090 et,
2874 5016 3100 5067 Dominus
3132 5018 3289 5090 fagus
3331 5014 3641 5090 e§t_od}_utor

2068 5078 2457 5144 s'meus.'Quanta
2480 5081 2659 5141 factus,
2698 5080 2780 5144 qui
2806 5092 3050 5142 utinquam
3073 5078 3150 5128 est
3184 5078 3372 5128 factus?
3413 5078 3639 5144 pommus

2068 5165 2091 5195 ι
2112 5156 2276 5198 autem
2294 5139 2508 5195 christus
2526 5139 2670 5193 homo
2691 5139 2842 5192 fatuus
2864 5139 2941 5191 est
2955 5174 2971 5198 ,
2993 5147 3050 5191 ut
3079 5146 3236 5201 esset;
3261 5146 3316 5189 ut
3338 5139 3424 5203 qui
3443 5144 3647 5203 uzeator,

2068 5226 2091 5256 ι
2112 5197 2308 5266 semper
2333 5214 2464 5266 erat,
2502 5211 2723 5255 creatura
2761 5209 2912 5266 esset.
2952 5197 3145 5251 attinens
3175 5197 3306 5251 enim
3327 5197 3458 5266 Deus
3485 5197 3508 5248 ti

2068 5288 2091 5316 α
2115 5279 2190 5320 est
2222 5262 2372 5319 homo
2387 5304 2400 5330 ,
2425 5262 2479 5317 ut
2500 5266 2647 5330 ﬁeret
2661 5262 2788 5330 quod
2818 5270 3043 5330 noncyat
3061 5298 3075 5322 ,
3100 5276 3196 5312 non
3216 5270 3271 5311 ut
3304 5262 3488 5324 periret
3508 5273 3575 5322 qu

2068 5349 2093 5378 ι
2115 5340 2236 5383 erat.
2260 5338 2357 5380 Hoc
2378 5324 2499 5392 ergo
2519 5328 2583 5392 de
2606 5324 2792 5392 virgine
2807 5324 2938 5392 quod
2958 5324 3132 5392 factum
3155 5330 3425 5392 θεῖε-φειδ
3444 5334 3639 5392 βείω-ο

2068 5412 2091 5439 α
2113 5393 2229 5444 (iere
2245 5391 2408 5451 ?Quod
2425 5383 2550 5451 apud
2587 5383 2941 5451 “abimum—mhi
2962 5392 3039 5451 est
3064 5387 3213 5448 prima
3236 5383 3405 5451 lingua
3433 5383 3637 5451 Scriptu-

2069 5472 2091 5502 ι
2110 5468 2198 5515 rte,
2222 5446 2396 5503 mulier
2417 5446 2595 5501 nomen
2613 5455 2687 5515 est
2704 5447 2994 5515 significandi
3012 5446 3180 5506 sexus,
3200 5459 3293 5496 non
3315 5446 3503 5515 amissae
3518 5446 3640 5515 inte-

2069 5534 2090 5563 s
2113 5505 2317 5580 gritatis.
2335 5520 2463 5577 Lege
2482 5505 2861 5580 quandomﬁlier
2882 5508 3079 5580 formula
3089 5505 3192 5580 est:
3464 5506 3634 5580 inquit,

2069 5562 2090 5626 ᾇ
2113 5562 2463 5628 Deus—nudi}
2483 5562 2626 5633 c'ostis
2645 5572 2748 5633 ejus
2765 5607 2780 5632 ,
2807 5572 2849 5620 id
2873 5577 2954 5633 est
2972 5572 3057 5633 viri
3072 5604 3089 5633 ,
3100 5575 3155 5633 et
3181 5562 3441 5633 azdiﬁcatit’
3459 5562 3566 5616 eam
3585 5562 3637 5613 in

2070 5661 2088 5687 υ
2114 5638 2376 5690 mulierem.
2401 5637 2474 5685 Sic
2509 5631 2682 5682 mulier
2703 5631 2841 5683 Maria
2863 5646 2876 5690 ;
2899 5632 2973 5681 sic
2994 5632 3038 5680 ei
3062 5631 3241 5680 dictum
3274 5631 3350 5679 est
3380 5637 3637 5690 antequam

2071 5722 2091 5749 ι
2116 5689 2328 5765 lueret,
2346 5706 2605 5759 antequam
2631 5697 2931 5757 conciperet,
2966 5699 3107 5744 Beato
3129 5699 3179 5742 tu
3202 5691 3324 5743 inter
3346 5689 3587 5740 nuttiercs.
3603 5700 3628 5731 ο
