3938 6186
419 260 525 360 sia
1628 292 1687 350 s.

487 417 520 472 ϐ
578 414 689 470 Iloc
720 412 989 470 Psalmista
1015 411 1232 483 suscepit
1258 424 1575 481 cognoscere.
1616 408 1750 477 Quid
1778 424 1908 479 ergo
1935 408 2009 463 fa-

418 506 596 563 ciam?
619 505 833 575 Suscepi
850 517 1166 574 cognoscere.
1191 500 1425 571 Suscepi,
1458 500 1649 568 inquit,
1676 516 1974 569 cognoscere
1990 516 2009 553 :

416 598 511 654 sed
535 612 781 668 magnum
811 603 896 651 est
928 595 1027 649 hoc
1059 606 1380 665 cognoscere
1400 634 1414 658 ,
1459 591 1675 647 difficile
1703 601 1785 646 est
1808 606 2010 661 cogno-

416 705 590 746 scere.
645 688 798 751 Hoc,
845 688 1043 757 inquit,
1077 694 1418 755 posteaquam
1458 684 1630 748 dixit,
1679 682 1894 753 Suscepi
1923 698 2007 736 co-

416 794 689 852 gnoscere;
719 779 814 832 hoc
839 777 985 833 labor
1010 786 1084 831 est
1112 786 1228 830 ante
1244 792 1326 830 me
1353 790 1373 831 :
1397 774 1666 844 quomodo
1690 788 2005 844 cognoscam

413 884 463 928 et
491 872 692 942 justum
724 870 888 925 Deum
917 884 1060 931 esse,
1091 878 1143 923 et
1172 883 1257 922 res
1287 866 1545 921 humanas
1575 880 1734 920 nosse
1754 904 1769 929 ,
1807 873 1861 919 et
1889 879 2009 933 per-

416 962 585 1016 versis
626 962 762 1017 bene
796 975 945 1026 esse,
974 959 1137 1014 rectis
1173 955 1458 1027 aliquando
1500 956 1640 1011 male
1681 971 1821 1010 esse.
1864 956 2009 1021 Quo-

412 1054 574 1109 modo
612 1054 682 1108 sit
718 1053 955 1123 justum,
996 1050 1203 1120 suscepi
1245 1063 1599 1120 cognoscere,
1648 1057 1702 1103 et
1743 1047 1892 1102 labor
1924 1055 2006 1100 est

411 1155 537 1201 ante
566 1162 671 1201 me.

483 1233 708 1290 CAPUT
758 1234 823 1289 ν.
850 1264 923 1275 -—
950 1235 1002 1287 7.
1037 1231 1301 1300 Quomodo
1332 1232 1407 1287 vel
1434 1230 1676 1302 quamdiu
1704 1229 1846 1283 Deus
1873 1229 2006 1283 sinat
2043 1205 2053 1227 ‘

412 1338 461 1383 et
489 1328 609 1383 bene
653 1345 761 1383 esse
807 1328 955 1382 nialis
999 1337 1046 1381 et
1088 1327 1220 1380 male
1250 1342 1357 1381 esse
1391 1322 1554 1379 bouis.
1607 1324 1893 1391 Quousque
1924 1321 2004 1374 la-

414 1420 551 1475 bor?
580 1420 750 1475 Donec
775 1421 1018 1473 introeant
1046 1421 1098 1472 in
1122 1419 1468 1473 sanctuarium
1499 1416 1594 1470 Dei
1613 1458 1626 1481 ,
1655 1426 1699 1470 et
1726 1415 2002 1483 intelligam

409 1513 463 1567 in
495 1514 783 1567 novissima.
817 1512 956 1566 Intra
1000 1525 1129 1580 ergo
1171 1509 1226 1563 in
1266 1510 1624 1562 sanctuarium
1668 1507 1792 1569 Dei,
1825 1506 2001 1560 anima

411 1603 615 1669 ﬁdelis;
666 1603 803 1658 intra
853 1602 904 1656 in
948 1601 1309 1657 sanctuarium
1355 1600 1487 1664 Dei,
1528 1598 1702 1653 anima
1752 1597 1869 1667 pia,
1917 1595 2003 1650 cui

410 1711 519 1751 non
561 1695 809 1764 displicet
848 1695 990 1749 Deus
1030 1694 1085 1748 in
1128 1693 1283 1748 malis
1322 1693 1456 1757 tuis,
1485 1703 1539 1747 et
1569 1692 1620 1746 in
1652 1691 1803 1745 bonis
1831 1690 2002 1744 malo~

410 1802 533 1841 rum
571 1784 655 1840 cui
704 1801 810 1839 non
855 1784 1098 1853 displicet
1144 1784 1303 1839 Deus.
1349 1783 1417 1847 Et
1458 1783 1504 1837 si
1549 1782 1724 1837 nescis
1770 1797 1871 1851 qua
1920 1797 2003 1835 ra-

410 1876 558 1931 tione
588 1875 677 1929 iiat
697 1916 712 1942 ,
744 1875 904 1929 crede
935 1889 1037 1927 non
1070 1873 1262 1943 injuste
1295 1868 1407 1928 ﬁeri
1436 1873 1577 1943 quod
1608 1873 1732 1927 sinit
1760 1882 1847 1925 aut
1881 1872 2000 1925 facit

412 1966 576 2022 Deus.
617 1965 855 2020 Humana
900 1964 1104 2019 ratione
1134 1963 1444 2028 ducebaris,
1474 1962 1651 2017 divina
1691 1962 2003 2017 auctoritate

412 2071 687 2119 revocare,
715 2064 769 2110 et
791 2054 950 2110 crede
974 2054 1174 2124 aliquid
1202 2054 1271 2108 ibi
1297 2068 1417 2109 esse
1442 2054 1584 2124 quod
1614 2065 1664 2110 te
1690 2054 1837 2108 latet.
1872 2054 2000 2107 Nam

413 2146 584 2202 Deum
612 2161 918 2215 perversum
947 2156 1001 2200 et
1023 2145 1260 2214 iniquum
1285 2159 1406 2199 esse
1428 2160 1534 2199 non
1560 2159 1736 2214 posse,
1765 2144 1867 2199 iidc
1888 2160 2003 2199 eer-

413 2238 617 2292 tissima
638 2236 960 2292 credendum
982 2244 1083 2290 est.
1107 2234 1195 2291 Sic
1220 2235 1423 2290 intrans
1449 2234 1549 2289 lide
1572 2235 1625 2289 in
1646 2236 1999 2290 sanctuarium

340 2314 343 2317 ’
412 2328 540 2388 Dei,
569 2328 775 2381 intrans
812 2326 1083 2381 credendo
1103 2366 1118 2391 ,
1163 2325 1325 2380 discis
1354 2326 1716 2396 intelligendo.
1744 2327 1832 2381 Sic
1857 2327 2000 2381 enim

409 2419 485 2472 ait
524 2435 538 2471 :
582 2416 758 2471 Donec
795 2417 1041 2470 introsum
1079 2417 1132 2469 in
1165 2417 1511 2470 sanctuarium
1555 2415 1681 2480 Dei,
1709 2432 1814 2486 quo
1845 2418 2004 2470 intrat

415 2510 546 2565 lich
576 2526 589 2563 :
618 2518 671 2563 et
698 2518 815 2577 post
847 2507 1005 2563 fidem
1036 2508 1160 2578 quid
1180 2509 1205 2561 ?
1232 2506 1303 2561 Et
1326 2509 1605 2579 intelligam
1633 2511 1687 2561 in
1711 2511 1999 2563 novissima.

418 2602 643 2658 Venient
668 2600 975 2664 novissima,
1003 2600 1217 2670 quando
1242 2594 1372 2654 nulli
1399 2600 1539 2655 bono
1564 2601 1665 2655 erit
1690 2602 1847 2664 male,
1872 2602 2000 2663 nulli

412 2696 553 2749 malo
582 2693 685 2749 erit
709 2693 867 2748 bene.
905 2693 1147 2757 Venient,
1181 2693 1415 2764 inquam,
1450 2695 1758 2759 novissima,
1791 2694 2002 2763 quando

411 2786 785 2841 discernentur
812 2785 880 2854 pii
906 2785 974 2839 ab
999 2785 1193 2854 impiis,
1213 2785 1340 2854 justi
1361 2785 1428 2839 ab
1448 2784 1676 2855 injustis,
1701 2785 2000 2842 laudatores

416 2878 506 2933 Dei
537 2894 565 2930 a
596 2877 1113 2947 blasphematoribus
1146 2877 1234 2932 Dei
1264 2894 1276 2929 :
1306 2877 1522 2932 venient
1547 2879 1759 2948 quando
1795 2880 2000 2934 discer-

412 2979 626 3035 nentur,
656 2977 715 3022 ut
741 2968 889 3031 nulli,
921 2969 1057 3023 sicut
1081 2967 1277 3023 dietum
1303 2977 1407 3033 est,
1435 2969 1574 3023 bono
1596 2970 1666 3023 sit
1689 2970 1843 3029 male.
1871 2970 1999 3025 nulli

414 3062 553 3116 malo
586 3062 655 3115 sit
689 3061 845 3116 bene.
875 3061 1052 3128 Quare
1087 3074 1215 3130 ergo
1257 3059 1415 3114 modo
1454 3075 1557 3114 non
1595 3060 1710 3115 sic?
1753 3061 1910 3115 Forte
1945 3070 2002 3117 et

412 3152 573 3206 modo
602 3152 679 3206 sic
708 3168 721 3203 :
755 3151 848 3205 sed
877 3149 1020 3221 quod
1047 3164 1188 3205 nunc
1214 3159 1296 3206 est
1324 3151 1376 3206 in
1404 3151 1612 3207 occulto
1631 3194 1645 3219 ,
1675 3160 1794 3223 post
1820 3153 1919 3207 erit
1944 3153 1996 3208 in

412 3240 712 3296 tttattifeslo.
1650 3227 1667 3242 .

481 3334 533 3386 8.
566 3331 720 3386 Mulis
748 3326 848 3386 non
874 3348 1044 3387 revera
1067 3331 1187 3387 bene
1208 3342 1280 3387 est
1299 3373 1315 3400 ,
1342 3350 1430 3387 nec
1454 3332 1595 3388 bonis
1620 3334 1768 3388 male.
1803 3333 1999 3387 Malum

410 3433 503 3487 est,
534 3422 720 3475 malum
742 3423 864 3493 pati.
899 3421 1041 3476 Bona
1060 3422 1239 3494 quibus
1258 3423 1417 3492 facias
1440 3423 1582 3490 bene,
1612 3434 1656 3477 et
1675 3440 1787 3494 qua:
1807 3426 1999 3495 faciunt

409 3513 613 3567 bonum.
660 3511 944 3581 Ingredere
985 3529 1211 3580 mecum,
1260 3515 1304 3568 si
1350 3524 1521 3584 potes,
1563 3516 1615 3569 in
1642 3517 1998 3572 sanctuarium

412 3602 539 3669 Dei;
576 3601 713 3657 forte
743 3602 841 3665 ibi,
876 3602 920 3657 si
949 3618 1163 3673 possum
1185 3644 1200 3669 ,
1231 3603 1435 3659 docebo
1463 3615 1513 3659 te
1538 3623 1551 3659 :
1576 3605 1684 3659 imo
1709 3606 1855 3661 disce
1880 3621 1997 3661 me-

407 3709 527 3748 cum
558 3694 627 3748 ab
653 3709 720 3749 eo
747 3693 837 3763 qui
867 3694 1024 3748 docet
1054 3709 1141 3750 me
1159 3736 1172 3760 ,
1204 3696 1363 3751 etiam
1396 3711 1537 3752 nunc
1564 3697 1719 3752 malis
1747 3715 1851 3752 non
1879 3713 1997 3754 esse

408 3784 565 3849 bene,
590 3796 641 3841 et
670 3786 860 3841 melius
885 3800 1005 3842 esse
1031 3786 1185 3842 bonis
1208 3803 1365 3858 quam
1388 3790 1575 3856 malis;
1603 3792 1842 3860 quamvis
1864 3808 1996 3847 nou-

403 3875 531 3931 dum
580 3878 785 3931 venerit
827 3878 1086 3933 bonorum
1136 3879 1291 3948 plena
1315 3882 1331 3912 ί
1362 3880 1587 3936 felicitas
1608 3921 1623 3948 ,
1655 3883 1996 3954 nondumque

405 3968 608 4024 venerit
640 3970 898 4024 malorum
931 3986 1086 4039 pinna
1119 3972 1423 4028 novissima.

471 4060 697 4117 CAPUT
736 4060 821 4135 Vl.
858 4091 932 4102 —
966 4061 1128 4117 Forte
1166 4061 1430 4134 intelliges
1473 4078 1705 4131 mecum,
1727 4081 1830 4120 non
1872 4079 1994 4123 esse

403 4154 541 4209 bene
567 4155 737 4208 malis.
764 4154 913 4225 Rogo
937 4154 1079 4208 enim
1108 4162 1181 4220 te,
1212 4163 1267 4210 et
1290 4171 1471 4226 qurere
1496 4156 1591 4211 abs
1616 4165 1690 4223 te,
1718 4157 1810 4212 tibi
1830 4173 1994 4227 quare

402 4244 541 4297 male
564 4253 665 4299 est.
698 4243 1071 4313 Responsurus
1094 4259 1174 4308 es,
1201 4246 1420 4316 Egestas
1444 4248 1609 4317 angit,
1639 4249 1831 4317 premit
1855 4248 1993 4304 diffi-

401 4335 606 4400 cidtas;
633 4335 787 4390 dolor
811 4335 1039 4392 fortasse
1068 4337 1448 4403 membrorum,
1481 4340 1641 4395 timor
1663 4340 1731 4396 ab
1755 4341 1987 4398 inimico.

401 4426 520 4480 Tibi
544 4426 664 4481 ideo
691 4426 830 4481 male
854 4437 957 4493 est,
986 4429 1106 4498 quia
1130 4431 1327 4498 pateris
1351 4430 1524 4497 mala;
1552 4443 1605 4488 et
1629 4433 1768 4490 bene
1788 4444 1870 4490 est
1892 4436 1987 4503 illi,

398 4518 491 4586 qui
520 4527 602 4572 est
630 4517 801 4585 ipsum
834 4518 1076 4572 malum?
1113 4519 1333 4575 Multum
1368 4521 1591 4579 interest
1626 4525 1765 4580 inter
1792 4526 1988 4581 malum

398 4622 541 4673 csso,
572 4617 626 4664 ct
653 4609 849 4664 malum
872 4609 999 4680 pati.
1029 4609 1107 4665 Tu
1133 4611 1274 4681 quod
1305 4614 1504 4682 pateris
1529 4629 1633 4669 non
1659 4630 1717 4670 es
1747 4635 1760 4671 :
1791 4618 1987 4673 malum

399 4701 541 4756 enim
570 4700 799 4773 pateris.
830 4701 926 4757 sed
955 4711 1009 4757 tu
1045 4702 1216 4758 malus
1242 4719 1345 4758 non
1376 4719 1455 4759 es.
1487 4704 1679 4760 Malum
1702 4748 1717 4773 ,
1750 4708 1987 4778 inquam,

398 4794 625 4864 pateris,
656 4793 753 4848 sed
788 4803 845 4848 tu
881 4795 1050 4849 malus
1075 4810 1180 4849 non
1206 4810 1265 4850 es
1291 4812 1303 4849 :
1334 4796 1422 4851 ille
1449 4805 1625 4852 autem
1653 4799 1848 4853 malum
1880 4816 1985 4855 non

397 4886 631 4957 patitur,
658 4894 712 4940 et
741 4886 915 4941 malus
939 4896 1041 4941 est.
1069 4885 1188 4942 Noli
1218 4903 1346 4959 ergo
1375 4889 1518 4955 falli,
1554 4889 1662 4945 noli
1700 4890 1809 4946 falli
1837 4909 1850 4946 :
1882 4908 1985 4949 non

397 4987 574 5048 potest
598 4977 711 5032 lieri
739 4987 794 5032 ut
820 4977 915 5033 tibi
941 4978 1076 5034 male
1104 4979 1190 5045 sit,
1223 4981 1311 5051 qui
1340 4982 1534 5051 pateris
1564 4983 1795 5047 malum;
1827 4992 1880 5039 et
1909 4984 1985 5041 illi

398 5067 535 5123 bene
574 5068 676 5135 sit,
717 5070 805 5140 qui
832 5078 916 5124 est
941 5070 1132 5125 malus.
1161 5070 1292 5126 Cum
1319 5074 1461 5128 enim
1489 5082 1574 5129 est
1599 5075 1768 5129 malus
1788 5116 1803 5142 ,
1833 5084 1986 5145 putas

394 5160 518 5226 quia
554 5174 657 5213 non
686 5161 882 5228 patitur
909 5160 1128 5228 malum,
1161 5176 1281 5217 cum
1311 5165 1504 5234 patitur
1531 5181 1591 5220 se
1621 5166 1832 5236 ipsum?
1868 5166 1983 5221 Tibi

396 5251 534 5303 male
564 5260 662 5313 est,
692 5252 812 5320 quia
839 5254 1034 5307 malum
1059 5255 1287 5309 alienum
1319 5258 1514 5325 pateris
1538 5257 1588 5312 iu
1611 5274 1834 5328 corpore
1857 5269 1980 5325 tuo;

394 5351 446 5395 et
475 5341 543 5395 illi
584 5342 719 5396 bene
746 5352 856 5406 est,
889 5344 978 5410 qui
1013 5345 1208 5398 malum
1240 5361 1299 5400 se
1324 5347 1495 5417 ipsum
1522 5350 1720 5418 patitur
1746 5351 1795 5404 in
1822 5352 1983 5407 corde

395 5434 529 5486 suo?
554 5434 668 5490 Tibi
696 5434 836 5491 male
857 5444 958 5499 est,
985 5435 1103 5505 quia
1132 5437 1323 5492 malam
1352 5437 1513 5494 habes
1536 5440 1745 5507 villam;
1775 5452 1829 5496 et
1848 5442 1982 5497 bene

392 5536 472 5577 cst
508 5524 578 5578 illi
602 5564 617 5590 ,
647 5528 735 5596 qui
763 5527 955 5582 malam
985 5526 1145 5584 habet
1170 5530 1440 5585 animam?
1479 5530 1609 5587 Esto
1647 5531 1850 5598 bonus,
1890 5534 1979 5604 qui

393 5610 561 5668 babes
590 5616 742 5672 bona.
767 5618 925 5677 Bome
947 5629 1071 5677 sunt
1094 5619 1310 5689 divitiae,
1334 5623 1529 5679 bonum
1549 5633 1629 5680 est
1648 5641 1855 5692 aurum,
1883 5624 1978 5681 bo-

458 5723 478 5754 ι
502 5724 576 5772 sic
597 5724 644 5772 iu
793 5733 845 5776 At
869 5730 917 5776 iu
940 5731 1079 5782 editis
1101 5734 1353 5797 omittitur,
1386 5733 1543 5798 plcna.

1728 293 1866 349 AUG
1876 293 2090 349 L'STlNI
2133 293 2435 351 EPISCOI’I

3588 301 3687 357 δ’Ξο
3701 341 3706 345 η

2118 426 2244 464 num
2265 420 2348 466 est
2366 420 2664 481 argentum,
2688 412 2842 468 bona:
2865 410 3098 479 familiai,
3123 413 3275 468 bona:
3305 416 3686 484 possessiones:

2116 502 2293 556 omnia
2324 503 2422 557 ista
2450 504 2585 559 bona
2607 514 2752 569 sunt,
2783 504 2880 560 sed
2908 504 3046 561 unde
3073 504 3234 563 facias
3254 506 3390 562 bene
3409 550 3425 573 ,
3455 525 3554 562 non
3580 527 3689 579 ιμιίι

2116 605 2168 648 te
2191 594 2383 649 iaciant
2402 597 2622 651 bonum.
2650 597 2855 653 Habeto
2875 597 3032 663 bona,
3055 615 3174 670 qua:
3196 609 3249 656 te
3267 598 3464 657 faciant
3482 602 3685 659 irinum.

2113 685 2245 751 Qua:
2270 696 2391 739 sunt
2410 726 2427 754 ,
2457 687 2660 758 inquis,
2689 688 2829 743 ista?
2870 688 2976 745 Fac
2999 688 3288 757 judicium,
3318 691 3400 746 fac
3421 692 3684 759 justitiam.

2113 778 2257 832 Bona
2276 787 2399 834 sunt
2414 795 2532 849 qum
2553 778 2717 835 habes
2740 798 2753 833 :
2779 779 2860 835 fac
2876 780 3154 851 judicium,
3175 781 3255 837 fac
3268 783 3526 851 justitiam
3545 802 3559 844 :
3583 796 3688 843 esto

2113 878 2166 922 et
2193 877 2245 922 tu
2270 868 2440 924 bonus
2464 871 2604 925 inter
2627 871 2762 925 bona
2787 880 2893 924 tua.
2934 871 3199 927 Erubesce
3235 873 3388 927 bonis
3419 875 3558 928 tuis:
3582 887 3689 930 esto

2113 960 2282 1015 bonus
2319 976 2602 1015 mansurus
2637 962 2776 1015 inter
2804 962 2941 1016 bona
2973 962 3224 1032 peritura.
3253 963 3521 1019 Erubesce
3547 965 3690 1021 bonis

2112 1050 2218 1106 tuis
2244 1068 2258 1106 :
2291 1051 2395 1105 noli
2427 1067 2548 1107 esse
2578 1053 2749 1106 malus
2779 1051 2829 1105 in
2858 1053 2964 1116 eis,
2995 1068 3061 1107 uc
3088 1067 3274 1122 pereas
3298 1069 3420 1108 cum
3447 1055 3543 1108 eis.
3573 1054 3677 1111 Cu:-

2112 1150 2225 1196 tera
2253 1141 2525 1211 quomodo
2552 1156 2611 1197 se
2640 1141 2897 1204 habeant,
2929 1140 3121 1196 fratres
3160 1145 3263 1198 mei
3286 1186 3300 1208 ,
3336 1146 3601 1213 quomodo
3632 1152 3695 1204 sit

2111 1232 2370 1286 servanda
2398 1232 2622 1301 justitia,
2651 1241 2705 1288 et
2733 1232 2998 1303 quomodo
3026 1233 3289 1304 diligenda
3315 1235 3688 1305 misericordia,

2110 1331 2165 1377 et
2189 1324 2459 1393 quomodo
2486 1323 2676 1378 debeat
2700 1325 2924 1394 quisque
2953 1336 3165 1394 paratus
3192 1342 3310 1380 esse
3337 1327 3415 1381 ire
3438 1342 3558 1381 cuin
3591 1332 3687 1381 Do-

2110 1412 2256 1467 mino
2284 1413 2393 1468 Deo
2417 1428 2534 1479 suo,
2565 1414 2669 1469 alio
2695 1423 2952 1484 tempore,
2978 1415 3210 1471 donante
3242 1417 3482 1478 Domino,
3511 1417 3688 1488 dispu-

2111 1506 2338 1558 tabimus
2368 1505 2537 1558 vobis.
2569 1505 2767 1561 Tenete
2795 1521 2881 1560 me
2907 1506 3225 1574 debitorem,
3256 1525 3321 1562 ne
3344 1508 3434 1563 diu
3462 1510 3690 1566 habeatis

2111 1592 2463 1666 fatigatorem,
2497 1596 2591 1651 sed
2625 1611 2719 1665 pro
2747 1597 2945 1653 viribus
2970 1599 3103 1653 meis
3130 1599 3423 1670 adjutorem
3454 1603 3492 1653 ί.

2602 1718 2833 1774 sanun
2864 1718 3023 1775 XLIX
3051 1725 3069 1744 ο
3102 1719 3199 1792 (α).

2108 1805 2173 1861 In
2201 1808 2428 1862 eumdem
2462 1807 2690 1863 llic/nea:
2727 1809 2926 1878 locum,
2973 1811 3036 1865 de
3071 1812 3273 1882 juslilia
3317 1830 3432 1883 qua:
3460 1815 3690 1885 facienda

2173 1900 2317 1970 iussa
2346 1910 2417 1954 est
2449 1910 2537 1955 :et
2565 1902 2616 1955 in
2651 1901 2883 1957 Matthwi
2918 1913 3071 1972 caput
3120 1919 3218 1970 xx,
3251 1903 3314 1958 de
3342 1905 3604 1960 conductis
3644 1906 3693 1958 in

2175 2005 2342 2044 tamen.

2201 2104 2399 2155 Habitus
2420 2105 2477 2154 ad
2499 2111 2710 2157 Mensam
2730 2107 2881 2156 sancti
2904 2109 3139 2172 Cypriani,
3158 2110 3205 2161 in
3234 2108 3317 2161 dic
3339 2110 3607 2164 dominico.

2176 2207 2401 2264 CAPUT
2440 2209 2721 2266 PRIMUM.
2746 2240 2819 2251 --
2853 2210 2993 2265 Neu.
3034 2212 3084 2266 ι.
3127 2211 3414 2282 Superioris
3449 2217 3691 2270 εει-τηοηῶ

2108 2300 2313 2353 mentio.
2347 2299 2626 2354 Lectiones
2665 2308 2878 2356 sanctas
2917 2302 3116 2372 plures,
3165 2318 3285 2357 cum
3325 2304 3692 2369 recitarentur,

2107 2391 2437 2460 audiiimus,
2467 2402 2522 2448 et
2554 2393 2621 2449 de
2651 2393 2731 2449 his
2759 2409 2859 2448 nos
2881 2403 3092 2464 oportet
3115 2394 3325 2461 dicere,
3350 2396 3492 2466 quod
3527 2395 3698 2452 Domi-

2112 2496 2212 2535 nus
2242 2483 2397 2536 fuerit
2423 2484 2625 2538 donare
2657 2484 2920 2553 dignatus.
2953 2483 3058 2541 Sed
3095 2484 3378 2540 lectionum
3406 2489 3587 2543 omnis
3611 2503 3697 2542 au-

2108 2574 2249 2628 ditor
2273 2565 2413 2644 qu'od
2443 2577 2709 2630 recentius
2737 2576 2928 2631 lectum
2959 2586 3041 2631 est
3066 2579 3234 2645 magis
3263 2580 3542 2644 meminit,
3569 2588 3622 2634 et
3646 2589 3698 2634 ut

2107 2666 2229 2721 inde
2256 2667 2456 2736 aliquid
2485 2683 2512 2721 a
2538 2677 2823 2723 tractatorc
2847 2669 2992 2722 verbi
3019 2669 3225 2723 dicatur
3244 2680 3550 2739 exspectat.
3573 2672 3695 2727 Cum

2106 2775 2234 2829 ergo
2264 2760 2504 2814 ultimum
2532 2762 2603 2816 sit
2625 2770 2866 2816 sanctum
2892 2762 3236 2832 Evangelinm
3263 2765 3571 2829 recitatum.
3596 2781 3695 2819 non

2106 2850 2290 2905 dubito
2314 2862 2629 2920 exspectare
2648 2851 2974 2907 Charitatem
3001 2864 3264 2919 vestram,
3294 2864 3350 2910 ut
3384 2854 3453 2910 de
3494 2857 3594 2911 ista
3621 2857 3695 2911 vi-

2106 2960 2235 3007 nea,
2264 2954 2318 2999 et
2346 2945 2412 2999 de
2439 2946 2751 3012 conductis,
2784 2955 2839 3002 et
2878 2946 2945 3001 de
2985 2947 3231 3003 mercede
3259 2947 3463 3002 denarii
3502 2949 3697 3019 aliquid

2105 3036 2350 3089 audiatis.
2393 3036 2495 3091 Sed
2538 3052 2639 3106 ego
2683 3037 2899 3092 memini
2939 3038 3215 3106 superiore
3251 3039 3536 3095 Dominico
3574 3041 3696 3111 quid

2107 3129 2456 3198 promiserim.
2491 3130 2620 3183 (tum
2657 3130 2798 3185 enim
2838 3130 2904 3185 de
2941 3141 3126 3185 sancto
3151 3131 3415 3201 Propheta
3450 3133 3598 3203 quod
3628 3134 3697 3189 le-

2104 3228 2246 3272 ctum
2272 3217 2442 3274 fuerat
2461 3220 2655 3289 aliquid
2676 3236 2946 3289 exponere
2960 3221 3245 3277 voluissem
3266 3239 3281 3287 ;
3306 3223 3504 3278 lectum
3526 3235 3693 3279 autem

2105 3308 2310 3374 fuerat,
2356 3312 2611 3379 quaerenti
2659 3310 2860 3366 homini
2904 3313 3097 3382 quibus
3144 3313 3416 3369 sacriﬁciis
3463 3316 3696 3386 placaret

2105 3399 2291 3462 Deum,
2325 3402 2684 3455 renuntiatum
2710 3417 2849 3467 esse,
2885 3404 3012 3457 nihil
3039 3404 3107 3459 ab
3132 3404 3220 3458 illo
3243 3406 3408 3460 Deum
3429 3423 3692 3477 quau-ere,

2104 3492 2204 3546 nisi
2245 3491 2419 3549 facere
2451 3493 2707 3563 judicium
2737 3503 2790 3549 et
2813 3494 3106 3563 justitiam,
3139 3505 3193 3550 et
3225 3495 3446 3567 diligere
3488 3500 3695 3553 miseri-

2101 3584 2357 3649 cordiam,
2392 3594 2735 3657 paratumque
2764 3601 2884 3642 esse
2913 3587 2989 3643 ire
3016 3603 3134 3642 cum
3169 3589 3392 3643 Domino
3419 3589 3536 3644 Deo
3565 3605 3696 3645 suo:

2104 3679 2342 3744 tractavi,
2369 3687 2621 3747 quantum
2646 3678 2813 3747 potui,
2834 3677 2903 3733 de
2918 3679 3151 3748 judicio;
3182 3689 3494 3751 tantmnque
3521 3698 3694 3737 sctmo

2102 3769 2388 3839 productus
2427 3778 2544 3834 est,
2577 3778 2634 3823 ut
2675 3786 2781 3824 non
2824 3783 3126 3827 remaneret
3157 3776 3411 3842 temporis
3439 3776 3691 3843 Spatium,

2099 3874 2205 3928 quo
2234 3874 2445 3929 possem
2491 3859 2560 3915 de
2602 3861 2810 3915 ueteris
2845 3860 3137 3932 disputare.
3176 3861 3328 3918 Unde
3358 3879 3441 3916 mc
3477 3866 3692 3932 promisi

2099 3948 2357 4005 hodierno
2380 3948 2470 4005 die
2493 3948 2560 4005 de
2576 3949 2777 4018 justitia
2798 3965 2917 4005 esse
2937 3952 3220 4006 dicturum.
3254 3952 3358 4007 Sed
3385 3955 3472 4021 qui
3505 3972 3621 4023 ess;
3641 3974 3696 4007 e-

2098 4038 2352 4103 ctabatis,
2383 4048 2441 4093 ut
2464 4040 2531 4094 de
2557 4040 2843 4110 Evangelio
2877 4041 3152 4110 loquerer,
3179 4043 3346 4099 nolite
3385 4060 3480 4099 vos
3509 4058 3693 4115 putate

2097 4128 2386 4186 fraudatus.
2416 4129 2563 4201 Opus
2586 4132 2727 4186 enim
2759 4132 2809 4185 in
2839 4132 2924 4187 illa
2950 4132 3125 4195 vinea,
3154 4133 3264 4203 ipsa
3295 4136 3621 4203 estjnstitia.

2167 4218 2391 4277 CAPUT
2422 4220 2560 4276 ll.—
2585 4221 2639 4275 2.
2670 4221 2915 4301 Conducti
2951 4225 3007 4278 in
3041 4225 3205 4280 uinea.
3241 4224 3383 4295 Opus
3413 4228 3685 4291 indictus»,

2087 4314 2313 4385 justitia.
2342 4314 2662 4380 Crederc,est
2702 4332 2829 4386 opus
2867 4314 2998 4382 Dei,
3040 4326 3089 4371 et
3128 4318 3301 4371 eodem
3332 4319 3443 4389 ipsa
3467 4320 3689 4391 iustitia,

2096 4404 2255 4463 Fides
2300 4424 2334 4461 α
2381 4409 2515 4479 facta
2560 4416 2608 4461 et
2650 4407 2802 4462 dicto.
2855 4408 3042 4464 Putate
3089 4423 3218 4481 ergo
3259 4425 3354 4466 vos
3391 4426 3514 4466 esse
3556 4428 3692 4466 ρυιιο

2094 4499 2301 4559 ductos.
2330 4503 2429 4572 Qui
2466 4504 2617 4574 pueri
2660 4512 2946 4569 venerunt,
2989 4504 3158 4574 prima
3186 4504 3313 4559 hora
3344 4519 3404 4559 se
3428 4506 3691 4561 adductus

2095 4602 2318 4664 putent;
2345 4595 2436 4665 qui
2463 4594 2866 4660 adolescentuli,
2894 4595 3082 4660 tertia;
3110 4595 3203 4665 qui
3227 4594 3473 4665 juvenes,
3501 4605 3687 4660 sexta;

2092 4685 2182 4759 qui
2206 4688 2499 4758 graviores,
2525 4703 2697 4754 nona;
2729 4687 2816 4756 qui
2837 4686 3115 4756 decrepiti,
3141 4686 3439 4741 undecima.
3466 4686 3541 4742 De
3565 4696 3691 4741 tem-

2093 4794 2222 4850 pore
2250 4780 2414 4837 nolite
2440 4780 2669 4834 causari.
2699 4779 2847 4849 Opus
2879 4776 3019 4849 quod
3059 4777 3265 4833 faciatis
3299 4778 3510 4843 audite,
3544 4795 3692 4835 mer-

2090 4870 2274 4927 cedem
2303 4870 2475 4926 securi
2501 4879 2830 4940 exspectate.
2860 4869 2926 4924 Et
2949 4868 2992 4925 si
3015 4868 3288 4923 attenditis
3314 4869 3569 4923 Dominus
3599 4885 3694 4924 ve-

2089 4971 2202 5018 ster
2225 4963 2397 5033 qualis
2423 4970 2527 5027 est,
2560 4962 2723 5016 nolite
2751 4961 3009 5028 invidere,
3039 4960 3085 5015 si
3113 4974 3321 5015 merces
3337 4959 3558 5030 :equalis
3578 4968 3689 5016 est.

2089 5054 2241 5123 Quod
2282 5064 2366 5110 est
2405 5069 2570 5124 opus,
2610 5054 2780 5109 nostis
2819 5071 2832 5107 :
2868 5053 2962 5109 sed
3004 5060 3180 5107 tamen
3222 5050 3688 5106 commemorabo.

2089 5146 2284 5203 Audite
2309 5146 2451 5216 quod
2482 5146 2683 5211 nostis,
2712 5153 2770 5200 et
2791 5143 2947 5199 tacite
2971 5144 3113 5214 quod
3143 5143 3382 5199 audistis.
3417 5142 3687 5208 Diximus,

2089 5252 2222 5307 opus
2255 5236 2347 5291 Dei
2380 5251 2500 5291 esse
2520 5235 2802 5305 justitiam.
2831 5234 3189 5305 Interrogatus
3216 5243 3393 5289 autem
3422 5233 3688 5289 Dominus

2087 5330 2240 5384 Jesus
2271 5327 2410 5399 quod
2451 5336 2594 5407 esset
2629 5342 2767 5397 opus
2797 5327 2918 5391 Dei,
2948 5326 3222 5395 respondit
3259 5345 3272 5380 :
3310 5324 3420 5380 Hoc
3445 5335 3515 5379 est
3548 5342 3690 5395 opus

2092 5417 2206 5483 Dei,
2238 5428 2287 5472 ut
2314 5418 2529 5472 credatis
2558 5418 2610 5472 iu
2634 5435 2747 5471 eum
2776 5434 2920 5487 quem
2950 5416 3035 5471 ille
3066 5417 3202 5472 misit
3234 5418 3409 5488 (Joan.
3437 5432 3484 5470 γι
3505 5456 3520 5479 ,
3556 5419 3683 5486 ⁸19).

2153 5556 2165 5585 ι
2191 5552 2334 5619 istud,
2358 5550 2444 5619 sed
2466 5564 2554 5619 pro
2576 5549 2753 5619 risibus
2781 5551 2899 5602 meis
2922 5555 3216 5619 adjutorem,
3257 5551 3463 5601 additum
3489 5558 3575 5600 est
3600 5562 3691 5598 au-

2085 5616 2306 5665 clmilale
2330 5614 2659 5664 (listct’cicusis
2684 5623 2763 5663 ιτς.

2152 5680 2164 5691 “
2195 5678 2531 5726 Ιιρευηδυίιιιιιε
2557 5679 2603 5726 in
2623 5690 2692 5725 cs.
2713 5676 2774 5727 cl.
2798 5686 2896 5727 Am.
2924 5683 2995 5726 Fr.
3022 5676 3156 5726 (lim.
3181 5683 3280 5725 t‘ar.
3299 5682 3405 5725 Lov.

2149 5740 2224 5799 (η)
2261 5737 2394 5798 alias,
2417 5738 2478 5787 de
2506 5746 2739 5801 ‘l'cuqmre
2761 5739 2861 5789 :25?
