3988 6190
400 298 515 355 321

399 412 624 467 Poterat
656 410 837 466 dicere
864 414 902 477 ',
928 410 1138 467 Just-ilia
1168 422 1246 466 eSt
1272 425 1403 482 opus
1433 411 1547 469 Dei.
1577 411 1838 483 Numquid
1866 427 1994 483 ergo

400 517 513 558 nos
538 518 861 574 pra:sumerc
878 503 1072 575 aliquid
1094 503 1341 559 conducti
1360 514 1540 559 contra
1563 503 1992 575 patremfamilias

394 596 524 650 ausi
552 594 779 650 sumus?
807 593 861 649 Si
886 593 1088 664 justitia
1117 604 1200 650 est
1236 609 1370 664 opus
1397 595 1526 663 Dei,
1558 596 1695 650 sicut
1723 610 1820 665 ego
1845 594 1986 660 disi;

396 686 677 756 quomodo
700 686 803 741 erit
829 698 965 756 opus
989 686 1081 742 Dei
1110 685 1248 757 quod
1270 686 1523 742 Dominus
1540 686 1689 752 dixit,
1720 695 1779 741 ut
1804 684 1992 742 creda-

397 786 495 834 tur
516 779 571 833 in
599 793 744 839 cum.
773 779 873 833 nisi
899 780 1012 848 ipsa
1038 778 1107 833 sit
1134 778 1335 849 justitia
1362 778 1580 834 credere
1605 780 1659 833 in
1684 779 1847 834 eum?
1880 777 1987 834 Sed

394 885 552 933 ecce,
583 870 780 939 inquis,
810 885 840 925 a
871 872 1092 926 Domino
1121 872 1434 937 audivimus,
1469 870 1584 925 Hoc
1611 881 1683 926 est
1711 887 1838 942 apag
1867 871 1983 937 Dei,

318 968 333 985 ‘
393 973 453 1015 ut
479 963 747 1019 credamus
771 964 824 1017 in
849 979 1001 1027 eum;
1030 979 1059 1018 ιι
1086 973 1136 1018 te
1162 964 1453 1019 audivimus
1476 964 1619 1034 quod
1643 979 1776 1035 opus
1802 964 1893 1020 Dei
1918 966 1987 1021 sit

387 1055 600 1126 iustitia
624 1073 638 1110 :
670 1056 832 1124 proba
869 1055 1023 1110 nobis
1047 1055 1266 1112 credere
1292 1057 1342 1109 in
1368 1056 1636 1112 Christum
1659 1098 1673 1122 ,
1703 1056 1837 1111 hanc
1864 1071 1984 1113 esse

385 1148 680 1217 justitiam.
705 1146 924 1202 Videtur
940 1146 1092 1211 mihi,
1114 1148 1362 1217 quoniam
1384 1148 1492 1217 jam
1518 1148 1812 1218 respondeo
1837 1165 1983 1219 ενιπε-

386 1240 557 1303 renti,
587 1246 645 1294 et
667 1239 807 1308 justa
836 1238 1120 1309 ﬂagitanti.
1152 1240 1356 1295 videtur
1382 1240 1475 1296 tibi
1500 1240 1718 1296 credere
1748 1242 1799 1296 in
1826 1242 1982 1296 Chri-

386 1338 536 1384 stum
563 1347 673 1385 non
701 1346 821 1387 esse
843 1330 1134 1399 justitiam?
1157 1330 1293 1399 Quid
1322 1331 1589 1403 estergo?
1618 1332 1833 1402 impone
1858 1333 1980 1390 huic

383 1421 545 1491 operi
585 1437 802 1477 nomen.
834 1422 1024 1477 Procul
1053 1423 1214 1478 dubio
1254 1424 1299 1479 si
1340 1424 1477 1479 bene
1504 1426 1807 1481 consideras
1836 1427 1977 1496 quod

383 1513 606 1579 audisti,
639 1527 994 1582 responsurus
1018 1529 1077 1570 es
1101 1514 1229 1568 mihi
1258 1532 1271 1568 :
1298 1512 1401 1569 Ista
1430 1514 1561 1570 ﬁdes
1586 1528 1835 1582 vocatur;
1862 1532 1980 1572 cre-

381 1590 520 1660 dere
548 1604 605 1658 in
633 1602 902 1659 Christum
921 1644 937 1671 ,
971 1604 1102 1661 ﬁdes
1136 1616 1375 1660 vocatur.
1405 1606 1623 1675 Accipio
1650 1606 1790 1676 quod
1820 1607 1972 1675 dicis,

381 1694 612 1749 credere
640 1694 693 1749 in
721 1684 1027 1760 Christum,
1059 1694 1191 1751 ﬁdes
1218 1704 1456 1750 vocatur.
1489 1696 1623 1750 Audi
1652 1705 1705 1750 et
1735 1707 1787 1750 tu
1814 1697 1974 1752 alium

380 1782 681 1854 Scriptum
718 1785 890 1839 locum
907 1827 923 1850 ,
948 1784 1127 1839 Justus
1154 1802 1215 1840 ea:
1238 1786 1340 1854 [ide
1366 1786 1478 1840 vivit
1520 1785 1785 1859 (llabacuc
1809 1802 1876 1851 ιι,
1902 1788 1971 1855 ις

380 1875 541 1930 Rom.
563 1890 585 1929 ι
603 1917 619 1939 ,
650 1875 762 1944 t7).
790 1874 969 1931 Facite
988 1876 1248 1945 justitiam
1267 1917 1283 1943 ,
1316 1877 1515 1933 credite
1544 1895 1558 1931 :
1584 1878 1761 1933 Justus
1786 1895 1849 1933 ea:
1870 1879 1975 1948 ﬁde

379 1968 523 2022 uiuit.
555 1967 783 2024 Difﬁcile
812 1976 895 2023 est
924 1977 981 2023 ut
1006 1968 1141 2023 male
1167 1970 1326 2035 vivat,
1354 1970 1440 2039 qui
1468 1970 1603 2026 bene
1625 1972 1813 2026 credit.
1839 1971 1970 2027 Cre-

380 2059 495 2114 dite
515 2075 583 2114 ex
604 2068 716 2114 toto
734 2059 914 2127 corde,
940 2061 1140 2117 credite
1158 2077 1263 2117 non
1288 2064 1662 2131 claudicantes,
1688 2082 1791 2121 non
1816 2065 1972 2121 haesi-

380 2157 580 2214 tantes,
611 2165 716 2204 non
738 2160 920 2205 contra
948 2152 1112 2220 ipsam
1136 2153 1290 2207 ﬁdem
1313 2153 1556 2210 humanis
1582 2159 1971 2227 suspicionibus

378 2247 839 2309 argnmentantes.
870 2240 1029 2297 Fides
1047 2244 1304 2312 appellata
1327 2254 1409 2299 est
1432 2246 1499 2299 ab
1521 2262 1587 2303 eo
1606 2249 1726 2317 quia
1750 2249 1809 2304 ﬁt
1826 2252 1968 2321 quod

378 2330 597 2384 dicitur.
621 2331 752 2386 Dua:
771 2332 989 2403 syllabae
1010 2344 1220 2402 sonant,
1242 2351 1361 2390 cum
1389 2338 1582 2394 dicitur
1607 2340 1737 2395 ﬁdes
1761 2361 1773 2396 :
1801 2345 1966 2412 prima

376 2422 583 2492 syllaba
611 2431 695 2478 est
721 2439 749 2477 a
778 2423 938 2491 facto,
970 2426 1198 2481 secunda
1225 2443 1254 2481 a
1281 2429 1442 2484 dicto.
1475 2432 1743 2504 interrogo
1766 2451 1893 2507 ergo
1914 2447 1966 2494 to

376 2526 560 2570 utrum
588 2515 798 2571 credas.
832 2517 1003 2581 Dicis,
1029 2518 1219 2575 Credo.
1253 2520 1357 2576 Fac
1385 2523 1526 2592 quod
1554 2524 1685 2581 dicis
1704 2568 1718 2591 ,
1755 2537 1809 2582 ct
1833 2528 1965 2585 ﬁdes

374 2615 485 2661 est.
511 2606 624 2676 Ego
640 2608 787 2661 enim
811 2609 1178 2677 respondentis
1202 2626 1383 2666 vocem
1406 2613 1591 2669 audire
1614 2631 1850 2685 possum,
1871 2634 1966 2676 cor

298 2762 305 2766 ,
373 2696 869 2753 σεάεηιίε·νίἀθιδθ
907 2714 1013 2752 non
1056 2715 1313 2783 possum.‘
1338 2702 1441 2758 Sed
1479 2707 1730 2774 numquid
1771 2724 1869 2778 ego
1896 2710 1963 2766 ad

372 2787 588 2842 vineam
613 2789 864 2854 conduxi,
891 2788 981 2860 qui
1007 2806 1102 2845 eor
1125 2792 1303 2847 videre
1329 2810 1435 2849 non
1459 2810 1672 2863 possum
1689 2799 1713 2850 ?
1732 2798 1841 2854 Nec
1864 2817 1964 2871 ego

280 2944 295 2955 ἧ
373 2877 642 2943 conduco,
674 2894 775 2934 nec
791 2894 890 2949 ego
910 2896 1043 2949 opus
1066 2881 1261 2949 indico,
1290 2898 1389 2937 nec
1406 2900 1505 2955 ego
1524 2885 1799 2942 denarium
1823 2906 1963 2947 mer-

373 2968 566 3024 cedem
594 2984 854 3039 pra-paro.
886 2968 1235 3040 Cooperarius
1259 2982 1438 3029 vester
1462 2990 1612 3041 sum;
1645 2994 1737 3048 pro
1761 2980 1961 3038 viribus

374 3071 510 3127 quas
533 3059 625 3113 ille
648 3059 847 3114 donare
871 3060 1135 3131 dignatur,
1167 3062 1220 3117 in
1246 3064 1395 3119 vinea
1418 3066 1600 3122 laboro
1622 3085 1637 3120 :
1659 3085 1763 3138 quo
1783 3080 1959 3128 autem

375 3149 555 3203 animo
583 3149 855 3217 laborem,
886 3153 974 3220 qui
1006 3169 1089 3208 me
1128 3155 1380 3211 conduxit
1424 3157 1583 3213 videt.
1627 3159 1761 3215 Mihi
1793 3165 1954 3231 enim,

376 3240 445 3294 ait
471 3241 766 3310 Apostolus
785 3282 801 3308 ,
831 3244 1089 3298 minimum
1115 3256 1187 3301 est
1204 3288 1220 3314 ,
1246 3258 1301 3301 ut
1324 3265 1356 3301 a
1380 3250 1514 3305 vobis
1535 3253 1737 3322 judicer
1763 3255 1783 3326 (
1798 3255 1811 3309 Ι
1840 3257 1956 3311 Cor.

376 3344 449 3395 tv,
477 3330 561 3399 '5).
590 3331 661 3385 Et
688 3347 782 3386 vos
809 3348 994 3388 vocem
1026 3350 1198 3390 meam
1238 3341 1455 3407 potestis
1484 3343 1694 3408 audire,
1725 3362 1829 3400 non
1860 3363 1958 3417 po-

376 3424 526 3478 testis
573 3438 670 3478 cor
716 3440 890 3479 meum
936 3426 1133 3483 videre.
1182 3428 1381 3486 Omnes
1425 3447 1518 3488 cor
1559 3447 1799 3493 nostrum
1847 3439 1957 3497 Deo

376 3515 665 3569 videndum
710 3532 1100 3587 pr0ponamus,
1132 3529 1187 3575 et
1213 3537 1345 3592 opus
1360 3524 1439 3579 ἐκ
1474 3527 1652 3581 animo
1681 3529 1953 3587 faciamus.

373 3604 772 3665 Conducentem
805 3626 908 3666 non
934 3612 1293 3683 offendamus,
1338 3626 1394 3671 ut
1422 3618 1585 3674 libera
1615 3620 1788 3678 fronte
1817 3639 1958 3681 mer-

372 3699 558 3755 cedem
588 3702 930 3772 accipiamus.

438 3792 668 3848 CAPUT
696 3794 783 3849 lll.
813 3825 881 3836 -—
903 3797 955 3852 5.
1002 3796 1160 3852 Nunc
1201 3800 1432 3868 tenebrw,
1484 3814 1654 3873 postea
1686 3806 1792 3861 [ιλιι.
1832 3807 1953 3864 Dies

373 3891 485 3936 sunt
535 3884 730 3953 ﬁdeles.
781 3886 847 3940 Et
891 3902 1008 3950 nos,
1032 3888 1350 3958 charissimi,
1382 3892 1673 3951 videbimus
1726 3897 1952 3956 invicem

373 3974 530 4028 corda
579 3986 783 4040 nostra,
811 3977 902 4032 sed
950 3988 1165 4048 postea:
1192 3997 1331 4037 nunc
1376 3996 1552 4040 autem
1600 3989 1772 4043 adhuc
1803 3998 1953 4048 tene-

372 4066 491 4121 bras
538 4069 873 4123 mortalitatis
913 4069 1071 4140 hujus
1113 4074 1556 4146 circumferimus,
1581 4090 1637 4137 et
1672 4080 1739 4136 ad
1773 4082 1949 4139 lucer-

373 4171 490 4211 nam
516 4158 808 4226 Scripturae
841 4160 1202 4229 ambulamus;
1230 4165 1364 4220 sicut
1393 4168 1522 4222 dicit
1548 4174 1817 4240 apostolus
1849 4175 1951 4231 Pe—

375 4257 508 4315 trus,
544 4248 805 4305 Habemus
842 4254 1102 4309 certiorem
1141 4258 1487 4327 propheticum
1528 4279 1825 4330 sermonem,
1866 4268 1951 4321 cui

373 4341 657 4411 benefacitis
676 4343 986 4400 intendentes
1002 4355 1239 4415 tanquam
1263 4347 1479 4403 lucerna!
1501 4352 1554 4406 in
1579 4353 1787 4409 obscuro
1814 4358 1947 4426 loco,

372 4430 524 4484 donec
548 4431 655 4485 dies
686 4432 921 4500 lucescat,
950 4444 998 4488 et
1034 4434 1216 4507 lucifer
1258 4440 1450 4492 oriatur
1499 4440 1550 4494 in
1592 4443 1825 4500 cordibus
1866 4464 1951 4501 ue—

370 4523 481 4578 stris
507 4521 574 4596 (II
606 4524 745 4579 Petr.
796 4541 835 4591 ι,
892 4525 1006 4598 l9).
1057 4527 1304 4596 Proinde,
1354 4531 1672 4598 cbarissimi.
1731 4548 1948 4609 propter

371 4612 534 4682 ipsam
564 4613 723 4670 ﬁdem
749 4632 850 4686 qua
875 4617 1142 4674 credimus
1168 4621 1221 4675 in
1252 4622 1439 4689 Deum,
1473 4623 1525 4678 in
1550 4630 1946 4697 comparatione

371 4704 655 4762 inﬁdelium
684 4708 800 4763 dies
842 4722 1045 4766 sumus.
1071 4711 1127 4766 ln
1175 4712 1482 4770 inﬁdelitate
1521 4732 1623 4772 nox
1665 4733 1786 4774 cum
1817 4721 1946 4792 ipsis

372 4792 584 4861 luimus,
611 4795 772 4851 modo
800 4798 911 4863 lux,
931 4799 1141 4857 dicente
1165 4801 1443 4872 Apostolo,
1466 4803 1659 4862 Fuistis
1671 4810 1943 4880 aliquando

371 4885 601 4955 tenebar,
640 4904 774 4942 nunc
815 4900 983 4944 autem
1022 4890 1113 4946 lua:
1148 4893 1200 4947 in
1242 4892 1461 4951 Domino
1513 4896 1724 4971 (Epltes.
1770 4918 1819 4969 v,
1860 4902 1940 4975 8).

373 4973 624 5033 Tencbta.
653 4978 704 5033 in
734 4980 900 5046 vobis,
932 4980 1022 5037 lux
1052 4982 1104 5037 in
1134 4983 1377 5040 Domino.
1412 4986 1539 5042 item
1569 4990 1621 5043 in
1652 4991 1757 5047 alio
1781 4973 1937 5049 loco:

375 5066 551 5127 Omnes
571 5072 704 5125 enim
736 5089 820 5127 vos
842 5073 938 5142 filii
972 5073 1097 5130 lucis
1125 5078 1261 5144 estis,
1292 5087 1337 5132 et
1360 5077 1458 5148 ﬁlii
1481 5080 1613 5135 diei:
1641 5100 1739 5138 non
1767 5101 1944 5140 sumus

370 5165 543 5230 noctis,
565 5182 723 5236 neque
748 5168 1059 5223 tenebrarum
1089 5168 1141 5242 (l
1174 5168 1347 5224 Thess.
1378 5188 1432 5238 v,
1472 5172 1549 5245 5).
1589 5174 1734 5230 Sicut
1771 5176 1824 5230 in
1860 5177 1943 5231 die

371 5253 565 5310 honeste
592 5257 905 5314 ambulemus
932 5260 1106 5327 (Rom.
1137 5277 1251 5323 xm.
1274 5263 1384 5333 i5).
1415 5263 1537 5319 Dies
1561 5281 1690 5337 ergo
1717 5266 1769 5322 in
1793 5283 1941 5324 com-

369 5347 637 5414 paratione
662 5348 974 5405 inﬁdelium.
996 5349 1052 5406 ln
1074 5354 1471 5422 comparatione
1491 5370 1616 5411 vero
1646 5356 1788 5412 illius
1808 5358 1935 5425 dici,

368 5436 572 5506 quando
600 5451 877 5511 resurgent
904 5444 1118 5508 mortui,
1145 5452 1200 5499 et
1224 5447 1566 5515 corruptibile
1607 5446 1707 5505 hoc
1753 5448 1938 5507 indue-

369 5535 448 5583 tur
473 5529 889 5601 incorruptione,
920 5541 975 5589 et
1000 5536 1225 5592 mortale
1254 5538 1355 5594 hoc
1384 5539 1632 5596 inductur
1661 5544 1934 5599 immorta-

370 5619 505 5678 litate
533 5623 574 5693 (l
597 5623 717 5679 Cor.
742 5641 831 5689 sv,
862 5626 978 5699 5'5),
1006 5616 1180 5684 adhuc
1222 5646 1323 5686 nos
1374 5648 1578 5689 sumus.
1610 5635 1770 5692 Nobis
1815 5646 1931 5693 tan-

442 5738 546 5790 ’ttic
562 5738 899 5792 Cisterciemts
923 5748 999 5792 Ms.
1024 5742 1174 5806 addit,
1202 5745 1310 5808 pius
1336 5746 1576 5798 omnium.

1813 298 2041 355 SERMO
2086 300 2266 357 XLIX.

3574 323 3680 381 539

2102 429 2257 483 quam
2281 413 2389 485 jam
2424 416 2474 471 in
2496 418 2602 485 die,
2627 420 2753 477 dicit
2771 426 3041 494 apostolus
3055 428 3306 499 Joannes,
3330 431 3674 505 Dilectissimi,

2098 520 2230 557 nunc
2259 506 2354 574 ﬁlii
2379 505 2473 562 Dei
2503 525 2695 566 sumus.
2726 513 2795 567 Et
2839 523 3013 572 tamen
3057 518 3177 589 quia
3218 522 3393 591 adhuc
3437 542 3540 582 nos
3568 540 3671 595 est,

2093 595 2218 664 quid
2254 598 2527 667 sequitur?
2554 600 2622 654 Et
2660 604 2882 658 nondum
2908 611 3144 678 apparuit
3166 613 3289 683 quid
3310 616 3517 672 erimus.
3549 618 3640 675 Sci
3651 650 3673 663 -

2095 701 2206 740 mus
2252 689 2487 755 quoniam
2523 706 2637 744 cum
2669 697 2984 763 apparuerit,
3010 699 3197 755 similes
3227 703 3276 756 ei
3311 704 3514 771 erimus,
3548 725 3673 778 quo-

2093 777 2227 829 niam
2252 778 2523 834 videbimus
2553 798 2666 835 cum
2693 784 2842 838 sicuti
2868 796 2942 840 est
2972 787 3023 860 (Ι
3040 788 3197 845 Joan.
3228 807 3304 858 ιιι,
3329 792 3408 865 2).
3437 794 3542 852 Sed
3563 777 3668 856 ista

2091 881 2298 923 merces
2326 876 2428 937 est,
2459 886 2564 926 non
2593 887 2746 944 opus.
2789 873 3075 934 Videbimus
3110 897 3223 935 eum
3265 885 3412 940 sicuti
3435 898 3527 948 est,
3554 888 3668 960 ipsa

2090 972 2297 1013 merces
2322 970 2423 1015 est.
2453 962 2602 1017 Tunc
2629 965 2732 1019 erit
2757 964 2890 1033 dies,
2918 985 3025 1038 quo
3042 971 3236 1028 clarior
3259 990 3380 1031 esse
3409 994 3515 1035 non
3545 997 3667 1049 pos-

2087 1046 2176 1101 sit.
2204 1047 2351 1103 Nunc
2374 1065 2502 1120 ergo
2534 1052 2585 1106 in
2624 1054 2728 1111 isto
2762 1057 2872 1125 jam
2910 1059 2997 1115 die
3026 1059 3249 1118 honeste
3284 1046 3616 1125 ambulemus
3647 1088 3664 1126 :
3732 1061 3737 1065 ’

2087 1134 2141 1189 in
2167 1136 2263 1190 ista
2291 1138 2462 1196 adhuc
2484 1150 2639 1198 nocte
2666 1145 2858 1201 nonde
2885 1146 3110 1204 invicem
3130 1150 3451 1221 judicemus.
3483 1157 3667 1215 Videte

2084 1227 2226 1282 enim
2257 1238 2309 1285 et
2345 1231 2516 1300 ipsum
2545 1236 2842 1305 apostolum
2870 1238 3115 1305 Paulum,
3145 1242 3232 1311 qui
3258 1243 3411 1310 dixit,
3441 1246 3585 1303 Sicut
3612 1251 3666 1304 in

2084 1317 2166 1373 die
2207 1320 2412 1376 honeste
2448 1325 2777 1391 ambulemus,
2822 1343 2929 1384 non
2975 1332 3261 1398 resultare,
3290 1350 3463 1407 neque
3492 1338 3665 1395 disso-

2084 1423 2211 1463 nare
2233 1425 2262 1464 ιι
2287 1415 2592 1481 coapostolo
2615 1431 2714 1473 suo
2747 1416 2928 1487 Petro,
2955 1421 3048 1490 qui
3083 1422 3233 1490 dicit,
3261 1424 3355 1480 Cui
3376 1425 3662 1499 benefacitis

2081 1499 2409 1569 intendentes,
2438 1506 2673 1561 sermoni
2710 1508 2914 1565 scilicet
2950 1511 3149 1579 divino,
3173 1523 3414 1586 tanquam
3442 1520 3663 1576 lucerna

2080 1589 2135 1644 in
2158 1592 2368 1647 obscuro
2389 1593 2518 1660 loco,
2549 1597 2705 1653 donec
2727 1598 2834 1655 dies
2861 1601 3098 1671 lucescat,
3124 1615 3170 1659 et
3196 1606 3379 1680 lucifer
3395 1611 3588 1667 oriatur
3606 1613 3662 1666 in

2080 1681 2317 1736 cordibus
2342 1686 2538 1739 uestris.

2149 1766 2372 1825 CAPUT
2396 1770 2561 1826 IV.—
2583 1775 2637 1829 4.
2662 1776 2865 1833 Amicus
2881 1790 2927 1834 et
2945 1781 3175 1838 inimicus
3202 1802 3334 1841 nunc
3349 1787 3431 1841 uia:
3457 1788 3639 1860 digno-

2077 1859 2252 1914 scitur.
2300 1860 2488 1919 Videte
2535 1864 2639 1920 hoc
2675 1868 2846 1936 ipsum
2885 1871 3147 1929 dicentem
3188 1879 3485 1945 apostolum
3515 1859 3657 1937 Pau-

2077 1947 2187 2003 lum
2221 1967 2235 2003 :
2267 1948 2447 2021 Itaque
2474 1955 2626 2010 nolite
2649 1967 2765 2011 ante
2791 1969 2982 2031 tempus
3010 1965 3282 2035 quidquam
3305 1969 3560 2038 judicare.
3592 1972 3661 2027 Et

2074 2041 2284 2109 quando
2309 2045 2407 2097 erit
2432 2048 2675 2115 tempus?
2699 2047 2870 2103 Donec
2899 2054 3063 2106 veniat
3090 2053 3356 2122 Dominus,
3387 2071 3435 2113 et
3459 2062 3655 2116 illumi-

2074 2142 2153 2184 πει
2180 2131 2469 2188 abscondita
2493 2137 2806 2193 tenebrarum
2831 2150 2877 2194 et
2901 2146 3037 2196 mani
3040 2148 3184 2214 [estet
3200 2150 3526 2216 cogitationes
3540 2167 3649 2207 cor-

2074 2222 2187 2286 dis;
2216 2232 2263 2277 et
2303 2232 2422 2278 tunc
2453 2225 2566 2281 laus
2597 2230 2690 2281 erit
2732 2231 3002 2301 unicuique
3033 2250 3066 2287 α
3100 2232 3208 2289 Deo
3238 2236 3294 2308 (ι
3318 2238 3437 2292 Cor.
3471 2257 3543 2304 tv,
3567 2242 3654 2311 5).

2072 2310 2208 2377 Quid
2233 2322 2338 2380 est,
2370 2324 2484 2369 ante
2512 2326 2729 2388 tempus,
2754 2320 2857 2374 nisi
2895 2330 3179 2394 antequam
3222 2329 3380 2382 corda
3423 2310 3648 2389 invicem

2071 2402 2326 2458 videatis?
2352 2404 2610 2463 lntendite
2637 2411 2680 2463 si
2712 2410 2814 2465 hoc
2837 2420 2919 2466 est
2946 2415 3087 2483 quod
3112 2417 3220 2472 dixi
3246 2437 3258 2469 :
3282 2423 3461 2478 omnia
3488 2425 3648 2482 verba

2072 2491 2239 2560 ipsius
2262 2497 2540 2550 sententia:
2577 2500 2844 2569 paulisper
2867 2505 3145 2561 attendite.
3179 2506 3354 2564 Nolite
3374 2522 3490 2570 ante
3518 2525 3648 2570 tem-

2070 2598 2166 2652 pus
2191 2584 2463 2654 quidquam
2477 2587 2727 2659 judicare.
2751 2591 2814 2645 Et
2842 2594 3053 2661 quando
3078 2598 3179 2651 erit
3209 2605 3450 2670 tempus?
3480 2603 3653 2661 Donec

2069 2673 2234 2726 veniat
2272 2674 2549 2744 Dominus,
2575 2688 2623 2732 et
2646 2680 2895 2735 illuminet
2919 2682 3209 2741 abscondita
3234 2693 3549 2747 tenebrarum
3564 2738 3581 2758 ,
3602 2706 3652 2753 et

2068 2766 2407 2834 manifestabit
2431 2771 2756 2841 cogitationes
2776 2774 2978 2839 cordis;
3003 2787 3051 2830 et
3075 2788 3192 2833 tunc
3218 2781 3330 2835 laus
3344 2785 3435 2838 erit
3456 2787 3653 2842 unicui-

2067 2871 2164 2921 que
2189 2872 2219 2908 a
2242 2855 2368 2911 Deo.
2393 2858 2670 2926 Quomodo
2687 2871 2738 2917 te
2757 2865 3150 2934 reprehendent
3175 2876 3650 2947 tenebrm‘,quan-

2067 2946 2138 3001 do
2178 2963 2209 3002 a
2249 2949 2369 3006 luce
2416 2952 2756 3009 laudabcris?
2781 2956 2928 3012 Tunc
2974 2961 3230 3028 patebunt
3270 2965 3452 3033 corda,
3485 2972 3644 3025 modo

2066 3037 2256 3094 latent.
2283 3040 2574 3112 Suspectus
2619 3055 2701 3101 est
2746 3049 2928 3103 nescio
2966 3052 3083 3121 quis
3120 3055 3270 3123 quasi
3302 3056 3564 3127 inimicus,
3593 3072 3649 3119 ct

2069 3127 2203 3185 forte
2238 3141 2321 3187 est
2355 3134 2824 3193 amicus:videtur
2867 3140 3002 3197 alter
3045 3144 3195 3214 quasi
3233 3147 3456 3216 amicus,
3487 3160 3541 3206 ct
3566 3162 3649 3209 est

2067 3217 2283 3276 forsitan
2305 3224 2542 3281 occultus
2563 3226 2825 3283 inimicus.
2845 3229 2889 3285 0
2907 3232 3139 3289 tenebrae
3159 3237 3172 3289 ι
3199 3236 3378 3305 Saevit,
3398 3250 3454 3295 et
3469 3252 3645 3308 amat;

2068 3311 2354 3379 blanditur,
2385 3324 2441 3372 et
2466 3317 2600 3373 odit.
2630 3318 2687 3375 Si
2726 3335 2790 3376 ex
2833 3324 3048 3379 vocibus
3071 3326 3272 3396 judico,
3303 3334 3644 3403 tranquillum

2064 3403 2236 3459 vitans
2274 3409 2548 3476 sc0pulum
2579 3410 2822 3477 incurro;
2854 3415 2996 3485 fugio
3038 3418 3290 3486 amicum,
3323 3423 3501 3480 haereo
3540 3428 3642 3481 ini-

2064 3496 2223 3551 mico.
2254 3498 2366 3554 [loc
2415 3501 2539 3555 fecit
2586 3517 2682 3557 cor
2724 3504 2916 3560 latens.
2954 3508 3030 3562 lbi
3073 3511 3396 3567 credendum
3436 3527 3540 3584 est,
3572 3518 3644 3575 ibi

2063 3585 2226 3649 intus,
2255 3589 2342 3643 ubi
2379 3590 2528 3658 latet,
2558 3594 2646 3648 ubi
2672 3596 2935 3650 occultum
2984 3607 3084 3653 est.
3127 3601 3209 3655 Ad
3243 3603 3343 3658 hoc
3388 3608 3641 3663 excolen-

2062 3676 2187 3731 dum
2207 3678 2499 3737 conductus
2523 3698 2602 3738 es.
2625 3683 2700 3739 lbi
2727 3686 2996 3741 credendo
3021 3705 3329 3760 cooperare,
3354 3695 3439 3750 ubi
3462 3713 3567 3755 non
3590 3707 3644 3756 te

2060 3768 2204 3824 videt
2245 3774 2586 3843 coeperat-ius
2615 3784 2753 3842 tuus,
2784 3776 2879 3833 sed
2917 3779 3061 3836 videt
3108 3789 3158 3837 te
3203 3784 3458 3844 Dominus
3499 3799 3641 3848 tuus.

2058 3862 2238 3919 Justus
2262 3882 2325 3920 ea:
2351 3867 2452 3935 ﬁde
2474 3868 2607 3922 vivit.
2635 3868 2753 3925 Hoc.
2777 3885 2896 3939 age.

2128 3954 2356 4012 CAPUT
2374 3950 2442 4012 ν.
2466 3959 2610 4015 —5.
2668 3961 2943 4030 Scriptura
2985 3975 3161 4033 sancta
3201 3972 3477 4037 speculum.
3520 3974 3637 4031 Jam

2054 4046 2126 4125 de
2159 4046 2362 4117 judicio
2410 4050 2584 4118 priore
2624 4051 2898 4108 Dominico
2939 4054 3201 4124 disputavi
3231 4058 3447 4133 (Supra,
3467 4064 3636 4121 Serm.

2058 4138 2173 4211 48),
2204 4148 2261 4193 ιιι
2302 4139 2574 4209 iudicares
2604 4150 2656 4196 te
2684 4143 2888 4212 ipsum;
2916 4155 2969 4201 et
2996 4162 3115 4202 cum
3144 4158 3195 4205 te
3226 4151 3487 4211 invenires
3511 4172 3637 4228 per-

2057 4241 2294 4294 versum,
2325 4243 2428 4282 non
2480 4229 2573 4284 tibi
2619 4231 2955 4296 blandireris,
2986 4236 3081 4291 sed
3126 4242 3423 4311 corrigeres
3468 4257 3538 4311 te,
3582 4258 3639 4307 et

2057 4315 2215 4372 ﬁeres
2240 4329 2437 4386 rectus,
2459 4320 2620 4375 ettibi
2650 4321 2883 4390 placeret
2910 4326 3052 4383 Deus
3078 4339 3273 4385 rectus.
3298 4333 3431 4389 Nam
3458 4348 3638 4394 rectus

2057 4406 2197 4461 Deus
2223 4424 2474 4477 perverso
2500 4428 2605 4466 non
2633 4414 2827 4484 placet.
2855 4416 2944 4472 Vis
2974 4428 3030 4473 ut
3076 4421 3167 4476 tibi
3213 4425 3417 4493 placeat
3458 4440 3636 4487 rectus

2056 4496 2234 4553 Deus?
2258 4498 2395 4556 Esto
2423 4510 2622 4559 rectus.
2651 4503 2833 4558 iudica
2862 4513 2913 4560 te
2940 4506 3134 4578 ipsum,
3157 4513 3264 4567 noli
3284 4515 3375 4570 tibi
3403 4517 3633 4585 placere.

2054 4586 2206 4656 Quod
2228 4588 2316 4642 tibi
2345 4589 2396 4643 in
2424 4598 2476 4645 te
2501 4592 2690 4647 merito
2715 4593 2984 4663 displicet,
3012 4602 3231 4671 castiga,
3249 4606 3493 4673 emenda,
3515 4624 3635 4665 cor-

2054 4677 2184 4747 rige.
2234 4679 2503 4750 Scriptura
2554 4692 2735 4742 sancta
2783 4684 2852 4739 sit
2894 4687 2985 4742 tibi
3041 4697 3286 4761 tanquam
3333 4699 3629 4765 speculum.

2051 4766 2335 4837 Speculum
2385 4769 2487 4825 hoc
2538 4770 2697 4827 habet
2744 4774 3081 4842 splendorem
3137 4797 3242 4837 non
3295 4786 3628 4853 mendacem,

2052 4859 2386 4929 Splendorem
2414 4876 2519 4916 non
2548 4863 2871 4932 adulantem,
2906 4870 3099 4926 nullius
3131 4889 3412 4942 personam
3440 4896 3628 4939 amen-

2053 4958 2178 5006 tem.
2212 4951 2498 5006 Formosus
2523 4967 2604 5019 es,
2635 4954 2927 5014 tortuosum
2953 4970 3004 5017 te
3032 4963 3102 5017 ibi
3130 4965 3279 5021 vides
3304 4987 3318 5019 :
3345 4968 3519 5028 {tedas
3547 4989 3623 5039 es,
3680 5024 3683 5027 λ

2050 5039 2249 5096 ftedum
2277 5049 2329 5097 te
2353 5040 2423 5095 ibi
2445 5042 2611 5107 vides.
2639 5043 2744 5100 Sed
2763 5060 2886 5102 cum
2915 5048 3089 5106 ιωάιιε
3107 5058 3418 5123 accesseris,
3446 5070 3500 5117 et
3524 5038 3626 5120 rm.
3659 5038 3686 5134 ς’

2047 5128 2173 5185 dum
2216 5138 2268 5185 te
2317 5130 2389 5186 ibi
2426 5131 2642 5199 videris,
2683 5137 2791 5190 noli
2831 5153 3084 5196 accusare
3131 5147 3532 5212 speculum:ad
3574 5128 3667 5212 te:

2047 5220 2180 5286 redi,
2207 5237 2312 5278 non
2343 5234 2394 5278 te
2418 5223 2553 5279 fallit
2580 5227 2877 5298 speculum,
2909 5238 2963 5286 tu
2999 5239 3050 5289 te
3075 5236 3182 5291 noli
3213 5235 3414 5295 fallere.
3440 5242 3627 5303 iudica

2044 5311 2113 5367 de
2143 5320 2215 5379 te,
2243 5314 2559 5371 contristare
2584 5316 2654 5372 de
2678 5328 2765 5374 tua
2794 5318 3062 5392 nuditate;
3094 5336 3150 5382 ιιι
3187 5342 3308 5384 cum
3351 5331 3546 5391 abieris
3570 5347 3630 5395 et

2045 5402 2358 5462 discesseris
2385 5408 2571 5474 tristis,
2601 5408 2793 5478 fmdus,
2815 5424 3088 5472 conectas
3112 5420 3283 5487 possis
3309 5424 3486 5482 redire
3512 5427 3624 5486 for-

2042 5508 2243 5549 mosus.
2264 5493 2397 5550 Cum
2424 5499 2878 5569 ergojudicaveris
2899 5514 2950 5561 te
2973 5506 3141 5577 ipsum
3161 5511 3276 5568 sine
3300 5514 3621 5593 adulatione,

2036 5581 2211 5651 judico
2256 5592 2311 5638 et
2354 5587 2652 5654 proximum
2695 5606 2815 5646 cum
2859 5593 3161 5653 dilectione.
3195 5601 3291 5657 Est
3317 5606 3456 5660 enim
3478 5581 3622 5680 quod

2039 5690 2452 5804 "dignumminus
2492 5704 2588 5748 its:
2633 5698 2860 5760 Quoniam
2898 5707 3039 5758 modo
3065 5713 3113 5760 te
3154 5711 3508 5777 reprehendunt
3547 5728 3624 5773 ω..
