3938 6186
365 321 469 381 39.3

359 439 580 507 iudices,
612 434 751 507 quod
777 433 942 488 vides.
961 431 1110 485 Fieri
1131 428 1272 485 enim
1303 436 1474 498 potest
1496 434 1549 481 ut
1579 426 1777 497 aliquid
1807 427 1932 482 mali

364 530 562 595 videas,
591 527 730 581 unde
757 524 1084 580 sordescas‘.
1107 521 1245 575 Fieri
1274 527 1447 590 potest
1476 528 1532 573 ut
1558 519 1753 572 malum
1777 533 1930 573 suum

365 623 476 690 ipse
514 619 790 690 proximus
831 623 953 670 tuus
991 614 1082 668 tibi
1110 611 1444 673 confiteatur,
1471 619 1525 664 et
1549 609 1736 678 prodat
1761 610 1933 663 amico

359 709 498 780 quod
522 716 723 763 texerat
748 706 977 760 inimico.
1001 703 1148 773 Quod
1169 703 1361 757 videris
1380 705 1420 766 ',
1441 701 1636 770 judica:
1659 699 1799 770 quod
1826 715 1930 754 non

360 801 527 860 vides,
561 799 671 853 Deo
699 798 922 851 dimitte.
953 795 1175 862 Quando
1203 803 1379 848 autem
1397 792 1624 862 judicas,
1653 791 1810 861 dilige
1835 790 1934 845 ho—

360 892 578 955 minem,
609 888 786 943 oderis
811 886 1015 940 vitium.
1043 884 1164 941 Noli
1190 893 1403 954 propter
1425 883 1691 936 hominem
1713 882 1931 951 diligere

360 983 564 1046 vilium,
602 994 703 1034 nec
748 988 962 1049 propter
989 978 1172 1032 vitium
1209 976 1388 1030 odisse
1429 974 1716 1028 hominem.
1759 973 1929 1029 llomo

357 1073 628 1140 proximus
678 1079 797 1124 tuus
841 1079 924 1124 est
953 1087 964 1122 :
992 1069 1173 1122 vitium
1216 1066 1487 1121 inimicum
1527 1065 1766 1134 proximo
1814 1072 1923 1118 tuo.

355 1163 505 1218 Tunc
547 1177 694 1217 amas
721 1161 964 1226 amicum,
993 1161 1038 1214 si
1067 1159 1245 1215 oderis
1283 1158 1421 1230 quod
1453 1167 1617 1213 nocet
1654 1157 1845 1212 amico.
1870 1155 1926 1212 Si

347 1256 546 1320 credis,
577 1255 732 1317 facis;
761 1255 878 1323 quia
892 1255 1065 1323 justus
1093 1268 1154 1306 ea:
1177 1251 1277 1321 fide
1303 1251 1436 1305 vivit.

422 1346 648 1402 CAPUT
678 1345 761 1400 VI.
791 1375 864 1386 -
886 1345 939 1400 6.
970 1344 1039 1398 1η
1079 1343 1333 1398 discordia
1349 1343 1572 1396 duorum
1599 1341 1847 1409 quomodo
1875 1356 1929 1394 se

348 1452 521 1507 gerere
573 1437 712 1490 debet
761 1435 950 1489 amicus
1001 1433 1277 1488 amborum.
1320 1433 1471 1501 Quod
1500 1431 1730 1487 abundat
1759 1431 1811 1486 in
1841 1445 1927 1486 re-

351 1527 451 1583 bus
480 1527 745 1593 humanis,
775 1527 876 1581 hoc
911 1525 1051 1582 dico.
1081 1525 1380 1595 Aliquando
1408 1526 1580 1579 amico
1609 1534 1696 1578 tuo
1725 1522 1927 1578 charis-

351 1616 488 1672 simo
521 1617 765 1671 inimicus
790 1625 872 1672 est
907 1617 1117 1686 aliquis,
1144 1615 1236 1686 qui
1260 1624 1376 1670 erat
1399 1616 1601 1670 amicus
1625 1614 1920 1668 amborum.

351 1706 614 1776 Incipiunt
640 1723 758 1763 esse
787 1709 854 1764 de
878 1710 1045 1764 tribus
1070 1709 1252 1763 amicis
1289 1709 1396 1762 duo
1425 1708 1562 1762 inter
1605 1722 1666 1761 se
1703 1707 1921 1770 inimici,

351 1800 475 1868 quid
507 1798 662 1853 faciat
697 1799 903 1854 medius
928 1799 1016 1870 qui
1040 1800 1326 1854 remansit?
1347 1798 1489 1865 Vult,
1520 1798 1699 1868 exigit,
1730 1798 1925 1868 ﬂagitat

351 1904 379 1942 a
427 1897 479 1944 te
518 1898 574 1943 ut
616 1889 794 1944 oderis
832 1904 951 1944 cum
997 1890 1086 1944 illo
1127 1904 1283 1959 quem
1320 1887 1496 1943 odisse
1520 1889 1700 1958 capit,
1729 1897 1782 1944 et
1810 1889 1924 1944 lucc

350 1981 510 2035 verba
535 1981 627 2035 tibi
655 1981 784 2035 dicit
813 1996 828 2034 :
857 1979 975 2035 Non
1001 1996 1060 2035 es
1111 1981 1314 2035 amicus
1342 1995 1511 2046 meus,
1541 1982 1661 2051 quia
1702 1995 1761 2035 es
1793 1981 1925 2034 ami-

345 2086 442 2126 cus
481 2071 678 2126 inimici
708 2072 834 2125 mei.
862 2071 991 2139 Quae
1019 2087 1124 2125 vox
1153 2071 1307 2140 hujus
1336 2071 1504 2126 estad
1537 2081 1606 2138 te,
1635 2072 1745 2141 ipsa
1766 2080 1848 2127 est
1869 2081 1922 2127 et

350 2164 485 2218 illius
507 2163 574 2218 ad
602 2173 672 2220 te.
700 2164 831 2219 Tres
861 2164 1001 2218 enim
1026 2162 1206 2218 eratis.
1237 2163 1368 2218 Tres
1397 2165 1574 2229 eratis,
1606 2163 1712 2218 duo
1739 2178 1920 2234 caspe-

341 2262 471 2308 ~runt
495 2268 612 2310 esse
634 2253 924 2319 discordes,
952 2253 1250 2309 remansisti
1273 2263 1346 2308 tu.
1369 2252 1424 2308 Si
1447 2253 1565 2308 huic
1589 2262 1638 2308 te
1657 2254 1918 2325 junxeris,

348 2345 492 2398 illum
533 2345 750 2400 habebis
793 2343 1163 2399 inimicumzsi
1206 2344 1300 2411 illi,
1330 2344 1488 2398 istum
1513 2361 1526 2396 :
1551 2345 1596 2399 si
1623 2345 1916 2412 ambobus,

345 2437 504 2489 ambo
534 2436 955 2490 murmurabunt.
988 2437 1122 2490 Ecce
1148 2436 1365 2490 tentatio
1389 2454 1401 2487 :
1425 2451 1548 2490 ecce
1577 2436 1741 2505 spina:
1763 2435 1814 2491 in
1840 2438 1919 2490 vi-

347 2541 444 2578 nea
475 2540 581 2595 quo
622 2525 868 2579 conducti
916 2540 1118 2580 sumus.
1146 2525 1436 2594 Exspcctas
1481 2527 1615 2582 forte
1642 2541 1670 2580 a
1701 2543 1785 2582 me
1825 2543 1920 2580 au—

335 2615 460 2671 idire
488 2615 611 2685 quid
643 2615 822 2668 facias.
857 2615 1113 2670 Permane
1150 2617 1352 2670 amicus
1390 2617 1686 2672 amborum.
1714 2617 1814 2683 Qui
1838 2618 1919 2672 di-

345 2704 596 2760 scordant
633 2704 770 2758 inter
810 2717 888 2770 se,
929 2703 1257 2759 concordent
1299 2719 1398 2774 per.
1435 2715 1504 2759 te.
1536 2705 1666 2759 Mala
1707 2707 1751 2762 si
1799 2723 1917 2776 qute

347 2795 498 2850 audis
523 2796 590 2849 ah
610 2795 777 2849 altero
797 2794 863 2849 de
882 2795 1072 2861 altero,
1093 2795 1202 2850 noli
1227 2795 1453 2865 prodere
1480 2796 1633 2852 alteri
1659 2814 1673 2851 :
1697 2812 1764 2852 ne
1784 2796 1918 2853 forte

349 2887 457 2940 sint
487 2897 665 2957 postea
691 2887 844 2941 amici
875 2888 964 2956 qui
999 2887 1157 2941 modo
1186 2898 1307 2942 sunt
1346 2888 1564 2953 inimici,
1595 2898 1648 2945 et
1683 2889 1916 2960 prodite-

341 2990 434 3032 ,res
460 2993 585 3033 suos
615 2979 839 3049 prodant
863 2979 986 3034 sibi.
1015 2978 1120 3034 Sed
1149 2978 1249 3034 hoc
1278 2988 1495 3049 propter
1519 2981 1759 3035 homines
1782 2981 1910 3048 dixi,

340 3085 450 3122 .non
477 3079 692 3139 propter
719 3071 900 3125 oculos
920 3070 1034 3139 ejus
1059 3071 1146 3140 qui
1171 3085 1269 3125 nos
1294 3071 1568 3126 conduxit.
1594 3071 1732 3128 Ecce
1758 3088 1915 3128 nemo

337 3171 397 3214 .te
425 3161 595 3228 prodit
621 3161 793 3215 :Deus
830 3161 921 3231 qui
948 3161 1109 3225 videt,
1141 3161 1329 3230 ipsete
1363 3161 1581 3230 iudicat.
1612 3162 1816 3217 Audisti
1847 3163 1914 3218 ab

336 3250 480 3302 .irato
509 3249 748 3315 verbum,
783 3265 811 3302 a
850 3249 1081 3316 dolente,
1112 3264 1140 3302 a
1165 3258 1545 3316 succenseute;
1573 3251 1830 3306 moriatur
1860 3254 1910 3307 in

344 3351 415 3394 te.
441 3341 624 3409 :Quare
659 3341 928 3412 proditur,
961 3357 1122 3410 quare
1150 3341 1451 3411 profertur?
1475 3342 1588 3397 Non
1620 3345 1760 3399 enim
1790 3345 1832 3398 si
1858 3345 1910 3399 in

346 3441 396 3482 te
431 3429 607 3497 fuerit,
639 3432 930 3499 disrumpet
973 3441 1041 3485 te.
1079 3432 1168 3486 Dic
1194 3445 1321 3488 sane
1350 3433 1520 3487 amico
1547 3442 1656 3500 tuo,
1684 3435 1770 3504 qui
1801 3435 1913 3490 vult

333 3530 394 3573 se
424 3519 596 3575 facere
623 3509 902 3574 inimicum
933 3522 1085 3576 amici
1117 3523 1187 3576 tui
1219 3540 1233 3576 :
1266 3523 1552 3593 alloquere,
1585 3533 1639 3578 ct
1665 3534 1909 3594 tanquam

341 3620 683 3680 :rgrotantem
709 3613 942 3666 animum
973 3613 1246 3668 medicinae
1271 3613 1483 3668 lenitate
1503 3624 1792 3686 pertracta.
1820 3617 1911 3673 Dic

342 3701 652 3768 illizQuare
699 3702 780 3756 vis
828 3710 884 3755 ut
931 3702 1030 3757 sim
1067 3702 1322 3758 inimicus
1359 3704 1533 3758 illius?
1572 3706 1908 3775 Respondet:

328 3791 471 3858 Quia
507 3793 747 3845 inimicus
778 3809 925 3846 meus
948 3805 1047 3848 est.
1083 3794 1169 3848 Vis
1193 3810 1320 3864 ergo
1343 3806 1400 3849 ut
1419 3797 1518 3851 sim
1543 3798 1786 3854 inimicus
1806 3799 1911 3854 ini-

339 3881 459 3934 mici
503 3882 614 3934 tui?
644 3881 888 3936 Inimicus
925 3899 1044 3938 esse
1075 3884 1252 3939 debeo
1281 3885 1390 3939 vitii
1427 3887 1518 3940 tui.
1543 3886 1651 3942 iste
1696 3889 1778 3943 cui
1823 3889 1910 3946 me

329 3972 416 4025 vis
465 3970 643 4027 facere
690 3973 982 4041 inimicum,
1018 3973 1178 4029 homo
1218 3985 1300 4031 est
1324 3993 1335 4029 :
1362 3984 1446 4031 est
1485 3969 1618 4032 alitis
1662 3979 1906 4034 inimicus

328 4075 476 4130 tuuis,
520 4067 604 4120 uti
647 4066 816 4120 debeo
856 4082 973 4121 esse
1019 4068 1291 4134 inimicus,
1320 4070 1363 4122 si
1387 4070 1592 4124 amicus
1623 4079 1740 4124 tuus
1765 4087 1905 4126 sum.

327 4157 692 4226 Respondebit
715 4176 727 4209 :
751 4157 878 4224 Q’uis
916 4168 999 4214 est
1043 4160 1176 4215 alius
1211 4161 1455 4216 inimicus
1493 4163 1682 4216 meus?
1712 4163 1903 4218 Vitium

325 4254 500 4300 tuum.
533 4247 929 4315 Respondebit:
953 4249 1105 4315 Quod
1128 4251 1313 4304 vitium
1339 4252 1554 4306 meum?
1582 4252 1770 4307 Odium
1801 4269 1905 4324 quo

328 4336 495 4389 odisti
546 4337 772 4390 amicum
804 4345 973 4390 tuum.
1010 4339 1133 4391 Esto
1161 4354 1286 4408 ergo
1315 4341 1502 4394 similis
1530 4341 1755 4397 medico.
1798 4344 1905 4398 Mc-

320 4427 480 4480 tlit-us
511 4443 612 4481 non
638 4437 780 4481 amat
799 4435 1164 4498 mgrotau-tem,
1189 4431 1234 4483 si
1257 4447 1361 4484 non
1381 4433 1494 4486 odit
1516 4435 1900 4502 mgritudinem.

322 4515 398 4569 Ut
424 4516 620 4586 liberet
647 4527 923 4586 argrotum,
955 4521 1287 4586 persequitur
1315 4521 1533 4576 febrem.
1561 4523 1735 4581 Nolite
1759 4542 1904 4582 ama-

321 4622 384 4657 re
409 4585 530 4659 vitia
549 4606 840 4660 atuicorum
861 4616 1174 4675 vestrorum,
1194 4611 1236 4662 si
1258 4612 1445 4665 amatis
1462 4615 1658 4668 amicos
1675 4625 1898 4672 vestros.

389 4695 620 4750 CAPUT
649 4696 834 4750 VI|.---
857 4699 911 4752 Ἰ.
934 4697 1164 4753 Iustitia.
1190 4699 1304 4764 Ira,
1330 4703 1555 4771 festuca;
1577 4705 1768 4774 odium,
1793 4718 1900 4762 tra-

316 4786 429 4841 hes.
460 4786 750 4853 Homicida,
788 4791 872 4858 qui
911 4793 1115 4861 fratrem
1161 4793 1286 4846 odit.
1329 4793 1437 4849 Sed
1490 4798 1577 4866 qui
1625 4798 1764 4866 dico,
1795 4817 1897 4871 pu-

319 4891 477 4935 tasne
501 4880 640 4936 facio
669 4881 780 4950 ipse
813 4882 950 4952 quod
977 4884 1133 4938 dico?
1159 4883 1371 4942 Fratres
1403 4889 1526 4954 mei,
1555 4888 1716 4956 facio,
1755 4894 1799 4948 si
1844 4894 1897 4950 in

319 4987 412 5024 sue
436 4972 588 5041 prius
617 4971 755 5027 facio
772 4972 812 5025 ³.
846 4972 900 5027 In
918 4989 1013 5028 «me
1037 4984 1210 5030 autem
1241 4975 1394 5044 facio,
1418 4980 1460 5034 si
1499 4996 1529 5035 a
1558 4982 1780 5038 Domino
1810 5000 1900 5041 ac-

315 5061 485 5129 cipio,
517 5061 670 5118 facio.
698 5063 795 5117 Odi
820 5064 938 5118 vitia
969 5081 1104 5131 mea,
1147 5081 1240 5121 cor
1277 5071 1572 5126 sanandum
1599 5073 1761 5130 olI‘cro
1782 5091 1896 5130 rne-

318 5150 448 5206 dico
491 5167 633 5208 meo.
664 5153 963 5224 Persequor
988 5171 1070 5221 ea,
1102 5167 1355 5226 quantum
1384 5175 1621 5229 possum,
1652 5180 1806 5234 gemo
1831 5166 1898 5222 de

320 5241 450 5306 illis,
479 5245 736 5298 confiteor
773 5246 893 5312 quin
942 5257 1065 5300 suut
1109 5248 1159 5301 in
1199 5265 1306 5314 me,
1335 5260 1388 5304 et
1433 5267 1556 5307 ecce
1584 5269 1684 5324 ego
1707 5270 1898 5311 accuso

318 5343 433 5385 sne.
463 5332 508 5387 0
535 5334 622 5402 qui
653 5349 737 5389 me
768 5337 1212 5404 reprehendebas,
1232 5342 1436 5409 corrige
1458 5352 1527 5397 te.
1562 5345 1685 5399 Ilaec
1712 5357 1793 5402 est
1811 5349 1899 5416 ju-

323 5420 489 5484 stitia,
516 5438 581 5478 ue
613 5424 816 5478 dicatur
855 5426 1006 5480 nobis
1027 5444 1040 5478 :
1063 5426 1319 5497 Stipulam
1359 5431 1412 5483 in
1457 5434 1604 5487 oculo
1630 5438 1800 5504 fratris
1824 5439 1896 5491 tui

389 5531 404 5595 ξ
431 5533 756 5585 cistcrcieusis
773 5543 874 5595 διε..
900 5537 1026 5588 unde
1044 5538 1302 5590 sordescat.

388 5591 408 5654 ξ
433 5599 478 5639 In
490 5599 612 5644 Mss;
649 5591 887 5654 quomodo
908 5599 1101 5651 videris.

390 5651 612 5742 141%.":
615 5651 706 5742 :JE‘.
714 5665 1075 5742 .“EffffTF‘Kf.
1086 5661 1460 5742 Ειέἓεηᾶξίριὲη
1482 5679 1556 5742 τηε
1580 5667 1894 5742 Mareotis:

321 5714 573 5775 emissogi.
595 5717 841 5778 I'auloque
856 5729 960 5780 post
987 5723 1164 5772 habent
1179 5738 1189 5770 :
1207 5714 1326 5774 Citio
1349 5714 1623 5792 ιῆιξαωί-οτέ

1601 314 1658 368 S.
1700 311 2064 369 AUGUSTINI
2108 312 2403 369 EHSCUPI

3519 329 3615 384 32$

2039 426 2193 493 vides,
2213 439 2259 482 et
2281 429 2470 482 trabem
2502 431 2552 484 in
2578 433 2722 486 oculo
2749 443 2832 488 tuo
2859 451 2955 489 non
2979 437 3144 492 vides?
3167 437 3466 510 Ilypocrita,
3496 448 3616 514 ejice

2038 519 2256 590 primum
2278 521 2466 574 trabem
2492 523 2552 576 de
2581 523 2726 578 oculo
2748 535 2849 591 tuo,
2875 537 2920 580 et
2954 537 3071 582 tunc
3113 530 3298 586 videbis
3319 533 3496 603 ejicere
3539 538 3614 606 fe~

2036 620 2228 663 stucam
2250 609 2320 664 de
2345 611 2491 664 oculo
2511 614 2684 683 fratris
2704 615 2776 668 tui
2792 616 3004 684 (Matth.
3023 635 3116 687 vn,
3134 622 3279 692 5-5).
3313 623 3391 679 Ira
3415 624 3609 683 festuca

2027 711 2150 768 est;
2178 702 2377 767 odium,
2428 705 2603 761 trabes
2647 717 2748 762 est.
2792 707 2896 764 Sed
2940 713 3108 766 nutris
3150 712 3430 780 festucam,
3458 731 3510 771 et
3555 719 3610 774 [it

2035 792 2352 847 trabeszira
2391 795 2682 852 inveterata
2731 798 2788 852 fit
2835 800 3268 868 odium,festuca
3310 808 3505 862 nutrita
3553 810 3614 865 lit

2036 882 2233 937 trabes.
2267 883 2336 938 Ut
2378 901 2506 956 ergo
2555 888 2752 944 festuca
2793 907 2897 946 non
2929 893 3019 947 fiat
3046 895 3244 961 trabes,
3273 913 3376 952 non
3401 901 3610 972 occidat

2033 973 2112 1027 sol
2139 988 2298 1044 super
2324 977 2649 1034 iracundiam
2684 992 2914 1037 vestram
2939 985 3154 1056 (Ep/tes.
3190 1005 3262 1058 tv,
3288 989 3402 1059 26).
3426 992 3603 1060 Vides,

2032 1065 2198 1120 sentis
2253 1073 2304 1122 te
2352 1068 2474 1123 odio
2517 1069 2818 1140 liventem,
2854 1079 3205 1145 reprehendis
3255 1082 3610 1141 irascentem?

2031 1153 2179 1210 Tolle
2214 1157 2416 1226 odium,
2443 1170 2498 1215 et
2538 1172 2680 1218 recte
2726 1167 3087 1235 reprehendis.
3115 1169 3200 1226 ira
3239 1181 3322 1228 est
3366 1175 3420 1229 in
3453 1169 3624 1234 oculo

2029 1247 2165 1318 ejus,
2197 1250 2250 1302 in
2297 1259 2388 1306 tuo
2430 1253 2625 1309 trabes.
2651 1256 2778 1311 Nam
2808 1262 2850 1312 si
2875 1260 3034 1315 odisti
3065 1272 3138 1329 tu,
3168 1265 3433 1333 quomodo
3461 1269 3609 1327 vides

2027 1339 2166 1408 quod
2191 1340 2476 1397 detrahas?
2506 1345 2705 1402 Trabes
2731 1358 2812 1403 est
2841 1349 2893 1403 iu
2920 1353 3074 1406 oculo
3103 1362 3212 1408 tuo.
3235 1355 3407 1424 Quare
3428 1360 3609 1416 trabes

2027 1431 2186 1485 estin
2213 1433 2367 1487 oculo
2399 1436 2519 1489 tuo?
2545 1437 2676 1504 Quia
2731 1438 2982 1496 festucam
3025 1443 3097 1498 ibi
3144 1456 3320 1501 natam
3372 1461 3612 1506 contem-

2029 1520 2198 1588 psisti.
2230 1521 2364 1578 Cum
2392 1524 2478 1578 illa
2505 1525 2767 1595 dormisti,
2797 1545 2916 1585 cum
2946 1532 3032 1586 illa
3059 1536 3336 1591 surrexisti
3363 1557 3375 1592 :
3398 1555 3513 1594 eam
3554 1542 3608 1599 in

2029 1619 2082 1666 te
2113 1611 2226 1681 ipso
2251 1615 2550 1683 escoluisti,
2583 1617 2729 1674 falsis
2755 1621 3142 1692 suspicionibus
3163 1626 3422 1699 ‘irrigasti,
3447 1634 3614 1690 verba

2026 1703 2352 1762 adulantium
2378 1717 2432 1763 et
2450 1709 2514 1764 ad
2543 1719 2598 1764 te
2623 1712 2758 1766 mala
2788 1714 2945 1769 verba
2971 1715 3038 1772 de
3060 1719 3232 1774 amico
3256 1720 3608 1779 deferentium

2024 1795 2313 1864 credendo,
2341 1801 2574 1856 nutristi.
2609 1803 2885 1860 chtucam
2929 1823 3032 1862 non
3071 1811 3309 1866 avulsisti
3331 1813 3609 1885 diligentia

2029 1895 2134 1954 tua,
2166 1889 2373 1945 trabem
2398 1890 2595 1947 fecisti.
2631 1895 2780 1950 Tolle
2812 1897 3011 1953 trabem
3053 1902 3119 1956 de
3153 1903 3316 1957 ocqu
3358 1913 3468 1970 tuo,
3498 1907 3609 1959 noli

2025 1980 2202 2038 odisse
2226 1983 2445 2040 fratrem
2475 1996 2642 2042 tuum.
2663 1990 3003 2060 Expavescis,
3029 2007 3096 2047 an
3123 2010 3228 2049 non
3259 1999 3609 2066 expavescis?

2020 2071 2152 2128 Dico
2206 2075 2319 2143 tibi,
2373 2077 2492 2132 Noli
2541 2080 2740 2147 odisse,
2793 2098 3011 2140 securus
3059 2087 3267 2142 δείξει.
3313 2090 3612 2159 respondes

2024 2164 2175 2231 mihi,
2216 2175 2270 2221 et
2314 2167 2446 2224 dicis
2493 2170 2812 2239 mihi,Quid
2855 2183 2938 2230 est
2981 2176 3289 2234 odisse?El
3317 2180 3442 2250 quid
3480 2183 3609 2237 mali

2025 2264 2126 2321 est,
2161 2257 2282 2326 quia
2313 2260 2424 2314 odit
2467 2260 2625 2317 homo
2669 2263 2937 2321 inimicum
2973 2270 3166 2323 suum?
3192 2271 3359 2327 Odisti
3388 2273 3610 2330 fratrem

2025 2354 2204 2401 tuum:
2229 2349 2323 2404 sed
2355 2351 2398 2405 si
2427 2352 2608 2408 odium
2624 2357 2951 2421 contemnis,
2977 2359 3098 2413 audi
3125 2362 3264 2430 quod
3293 2378 3396 2417 non
3421 2372 3609 2420 atten-

2021 2435 2104 2490 dis
2130 2456 2142 2490 :
2177 2439 2276 2504 Qui
2306 2441 2410 2494 odit
2452 2447 2659 2512 fratrem
2688 2462 2835 2500 suum
2870 2448 3124 2503 homicida
3152 2462 3224 2505 est
3257 2452 3308 2524 (ι
3331 2452 3486 2509 Joau.
3520 2473 3604 2520 ιιι,

2023 2526 2132 2599 15).
2167 2529 2268 2597 Qui
2289 2532 2414 2602 odit,
2443 2535 2696 2590 homicida
2727 2548 2818 2592 est.
2846 2539 3114 2610 Numquid
3135 2545 3295 2601 modo
3338 2556 3490 2616 potes
3519 2549 3609 2604 di-

2017 2633 2163 2686 cere,
2193 2620 2326 2686 Quid
2367 2623 2433 2677 ad
2474 2640 2578 2692 me,
2604 2636 2668 2681 ut
2697 2627 2958 2684 homicida
2990 2633 3123 2687 sim?
3146 2635 3244 2702 Qui
3275 2638 3396 2702 odit,
3431 2640 3606 2694 homi-

2020 2710 2134 2762 cida
2158 2721 2246 2765 est.
2278 2712 2394 2766 Non
2424 2730 2686 2772 venenum
2719 2722 2933 2789 parasti,
2970 2739 3072 2779 non
3101 2726 3165 2780 ad
3197 2730 3606 2796 percutiendum

2012 2797 2290 2855 inimicum
2338 2819 2457 2858 cum
2504 2806 2681 2876 gladio
2713 2813 3056 2880 .proceSsisti;
3108 2831 3214 2870 non
3263 2819 3604 2877 ministrum‘

2018 2889 2234 2946 sceleris
2261 2897 2589 2963 praeparasti,
2623 2912 2727 2953 non
2757 2899 2952 2968 locum,
2984 2919 3087 2958 noa
3112 2914 3358 2976 tempus;
3388 2922 3606 2979 postre-

2019 2992 2108 3032 mo
2150 2978 2321 3049 ipsum
2362 2984 2534 3038 scelus
2572 3001 2678 3041 non
2714 2987 2916 3044 fecisti:
2941 3002 3140 3046 tantum
3163 2996 3346 3064 odisti,
3376 2978 3607 3069 etprius

2021 3077 2075 3125 te
2097 3085 2254 3141 quam
2278 3072 2424 3128 illum
2453 3077 2710 3133 occidisti.
2738 3080 2933 3136 Discite
2959 3099 3086 3152 ergo
3106 3084 3385 3154 justitiam,
3414 3099 3468 3144 ut
3490 3107 3606 3148 non

2017 3159 2236 3216 oderitis
2265 3162 2363 3217 nisi
2391 3165 2536 3232 vitia,
2567 3168 2806 3225 homines
2831 3174 3040 3226 ametis.
3071 3175 3184 3230 Hoc
3219 3177 3262 3230 si
3296 3180 3597 3247 tenueritis,

2016 3261 2069 3304 et
2095 3251 2230 3306 hanc
2264 3253 2523 3323 justitiam
2543 3257 2800 3327 feceritis,
2827 3273 2882 3317 ut
2919 3263 3159 3322 homines
3184 3269 3342 3323 etiam
3372 3272 3604 3328 vitiosos

2016 3343 2190 3396 sanari
2219 3345 2412 3401 maiitis
2455 3350 2628 3417 potius
2665 3367 2822 3422 quam
2863 3353 3123 3422 damnari,
3154 3357 3348 3414 bonum
3383 3376 3515 3432 opus
3537 3364 3600 3422 in

2015 3433 2164 3487 vinea
2191 3433 2411 3492 fecistis.
2445 3437 2550 3494 Sed
2575 3450 2818 3498 exercete
2847 3459 2941 3498 vos
2972 3448 3024 3500 in
3057 3446 3178 3514 hoc,
3207 3448 3397 3506 fratres
3425 3453 3552 3508 mei.

2086 3524 2310 3580 CAPUT
2357 3527 2484 3582 VIII.
2535 3561 2604 3570 —
2666 3532 2718 3587 8.
2787 3533 3081 3590 Debitorum
3143 3540 3388 3596 dimissio.
3452 3544 3602 3602 Ecce

2016 3627 2134 3684 post
2175 3631 2476 3674 sermonem
2521 3622 2576 3674 fit
2617 3623 2774 3678 missa
2817 3627 3212 3684 cathecumenis
3247 3649 3260 3684 :
3301 3635 3600 3695 manebunt

2015 3704 2218 3772 fideles,
2251 3709 2490 3764 venietur
2513 3712 2575 3766 ad
2605 3713 2777 3768 locum
2805 3718 3080 3772 orationis.
3099 3718 3256 3776 Scitis
3279 3738 3383 3792 quo
3403 3739 3594 3780 acces-

2013 3795 2121 3848 suri
2159 3810 2362 3862 sumus,
2403 3800 2526 3869 quid
2567 3802 2710 3871 prius
2759 3804 2866 3859 Deo
2903 3806 3092 3862 dicturi
3131 3813 3349 3866 sumus?
3380 3812 3597 3870 Dimitte

2012 3887 2151 3940 nobis
2181 3889 2346 3942 debita
2389 3903 2578 3956 nostra,
2612 3896 2739 3948 sicut
2769 3906 2814 3949 et
2850 3914 2938 3952 nos
2964 3899 3258 3956 dimittimus
3285 3904 3602 3978 debitoribus

2009 3979 2194 4032 nostris
2227 3978 2433 4050 (Matth.
2460 3999 2530 4047 vt,
2564 3983 2673 4055 12).
2704 3986 2856 4056 Agite
2884 3997 2940 4041 ut
2966 3988 3262 4059 dimittatis,
3293 3995 3450 4063 agite.
3475 3995 3587 4050 Ve-

2005 4067 2166 4122 nietis
2189 4070 2329 4124 enim
2357 4071 2422 4124 ad
2452 4074 2608 4127 verba
2628 4073 2732 4127 ista
2761 4077 3012 4130 orationis
3034 4097 3046 4132 :
3066 4082 3330 4149 quomodo
3359 4099 3421 4157 ea
3447 4085 3588 4138 dici~

2011 4157 2114 4211 tis?
2141 4161 2405 4228 quomodo
2435 4178 2539 4217 non
2569 4162 2782 4219 dicitis?
2812 4167 3086 4224 Postremo
3119 4170 3416 4244 interrogo:
3442 4175 3589 4230 Dici-

2009 4249 2098 4317 tis,
2123 4265 2188 4304 an
2212 4267 2315 4306 non
2341 4253 2551 4309 dicitis?
2571 4255 2758 4323 Odisti,
2778 4268 2830 4312 et
2853 4258 3017 4314 dicis?
3044 4261 3408 4332 Respondebis
3429 4266 3588 4332 mihi,

2009 4339 2120 4410 Ego
2165 4357 2269 4396 non
2305 4342 2441 4397 dico.
2473 4343 2627 4412 Oras,
2659 4355 2714 4400 et
2755 4364 2858 4402 non
2901 4349 3068 4404 dicis?
3097 4352 3286 4420 odisti,
3317 4363 3372 4410 et
3416 4355 3588 4412 dicis?

2007 4445 2149 4496 oras,
2168 4441 2222 4487 et
2243 4448 2345 4488 non
2369 4434 2536 4490 dicis?
2555 4436 2670 4491 Cito
2689 4440 3003 4508 respondeo.
3030 4441 3168 4512 Ergo
3184 4447 3227 4497 si
3252 4444 3404 4511 dicis,
3426 4462 3582 4502 men-

2007 4520 2121 4576 tiris
2145 4538 2158 4575 :
2183 4523 2225 4578 si
2271 4539 2374 4578 non
2403 4526 2554 4594 dicis,
2586 4529 2714 4582 nihil
2741 4531 2982 4586 mereris.
3011 4531 3241 4588 Observa
3271 4543 3341 4602 te,
3367 4536 3584 4594 attende

2001 4620 2058 4667 1e
2079 4632 2092 4669 :
2117 4615 2274 4669 modo
2303 4631 2362 4672 es
2386 4629 2649 4684 oraturus,
2681 4620 2886 4676 dimitte
2913 4637 2977 4676 ex
3009 4632 3115 4676 toto
3133 4625 3316 4681 corde.
3342 4626 3582 4698 Litigare

2004 4706 2084 4760 vis
2108 4722 2226 4763 cum
2256 4707 2467 4764 inimico
2490 4719 2598 4774 tuo,
2631 4713 2775 4780 prius
2818 4713 2959 4782 litiga
2999 4731 3118 4776 cum
3161 4716 3321 4773 corde
3350 4726 3458 4773 tuo.
3484 4719 3580 4773 Li-

2005 4797 2129 4867 tiga,
2161 4798 2394 4868 inquam,
2439 4800 2580 4870 Iitiga
2632 4818 2752 4856 cum
2793 4804 2955 4858 corde
2983 4812 3101 4860 tuo.
3139 4807 3232 4862 Dic
3267 4808 3416 4862 cordi
3463 4819 3577 4876 tuo,

2004 4884 2118 4941 Noli
2143 4888 2339 4943 odisse.
2367 4890 2500 4944 illud
2525 4902 2698 4947 autent
2737 4909 2830 4948 cor
2865 4903 3031 4963 tuum,
3061 4897 3267 4953 animus
3305 4905 3429 4956 tuus
3464 4900 3578 4955 odit

2003 4977 2174 5032 adhuc
2211 4997 2223 5031 :
2265 4979 2350 5033 dic
2391 4981 2626 5047 animo",
2674 4982 2786 5036 Noli
2831 4984 3027 5040 odisse.
3064 4986 3342 5054 Quomodo
3387 4988 3571 5057 orabo,

2001 5068 2268 5137 quomodo
2293 5069 2484 5136 dicam,
2516 5071 2717 5125 Dimitte
2761 5075 2900 5129 nobis
2928 5076 3095 5130 debita
3119 5079 3328 5132 nostra?
3352 5079 3573 5134 Pos$um

2002 5157 2212 5226 quidem
2245 5161 2344 5213 hoc
2383 5159 2585 5223 dicere,
2614 5162 2707 5216 sed
2744 5163 2883 5232 quod
2927 5167 3163 5235 sequitur
3199 5169 3462 5237 quomodo
3486 5170 3570 5222 di-

2002 5247 2152 5300 cam?
2184 5249 2330 5302 Sicut
2355 5260 2400 5304 ει
2429 5267 2537 5306 nos.
2565 5253 2736 5319 Quid?
2767 5247 2910 5312 Sicut
2935 5265 2982 5310 et
3010 5273 3100 5312 nos
3127 5259 3443 5314 dimittimus.
3473 5260 3569 5317 Ubi

1995 5347 2084 5391 est
2109 5337 2272 5392 fides?
2294 5339 2397 5394 Fac
2423 5342 2560 5410 quod
2582 5342 2735 5409 dicis,
2768 5343 2911 5399 Sicut
2936 5356 2981 5399 et
3001 5364 3114 5402 nos.

2072 5425 2124 5480 9.
2173 5426 2474 5500 Exemplum
2536 5430 2740 5486 Christi.
2798 5433 2901 5490 Sed
2967 5452 3070 5491 non
3139 5437 3248 5493 vult
3306 5439 3570 5496 dimittere

2066 5555 2080 5622 ξ
2107 5555 2178 5622 sic
2199 5563 2304 5607 Mss.
2327 5559 2441 5610 Editi
2468 5575 2600 5621 vero,
2623 5568 2670 5612 et
2691 5577 2886 5622 securus
2908 5568 3020 5620 eris.

2063 5617 2082 5681 ξ
2107 5617 2180 5681 sic
2197 5627 2297 5667 Mss.
2325 5629 2380 5669 At
2403 5623 2536 5681 editi,
2560 5617 2888 5676 niinistet‘iutn.

1995 5745 2018 5787 ι
2065 5678 2085 5708 ³
2106 5677 2403 5786 Coibertiuus
2443 5677 2540 5743 .\ts.,
2566 5685 2746 5736 anticus
2788 5696 2895 5739 tmts
2929 5690 3087 5742 adhuc
3113 5693 3228 5743 adst.
3270 5691 3360 5744 Dic
3395 5693 3564 5745 αιιίαα

2021 5750 2110 5787 me.
2141 5755 2167 5784 ι·
2185 5753 2231 5786 .c.

2021 5750 2110 5794 ttat,
2141 5750 2231 5786 etc.
