3938 6186
260 313 364 368 525

259 427 430 479 anima
456 436 546 480 tua
568 467 583 489 ,
611 434 662 479 et
689 426 1038 490 contristatur
1055 466 1069 489 ,
1102 425 1222 494 quia
1247 423 1380 479 dicis
1405 423 1474 488 ei,
1503 420 1619 476 Noli
1645 419 1845 474 odisse.

259 514 546 585 Responde
597 517 674 572 illi
697 559 711 581 ,
762 516 933 582 Quare
967 517 1119 570 tristis
1155 532 1206 570 es
1239 515 1410 569 anima
1449 529 1595 580 mea,
1625 521 1670 567 et
1694 529 1850 585 quare

257 607 524 661 contrahas
570 625 650 662 me
670 609 696 661 Ρ
741 608 912 674 Quare
941 608 1096 662 tristis
1124 624 1176 662 es
1195 607 1221 661 ?
1244 606 1365 662 Noli
1389 605 1567 661 odisse
1584 647 1598 671 ,
1631 619 1700 660 ne
1727 619 1851 673 per-

256 700 358 755 das
395 715 504 754 me.
555 700 728 768 Quare
769 701 1037 756 conturbas
1065 701 1187 756 me?
1213 699 1377 771 Spera
1402 700 1457 753 in
1483 697 1651 753 Deum
1677 695 1847 762 (Psal.

260 803 349 844 xu
367 830 383 854 ,
405 788 482 858 6).
512 789 763 859 Langues
781 833 796 856 ,
824 791 1068 858 anhelas,
1093 789 1407 862 aegritudine
1431 789 1719 853 sauciaris;
1743 803 1852 864 non

260 887 414 948 potes
436 879 532 934 tibi
561 881 751 936 tollere
777 881 978 936 odium.
1008 881 1174 953 Spera
1194 883 1247 936 in
1272 881 1450 948 Deum,
1472 880 1710 937 medicus
1732 889 1848 947 est;

263 985 363 1037 pro
402 977 457 1024 te
497 971 751 1041 pependit
793 972 844 1025 in
875 973 1053 1041 ligno,
1082 981 1136 1027 et
1162 972 1397 1028 nondum
1425 981 1510 1028 est
1533 971 1848 1026 vindicatus.

257 1059 401 1124 Quid
447 1061 528 1116 vis
572 1061 873 1116 vindicari?
917 1061 1040 1116 Ideo
1073 1063 1213 1118 enim
1243 1062 1435 1129 odisti,
1466 1069 1524 1118 ut
1549 1062 1849 1118 viudiceris.

262 1148 398 1205 Vide
445 1153 764 1221 pendentem
814 1153 1098 1209 Dominum
1131 1164 1276 1209 tuum
1295 1195 1312 1220 ,
1341 1154 1463 1209 vide
1491 1154 1808 1224 pendentem
1830 1195 1846 1220 ,

256 1251 310 1294 et
358 1243 455 1296 tibi
498 1243 566 1298 de
605 1243 748 1313 ligno
780 1255 1027 1313 tanquam
1058 1246 1124 1300 de
1153 1244 1401 1299 tribunali
1429 1245 1849 1315 praecipientem.

260 1332 398 1388 Vide
440 1335 800 1404 pendentem,
849 1344 906 1390 et
946 1335 1034 1390 tibi
1080 1336 1342 1405 languenti
1383 1335 1450 1391 de
1474 1351 1572 1391 suo
1595 1336 1852 1407 sanguine

257 1428 712 1482 medicamentum
736 1428 1034 1481 facientem.
1059 1426 1194 1481 Vide
1226 1427 1577 1497 pendentem,
1607 1428 1650 1482 si
1681 1427 1851 1481 vindi-

255 1518 374 1571 cari
392 1518 492 1571 vis.
514 1516 784 1572 Vindicari
801 1518 916 1581 vis;
943 1517 1061 1572 vide
1089 1522 1406 1587 pendentem
1426 1559 1441 1586 ,
1479 1518 1598 1573 audi
1631 1535 1852 1589 precan-

257 1617 407 1672 tem,
444 1605 630 1673 Pater,
661 1609 866 1678 ignosce
885 1607 1013 1673 illis,
1055 1609 1174 1678 quia
1222 1608 1448 1664 nesciunt
1489 1608 1614 1680 quid
1655 1610 1850 1681 faciunt

255 1697 412 1766 (Luc.
439 1714 594 1763 xxnt,
617 1698 731 1767 54).

331 1789 562 1846 CAPUT
586 1789 676 1844 IX.
707 1820 779 1830 —
807 1789 892 1845 10.
927 1789 1173 1862 Stephani
1198 1793 1418 1848 charitas
1444 1809 1563 1864 erga
1592 1794 1849 1864 lapidato-

254 1897 340 1934 τα
360 1896 501 1933 suos.
528 1878 688 1935 Swvit
715 1889 766 1935 et
807 1881 992 1952 diligit.
1036 1882 1140 1938 Sed
1181 1884 1350 1953 potuit
1403 1884 1503 1939 hoc
1531 1885 1736 1952 facere,
1763 1885 1846 1940 di-

255 1972 338 2024 cis
380 1971 513 2025 mihi
544 1989 558 2024 :
584 1986 683 2042 ego
717 1986 822 2026 non
850 1987 1086 2042 possum.
1117 1973 1228 2043 Ego
1251 1975 1391 2030 enim
1415 1974 1576 2030 homo
1594 1991 1735 2039 sum,
1758 1977 1847 2033 ille

259 2060 409 2115 Deus
457 2079 473 2116 :
511 2061 673 2117 homo
710 2077 842 2132 ego,
873 2062 1032 2118 homo
1059 2064 1149 2118 ille
1181 2065 1318 2120 Deus
1343 2066 1522 2121 homo.
1556 2067 1694 2122 Deus
1718 2082 1846 2136 ergo

259 2152 451 2222 utquid
495 2152 689 2217 homo,
729 2153 774 2208 si
803 2169 908 2208 non
937 2154 1218 2224 corrigitur
1242 2155 1444 2211 homo?
1470 2157 1573 2212 Sed
1598 2173 1724 2214 ecce
1754 2158 1846 2215 tibi

259 2244 458 2312 loquor
485 2261 498 2297 :
526 2259 562 2298 ο
586 2243 776 2310 homo,
807 2246 1034 2300 multum
1064 2255 1143 2302 est
1173 2246 1240 2301 ad
1268 2256 1319 2303 te
1349 2247 1543 2304 imitari
1567 2250 1874 2307 Dominum.

258 2341 409 2388 tuum
433 2376 449 2399 ,
495 2334 713 2390 attende
754 2335 1080 2407 Stephanum
1119 2329 1432 2394 conservum
1477 2348 1644 2396 tuum.
1691 2341 1848 2399 Certe

259 2423 575 2494 Stephanus
598 2435 816 2482 sanctus
835 2467 852 2492 ,
885 2427 1044 2481 homo
1064 2437 1180 2482 erat
1197 2470 1212 2495 ,
1235 2443 1301 2482 an
1325 2429 1498 2485 Deus?
1521 2430 1691 2484 Homo
1710 2441 1846 2489 erat.

259 2515 426 2570 Plane
467 2516 630 2571 homo
658 2526 774 2572 erat
801 2534 816 2570 :
847 2515 949 2571 hoc
973 2527 1086 2572 erat
1115 2517 1361 2588 quod’tu.
1390 2519 1494 2574 Sed
1523 2521 1664 2590 quod
1692 2521 1844 2588 fecit,

255 2607 470 2664 nonnisi
510 2607 747 2664 donante
789 2609 914 2676 illo,
946 2624 1102 2679 quem
1133 2626 1290 2681 rogas
1315 2619 1367 2666 et
1399 2619 1475 2665 tu.
1507 2611 1640 2667 Vide
1669 2620 1846 2670 tamen

253 2700 382 2768 quid
427 2697 632 2754 fecerit.
675 2700 1272 2770 LoquebalurJudaris,
1301 2702 1554 2757 saeviebat
1576 2714 1630 2757 et
1656 2702 1847 2774 dilige-

258 2796 369 2845 bat.
399 2791 703 2862 Utrumque
728 2792 1013 2848 ostendere
1037 2791 1230 2858 debeo,
1252 2793 1372 2863 quia
1397 2793 1528 2860 dixi,
1551 2793 1844 2861 S.-eviebat;

255 2884 369 2938 dixi
390 2926 407 2952 ,
437 2883 507 2938 Et
535 2883 788 2953 diligebat
818 2901 832 2938 :
862 2893 1146 2954 utrumque
1175 2883 1343 2939 debeo
1371 2884 1766 2951 demonstrare,
1794 2893 1848 2942 et

254 2979 568 3033 smvientem
590 3019 606 3046 ,
630 2985 683 3032 et
702 2977 1028 3048 diligentem.
1053 2975 1188 3032 Audi
1212 2977 1515 3031 saevientem
1541 2972 1566 3029 ε’
1582 2975 1724 3030 Dura
1743 2993 1848 3032 cer-

262 3071 390 3124 rice.
424 3069 599 3126 Verba
625 3079 751 3124 sunt
777 3069 944 3124 sancti
971 3067 1264 3138 Stephani,
1290 3067 1503 3139 quando
1528 3068 1740 3124 Judteos
1764 3067 1846 3122 al-

261 3161 581 3231 loquebatur
611 3178 626 3216 :
655 3159 798 3214 Dura
821 3159 1036 3226 cervice,
1065 3167 1112 3213 et
1142 3159 1476 3215 incircumcisi
1502 3160 1652 3214 corde
1678 3170 1726 3214 et
1748 3158 1845 3214 au-

262 3254 441 3318 ribus,
461 3269 552 3307 ros
576 3267 776 3317 semper
797 3250 1015 3322 Spiritui
1034 3260 1206 3305 sancto
1229 3250 1498 3305 restitistis.
1529 3251 1688 3319 Quem
1717 3249 1850 3306 Pro-

262 3345 532 3414 phetarum
562 3361 665 3398 non
693 3344 979 3398 occiderunt
1005 3351 1169 3413 patres
1187 3344 1335 3398 vestri
1357 3343 1382 3396 ?
1401 3343 1606 3398 Audisti
1628 3345 1851 3400 saevien-

264 3444 369 3488 tem
402 3453 416 3488 :
447 3435 678 3490 alterum
709 3433 880 3489 debeo
900 3475 915 3500 ,
943 3433 1063 3487 audi
1093 3442 1147 3487 et
1174 3433 1498 3503 diligentem.
1532 3435 1651 3489 lrati
1675 3435 1748 3489 illi
1769 3434 1848 3488 fa-

260 3530 330 3579 rti
351 3569 366 3590 ,
395 3535 449 3580 et
473 3527 692 3596 gravius
722 3524 1156 3591 inardescentes;
1187 3536 1242 3580 et
1267 3524 1401 3580 mala
1430 3537 1525 3595 pro
1551 3526 1702 3580 bonis
1729 3525 1849 3581 red-

260 3617 482 3684 dentes,
527 3615 595 3670 ad
642 3613 845 3684 lapides
884 3623 1261 3681 cucurrerunt,
1302 3615 1394 3670 Dei
1432 3614 1684 3670 famulum
1713 3616 1848 3686 lapi-

260 3707 388 3761 dare
427 3715 731 3778 coeperunt.
771 3705 870 3761 Hic
912 3706 1107 3775 proba,
1148 3715 1329 3761 sancte
1370 3706 1674 3776 Stephane,
1711 3707 1848 3764 dile-

259 3801 493 3854 ctionem
521 3808 668 3852 tuam
693 3813 709 3864 ;
739 3797 825 3853 hic
844 3839 858 3863 ,
883 3797 969 3852 hic
997 3807 1048 3852 tc
1069 3797 1342 3854 videamus
1362 3841 1376 3865 ,
1403 3798 1488 3854 hic
1509 3808 1809 3868 spectemus
1830 3841 1846 3868 ,

258 3906 348 3946 mc
397 3890 656 3944 victorem
709 3888 906 3944 diaboli
951 3887 1498 3958 triumphatoremque
1547 3903 1848 3945 cernamus.

257 3982 580 4038 Audivimus
624 3983 933 4037 saevientem
975 3980 1230 4036 adversus
1275 3990 1540 4048 tacentes,
1579 3980 1853 4036 videamus

257 4075 301 4126 si
345 4072 530 4143 diligis
559 4071 841 4126 saevientes
873 4086 888 4125 :
919 4070 1174 4126 sazviebas
1199 4069 1453 4125 adversus
1478 4079 1743 4136 tacentes,
1774 4071 1852 4125 vi-

257 4163 488 4216 deamus
511 4162 556 4217 si
584 4161 761 4232 diligis
785 4161 1098 4230 lapidantes.
1129 4159 1186 4215 Si
1207 4161 1346 4215 enim
1376 4161 1530 4216 odisti
1554 4201 1574 4228 ,
1599 4169 1654 4216 et
1676 4161 1853 4217 odisse

259 4252 522 4322 potuisti,
570 4267 712 4306 nunc
755 4260 836 4306 est
879 4259 1086 4321 tempus
1133 4249 1348 4322 quando
1390 4250 1640 4320 lapidaris
1665 4291 1682 4316 ,
1727 4259 1853 4306 tunc

259 4345 501 4399 maxime
546 4343 724 4398 odisse
767 4343 950 4398 debes.
995 4342 1284 4397 Videamus
1323 4341 1366 4396 si
1396 4341 1575 4397 reddis
1602 4340 1851 4397 duritiam

261 4433 447 4488 cordis
472 4432 740 4502 lapidibus
767 4432 946 4498 duris,
982 4431 1246 4501 lapidibus
1275 4431 1362 4501 qui
1391 4440 1442 4486 te
1471 4431 1723 4502 lapidant.
1752 4430 1854 4485 La-

263 4527 420 4596 pides
455 4527 599 4582 enim
643 4526 858 4580 mittunt
883 4524 1084 4595 lapides
1103 4566 1120 4592 ,
1145 4524 1276 4579 dura
1304 4523 1444 4579 duri.
1473 4521 1572 4591 Qui
1601 4524 1655 4578 in
1681 4523 1852 4592 lapide

264 4619 465 4689 Legem
497 4625 816 4686 ameperunt
838 4656 853 4682 ,
882 4613 1083 4684 lapides
1111 4616 1344 4670 mittunt.

337 4705 570 4762 CAPUT
601 4705 667 4760 Χ.
694 4735 767 4745 -
793 4706 876 4760 Η.
906 4702 1048 4759 Genu
1069 4704 1173 4773 ﬁxo
1213 4712 1323 4756 orat
1351 4717 1442 4774 pro
1482 4702 1716 4756 inimicis.
1760 4701 1852 4757 Vi-

264 4797 530 4862 deamus,
569 4795 903 4860 charissimi,
943 4794 1248 4858 videamus,
1279 4802 1581 4863 spectemus
1607 4808 1852 4864 magnum

265 4887 633 4958 spectaculum
667 4903 680 4940 :
712 4894 1014 4957 spectemus
1044 4887 1060 4916 ¹
1091 4893 1147 4939 et
1170 4883 1274 4939 diei
1298 4883 1530 4940 crastino
1556 4898 1856 4953 proponen-

265 4979 422 5036 dum.
459 4977 765 5034 Videamus.
810 4977 950 5033 Ecce
973 4975 1274 5046 Stephanus
1303 4975 1564 5044 lapidatur
1583 5015 1599 5041 ,
1634 4977 1703 5030 sit
1730 4990 1852 5030 con-

266 5073 491 5129 stitutus
509 5073 658 5143 quasi
683 5079 807 5126 ante
825 5069 1009 5126 oculos
1030 5075 1261 5123 nostros.
1284 5067 1374 5123 Eia
1395 5067 1692 5122 membrum
1709 5065 1858 5122 Chri-

267 5165 344 5218 sti
370 5206 384 5227 ,
430 5165 512 5220 eia
553 5163 750 5220 athleta
789 5162 1014 5226 Christi,
1048 5160 1249 5232 inspice
1275 5160 1421 5214 illum
1450 5159 1538 5230 qui
1568 5174 1665 5230 pro
1689 5169 1740 5215 te
1767 5174 1858 5229 pe-

272 5254 460 5326 pendit
497 5254 551 5308 in
589 5253 754 5323 ligno.
785 5251 1203 5322 Crucillgebatur
1227 5249 1316 5304 ille
1339 5290 1353 5314 ,
1383 5257 1438 5305 tu
1468 5248 1858 5320 lapidaris.‘llle

267 5346 412 5401 dixit
440 5363 454 5398 :
483 5343 673 5411 Pota,
711 5344 916 5415 ignosce
940 5344 1042 5397 illis
1061 5385 1077 5410 ,
1104 5341 1222 5412 quia
1247 5342 1472 5396 nesciunt
1499 5340 1621 5410 quid
1646 5341 1854 5412 faciunt.

270 5435 355 5490 Tu
394 5434 523 5506 quid
561 5434 694 5490 dicis
714 5477 729 5503 ,
771 5433 1004 5489 audiam.
1035 5432 1255 5488 Videam
1288 5441 1369 5498 te,
1403 5446 1470 5487 ne
1498 5430 1633 5486 forte
1663 5431 1858 5501 possim

270 5527 476 5582 imitari
516 5527 602 5582 vel
636 5535 688 5583 te
711 5529 754 5580 ³.
783 5527 963 5583 Primo
987 5525 1171 5581 beatus
1197 5523 1498 5594 Stephanus
1523 5532 1666 5578 stans
1693 5522 1864 5577 oravit

339 5621 481 5686 gum
503 5617 611 5670 loco
632 5627 735 5669 Am.
758 5625 833 5669 Er.
861 5626 913 5686 et_
931 5615 1232 5686 pollici-tinus
1252 5619 1354 5676 δίει,
1379 5619 1722 5686 ςωξρεεεενηιιε·
1763 5673 1800 5686 ,ν
1838 5674 1850 5685 .

272 5683 585 5793 utea-abun
611 5689 665 5732 et
687 5688 816 5731 Issa
855 5679 1070 5740 Videam,
1099 5685 1281 5728 teneam
1317 5689 1334 5727 :
1372 5678 1492 5740 forte
1531 5687 1722 5740 possum
1754 5678 1865 5726 imi-

327 5755 373 5791 η
533 5777 551 5792 .

1760 303 1985 358 εειιλῐο
2019 303 2080 358 L.

3424 316 3532 371 3‘35

1956 432 2054 486 pro
2077 433 2154 485 sc,
2186 427 2240 473 et
2266 419 2336 474 ait
2369 437 2380 472 :
2414 418 2630 476 Domine
2671 421 2816 488 Jestt,
2864 425 3035 493 accipe
3071 425 3299 497 spiritum
3342 445 3528 484 nicum.

1957 509 2155 565 Deinde
2195 511 2379 579 positis
2407 513 2626 581 genibus
2657 529 2753 582 pro
2779 515 3159 584 lapidatoribus
3187 533 3345 575 orans
3376 538 3388 574 :
3422 520 3534 574 Do-

1954 602 2085 656 mine
2103 643 2116 666 ,
2146 602 2346 672 inquit,
2377 620 2440 656 ne
2466 613 2658 659 statuas
2686 606 2788 661 illis
2817 607 2912 662 hoc
2951 619 3228 678 peccatum.
3256 611 3368 668 Hoc
3391 613 3539 669 dicto

1954 693 2273 748 obdormivit
2313 692 2444 764 (Act.
2493 711 2598 761 vn,
2633 697 2844 769 διε-59).
2873 699 2916 756 0
2947 701 3067 755 felix
3097 718 3349 770 somnus,
3377 716 3430 761 et
3455 722 3543 762 re—

1954 783 2105 854 quies
2153 797 2279 837 vera
2305 785 2318 838 l
2363 784 2503 840 Ecce
2529 785 2653 854 quid
2679 795 2761 842 est
2790 791 3124 859 requiescere
3143 835 3159 860 ,
3191 808 3289 864 pro
3311 796 3540 853 inimicis

1954 889 2130 930 orare.
2174 875 2281 930 Sed
2326 877 2627 945 paululum,
2669 895 2851 948 qumso
2887 893 2937 937 te
2959 924 2976 949 ,
3013 897 3192 941 sancte
3229 888 3496 958 Stephane
3520 930 3538 958 ,

1955 982 2162 1036 expone
2207 967 2337 1022 mihi
2380 969 2514 1035 hoc,
2557 971 2738 1026 nescio
2773 973 2934 1042 quid,
2975 989 3140 1044 quare
3178 993 3274 1047 pro
3315 987 3368 1035 te
3392 989 3541 1038 stans

1953 1057 2138 1122 orasti,
2162 1066 2218 1113 et
2239 1075 2334 1127 pro
2357 1059 2582 1114 inimicis
2606 1076 2746 1132 genu
2767 1061 2923 1118 ﬁxisti
2944 1065 2966 1117 ?
2991 1065 3292 1137 Respondet
3313 1070 3540 1128 fortasse

1954 1148 2105 1218 quod.
2141 1151 2484 1222 intelligimus
2515 1171 2529 1208 :
2557 1153 2664 1210 Pro
2687 1169 2775 1212 me
2799 1165 2941 1212 stans
2969 1161 3148 1226 oravi,
3175 1163 3298 1232 quia
3328 1180 3423 1234 pro
3451 1183 3539 1223 me

1954 1240 2042 1309 qui
2073 1249 2219 1296 recte
2247 1242 2356 1297 Deo
2380 1245 2573 1299 servivi
2596 1247 2762 1314 oravi,
2785 1249 2986 1304 orando
3007 1261 3060 1305 et
3081 1252 3412 1323 impetrando
3433 1273 3538 1314 non

1955 1329 2211 1386 laboravi.
2243 1331 2341 1398 Qui
2365 1349 2463 1403 pro
2485 1335 2630 1404 justo
2655 1346 2805 1402 orat,
2829 1355 2934 1394 non
2968 1340 3170 1395 laborat
3201 1361 3215 1396 :
3248 1344 3368 1400 ideo
3387 1356 3537 1403 stans

1955 1433 2052 1488 pro
2094 1436 2152 1475 se
2189 1423 2377 1478 oravit.
2410 1424 2635 1480 Ventum
2667 1439 2749 1482 est
2777 1439 2834 1484 ut
2858 1443 3035 1486 oraret
3058 1448 3155 1503 pro
3177 1433 3407 1503 Ιυάωἱε,
3442 1454 3539 1508 pro

1955 1509 2383 1569 interfectoribus
2430 1516 2658 1584 Christi,
2708 1535 2804 1588 pro
2853 1521 3280 1580 interfectoribus
3327 1538 3540 1584 sancto-

1953 1617 2074 1658 rum
2097 1644 2111 1669 ,
2139 1620 2238 1675 pro
2270 1606 2648 1677 lapidatoribus
2675 1615 2786 1667 suis
2806 1655 2820 1679 ,
2854 1617 3079 1670 attendit
3103 1619 3318 1674 nimiam
3344 1631 3397 1676 et
3426 1637 3539 1676 ma-

1951 1710 2107 1764 gnam
2146 1711 2265 1753 esse
2311 1699 2634 1768 impietatem
2665 1702 2934 1772 ipsorum,
2964 1721 3082 1776 quae
3107 1707 3322 1764 difllcile
3347 1710 3534 1766 donari

1952 1797 2168 1859 posset,
2193 1796 2248 1843 et
2265 1804 2408 1859 genu
2430 1792 2563 1846 ﬁxit.
2597 1793 2724 1864 Fige
2750 1811 2885 1864 genu
2917 1799 2969 1851 in
2998 1799 3096 1854 hac
3117 1802 3267 1855 vinea
3285 1840 3302 1867 ,
3331 1817 3364 1857 ο
3388 1801 3542 1860 fortis

1950 1879 2197 1950 operario
2230 1897 2243 1934 :
2277 1881 2380 1952 ﬁge
2399 1923 2415 1948 ,
2449 1883 2661 1954 inquam
2683 1927 2698 1952 ,
2729 1901 2866 1956 genu
2892 1888 2946 1943 in
2969 1904 3131 1960 opere
3152 1891 3310 1962 hujus
3335 1895 3538 1961 vineae,

1948 1968 2236 2026 fortissime
2263 1973 2524 2043 operarie.
2555 1973 2798 2044 Magnum
2826 1993 2960 2048 opus
2986 1989 3156 2046 tuum,
3189 1985 3460 2054 egregium
3485 1995 3541 2041 et

1952 2060 2270 2116 laudandum
2301 2064 2546 2119 multum.
2579 2065 2794 2122 Multum
2824 2071 2987 2124 altum
3011 2071 3188 2128 fodisti
3207 2115 3222 2140 ,
3245 2077 3335 2145 qui
3359 2076 3541 2133 odium

1948 2150 2285 2207 inimicorum
2336 2152 2404 2210 de
2455 2153 2618 2210 corde
2665 2158 2879 2213 exuisti.
2927 2159 3185 2217 Conversi
3235 2164 3302 2218 ad
3363 2165 3542 2222 Domi.-

1951 2258 2076 2297 num
2095 2284 2111 2312 ,
2137 2251 2242 2299 etc.

2515 2379 2745 2436 SERMO
2772 2381 2812 2436 L
2829 2386 2848 2406 ο
2877 2381 2973 2456 (α).

1950 2488 2030 2544 De
2075 2507 2132 2545 ea
2173 2491 2308 2560 quod
2346 2495 2588 2566 scriptum
2627 2498 2775 2551 estin
2801 2497 2987 2570 Aggteo
3013 2504 3257 2571 praplteta
3277 2545 3291 2570 ,
3319 2522 3432 2578 cap.
3466 2525 3540 2576 ιι,

2035 2584 2071 2655 7
2095 2622 2108 2637 .
2156 2585 2189 2639 9
2214 2625 2228 2650 ,
2278 2585 2450 2640 Meum
2481 2598 2564 2642 est
2587 2604 2773 2644 aurum
2797 2629 2813 2658 ,
2842 2601 2898 2646 et
2921 2607 3098 2648 meum
3130 2603 3214 2650 est
3241 2608 3539 2668 argentum.

2021 2675 2209 2730 Contra
2235 2675 2550 2734 Manichaeos
2577 2681 2671 2754 (ὁ).

2021 2787 2248 2845 CAPUT
2289 2789 2574 2847 PRIMUM.
2599 2821 2674 2835 --
2700 2794 2754 2849 1.
2779 2793 3185 2853 Manichaeorum
3235 2800 3290 2855 in
3347 2811 3532 2858 ueteres

1954 2880 2230 2949 scripturas
2246 2881 2606 2938 calumnia.De
2618 2885 2811 2956 Aggtco
2829 2887 3085 2956 propheta
3105 2889 3378 2947 Manichtei
3397 2896 3540 2950 caluo

1950 2972 2241 3040 niniantur,
2256 2972 2513 3030 invidiose
2528 2984 2838 3032 accusantes
2854 2979 2994 3049 quod
3012 2979 3206 3036 dixerit
3219 2997 3283 3037 ex
3312 2999 3538 3054 persona

1953 3060 2046 3115 Dei
2068 3062 2350 3132 loquentis,
2383 3063 2551 3120 Meum
2571 3076 2642 3120 est
2663 3084 2872 3132 aurum,
2899 3079 2945 3124 et
2966 3088 3129 3126 meum
3151 3083 3224 3128 est
3240 3087 3502 3146 argentum
3525 3095 3544 3133 :

1954 3158 2006 3207 et
2053 3153 2177 3222 quia
2218 3153 2561 3226 Evangelium
2601 3160 2766 3214 veleri
2805 3159 2930 3230 Legi
2977 3163 3192 3218 student
3237 3169 3547 3236 pugnaciter

1952 3255 2298 3314 comparare,
2343 3254 2400 3301 ut
2444 3246 2544 3302 sibi
2587 3257 2826 3317 utrmque
2862 3249 3150 3323 Scriptura:
3185 3256 3330 3311 velut
3359 3257 3546 3312 advor-

1957 3336 2115 3390 sariae
2143 3338 2529 3409 contrarimque
2554 3339 2831 3397 videantur
2849 3382 2864 3407 ,
2892 3343 2961 3397 ita
2987 3355 3288 3416 proponunt
3307 3351 3547 3417 qumstio-

1953 3441 2077 3480 nem
2123 3444 2136 3478 :
2179 3427 2235 3481 In
2279 3428 2505 3499 Aggaio,
2548 3430 2818 3502 inquiunt,
2853 3437 3115 3504 propheta
3141 3437 3397 3506 scriptum
3425 3450 3542 3500 est.

1958 3515 2133 3570 Meum
2163 3527 2233 3570 est
2262 3535 2477 3584 aurum,
2501 3529 2548 3573 et
2572 3537 2736 3575 meum
2763 3531 2834 3576 est
2863 3534 3163 3594 argentum;
3186 3527 3235 3579 in
3259 3527 3544 3596 Evangelia

1956 3616 2134 3662 autem
2157 3651 2172 3674 ,
2205 3608 2449 3664 Salvator
2475 3619 2658 3667 noster
2683 3627 2984 3667 mammona
3013 3613 3315 3683 hujusmodi
3343 3617 3538 3687 iniqui-

1955 3700 2078 3754 tatis
2115 3700 2347 3770 speciem
2390 3702 2672 3771 appellavit
2715 3700 2864 3773 (Luc.
2908 3719 3030 3768 xvi,
3059 3704 3133 3778 9).
3163 3705 3240 3761 De
3267 3707 3417 3776 cujus
3448 3723 3542 3763 usu

1955 3788 2140 3843 beatus
2166 3790 2451 3857 Apostolus
2476 3789 2542 3844 ad
2565 3789 2903 3846 Timotheum
2931 3793 3174 3850 scribens
3204 3813 3216 3848 :
3247 3795 3418 3853 Radix
3444 3816 3542 3853 au-

1958 3890 2054 3934 tem
2085 3881 2308 3935 omnium
2332 3881 2587 3938 malorum
2611 3924 2626 3950 ,
2657 3882 2860 3952 inquit,
2893 3892 2965 3938 est
2990 3887 3199 3940 avaritia
3221 3904 3240 3942 :
3262 3905 3413 3959 quam
3433 3893 3544 3960 qui-

1956 3972 2074 4025 dam
2112 3982 2428 4041 appetentes,
2473 3975 2636 4028 aversi
2673 3983 2787 4028 sunt
2831 3992 2863 4029 a
2901 3975 3037 4052 ﬁd_e,
3075 3987 3122 4032 et
3150 3979 3467 4034 inseruerunt
3492 3999 3547 4035 se

1956 4063 2214 4118 doloribus
2243 4065 2413 4118 multis
2442 4063 2486 4134 (1
2514 4063 2650 4119 Tim.
2677 4081 2726 4120 vi
2747 4106 2762 4133 ,
2788 4066 2898 4136 10).
2925 4067 3049 4122 Haec
3069 4067 3303 4137 ipsorum
3325 4080 3406 4126 est
3427 4087 3546 4141 pro-

1955 4157 2149 4227 positio
2174 4155 2514 4226 quaestionis;
2542 4156 2628 4212 vel
2659 4157 2833 4226 potius
2856 4166 3090 4212 veterum
3116 4159 3504 4230 Scripturarum
3526 4205 3541 4228 ,

1958 4261 2053 4317 per
2077 4261 2209 4316 quas
2231 4246 2576 4316 Evangelium
2601 4248 3006 4317 praenuntiatum
3027 4258 3126 4314 est,
3149 4265 3212 4305 ex
3237 4251 3350 4321 ipso
3370 4251 3547 4307 Evan-

1955 4341 2094 4411 gelio
2117 4339 2258 4409 quod
2287 4355 2381 4410 per
2410 4354 2500 4395 eas
2526 4341 2934 4410 praenuntiatum
2959 4350 3067 4407 est,
3098 4345 3383 4398 accusatio.
3412 4344 3542 4399 Nam

1957 4430 2001 4483 si
2048 4429 2396 4498 quchtionem
2444 4438 2836 4500 proponerent‘,
2876 4429 3094 4486 forsitan
3123 4443 3422 4503 quaererent
3453 4453 3466 4488 :
3498 4438 3544 4493 si

1959 4530 2132 4575 autem
2164 4530 2503 4590 quaererent,
2533 4520 2750 4576 forsitan
2783 4523 3097 4578 invenirent.

2029 4613 2082 4666 2.
2125 4612 2316 4666 Aurum
2369 4622 2414 4666 et
2461 4624 2722 4684 argentum
2779 4631 2857 4668 res
2913 4626 2984 4669 est
3039 4633 3140 4670 non
3194 4618 3410 4674 hominis
3457 4621 3546 4676 sed

1967 4704 2078 4757 Dei.
2126 4704 2234 4759 Cur
2273 4719 2376 4759 non
2417 4714 2593 4760 autem
2631 4706 2812 4762 miseri
2845 4707 3159 4777 intelligunt,
3215 4710 3356 4780 quod
3407 4713 3545 4780 apud

1960 4796 2211 4866 Aggteum
2244 4796 2465 4866 loquens
2495 4796 2776 4864 Dominus,
2808 4805 3086 4866 propterea
3113 4798 3340 4866 dixerit,
3372 4799 3545 4856 Meum

1961 4895 2034 4941 est
2076 4903 2258 4941 aurum
2281 4927 2296 4950 ,
2339 4895 2385 4939 et
2412 4903 2575 4940 meum
2601 4896 2672 4941 est
2700 4896 2959 4957 argentum
2978 4929 2992 4951 ,
3025 4896 3080 4941 ut
3105 4897 3160 4942 et
3204 4889 3293 4943 ille
3320 4891 3408 4959 qui
3440 4907 3545 4945 non

1962 4976 2074 5030 vult
2099 4991 2217 5030 cum
2246 4974 2600 5045 indigentibus
2627 4976 3020 5032 communicare
3043 4977 3182 5045 quod
3203 4977 3394 5044 habet,
3423 4993 3543 5036 cum
3594 5021 3604 5037 .

1961 5068 2108 5124 audit
2169 5075 2432 5138 praecepta
2500 5065 2754 5120 facienda:
2807 5066 3187 5122 misericordiae
3216 5107 3231 5132 ,
3291 5069 3548 5141 intelligat

1967 5162 2132 5216 Deum
2154 5174 2259 5213 non
2279 5158 2346 5214 de
2375 5173 2434 5215 re
2461 5158 2600 5213 illius
2623 5158 2704 5212 cui
2735 5158 2918 5228 jubet,
2953 5158 3046 5213 sed
3074 5157 3140 5213 de
3164 5174 3224 5214 re
3245 5174 3339 5215 sua
3356 5161 3546 5232 jubere

1965 5252 2188 5318 donari;
2229 5258 2284 5307 et
2323 5250 2413 5306 ille
2452 5250 2540 5320 qui
2575 5249 2772 5321 aliquid
2815 5250 3036 5320 porrigit
3073 5252 3323 5322 pauperi,
3355 5267 3457 5307 non
3486 5269 3546 5311 se

1966 5346 2252 5402 arbitretur
2277 5345 2342 5401 de
2362 5361 2461 5402 suo
2485 5345 2681 5415 facere,
2704 5362 2772 5404 ne
2793 5346 2926 5403 forte
2949 5363 3056 5402 non
3079 5356 3183 5402 tam
3203 5347 3548 5404 confirmetur

1967 5437 2344 5496 misericordite
2381 5440 2624 5506 nomine,
2664 5455 2822 5510 quam
2863 5440 3077 5495 inﬂetur
3114 5440 3374 5510 superbia:
3398 5441 3548 5496 vani-

2033 5551 2051 5569 ‘
2083 5551 2294 5601 Collatus
2309 5557 2387 5600 est
2417 5550 2476 5600 ad
2505 5549 2627 5600 duos
2647 5550 2709 5600 cl.
2735 5550 2795 5599 ad
2831 5550 2951 5600 duos
2973 5564 3049 5612 gr.
3075 5551 3133 5600 ad
3151 5564 3241 5600 rm.
3270 5565 3316 5600 v.
3344 5557 3444 5601 Am.
3468 5557 3544 5603 Er.

1971 5613 2121 5663 Ulim.
2149 5615 2262 5664 Par.
2290 5630 2338 5666 et
2366 5615 2485 5666 ιον.

2049 5678 2102 5742 ᾳ)
2123 5675 2281 5742 alias.
2306 5677 2369 5727 de
2393 5679 2618 5742 Diversis
2642 5681 2716 5742 l5,
2739 5693 2928 5731 necnon
2959 5681 3018 5731 30
3047 5680 3178 5730 inter
3204 5681 3438 5737 Homilias
3457 5687 3537 5739 50.

2049 5679 2102 5734 a)
2127 5679 2281 5732 Alias.
2306 5679 2369 5727 de
2393 5679 2618 5728 Diversis
2642 5681 2716 5742 l5,
2739 5693 2928 5731 necnon
2959 5681 3018 5731 30
3047 5680 3178 5730 inter
3204 5683 3290 5731 Ηοι

2028 5679 2097 5802 ξι)
2122 5737 2438 5789 Recensetur
2461 5755 2486 5788 a
2511 5740 2734 5793 Possidio
2761 5747 2810 5793 in
2839 5743 3038 5794 lndiculi
3061 5747 3219 5808 rapite
3244 5747 3290 5795 2.
