3988 6190
342 324 450 382 32‘!

349 445 499 507 tate?
547 443 717 499 Meum
755 448 861 503 est,
910 431 1113 504 inquit,
1143 444 1324 483 aurum
1349 468 1362 493 ,
1394 434 1439 478 et
1467 439 1630 479 meum
1655 432 1727 476 est
1752 433 1937 489 argen-

273 532 277 539 ’
351 554 490 604 tum,
536 551 642 592 non
677 539 910 587 vestrum
934 567 949 593 ,
981 540 1014 579 ο
1041 522 1231 578 divites
1260 531 1435 575 terrm.
1467 516 1604 585 Quid
1635 529 1762 584 ergo
1784 512 1941 569 dubi-

354 634 476 693 tatis
514 626 730 701 pauperi
763 622 893 678 dare
920 618 988 675 de
1016 631 1136 673 meo
1160 658 1176 683 ,
1205 621 1298 669 aut
1320 610 1445 684 quid
1469 606 1784 666 extollimini
1816 619 1939 661 cum

356 725 494 781 datis
519 722 590 776 de
618 714 779 772 meo?
1022 736 1025 739 ν
1313 734 1316 738 λ

424 812 651 873 CAPUT
685 809 750 866 il.
790 837 864 850 —-
887 807 941 861 5.
976 803 1109 871 Quia
1135 800 1190 855 id
1214 798 1352 854 Dens
1376 813 1475 852 non
1503 793 1652 849 modo
1676 788 1941 853 condidit,

357 909 450 967 sed
496 923 586 978 pro
624 914 743 957 nutu
774 898 1095 954 administrat
1141 893 1257 947 aliis
1282 891 1350 944 ad
1374 886 1652 978 subsidium
1693 891 1740 937 et
1765 880 1950 953 proba-

358 974 573 1062 tionem,
623 996 736 1050 aliis
776 992 844 1045 ad
882 986 1205 1061 supplicium.
1269 982 1336 1036 Et
1387 979 1468 1033 vis
1543 974 1757 1053 videre,
1788 984 1948 1062 quam

356 1092 485 1165 justi
510 1058 702 1161 judicis
731 1098 817 1139 res
839 1088 923 1136 est
945 1058 1135 1132 aurum
1163 1084 1214 1129 et
1240 1066 1563 1165 argentum!
1587 1066 1793 1119 Avarus
1822 1058 1949 1165 inde

361 1151 667 1255 iorquetur,
697 1178 841 1235 unde
870 1172 1175 1229 misericors
1200 1167 1499 1236 adjuvetur.
1533 1160 1664 1255 item
1689 1168 1838 1211 suam
1857 1151 1950 1255 di-

363 1245 482 1334 vina
521 1275 871 1332 distribuente
891 1266 1124 1338 justitia,
1158 1273 1212 1318 et
1239 1268 1382 1316 recte
1411 1256 1548 1311 facta
1575 1251 1702 1308 inde
1729 1245 1954 1304 manife-

365 1381 571 1428 stantur
590 1410 605 1433 ,
628 1373 681 1419 et
700 1370 916 1434 peccata
947 1357 1069 1413 inde
1093 1354 1401 1425 puniuntur.
1429 1346 1665 1414 Namque
1689 1353 1877 1440 aurum
1898 1344 1955 1440 et

365 1431 639 1534 argentum
661 1431 818 1527 atque
837 1452 1237 1508 omnistetreua
1269 1440 1538 1534 possessio
1566 1446 1621 1534 et
1642 1431 1956 1534 esemitatio

367 1518 708 1611 huiuanitatis
732 1518 814 1601 est
839 1588 852 1609 ,
883 1552 938 1600 et
966 1539 1284 1612 supplicium
1317 1528 1643 1602 cupiditatis.
1675 1525 1809 1580 Cum
1831 1518 1957 1574 talia

369 1647 509 1702 Deus
542 1644 695 1698 bouis
723 1635 1027 1692 hominibus
1058 1628 1282 1692 tribuit,
1310 1620 1546 1678 ostendit
1575 1618 1628 1673 in
1657 1616 1735 1672 eis
1758 1619 1960 1702 quanta

369 1700 673 1792 contemnat
697 1729 908 1783 animus
927 1767 942 1792 ,
970 1722 1120 1793 cujus
1139 1717 1339 1774 divititc
1358 1712 1484 1771 aunt
1503 1712 1617 1781 ipse
1639 1706 1727 1778 qui
1753 1700 1958 1759 tribuit.

369 1828 485 1884 Non
526 1824 667 1879 enim
707 1827 880 1890 potest
916 1816 1140 1886 quisque
1179 1821 1435 1880 apparere
1459 1810 1822 1870 contemptor,
1856 1794 1959 1852 nisi

312 1932 319 1939 ‘
373 1918 490 1989 ejus
529 1915 605 1970 rei
632 1913 782 1981 cujus
809 1920 1086 1978 possessor
1113 1901 1336 1958 eli‘ectus
1365 1906 1465 1953 est.
1495 1895 1627 1951 Nam
1656 1902 1711 1948 et
1735 1890 1825 1989 qui
1856 1904 1963 1944 non

376 1982 574 2065 habent
594 2047 610 2071 ,
640 2010 859 2072 possunt
883 1999 982 2052 ista
1008 2002 1389 2049 contemnere:
1418 1987 1511 2042 sed
1536 1995 1711 2039 utrum
1740 1982 1960 2052 ﬁngant,

375 2116 442 2155 an
478 2112 601 2152 vere
636 2097 1012 2154 contemnant,
1044 2087 1183 2141 Deus
1209 2082 1351 2137 videt
1376 2080 1465 2151 qui
1490 2076 1964 2143 cordis‘inSpector

377 2198 497 2251 est;
534 2184 840 2241 hominibus
880 2188 1057 2232 autem
1083 2217 1099 2235 .
1130 2184 1189 2228 ut
1213 2172 1405 2227 imitari
1435 2168 1683 2241 possint,
1711 2162 1965 2234 cogitatio

377 2277 769 2338 contemnentis
793 2270 1003 2327 nonnisi
1030 2269 1081 2323 in
1104 2265 1347 2321 manibus
1371 2260 1638 2332 erogantis
1664 2257 1957 2327 inspicitur.

379 2374 512 2430 Cum
556 2381 731 2425 autem
760 2366 912 2420 malis
943 2360 1245 2418 hominibus
1272 2358 1411 2412 Deus
1438 2356 1536 2408 ista
1561 2351 1803 2407 concedit
1826 2391 1840 2414 ,
1871 2364 1963 2403 os-

381 2464 550 2519 tendit
586 2462 638 2515 in
675 2460 751 2515 eis
783 2453 1047 2525 quomodo
1072 2451 1198 2506 et'iu
1227 2448 1354 2517 ipsis
1381 2445 1534 2500 bonis
1556 2459 1677 2514 qua:
1702 2442 1841 2496 Deus
1864 2441 1969 2493 lar-

380 2557 558 2626 gitur,
589 2552 855 2607 crucietur
880 2545 1120 2609 animus,
1152 2542 1236 2596 cui
1265 2538 1416 2592 viluit
1440 2537 1527 2606 qui
1556 2543 1699 2626 tanta
1726 2533 1962 2626 largitur.

383 2624 546 2702 ilonis
581 2643 723 2697 enim
766 2637 1134 2693 subministrat
1174 2631 1481 2686 occasiones
1524 2624 1899 2680 beneﬁciorum
1949 2637 1964 2676 :

386 2737 557 2793 malos
594 2740 805 2802 torquet
837 2730 1024 2783 timore
1050 2724 1381 2779 damnorum.
1414 2719 1480 2772 Et
1507 2716 1627 2771 ideo
1651 2715 1696 2770 si
1719 2714 1972 2767 amittant

385 2829 597 2897 utrique
625 2838 810 2878 aurum
834 2830 887 2876 et
911 2826 1222 2886 argentum,
1247 2812 1329 2867 isti
1350 2811 1595 2866 caelestes
1614 2804 1969 2897 divitiaslmlo

381 2896 545 2976 corde
587 2914 929 2977 retinebunt;
979 2909 1082 2963 illis
1122 2916 1303 2960 autem
1329 2911 1385 2957 et
1410 2896 1568 2957 bouis
1590 2896 1970 2967 temporalibus

382 3011 557 3068 inanis
594 3009 818 3071 domus,
859 3011 914 3059 ct
952 3000 1105 3055 bouis
1142 2994 1357 3053 aeternis
1395 2992 1603 3049 inanior
1640 2988 1968 3046 conscientia

383 3099 703 3158 remanebit.
1758 3137 1765 3140 ρ

460 3195 516 3250 ι.
542 3190 866 3259 Aurnntrjns
894 3184 1095 3257 proprie
1113 3192 1218 3249 est,
1258 3178 1341 3252 qui
1380 3178 1469 3234 illo
1507 3177 1628 3231 bene
1671 3176 1849 3242 utitur,
1872 3173 1968 3226 ad-

385 3304 539 3357 eoque
577 3285 740 3339 verius
791 3292 861 3335 est
904 3279 1014 3333 Dei.
1069 3278 1211 3332 Illius
1261 3283 1345 3328 est
1386 3287 1513 3343 ergo
1553 3283 1739 3325 aurum
1788 3277 1841 3322 et
1886 3282 1972 3320 ar—

387 3388 603 3450 gentum
625 3418 638 3438 ,
670 3375 761 3444 qui
788 3374 931 3426 novit
953 3370 1024 3422 uti
1052 3382 1181 3421 auro
1210 3374 1264 3420 et
1293 3371 1530 3433 argento.
1558 3361 1688 3414 Nam
1714 3357 1871 3450 etiam
1891 3358 1974 3411 in-

383 3448 468 3524 ter
495 3469 637 3536 ipsos
667 3463 911 3519 homines
931 3502 945 3526 ,
972 3470 1095 3512 tunc
1114 3456 1337 3527 quisque
1359 3453 1556 3507 habere
1576 3450 1770 3519 aliquid
1792 3448 1974 3503 dicen-

384 3559 485 3615 dus
522 3556 678 3620 est‘,
724 3552 937 3623 quando
978 3549 1113 3603 bene
1157 3546 1337 3600 utitur.
1379 3542 1508 3598 Nam
1534 3540 1840 3611 quodjuste
1865 3554 1971 3593 non

384 3656 610 3712 tractat,
652 3647 772 3717 jure
800 3660 902 3697 non
933 3652 1095 3694 tenet.
1125 3637 1277 3706 Quod
1305 3643 1483 3690 autem
1509 3634 1628 3703 jure
1653 3648 1758 3686 non
1791 3639 1968 3695 tenet,

385 3741 429 3795 si
450 3755 601 3794 suum
620 3751 739 3791 esse
759 3734 970 3797 dixerit,
995 3748 1099 3786 non
1121 3729 1222 3784 erit
1242 3741 1340 3781 vox
1359 3724 1486 3796 justi
1508 3720 1853 3794 possessoris,
1876 3720 1971 3775 sed

386 3830 711 3902 impudentis
732 3825 1056 3882 incubatoris
1077 3820 1409 3891 improbitas.

457 3922 685 3977 CAPUT
715 3919 801 3973 Ill.
826 3947 897 3959 ——
922 3916 1254 3983 QuaprOpter
1281 3912 1324 3965 si
1352 3909 1513 3963 homo
1542 3923 1646 3962 non
1671 3907 1971 3975 importune

384 4016 511 4071 dicit
541 4009 738 4081 aliquid
769 4024 959 4071 suum;
989 4020 1093 4060 non
1123 4001 1261 4072 quod
1291 4000 1467 4068 iniqua
1495 4005 1550 4051 et
1574 3998 1732 4050 slu'ta
1763 3994 1969 4064 cupidi-

390 4117 496 4162 tate
523 4102 860 4172 occupaverit
882 4141 894 4161 .
925 4098 1017 4153 scd
1045 4095 1182 4166 quod
1213 4091 1616 4162 prttdentissima
1640 4095 1898 4157 potestate
1917 4092 1973 4141 et

382 4196 672 4268 justissima
697 4190 1058 4246 moderatione
1078 4182 1411 4240 tractaverit:
1433 4188 1629 4251 quanto
1646 4177 1810 4247 magis
1829 4177 1970 4231 Deus

387 4303 514 4343 vere
552 4300 615 4340 ac
650 4282 862 4354 proprie
889 4294 1039 4333 suum
1070 4291 1187 4331 esse
1213 4274 1340 4328 dicit
1363 4287 1548 4326 aurum
1579 4278 1633 4324 et
1657 4279 1931 4338 argentum
1951 4306 1966 4332 ,

389 4375 532 4447 quod
575 4383 625 4427 et
667 4371 963 4441 largissima
1001 4365 1235 4420 bonitate
1276 4360 1537 4426 condidit,
1583 4367 1638 4413 et
1673 4358 1972 4428 justissimo

388 4464 726 4522 administrat
766 4458 1025 4528 imperio;
1062 4464 1119 4508 ut
1142 4454 1258 4508 sine
1282 4452 1447 4523 ipsius
1470 4462 1598 4505 nutu
1623 4460 1781 4519 atque
1808 4449 1970 4504 domi-

387 4564 555 4621 natu,
603 4568 701 4607 nec
738 4551 860 4605 mali
900 4548 965 4602 ad
1001 4546 1231 4600 avaritia:
1257 4543 1603 4612 supplicium,
1631 4557 1730 4596 nec
1753 4541 1988 4596 boniad.

390 4659 543 4707 nsunt
566 4639 943 4698 misericordia:
964 4636 1167 4706 possint
1188 4634 1382 4689 habere
1400 4647 1585 4687 aurum
1604 4633 1970 4702 etargentum?

386 4737 541 4808 Quod
582 4744 756 4791 tamen
794 4738 848 4788 et
886 4730 1164 4785 instituere
1203 4736 1261 4782 ut
1297 4726 1401 4792 sit,
1436 4734 1488 4780 et
1532 4733 1589 4779 ut
1613 4724 1764 4779 alteri
1789 4724 1965 4792 adsit,

383 4828 541 4885 alteri
568 4827 739 4893 desit,
763 4822 1084 4880 distribuere
1106 4829 1264 4891 atque
1285 4819 1534 4874 ordinare
1555 4857 1569 4881 ,
1592 4831 1696 4871 non
1722 4825 1962 4888 possunt.

469 4920 525 4974 5.
581 4916 774 4971 Aurum
794 4912 939 4967 bonis
969 4918 1016 4965 et
1044 4910 1193 4965 matis
1212 4926 1302 4964 cur
1321 4908 1490 4964 datur.
1510 4907 1571 4963 Si
1615 4916 1792 4962 autem
1836 4907 1966 4962 solis

386 5009 542 5066 malis
565 5008 616 5062 in
643 5012 959 5077 potestatem
986 5000 1204 5057 daretur
1226 5015 1412 5055 aurum
1443 5008 1498 5054 et
1533 5007 1832 5070 argentum,
1859 5011 1968 5053 rec-

387 5115 440 5159 te
456 5110 741 5175 putaretnr
767 5098 962 5153 malum
992 5112 1008 5158 ;
1054 5095 1097 5149 si
1127 5094 1255 5149 solis
1282 5092 1437 5148 bonis
1456 5134 1472 5159 ,
1498 5100 1644 5147 recte
1693 5097 1967 5162 putaretur

388 5209 637 5264 magnum
668 5190 878 5261 aliquod
908 5189 1125 5243 bonum.
1158 5186 1362 5241 Rursus
1386 5185 1431 5239 si
1453 5185 1579 5239 solis
1615 5185 1768 5239 malis
1813 5183 1965 5237 dees-

388 5295 491 5350 set,
514 5285 784 5339 videretur
812 5294 999 5350 magna
1027 5293 1183 5350 pmna
1206 5284 1490 5348 paupertas
1519 5292 1532 5329 :
1565 5276 1608 5330 si
1636 5283 1811 5329 autem
1837 5274 1966 5328 solis

388 5377 543 5431 bonis
572 5374 821 5438 deesset,
841 5369 1112 5424 videretur
1136 5382 1344 5421 summa
1360 5365 1637 5421 “beatitudo
1664 5373 1961 5436 paupertas.

386 5463 540 5523 Nunc
569 5478 695 5519 vero
721 5462 763 5517 si
781 5462 919 5515 scire
947 5459 1026 5513 vis
1052 5471 1239 5512 aurum
1266 5471 1424 5527 posse
1449 5455 1585 5511 bene
1620 5454 1800 5509 haberi
1824 5491 1842 5521 ,
1871 5454 1965 5508 lia-

450 5641 465 5669 ι
491 5641 564 5686 sic
587 5645 690 5698 vss.
714 5648 902 5698 necnon
927 5642 1025 5682 Am.
1065 5638 1210 5698 et‘pr.
1232 5631 1281 5682 in
1305 5633 1553 5698 trigesima
1585 5632 1712 5683 inter
1744 5630 1969 5684 ttomihas

384 5698 466 5750 50.
494 5705 548 5747 Αι
571 5696 703 5744 Elim.
736 5694 843 5744 l‘ar.
862 5704 911 5744 et
934 5703 1062 5756 Ima,
1090 5692 1265 5761 dignus
1287 5692 1372 5744 est.

1578 308 1641 364 5.
1684 301 2048 360 ,κυδιαδῖικι
2094 300 2398 359 EPISCOPI

3520 308 3625 365 33$

2049 416 2242 472 bentet
2269 417 2393 473 boui
2423 436 2436 473 :
2468 418 2511 473 si
2541 418 2678 474 scire
2702 419 2784 475 vis
2811 434 2914 476 non
2961 434 3057 477 eos
3105 435 3200 491 per
3227 436 3412 479 aumm
3455 422 3631 483 bonos

2048 527 2168 567 esse
2191 553 2207 578 ,
2242 510 2442 567 habent
2466 520 2520 566 et
2540 513 2687 567 mali.
2720 513 2848 569 item
2879 515 2921 569 si
2949 515 3090 572 scire
3118 516 3198 571 vis
3219 532 3379 588 quam
3408 532 3515 575 non
3561 520 3634 575 sit

2051 606 2262 660 miseria
2286 613 2583 676 paupertas,
2641 616 2764 661 sunt
2789 606 3001 678 quidam
3052 622 3309 680 pauperes
3352 610 3536 667 beati:
3586 614 3634 670 si

2048 696 2189 751 scire
2215 698 2294 750 vis
2319 712 2479 768 quam
2508 711 2613 753 non
2630 698 2702 753 sit
2723 698 2994 755 beatitudo
3022 712 3334 773 paupertas,
3362 715 3490 760 sunt
3517 707 3637 776 qui-

2051 787 2174 842 dam
2202 803 2463 859 pauperes
2504 790 2704 845 miseri.
2735 790 2807 845 Ita
2849 806 2979 862 ergo
3023 807 3211 848 aurum
3262 803 3318 851 et
3354 807 3636 866 argentum

2053 878 2323 934 distribuit
2350 879 2653 935 hominibus
2694 883 2936 938 conditor
2957 900 3135 941 rerum
3160 895 3215 942 et
3235 888 3640 949 administrator

2055 969 2196 1024 Deus
2220 1011 2236 1037 ,
2260 979 2318 1025 ut
2340 972 2510 1040 ipsum
2537 985 2634 1041 per
2680 987 2739 1028 se
2766 984 2953 1029 natura
2982 984 3038 1031 et
3068 992 3263 1046 genere
3291 994 3390 1035 suo
3435 981 3639 1039 bonum

2056 1062 2155 1127 sit,
2191 1063 2432 1132 quamvis
2462 1077 2563 1117 non
2616 1081 2879 1120 summum
2923 1076 2976 1122 et
3023 1083 3270 1138 magnum
3317 1070 3547 1138 bonum,
3581 1083 3642 1132 et

2059 1169 2155 1224 pro
2176 1153 2341 1224 gradu
2368 1154 2448 1208 sui
2484 1156 2687 1210 ordinis
2709 1157 2725 1188 ⁸
2750 1156 3065 1214 laudabilem
3118 1158 3456 1219 Conditorem
3513 1166 3640 1222 uui-

2059 1246 2325 1300 versitatis
2353 1245 2627 1312 ostendat;
2656 1248 2807 1318 copia
2836 1264 2963 1304 vero
2991 1250 3104 1320 ejus
3133 1268 3239 1307 non
3282 1246 3504 1311 extollat
3544 1257 3645 1313 bo-

2062 1352 2193 1403 nos,
2219 1353 2318 1393 nec
2345 1337 2509 1393 elidat
2535 1338 2747 1408 inopia;
2782 1341 2951 1394 tnalos
2980 1352 3153 1398 autem
3175 1352 3230 1400 et
3266 1358 3386 1400 cum
3418 1346 3644 1402 aliertttr

2062 1440 2295 1483 exczecet
2309 1470 2324 1492 ,
2356 1437 2550 1484 etcum
2571 1428 2808 1485 aufertur
2824 1433 3122 1487 excruciet.

2133 1519 2360 1575 CAPUT
2389 1518 2477 1574 IV.
2498 1550 2570 1560 —
2596 1521 2650 1575 6.
2680 1521 2868 1574 Auram
2891 1527 2989 1575 nan
3020 1536 3148 1579 recte
3174 1526 3451 1598 vituperari
3472 1546 3639 1600 posse.

2069 1608 2365 1664 Hammona
2445 1610 2741 1681 iniquitatis.
2825 1611 3024 1668 Divitior
3110 1615 3229 1670 alite
3298 1634 3465 1688 rem,
3528 1623 3648 1678 alite

2069 1699 2232 1770 falsa.
2285 1698 2393 1754 Res
2454 1715 2582 1769 ergo
2619 1701 2829 1756 condita
2851 1712 2905 1756 et
2951 1703 3015 1756 ad
3045 1704 3347 1762 Conditoris
3394 1710 3642 1777 laudem,

2067 1800 2123 1847 et
2160 1790 2231 1845 ad
2283 1790 2541 1846 bonorum
2593 1792 2991 1863 probationem.
3048 1798 3413 1870 maiorumque
3443 1805 3648 1873 suppli-

2068 1886 2241 1950 cium,
2273 1894 2416 1940 reete
2443 1888 2725 1957 vituperari
2761 1889 2906 1943 nullo
2949 1891 3109 1945 modo
3150 1901 3326 1963 potest
3357 1913 3370 1947 :
3421 1908 3475 1952 et
3523 1914 3643 1953 eam

2068 1978 2346 2033 verissime
2378 1979 2516 2033 Deus
2535 1980 2661 2034 dicit
2680 1995 2828 2035 suam
2852 2024 2865 2048 ,
2899 1998 3054 2051 quam
3081 1999 3184 2038 non
3206 1986 3379 2040 soluat
3409 1988 3646 2046 condidit

2068 2069 2468 2124 afﬂuentissima
2513 2071 2779 2138 bonitate,
2832 2072 2924 2127 sed
2972 2073 3129 2128 etiam
3187 2078 3647 2144 proviilentissima

2071 2157 2441 2211 moderatioae’
2464 2156 2752 2226 dispenSat.
2781 2158 2914 2214 Cum
2938 2170 3113 2216 autem
3143 2161 3243 2218 hoc
3271 2180 3436 2233 genus
3466 2181 3645 2222 rerum

2071 2250 2328 2304 Dominus
2349 2250 2399 2304 in
2433 2249 2721 2319 Evangelio
2748 2266 3045 2305 mammona
3074 2254 3363 2324 iniquitatis
3384 2259 3647 2326 appellat,

2070 2340 2334 2410 significat
2361 2356 2479 2396 esse
2505 2342 2731 2396 alterum
2760 2358 3059 2398 mammona
3078 2386 3091 2410 ,
3122 2342 3172 2400 id
3207 2358 3309 2412 est,
3339 2348 3469 2404 alias
3506 2347 3650 2404 divi-

2073 2433 2191 2495 tias,
2233 2447 2365 2501 quas
2407 2433 2504 2487 nisi
2531 2433 2660 2503 justi
2689 2443 2741 2488 et
2776 2434 2896 2489 boni
2930 2437 3201 2505 possidere
3250 2455 3354 2493 non
3404 2453 3667 2509 possunt,-

2073 2532 2129 2577 ut
2155 2522 2275 2579 ideo
2302 2538 2602 2579 mammona
2648 2525 2935 2594 iniquitatis
2984 2538 3217 2593 vocetur,
3246 2532 3365 2601 quia
3399 2533 3649 2603 iniquitas

2071 2628 2163 2669 eas
2202 2623 2358 2670 vocat
2383 2614 2613 2670 divitias.
2644 2615 2857 2672 Iustitia
2887 2634 3012 2674 vero
3040 2621 3185 2675 novit
3210 2637 3329 2678 esse
3357 2624 3488 2679 alias
3509 2625 3651 2680 divi-

2074 2706 2205 2774 tias,
2234 2706 2428 2776 quibus
2454 2706 2613 2761 homo
2639 2706 2931 2764 adornatur
2976 2712 3233 2768 interior:
3287 2716 3424 2769 sicut
3467 2716 3652 2774 beatus

2073 2798 2262 2854 Petrus
2290 2788 2419 2854 dicit
2440 2841 2455 2866 ,
2506 2801 2609 2867 Qui
2633 2810 2703 2855 est
2720 2812 2832 2856 ante
2851 2786 3014 2858 Dénm
3043 2805 3177 2859 dives
3213 2805 3253 2879 (l
3284 2806 3423 2861 Petr.
3454 2824 3537 2873 tu,
3568 2807 3651 2880 4).

2073 2887 2182 2943 illa:
2202 2889 2358 2958 justze
2380 2888 2626 2946 dicuntur
2648 2891 2841 2960 divitia:
2865 2935 2878 2959 ,
2915 2895 3035 2964 quia
3065 2895 3217 2951 bonis
3240 2898 3444 2952 meritis
3461 2898 3654 2970 justis-

2073 2995 2176 3050 que
2220 2981 2541 3035 tribuuntur.
2586 2983 2695 3037 illa:
2743 3000 2882 3039 vera:
2940 2985 3187 3041 dicuntur
3234 2988 3460 3054 divitize,
3518 2989 3646 3060 quia

2073 3072 2314 3142 quisquis
2350 3088 2443 3128 eas
2488 3073 2732 3129 habuerit
2758 3090 2863 3130 non
2892 3077 3084 3146 egebit.
3118 3078 3236 3133 Istae
3266 3095 3392 3135 vero
3439 3081 3653 3152 injustre

2074 3163 2304 3230 divitias,
2335 3179 2438 3219 non
2469 3166 2592 3236 quia
2617 3166 2867 3236 injustam
2912 3179 2993 3222 est
3021 3185 3205 3224 aurum
3251 3180 3304 3226 et
3329 3182 3649 3244 argentum;

2074 3255 2167 3309 sed
2189 3255 2311 3324 quia
2356 3256 2606 3326 injustum
2633 3270 2717 3312 est
2758 3274 2850 3314 eas
2878 3268 3061 3329 putare
3109 3262 3349 3328 divitias,
3379 3280 3497 3335 qua:
3543 3280 3655 3321 non

2075 3346 2652 3417 aul‘eruntegestatcm.
2694 3349 2864 3405 Tanto
2889 3353 3029 3406 enim
3070 3355 3237 3423 magis
3285 3354 3511 3427 quisque
3558 3372 3654 3412 ar-

2075 3438 2223 3495 debit
2251 3442 2545 3510 egestate‘,
2600 3451 2797 3511 quanto
2822 3444 2989 3515 magis
3028 3460 3119 3500 eas
3162 3447 3385 3516 diligens
3419 3449 3654 3519 majores

2077 3529 2339 3586 habuerit.
2378 3532 2656 3598 Quomodo
2681 3548 2807 3603 ergo
2837 3546 2960 3589 sunt
3013 3534 3243 3603 divitia},
3283 3540 3472 3608 quibus
3518 3557 3641 3597 cre-

2075 3625 2349 3680 scentibus
2362 3627 2554 3680 crescit
2580 3626 2757 3696 inopia
2781 3646 2792 3681 :
2823 3643 2941 3697 qum
2970 3626 3295 3687 amatoribus
3316 3634 3427 3688 suis
3450 3641 3653 3703 quanto

2075 3716 2269 3771 fuerint
2304 3717 2609 3785 ampliores,
2643 3733 2746 3772 non
2795 3719 3022 3775 aﬂbrunt
3055 3720 3350 3777 satietatem
3371 3765 3386 3787 ,
3418 3725 3509 3779 sed
3564 3726 3650 3780 in-

2075 3807 2347 3869 ﬂammant
2374 3807 2758 3877 cupiditatem?
2794 3810 3017 3864 Divitem
3050 3821 3102 3865 tu
3130 3822 3300 3880 putas,
3331 3815 3419 3884 qui
3473 3816 3652 3871 minus

2075 3907 2256 3968 egeret
2279 3939 2293 3964 ,
2326 3899 2370 3953 si
2398 3900 2574 3953 minus
2606 3899 2867 3953 haberet?
2892 3900 3023 3954 Nam
3066 3901 3307 3956 videmus
3349 3903 3605 3974 quosdam
3632 3948 3647 3971 ,

2073 4004 2195 4043 cum
2216 3989 2474 4045 haberent
2506 4005 2716 4060 parvam
2745 3992 3018 4060 pecuniam
3041 4032 3053 4056 ,
3101 3995 3275 4062 parvis
3295 3994 3462 4050 lucris
3484 3994 3650 4053 fuisse

2077 4080 2281 4135 la'tatos
2312 4098 2326 4134 :
2350 4079 2442 4135 sed
2461 4090 2803 4150 posteaquam
2830 4082 2990 4153 carpit
3017 4084 3096 4138 eis
3116 4084 3383 4140 abundare
3401 4129 3416 4153 ,
3458 4101 3647 4143 verum

2073 4172 2286 4243 quidem
2337 4188 2530 4242 corpus
2576 4173 2689 4227 auri
2732 4183 2787 4228 et
2830 4176 3080 4244 argenti,
3133 4175 3227 4232 sed
3278 4186 3452 4234 tamen
3505 4179 3650 4237 falsa:

2073 4265 2271 4320 uiritim
2291 4308 2305 4332 ,
2334 4281 2455 4321 cum
2497 4282 2656 4336 parra
2689 4268 2976 4335 obtuleris,
3008 4270 3114 4339 jam
3151 4283 3398 4328 recusant
3426 4272 3467 4326 ³.
3519 4271 3653 4330 Cre-

2073 4356 2156 4411 dis
2182 4371 2275 4411 eos
2294 4357 2405 4427 jam
2442 4372 2563 4412 esse
2591 4359 2810 4413 satiatos
2844 4377 2856 4412 :
2887 4360 2979 4415 sed
3005 4359 3190 4417 falsum
3227 4371 3329 4419 est.
3366 4363 3496 4419 Nam
3532 4381 3650 4419 Ina-

2069 4448 2159 4517 jor
2186 4452 2408 4518 pecunia
2438 4448 2618 4505 inlices
2643 4450 2880 4505 avaritiie
2918 4466 3021 4505 non
3060 4452 3276 4519 claudit,
3324 4454 3417 4509 Sed
3456 4463 3651 4510 exten-

2071 4540 2185 4603 dit;
2216 4554 2319 4593 non
2371 4539 2574 4611 irrigat,
2602 4540 2695 4595 sed
2733 4541 2993 4597 accendit.
3044 4542 3299 4599 Poculum
3348 4557 3649 4615 respuunt,

2070 4630 2193 4700 quia
2223 4628 2437 4685 ﬂuvium
2467 4631 2671 4686 sitiunt.
2717 4629 2907 4687 Utrum
2936 4647 3064 4703 ergo
3083 4632 3243 4689 ditior
3266 4676 3282 4701 ,
3309 4650 3378 4691 an
3409 4636 3651 4706 egentior

2071 4720 2328 4776 dicendus
2351 4728 2464 4788 est,
2507 4721 2596 4792 qui
2622 4737 2743 4776 cum
2766 4721 2892 4777 ideo
2923 4722 3090 4778 voluit
3116 4723 3312 4780 habere
3354 4725 3551 4798 aliquid
3580 4742 3648 4784 ne

2073 4812 2368 4885 indigeret,
2402 4812 2524 4868 ideo
2551 4813 2666 4883 plus
2692 4812 2851 4869 habet
2880 4831 2945 4869 ne
2968 4815 3144 4871 minus
3169 4816 3437 4888 indigeat?

2141 4905 2226 4960 CA
2237 4902 2368 4962 PUT
2396 4904 2456 4959 V.
2478 4905 2600 4961 —7.
2624 4904 2928 4962 Diuitiarum
2970 4907 3083 4978 pius
3106 4924 3251 4965 usus.
3282 4907 3547 4966 Dementia
3577 4920 3652 4967 est

2134 5085 2152 5118 ι
2176 5085 2248 5156 sic
2263 5090 2361 5156 Am.
2386 5088 2541 5156 Ernst
2569 5094 2744 5134 omnes
2763 5092 2868 5136 Mss.
2891 5088 2948 5135 Αι
2966 5081 3104 5134 Uiim.
3124 5090 3227 5135 Par.
3259 5090 3311 5136 et
3331 5089 3460 5149 ιρι,
3495 5092 3543 5139 et
3562 5098 3653 5153 pro

2067 5146 2252 5212 gradus
2272 5144 2348 5195 sui
2367 5144 2557 5196 ordine.
2879 5170 2885 5177 -
3445 5144 3456 5149 ⁷
3562 5144 3575 5153 ’

2134 5210 2155 5243 ³
2178 5207 2495 5278 tutrigesima
2518 5219 2584 5258 ex
2614 5205 2828 5257 Hondliis
2857 5204 2943 5270 50,
2972 5215 3074 5258 Am.
3110 5213 3191 5259 ιιι.
3212 5216 3265 5260 et
3297 5215 3427 5272 ωδ..
3445 5216 3650 5275 egestate

2332 5297 2576 5391 Er.i.ugd.
2592 5337 2647 5404 si
2664 5328 2977 5404 νεικείω·
2995 5343 3025 5401 :_
3040 5330 3132 5404 sed
3153 5337 3332 5404 postea,
3361 5331 3474 5404 ἀπε
3502 5331 3653 5404 me

2068 5390 2714 5461 abtntdaretgertan’quidem
2733 5390 2891 5461 capris
2915 5390 3025 5461 auri
3042 5399 3105 5461 ,ει
3139 5390 3344 5456 argenti,
3387 5392 3474 5444 sed
3493 5390 3655 5461 tanien

2068 5452 2207 5517 ratam
2228 5451 2444 5517 divitia;
2466 5465 2576 5517 cum
2594 5465 2743 5517 parva
2763 5451 3006 5517 obtuleris,
3024 5452 3147 5517 jant
3162 5451 3413 5516 récusant;
3432 5468 3543 5517 cum
3566 5454 3656 5507 bac

2052 5512 2380 5579 adnotatione
2417 5512 2665 5579 ἡμεζεὶόωὶ
2691 5529 2703 5564 :
2736 5534 2760 5560 ι
2783 5512 3061 5579 Legemlut'n
3083 5516 3319 5579 arbitror:
3348 5512 3440 5579 sed
3470 5522 3651 5579 postea,

2077 5592 2101 5622 α
2121 5588 2232 5625 cum
2258 5575 2453 5638 ceperit
2467 5574 2714 5626 abundare
2731 5574 3065 5639 reris'quidcm
3086 5589 3142 5627 ca
3184 5577 3235 5627 'is
3256 5577 3367 5627 auri
3386 5583 3433 5628 et
3449 5574 3636 5641 argenti

2077 5653 2100 5681 ι
2120 5638 2208 5688 sed
2230 5643 2383 5688 tamen
2406 5636 2539 5688 {slsis
2563 5636 2772 5688 diritiis;
2797 5652 2907 5688 cum
2932 5651 3077 5688 parva
3109 5590 3354 5688 exulet-is.
3385 5637 3488 5688 iam
3520 5650 3636 5687 rcta

3193 5577 3236 5641 ἐξ
3256 5577 3367 5641 ιιιέτὲ
3386 5583 3433 5641 ξι
3449 5577 3658 5641 ἀνθρηεά

2077 5653 2100 5681 ι
2120 5636 2383 5749 multum
2405 5636 2539 5696 frtris
2563 5636 2772 5700 diritiis;
2797 5636 2907 5688 Ctttit
2930 5651 3077 5727 μανείς]
3109 5636 3354 5698 obtuleris,
3377 5637 3488 5702 jam
3508 5636 3659 5687 ictu-

2077 5715 2102 5744 ι
2235 5735 2244 5746 .
2265 5714 2287 5742 1
2372 5714 2430 5745 ,ιιι
