3938 6186
262 312 383 368 329

264 426 461 481 crimen
519 423 656 479 rnale
694 423 945 478 eternium
988 424 1043 478 in
1079 439 1160 479 res
1203 423 1342 496 ipsas
1398 424 1690 494 transferre.
1745 423 1852 479 Sed

266 532 381 573 non
406 524 490 573 est
508 515 628 572 bzcc
654 517 771 571 auri
799 516 953 586 culpa
981 526 1036 572 et
1061 518 1285 586 argenti.
1315 516 1424 571 Fac
1460 517 1602 571 enim
1648 517 1854 573 miseri-

260 608 480 665 cordem
513 606 750 677 aliquem
775 608 1043 663 invenisse
1066 607 1373 663 thesaurum
1395 623 1409 660 :
1428 623 1605 663 nonne
1625 623 1853 678 operan-

262 709 320 755 te
345 698 710 755 misericordia
731 698 1000 768 praebetur
1017 698 1351 767 hospitalitas
1367 697 1680 768 peregrinis,
1699 699 1850 755 alun-

260 797 355 845 tur
391 788 622 844 famelici
657 829 674 852 ,
714 788 841 843 nudi
883 789 1221 854 vestiuntur,
1264 789 1450 859 inopes
1494 790 1848 859 adjuvantur,

257 880 455 950 captivi
480 878 838 943 redimuntur,
851 886 1232 934 construuntur
1249 880 1513 944 ecclesiae,
1538 878 1848 936 reficiuntur

258 971 388 1025 lassi
405 1012 422 1037 ,
452 978 713 1040 pacantur
731 969 944 1040 litigiosi
964 1010 979 1034 ,
1000 978 1317 1039 reparantur
1345 971 1621 1042 naufragi,
1651 987 1845 1027 curan-

259 1070 353 1116 tur
377 1061 560 1132 aagroti
582 1101 600 1126 ,
626 1061 935 1130 corporales
958 1076 1088 1131 opes
1131 1061 1514 1132 dispertiuntur
1563 1062 1619 1117 in
1674 1072 1843 1128 terra,

255 1152 561 1223 spirituales
603 1150 988 1228 reconduntur.
1015 1152 1068 1206 in
1111 1152 1288 1209 coelo?
1331 1153 1461 1220 Quis
1504 1153 1621 1209 hinc
1683 1152 1846 1209 facit?

255 1242 559 1297 Iliscricors
584 1251 641 1298 et
664 1242 856 1296 bonus.
879 1242 1031 1298 Unde
1060 1243 1225 1297 facit?
1254 1244 1329 1299 De
1355 1259 1486 1298 auro
1517 1253 1571 1300 et
1599 1253 1840 1316 argento.

253 1332 355 1388 Cui
379 1333 622 1388 serviens
645 1333 759 1387 hau:
785 1332 951 1387 facit?
972 1332 1032 1387 Ei
1058 1335 1147 1402 qui
1174 1334 1327 1398 dixit,
1351 1334 1522 1388 Meum
1545 1335 1617 1389 est
1636 1353 1839 1402 aurum,

251 1434 303 1478 et
325 1439 492 1477 meum
507 1432 581 1476 est
610 1432 894 1492 argentum.
917 1422 1119 1479 Videtis
1150 1424 1258 1493 jam
1280 1466 1295 1491 ,
1348 1435 1403 1479 ιιι
1429 1426 1681 1492 arbitror,
1733 1427 1841 1483 fra-

250 1529 388 1582 tres,
419 1530 577 1584 quam
603 1529 797 1584 magno
823 1531 1006 1571 errore
1038 1531 1331 1587 magnaque
1350 1517 1616 1573 dementia
1655 1521 1708 1575 in
1755 1537 1842 1578 res

248 1607 398 1676 ipsas
449 1607 652 1678 quibus
683 1607 929 1662 homines
985 1609 1121 1663 male
1149 1618 1387 1674 utuntur,
1446 1612 1649 1668 crimen
1703 1614 1841 1668 male

246 1698 517 1752 utentium
548 1697 917 1753 transferatur.
948 1698 1076 1752 Nam
1117 1700 1162 1753 si
1202 1710 1484 1770 propterea
1513 1707 1841 1772 vituperatur

244 1804 444 1844 aurum
470 1798 523 1846 et
546 1797 845 1859 argentum,
873 1791 993 1861 quia
1016 1791 1257 1847 homines
1285 1793 1502 1847 avaritia
1525 1795 1835 1864 depravati,

246 1880 513 1949 neglectis
536 1880 819 1949 praeceptis
845 1881 1343 1951 omnipotentissimi
1373 1882 1637 1939 Creatoris
1654 1927 1669 1951 ,
1700 1885 1751 1939 in
1774 1901 1837 1942 ea

244 1986 371 2041 qua
400 1970 640 2025 condidit
681 1970 977 2026 detestabili
1029 1971 1318 2040 cupiditate
1348 1974 1656 2043 rapiuntur;
1695 1975 1836 2030 vitu-

248 2072 476 2130 peretur
494 2062 656 2114 etiam
682 2061 857 2115 omnis
885 2061 977 2116 Dei
1004 2071 1268 2124 creatura,
1300 2064 1418 2131 quia
1438 2105 1453 2131 ,
1506 2064 1644 2119 sicut
1691 2068 1834 2135 Apo-

244 2152 421 2205 stolus
447 2151 618 2217 dicit,
646 2152 882 2221 perversi
940 2151 1149 2222 quidam
1197 2152 1437 2208 homines
1480 2155 1740 2209 coluerunt
1788 2165 1879 2213 et,

244 2242 525 2295 seruierunt
546 2252 789 2295 creatum
809 2242 975 2311 potius
993 2259 1147 2314 quam
1171 2243 1394 2298 Creatori
1413 2286 1428 2311 ,
1449 2246 1534 2314 qui
1581 2256 1655 2300 est
1681 2243 1835 2301 bene-

245 2333 415 2387 dictus
439 2335 490 2386 in
514 2335 702 2387 sectile
733 2334 908 2405 (Rom.
941 2336 992 2397 1,
1022 2336 1139 2405 25).
1168 2334 1509 2406 Vituperetur
1531 2337 1688 2392 etiam
1737 2338 1836 2394 istc

244 2423 328 2478 sol
359 2440 374 2477 :
403 2434 565 2494 quem
590 2436 740 2480 certe
778 2424 939 2480 iidem
964 2425 1233 2480 Manichazi
1259 2468 1273 2492 ,
1304 2428 1553 2496 quoniam
1605 2444 1711 2483 non
1753 2434 1837 2485 in-

243 2514 493 2584 telligunt
511 2529 634 2570 esse
660 2525 957 2570 creaturam
975 2558 989 2582 ,
1014 2525 1260 2587 tanquam
1290 2519 1461 2588 ipsum
1504 2518 1830 2588 Creatorem,

243 2607 331 2661 vel
366 2615 625 2678 tanquam
647 2608 760 2678 ejus
784 2609 1010 2679 aliquam
1037 2619 1241 2680 partem
1290 2612 1465 2667 colere
1513 2622 1671 2683 atque
1698 2614 1832 2669 ado-

241 2712 367 2752 rare
394 2713 503 2752 non
533 2696 804 2753 desinunt.
830 2700 953 2758 Cur,
981 2717 1108 2772 ergo
1132 2702 1303 2772 ipsum
1352 2719 1456 2759 non
1499 2706 1829 2775 vituperant,

198 2820 207 2826 -
240 2801 363 2842 eum
413 2788 739 2859 plerumque
780 2790 1024 2847 homines
1067 2792 1135 2848 de
1172 2808 1268 2848 usu
1298 2794 1425 2850 solis
1447 2806 1499 2852 et
1538 2796 1747 2851 luminis
1777 2797 1830 2852 in

239 2879 485 2934 adificiis
503 2881 616 2934 suis
643 2880 763 2935 lites
783 2881 1160 2950 injustissimas
1186 2886 1472 2951 concitant;
1504 2895 1557 2941 et
1578 2896 1637 2941 ut
1686 2887 1831 2942 fene-

238 2971 371 3027 stris
392 2973 508 3028 suis
520 2973 657 3027 radii
673 2974 951 3030 liberiores
970 2977 1235 3045 aliquanto
1254 2977 1448 3048 largius
1465 2977 1825 3046 infundantur,

238 3060 432 3117 domos
451 3064 657 3118 alienas
690 3064 920 3135 dejicere
951 3080 1092 3136 srcpc
1134 3069 1448 3135 moliuntur;
1502 3077 1557 3125 et
1593 3085 1686 3125 eos
1736 3071 1827 3140 qui

240 3158 691 3223 contradixcriut,
719 3159 925 3213 etiamsi
947 3159 1067 3229 jure
1091 3161 1387 3215 certissimo
1424 3161 1786 3217 contradicant
1809 3204 1825 3229 ,

238 3245 540 3302 inimicitiis
563 3249 929 3303 acerbissimis
956 3250 1326 3304 insectantur?
1361 3250 1417 3305 Si
1463 3266 1622 3321 quem
1672 3252 1828 3322 igitur

240 3338 583 3396 lalrmorum
612 3343 878 3412 potentior
906 3345 1095 3414 aliquis
1130 3344 1325 3414 injuste
1350 3361 1412 3401 ac
1440 3346 1640 3403 nefarie
1669 3363 1829 3419 prop—

240 3441 326 3486 ter
352 3449 511 3497 usum
559 3433 695 3493 solis
723 3437 1047 3506 Oppresscrit
1071 3479 1085 3502 ,
1135 3437 1442 3506 diripuerit,
1476 3441 1526 3494 in
1578 3440 1825 3496 exsilium

238 3523 405 3580 etiam
450 3534 751 3581 mortemve
776 3527 1119 3595 compulerit,
1148 3529 1273 3583 solis
1307 3539 1387 3582 est
1433 3531 1633 3586 crimen
1656 3574 1670 3596 ,
1721 3548 1825 3602 quo

238 3612 704 3674 ﬂleabundantius
727 3618 799 3671 uti
821 3617 1106 3685 desiderat,
1135 3635 1199 3672 an
1230 3620 1405 3689 potius
1433 3622 1571 3677 male
1624 3624 1821 3678 utentis

237 3706 511 3780 iniquitas,
539 3710 632 3781 qui
685 3709 810 3764 dum
850 3711 994 3780 cupit
1037 3712 1275 3780 corporis
1304 3713 1477 3767 oculis
1528 3715 1824 3784 temporale

236 3802 421 3860 lumen
460 3804 661 3877 largius
689 3807 1002 3876 acquirere,
1051 3808 1344 3863 cubiculum
1385 3810 1559 3865 cordis
1587 3811 1688 3867 luci
1715 3828 1821 3868 non

234 3893 412 3963 aperit
434 3895 737 3965 aequitatis?
1141 3940 1144 3941 ν

303 3985 537 4043 CAPUT
569 3987 653 4041 VI.
676 3989 817 4044 —-8.
859 3990 1052 4043 Aurum
1085 4009 1116 4044 a
1156 3993 1449 4048 dluuichwis
1488 3996 1675 4067 injuria
1729 4014 1818 4049 ac-

236 4078 430 4131 cusari.
469 4079 596 4131 Auri
622 4080 876 4148 cupiditas
899 4081 1185 4147 damnatur,
1217 4094 1379 4139 rectus
1405 4102 1523 4139 usus
1542 4103 1572 4138 a
1601 4085 1817 4140 Domino

230 4167 636 4246 mandatur.
669 4169 751 4224 Ex
794 4184 900 4240 quo
925 4171 1041 4236 isti,
1087 4173 1131 4226 si
1186 4182 1442 4241 possunt,
1488 4176 1815 4246 intelligant,

228 4242 324 4309 aut
353 4272 542 4311 aurum
584 4267 638 4312 et
679 4268 957 4329 argentum
1004 4275 1061 4316 se
1103 4277 1355 4318 accusare
1403 4280 1506 4318 non
1535 4278 1812 4334 oportere,

228 4348 479 4415 quamvis
503 4348 571 4402 de
597 4365 729 4402 auro
775 4361 829 4403 ct
855 4361 1072 4419 argento
1100 4367 1240 4421 sa-pc
1269 4352 1509 4408 homines
1537 4355 1817 4424 cupidissi-

216 4428 304 4490 ‘mi
345 4436 632 4504 dimicent;
675 4449 763 4494 aut
793 4443 1157 4499 accusationes
1208 4460 1327 4498 suas
1359 4446 1425 4500 de
1451 4449 1663 4501 terrain
1708 4464 1819 4503 cm-

228 4527 343 4583 lum
367 4571 382 4593 ,
412 4530 561 4585 etde
583 4533 809 4586 metallis
833 4534 1148 4604 fulgentibus
1196 4536 1249 4588 in
1286 4535 1458 4591 sidera
1483 4579 1497 4601 ,
1552 4549 1711 4608 atque
1762 4541 1813 4594 in

226 4618 407 4688 ipsum
457 4621 627 4675 solem
682 4638 739 4678 se
783 4624 981 4678 debere
1032 4626 1351 4691 transferre;
1395 4629 1606 4697 quando
1650 4632 1814 4702 iniqui

225 4707 480 4764 homines
501 4711 802 4781 inexpiabili
832 4730 974 4783 sche
1007 4716 1265 4772 discordia
1292 4719 1359 4774 de
1388 4722 1702 4789 possidenda
1723 4738 1813 4778 so-

224 4803 294 4857 lis
320 4802 441 4858 lucc
460 4803 772 4875 confligunt.
804 4807 971 4861 Simul
1001 4811 1159 4863 etiam
1190 4809 1394 4867 discant
1437 4816 1560 4883 quid
1607 4815 1814 4872 intersit

225 4895 374 4950 inter
395 4895 531 4951 hanc
557 4898 724 4952 lucem
754 4900 1012 4955 visibilem
1036 4942 1050 4964 ,
1077 4901 1351 4975 lucemque
1375 4907 1611 4974 jllSliliiB-
1644 4909 1811 4979 Siqui-

221 4985 354 5040 dem
380 4985 497 5040 ﬁeri
521 4997 689 5055 potest
714 4998 771 5042 ut
798 4999 996 5059 quanto
1028 4992 1215 5061 majori
1242 4995 1491 5051 aviditate
1532 4997 1630 5052 frui
1659 5003 1808 5070 qu's-

222 5093 340 5148 que
368 5079 467 5133 hac
496 5080 612 5134 luce
636 5081 860 5136 voluerit
884 5124 897 5143 ,
931 5090 1075 5137 tanta
1114 5086 1298 5154 majori
1326 5088 1563 5145 οιΡινίῑςιιθ
1591 5107 1619 5144 a
1650 5094 1809 5159 juSii-

224 5170 319 5223 tize
349 5169 466 5223 luce
493 5170 722 5224 deficiat.
753 5170 899 5226 Nulla
928 5174 1066 5226 enim
1094 5179 1506 5232 creaturalionio
1526 5180 1804 5248 justilirari

220 5269 445 5329 potest:
492 5261 586 5316 sed
614 5270 669 5315 ut
695 5264 953 5317 creaturis
976 5266 1221 5320 omnibus
1255 5267 1397 5336 juste
1438 5271 1509 5324 uti
1559 5274 1744 5339 possit,
1777 5289 1807 5328 a

221 5349 487 5405 Creatore
554 5351 920 5420 jnstiiicandus
964 5368 1063 5411 est.
1116 5358 1294 5427 Itaque
1342 5361 1453 5429 ipse
1518 5363 1803 5430 Dominus,

222 5441 475 5510 quamvis
500 5443 773 5497 avaritiam
817 5445 951 5499 sicut
970 5447 1145 5515 justus
1184 5449 1342 5516 judex
1373 5451 1563 5520 ubique
1605 5456 1806 5510 condc-

229 5536 387 5584 ωτι
422 5547 439 5596 ;
487 5546 641 5585 usum
693 5543 867 5588 tamen
910 5537 1178 5606 copiarum
1210 5546 1534 5594 terrenarum
1559 5550 1804 5612 tanquam

220 5634 383 5675 verus
409 5624 663 5702 magister
681 5627 948 5690 ostendit,
993 5628 1129 5683 ineo
1160 5630 1274 5699 ipso
1315 5630 1461 5694 loco,
1510 5649 1667 5701 quem
1719 5635 1802 5690 isti

223 5717 479 5783 tanquam
533 5717 854 5768 contrarium
902 5718 1175 5787 Propheta!
1218 5720 1448 5791 objicerc
1497 5723 1796 5781 voluerunt.

532 5805 803 5874 PATROL.
844 5815 1199 5880 XXXVllI.

1756 310 1988 367 SEBMO
2024 312 2089 367 L.

3435 340 3539 413 δερ

1965 423 2053 478 Ait
2070 424 2237 493 enim,
2267 427 2443 485 Facite
2474 434 2607 487 vobis
2631 437 2816 492 amicos
2845 441 2908 493 de
2926 457 3211 500 ntammona
3237 448 3536 515 iniquitatis,

1961 513 2063 570 hoc
2076 526 2159 571 est
2185 517 2362 575 dicere
2384 562 2400 587 ,
2423 521 2555 590 Quae
2582 541 2882 585 mammona
2910 531 3198 604 iniquitatis
3218 548 3324 607 est,
3356 513 3534 601 vestra

1958 621 2258 664 mammona
2283 627 2404 669 esse
2437 631 2542 670 non
2567 616 2743 674 debet.
2779 622 2928 679 Tunc
2957 627 3097 682 enim
3124 629 3266 699 juste
3293 637 3533 703 poteritis

1957 697 2033 751 uti
2078 713 2255 754 rerum
2281 704 2433 773 copia
2461 712 2786 766 terrenarum
2807 754 2836 779 ,.
2855 722 2910 769 et
2935 697 3137 774 amicos
3173 697 3529 794 inde-facere,

1952 787 2042 857 qui
2070 803 2163 842 vos
2186 792 2441 862 recipiant
2465 796 2518 850 in
2550 798 2883 858 tabernacula
2903 817 3122 876 aeterna,
3154 812 3198 866 si
3225 787 3528 872 mammona

1953 876 2104 931 vobis
2135 879 2229 934 ista
2252 898 2357 937 non
2388 884 2572 955 fuerit,
2606 889 2657 944 id
2676 901 2777 959 est,
2808 893 2850 948 si
2879 911 2983 951 non
3013 914 3078 953 ex
3108 915 3171 955 ea
3208 918 3303 959 vos
3337 905 3531 967 divites

1951 964 2065 1020 fieri
2097 974 2431 1038 putaveritis.
2457 976 2714 1043 Quoniam
2752 983 2950 1041 divitia:
2979 998 3191 1060 vestrm,
3234 1009 3354 1064 qua:
3405 964 3533 1054 sunt

1943 1069 2090 1133 ενοι-ω
2118 1059 2335 1130 divitias,
2368 1080 2487 1135 qua:
2513 1068 2580 1123 ab
2606 1073 2751 1127 omni
2778 1090 2874 1130 vos
2900 1076 3185 1150 indigentia
3205 1059 3523 1158 liberabant,

1948 1162 2054 1240 non
2085 1160 2209 1240 sunt
2229 1158 2454 1212 terrenis
2490 1158 2826 1221 facultatibus
2871 1175 3259 1240 comparandae.
3315 1178 3419 1236 Sed
3471 1193 3530 1238 ut

1948 1236 2053 1293 illis
2082 1239 2185 1295 frui
2225 1246 2417 1323 merito
2452 1253 2704 1321 possitis,
2735 1258 2901 1331 .prius
2926 1236 3041 1316 istis
3081 1264 3221 1321 bene
3264 1271 3523 1328 utendum

1944 1339 2047 1433 est,
2075 1348 2193 1401 qua:
2215 1352 2320 1392 non
2353 1350 2477 1416 sunt
2521 1343 2718 1402 divitiae
2753 1364 2891 1405 vera:
2918 1393 2934 1417 ,
2977 1370 3075 1410 nec
3126 1368 3354 1415 vestrae:
3404 1366 3525 1433 quia

1946 1420 2139 1490 injuste
2176 1426 2424 1486 dicuntur
2456 1434 2654 1493 divitia:
2683 1440 2735 1505 1;
2768 1457 2873 1496 non
2927 1447 3068 1502 enim
3099 1451 3347 1509 auferunt
3394 1420 3523 1527 ege-

1945 1520 2157 1608 etatem,
2179 1527 2236 1573 et
2260 1535 2351 1576 eas
2377 1523 2588 1583 divitias
2629 1530 2795 1602 iniqui
2827 1546 3032 1604 putant.
3070 1540 3191 1598 Istis
3211 1547 3352 1602 enim
3379 1520 3524 1608 se'ab

1944 1605 2229 1679 indigentia
2275 1613 2486 1672 liberari
2532 1621 2896 1681 arbitrantur:
2941 1644 3035 1687 vos
3058 1644 3239 1690 autem
3278 1638 3434 1705 alias,
3471 1605 3520 1696 si

1941 1706 2025 1753 est
2053 1716 2203 1756 veras
2229 1713 2284 1759 et
2310 1716 2519 1766 vestras
2554 1711 2761 1770 debetis
2800 1717 3106 1779 desiderare
3153 1726 3381 1783 divitias.
3417 1731 3524 1787 Sed

1940 1790 1986 1890 si
2003 1791 2056 1844 in
2079 1792 2269 1863 injuste
2318 1814 2604 1855 mammona
2637 1804 2811 1872 ﬁdeles
2846 1827 2953 1870 non
2980 1813 3168 1882 fuistis,
3193 1832 3363 1872 verum
3412 1823 3524 1890 quis

1940 1878 2077 1935 dabit
2113 1884 2286 1940 vobis?
2312 1886 2379 1940 Et
2406 1891 2452 1943 si
2480 1892 2531 1944 in
2559 1892 2725 1949 alieno
2745 1898 2920 1967 ﬁdeles
2944 1878 3045 1959 non
3074 1878 3261 1975 fidelis,
3306 1878 3523 1967 uestrum

1938 1973 2051 2059 quis
2074 1974 2211 2029 dabit
2233 1978 2369 2033 vobis
2385 1980 2533 2051 (Luc.
2564 2000 2674 2053 xvi,
2715 1987 2913 2061 9-12)?

1999 2055 2064 2119 ‘9.
2125 2064 2400 2124 Hanichau'
2457 2072 2832 2145 I’rOphetarum
2852 2055 3281 2145 calumniatores.
3346 2093 3522 2161 Quan-

1938 2168 2096 2221 quam
2128 2155 2444 2216 Maniclucos
2471 2168 2685 2234 proprio
2712 2185 2863 2226 more
2901 2177 3225 2246 preplieticis
3249 2155 3407 2241 dictis
3429 2202 3522 2240 ca-

1939 2246 2188 2304 lumniari
2226 2253 2567 2312 manifestum
2618 2260 2708 2315 sit.
2769 2263 3018 2337 Quisquis
3085 2273 3227 2328 enim
3279 2276 3516 2346 ejusdem

1938 2336 2224 2408 Scriptum
2250 2342 2701 2404 circumstantiam
2731 2355 2811 2408 vel
2842 2336 3183 2419 mediocriter
3203 2336 3514 2437 inspexerit.

1941 2428 2174 2486 inveniet
2199 2449 2305 2489 non
2342 2436 2409 2491 de
2434 2437 2536 2494 hoc
2558 2454 2780 2513 argento
2817 2448 2898 2502 vel
2946 2466 3096 2521 auro,
3147 2472 3253 2527 quo
3288 2428 3518 2521 avaritia

1937 2521 2304 2592 imprudenter
2339 2529 2556 2598 insanit,
2583 2532 2781 2592 dixisse
2808 2537 3125 2611 PrOphetam
3142 2521 3180 2612 ς*
3201 2550 3294 2605 sed
3319 2552 3388 2608 de
3428 2556 3519 2611 illo

1938 2613 2133 2711 potius,
2164 2616 2316 2686 cujus
2356 2620 2517 2711 etiam
2552 2622 2844 2696 Apostolus
2872 2634 3141 2702 meminit,
3194 2638 3400 2711 dicens,
3454 2645 3518 2701 Si

1934 2704 2045 2772 quis
2077 2716 2245 2761 autem
2290 2710 2512 2780 (edi/icat
2554 2732 2711 2787 supra
2747 2721 3129 2787 fundamentum
3153 2769 3168 2794 ,
3212 2704 3397 2790 aurum
3468 2749 3518 2793 et

1934 2809 2232 2867 argentum,
2275 2802 2469 2873 lapides
2496 2809 2738 2876 pretiosos
2759 2811 2804 2881 (I
2827 2813 2944 2869 Cor.
2975 2833 3052 2885 ιιι,
3082 2821 3191 2891 12).
3241 2825 3358 2892 Quo
3382 2843 3515 2884 auro

1936 2896 1990 2941 et
2017 2899 2236 2960 argento
2265 2892 2414 2949 dives
2469 2907 2552 2953 cst
2590 2900 2678 2956 ille
2726 2903 3023 2975 thesaurus,
3074 2925 3233 2980 quem
3281 2918 3332 2971 in
3386 2935 3516 2989 agro

1933 2978 2049 3048 ipse
2101 2982 2355 3040 Dominus
2400 2989 2705 3056 inventum,
2743 3004 2796 3050 ct
2836 3012 2867 3051 a
2920 2978 3148 3069 quodam
3199 2978 3518 3067 mirabiliter

1933 3068 2372 3145 laudabiliterque
2395 3093 2558 3135 avaro
2585 3083 2812 3140 venditis
2841 3091 3087 3147 omnibus
3113 3096 3225 3152 suis
3272 3112 3510 3172 emptum

1931 3174 2052 3216 esse
2071 3169 2297 3220 testatur
2312 3166 2521 3240 (Matth.
2549 3188 2645 3226 nn
2667 3215 2683 3241 ,
2714 3175 2826 3249 44).
2854 3179 2984 3234 Nam
3013 3183 3181 3253 ipsum
3230 3166 3510 3251 Dominum

1931 3254 2330 3323 pneuuntiaas,
2388 3266 2444 3313 et
2499 3263 2618 3317 novi
2672 3268 2893 3332 81'0"",
2933 3269 3035 3328 hoc
3082 3285 3197 3343 est,
3256 3281 3510 3340 Ecclesia:

1933 3345 2173 3409 tempora
2208 3344 2450 3415 ﬁgurate,
2480 3358 2532 3404 ut
2560 3352 2714 3419 soiet,
2762 3356 3045 3429 designans
3094 3366 3390 3439 Propheta,
3433 3376 3513 3432 sic

1929 3432 2057 3487 dicit
2076 3451 2088 3485 :
2107 3435 2284 3490 Adhuc
2299 3454 2451 3493 unum
2468 3444 2718 3499 modicum
2734 3459 2823 3512 est,
2840 3460 2884 3502 et
2899 3468 2989 3521 ego
3003 3432 3315 3514 commonebo
3329 3432 3509 3527 (telum

1929 3529 1976 3574 et
2002 3531 2206 3590 terram,
2234 3535 2284 3579 et
2310 3544 2449 3584 mare
2465 3541 2509 3584 et
2534 3533 2767 3602 aridam,
2791 3547 2836 3590 et
2877 3544 3079 3599 movebo
3101 3562 3274 3603 omnes
3296 3566 3467 3621 gentes
3492 3573 3512 3611 .-

1930 3621 1976 3665 et
1996 3614 2156 3667 veniet
2196 3613 2529 3682 Desideratus
2580 3624 2770 3679 cunctis
2807 3629 3059 3697 gentibus,
3086 3643 3137 3687 et
3186 3613 3405 3708 implebo
3425 3645 3511 3699 do-

1929 3718 2065 3756 mum
2092 3705 2241 3759 istam
2289 3708 2472 3778 gloria,
2503 3712 2627 3766 dicit
2674 3714 2921 3773 Dominus
2966 3705 3290 3785 exercituwn.
3341 3733 3511 3793 Meum

1925 3802 1999 3848 est
2017 3811 2217 3862 aurum,
2247 3808 2294 3852 et
2320 3816 2484 3856 meum
2504 3813 2578 3859 cst
2603 3817 2896 3879 argentum,
2919 3812 3042 3868 dicit
3068 3815 3318 3879 Dominus
3362 3845 3508 3883 exer—

1927 3887 2137 3944 cituum.
2167 3889 2360 3961 Magna
2394 3896 2489 3947 erit
2516 3896 2678 3965 gloria
2696 3900 2877 3957 damus
2895 3905 3040 3962 istius
3063 3914 3346 3973 nouissima
3393 3922 3508 3990 plus

1927 3994 2081 4048 quam
2106 3981 2299 4050 primoa,
2325 3984 2719 4044 dicitoDominus
2743 3996 3048 4052 exercituum
3070 4017 3091 4063 ;
3117 4013 3163 4056 et
3193 4006 3244 4059 in
3287 3981 3509 4066 Ioco-isto

1927 4072 2057 4175 dabo
2081 4090 2275 4175 pqcem,
2300 4077 2423 4132 dicit
2449 4078 2694 4137 Dominus
2712 4089 3017 4145 exercituum
3035 4093 3235 4167 (Aggwi
3274 4117 3331 4166 ιι,
3357 4105 3504 4175 710),

1996 4163 2224 4221 CAPUT
2262 4166 2371 4222 vn.
2422 4199 2495 4210 -
2541 4172 2630 4227 ιο.
2685 4175 2859 4247 Ααθωε
2902 4180 3042 4236 locus
3096 4163 3397 4246 ἱιίὶιάίοαάιν.
3447 4163 3506 4250 si

1925 4253 2125 4310 vellent
2154 4257 2240 4312 isti
2262 4274 2368 4314 non
2397 4276 2518 4317 esse
2543 4278 2705 4322 canes
2731 4276 2786 4323 et
2814 4272 2999 4339 porci,
3021 4277 3213 4345 quibus
3256 4295 3501 4342 sanctum

1922 4345 2054 4402 dare
2088 4356 2143 4403 et
2163 4352 2473 4421 margaritas
2496 4355 2754 4427 projicere
2774 4362 3157 4435 prohibemur;
3183 4374 3280 4428 sed
3313 4387 3501 4445 petcn-

1925 4446 2003 4492 tes
2040 4441 2301 4510 accipcre,
2331 4453 2385 4498 et
2412 4459 2710 4516 quzcrentes
2732 4451 2988 4521 invenire,
3007 4466 3061 4513 et
3082 4441 3354 4529 pulsantes
3377 4484 3507 4539 ape-

1923 4530 2018 4584 riri
2044 4531 2143 4586 sibi
2168 4533 2529 4592 desiderarent
2556 4539 2768 4613 (Matth.
2802 4560 2896 4610 vn,
2927 4548 3047 4619 6~8)
3072 4567 3086 4616 ;
3111 4570 3266 4623 quam
3286 4530 3506 4628 possunt

1923 4621 2148 4680 fortasse
2174 4629 2330 4682 etiam
2373 4631 2488 4685 sine
2522 4633 2629 4687 ullo
2654 4635 2963 4706 interprete,
3009 4621 3143 4700 duce
3175 4621 3503 4718 ipso-sancto

1923 4713 2121 4784 Spiritu
2150 4721 2349 4774 sentire
2368 4738 2487 4791 quae
2519 4723 2656 4778 dicta
2678 4736 2821 4793 sunt,
2854 4731 2919 4784 ad
2972 4735 3093 4789 novi
3148 4713 3348 4807 populi,
3400 4745 3499 4799 hoc

1924 4816 2042 4874 est,
2073 4809 2138 4863 ad
2160 4812 2434 4867 christiani
2467 4817 2676 4885 pepuli,
2707 4820 2859 4889 cujus
2880 4829 3132 4882 sacerdos
3155 4848 3376 4903 magnus
3419 4849 3500 4894 est

1921 4899 2076 4955 Jesus
2097 4902 2262 4957 Filius
2290 4904 2411 4969 Dei;
2442 4907 2559 4960 sine
2604 4909 2706 4963 ulla
2752 4914 2976 4982 caligine
3002 4899 3267 4986 pertinere
3299 4942 3311 4973 ε
3354 4939 3499 4982 certe

1919 4991 2002 5045 vel
2032 5006 2097 5046 eo
2126 4993 2242 5045 loco
2272 4993 2357 5046 ubi
2386 4993 2580 5048 dictum
2608 5009 2709 5060 est,
2746 5000 2922 5055 Adhuc
2942 5021 3099 5059 unum
3123 5012 3372 5065 modicum
3399 5027 3494 5080 est,

1918 5092 1963 5135 et
1990 5099 2078 5151 ego
2101 5083 2414 5137 commovebo
2436 5085 2615 5139 malum
2649 5097 2695 5140 et
2722 5097 2906 5143 terram
2930 5134 2944 5156 ,
2973 5104 3018 5146 et
3048 5112 3185 5149 mur:-
3204 5110 3250 5152 et
3275 5103 3493 5168 aridam,

1917 5182 1963 5225 et
1989 5173 2188 5225 movebo
2209 5190 2378 5228 omnes
2406 5186 2611 5245 gentes;
2646 5188 2693 5231 et
2739 5183 2895 5235 veniet
2941 5182 3268 5244 Desideratus
3304 5200 3497 5249 cunctis

1916 5263 2162 5331 gentibus.
2196 5264 2266 5317 lle
2297 5265 2590 5320 novissimo
2614 5268 2754 5322 enim
2782 5272 2985 5328 Domini
3010 5317 3023 5337 ,
3057 5277 3225 5343 idest,
3264 5288 3497 5341 secundo

1915 5354 2165 5421 adventu,
2196 5372 2300 5425 quo
2328 5357 2379 5410 in
2400 5358 2639 5413 claritate
2661 5370 2913 5420 venturus
2934 5375 3034 5430 est,
3049 5383 3232 5422 versus
3258 5371 3358 5427 iste
3377 5390 3516 5443 pro-o

1916 5448 2052 5502 latus
2079 5457 2190 5515 cst,
2213 5464 2330 5503 cum
2357 5450 2429 5502 ait
2459 5449 2717 5521 Propheta
2735 5493 2748 5509 .
2778 5453 2843 5506 Et
2861 5456 3013 5509 veniet
3043 5457 3363 5516 Desideratus
3384 5481 3499 5519 cim-

1915 5541 2006 5593 ctis
2049 5542 2292 5609 gentibus.
2337 5540 2558 5605 Quando
2587 5542 2727 5595 enim
2762 5546 2932 5611 primo
2971 5545 3021 5598 in
3070 5563 3231 5604 carne
3287 5559 3496 5614 mortali

1978 5675 1991 5705 ¹
2021 5672 2155 5728 aditi,
2187 5673 2303 5743 ipsis
2331 5671 2522 5745 injustag
2557 5674 2787 5745 dicuntur
2825 5676 3023 5745 dicitur.
3066 5689 3120 5731 At
3155 5690 3495 5745 Germanensis

1914 5737 2035 5790 alter
2063 5735 2413 5783 vetustissimus
2435 5737 2609 5785 codex.
2636 5739 2748 5786 auia
2770 5738 2942 5802 iniuste
2966 5740 3190 5793 dicuntur
3214 5735 3413 5804 dit‘itite.

2904 5823 3174 5908 (οπερ.)
