3938 6186
410 307 520 386 ‘sst

410 456 520 515 per
538 440 753 495 Mariam
781 433 1034 503 virginem
1061 425 1239 494 venit,
1281 420 1515 480 nonium
1541 415 1941 475 desiderabatur
1964 426 1993 465 a

422 503 627 590 iunctis
645 526 925 599 gentibus;
952 522 1072 592 quia
1100 518 1331 574 nondum
1352 512 1706 569 credideram.
1739 503 1994 561 Dissentio

394 633 399 639 '
426 638 548 683 mtn
576 596 752 676 alitem
779 613 1065 685 Evangelio
1106 626 1199 682 per
1223 620 1410 663 omnes
1429 613 1615 675 gentes
1633 641 1648 666 ,
1677 600 1729 653 in
1755 596 1998 653 omnibus

416 710 665 782 gentibus
692 704 1008 762 desiderium
1034 702 1152 772 ejus
1179 696 1501 754 accenditur.
1532 694 1632 748 Per
1650 703 1835 744 omnes
1853 687 1996 741 enim

423 778 610 872 gentes
638 807 692 855 et
718 807 842 854 sunt
867 840 880 861 ,
912 805 968 852 et
990 803 1146 852 erunt
1174 791 1328 847 electi
1370 789 1486 858 ejus
1512 788 1553 850 ¹,
1585 785 1673 854 qui
1702 791 1814 837 toto
1839 778 1998 834 corde

414 896 475 953 in
502 896 741 949 oratione
769 891 984 953 dicant,
1015 886 1258 942 Adveniat
1282 897 1492 953 regnum
1513 889 1656 933 tuum
1681 872 1894 946 (Matth.
1920 886 1994 936 vi,

420 984 532 1059 10).
561 985 665 1042 Sed
702 986 904 1055 primus
927 980 1185 1036 adventus
1209 970 1625 1031 misericordiam
1653 964 1997 1037 prmemina-

422 1052 503 1135 vit
528 1052 729 1149 judicio
759 1094 772 1129 :
810 1076 861 1130 in
892 1089 997 1144 quo
1017 1069 1216 1141 judicio
1245 1063 1463 1121 secundi
1493 1060 1750 1115 adventus
1786 1052 1999 1109 claritas

1656 301 1713 357 S.
1757 295 2115 356 AUGUSTINI
2157 296 2451 353 EPISCOPI

3572 295 3666 357 ω

2106 425 2215 463 cem
2233 458 2247 477 ,
2271 409 2396 463 dicit
2416 408 2662 463 Dominus
2674 407 3009 467 mrcituant.
3036 406 3171 473 Quid
3191 416 3271 462 est
3291 445 3309 471 ,
3335 407 3523 462 inloco
3544 408 3664 478 ista,

2107 502 2208 556 nisi
2240 510 2506 556 terrenum
2535 498 2670 555 forte
2695 498 2889 568 alitptid
2916 505 3167 567 tanquam
3207 496 3375 567 digito
3412 499 3667 555 ostendit!

2102 592 2242 660 Quid
2271 595 2413 648 enim
2444 598 2619 662 potest
2659 590 2920 646 contineri
2951 589 3102 653 loco,
3152 584 3254 643 risi
3290 590 3518 658 corpus?
3562 591 3665 645 Non

2102 683 2335 739 absurde
2357 698 2484 753 ergo
2511 682 2751 736 ultitmm
2784 679 3226 735 resurrectionem
3252 680 3495 747 corporis
3522 679 3664 734 intelv

2100 776 2354 860 figimus,
2406 790 2508 844 qua
2570 771 2841 829 beatitudo
2892 770 3277 841 perfectissima
3334 774 3668 838 terminatur,

2103 866 2317 938 quando
2344 866 2453 935 jam
2482 880 2587 920 non
2612 861 2940 932 concupiscit
2964 876 3091 917 caro
3117 861 3371 917 adversus
3399 861 3665 929 spiritum,

2105 973 2203 1012 nec
2228 958 2444 1026 spiritus
2471 956 2724 1010 adversus
2751 967 2986 1008 carnem.
3020 951 3130 1005 Hoc
3167 952 3308 1006 enim
3337 952 3670 1019 corruptibilc

2100 1047 2289 1102 induet
2331 1046 2815 1115 incorruptionem,
2846 1052 2900 1098 et
2948 1042 3171 1099 mortale
3214 1041 3316 1097 hoc
3357 1041 3537 1096 induet
3582 1043 3660 1096 im-

2103 1139 2480 1193 mortalitatem
2532 1136 2723 1208 (lCor.
2780 1152 2875 1201 xv,
2920 1136 3034 1205 53).
3065 1134 3330 1191 Nonerit
3361 1134 3463 1188 alia
3493 1135 3576 1191 lex
3623 1135 3669 1193 in

387 1146 696 1233 ‘teminebit.
738 1168 892 1222 l’rius
921 1178 1048 1233 ergo
1076 1158 1356 1230 oportebat
1383 1151 1580 1209 moveri
1611 1149 1802 1204 caelum
1823 1185 1838 1210 ,
1877 1155 1998 1196 cum

391 1234 406 1357 ξ
423 1283 541 1322 eum
575 1261 805 1332 Angelus
834 1260 1163 1322 conceptum:
1185 1244 1385 1317 Virgini
1415 1240 1675 1297 nuntiavit
1698 1279 1712 1302 ,
1741 1249 1861 1291 cum
1892 1232 2003 1284 lla-

590 1355 596 1357 ‘
842 1347 854 1357 ·
1010 1344 1022 1357 ·
1168 1339 1304 1357 Jul-
1340 1333 1581 1357 ..-_.I-...:s
1658 1343 1775 1357 mn“
1816 1335 1999 1357 stu-cna

391 1333 517 1427 {gos
537 1355 602 1409 ad
633 1366 751 1408 eum
792 1344 1117 1402 adorandum
1161 1339 1314 1395 stella
1340 1333 1618 1405 perduxit,
1656 1343 1776 1383 cum
1816 1335 2001 1378 rursus

424 1419 610 1516 Rngeli
643 1451 821 1496 uatum
851 1434 1150 1508 pastoribus
1181 1430 1479 1485 indicarunt
1508 1443 1522 1479 :
1549 1419 1749 1476 moveri
1781 1426 1994 1477 terram,

380 1528 393 1575 ί
422 1554 543 1595 cum
562 1538 677 1601 eius
699 1530 964 1588 miraculis
986 1526 1321 1580 turbaretur:
1343 1515 1542 1572 moveri
1567 1526 1732 1573 mare,
1758 1522 1875 1561 cum
1901 1505 2001 1559 iste

2104 1228 2356 1284 membris
2384 1241 2683 1297 repugnans
2701 1227 2801 1295 legi
2825 1226 3018 1279 mentis
3045 1239 3059 1278 :
3087 1225 3204 1294 quia
3222 1225 3275 1278 in
3300 1224 3409 1278 loco
3434 1225 3528 1278 isto
3548 1224 3670 1278 dabo

2104 1335 2309 1388 pacem,
2331 1318 2452 1371 dicit
2480 1317 2728 1371 Dominus
2755 1315 3077 1369 exercituum.

2176 1411 2262 1464 t3.
2306 1409 2428 1461 Auri
2442 1416 2753 1476 contemptus
2764 1406 2816 1458 in
2840 1404 3144 1475 propheticis
3164 1403 3341 1457 litteris
3360 1404 3673 1458 continenda-

2100 1512 2204 1556 tus.
2245 1500 2375 1555 Nam
2413 1499 2482 1554 de
2508 1507 2812 1566 contemptu
2859 1495 3055 1550 terreni
3094 1494 3208 1548 auri
3240 1503 3293 1549 et
3329 1495 3539 1564 argenti
3560 1509 3671 1564 qtae

424 1629 653 1685 mundus
664 1618 1122 1696 persecutionibus
1135 1616 1381 1668 fremeret
1400 1627 1411 1661 :
1434 1605 1631 1662 moveri
1645 1602 1866 1663 aridam,
1879 1610 1999 1651 eum

426 1725 478 1777 in
502 1734 622 1776 eum
644 1693 923 1773 credentes
939 1708 1204 1764 esurirent
1226 1703 1540 1768 sitirentque
1555 1693 1814 1765 justitiam
1839 1705 1853 1742 :
1883 1700 1999 1740 ino-

427 1812 533 1866 veri
548 1808 774 1878 denique
785 1816 971 1857 onmes
981 1808 1185 1868 gentes,
1199 1810 1320 1848 cum
1335 1787 1674 1857 Evangelium
1690 1786 1805 1852 ejus
1820 1793 2002 1847 usque-

420 1915 633 1975 quaque
658 1871 1000 1951 discurreret.
1027 1888 1177 1942 Tunc
1198 1882 1390 1939 deinde
1427 1877 1632 1933 veniret
1661 1871 2002 1928 Desideratus

426 1967 670 2049 manilius
685 1986 952 2059 gentibus,
971 1983 1105 2036 sicut
1124 1974 1386 2045 Propheta
1406 1967 1797 2041 pronuntiante,
1818 1970 2003 2015 ventu-

428 2101 519 2141 rus
533 2092 631 2139 est.
648 2051 717 2136 Et
734 2075 1039 2146 implebitur
1052 2070 1243 2124 domus
1257 2065 1355 2119 ista
1371 2057 1614 2133 gloria,id
1626 2064 1726 2118 est,
1744 2051 1996 2106 Ecclesia.

497 2171 724 2230 CAPUT
763 2142 901 2223 Vill.
922 2193 994 2206 --
1014 2163 1100 2217 ti.
1129 2158 1325 2212 Aurum
1347 2162 1394 2208 et
1431 2157 1692 2221 argentum
1713 2142 1999 2214 allegorice.

426 2268 826 2334 Consequentcr
888 2258 1066 2323 itaque
1116 2246 1372 2317 subjecit.
1445 2240 1617 2296 Meum
1669 2245 1741 2291 est
1783 2248 1998 2295 aurum,

427 2369 475 2414 et
504 2328 669 2412 meum
689 2360 758 2407 est
786 2355 1067 2421 argentum.
1096 2339 1282 2395 Omnis
1310 2334 1452 2389 enim
1478 2328 1733 2399 sapientia
1761 2339 1878 2395 qua:
1903 2338 2000 2376 no-

428 2412 572 2505 si...
591 2444 705 2501 auri
735 2412 955 2511 ﬁgurate
982 2431 1345 2502 signiﬁcatur,
1376 2431 1431 2479 et
1453 2419 1652 2493 eloquia
1677 2414 1882 2470 Domini
1901 2412 2003 2465 elo-

426 2540 545 2610 quia
573 2543 713 2589 casta
735 2571 749 2597 ,
789 2533 1051 2599 argentum
1078 2521 1194 2591 igne
1228 2513 1493 2592 probatum
1518 2519 1693 2571 terra,
1732 2511 2003 2573 purgatum

431 2597 721 2697 ieptuplum
746 2597 921 2687 (Psal.
947 2628 1025 2677 in,
1055 2609 1135 2681 7):
1165 2619 1325 2661 omne
1355 2614 1484 2669 ergo
1522 2597 1625 2652 tale
1648 2602 1926 2665 argentum
1951 2598 2004 2644 et

429 2685 614 2772 aurum
646 2685 863 2766 nonest
902 2701 1207 2765 hominum,
1237 2694 1331 2751 sed
1377 2690 1619 2753 Domini;
1650 2696 1711 2742 ut
1753 2685 2002 2755 quoniam

429 2805 731 2881 implebitur
756 2800 946 2856 domus
968 2792 1166 2866 gloria,
1213 2787 1301 2858 qui
1349 2783 1631 2856 gloriatur,
1678 2780 1730 2833 in
1779 2776 2002 2832 Domino

425 2869 683 2973 gidrietur
707 2892 771 2967 (Il
801 2890 921 2947 Cor.
951 2903 1009 2953 ι,
1037 2884 1149 2955 t7).
1183 2881 1318 2947 Quia
1346 2877 1486 2935 enim
1515 2871 1764 2929 sacerdos
1781 2869 1872 2924 ille
1892 2882 2002 2922 ma-

427 2960 592 3063 ugitus,
623 2960 814 3045 domus
843 2980 997 3050 hujus
1022 2974 1368 3037 inbabitator,
1415 2967 1668 3023 Dominus
1708 2970 1888 3018 noster
1914 2960 2003 3016 Je-

428 3057 521 3140 sus
550 3061 792 3137 Christus
812 3117 826 3140 ,
861 3078 1076 3143 propter
1119 3065 1346 3122 reditum
1376 3059 1640 3123 hominis,
1666 3057 1767 3126 'qui
1799 3070 1891 3124 per
1916 3068 2004 3108 su-

429 3174 665 3246 perbiam
694 3169 760 3223 de
781 3162 1024 3236 paradiso
1046 3159 1240 3224 exierat
1263 3197 1276 3216 .
1303 3168 1360 3207 se
1386 3151 1556 3220 ipsum
1581 3145 1877 3216 exemplum
1909 3143 2005 3196 bu-

430 3235 669 3322 militatis
711 3256 949 3331 praebere
998 3252 1242 3319 dignatus
1288 3253 1407 3309 est;
1468 3239 1606 3310 quod
1664 3244 1887 3292 testatur
1951 3235 2003 3288 in

432 3329 727 3427 Evangelia
741 3351 997 3411 clamans,
1017 3340 1205 3396 Discite
1245 3355 1275 3392 a
1318 3350 1398 3389 me
1433 3332 1671 3403 quoniam
1699 3329 1833 3382 mitis
1861 3343 1995 3391 sum,

428 3460 477 3504 et
503 3417 705 3501 humilis
733 3439 885 3497 corde
927 3432 1144 3507 (Matth.
1197 3445 1246 3484 XI
1274 3470 1289 3494 ,
1332 3425 1453 3497 29):
1502 3438 1570 3478 ne
1618 3420 1737 3490 quis
1767 3417 1900 3472 forte
1952 3417 2003 3470 in

432 3540 593 3594 domo
615 3534 733 3604 ejus
755 3573 769 3596 ,
816 3528 871 3583 id
899 3533 1016 3585 est.
1063 3523 1118 3577 in
1151 3515 1388 3604 Ecclesia
1410 3558 1422 3579 ,
1474 3514 1521 3604 si
1563 3509 1687 3581 quid
1738 3508 2007 3604 sapienter

429 3590 664 3692 pomerii
679 3590 767 3670 vel
792 3610 993 3668 sentire
1016 3607 1101 3662 vel
1121 3603 1301 3660 dicere
1319 3641 1335 3666 ,
1376 3598 1525 3669 quasi
1563 3610 1657 3651 sua
1684 3592 1896 3663 propria
1923 3590 2005 3645 vi-

429 3682 546 3771 deri
571 3711 753 3765 volens
779 3702 1089 3763 extollatur;
1124 3694 1301 3751 videte
1334 3698 1528 3762 quanta
1556 3685 1815 3743 medicina
1845 3683 1894 3739 ei
1922 3682 2000 3738 die

430 3807 568 3862 citur
593 3816 621 3855 a
652 3797 880 3855 Domino
911 3793 1019 3846 Deo
1038 3831 1053 3857 ,
1084 3786 1256 3842 leum
1296 3791 1367 3837 est
1395 3795 1606 3844 aurum,
1636 3785 1682 3831 et
1724 3790 1888 3829 meum
1934 3779 2008 3826 est

431 3899 712 3965 argentum.
767 3885 857 3941 Sic
884 3880 1028 3937 enim
1070 3876 1163 3931 ﬁet
1208 3871 1352 3943 quod
1376 3868 1679 3939 sequitur',
1726 3872 1786 3919 ut
1824 3876 2008 3933 ntagua

429 3955 514 4042 sit
545 3981 708 4057 gloria
736 3977 914 4033 domus
957 3971 1102 4026 istius
1148 3964 1431 4022 nouissima:
1469 3960 1584 4032 plus
1622 3973 1773 4027 quam
1811 3955 2005 4024 primm.

434 4043 607 4133 Prima
635 4071 777 4127 enim
803 4067 995 4122 domus
1012 4103 1027 4129 ,
1049 4057 1102 4115 id
1122 4065 1205 4113 est
1222 4095 1238 4123 ,
1263 4054 1408 4110 cives
1429 4061 1651 4106 terrena:
1674 4043 1966 4102 Jerusalem
1991 4084 2005 4109 ,

434 4174 572 4226 sicut
598 4162 884 4237 Apostolus
902 4156 1052 4220 dicit,
1073 4153 1361 4223 ignorantes
1387 4144 1479 4198 Dei
1493 4141 1741 4214 justitiam
1757 4180 1773 4205 ,
1799 4146 1845 4191 et
1865 4151 2009 4189 suam

434 4229 678 4323 iustitiam
703 4256 979 4324 mentes
1019 4241 1352 4303 constituere,
1379 4233 1595 4306 iustitia
1627 4229 1722 4284 Dei
1766 4244 1865 4282 non
1893 4233 2011 4280 sunt

432 4349 640 4419 subjecti
671 4322 845 4415 (Rom.
874 4354 931 4403 ι,
958 4335 1039 4404 5).
1058 4330 1244 4387 Videte
1258 4328 1304 4384 si
1329 4340 1434 4380 non
1459 4324 1544 4379 isti
1565 4322 1691 4376 dum
1710 4334 1864 4374 suum
1891 4331 2011 4372 esse

437 4410 621 4497 dic'unt
643 4410 830 4491 aurum
855 4438 910 4485 et
936 4431 1208 4495 argentum
1228 4460 1245 4486 ,
1294 4432 1401 4472 non
1445 4422 1729 4485 potuerunt
1754 4410 1820 4466 ad
1848 4419 1979 4464 aiter

437 4547 558 4586 nam
608 4528 826 4598 gloriam
875 4518 1065 4574 domm:
1115 4509 1416 4566 novissime
1464 4504 1762 4576 pervenire.
1811 4502 2009 4556 Tamen

433 4640 554 4680 cum
601 4595 731 4676 dicit
769 4612 1068 4683 Propheta,
1113 4604 1307 4675 Magna
1331 4600 1426 4655 erit
1462 4598 1623 4670 gloria
1667 4598 1843 4650 damus
1868 4595 2013 4650 istius

434 4715 717 4772 novissima:
746 4706 861 4779 plus
889 4717 1038 4775 quam
1067 4696 1246 4771 prima!
1267 4736 1283 4762 ,
1325 4707 1423 4748 nec
1449 4692 1617 4761 ipsam
1648 4689 1869 4757 primam
1900 4687 2013 4740 sine

435 4811 608 4875 aliqua
627 4802 793 4877 gloria
832 4797 994 4853 luisse
1011 4793 1365 4849 demonstrat.
1396 4783 1526 4839 Nam
1549 4782 1614 4836 de
1643 4780 1731 4835 illa
1761 4779 2013 4848 loqueba-

436 4870 705 4959 tttr'etia'm
732 4886 1015 4963 Apostolus
1037 4925 1052 4951 ,
1079 4896 1198 4938 cum
1222 4878 1424 4934 diceret
1453 4892 1468 4930 :
1502 4873 1563 4930 Si
1588 4872 1719 4928 enim
1738 4870 1872 4940 quod
1896 4885 2014 4923 ευρ..

434 5002 636 5056 cuntur,
660 5001 748 5059 per
766 4962 978 5053 gloriam
1005 4983 1077 5030 est
1096 5015 1111 5040 ,
1142 4971 1303 5027 multo
1320 4967 1478 5038 magis
1530 4963 1668 5036 quod
1718 4971 1906 5029 manet,
1962 4962 2014 5014 in

434 5084 596 5163 gloria
623 5079 718 5135 erit
748 5071 813 5147 (ll
837 5070 958 5129 Car.
985 5080 1066 5163 tu,
1096 5064 1210 5163 ιι).

504 5167 732 5229 οΑιιυΤ
757 5143 857 5220 ‘IX.
885 5190 958 5203 -
979 5158 1065 5215 12.
1093 5154 1212 5211 Paa:
1257 5151 1502 5224 promissa
1541 5155 1651 5219 post
1687 5143 2011 5199 resurrectio-

437 5280 573 5323 nem.
635 5260 837 5315 Versus
889 5261 1065 5306 autem
1111 5245 1330 5300 ultimus
1354 5280 1370 5307 ,
1415 5252 1522 5310 quo
1588 5237 1686 5291 iste
1736 5232 2016 5302 Pmpbeue

387 5407 396 5415 .
438 5369 615 5414 sermo
639 5342 1007 5408 concluditur,
1041 5335 1106 5390 Et
1130 5339 1185 5388 tu
1228 5333 1336 5385 loco
1362 5332 1493 5394 ista,
1524 5326 1725 5396 inquit,
1754 5323 1882 5377 dabo
1921 5339 2014 5393 pa-

502 5484 676 5543 ιεαίας
704 5487 794 5528 ρετ
827 5452 1799 5543 maereamus:
1821 5453 2015 5509 οεηίεεον

439 5559 484 5602 et
505 5517 721 5605 aura;
740 5517 957 5605 ξιιοῖῐᾶ
971 5517 1837 5605 Μιὲξιεὶὲιὲλτθὲἓὲῗξὶυὲῗληη
1867 5572 1999 5605 ...δικ

505 5572 633 5605 sum,
655 5572 721 5601 us
742 5572 873 5603 ιιι-νυ·
889 5572 953 5583 ντ-
977 5572 1157 5579 *νή-⁷
1175 5586 1185 5596 .
1215 5584 1225 5594 .
1522 5575 1533 5586 -
1989 5573 1999 5583 -

504 5615 523 5642 ι
545 5611 617 5659 sic
636 5596 1075 5659 (:crmanensisﬁis-
1109 5588 1229 5659 lim“
1252 5572 2019 5659 .aliic‘i'3-‘3‘§€’€ﬂ'fqnf§_?ﬁqf

442 5636 617 5721 cincta;
1107 5658 1262 5721 Meum
1283 5651 1368 5705 est,
1398 5636 1493 5692 etc.
1519 5640 1591 5689 sic
1618 5636 1745 5689 enim
1778 5647 2019 5699 consequt-

445 5713 548 5781 Fit}?
572 5713 629 5778 ἷι
642 5713 825 5785 magna
841 5718 901 5769 sit
916 5713 1090 5780 gloria,
1121 5719 1216 5760 etc.

2106 1592 2381 1661 Propheta:
2419 1590 2632 1654 dicant,
2683 1588 2803 1657 quis
2849 1586 3104 1640 adversus
3149 1584 3356 1640 divinas
3383 1598 3543 1638 voces
3572 1592 3671 1638 tam

2104 1683 2299 1738 surdus
2337 1689 2449 1746 est,
2481 1689 2540 1734 ut
2568 1676 2805 1749 ignoret?
2852 1676 2942 1730 Sic
2966 1674 3107 1730 enim
3140 1674 3213 1728 illi
3249 1673 3315 1727 ad
3339 1673 3673 1742 decipiendos

2104 1773 2347 1829 homines
2370 1770 2438 1826 de
2466 1767 2722 1839 Apostolo
2760 1764 3035 1838 proferunt
3060 1763 3200 1834 quod
3248 1764 3347 1826 ait,
3395 1764 3568 1817 Radix
3611 1772 3676 1816 cst

2102 1874 2269 1918 autem
2296 1861 2519 1916 omnium
2541 1859 2789 1913 malorum
2816 1856 3056 1913 avaritia:
3084 1870 3234 1924 quam
3261 1853 3463 1924 quidam
3488 1862 3676 1907 sectan-

2102 1961 2204 2017 tes,
2251 1969 2285 2005 a
2313 1950 2412 2020 ﬁde
2454 1955 2859 2019 pererrant-unt,
2909 1954 2956 1999 et
2996 1945 3307 1998 inseruerunt
3334 1960 3387 1999 se
3428 1942 3677 1997 doloribus

2106 2043 2273 2098 multis
2303 2041 2346 2114 (l
2375 2040 2505 2095 Tim.
2536 2056 2611 2106 vt,
2646 2038 2756 2107 10),
2788 2036 2938 2107 quasi
2987 2036 3138 2091 facile
3169 2035 3406 2089 invenias
3449 2035 3674 2104 aliquem

2106 2136 2299 2189 librum
2328 2141 2564 2187 veterum
2592 2129 2982 2198 Scripturarum
3004 2167 3019 2192 ,
3047 2125 3134 2180 ubi
3164 2140 3269 2179 non
3290 2125 3537 2194 culpetur
3562 2139 3681 2177 ava-

2106 2226 2260 2291 ritia,
2289 2235 2343 2280 et
2383 2224 2539 2294 digna
2582 2220 2948 2277 exsecratione
2975 2217 3274 2274 demetur.
3318 2216 3423 2272 Sed
3464 2216 3591 2285 quia
3619 2216 3681 2270 de

2105 2330 2236 2370 auro
2260 2323 2315 2369 et
2337 2321 2556 2383 argento
2595 2325 2736 2366 nunc
2776 2308 3002 2380 quaestio
3029 2317 3113 2362 est
3129 2347 3161 2377 ,ι
3192 2322 3288 2362 cur
3315 2320 3418 2360 non
3463 2306 3683 2360 audiunt

2106 2406 2417 2478 prophetam
2437 2404 2700 2460 dicentem
2718 2445 2734 2469 ,
2763 2402 2868 2458 Sed
2882 2411 2928 2455 et
2951 2407 3213 2472 argentum
3238 2415 3411 2452 eorum
3433 2408 3478 2451 et
3504 2415 3682 2451 aurum

2107 2515 2279 2552 eorum
2305 2515 2402 2551 non
2423 2497 2603 2566 poterit
2624 2493 2834 2548 liberare
2846 2508 2930 2547 eos
2954 2492 3007 2545 in
3032 2491 3114 2544 die
3137 2492 3227 2544 ira
3244 2489 3445 2543 Domini
3467 2488 3678 2559 (Ezech.

2111 2605 2201 2649 vn,
2229 2587 2345 2656 l9)?
2361 2586 2473 2664 {loc
2492 2586 2660 2639 solum
2683 2583 2727 2637 si
2751 2582 3028 2652 quisquam
3058 2580 3245 2636 sitiens
3269 2578 3466 2638 audiat.
3498 2588 3557 2633 et
3576 2580 3683 2631 ani-

2108 2693 2208 2733 ma:
2232 2692 2342 2733 suae
2367 2674 2615 2731 medullis
2638 2671 2882 2727 infundat
2900 2713 2915 2737 ,
2945 2685 3120 2725 nonne
3144 2684 3201 2724 se
3228 2679 3392 2723 totum
3422 2685 3451 2721 a
3481 2668 3684 2722 blandi-

2106 2768 2298 2823 mentis
2338 2767 2478 2820 falsm
2507 2763 2770 2820 felicitatis
2800 2762 3069 2825 alienans,
3121 2760 3171 2813 in
3217 2759 3519 2828 amplexum
3553 2758 3682 2820 Dei,

2104 2867 2286 2913 vetere
2312 2855 2525 2910 homine
2553 2863 2744 2909 exutus
2768 2862 2824 2907 ut
2872 2867 2931 2907 se
2958 2850 3351 2905 immortalitate
3374 2849 3685 2917 cooperiat,

2106 2947 2422 3005 advocabit?
2466 2945 2569 3001 Sed
2598 2945 2723 3015 quid
2765 2944 2874 3013 jam
2918 2943 3116 2997 diutius
3144 2941 3210 2996 de
3240 2940 3338 2995 hac
3394 2940 3686 3008 quaestione

2108 3037 2432 3095 tractemus?
2461 3034 2632 3091 Credo
2660 3047 2779 3088 esse
2802 3030 3137 3086 manifestum
3177 3028 3430 3083 Cltaritati
3461 3035 3683 3090 vestrae,

2106 3131 2512 3186 Manicltatorum
2540 3134 2740 3182 sectam
2765 3139 2877 3179 non
2914 3122 3153 3186 veritate,
3180 3120 3273 3175 sed
3304 3119 3486 3175 fraude
3505 3133 3682 3190 agere.

2107 3238 2228 3278 cum
2255 3219 2515 3290 imperitis
2536 3259 2554 3281 ,
2593 3227 2648 3272 ut
2678 3216 2978 3284 Scripturas
3004 3228 3110 3268 non
3141 3221 3245 3266 tota
3264 3211 3424 3267 ‘itotis
3448 3211 3489 3275 ¹,
3526 3225 3686 3264 novas

2110 3311 2374 3368 veteribus
2400 3308 2716 3378 prteferant;
2746 3305 2839 3381 sed
2867 3302 3156 3359 sententias
3171 3298 3524 3371 excerpendo,
3559 3312 3689 3369 quas

2108 3402 2254 3458 velut
2282 3401 2534 3456 adversas
2555 3397 2657 3452 sibi
2685 3410 2806 3451 esse
2833 3403 3091 3449 conantur
3113 3390 3395 3446 ostendere
3415 3431 3429 3454 ,
3457 3398 3515 3442 ut
3546 3388 3688 3443 deci-

2110 3496 2256 3565 piant
2285 3492 2578 3563 impcritos.
2601 3485 2752 3543 Nulla
2775 3495 2858 3542 est
2888 3494 3064 3541 autem
3088 3484 3158 3539 de
3187 3484 3300 3554 ipso
3328 3480 3474 3536 Novo
3502 3481 3687 3536 Testa-

2110 3593 2291 3641 mento
2314 3582 2397 3638 vel
2426 3579 2665 3650 Apostoli
2708 3577 2946 3648 Epistula
2970 3616 2985 3642 ,
3014 3575 3102 3630 vel
3144 3574 3303 3630 etiam
3348 3573 3480 3630 liber
3518 3572 3688 3626 Evan-

2110 3676 2266 3746 gelii,
2309 3672 2376 3728 de
2415 3686 2521 3742 quo
2564 3684 2678 3744 _non
2711 3667 2914 3736 possint
2952 3665 3052 3720 ista
3080 3663 3223 3730 ﬁeri;
3274 3671 3331 3717 ut
3373 3661 3687 3732 quibusdam

2111 3764 2387 3822 sententiis
2429 3763 2542 3832 ipse
2572 3773 2706 3814 unus
2736 3758 2869 3812 liber
2896 3756 2996 3810 sibi
3039 3755 3281 3809 videatur
3325 3768 3444 3808 esse
3470 3762 3690 3807 contra-

2114 3859 2256 3922 rius,
2285 3858 2385 3911 nisi
2430 3856 2546 3925 ejus
2571 3864 2682 3908 tota
2728 3849 2999 3927 contextio
3022 3845 3423 3919 diligentissima
3472 3844 3691 3900 lectoris

2114 3947 2402 4004 intentione
2429 3952 2700 4000 tractetur.

2615 4074 2843 4133 senae
2879 4074 2941 4128 LI
2972 4076 2989 4096 ·
3025 4070 3123 4144 (a).

2186 4193 2266 4250 De
2293 4191 2559 4247 concordia
2591 4187 3024 4257 Evangelistarum
3055 4182 3283 4237 Matthtci
3309 4190 3357 4235 et
3384 4179 3543 4233 Luca:
3572 4179 3625 4232 in

2499 4278 2927 4352 generationibus
2970 4275 3174 4329 Domini
3209 4273 3302 4344 (b).

2189 4395 2409 4452 CAPUT
2449 4388 2730 4448 PRIMUM.
2755 4418 2826 4428 —
2862 4387 2910 4441 Ι.
2940 4383 3228 4439 Tractanda
3266 4382 3475 4451 quaestio
3512 4393 3699 4449 prapo-

2118 4491 2214 4543 sita
2239 4489 2292 4543 in
2318 4484 2572 4540 dicrtatali
2618 4480 2817 4535 Christi.
2875 4476 3290 4548 Spectaculorum
3334 4473 3458 4527 dies.
3492 4471 3701 4539 Exspeo

2118 4579 2400 4634 elationem
2429 4573 2709 4629 Cbaritatis
2737 4578 2923 4624 vestrm.
2953 4568 3041 4622 il!e
3072 4567 3318 4635 impleat,
3351 4564 3439 4634 qui
3491 4561 3700 4617 excita-

2121 4671 2213 4724 vit.
2239 4668 2350 4721 Etsi
2393 4666 2533 4720 enim
2580 4678 2697 4732 qua!
2725 4659 2948 4714 dicenda
2978 4665 3096 4710 sunt
3122 4655 3270 4709 vobis
3293 4696 3310 4718 ,
3342 4668 3446 4707 non
3475 4660 3661 4705 nostra

2121 4759 2215 4822 sed
2247 4757 2336 4811 Dei
2368 4771 2485 4810 esse
2531 4750 2939 4823 prtesumimus;
2972 4759 3146 4800 tamen
3192 4745 3359 4798 multo
3402 4743 3570 4812 magis
3603 4755 3703 4794 nos

2121 4850 2346 4905 dicimus
2366 4889 2381 4914 ,
2409 4844 2549 4915 quod
2584 4840 2854 4895 humiliter
2879 4837 3007 4892 dicit
3034 4834 3316 4904 Apostolus
3340 4834 3363 4865 ⁸
3393 4850 3407 4886 :
3441 4831 3705 4884 Habemus

2121 4942 2410 4995 thesaurum
2440 4937 2588 4988 istum
2613 4934 2665 4986 in
2680 4932 2810 4985 vasis
2837 4929 3075 4998 ﬁctilibus
3094 4969 3109 4993 ,
3137 4936 3192 4979 ut
3216 4925 3482 4978 eminentia
3508 4924 3709 4976 uirtutis

2127 5024 2216 5085 Dei
2236 5032 2333 5096 sit,
2365 5036 2409 5082 et
2435 5042 2532 5080 non
2564 5014 2625 5079 ex
2652 5021 2793 5076 nobis
2818 5018 2884 5089 (11
2904 5020 3020 5073 Cor.
3050 5035 3120 5081 tv,
3150 5018 3226 5086 7).
3258 5016 3369 5071 Non
3397 5015 3709 5068 dubitamus

2123 5127 2296 5194 itaque
2323 5118 2629 5177 meminiSse
2657 5130 2753 5169 vos
2802 5110 3192 5183 pollicitationis
3234 5117 3447 5162 nostrae.
3498 5104 3553 5159 in
3589 5106 3710 5173 ipso

2188 5282 2204 5310 ι
2229 5279 2301 5326 sic
2320 5270 2662 5324 Germanensis
2700 5274 2782 5315 Ms.
2813 5272 2869 5314 At
2901 5262 3039 5323 ediit,
3064 5268 3113 5312 ut
3136 5264 3409 5323 scripturas
3446 5263 3567 5307 totas
3609 5267 3711 5305 non

2425 5430 2496 5477 v.,
2519 5426 2603 5463 nos
2622 5409 2830 5463 dicimus
2851 5404 3096 5457 humiliter
3118 5403 3244 5467 quod
3264 5398 3380 5453 dicit
3408 5396 3672 5463 apostolus.

2186 5507 2203 5522 ⁴
2231 5510 2280 5552 ιιι
2313 5508 2418 5550 Mss.
2443 5512 2485 5546 r.
2512 5510 2558 5545 ν.
2585 5501 2636 5542 et
2658 5495 2706 5540 in
2739 5488 2952 5540 editione
2973 5494 3083 5536 Iov.
3109 5485 3389 5547 recognitus
3424 5487 3514 5529 est.

2210 5566 2262 5617 al
2297 5561 2435 5617 Alias,
2457 5559 2522 5607 de
2539 5554 2751 5606 Diversis
2765 5552 2841 5617 6⁸5ἶ

2210 5580 2238 5613 a
2297 5566 2435 5617 Alias,
2457 5566 2522 5607 de
2539 5566 2751 5606 Diversns
2765 5566 2841 5599 oo.

2188 5566 2262 5688 ib;
2291 5623 2525 5688 Possidius
2561 5622 2609 5688 in
2643 5617 2802 5676 catulo
2833 5612 2864 5661 8
2889 5606 3413 5688 Itatlicttl-iﬂrecuqrxlatur
3449 5601 3719 5660 seruitutis,

2114 5710 2158 5737 .t
2181 5671 2259 5740 De,
2280 5671 2985 5736 CesteraIi-inibtta‘secundum
3009 5671 3290 5720 ttatzbreum.
3313 5688 3332 5711 ν
