1994 3095
142 132 196 159 533

143 186 313 221 promisimus
323 206 330 215 ,
349 191 395 219 per
417 188 498 218 qucm
511 189 581 210 nunc
596 181 739 209 addimus.
755 180 818 207 Nam
833 184 859 207 et
873 187 933 206 cum

143 234 367 269 promitti-tentus,
383 231 416 257 ab
425 231 482 264 ipso
493 229 646 264 petebamus
656 237 662 254 :
674 231 701 255 et
714 234 773 254 cum
790 225 933 255 reddimus,

142 280 176 305 ab
187 279 244 312 ipso
253 277 406 310 accipimus.
424 274 543 302 Meminit
552 278 638 300 autem
653 272 773 300 Charitas
787 276 874 298 vestra
888 277 936 297 nos

142 322 273 351 matutina
286 321 386 348 Natalis
410 319 513 347 Domini
536 318 671 345 distulisse
685 325 764 352 quam
780 315 936 344 Solvendam

146 367 331 404 proposuimus
360 366 552 400 qumstiuuem;
586 364 645 398 quia
673 362 746 390 multi
780 361 935 391 nohi~cum,

145 414 226 440 etiam
241 413 337 446 quibus
352 411 419 437 solet
429 417 488 436 esse
503 417 632 435 onerosus
645 416 732 434 sermo
744 407 800 439 Dei,
813 405 939 432 solemni~

146 457 307 485 tatemillam
323 456 373 482 dici
388 455 503 481 debitam
516 453 693 480 celebrabant.
710 452 782 478 Nunc
797 459 858 477 vero
875 455 938 483 puto

147 503 279 529 neminem
296 500 466 530 convenisse,
492 499 541 524 nisi
556 498 599 531 qui
614 497 704 524 attdire
718 496 859 523 desiderat.
883 494 938 520 Non

147 549 235 581 itaque
250 546 383 579 loquimur
398 544 522 571 cordibus
537 543 623 570 surdis
635 563 641 574 ,
668 550 719 568 non
749 540 940 567 fastidientibus

147 593 253 620 animis.
271 591 334 618 [ch
353 595 440 616 autem
457 594 545 615 vestra
561 587 720 622 chpt‘clatiu
731 608 737 617 ,
754 594 800 620 pro
816 594 856 612 me
880 593 940 611 ora-

149 639 248 664 tioesl.
262 636 381 662 Accessit
405 634 519 668 aliquid;
536 633 595 666 quia
610 637 635 658 ct
646 632 702 658 dies
717 631 831 658 Muneris
847 630 941 656 multos

149 684 210 709 hinc
226 681 378 712 ventilavit,
404 688 451 713 pro
467 687 579 713 quorum
595 678 700 712 quidem
717 678 800 703 salute
816 681 941 710 quatuum

149 728 311 762 satagimus,
329 731 431 752 tantum
454 724 548 751 fratres
564 729 591 749 ut
606 723 729 757 satagatis
746 723 899 753 hortamur;
916 726 944 748 ct

150 781 197 808 pro
212 774 253 799 his
266 773 311 806 qui
327 771 441 798 nondum
456 770 547 797 intcnli
561 773 622 795 sunt
640 767 796 802 spectaculis
808 766 924 792 veritatis
935 787 941 798 ,

149 819 195 846 sed
208 818 293 845 dediti
308 822 368 844 sunt
384 816 541 850 spectaculis
552 815 639 840 rarnis
651 835 657 845 ,
683 814 781 839 intenta
793 817 880 839 nit-nte
895 813 943 839 de—

150 863 297 897 preccmiui
313 863 404 890 Ueutn.
422 860 489 887 Novi
505 860 586 888 cuitu,
603 864 628 885 cl
642 863 713 884 certe
728 858 783 883 scio
796 864 854 884 esse
867 857 944 883 modo

151 910 176 935 in
192 915 307 935 numero
321 911 410 933 vestro
424 914 470 934 eos
492 905 534 938 qui
559 904 636 930 hodie
651 908 865 936 (-mttempscrunt
879 911 884 928 :
899 902 944 928 sed

151 958 279 988 rumpunt
301 960 332 980 ea
351 959 409 986 qua:
424 950 616 978 consuerunt‘.
629 949 761 975 Mutantur
773 948 842 974 enim
858 947 944 973 homi-

151 1006 217 1032 ncs,
233 1003 262 1025 et
276 999 302 1024 in
317 997 412 1024 melius
421 1000 448 1023 et
462 996 486 1022 in
501 995 626 1021 deterius.
642 992 807 1025 Quotidianis
822 992 945 1026 hnjusre-

151 1043 222 1070 tuadi
238 1042 430 1078 experimentis
443 1040 557 1066 νὶειςκὶιιι
581 1044 607 1065 et
621 1038 740 1064 ltetamur
754 1042 779 1063 ct
801 1036 944 1063 contrista-

153 1096 227 1120 mur;
252 1088 374 1114 larlatnnr
397 1085 540 1115 correctis,
573 1083 761 1110 contristamur
783 1081 945 1115 depravatis.

153 1134 269 1168 Ideoque
283 1132 409 1159 Dominus
425 1138 477 1157 non
503 1130 539 1155 ait
561 1129 661 1155 salvum
684 1128 799 1153 futurum
825 1134 885 1153 esse
902 1127 946 1160 qui

151 1179 282 1214 cu‘pcn't;
298 1177 360 1210 scd,
378 1177 426 1209 Qui
439 1175 647 1210 perset‘crurerit,
665 1172 764 1206 inquit,
786 1179 861 1205 usque
873 1172 898 1196 in
913 1172 945 1204 ﬁ-

152 1234 226 1258 nem,
243 1225 285 1250 hic
297 1224 379 1250 saluus
392 1223 438 1248 erit
452 1221 555 1257 (Matt/4.
574 1228 601 1251 x,
618 1219 674 1253 22).

199 1271 226 1297 2.
254 1270 406 1304 Spectacula
438 1267 645 1294 Christianorum.
679 1265 822 1297 Martyrum
844 1267 947 1288 mortem

151 1318 228 1343 aliter
241 1319 354 1350 spectant
373 1314 505 1345 carnales,
537 1313 610 1338 aliter
633 1309 786 1345 spirituates.
810 1308 878 1342 Quid
899 1315 946 1334 au~

153 1367 205 1388 tem
224 1360 310 1395 potuit
323 1358 502 1386 admirabilius
517 1357 592 1383 nobis
604 1355 751 1381 concedere
768 1354 895 1380 Dominus
905 1352 945 1379 Je-

153 1415 199 1433 sus
211 1406 336 1433 Christus
361 1404 445 1430 Filius
472 1403 533 1433 Dei,
550 1402 593 1436 qui
616 1407 657 1428 est
680 1406 705 1427 ct
732 1400 801 1426 ﬁlius
815 1398 944 1430 hominis,

152 1453 215 1487 quia
238 1455 266 1477 et
287 1450 338 1477 ltoc
356 1457 415 1477 esse
428 1449 549 1483 dignatus
567 1452 625 1479 est;
645 1446 706 1481 quid
722 1445 805 1479 potuit
829 1444 947 1478 magniﬁ-

153 1497 275 1527 centius,
295 1503 374 1530 quam
396 1499 426 1520 ut
447 1502 497 1520 non
513 1493 597 1519 solum
625 1496 787 1525 spectatores
809 1489 946 1523 nugaciutn

154 1549 298 1569 munerqu
314 1544 468 1575 aggregaret
480 1538 541 1565 ovili
565 1544 628 1569 suo,
643 1536 688 1563 sed
704 1536 783 1562 etiam
807 1534 947 1560 nonnullos

153 1587 200 1622 qui
230 1585 285 1612 illic
299 1585 412 1619 spectari
431 1583 535 1610 solent?
553 1581 609 1608 Non
630 1581 700 1607 cuitu
717 1584 816 1606 tantum
844 1582 944 1605 amato-

155 1639 200 1659 res
217 1634 393 1660 venatorum,
417 1628 464 1654 sed
482 1627 561 1654 etiam
582 1626 652 1660 ipsos
675 1629 814 1652 venatores
838 1629 948 1650 venatus

155 1682 198 1704 est
210 1676 245 1703 ad
257 1676 371 1703 salutem
384 1683 390 1700 :
403 1674 464 1708 quia
483 1677 510 1700 et
523 1673 578 1706 ipse
591 1674 724 1705 speetatus
738 1674 787 1696 est.
801 1668 867 1695 Audi
883 1676 949 1703 quo-

155 1723 249 1750 modo.
265 1722 324 1756 Ipse
337 1720 419 1751 dixit,
436 1720 492 1754 ipse
514 1722 654 1751 antequam
675 1720 838 1749 spectaretur
854 1714 948 1748 pnedi-

157 1768 211 1800 xit,
227 1772 254 1794 et
268 1771 392 1800 tauquam
407 1764 504 1791 factum
516 1766 587 1789 esset
602 1761 670 1796 quod
684 1760 801 1787 futurum
815 1764 872 1785 erat
886 1766 947 1793 pro-

155 1813 266 1847 phetico
289 1811 396 1846 eloquio
421 1808 621 1844 prmnuutiavil,
649 1806 739 1833 dicens
766 1806 790 1831 in
813 1804 916 1831 Psalmo
940 1813 946 1830 :

158 1858 292 1885 Fuderunt
304 1864 393 1883 manu
406 1863 474 1882 meas
495 1859 517 1880 et
533 1853 605 1888 pedes
628 1860 711 1884 meos,
732 1851 948 1877 dinuntcraverunt

156 1903 245 1930 omnia
258 1910 314 1928 ossa
328 1909 392 1927 utea.
406 1901 472 1927 Ecce
487 1897 619 1934 quomodo
632 1900 765 1930 spectatus
778 1899 817 1922 cst
826 1915 834 1927 ,
846 1899 874 1920 ιιι
888 1901 948 1920 ossa

156 1950 220 1984 ejus
235 1949 474 1975 diuumerareutur.
489 1946 519 1972 lit
534 1944 597 1971 dicit
609 1942 726 1977 apertius
746 1941 832 1975 ipsum
845 1944 949 1974 specta-

156 1995 249 2022 culum
279 2002 285 2019 :
305 1992 359 2028 Ipsi
376 2000 432 2018 vero
453 1990 671 2016 rousideraverunt
692 1990 715 2013 et
738 1987 897 2020 inspexerunt
911 1993 950 2011 me

156 2040 246 2076 (Psal.
258 2047 316 2076 an,
334 2037 458 2071 l7et18.)
472 2035 645 2070 Spectaltatur
667 2032 828 2063 illudendus,
844 2035 947 2064 specta-

157 2086 239 2112 batur
250 2083 284 2110 ab
298 2083 338 2110 eis
358 2082 404 2117 qui
418 2090 469 2108 non
485 2081 508 2107 ci
521 2079 613 2106 saltem
635 2078 754 2105 faverent
779 2077 803 2103 in
818 2076 862 2103 illo
886 2082 948 2109 spe-

156 2129 264 2157 ctaculo
275 2148 282 2158 ,
305 2127 351 2154 sed
367 2126 491 2153 smvirent
509 2133 515 2150 :
528 2123 661 2158 quomodo
674 2121 787 2157 spectari
803 2120 864 2147 fecit
878 2127 948 2146 tuar-

157 2181 233 2210 Iyrcs
251 2181 314 2201 suos
328 2173 462 2207 primitus,
483 2171 585 2197 dicente
607 2168 748 2202 Apostolo,
771 2166 948 2201 Spectacula"!

155 2220 221 2255 [acti
234 2227 320 2246 sanius
343 2217 455 2249 mundo,
480 2222 502 2242 et
517 2214 617 2249 Angelis
645 2219 667 2239 et
691 2211 831 2238 hominibus
853 2211 872 2245 (Ι
889 2210 946 2236 Cor.

156 2272 205 2296 tv,
227 2263 265 2298 9).
288 2261 342 2290 Sed
359 2261 413 2288 duo
433 2267 528 2295 genera
553 2258 688 2284 hominum
711 2257 769 2283 talia
798 2255 945 2289 spectacula

156 2313 299 2344 spectant;
327 2313 407 2333 unum
435 2304 595 2335 carnalium,
623 2302 735 2328 alterum
763 2300 947 2334 spiritualium.

155 2353 287 2382 Carnalcs
310 2355 447 2386 spectant,
464 2350 576 2377 miseros
597 2351 717 2382 putantes
731 2353 777 2372 eos
799 2349 928 2379 martyres
940 2364 947 2376 ,

156 2400 204 2434 qui
219 2398 310 2426 bestiis
322 2395 434 2431 subjecti
452 2399 527 2427 sunt,
541 2394 584 2428 qui
600 2392 686 2427 capite
698 2391 774 2422 cat-si,
789 2390 833 2424 qui
847 2389 948 2424 ignibus

157 2443 339 2475 concremati,
353 2441 514 2468 detestantes
528 2445 575 2466 eos
589 2442 614 2465 ct
637 2436 819 2464 cxhorrentes.
837 2434 885 2461 Alii
902 2441 947 2459 vc-

158 2498 190 2517 ro
205 2489 275 2516 sicut
289 2492 318 2516 et
340 2486 423 2514 Sancti
439 2484 532 2519 Angcli
557 2487 693 2517 Spectant,
710 2489 762 2507 non
784 2479 948 2506 attendentes

155 2541 302 2570 corporum
323 2532 452 2563 laniatus,
471 2530 517 2558 sed
535 2530 660 2556 mirantes
676 2527 735 2554 lidei
758 2525 945 2559 integritatem.

156 2581 282 2616 Magnum
304 2577 484 2613 spectaculum
508 2575 606 2610 pra-bet
629 2573 712 2600 oculis
734 2571 822 2598 cordis
848 2571 949 2603 integer

156 2627 282 2658 animus,
304 2631 415 2658 corpore
430 2622 567 2656 dissipato.
584 2620 645 2647 ll;ec
659 2626 704 2645 vos
717 2625 777 2644 cum
795 2617 819 2643 in
835 2616 947 2644 ecclesia

157 2672 298 2706 leguntur,
313 2669 426 2696 libenter
437 2667 560 2702 spectatis
571 2665 654 2692 oculis
666 2664 762 2692 contis.
779 2663 805 2690 Si
821 2663 891 2689 enim
909 2662 948 2687 ni-

157 2717 198 2744 hil
220 2714 394 2751 spectaretis,
419 2713 483 2740 nilnil
509 2711 646 2738 audiretis.
675 2710 773 2736 Videtis
795 2716 857 2742 ergo
880 2707 948 2742 quod

159 2762 240 2790 hodie
263 2759 413 2796 spectacula
436 2756 490 2785 non
512 2756 724 2792 contempsistis,
753 2754 799 2782 sed
821 2753 948 2788 elegistis.

191 2821 202 2834 ε
214 2818 300 2848 Regius
309 2819 361 2846 ιιι,
374 2816 551 2840 consueverunt.

875 123 989 151 εειιιιο
1010 122 1054 150 ιι.

988 178 1063 206 Adsit
1078 179 1165 213 itaque
1184 179 1267 210 Deus,
1288 179 1354 206 dans
1368 185 1397 207 ut
1414 182 1506 208 amicis
1519 183 1613 209 vesti-lt
1626 191 1692 217 quos
1701 184 1774 212 dolo-

988 225 1022 251 tis
1036 224 1114 252 hodie
1132 224 1165 251 ad
1180 224 1402 259 amphitheatrum
1415 228 1581 260 cucurrisse,
1602 233 1628 254 ct
1642 228 1675 255 ad
1687 230 1776 257 eccle-

989 271 1056 298 siam
1068 270 1158 298 venire
1167 271 1299 304 noluisse,
1314 270 1434 299 referatis
1448 271 1561 299 dulciter
1573 277 1659 300 vestra
1673 280 1778 307 specta.-

989 317 1048 343 cula
1065 325 1072 343 :
1089 321 1117 343 ut
1129 320 1156 343 ct
1167 317 1217 343 illia
1229 317 1355 350 incipiant
1370 317 1499 345 vilescere
1515 318 1576 350 illa,
1591 327 1649 353 qua:
1663 321 1777 350 amando

991 362 1041 397 ipsi
1060 363 1208 394 vilneruut;
1231 368 1256 389 ct
1280 367 1369 389 ament
1394 363 1529 390 vobiscum
1556 364 1654 397 Deum,
1670 365 1704 392 de
1726 373 1779 400 quo

992 415 1070 434 nemo
1095 412 1179 442 potest
1203 413 1305 434 amator
1330 408 1505 441 erubescere,
1530 409 1591 443 quia
1616 410 1690 437 illum
1708 416 1780 439 amat

991 452 1035 486 qui
1062 460 1113 479 non
1141 457 1226 486 potc~t
1256 453 1333 479 \lllCl.
1358 454 1454 480 Ament
1472 454 1606 482 vobiscum
1628 454 1779 488 Christum,

991 497 1036 531 qui
1066 505 1099 524 eo
1132 497 1189 531 ipso
1221 504 1273 532 quo
1302 497 1439 524 videbatur
1461 499 1561 529 vietus,
1594 498 1656 526 vicit
1688 500 1780 527 orbem

994 547 1134 569 terrarum.
1150 542 1217 569 \‘icit
1228 543 1297 569 enim
1311 543 1402 570 orbem
1418 547 1546 570 terrarum
1559 544 1627 571 sicut
1641 545 1759 572 videmus
1770 566 1779 578 ,

993 586 1105 614 fratres:
1120 587 1230 621 subjecit
1244 595 1336 615 omnes
1349 593 1506 622 potestates.
1524 588 1674 624 subiugavit
1688 598 1780 625 reges,

994 640 1047 660 non
1068 633 1182 667 superbo
1197 633 1297 666 milite,
1312 633 1359 660 sed
1379 634 1453 660 irrisa
1468 642 1565 665 cruce;
1590 642 1642 662 non
1668 636 1782 664 smvienc

995 677 1067 705 ferro
1077 699 1084 710 ,
1099 678 1146 705 sed
1159 678 1276 712 pendens
1290 678 1378 713 ligno;
1394 679 1517 713 patiendo
1536 680 1725 714 corporaliter,
1741 681 1780 707 fa-

995 723 1089 751 ciendo
1103 724 1283 757 spiritualiter.
1300 723 1370 751 Illius
1384 732 1480 758 corpus
1503 725 1654 759 erigebatur
1675 726 1701 753 in
1720 734 1782 754 cru-

996 775 1027 795 ce
1042 776 1047 794 :
1062 768 1106 795 ille
1121 773 1224 795 mentes
1234 769 1305 796 cruci
1319 769 1457 796 subdebat.
1477 770 1595 804 Denique
1606 779 1664 805 qua:
1677 779 1781 806 gemma

996 814 1136 847 pretiosior
1157 814 1182 841 in
1197 814 1362 847 diademate,
1386 823 1463 849 quato
1476 823 1540 843 crux
1553 816 1650 843 Christi
1672 824 1784 852 regnat»
1824 835 1826 837 ι

997 858 1061 885 tittm
1077 859 1102 885 in
1125 858 1230 886 fronte?
1244 859 1318 887 llunc
1340 861 1348 876 ι
1372 867 1418 886 vos
1430 861 1558 893 amando,
1579 869 1710 896 umquam
1724 870 1784 890 cur

997 902 1113 931 bescitis.
1126 903 1209 936 Quam
1222 905 1294 932 multi
1308 905 1377 932 enim
1397 906 1429 933 de
1451 906 1646 941 amphitheatro
1661 909 1721 935 victi
1740 916 1785 936 re—

998 954 1153 1000 vertuntur,
1189 951 1264 978 victis
1293 952 1332 979 eis
1362 960 1408 986 pro
1428 952 1525 987 quibus
1555 954 1707 981 insaniunt?
1735 956 1785 988 Qui

998 997 1081 1029 magis
1096 997 1279 1027 vincerentur.
1302 997 1324 1025 si
1349 997 1494 1024 vincerent.
1518 998 1700 1027 Subderentur
1714 1000 1784 1027 eiiitu

998 1047 1073 1068 vante
1092 1041 1205 1072 hctitim.
1222 1042 1397 1070 subderentur
1418 1043 1585 1070 msultationi
1601 1051 1691 1078 prava:
1708 1046 1785 1079 cupi-

999 1085 1107 1112 ditatis:
1124 1086 1168 1120 qtti
1189 1086 1240 1114 hoc
1264 1087 1321 1122 ipso
1336 1095 1388 1121 quo
1410 1087 1472 1114 illuc
1494 1092 1615 1119 currunt,
1632 1089 1692 1116 victi
1714 1095 1784 1117 sunt.

1000 1131 1084 1162 Quam
1099 1131 1196 1159 multos
1209 1131 1281 1158 enim
1296 1132 1408 1165 putatis.
1421 1132 1532 1164 (Intres,
1548 1132 1683 1161 dubitasse
1696 1133 1784 1166 hodie,

1001 1179 1089 1203 utrum
1107 1176 1158 1203 huc
1170 1176 1252 1209 irent,
1272 1183 1306 1203 an
1328 1176 1407 1203 illuc?
1420 1176 1453 1204 Et
1472 1177 1517 1211 qui
1532 1177 1558 1204 in
1573 1177 1628 1211 ipsa
1642 1178 1785 1206 dubitatio~

999 1228 1033 1248 ne
1053 1220 1252 1248 considerantes
1273 1220 1421 1253 Christum,
1448 1221 1479 1248 ad
1492 1220 1637 1251 Ecclesium
1661 1221 1785 1252 cucurre—

999 1270 1076 1302 runt,
1089 1265 1208 1293 vicerunt
1223 1273 1274 1292 non
1292 1265 1437 1300 quemlibet
1451 1257 1585 1293 hominem
1596 1287 1602 1298 ,
1624 1267 1672 1295 sed
1693 1267 1786 1295 diabo-

999 1310 1053 1337 lum
1086 1309 1186 1345 ipsum,
1211 1310 1291 1337 totius
1322 1310 1418 1337 mundi
1446 1311 1588 1345 pessimum
1623 1317 1785 1341 venatorem.

999 1356 1048 1390 Qui
1071 1360 1160 1384 autem
1185 1356 1211 1383 in
1237 1356 1280 1382 illa
1303 1355 1465 1383 dubitatimie
1487 1357 1624 1392 elegerunt
1643 1358 1731 1392 potius
1753 1359 1786 1387 ad

999 1402 1222 1437 amphitheatrum
1246 1410 1367 1435 currere,
1395 1403 1429 1430 ah
1457 1403 1501 1430 illo
1524 1403 1613 1438 utique
1626 1404 1685 1432 victi
1707 1408 1786 1437 sunt,

1000 1456 1077 1484 quem
1094 1449 1136 1476 isti
1158 1449 1287 1477 vicerunt.
1311 1448 1436 1476 Vicerunt
1459 1453 1547 1478 autem
1570 1449 1596 1476 in
1611 1449 1657 1476 illo
1670 1450 1715 1484 qui
1726 1450 1764 1478 ait
1777 1459 1786 1477 :

1001 1493 1127 1527 Gaudete,
1142 1494 1202 1529 quia
1222 1502 1266 1529 ego
1280 1494 1326 1521 vici
1336 1494 1456 1522 mundam
1472 1493 1559 1530 (Joan.
1576 1502 1618 1522 tm
1628 1515 1636 1528 ,
1651 1494 1706 1530 55).
1721 1495 1786 1529 Quia

1000 1543 1140 1574 propterea
1156 1539 1250 1567 tentari
1264 1546 1292 1566 se
1314 1546 1406 1573 passus
1419 1544 1460 1567 est
1475 1539 1634 1574 Imperator,
1652 1544 1678 1567 ut
1705 1541 1786 1570 doce-

1000 1589 1041 1612 ret
1056 1584 1165 1611 militem
1176 1583 1312 1613 dimicare.

1036 1629 1147 1657 CAPUT
1167 1629 1198 1656 ll.
1213 1644 1248 1650 —-
1259 1630 1285 1656 3.
1300 1629 1413 1656 Christus
1434 1629 1466 1656 de
1481 1629 1576 1664 {malua
1598 1630 1668 1658 nasci
1681 1638 1726 1657 cur
1745 1639 1787 1658 ινσ-

1001 1674 1085 1701 luerit.
1112 1673 1164 1701 Per
1190 1674 1309 1709 [carinam
1336 1667 1469 1706 venenum,
1495 1682 1539 1709 per
1563 1675 1682 1708 [catinum
1708 1675 1787 1703 salua.

1001 1720 1057 1747 Hoc
1071 1727 1135 1754 ergo
1146 1723 1174 1746 ut
1189 1719 1286 1747 faceret
1302 1719 1430 1746 Dominus
1447 1724 1538 1747 noster
1551 1719 1631 1748 Iesus
1645 1720 1767 1751 Christus
1778 1741 1786 1753 ,

1001 1765 1092 1800 utique
1104 1764 1237 1792 nascendo
1249 1764 1282 1791 dc
1295 1764 1390 1791 femina
1399 1785 1405 1796 ,
1419 1764 1488 1791 filius
1507 1763 1621 1792 hominis
1634 1765 1718 1793 factus
1737 1771 1787 1793 est.

1001 1811 1036 1837 At
1049 1809 1119 1838 enim
1145 1809 1166 1835 si
1188 1815 1239 1836 non
1264 1813 1417 1836 nasceretur
1437 1808 1470 1836 de
1494 1808 1574 1836 Maria
1590 1809 1705 1844 virgine,
1725 1811 1788 1845 quid

1001 1859 1071 1882 esset
1094 1854 1200 1882 minus?
1215 1854 1282 1881 Dicit
1293 1854 1387 1889 aliquis
1403 1863 1410 1881 :
1426 1854 1510 1881 llomo
1521 1861 1581 1882 esse
1598 1855 1680 1882 voluit
1695 1864 1702 1882 :
1717 1861 1789 1884 esset

1002 1901 1099 1932 homo,
1112 1907 1164 1927 non
1178 1904 1265 1928 tamen
1285 1899 1319 1927 de
1338 1899 1437 1927 femina
1459 1904 1695 1929 nascereturtnon
1715 1901 1786 1929 enim

964 1972 966 1976 ,
1000 1950 1028 1973 et
1043 1946 1156 1981 primum
1171 1945 1304 1973 hominem
1316 1952 1395 1980 quem
1409 1944 1485 1979 fecit,
1504 1953 1537 1973 ex
1550 1945 1647 1973 femina
1662 1945 1731 1973 fecit.
1748 1946 1788 1978 Ad

1002 1991 1053 2019 hoe
1062 1991 1122 2019 vide
1132 1991 1195 2026 quid
1214 1991 1415 2025 respondeatur.
1430 1990 1467 2018 Tu
1482 1990 1562 2023 dicis,
1582 1991 1616 2019 ad
1628 1991 1787 2023 nascendum

1002 2036 1093 2070 utquid
1107 2036 1217 2070 elegerit
1242 2035 1382 2068 ietninapa?
1399 2034 1583 2070 Respondetur
1602 2035 1648 2063 tibi
1664 2044 1670 2064 :
1687 2036 1743 2064 lnto
1756 2037 1788 2068 ad

1002 2080 1164 2108 nascendum
1180 2087 1227 2107 cur
1242 2079 1341 2114 fugeret
1353 2079 1497 2107 feminam?
1510 2080 1574 2107 Puta
1591 2088 1633 2109 me
1646 2087 1696 2108 non
1710 2088 1789 2120 posse

1002 2125 1143 2155 ostendere
1155 2124 1216 2158 quid
1228 2123 1352 2158 elegerit,
1367 2127 1395 2151 ut
1408 2123 1441 2152 de
1463 2123 1559 2152 femina
1573 2130 1725 2154 nasceretur
1738 2133 1744 2151 :
1761 2131 1788 2154 tu

1002 2169 1112 2197 ostende
1126 2168 1187 2204 quid
1210 2168 1298 2203 fugere
1320 2168 1345 2196 in
1359 2168 1455 2198 femina
1471 2168 1571 2198 debuit.
1585 2169 1637 2198 Sed
1647 2169 1789 2205 aliquando

999 2214 1053 2248 jam
1069 2213 1136 2243 dicta
1162 2217 1239 2244 sunt.
1255 2213 1315 2247 quia
1337 2213 1427 2247 utique
1440 2213 1460 2240 si
1481 2213 1584 2249 fugeret
1606 2213 1712 2246 femina:
1728 2219 1786 2245 ute-

1003 2267 1059 2290 rum
1072 2280 1078 2290 ,
1093 2258 1163 2285 velut
1174 2258 1331 2292 significaret
1347 2265 1376 2284 se
1390 2266 1421 2285 ex
1439 2258 1483 2286 illa
1498 2259 1671 2289 contaminari
1686 2260 1787 2294 potuis—

1002 2311 1040 2331 se.
1055 2303 1158 2337 Quanto
1172 2308 1259 2331 autem
1275 2307 1333 2330 erat
1346 2311 1392 2337 per
1411 2303 1584 2331 substantiam
1606 2311 1680 2331 suam
1695 2305 1790 2332 imma-

1002 2348 1045 2375 cul
1056 2348 1150 2380 .bilior,
1167 2351 1238 2375 tanto
1253 2356 1303 2373 non
1317 2346 1404 2374 debuit
1419 2348 1563 2382 formidare
1573 2353 1674 2376 uterttm
1688 2350 1785 2381 carnis,

1002 2393 1076 2429 quasi
1102 2397 1192 2427 posset
1220 2392 1280 2419 inde
1312 2392 1436 2419 maculari
1454 2402 1460 2418 :
1477 2393 1523 2420 sed
1549 2398 1625 2421 natus
1650 2394 1684 2423 de
1711 2393 1788 2421 femi-

1003 2447 1035 2466 na
1047 2460 1052 2470 ,
1068 2438 1209 2466 ostendere
1222 2437 1298 2464 nobis
1311 2437 1402 2467 debuit
1422 2438 1507 2474 magni
1521 2439 1618 2473 aliquid
1640 2447 1789 2467 sacramen-

1003 2484 1032 2510 ti.
1048 2483 1112 2510 Nam
1137 2489 1249 2514 revera,
1274 2481 1382 2514 fratres,
1399 2487 1426 2509 ct
1451 2490 1498 2509 nos
1516 2483 1642 2514 fatentur,
1672 2484 1742 2519 quod
1767 2484 1790 2511 si

1003 2529 1080 2557 vellet
1092 2528 1218 2556 Dominus
1232 2527 1270 2554 sic
1287 2528 1340 2554 licri
1356 2528 1449 2559 homo,
1466 2533 1493 2554 ut
1507 2536 1558 2555 non
1573 2536 1604 2555 ex
1622 2529 1716 2555 femina
1727 2536 1790 2556 nas—
1827 2554 1837 2563 ,

1002 2579 1120 2604 ceretur,
1137 2577 1193 2600 erat
1214 2573 1302 2608 utique
1319 2572 1394 2600 facile
1413 2572 1551 2607 lllajestati.
1566 2573 1703 2607 Quomodo
1719 2574 1788 2601 enim
1832 2565 1834 2569 ’

1003 2619 1088 2653 potuit
1102 2626 1133 2645 ex
1150 2617 1245 2645 femina
1260 2617 1317 2644 sine
1335 2617 1409 2650 viro;
1424 2618 1461 2644 sic
1476 2623 1564 2653 posset
1579 2626 1627 2646 nec
1646 2627 1693 2654 per
1714 2619 1788 2646 fend-

1004 2672 1063 2690 natn
1088 2663 1169 2691 nasci.
1195 2662 1247 2690 Sed
1273 2662 1324 2689 hoc
1347 2662 1422 2689 nobis
1446 2663 1576 2696 Ostendit,
1601 2668 1629 2690 ut
1650 2663 1749 2692 scilicet
1765 2664 1790 2690 in

1004 2709 1076 2736 nullo
1093 2716 1157 2736 sexu
1173 2709 1206 2736 de
1221 2716 1250 2736 se
1263 2709 1415 2743 desperaret
1430 2709 1541 2735 humana
1555 2714 1684 2736 creatura.
1706 2708 1792 2737 Sexus

1003 2754 1075 2780 enim
1098 2753 1227 2780 humanus
1250 2753 1360 2781 marium
1383 2758 1423 2779 est
1446 2757 1472 2778 et
1492 2752 1660 2784 feminarum.
1677 2753 1702 2782 Si
1729 2761 1792 2791 ergo

1037 2808 1044 2823 ι
1057 2811 1123 2837 ιω..
1138 2807 1295 2837 Itanc;cujua
1304 2806 1356 2831 loco
1366 2810 1429 2838 uss,
1450 2811 1525 2832 Hum.

1732 2863 1778 2876 -.μ
