3938 6186
428 276 551 337 ω

445 394 530 450 vir
573 391 843 458 existens,
866 389 1006 461 quod
1035 391 1217 462 utique
1243 404 1363 447 esse
1403 389 1653 458 deberet,
1685 406 1791 448 non
1834 407 2021 448 nasce-

447 492 595 541 retur
611 500 675 539 ex
705 481 935 546 femina;
966 480 1310 551 desperarent
1328 480 1395 537 de
1418 496 1477 536 se
1502 482 1729 546 feminre,
1755 494 2019 537 memores

443 575 601 645 primi
630 573 831 645 peccati
861 572 972 639 sui,
1023 573 1147 644 quia
1193 588 1290 644 per
1328 573 1576 629 feminam
1628 573 1885 644 deceptus
1935 580 2022 629 est

430 667 645 736 primus
668 664 860 731 homo;
887 673 942 720 et
976 664 1194 720 omnino
1223 665 1422 720 nullam
1456 680 1515 720 se
1556 680 1706 736 spem
1738 665 1934 720 habere
1962 664 2016 719 in

426 756 654 814 Christo
695 756 1094 812 arbitraremur.
1138 756 1296 812 Venit
1320 764 1448 827 ergo
1474 757 1552 812 vir
1577 771 1762 812 sexum
1809 755 2019 825 praeeli-

435 862 566 918 gere
590 846 795 902 virilem
814 887 831 913 ,
861 855 915 903 et
940 855 1096 902 natus
1122 862 1189 903 ex
1212 846 1406 902 femina
1434 862 1619 902 sexum
1647 847 1911 902 consolari
1941 845 2019 901 fe-

437 938 703 1005 mineum,
736 945 985 1008 tanquam
1013 937 1288 1008 alloquens
1316 945 1370 992 et
1396 936 1578 993 dicens
1607 954 1622 991 :
1663 936 1735 993 Ut
1762 937 2016 992 noveritis

394 1092 400 1101 .
429 1028 579 1098 quod
608 1044 714 1083 non
746 1028 840 1083 Dei
884 1035 1126 1083 creatura
1161 1027 1297 1081 mala
1327 1036 1436 1094 est,
1465 1027 1560 1082 sed
1588 1027 1826 1098 voluptas
1856 1042 2015 1097 prava

410 1106 694 1189 §pervertit
716 1132 832 1172 eam
855 1158 869 1183 ,
903 1116 954 1169 in
981 1117 1238 1187 principio
1262 1132 1382 1172 cum
1404 1116 1505 1172 feci
1531 1116 1799 1172 hominem
1820 1157 1836 1184 ,
1867 1133 2014 1173 mas-

439 1212 614 1267 culum
645 1221 699 1265 et
726 1209 973 1265 feminam
1001 1209 1120 1264 feci.
1144 1208 1260 1263 Non
1279 1218 1574 1264 creaturam
1601 1208 1828 1276 damno,
1856 1222 2014 1279 quam

409 1300 559 1366 ifeei.
584 1303 721 1358 Ecce
748 1312 901 1357 natus
921 1316 1036 1357 sum
1057 1301 1170 1366 vir,
1201 1315 1328 1357 ecce
1351 1310 1505 1356 natus
1541 1316 1605 1356 ex
1651 1300 1866 1355 femina.
1897 1300 2014 1355 Non

440 1345 559 1360 ...νη
585 1345 721 1358 ...ην
748 1345 901 1357 .......-
1154 1345 1170 1366 ,
1203 1345 1327 1357 νυν..
1352 1345 1504 1356 ..-...-
1543 1345 1605 1356 ν,
1651 1345 1866 1355 .-......_.
1897 1345 2013 1355 -.νη

402 1345 421 1465 ἒ
435 1409 564 1465 ergo
615 1402 913 1449 creaturam
951 1391 1178 1460 damno,
1227 1407 1385 1463 quam
1435 1391 1570 1458 feci;
1625 1391 1719 1448 sed
1760 1403 2013 1463 peccata,

395 1445 555 1555 lquje
584 1501 689 1541 non
732 1485 850 1541 feci.
882 1484 1113 1555 Uterque
1140 1500 1299 1540 sexus
1341 1485 1516 1541 videat
1542 1485 1796 1540 honorem
1825 1501 1976 1541 suum
1996 1524 2013 1552 ,

432 1588 490 1632 et
535 1586 755 1647 uterque
774 1574 1087 1632 confiteatur
1130 1575 1456 1645 iniquitatem
1483 1590 1631 1631 suam
1656 1617 1670 1640 ,
1716 1585 1769 1630 et
1797 1585 2015 1646 uterque

437 1678 618 1737 speret
666 1668 913 1723 salutem.
954 1666 1276 1737 Decipiendo
1306 1666 1504 1721 homini
1544 1667 1876 1738 propinatum
1933 1674 2016 1722 est

436 1774 699 1815 venenum
730 1774 827 1829 per
862 1758 1110 1815 feminam
1150 1777 1164 1813 :
1195 1759 1493 1828 reparando
1537 1760 1734 1840 homini
1763 1759 2011 1830 propineo

436 1859 523 1906 tur
574 1850 721 1905 salus
760 1865 854 1921 per
898 1849 1168 1905 feminam.
1227 1850 1546 1920 Compensct
1576 1849 1766 1905 femina
1805 1850 2012 1921 decepti

433 1955 531 2009 per
559 1955 618 1996 se
641 1939 870 1996 hominis
894 1948 1165 2010 peccatum
1188 1981 1204 2007 ,
1244 1939 1548 2012 generando
1565 1939 1855 1996 Christum.
1886 1939 2012 1997 Inde

432 2040 488 2086 et
526 2038 887 2101 resurgentem
915 2030 1079 2085 Deum
1107 2031 1308 2100 priores
1334 2030 1546 2086 femina;
1578 2030 1849 2102 Apostolis
1886 2047 2015 2088 nun-

418 2127 648 2178 tiarunt.
687 2120 955 2176 Nuntiavit
988 2121 1104 2175 viro
1137 2135 1236 2176 suo
1276 2131 1504 2177 mortem
1535 2120 1730 2177 femina
1770 2124 1823 2178 in
1854 2137 2010 2193 parae

418 2212 550 2268 .diso
577 2213 993 2268 mandaverunt
1022 2219 1075 2266 et
1107 2210 1316 2266 feminze
1339 2213 1563 2268 salutem
1590 2213 1717 2268 viris
1746 2213 1798 2268 in
1830 2214 2012 2270 Eccle-

434 2306 532 2359 sia.
576 2303 1046 2360 Resurrectionem
1090 2301 1290 2357 Christi
1318 2303 1555 2372 Apostoli
1593 2311 1746 2358 erant
1765 2304 2010 2374 gentibus

432 2396 719 2451 nuntiaturi
745 2409 759 2446 :
793 2392 1063 2463 Apostolis
1084 2390 1292 2447 femina:
1333 2392 1659 2446 nuntiarunt.
1686 2392 1856 2448 Nemo
1880 2408 2009 2464 ergo

431 2489 781 2544 calumnietur
803 2484 1016 2542 Christo
1044 2498 1170 2542 nato
1205 2500 1273 2543 ex
1299 2486 1489 2542 femina
1505 2529 1521 2556 ,
1547 2487 1615 2543 de
1643 2503 1747 2559 quo
1770 2503 1900 2544 sexu
1919 2490 2006 2545 Li-

417 2584 648 2637 ‘berutor
675 2579 928 2635 maculari
974 2594 1077 2634 non
1108 2588 1317 2648 posset,
1342 2588 1397 2633 et
1433 2594 1591 2650 quem
1632 2593 1818 2636 sexum
1840 2581 2006 2636 Crea-

418 2682 514 2728 «tor
537 2670 913 2727 commendare
941 2669 1182 2724 deberet.

496 2762 721 2818 CAPUT
760 2760 846 2815 lll.
873 2761 1017 2814 -4.
1052 2758 1309 2830 Evangelii
1332 2758 1457 2828 [idea
1496 2767 1597 2815 toto
1639 2759 1757 2814 orbe
1787 2768 2003 2832 recepta.

418 2854 562 2920 Sed,
628 2852 897 2925 inquiunt,
941 2850 1208 2921 quomodo
1271 2849 1530 2905 credituri
1588 2864 1774 2905 sumus
1823 2863 2006 2906 natum

425 2962 491 3003 ex
536 2946 728 3002 femina
756 2942 1063 3000 Christum?
1108 2940 1484 3012 Respondeam
1530 2957 1544 2994 :
1592 2942 1673 2997 Ex
1721 2942 2007 3014 Evangelio

420 3037 565 3109 “quod
616 3036 957 3106 prmdicatum
1001 3040 1085 3088 est
1127 3039 1181 3087 et
1222 3032 1544 3102 prmdicatur
1593 3032 1846 3087 universo
1888 3032 2005 3087 orbi

427 3140 707 3184 terrarum.
745 3124 849 3181 Sed
888 3124 965 3179 rei
1007 3124 1117 3194 jam
1144 3122 1361 3179 credita:
1412 3138 1507 3193 per
1551 3137 1762 3178 omnem
1809 3134 2003 3179 terram

427 3218 772 3286 qumstioncm
799 3223 1062 3270 conantur
1096 3214 1336 3283 ingerere
1372 3212 1530 3279 caeci,
1558 3228 1827 3268 exczecare
1870 3214 2005 3269 alios

415 3309 757 3373 alfcetantcs,
778 3319 831 3364 et
854 3323 956 3362 non
980 3307 1221 3362 videntes
1254 3304 1392 3377 quod
1419 3303 1703 3359 videndum
1732 3313 1813 3360 est
1832 3347 1847 3370 ,
1875 3305 1999 3360 dum

424 3402 725 3457 convellere
744 3407 1003 3456 conantur
1020 3398 1161 3470 quod
1185 3396 1507 3452 credendum
1533 3406 1635 3451 est.
1662 3395 2005 3466 Respondent

420 3493 564 3548 enim
586 3535 600 3559 ,
627 3500 681 3547 ct
705 3491 886 3546 dicunt
917 3506 929 3543 :
957 3489 1072 3545 Noli
1105 3501 1202 3543 nos
1225 3486 1539 3542 auctoritate
1565 3487 1709 3543 orbis
1737 3497 1996 3542 terrarum

426 3583 896 3653 premereﬁpsam
934 3579 1258 3649 Scripturam
1297 3577 1716 3634 consideremus.
1756 3578 1873 3633 Noli
1910 3592 2006 3648 po-.

424 3674 681 3743 pnlaritcr
709 3688 866 3742 agere
891 3689 902 3723 :
934 3669 1215 3724 multitudo
1244 3669 1335 3724 tibi
1376 3669 1590 3723 seducta
1620 3668 1779 3724 favet.
1824 3669 2000 3723 Primo

410 3766 512 3821 “hic
554 3765 852 3834 respOadeo
887 3781 901 3815 :
931 3762 1210 3816 Multitudo
1256 3761 1471 3815 seducta
1512 3761 1639 3814 mihi
1671 3761 1844 3814 favet?
1865 3761 1999 3823 llaec

420 3856 728 3920 multitudo,
759 3854 996 3926 paucitas
1035 3852 1148 3907 fuit.
1191 3851 1339 3907 Unde
1361 3852 1526 3906 crevit
1564 3851 1681 3906 haec
1719 3852 1999 3908 multitudo

414 3963 539 4018 qua:
573 3947 627 4002 in
664 3946 778 4001 istis
805 3943 1143 4001 incrementis
1166 3952 1311 3996 tanto
1336 3952 1459 3997 ante
1485 3944 1721 3996 nuntiata
1747 3943 1996 3998 e'st?Non

417 4039 563 4094 enim
590 4052 835 4095 crescere
876 4036 988 4090 visa
1021 4044 1134 4101 est,
1174 4049 1294 4104 qum
1331 4048 1436 4087 non
1482 4041 1565 4087 est
1603 4034 1843 4102 praevisa.
1881 4033 1995 4089 Non

418 4130 570 4197 dico,
616 4128 860 4185 Paucitas
898 4134 1015 4181 erat
1042 4143 1054 4179 :
1084 4138 1220 4179 unus
1262 4130 1377 4178 erat
1420 4121 1707 4179 Abraham.
1751 4119 1999 4179 Conside-

416 4229 566 4287 rate,
611 4219 837 4285 fratres,
871 4232 1008 4271 unus
1035 4224 1148 4270 erat
1193 4213 1461 4268 Abraham
1504 4229 1600 4282 per
1638 4221 1810 4269 totum
1840 4229 1998 4269 mun-

417 4310 543 4365 dum
577 4309 668 4363 illo
698 4317 968 4377 tempore,
1008 4322 1103 4375 per
1144 4310 1308 4359 totum
1339 4304 1524 4360 orbem
1572 4313 1833 4360 terrarum
1862 4306 1999 4361 inter

418 4414 607 4455 omnes
632 4398 875 4453 homines
894 4436 907 4461 ,
936 4395 1075 4449 inter
1096 4409 1281 4449 omnes
1299 4403 1518 4464 gentes,
1547 4396 1631 4451 cui
1675 4397 1875 4452 homini
1918 4397 2000 4452 di-

417 4499 563 4547 ctum
608 4498 723 4555 cst,
772 4487 837 4541 In
886 4486 1072 4540 semine
1118 4496 1203 4539 tuo
1256 4485 1606 4541 benedicentur
1631 4503 1802 4544 omnes
1830 4500 1997 4561 gentes

422 4578 577 4651 (Gen.
604 4593 739 4644 xxn,
771 4576 882 4647 l8).
913 4575 1066 4644 Quod
1094 4575 1318 4631 credidit
1349 4589 1483 4630 unus
1505 4576 1574 4633 de
1602 4592 1697 4633 sua
1720 4581 1997 4649 singulari-

421 4680 568 4736 tate,
597 4668 888 4723 exhibitum
932 4676 1012 4721 est
1057 4666 1236 4720 multis
1282 4667 1347 4720 de
1375 4668 1593 4722 seminis
1641 4671 1993 4727 multitudine.

417 4761 567 4816 ’l’nne
599 4774 700 4814 non
729 4758 1030 4824 videbatur,
1057 4766 1110 4811 et
1135 4756 1478 4821 credebatur;
1511 4773 1649 4812 nunc
1677 4759 1883 4815 videtur
1907 4805 1920 4829 ,
1945 4772 1999 4817 et

422 4855 761 4923 impugnatur
791 4866 803 4901 :
837 4858 890 4903 et
916 4848 1055 4918 quod
1100 4848 1188 4901 uni
1216 4856 1339 4901 tunc
1366 4848 1637 4903 dicebatur
1675 4858 1729 4904 et
1776 4850 1843 4905 ab
1891 4868 1997 4908 uno

418 4943 761 5009 credebatur;
792 4956 934 4995 nunc
957 4948 1290 5010 Oppugnatur
1317 4955 1346 4993 a
1378 4941 1577 5011 paucis,
1607 4941 1821 5010 quando
1841 4944 1993 4999 exhi-

419 5038 577 5093 betur
599 5037 649 5090 in
679 5034 877 5090 multis.
911 5033 1002 5089 llle
1027 5034 1115 5103 qui
1156 5033 1444 5103 discipulos
1464 5048 1588 5088 suos
1618 5035 1739 5091 fecit
1781 5037 1999 5106 piscato-

419 5144 508 5184 res
536 5129 841 5193 hominum,
875 5126 1013 5180 intra
1058 5125 1190 5179 retia
1215 5141 1310 5180 sua
1337 5140 1496 5181 omne
1518 5141 1687 5195 genus
1706 5130 1996 5184 auctorita-

422 5220 488 5274 tis
545 5217 776 5273 inclusit.
837 5218 892 5269 si
949 5215 1270 5269 multitudini
1317 5216 1647 5270 credendum
1707 5227 1820 5281 est;
1872 5221 1996 5289 quid

420 5311 687 5382 copiosius
710 5306 947 5362 Ecclesia
973 5314 1084 5360 toto
1112 5304 1241 5358 orbe
1270 5304 1491 5358 diffusa?
1517 5305 1573 5361 Si
1604 5307 1855 5362 divitibus
1881 5324 1999 5363 crc-

421 5401 652 5456 dendum
683 5405 799 5461 est;
838 5393 1111 5450 attendant
1147 5402 1275 5464 quot
1310 5393 1498 5449 divites
1524 5396 1703 5464 cepit:
1734 5398 1775 5449 si
1801 5414 1997 5468 paupe-

426 5491 570 5545 ribus
586 5487 907 5545 credendnm
948 5495 1030 5540 est
1050 5527 1062 5551 ,
1090 5484 1364 5540 attendant
1395 5502 1679 5555 pauperum
1722 5490 1880 5543 millia
1914 5510 1926 5546 :
1954 5492 1999 5546 si

426 5580 714 5640 nobilibus;
745 5580 888 5632 intus
912 5586 994 5632 est
1026 5576 1135 5646 jam
1174 5592 1308 5647 pene
1341 5584 1443 5631 tota
1474 5576 1719 5634 nobilitas
1766 5597 1778 5632 :
1824 5582 1866 5635 si
1911 5598 2000 5637 re-

422 5677 606 5739 gibus;
671 5668 881 5723 videant
928 5683 1113 5725 omnes
1162 5668 1401 5726 subditos
1468 5668 1687 5726 Christo
1728 5690 1742 5726 :
1792 5674 1836 5729 si
1891 5675 2000 5731 elo-

1656 282 1712 336 b.
1754 279 1891 337 AUG
1900 276 2117 336 USTINI
2138 281 2455 341 .EPISCOPI

2127 396 2492 463 quentioribus
2510 441 2525 464 ,
2555 399 2879 461 doctioribus
2895 402 3407 479 (prudentioribus:
3453 415 3690 476 intuean-

2129 492 2214 539 tur
2235 489 2420 557 quanti
2443 501 2712 561 oratores;
2742 497 2921 566 quanti
2953 501 3143 570 periti,
3172 506 3352 574 quanti
3395 508 3688 582 philosophi

2125 574 2283 645 hujus
2311 580 2495 635 mundi
2541 581 2611 637 ab
2648 584 2753 639 illis
2779 587 3130 656 piscatoribus
3156 594 3343 648 irretiti
3376 574 3515 662 sint,
3556 574 3689 657 ut'ad

2124 668 2349 724 salutem
2389 671 2456 727 de
2484 675 2743 743 profundo
2793 680 3213 747 attraherentur;
3256 687 3550 755 cogitantes
3576 706 3688 748 eum

2123 759 2214 829 qui
2259 776 2505 833 magnum
2545 767 2741 821 malum
2765 771 2956 825 animze
2983 771 3258 842 humanm,
3308 776 3358 831 id
3388 787 3489 844 est,
3517 796 3691 851 snper-

2121 846 2263 905 biam
2284 892 2300 917 ,
2325 865 2437 907 sua:
2465 854 2775 913 humilitatis
2817 862 3061 930 exemplo
3099 877 3289 920 sonare
3327 846 3685 935 descendens,

2123 937 2329 995 inﬁrma
2360 943 2540 998 mundi
2577 946 2763 1017 elegit,
2793 958 2853 1003 ut
2876 952 3223 1008 confunderet
3246 953 3432 1023 fortia;
3461 968 3514 1012 et
3541 956 3686 1016 stulla

2121 1026 2281 1098 hujus
2324 1033 2506 1088 mundi
2531 1035 2719 1105 elegit,
2768 1046 2826 1093 ut
2867 1040 3216 1098 confunderet
3263 1047 3562 1114 sapientes;
3592 1065 3686 1105 non

2120 1117 2212 1187 qui
2237 1124 2446 1187 essent,
2476 1123 2570 1178 sed
2599 1128 2836 1195 quiesse
2863 1129 3168 1186 viderentur
3197 1150 3209 1185 :
3246 1144 3301 1188 et
3325 1134 3573 1204 ignobilia
3600 1139 3688 1193 hn-

2117 1205 2206 1275 jus
2246 1209 2427 1264 mundi
2455 1212 2649 1282 elegit,
2694 1224 2840 1270 eteo
2885 1233 3003 1287 qua:
3055 1234 3161 1274 non
3182 1232 3344 1291 sunt,
3388 1234 3445 1280 ut
3486 1242 3549 1281 ea
3576 1243 3687 1298 qum

2120 1308 2243 1353 sunt
2262 1311 2539 1357 evacuaret
2563 1303 2605 1374 (l
2630 1304 2749 1361 Cor.
2782 1323 2829 1372 ι,
2856 1308 2925 1362 9.7
2942 1308 2985 1379 ).

2189 1388 2414 1447 CAPUT
2454 1391 2539 1446 IV.
2567 1424 2637 1434 —
2663 1396 2717 1451 5.
2745 1395 3072 1455 Dissonantia
3119 1400 3512 1475 Evangeliorunt
3553 1410 3687 1465 trulla

2120 1494 2228 1534 esse
2245 1496 2418 1538 secure
2443 1484 2663 1540 creditur
2679 1526 2696 1552 ,
2725 1487 2881 1543 donec
2907 1491 3238 1564 intelligatur.
3270 1496 3479 1553 Utilitas
3497 1503 3684 1557 secreti.

2128 1569 2254 1626 Vela
2304 1590 2529 1645 appensa
2571 1578 2625 1631 in
2681 1579 2850 1634 domo.
2898 1581 3162 1655 Quidquid
3199 1588 3333 1644 velis
3384 1591 3562 1659 dicas,
3617 1595 3689 1651 in-

2118 1662 2308 1730 quiunt
2327 1704 2342 1730 ,
2372 1680 2472 1720 nos
2508 1666 2953 1737 deprehendimus
2980 1674 3068 1728 ubi
3104 1675 3281 1747 legitis
3308 1690 3492 1736 natum
3544 1683 3686 1740 Chri-

2116 1757 2289 1818 stum,
2317 1751 2591 1811 dissonare
2636 1756 2776 1814 inter
2833 1774 2893 1815 se
2933 1762 3248 1835 Evangelia,
3292 1777 3349 1824 et
3387 1786 3493 1827 non
3535 1789 3684 1843 posse

2118 1848 2396 1913 utrumque
2436 1860 2616 1901 verum
2645 1862 2765 1905 esse
2788 1853 2928 1921 quod
2964 1853 3222 1914 dissonat.
3248 1860 3380 1917 Cum
3413 1866 3555 1920 enim
3602 1883 3685 1923 os-

2117 1932 2358 2003 tendero,
2390 1936 2591 2009 inquit,
2612 1940 3015 2015 dissonantiam,
3046 1958 3190 2009 recte
3226 1954 3466 2025 improbo
3490 1960 3646 2016 fidem
3670 2004 3683 2028 ,

2115 2033 2208 2079 aut
2226 2033 2281 2080 tu
2305 2027 2394 2097 qui
2434 2029 2632 2101 accipis
2656 2032 2813 2090 fidem
2830 2076 2846 2103 ,
2868 2039 3091 2096 ostende
3133 2047 3490 2105 concordiam.
3520 2027 3689 2120 Quam

2114 2129 2296 2185 quaeso
2322 2117 2703 2178 dissonantiam
2723 2123 3150 2187 demonstrahis?
3178 2137 3429 2205 Apertam
3450 2180 3466 2207 ,
3499 2117 3684 2214 inquit,

2113 2206 2199 2261 cui
2241 2222 2399 2266 nemo
2428 2219 2598 2281 potest
2637 2216 3020 2276 contradicere.
3047 2222 3217 2289 Quam
3260 2230 3434 2284 securi
3452 2206 3683 2301 auditis,

2113 2299 2235 2368 quia
2280 2300 2463 2359 fideles
2488 2306 2635 2361 estis.
2682 2310 2983 2380 Attendite,
3024 2314 3380 2388 dilectissimi,
3416 2331 3472 2379 et
3510 2299 3686 2383 videte

2115 2404 2271 2459 quam
2301 2392 2586 2451 salubriter
2634 2400 2918 2469 Apostolus
2956 2416 3205 2474 moneat,
3248 2410 3428 2468 dicens
3478 2433 3493 2470 :
3542 2417 3685 2472 Sicut

2111 2496 2229 2553 ergo
2257 2485 2518 2554 accepistis
2550 2486 2801 2544 Christum
2837 2491 3011 2547 Jesum
3036 2494 3308 2553 Dominum
3341 2513 3567 2559 nostram
3592 2547 3608 2573 ,
3637 2509 3686 2562 in

2110 2571 2222 2641 ipso
2260 2573 2510 2629 ambulate
2530 2608 2546 2641 ,
2594 2579 2808 2634 radianti
2846 2591 2894 2636 et
2937 2587 3328 2657 auperwdiﬁcati
3366 2593 3418 2646 in
3448 2594 3563 2664 ipso
3583 2571 3602 2661 ,7
3641 2608 3687 2652 et

2110 2663 2395 2733 con/innati
2416 2668 2468 2720 in
2497 2668 2617 2736 ﬁde.
2647 2669 2763 2740 ipsa
2784 2673 2924 2728 enim
2952 2676 3174 2747 simplici
3202 2689 3254 2735 et
3280 2693 3421 2738 certa
3449 2663 3555 2742 fide
3579 2731 3594 2755 ,
3637 2691 3684 2744 in

2110 2750 2203 2806 illo
2231 2753 2450 2809 firmiter
2490 2771 2802 2826 permanere
2842 2761 3124 2832 debemus,
3168 2779 3225 2823 ut
3250 2771 3362 2841 ipse
3389 2750 3598 2843 aperiat
3624 2780 3685 2832 li-

2110 2840 2313 2898 delibus
2337 2844 2478 2915 quod
2507 2848 2559 2902 in
2589 2863 2649 2904 se
2675 2851 3040 2910 absconditum
3069 2867 3151 2913 est
3189 2876 3202 2913 :
3234 2840 3352 2931 quia
3383 2840 3521 2919 sicut
3548 2868 3684 2922 idem

2109 2931 2236 2988 dicit
2271 2936 2573 3003 apostolus,
2603 2937 2671 2993 In
2703 2940 2795 2994 illo
2839 2953 2956 2997 sunt
2980 2960 3150 3001 omnes
3176 2950 3395 3005 thesauri
3426 2957 3688 3025 sapientia

2109 3035 2155 3078 et
2203 3027 2423 3082 scientia
2462 3029 2736 3086 abscondili
2768 3032 2979 3104 (Colon.
3014 3053 3048 3092 Il
3066 3078 3082 3104 ,
3111 3040 3144 3095 6
3163 3084 3177 3107 ,
3201 3042 3232 3095 7
3254 3083 3269 3103 .
3299 3045 3376 3115 3).
3404 3046 3555 3114 Quos
3584 3064 3685 3105 non

2108 3126 2387 3188 propterea
2427 3118 2734 3187 abscondit,
2784 3134 2841 3178 ut
2880 3137 3068 3197 neget,
3118 3131 3211 3185 sed
3256 3145 3311 3187 ut
3361 3137 3689 3196 absconditis

2108 3207 2300 3261 excitet
2342 3207 2683 3265 desiderium.
2737 3212 2862 3268 llaec
2900 3225 2981 3270 est
3008 3218 3206 3276 utilitas
3231 3226 3442 3280 secreti.
3472 3227 3686 3285 llonora

2109 3294 2160 3348 in
2191 3312 2254 3348 eo
2275 3297 2411 3364 quod
2443 3299 2674 3353 nondum
2725 3302 3001 3374 intelligis;
3044 3316 3098 3362 et
3142 3317 3287 3365 tanta
3313 3315 3482 3386 magis
3528 3317 3690 3373 bono-

2109 3402 2199 3452 ra,
2248 3400 2445 3458 quanto
2477 3392 2620 3460 plura
2654 3394 2767 3448 vela
2808 3399 3002 3453 cernis.
3034 3399 3244 3466 Quanto
3273 3408 3415 3461 enim
3460 3412 3687 3481 quisque

2108 3476 2412 3533 honoratior
2455 3480 2561 3546 es],
2606 3492 2750 3539 tanto
2792 3487 2940 3556 plura
2989 3492 3105 3547 vela
3153 3496 3382 3564 pendent
3428 3476 3489 3553 inv
3526 3502 3687 3558 domo

2106 3572 2240 3637 ejus.
2269 3569 2397 3624 Vela
2421 3571 2613 3627 faciunt
2642 3573 2897 3634 honorem
2922 3584 3111 3638 secreti
3142 3602 3156 3637 :
3185 3586 3278 3641 sed
3299 3586 3689 3649 honorantibus

2106 3660 2345 3716 levnitur
2374 3664 2504 3717 vela.
2527 3665 2807 3723 irridentes
2834 3680 3009 3726 autem
3038 3675 3174 3739 vela,
3203 3686 3256 3731 et
3278 3694 3308 3732 a
3335 3681 3579 3738 velorum
3607 3686 3688 3740 vi-

2104 3753 2317 3807 cinitate
2346 3754 2630 3822 pelluntur.
2657 3755 2790 3823 Quia
2814 3775 2942 3829 ergo
2965 3765 3252 3822 transimus
3276 3768 3342 3824 ad
3367 3769 3647 3830 Christum
3670 3818 3687 3844 ,

2101 3840 2338 3896 aufertur
2372 3845 2608 3898 velamen
2639 3844 2705 3916 (ΙΙ
2734 3846 2850 3904 Cor.
2881 3866 2967 3917 ιιι,
3003 3852 3112 3923 16).

2172 3932 2396 3988 CAPUT
2439 3934 2500 3989 V.
2538 3966 2608 3975 —
2633 3937 2684 3992 6.
2723 3937 2817 3992 Ρὶα
2837 3942 2963 4010 [idea
2991 3943 3393 4016 Scripturarum.
3441 3955 3692 4028 Augus:i-

2102 4037 2195 4074 nus
2219 4022 2288 4075 ad
2325 4023 2518 4076 divinas
2562 4025 2852 4098 Scriptura:
2898 4048 2997 4086 non
3039 4036 3177 4104 piant
3216 4050 3428 4096 mentem
3464 4045 3710 4113 alet-em,

2101 4115 2371 4184 aliquando
2450 4117 2709 4188 decipitur.
2757 4119 3036 4178 Prnferunt
3084 4127 3375 4187 calumnias
3421 4150 3551 4191 suas
3574 4140 3695 4209 qui-

2100 4202 2257 4270 dam,
2299 4213 2354 4259 et
2396 4205 2577 4260 dicunt
2614 4225 2628 4262 :
2676 4206 2952 4266 Matthmus
2993 4226 3139 4271 certe
3195 4224 3516 4292 evangelista
3570 4202 3693 4281 est?

2101 4292 2538 4362 Respondemus,
2569 4298 2672 4364 ita,
2703 4300 2791 4368 pio
2832 4316 2953 4369 ore,
2983 4305 3144 4362 corde
3190 4309 3383 4366 devoto
3403 4354 3417 4377 ,
3452 4314 3505 4368 in
3538 4318 3692 4372 nullo

2103 4385 2322 4440 omnino
2350 4387 2652 4443 dubitantes
2678 4407 2691 4442 :
2722 4394 3108 4461 respondemus
3131 4398 3284 4468 plane
3304 4442 3319 4468 ,
3346 4389 3692 4476 Evangelista

2103 4485 2186 4529 est
2208 4474 2511 4532 Matthmus.
2543 4479 2726 4534 Credis
2751 4482 2830 4547 ei,
2864 4483 3145 4554 inquiunt?
3169 4491 3297 4556 Quis
3328 4508 3431 4548 non
3458 4474 3696 4568 respon-

2103 4565 2225 4619 deat
2245 4608 2259 4632 ,
2288 4566 2499 4623 Credo?
2523 4568 2801 4636 Quomodo
2826 4573 2893 4627 de
2918 4591 3187 4635 murmure
3218 4594 3391 4638 vestro
3416 4586 3505 4655 pio
3544 4591 3691 4643 inso-

2104 4657 2249 4711 nuit?
2275 4657 2346 4712 lta
2371 4700 2386 4725 ,
2417 4660 2601 4715 fratres
2626 4704 2640 4727 ,
2686 4663 2730 4716 si
2770 4679 2956 4721 secure
2981 4669 3196 4724 creditis
3223 4673 3240 4704 ί
3261 4714 3277 4739 ,
3305 4690 3407 4728 non
3430 4688 3511 4732 est
3549 4680 3693 4734 unde

2103 4751 2447 4805 erubescotis.
2474 4753 2683 4823 Loquor
2711 4756 2895 4819 vobis,
2924 4760 3206 4829 aliquando
3246 4766 3496 4835 deceptus
3517 4812 3534 4836 ,
3568 4788 3696 4826 cum

2105 4844 2277 4912 primo
2305 4860 2436 4914 puer
2473 4846 2537 4899 ad
2566 4846 2769 4901 divinas
2796 4848 3096 4919 Scripturas
3136 4865 3260 4911 ante
3283 4860 3472 4914 vellem
3494 4864 3700 4918 afferre

2105 4949 2331 4990 acumen
2368 4936 2720 5005 discutiendi,
2753 4957 2909 5009 quam
2951 4943 3199 5011 pietatem
3241 4953 3508 5017 qnzerendi
3542 4972 3557 5007 :
3595 4971 3702 5025 ego

2106 5027 2220 5095 ipse
2246 5035 2429 5080 contra
2458 5042 2543 5080 me
2570 5031 2832 5097 perversis
2872 5034 3106 5088 moribus
3133 5036 3439 5093 clmdebam
3462 5041 3699 5112 januam

2104 5115 2313 5170 Domini
2343 5117 2448 5172 mei
2481 5134 2495 5171 :
2527 5132 2647 5171 cum
2668 5121 2689 5149 ²
2717 5120 2927 5189 pulsare
2946 5121 3196 5179 deberem
3223 5167 3237 5189 ,
3265 5138 3321 5181 ut
3349 5132 3701 5199 aperiretur;

2105 5204 2396 5273 addebam,
2440 5215 2497 5261 ut
2534 5208 2885 5265 clauderetur.
2931 5211 3204 5282 Superbus
3235 5218 3378 5272 enim
3420 5222 3703 5278 audebam

2105 5309 2381 5366 quzerere,
2440 5298 2579 5366 quod
2632 5299 2735 5354 nisi
2779 5301 2991 5357 humilis
3046 5321 3151 5360 non
3200 5319 3373 5377 potest
3421 5312 3705 5371 invenire.

2108 5386 2315 5452 Quanto
2340 5402 2433 5441 vos
2463 5386 2725 5445 beatiores
2745 5392 2873 5445 estis
2902 5394 3092 5448 modo!
3123 5413 3280 5467 quam
3320 5403 3489 5455 securi
3527 5404 3699 5461 διερι-

2173 5569 2190 5600 ι
2219 5575 2320 5615 ω,
2343 5599 2358 5627 ,
2399 5562 2612 5617 sisecuri
2643 5566 2856 5620 creditis.
2898 5543 3161 5639 Particula,
3195 5579 3272 5641 si,
3305 5581 3598 5637 redundare
3642 5593 3712 5643 ιλιι

2109 5630 2267 5680 detur.

2175 5694 2194 5722 ’
2217 5698 2342 5750 Mss,
2364 5702 2522 5755 quant.
