3938 6186
228 358 337 414 337

229 472 332 538 tis,
360 483 516 541 quam
557 465 655 521 tuti
684 465 735 532 ',
768 464 1087 535 quicumque
1135 462 1309 518 adhuc
1358 460 1559 533 parvuli
1610 467 1740 515 estis
1769 458 1822 513 in

225 562 352 619 nido
378 559 498 615 ﬁdei
522 602 538 627 ,
566 569 621 613 et
648 555 985 628 Spiritualem
1006 570 1184 610 escam
1207 552 1472 625 accipitis!
1506 554 1615 624 Ego
1643 561 1823 606 autem

224 654 407 717 miser,
425 668 546 705 cum
584 665 672 705 me
687 649 753 703 ad
770 648 1051 703 volandum
1071 647 1316 702 idoneum
1344 656 1603 717 putarem,
1632 644 1823 712 reliqm

227 745 440 809 nidum;
468 753 523 797 et
550 743 700 812 prius
728 739 933 807 cecidi,
965 755 1123 809 quam
1146 735 1540 793 volarem.,Sed
1570 736 1821 789 Dominus

224 837 529 894 misericors
553 852 663 899 me,
689 850 718 887 a
750 832 1146 888 transeuntibus
1172 847 1238 885 ne
1261 829 1602 885 conculcarer
1626 836 1680 881 et
1702 842 1819 880 mo-

226 946 394 995 rerer,
427 927 658 991 levavit,
689 935 742 981 et
761 925 816 979 in
840 924 967 979 nido
989 924 1245 993 reposuit.
1273 921 1397 976 llmc
1417 919 1559 977 enim
1590 935 1673 973 me
1701 934 1821 988 pcr-

224 1022 590 1084 tuibaveruut,
620 1032 741 1088 qua:
771 1014 929 1071 modo
958 1015 1108 1069 vobis
1139 1027 1357 1069 securus
1382 1012 1433 1066 in
1467 1011 1681 1067 nomine
1710 1009 1817 1065 Do-

223 1112 351 1166 mini
393 1120 447 1163 et
476 1122 757 1179 propono,
782 1115 836 1160 et
861 1120 1090 1177 expono.

294 1203 345 1254 7.
416 1197 647 1254 Christus
702 1196 952 1265 quomodo
1025 1197 1161 1265 ﬁlius
1202 1195 1455 1249 Abraham
1523 1203 1568 1249 et
1627 1192 1815 1248 David.

222 1292 289 1348 L't
344 1306 472 1360 ergo
510 1290 693 1343 dicere
757 1302 1056 1363 coeperam,
1111 1286 1182 1340 ita
1248 1287 1322 1340 illi
1385 1284 1813 1341 calumniantur:

218 1384 535 1448 Mattbmus,
560 1382 834 1450 inquiunt,
865 1380 1194 1450 evangelista
1234 1388 1350 1443 est,
1381 1387 1437 1434 et
1480 1379 1699 1434 creditis
1728 1378 1818 1432 ei?

217 1474 631 1543 Consequenter
677 1472 857 1541 utique
904 1486 1062 1540 quem
1117 1469 1348 1525 fatemur
1396 1469 1812 1539 evangelistam,

220 1565 351 1619 huic
410 1563 721 1618 necessario
767 1560 1055 1616 credimus.
1112 1559 1384 1615 Attendite
1445 1560 1816 1630 generationes

216 1655 443 1719 Christi,
466 1670 598 1723 quas
631 1653 807 1722 posuit
826 1650 1101 1706 Matutinus
1126 1670 1140 1705 :
1162 1649 1314 1704 Liber
1332 1652 1666 1721 generationis
1689 1649 1815 1705 Iesu

218 1747 415 1802 Christi
431 1786 447 1810 ,
471 1747 566 1815 lilii
587 1744 774 1810 David,
794 1744 889 1812 filii
908 1741 1183 1795 Abraham.
1206 1741 1484 1809 Quomodo
1500 1741 1595 1809 ﬁlii
1626 1739 1811 1809 David,

215 1837 492 1910 quomodo
524 1836 620 1906 ﬁlii
652 1834 943 1888 Abraham?
967 1832 1079 1892 Nisi
1115 1832 1258 1889 enim
1304 1847 1397 1902 per
1422 1831 1812 1887 successionem

212 1931 432 2002 generis
451 1972 466 1996 ,
491 1926 701 1982 ostendi
722 1942 826 1980 non
857 1934 1048 1995 potest.
1083 1924 1299 1978 Constat
1333 1922 1524 1992 quippe
1551 1937 1671 1975 cum
1704 1921 1811 1987 Do-

214 2022 399 2076 minus
425 2028 737 2074 nasceretur
763 2016 830 2071 de
856 2015 1059 2085 virgine
1081 2013 1243 2067 Maria
1262 2055 1274 2076 ,
1309 2026 1476 2082 neque
1502 2011 1768 2065 Abraham
1793 2053 1810 2080 ,

215 2128 399 2182 neque
427 2110 593 2165 David
621 2109 671 2163 in
702 2108 859 2163 rebus
891 2107 1133 2160 humanis
1154 2106 1335 2161 fuisse.
1372 2106 1433 2158 lit.
1473 2113 1526 2158 tu
1565 2103 1812 2158 eumdem

214 2204 355 2260 dicis
402 2204 569 2257 ﬁlium
625 2199 830 2266 David,
860 2198 1212 2267 emndemque
1251 2197 1382 2251 dicis
1430 2195 1596 2251 ﬁlium
1640 2197 1813 2251 Abra-

217 2295 386 2349 ham?
429 2294 709 2363 Tanquam
730 2291 967 2345 dicamus
999 2288 1246 2342 Mattiaco
1266 2329 1282 2353 ,
1321 2286 1491 2341 Proba
1516 2301 1642 2357 ergo
1672 2285 1811 2355 quod

214 2386 375 2442 dicis.
423 2384 691 2453 Exspecto
732 2381 875 2436 enim
920 2378 1312 2435 successionem
1352 2377 1561 2447 generis
1597 2375 1811 2432 Christi.

219 2475 511 2541 Abraham,
556 2472 761 2543 inquit,
809 2470 980 2542 genuit
1021 2467 1206 2532 Isaac,
1241 2465 1394 2521 Isaac
1436 2476 1602 2520 autent
1648 2467 1815 2537 genuit

215 2565 401 2621 Iacob.
429 2564 595 2619 Iacob
624 2573 790 2617 autem
815 2561 985 2632 genuit
1012 2558 1205 2613 Iudam
1224 2599 1239 2623 ,
1270 2565 1314 2611 et
1350 2560 1531 2628 fratres
1560 2557 1687 2626 ejus.
1706 2552 1818 2610 Iu-

216 2660 307 2712 das
326 2670 500 2711 autem
529 2656 702 2727 genuit
728 2653 926 2707 Phares
958 2662 1004 2706 et
1040 2650 1231 2707 Zaram
1259 2649 1321 2704 de
1344 2647 1588 2703 Thamar.
1622 2646 1817 2731 Phares

218 2760 389 2805 autem
410 2749 587 2819 genuit
624 2746 810 2800 Esron.
842 2744 1005 2799 Esron
1047 2752 1213 2796 autem
1239 2743 1407 2814 genuit
1449 2741 1624 2795 Aram.
1663 2740 1818 2794 Aram

216 2853 387 2897 autem
412 2840 591 2913 genuit
620 2836 923 2891 Aminadab.
948 2834 1232 2889 Aminadab
1258 2844 1424 2887 autem
1447 2833 1615 2902 genuit
1642 2830 1815 2885 Naus-

217 2951 327 2989 son.
359 2931 612 2987 Naasson
649 2937 818 2981 autem
843 2927 1011 2998 genuit
1048 2924 1284 2980 Salmon.
1307 2922 1520 2978 Salmon
1544 2930 1708 2976 autem
1727 2938 1816 2992 ge-

217 3026 325 3081 nuit
348 3023 494 3077 Boos
512 3038 578 3076 ea:
609 3020 809 3075 Ita/tab.
844 3017 980 3072 Boos
1007 3031 1173 3093 autem
1202 3016 1369 3087 genuit
1398 3013 1536 3068 Obed
1564 3030 1627 3069 ex
1660 3015 1814 3069 Ruth.

221 3116 367 3173 οὐρά
390 3124 567 3169 autem
591 3113 761 3184 genuit
795 3111 957 3165 Iesse.
988 3108 1134 3163 Iesse
1152 3118 1316 3162 autem
1355 3106 1525 3177 genuit
1548 3103 1715 3160 David
1742 3122 1821 3159 re-

216 3227 351 3283 gent.
379 3208 503 3265 Iam
542 3207 668 3263 hinc
692 3206 949 3260 attendite
974 3200 1417 3274 quemadmodum
1442 3215 1473 3254 a
1505 3200 1664 3255 David
1696 3216 1819 3273 per-

220 3302 470 3356 veniatur
498 3298 567 3353 ad
592 3297 899 3361 Christum,
927 3294 1017 3365 qui
1059 3293 1231 3348 dictus
1280 3300 1361 3347 est
1389 3289 1526 3345 illius
1553 3290 1819 3345 Abraham

217 3404 271 3449 et
293 3393 438 3447 ﬁlius
474 3390 662 3444 David.
698 3387 861 3441 David
888 3394 1091 3450 autent,
1116 3382 1320 3453 inquit,
1349 3382 1521 3452 genuit
1576 3380 1819 3436 Salomo-

220 3501 334 3538 παπ
361 3498 429 3536 ex
453 3498 517 3535 ea
545 3496 663 3550 qua
687 3479 781 3550 fuit
828 3476 984 3532 Urite.
1026 3474 1272 3530 Salomon
1306 3483 1473 3528 autent
1496 3473 1665 3544 genuit
1710 3470 1817 3526 Ro-

222 3578 397 3631 boam.
428 3573 657 3627 ltoboam
688 3579 854 3624 autem
873 3568 1040 3639 genuit
1065 3566 1263 3619 Abiant.
1285 3564 1439 3618 Abias
1458 3574 1625 3618 autent
1652 3564 1822 3633 genuit

219 3666 347 3719 Δια.
381 3665 487 3719 Asa
511 3672 677 3716 autem
705 3660 877 3731 genuit
901 3657 1169 3726 Iosophat.
1188 3655 1440 3726 Iosophat
1458 3666 1625 3711 autem
1649 3656 1823 3726 genuit

222 3754 431 3809 Ioram.
460 3754 642 3807 Ioram
662 3760 829 3803 autem
868 3749 1036 3819 genuit
1060 3748 1257 3802 Oxiam.
1290 3745 1443 3803 Ozias
1467 3756 1630 3801 autem
1654 3748 1824 3816 genuit

219 3842 497 3900 Ioatham.
534 3840 779 3894 Ioathant
808 3849 973 3892 autem
1012 3837 1184 3908 genuit
1215 3836 1402 3892 Aehaz.
1450 3836 1623 3889 Acltaz
1657 3846 1822 3890 autem

218 3934 402 4004 genuit
450 3929 745 3986 Eaechiam.
796 3925 1062 3983 Ezechias.
1092 3935 1263 3980 autem
1313 3924 1482 3995 genuit
1506 3923 1819 3979 ‘Hanassen.
1842 3968 1855 3974 -

222 4024 499 4080 Ilanasses
522 4030 690 4075 autem
721 4020 893 4091 genuit
921 4019 1106 4072 Anton.
1139 4018 1303 4071 Aman
1343 4026 1508 4071 autem
1534 4017 1702 4087 genuit
1724 4014 1822 4071 Io-

218 4115 379 4173 siam.
404 4110 581 4166 Iosias
604 4121 772 4165 autem
811 4110 980 4180 genuit
1021 4108 1325 4163 Iechaniam
1367 4119 1411 4162 et
1452 4109 1633 4177 fratres
1674 4109 1783 4180 ejus
1804 4149 1821 4176 ,

217 4207 273 4260 in
301 4202 752 4274 transmigratione
778 4199 1073 4271 Babylonis.
1099 4196 1168 4252 Et
1195 4208 1307 4268 post
1335 4198 1825 4274 transmigrationem

216 4270 540 4366 Babylonis,
572 4291 844 4346 Iechonias
864 4270 1032 4363 genuit
1075 4289 1349 4346 Salathiel.
1382 4270 1635 4344 Salathiel
1654 4299 1824 4344 autem

216 4388 399 4461 genuit
426 4385 725 4441 Zorobabel.
756 4383 1036 4438 Zorobabel
1063 4393 1230 4436 autem
1254 4382 1423 4454 genuit
1444 4380 1627 4435 Abiud.
1659 4380 1826 4436 Abiud

214 4493 397 4537 autem
438 4479 611 4550 genuit
656 4475 930 4531 Eliachim.
976 4474 1229 4529 Eliachim
1271 4481 1437 4527 autent
1462 4472 1631 4543 genuit
1670 4475 1822 4528 Δία.

216 4573 363 4626 Am
386 4580 557 4624 autem
600 4569 770 4639 genuit
801 4568 993 4623 Sadac.
1034 4566 1206 4623 Sadoc
1228 4576 1395 4620 autent
1420 4565 1591 4637 genuit
1622 4566 1822 4620 Achim.

214 4667 411 4720 Achivis
438 4674 610 4717 autem
637 4662 806 4733 genuit
833 4659 1013 4718 Eliud.
1034 4658 1193 4715 Eliud
1209 4670 1375 4713 autem
1399 4658 1571 4730 genuit
1586 4657 1821 4713 Eleazar.

218 4754 449 4811 Eleazar
488 4763 656 4807 autem
697 4753 866 4824 genuit
915 4749 1147 4804 Mathan.
1196 4749 1409 4804 Mat/tan
1453 4759 1621 4803 autent
1656 4750 1825 4822 genuit

211 4845 410 4900 Iacob.
458 4841 622 4897 Iacob
667 4853 834 4897 autem
880 4842 1045 4912 genuit
1065 4840 1276 4911 Ioseph,
1307 4842 1471 4895 virum
1515 4840 1734 4896 Mariae:
1764 4840 1827 4895 de

211 4953 323 5006 qua
352 4946 508 4989 natus
532 4946 605 4989 est
628 4932 800 4996 Iesus,
825 4936 909 5003 qui
940 4942 1147 4987 vocatur
1174 4931 1423 4988 Christus.
1456 4932 1544 4989 Sic
1568 4947 1698 5002 ergo
1728 4947 1825 5002 per

213 5027 477 5082 ordinem
513 5025 1017 5093 successioncmque
1054 5032 1328 5092 parentum
1350 5034 1402 5079 et
1430 5024 1823 5095 progenitorum

211 5117 500 5175 invenitur
526 5113 776 5170 Christus
805 5113 945 5169 [ilius
975 5113 1138 5167 David
1161 5155 1175 5177 ,
1206 5113 1343 5167 ﬁlius
1368 5113 1658 5169 Abraham.

292 5208 354 5263 8.
409 5206 770 5261 Generationes
816 5203 878 5256 ab
927 5202 1185 5257 Abraham
1226 5219 1382 5274 usque
1428 5203 1495 5256 ad
1549 5202 1820 5258 Christum.

210 5298 321 5355 Cui
366 5299 445 5353 rei
487 5296 719 5351 ﬁdeliter
774 5304 1074 5357 enarratur,
1126 5295 1279 5348 istam
1344 5293 1660 5349 calumniam
1712 5294 1822 5364 pri-

210 5406 369 5447 mam
398 5396 616 5444 movent
634 5429 650 5453 ,
671 5385 795 5458 quia
826 5386 1065 5456 sequitur
1087 5385 1226 5441 idem
1255 5385 1551 5447 Matthteus.
1580 5394 1635 5441 et
1658 5385 1782 5440 dicit
1806 5404 1819 5438 :

215 5481 418 5536 Omnes
441 5477 790 5551 generationes
814 5477 878 5531 ab
906 5475 1161 5530 Abraham
1190 5491 1345 5543 usque
1365 5475 1433 5529 ad
1460 5474 1642 5541 David,
1669 5491 1822 5546 gene-

209 5572 451 5626 rationes
489 5568 879 5644 quatuordecim
904 5583 922 5620 :
950 5576 997 5622 et
1020 5583 1051 5619 a
1089 5564 1251 5620 David
1290 5582 1443 5636 usque
1489 5569 1555 5619 ad
1584 5568 1822 5620 transmi-

213 5663 508 5733 grutionem
538 5659 849 5731 Babylonis,
889 5657 1234 5730 generationes
1274 5657 1647 5726 quatuortlccint
1675 5672 1693 5710 :
1722 5667 1768 5711 tt
1792 5674 1823 5710 a

286 5770 305 5798 ¹
336 5774 407 5823 δίε
432 5773 608 5837 Regius
632 5768 723 5820 his.
745 5771 810 5823 At
828 5779 955 5830 ima,
989 5783 1131 5832 qum.
1149 5768 1346 5821 utiliter.

1753 344 1979 403 SEBMO
2016 345 2101 403 LI.

3369 348 3375 355 ’
3402 353 3507 410 538

1934 462 2370 534 transmigratione
2408 463 2678 537 Babylonis
2704 483 2860 534 usque
2892 468 2960 521 ad
2980 467 3236 524 Christum
3256 512 3272 537 ,
3294 486 3508 539 genera-

1928 552 2086 606 tiones
2106 554 2499 622 quatuordecim.
2532 556 2730 613 Deinde
2751 559 3003 627 subjecit,
3035 568 3091 614 ut
3120 569 3358 614 narraret
3378 575 3508 630 quo-

1926 644 2086 699 modo
2127 655 2279 701 natus
2317 655 2400 701 est
2426 646 2669 703 Christus
2720 649 2787 704 de
2816 650 2977 705 Maria
3019 651 3222 720 virgine
3246 692 3260 716 ,
3288 650 3507 719 subjun-

1924 748 2089 804 gens,
2136 744 2191 790 et
2242 735 2425 792 dicens
2464 736 2690 793 :Christi
2742 749 2907 793 autem
2956 741 3209 811 generatio
3253 742 3326 795 sic
3376 739 3500 795 erat.

1925 826 2132 881 Etenim
2186 829 2371 885 ordine
2414 840 2689 900 parentum
2737 833 3064 886 enumeravit
3101 847 3263 903 quare
3300 832 3505 888 dicatur

1924 917 2162 974 Christus
2192 919 2326 974 ﬁlius
2357 921 2541 989 David,
2574 920 2711 977 ﬁlius
2741 921 3026 977 Abraham.

1993 1008 2220 1068 CAPUT
2258 1012 2346 1068 Vl.
2381 1045 2451 1053 —
2473 1014 2751 1082 Quomodo
2778 1024 2953 1071 autem
3000 1024 3155 1071 natus
3200 1017 3299 1082 sit,
3342 1026 3394 1072 et
3423 1016 3503 1071 iu-

1924 1106 2006 1159 ter
2028 1100 2269 1156 homines
2315 1104 2655 1173 apparuerit,
2689 1106 2890 1159 narrari
2919 1105 3030 1175 jam
3067 1105 3263 1171 debet;
3295 1115 3349 1163 et
3373 1120 3501 1163 con-

1921 1205 2149 1261 sequens
2174 1201 2255 1245 est
2295 1193 2409 1262 ipsa
2432 1194 2661 1248 narratio
2681 1235 2696 1260 ,
2727 1211 2820 1263 per
2847 1211 3003 1266 quam
3030 1195 3295 1251 credimus
3319 1197 3500 1251 Domi—

1922 1298 2047 1335 num
2075 1292 2310 1337 nostrum
2349 1282 2529 1339 Iesum
2557 1284 2823 1339 Christum
2852 1301 2954 1340 non
3000 1286 3170 1341 solum
3214 1295 3395 1343 natum
3436 1285 3503 1340 de

1922 1371 2033 1426 Deo
2060 1374 2414 1444 sempiterno,
2440 1384 2761 1430 coa'ternum
2788 1376 2835 1431 ei
2860 1377 2948 1446 qui
2974 1378 3157 1448 genuit
3174 1387 3299 1435 ante
3323 1378 3500 1434 omnia

1921 1469 2181 1531 tempora,
2211 1473 2332 1518 ante
2357 1480 2569 1520 onmem
2588 1475 2902 1532 creaturam,
2930 1482 3024 1537 per
3047 1483 3201 1538 quem
3224 1466 3359 1523 facta
3378 1478 3502 1523 sunt

1919 1551 2096 1605 omnia
2120 1569 2135 1617 ;
2165 1552 2257 1608 sed
2278 1555 2436 1609 etiam
2453 1554 2561 1623 jam
2587 1565 2767 1610 natum
2796 1555 2863 1612 de
2883 1557 3080 1627 Spiritu
3102 1565 3284 1613 sancto
3310 1572 3374 1613 ex
3398 1558 3500 1612 vir-

1918 1641 2039 1711 gine
2064 1643 2223 1698 Maria
2243 1687 2258 1711 ,
2288 1646 2430 1715 quod
2480 1648 2678 1717 pariter
2714 1648 3047 1705 conﬁtemur.
3081 1649 3499 1707 Reminiscimini

1918 1732 2059 1786 enim
2104 1742 2158 1788 et
2212 1736 2381 1790 nostis
2423 1736 2749 1807 (Catholieis
2785 1739 2979 1809 quippe
3022 1740 3212 1809 loquor
3252 1738 3501 1794 fratribus

1918 1822 2081 1886 meis)
2111 1823 2246 1879 hanc
2274 1841 2393 1881 esse
2420 1827 2575 1882 [idem
2617 1838 2851 1882 nostram
2876 1871 2892 1893 ,
2922 1829 3023 1884 hoc
3062 1845 3158 1885 nos
3185 1828 3417 1899 profiteri
3449 1842 3502 1885 et

1917 1914 2178 1969 conﬁteri.
2214 1915 2316 1970 Pro
2356 1917 2453 1972 ista
2482 1918 2584 1973 ﬁde
2614 1918 2888 1975 interfecta
2939 1928 3065 1976 sunt
3099 1920 3261 1976 millia
3298 1930 3499 1993 marty-

1918 2020 2057 2073 rum,
2088 2016 2197 2062 toto
2222 2010 2350 2063 orbe
2373 2018 2652 2065 terrarum.

1989 2098 2044 2153 9.
2102 2098 2371 2171 Conceptio
2407 2099 2592 2156 Christi
2659 2103 2722 2157 de
2787 2103 2986 2173 Spiritu
3035 2112 3230 2158 sancto.
3292 2104 3501 2158 Iustitia

1916 2186 2108 2256 Ioseph
2153 2190 2382 2257 sincera,
2430 2208 2529 2245 non
2578 2208 2729 2247 swva.
2784 2193 2896 2248 Iloc
2929 2195 3071 2248 enim
3131 2193 3273 2264 quod
3324 2196 3501 2264 sequis

1920 2287 2004 2332 tur
2034 2279 2212 2333 volunt
2242 2280 2314 2333 illi
2342 2281 2537 2346 ridere,
2555 2283 2645 2353 qui
2667 2282 2847 2337 volunt
2864 2282 3019 2338 ﬁdem
3045 2283 3303 2362 derogare
3328 2284 3501 2340 Libris

1917 2369 2271 2440 erangelieis:
2302 2380 2360 2426 ut
2378 2387 2477 2426 nos
2501 2372 2665 2428 veluti
2685 2374 2966 2430 ostendant
2992 2384 3190 2430 temere
3212 2374 3502 2430 credidisse

1917 2461 2057 2531 quod
2101 2463 2329 2518 dicitur:
2358 2463 2485 2518 Cum
2512 2475 2637 2520 esset
2674 2467 2977 2537 desponsata
3015 2477 3173 2522 mater
3195 2468 3306 2539 ejus
3331 2465 3504 2522 Maria

1915 2553 2136 2626 Ioseph,
2163 2565 2430 2629 antequam
2466 2560 2815 2626 convenirent,
2832 2560 3038 2617 inventa
3058 2568 3128 2614 est
3152 2561 3209 2613 in
3237 2568 3376 2613 utero
3406 2559 3503 2612 ha-

1919 2645 2035 2701 bens
2055 2648 2119 2702 de
2145 2647 2345 2719 Spiritu
2366 2659 2564 2705 sancto.
2587 2648 2781 2720 Ioseph
2805 2661 2972 2705 autem
3006 2652 3079 2704 vir
3114 2652 3355 2723 ejuscum
3375 2663 3503 2706 esset

1911 2739 2080 2808 justus
2105 2780 2120 2804 ,
2154 2746 2204 2794 et
2228 2740 2382 2795 nollet
2404 2756 2515 2795 eam
2553 2740 2841 2806 traducere,
2877 2741 3030 2795 voluit
3072 2757 3180 2810 eam
3217 2742 3407 2795 occulte
3425 2741 3503 2795 di-

1920 2829 2129 2883 mittere.
2152 2829 2285 2899 Quia
2310 2830 2451 2885 enim
2482 2830 2548 2885 de
2591 2845 2649 2885 se
2674 2829 2944 2901 gravidam
2994 2845 3099 2887 non
3123 2845 3241 2886 esse
3264 2830 3462 2886 sciebat
3486 2871 3501 2895 ,

1917 2917 2026 2987 jam
2055 2919 2199 2975 velut
2239 2929 2629 2990 consequenter
2652 2921 2946 2976 adulteram
2984 2921 3336 2976 existimabat.
3374 2920 3503 2977 Cum

1920 3021 2048 3064 esset
2083 3012 2284 3083 justus,
2314 3012 2451 3067 sicut
2492 3012 2766 3084 Scriptura
2797 3012 2925 3068 dicit
2946 3055 2962 3080 ,
2988 3023 3035 3067 et
3082 3014 3236 3069 nollet
3261 3008 3373 3068 eam
3399 3023 3505 3068 tra-

1921 3099 2121 3168 ducere,
2152 3102 2204 3157 id
2229 3111 2309 3158 est
2336 3102 2629 3174 divulgare,
2658 3119 2779 3158 nam
2802 3104 2903 3159 hoc
2926 3106 3085 3161 etiam
3116 3105 3267 3160 multi
3294 3104 3504 3161 codices

1924 3191 2160 3259 habent;
2187 3194 2341 3249 voluit
2362 3211 2474 3249 eam
2503 3196 2695 3251 occulte
2713 3195 2977 3250 dimittere.
3003 3196 3271 3253 Turbatur
3291 3196 3504 3269 quidem

1923 3286 2177 3354 maritus,
2206 3286 2300 3341 sed
2347 3301 2452 3341 non
2504 3287 2658 3342 saevit
2678 3286 2871 3357 justus.
2905 3287 3072 3342 Tanta
3116 3288 3259 3344 enim
3303 3287 3504 3357 iustitia

1927 3375 2174 3432 tribuitur
2204 3377 2327 3432 huic
2351 3379 2494 3444 viro,
2525 3388 2582 3433 ut
2604 3393 2707 3434 nec
2746 3380 2906 3435 vellet
2948 3379 3147 3436 habere
3171 3380 3460 3435 adulteram
3490 3422 3503 3441 ,

1924 3481 2024 3522 nec
2049 3466 2269 3523 auderet
2311 3468 2498 3538 punire
2518 3469 2801 3545 vulgatam.
2844 3470 3018 3527 Voluit
3047 3488 3173 3535 earn,
3196 3471 3401 3540 inquit,
3424 3486 3508 3523 οι·-

1924 3559 2058 3612 culte
2107 3556 2356 3613 dimittere
2383 3576 2404 3615 :
2432 3560 2556 3630 quia
2604 3577 2710 3617 non
2737 3563 2908 3618 solum
2937 3578 3055 3619 eam
3076 3563 3263 3632 punire
3308 3562 3506 3628 noluit,

1924 3647 2019 3702 sed
2070 3662 2169 3703 nec
2213 3648 2458 3718 prodere.
2503 3651 2772 3708 Attendite
2796 3654 3055 3708 sinceram
3085 3652 3365 3724 justitiam.
3394 3652 3508 3709 Non

1926 3738 2068 3795 enim
2099 3748 2379 3809 propterea
2407 3757 2627 3812 parcere
2656 3742 2899 3807 volebat,
2922 3742 3065 3813 quod
3104 3743 3304 3798 habere
3322 3745 3508 3814 cupie-

1926 3831 2035 3886 bat.
2062 3831 2212 3887 Multi
2234 3833 2376 3889 enim
2408 3850 2591 3891 amore
2619 3835 2817 3891 carnali
2843 3835 3099 3892 adulteris
3119 3837 3370 3893 uxoribus
3388 3852 3511 3907 par-

1926 3933 2093 3991 cunt,
2124 3926 2365 3984 volentes
2411 3943 2503 3984 eas
2545 3937 2599 3983 et
2638 3916 2906 3982 adulteras
2930 3928 3156 3993 habere,
3201 3938 3260 3983 ut
3295 3928 3374 3984 eis
3416 3943 3509 3998 per

1927 4015 2194 4071 carnalem
2216 4018 2696 4088 concupiscentiam
2726 4018 3082 4087 perfruantur.
3113 4018 3209 4074 llic
3232 4026 3408 4072 autem
3432 4019 3509 4074 vir

1923 4108 2100 4175 justus
2121 4108 2313 4163 habere
2342 4124 2459 4163 eam
2491 4124 2599 4164 non
2642 4109 2751 4163 vult
2776 4124 2936 4179 :ergo
2972 4125 3079 4164 non
3117 4110 3399 4165 carnaliter
3423 4110 3508 4165 di-

1929 4199 2063 4270 ligit.
2111 4201 2177 4254 Et
2201 4209 2378 4254 tamen
2418 4201 2602 4270 punire
2618 4217 2722 4255 non
2752 4200 2902 4254 vult:
2933 4216 3062 4270 ergo
3096 4200 3509 4257 misericorditer

1930 4291 2119 4361 parcit.
2150 4289 2331 4357 Qualis
2373 4289 2459 4344 hic
2481 4293 2655 4359 justus
2691 4292 2814 4345 est?
2838 4291 2947 4346 Nec
2987 4300 3131 4346 tenet
3174 4290 3508 4359 adulteram,

1929 4398 2030 4437 nec
2047 4391 2327 4451 propterea
2338 4397 2553 4449 parcere
2571 4380 2855 4453 videtur(a)
2865 4423 2880 4448 ,
2895 4382 3018 4452 quia
3038 4382 3318 4436 libidinose
3330 4381 3507 4453 dilige-

1930 4482 2011 4527 ret
2045 4490 2058 4525 :
2091 4481 2146 4526 et
2169 4481 2341 4526 tamen
2389 4486 2489 4527 nec
2538 4472 2719 4541 punit,
2752 4487 2851 4527 nec
2891 4472 3086 4541 prodit.
3118 4470 3307 4526 Merito
3354 4473 3509 4543 plane

1931 4564 2085 4619 testis
2101 4564 2301 4618 electus
2335 4573 2416 4618 est
2440 4564 2753 4634 virginitatis
2782 4564 2984 4620 uxoris.
3003 4565 3102 4633 Qui
3124 4581 3251 4635 ergo
3283 4564 3508 4621 humana

1928 4657 2234 4712 inﬁrmitate
2253 4656 2578 4723 turbabatur,
2600 4656 2774 4711 divina
2803 4658 3113 4712 auctoritate
3144 4658 3380 4712 ﬁrmatus
3403 4669 3508 4715 εει.

1999 4745 2223 4802 CAPUT
2263 4745 2373 4801 VII.
2424 4748 2619 4800 ~10.
2671 4745 3027 4816 luterpretatio
3089 4749 3306 4802 nominis
3363 4748 3508 4802 Iesu.

1928 4837 2178 4907 Sequitur
2211 4837 2351 4891 enim
2374 4878 2389 4901 ,
2420 4845 2475 4891 et
2515 4836 2644 4890 dicit
2694 4836 3028 4905 Evangelista
3060 4854 3073 4893 :
3103 4836 3225 4892 Ha’c
3261 4854 3319 4891 co
3367 4840 3535 4907 cagtoé

1928 4938 2090 4993 tante,
2143 4944 2252 4981 ecce
2286 4928 2494 4996 angelus
2529 4925 2731 4980 Domini
2769 4928 2822 4979 in
2849 4929 3037 4981 somnis
3070 4928 3316 4997 apparuit
3353 4929 3397 4981 ei
3433 4922 3533 4981 diei

1927 5036 2044 5073 cens
2065 5034 2084 5072 :
2108 5016 2331 5085 Ioseph,
2364 5016 2469 5068 noli
2513 5017 2687 5069 timere
2727 5016 2953 5085 accipere
2997 5017 3213 5069 Mariam
3249 5017 3510 5087 coniugem

1929 5121 2088 5163 tuam.
2119 5106 2267 5173 Quod
2291 5108 2422 5160 enim
2449 5106 2502 5160 in
2541 5123 2600 5160 ea
2651 5115 2823 5159 natum
2859 5118 2961 5172 est,
3004 5106 3067 5161 de
3095 5106 3293 5176 Spiritu
3339 5119 3509 5161 sancto

1927 5210 2018 5254 est.
2054 5198 2226 5253 Pariet
2250 5206 2418 5251 autem
2443 5195 2606 5266 ﬁlium
2626 5238 2641 5262 ,
2674 5207 2722 5250 et
2746 5198 2941 5251 vocabis
2974 5212 3151 5252 nomen
3184 5200 3291 5269 (jus
3314 5197 3508 5254 Iesum.

1927 5290 2103 5357 Quare
2133 5287 2312 5342 Iesum
2331 5289 2357 5343 ?
2382 5284 2504 5358 Ipse
2528 5287 2661 5341 enim
2680 5328 2695 5354 ,
2720 5286 2920 5357 inquit,
2947 5286 3142 5342 salvum
3182 5289 3329 5360 faciet
3349 5306 3511 5359 popu-

1926 5383 2034 5437 lum
2058 5398 2205 5437 suum
2234 5398 2265 5434 a
2287 5382 2505 5451 peccatis
2539 5397 2709 5436 eorum
2743 5379 2964 5452 (Matth.
2993 5396 3045 5445 ι,
3077 5380 3264 5449 1-9.1).
3311 5380 3512 5437 Intelli-

1924 5475 2067 5543 gitur
2086 5487 2215 5544 ergo
2247 5473 2429 5529 Jesum
2470 5471 2681 5527 ltebrtea
2720 5472 2895 5541 lingua
2922 5512 2935 5534 .
2966 5470 3126 5525 latine
3174 5471 3513 5542 interpretari

1924 5565 2275 5630 Salvatorem,
2304 5563 2445 5634 quod
2492 5579 2554 5619 es
2597 5563 2709 5632 ipsa
2762 5562 2989 5617 nominis
3045 5564 3376 5632 expositione
3414 5564 3511 5623 ad-
3576 5556 3579 5559 ’

1928 5656 2201 5709 vertimus.
2239 5653 2510 5723 Tanquam
2547 5653 2688 5707 enim
2720 5663 3078 5723 qtttercretutt,
3101 5668 3263 5727 quare
3291 5654 3513 5713 Iesum!

1992 5768 2064 5831 (τι)
2086 5775 2241 5827 Forte,
2263 5779 2420 5817 ne.....
2441 5764 2694 5817 rideretur.
