  <div class='ocr_page' id='page_1' title='image "/cluster/home/n/w/nwhite01/storage/ocr_20150623/38/hvd.32044096580600/175.png"; bbox 0 0 3988 6190; ppageno 0'>
   <div class='ocr_carea' id='block_1_1' title="bbox 1098 255 1219 269">
    <p class='ocr_par' dir='ltr' id='par_1_1' title="bbox 1098 255 1219 269">
     <span class='ocr_line' id='line_1_1' title="bbox 1098 255 1219 269; baseline -0.008 -6"><span class='ocrx_word' id='word_1_1' title='bbox 1098 258 1113 263; x_wconf 83' lang='grc'><strong>-.</strong></span> <span class='ocrx_word' id='word_1_2' title='bbox 1135 255 1219 269; x_wconf 65' lang='grc' dir='ltr'><strong>..,,,,ρ</strong></span> 
     </span>
    </p>
   </div>
   <div class='ocr_carea' id='block_1_2' title="bbox 728 260 1053 276">
    <p class='ocr_par' dir='ltr' id='par_1_2' title="bbox 728 260 1053 276">
     <span class='ocr_line' id='line_1_2' title="bbox 728 260 1053 276; baseline -0.006 -1"><span class='ocrx_word' id='word_1_3' title='bbox 728 260 1053 276; x_wconf 56' lang='lat' dir='ltr'><strong>.m</strong></span> 
     </span>
    </p>
   </div>
   <div class='ocr_carea' id='block_1_3' title="bbox 410 408 2015 503">
    <p class='ocr_par' dir='ltr' id='par_1_3' title="bbox 410 408 2015 503">
     <span class='ocr_line' id='line_1_3' title="bbox 410 408 2015 503; baseline -0.023 -5"><span class='ocrx_word' id='word_1_4' title='bbox 410 408 688 497; x_wconf 67' lang='lat' dir='ltr'><strong>continuo</strong></span> <span class='ocrx_word' id='word_1_5' title='bbox 723 432 945 503; x_wconf 74' lang='lat' dir='ltr'><strong>subjecit</strong></span> <span class='ocrx_word' id='word_1_6' title='bbox 967 469 979 493; x_wconf 87' lang='lat'><strong>,</strong></span> <span class='ocrx_word' id='word_1_7' title='bbox 1005 425 1263 480; x_wconf 89' lang='lat' dir='ltr'><strong>rationem</strong></span> <span class='ocrx_word' id='word_1_8' title='bbox 1297 417 1537 475; x_wconf 75' lang='lat' dir='ltr'><strong>vocabuli</strong></span> <span class='ocrx_word' id='word_1_9' title='bbox 1582 415 1827 485; x_wconf 88' lang='lat' dir='ltr'><strong>aperiens</strong></span> <span class='ocrx_word' id='word_1_10' title='bbox 1849 452 1863 477; x_wconf 86' lang='lat'><strong>,</strong></span> <span class='ocrx_word' id='word_1_11' title='bbox 1893 410 2015 480; x_wconf 80' lang='lat' dir='ltr'><strong>Ipse</strong></span> 
     </span>
    </p>
   </div>
   <div class='ocr_carea' id='block_1_4' title="bbox 440 499 2016 595">
    <p class='ocr_par' dir='ltr' id='par_1_4' title="bbox 440 499 2016 595">
     <span class='ocr_line' id='line_1_4' title="bbox 440 499 2016 595; baseline -0.022 -11"><span class='ocrx_word' id='word_1_12' title='bbox 440 531 569 583; x_wconf 70' lang='lat' dir='ltr'><strong>enim</strong></span> <span class='ocrx_word' id='word_1_13' title='bbox 591 569 604 595; x_wconf 91' lang='lat'><strong>,</strong></span> <span class='ocrx_word' id='word_1_14' title='bbox 636 523 801 594; x_wconf 89' lang='lat' dir='ltr'><strong>inquit</strong></span> <span class='ocrx_word' id='word_1_15' title='bbox 819 499 842 584; x_wconf 37' lang='grc'><strong>⁷,</strong></span> <span class='ocrx_word' id='word_1_16' title='bbox 872 519 1065 573; x_wconf 80' lang='lat' dir='ltr'><strong>salvum</strong></span> <span class='ocrx_word' id='word_1_17' title='bbox 1104 513 1250 582; x_wconf 76' lang='lat' dir='ltr'><strong>faciet</strong></span> <span class='ocrx_word' id='word_1_18' title='bbox 1293 508 1535 580; x_wconf 83' lang='lat' dir='ltr'><strong>populum</strong></span> <span class='ocrx_word' id='word_1_19' title='bbox 1577 520 1718 558; x_wconf 81' lang='lat' dir='ltr'><strong>suum</strong></span> <span class='ocrx_word' id='word_1_20' title='bbox 1741 520 1772 554; x_wconf 89' lang='lat' dir='ltr'><strong>a</strong></span> <span class='ocrx_word' id='word_1_21' title='bbox 1802 499 2016 570; x_wconf 82' lang='lat' dir='ltr'><strong>peccatis</strong></span> 
     </span>
    </p>
   </div>
   <div class='ocr_carea' id='block_1_5' title="bbox 439 591 2015 679">
    <p class='ocr_par' dir='ltr' id='par_1_5' title="bbox 439 591 2015 679">
     <span class='ocr_line' id='line_1_5' title="bbox 439 591 2015 679; baseline -0.02 -6"><span class='ocrx_word' id='word_1_22' title='bbox 439 591 631 672; x_wconf 63' lang='lat' dir='ltr'><strong>eorum.</strong></span> <span class='ocrx_word' id='word_1_23' title='bbox 660 591 770 668; x_wconf 73' lang='lat' dir='ltr'><strong>Hoc</strong></span> <span class='ocrx_word' id='word_1_24' title='bbox 797 609 881 679; x_wconf 90' lang='lat' dir='ltr'><strong>pie</strong></span> <span class='ocrx_word' id='word_1_25' title='bbox 906 605 1192 667; x_wconf 81' lang='lat' dir='ltr'><strong>credimus,</strong></span> <span class='ocrx_word' id='word_1_26' title='bbox 1225 600 1324 654; x_wconf 92' lang='lat' dir='ltr'><strong>hoc</strong></span> <span class='ocrx_word' id='word_1_27' title='bbox 1354 595 1654 652; x_wconf 90' lang='lat' dir='ltr'><strong>lirmissime</strong></span> <span class='ocrx_word' id='word_1_28' title='bbox 1692 591 1981 646; x_wconf 90' lang='lat' dir='ltr'><strong>retinemus</strong></span> <span class='ocrx_word' id='word_1_29' title='bbox 2000 628 2015 653; x_wconf 90' lang='lat'><strong>,</strong></span> 
     </span>
    </p>
   </div>
   <div class='ocr_carea' id='block_1_6' title="bbox 443 678 2014 764">
    <p class='ocr_par' dir='ltr' id='par_1_6' title="bbox 443 678 2014 764">
     <span class='ocr_line' id='line_1_6' title="bbox 443 678 2014 764; baseline -0.02 -2"><span class='ocrx_word' id='word_1_30' title='bbox 443 718 624 762; x_wconf 83' lang='lat' dir='ltr'><strong>natum</strong></span> <span class='ocrx_word' id='word_1_31' title='bbox 647 678 913 757; x_wconf 77' lang='lat' dir='ltr'><strong>Christum</strong></span> <span class='ocrx_word' id='word_1_32' title='bbox 948 696 1015 750; x_wconf 92' lang='lat' dir='ltr'><strong>de</strong></span> <span class='ocrx_word' id='word_1_33' title='bbox 1061 692 1259 764; x_wconf 91' lang='lat' dir='ltr'><strong>Spiritu</strong></span> <span class='ocrx_word' id='word_1_34' title='bbox 1303 695 1488 743; x_wconf 88' lang='lat' dir='ltr'><strong>sancto</strong></span> <span class='ocrx_word' id='word_1_35' title='bbox 1515 699 1582 740; x_wconf 82' lang='lat' dir='ltr'><strong>ex</strong></span> <span class='ocrx_word' id='word_1_36' title='bbox 1606 682 1807 751; x_wconf 79' lang='lat' dir='ltr'><strong>virgine</strong></span> <span class='ocrx_word' id='word_1_37' title='bbox 1837 678 2014 733; x_wconf 77' lang='lat' dir='ltr'><strong>Maria.</strong></span> 
     </span>
    </p>
   </div>
   <div class='ocr_carea' id='block_1_7' title="bbox 513 770 2023 849">
    <p class='ocr_par' dir='ltr' id='par_1_7' title="bbox 513 770 2023 849">
     <span class='ocr_line' id='line_1_7' title="bbox 513 770 2023 849; baseline -0.019 0"><span class='ocrx_word' id='word_1_38' title='bbox 513 796 598 849; x_wconf 83' lang='lat' dir='ltr'><strong>Il.</strong></span> <span class='ocrx_word' id='word_1_39' title='bbox 648 790 852 847; x_wconf 80' lang='lat' dir='ltr'><strong>Utilitas</strong></span> <span class='ocrx_word' id='word_1_40' title='bbox 895 786 1253 841; x_wconf 66' lang='lat' dir='ltr'><strong>hereticorum.</strong></span> <span class='ocrx_word' id='word_1_41' title='bbox 1311 776 1514 833; x_wconf 83' lang='lat' dir='ltr'><strong>Ulititas</strong></span> <span class='ocrx_word' id='word_1_42' title='bbox 1561 790 1649 844; x_wconf 84' lang='lat' dir='ltr'><strong>per</strong></span> <span class='ocrx_word' id='word_1_43' title='bbox 1691 770 2023 837; x_wconf 81' lang='lat' dir='ltr'><strong>Judampro-</strong></span> 
     </span>
    </p>
   </div>
   <div class='ocr_carea' id='block_1_8' title="bbox 445 857 2017 944">
    <p class='ocr_par' dir='ltr' id='par_1_8' title="bbox 445 857 2017 944">
     <span class='ocr_line' id='line_1_8' title="bbox 445 857 2017 944; baseline -0.017 -8"><span class='ocrx_word' id='word_1_44' title='bbox 445 887 677 939; x_wconf 69' lang='grc' dir='ltr'><strong>ἄξιοι-ειη.</strong></span> <span class='ocrx_word' id='word_1_45' title='bbox 724 878 802 932; x_wconf 84' lang='lat' dir='ltr'><strong>Illi</strong></span> <span class='ocrx_word' id='word_1_46' title='bbox 856 889 983 944; x_wconf 88' lang='lat' dir='ltr'><strong>ergo</strong></span> <span class='ocrx_word' id='word_1_47' title='bbox 1019 870 1144 942; x_wconf 90' lang='lat' dir='ltr'><strong>quid</strong></span> <span class='ocrx_word' id='word_1_48' title='bbox 1183 866 1403 923; x_wconf 87' lang='lat' dir='ltr'><strong>dicunt?</strong></span> <span class='ocrx_word' id='word_1_49' title='bbox 1425 864 1482 919; x_wconf 90' lang='lat' dir='ltr'><strong>Si</strong></span> <span class='ocrx_word' id='word_1_50' title='bbox 1500 864 1784 925; x_wconf 88' lang='lat' dir='ltr'><strong>invenero,</strong></span> <span class='ocrx_word' id='word_1_51' title='bbox 1817 857 2017 926; x_wconf 91' lang='lat' dir='ltr'><strong>inquit,</strong></span> 
     </span>
    </p>
   </div>
   <div class='ocr_carea' id='block_1_9' title="bbox 443 949 2024 1035">
    <p class='ocr_par' dir='ltr' id='par_1_9' title="bbox 443 949 2024 1035">
     <span class='ocr_line' id='line_1_9' title="bbox 443 949 2024 1035; baseline -0.021 -2"><span class='ocrx_word' id='word_1_52' title='bbox 443 972 806 1035; x_wconf 82' lang='lat' dir='ltr'><strong>mendacium,</strong></span> <span class='ocrx_word' id='word_1_53' title='bbox 830 976 998 1023; x_wconf 89' lang='lat' dir='ltr'><strong>totum</strong></span> <span class='ocrx_word' id='word_1_54' title='bbox 1037 972 1180 1018; x_wconf 85' lang='lat' dir='ltr'><strong>certe</strong></span> <span class='ocrx_word' id='word_1_55' title='bbox 1224 975 1329 1013; x_wconf 87' lang='lat' dir='ltr'><strong>non</strong></span> <span class='ocrx_word' id='word_1_56' title='bbox 1359 955 1552 1012; x_wconf 87' lang='lat' dir='ltr'><strong>credis.</strong></span> <span class='ocrx_word' id='word_1_57' title='bbox 1595 951 1814 1016; x_wconf 87' lang='lat' dir='ltr'><strong>Inveni,</strong></span> <span class='ocrx_word' id='word_1_58' title='bbox 1848 949 2024 1004; x_wconf 87' lang='lat' dir='ltr'><strong>videa-</strong></span> 
     </span>
    </p>
   </div>
   <div class='ocr_carea' id='block_1_10' title="bbox 446 1036 2022 1127">
    <p class='ocr_par' dir='ltr' id='par_1_10' title="bbox 446 1036 2022 1127">
     <span class='ocr_line' id='line_1_10' title="bbox 446 1036 2022 1127; baseline -0.02 -6"><span class='ocrx_word' id='word_1_59' title='bbox 446 1078 586 1121; x_wconf 87' lang='lat' dir='ltr'><strong>mus.</strong></span> <span class='ocrx_word' id='word_1_60' title='bbox 609 1061 840 1117; x_wconf 82' lang='lat' dir='ltr'><strong>Numero</strong></span> <span class='ocrx_word' id='word_1_61' title='bbox 873 1054 1264 1127; x_wconf 71' lang='lat' dir='ltr'><strong>generationes.</strong></span> <span class='ocrx_word' id='word_1_62' title='bbox 1305 1045 1384 1100; x_wconf 93' lang='lat' dir='ltr'><strong>Illi</strong></span> <span class='ocrx_word' id='word_1_63' title='bbox 1429 1044 1570 1098; x_wconf 90' lang='lat' dir='ltr'><strong>enim</strong></span> <span class='ocrx_word' id='word_1_64' title='bbox 1597 1056 1693 1111; x_wconf 89' lang='lat' dir='ltr'><strong>per</strong></span> <span class='ocrx_word' id='word_1_65' title='bbox 1732 1036 2022 1093; x_wconf 75' lang='lat' dir='ltr'><strong>calumnias</strong></span> 
     </span>
    </p>
   </div>
   <div class='ocr_carea' id='block_1_11' title="bbox 442 1126 2019 1208">
    <p class='ocr_par' dir='ltr' id='par_1_11' title="bbox 442 1126 2019 1208">
     <span class='ocr_line' id='line_1_11' title="bbox 442 1126 2019 1208; baseline -0.02 0"><span class='ocrx_word' id='word_1_66' title='bbox 442 1166 569 1208; x_wconf 83' lang='lat' dir='ltr'><strong>suas</strong></span> <span class='ocrx_word' id='word_1_67' title='bbox 595 1149 664 1205; x_wconf 90' lang='lat' dir='ltr'><strong>ad</strong></span> <span class='ocrx_word' id='word_1_68' title='bbox 689 1147 744 1204; x_wconf 90' lang='lat' dir='ltr'><strong>id</strong></span> <span class='ocrx_word' id='word_1_69' title='bbox 763 1158 860 1202; x_wconf 88' lang='lat' dir='ltr'><strong>nos</strong></span> <span class='ocrx_word' id='word_1_70' title='bbox 884 1126 1105 1197; x_wconf 82' lang='lat' dir='ltr'><strong>Invitant</strong></span> <span class='ocrx_word' id='word_1_71' title='bbox 1128 1180 1143 1204; x_wconf 96' lang='lat'><strong>,</strong></span> <span class='ocrx_word' id='word_1_72' title='bbox 1173 1146 1226 1192; x_wconf 90' lang='lat' dir='ltr'><strong>et</strong></span> <span class='ocrx_word' id='word_1_73' title='bbox 1243 1135 1526 1189; x_wconf 87' lang='lat' dir='ltr'><strong>adducunt.</strong></span> <span class='ocrx_word' id='word_1_74' title='bbox 1561 1129 1617 1184; x_wconf 86' lang='lat' dir='ltr'><strong>Si</strong></span> <span class='ocrx_word' id='word_1_75' title='bbox 1646 1130 1727 1198; x_wconf 87' lang='lat' dir='ltr'><strong>pie</strong></span> <span class='ocrx_word' id='word_1_76' title='bbox 1747 1126 1981 1179; x_wconf 75' lang='lat' dir='ltr'><strong>vivamus</strong></span> <span class='ocrx_word' id='word_1_77' title='bbox 2004 1164 2019 1189; x_wconf 95' lang='lat'><strong>,</strong></span> 
     </span>
    </p>
   </div>
   <div class='ocr_carea' id='block_1_12' title="bbox 450 1222 2025 1305">
    <p class='ocr_par' dir='ltr' id='par_1_12' title="bbox 450 1222 2025 1305">
     <span class='ocr_line' id='line_1_12' title="bbox 450 1222 2025 1305; baseline -0.023 -1"><span class='ocrx_word' id='word_1_78' title='bbox 450 1246 496 1305; x_wconf 79' lang='lat' dir='ltr'><strong>si</strong></span> <span class='ocrx_word' id='word_1_79' title='bbox 535 1242 803 1298; x_wconf 88' lang='lat' dir='ltr'><strong>Christum</strong></span> <span class='ocrx_word' id='word_1_80' title='bbox 848 1235 1147 1296; x_wconf 89' lang='lat' dir='ltr'><strong>credamus,</strong></span> <span class='ocrx_word' id='word_1_81' title='bbox 1179 1230 1223 1282; x_wconf 93' lang='lat' dir='ltr'><strong>si</strong></span> <span class='ocrx_word' id='word_1_82' title='bbox 1250 1242 1353 1281; x_wconf 91' lang='lat' dir='ltr'><strong>non</strong></span> <span class='ocrx_word' id='word_1_83' title='bbox 1382 1225 1449 1278; x_wconf 90' lang='lat' dir='ltr'><strong>de</strong></span> <span class='ocrx_word' id='word_1_84' title='bbox 1494 1222 1617 1276; x_wconf 88' lang='lat' dir='ltr'><strong>nido</strong></span> <span class='ocrx_word' id='word_1_85' title='bbox 1652 1228 1772 1273; x_wconf 91' lang='lat' dir='ltr'><strong>ante</strong></span> <span class='ocrx_word' id='word_1_86' title='bbox 1817 1228 2025 1285; x_wconf 82' lang='lat' dir='ltr'><strong>tempus</strong></span> 
     </span>
    </p>
   </div>
   <div class='ocr_carea' id='block_1_13' title="bbox 448 1306 2026 1405">
    <p class='ocr_par' dir='ltr' id='par_1_13' title="bbox 448 1306 2026 1405">
     <span class='ocr_line' id='line_1_13' title="bbox 448 1306 2026 1405; baseline -0.022 -12"><span class='ocrx_word' id='word_1_87' title='bbox 448 1336 727 1405; x_wconf 85' lang='lat' dir='ltr'><strong>cupiamus</strong></span> <span class='ocrx_word' id='word_1_88' title='bbox 755 1331 959 1392; x_wconf 86' lang='lat' dir='ltr'><strong>volare,</strong></span> <span class='ocrx_word' id='word_1_89' title='bbox 1004 1324 1069 1378; x_wconf 87' lang='lat' dir='ltr'><strong>ad</strong></span> <span class='ocrx_word' id='word_1_90' title='bbox 1114 1322 1162 1376; x_wconf 91' lang='lat' dir='ltr'><strong>id</strong></span> <span class='ocrx_word' id='word_1_91' title='bbox 1213 1332 1311 1373; x_wconf 90' lang='lat' dir='ltr'><strong>nos</strong></span> <span class='ocrx_word' id='word_1_92' title='bbox 1352 1316 1649 1374; x_wconf 85' lang='lat' dir='ltr'><strong>adducunt,</strong></span> <span class='ocrx_word' id='word_1_93' title='bbox 1683 1320 1743 1365; x_wconf 89' lang='lat' dir='ltr'><strong>ut</strong></span> <span class='ocrx_word' id='word_1_94' title='bbox 1776 1306 2026 1379; x_wconf 74' lang='lat' dir='ltr'><strong>mysreria</strong></span> 
     </span>
    </p>
   </div>
   <div class='ocr_carea' id='block_1_14' title="bbox 451 1396 2025 1496">
    <p class='ocr_par' dir='ltr' id='par_1_14' title="bbox 451 1396 2025 1496">
     <span class='ocr_line' id='line_1_14' title="bbox 451 1396 2025 1496; baseline -0.02 -15"><span class='ocrx_word' id='word_1_95' title='bbox 451 1396 851 1496; x_wconf 77' lang='lat' dir='ltr'><strong>cognoscamus.</strong></span> <span class='ocrx_word' id='word_1_96' title='bbox 877 1412 1118 1470; x_wconf 88' lang='lat' dir='ltr'><strong>lntendat</strong></span> <span class='ocrx_word' id='word_1_97' title='bbox 1141 1412 1315 1478; x_wconf 81' lang='lat' dir='ltr'><strong>itaque</strong></span> <span class='ocrx_word' id='word_1_98' title='bbox 1337 1405 1601 1462; x_wconf 72' lang='lat' dir='ltr'><strong>Sanctitas</strong></span> <span class='ocrx_word' id='word_1_99' title='bbox 1625 1408 1801 1455; x_wconf 88' lang='lat' dir='ltr'><strong>vestra</strong></span> <span class='ocrx_word' id='word_1_100' title='bbox 1832 1396 2025 1451; x_wconf 89' lang='lat' dir='ltr'><strong>utilita-</strong></span> 
     </span>
    </p>
   </div>
   <div class='ocr_carea' id='block_1_15' title="bbox 450 1486 2024 1572">
    <p class='ocr_par' dir='ltr' id='par_1_15' title="bbox 450 1486 2024 1572">
     <span class='ocr_line' id='line_1_15' title="bbox 450 1486 2024 1572; baseline -0.022 1"><span class='ocrx_word' id='word_1_101' title='bbox 450 1486 556 1572; x_wconf 75' lang='lat' dir='ltr'><strong>tem</strong></span> <span class='ocrx_word' id='word_1_102' title='bbox 599 1512 1011 1571; x_wconf 62' lang='lat' dir='ltr'><strong>haereticorum;</strong></span> <span class='ocrx_word' id='word_1_103' title='bbox 1056 1514 1110 1560; x_wconf 91' lang='lat' dir='ltr'><strong>et</strong></span> <span class='ocrx_word' id='word_1_104' title='bbox 1154 1500 1434 1555; x_wconf 79' lang='lat' dir='ltr'><strong>utilitatem</strong></span> <span class='ocrx_word' id='word_1_105' title='bbox 1478 1492 1689 1563; x_wconf 85' lang='lat' dir='ltr'><strong>quidem</strong></span> <span class='ocrx_word' id='word_1_106' title='bbox 1718 1486 2024 1553; x_wconf 78' lang='lat' dir='ltr'><strong>secundum</strong></span> 
     </span>
    </p>
   </div>
   <div class='ocr_carea' id='block_1_16' title="bbox 454 1577 2028 1670">
    <p class='ocr_par' dir='ltr' id='par_1_16' title="bbox 454 1577 2028 1670">
     <span class='ocr_line' id='line_1_16' title="bbox 454 1577 2028 1670; baseline -0.022 -7"><span class='ocrx_word' id='word_1_107' title='bbox 454 1606 616 1663; x_wconf 86' lang='lat' dir='ltr'><strong>Deum</strong></span> <span class='ocrx_word' id='word_1_108' title='bbox 640 1645 658 1670; x_wconf 57' lang='grc' dir='ltr'>ι</span> <span class='ocrx_word' id='word_1_109' title='bbox 686 1602 845 1658; x_wconf 87' lang='lat' dir='ltr'><strong>etiam</strong></span> <span class='ocrx_word' id='word_1_110' title='bbox 898 1595 1049 1650; x_wconf 85' lang='lat' dir='ltr'><strong>malis</strong></span> <span class='ocrx_word' id='word_1_111' title='bbox 1093 1592 1226 1647; x_wconf 87' lang='lat' dir='ltr'><strong>bene</strong></span> <span class='ocrx_word' id='word_1_112' title='bbox 1264 1595 1518 1643; x_wconf 88' lang='lat' dir='ltr'><strong>utentem.</strong></span> <span class='ocrx_word' id='word_1_113' title='bbox 1544 1578 1844 1637; x_wconf 88' lang='lat' dir='ltr'><strong>Secundum</strong></span> <span class='ocrx_word' id='word_1_114' title='bbox 1884 1577 2028 1645; x_wconf 90' lang='lat' dir='ltr'><strong>ipsos</strong></span> 
     </span>
    </p>
   </div>
   <div class='ocr_carea' id='block_1_17' title="bbox 448 1668 2027 1753">
    <p class='ocr_par' dir='ltr' id='par_1_17' title="bbox 448 1668 2027 1753">
     <span class='ocr_line' id='line_1_17' title="bbox 448 1668 2027 1753; baseline -0.019 -2"><span class='ocrx_word' id='word_1_115' title='bbox 448 1709 580 1751; x_wconf 85' lang='lat' dir='ltr'><strong>vero</strong></span> <span class='ocrx_word' id='word_1_116' title='bbox 611 1668 713 1747; x_wconf 87' lang='lat' dir='ltr'><strong>hoc</strong></span> <span class='ocrx_word' id='word_1_117' title='bbox 756 1689 1021 1749; x_wconf 84' lang='lat' dir='ltr'><strong>redditur,</strong></span> <span class='ocrx_word' id='word_1_118' title='bbox 1065 1681 1203 1753; x_wconf 89' lang='lat' dir='ltr'><strong>quod</strong></span> <span class='ocrx_word' id='word_1_119' title='bbox 1234 1676 1549 1735; x_wconf 68' lang='lat' dir='ltr'><strong>voluerunt‘</strong></span> <span class='ocrx_word' id='word_1_120' title='bbox 1578 1690 1594 1740; x_wconf 88' lang='lat'><strong>;</strong></span> <span class='ocrx_word' id='word_1_121' title='bbox 1623 1688 1729 1728; x_wconf 92' lang='lat' dir='ltr'><strong>non</strong></span> <span class='ocrx_word' id='word_1_122' title='bbox 1759 1670 1858 1725; x_wconf 88' lang='lat' dir='ltr'><strong>hoc</strong></span> <span class='ocrx_word' id='word_1_123' title='bbox 1885 1668 2027 1738; x_wconf 89' lang='lat' dir='ltr'><strong>quod</strong></span> 
     </span>
    </p>
   </div>
   <div class='ocr_carea' id='block_1_18' title="bbox 451 1757 2026 1852">
    <p class='ocr_par' dir='ltr' id='par_1_18' title="bbox 451 1757 2026 1852">
     <span class='ocr_line' id='line_1_18' title="bbox 451 1757 2026 1852; baseline -0.019 -11"><span class='ocrx_word' id='word_1_124' title='bbox 451 1784 518 1841; x_wconf 84' lang='lat' dir='ltr'><strong>de</strong></span> <span class='ocrx_word' id='word_1_125' title='bbox 546 1784 675 1852; x_wconf 84' lang='lat' dir='ltr'><strong>ipsis</strong></span> <span class='ocrx_word' id='word_1_126' title='bbox 700 1782 844 1836; x_wconf 85' lang='lat' dir='ltr'><strong>Deus</strong></span> <span class='ocrx_word' id='word_1_127' title='bbox 869 1780 1003 1832; x_wconf 87' lang='lat' dir='ltr'><strong>bene</strong></span> <span class='ocrx_word' id='word_1_128' title='bbox 1027 1775 1169 1830; x_wconf 82' lang='lat' dir='ltr'><strong>facit.</strong></span> <span class='ocrx_word' id='word_1_129' title='bbox 1189 1771 1338 1827; x_wconf 83' lang='lat' dir='ltr'><strong>Sicut</strong></span> <span class='ocrx_word' id='word_1_130' title='bbox 1378 1769 1445 1823; x_wconf 89' lang='lat' dir='ltr'><strong>de</strong></span> <span class='ocrx_word' id='word_1_131' title='bbox 1462 1765 1595 1821; x_wconf 88' lang='lat' dir='ltr'><strong>.luda</strong></span> <span class='ocrx_word' id='word_1_132' title='bbox 1620 1772 1873 1833; x_wconf 87' lang='lat' dir='ltr'><strong>quantum</strong></span> <span class='ocrx_word' id='word_1_133' title='bbox 1904 1757 2026 1813; x_wconf 89' lang='lat' dir='ltr'><strong>boni</strong></span> 
     </span>
    </p>
   </div>
   <div class='ocr_carea' id='block_1_19' title="bbox 452 1848 2028 1932">
    <p class='ocr_par' dir='ltr' id='par_1_19' title="bbox 452 1848 2028 1932">
     <span class='ocr_line' id='line_1_19' title="bbox 452 1848 2028 1932; baseline -0.02 1"><span class='ocrx_word' id='word_1_134' title='bbox 452 1848 606 1932; x_wconf 78' lang='lat' dir='ltr'><strong>fecit?</strong></span> <span class='ocrx_word' id='word_1_135' title='bbox 647 1872 899 1928; x_wconf 82' lang='lat' dir='ltr'><strong>Passieno</strong></span> <span class='ocrx_word' id='word_1_136' title='bbox 932 1865 1135 1927; x_wconf 79' lang='lat' dir='ltr'><strong>Domini</strong></span> <span class='ocrx_word' id='word_1_137' title='bbox 1166 1864 1325 1917; x_wconf 79' lang='lat' dir='ltr'><strong>salva:</strong></span> <span class='ocrx_word' id='word_1_138' title='bbox 1353 1859 1505 1915; x_wconf 65' lang='lat' dir='ltr'><strong>factae</strong></span> <span class='ocrx_word' id='word_1_139' title='bbox 1544 1863 1668 1910; x_wconf 90' lang='lat' dir='ltr'><strong>sunt</strong></span> <span class='ocrx_word' id='word_1_140' title='bbox 1693 1861 1895 1923; x_wconf 82' lang='lat' dir='ltr'><strong>gentes.</strong></span> <span class='ocrx_word' id='word_1_141' title='bbox 1925 1848 2028 1905; x_wconf 88' lang='lat' dir='ltr'><strong>Sed</strong></span> 
     </span>
    </p>
   </div>
   <div class='ocr_carea' id='block_1_20' title="bbox 452 1944 2031 2036">
    <p class='ocr_par' dir='ltr' id='par_1_20' title="bbox 452 1944 2031 2036">
     <span class='ocr_line' id='line_1_20' title="bbox 452 1944 2031 2036; baseline -0.019 -13"><span class='ocrx_word' id='word_1_142' title='bbox 452 1975 510 2023; x_wconf 93' lang='lat' dir='ltr'><strong>ut</strong></span> <span class='ocrx_word' id='word_1_143' title='bbox 537 1971 805 2036; x_wconf 87' lang='lat' dir='ltr'><strong>pateretur</strong></span> <span class='ocrx_word' id='word_1_144' title='bbox 826 1955 1108 2021; x_wconf 85' lang='lat' dir='ltr'><strong>Dominus,</strong></span> <span class='ocrx_word' id='word_1_145' title='bbox 1141 1952 1303 2013; x_wconf 71' lang='lat' dir='ltr'><strong>ludas</strong></span> <span class='ocrx_word' id='word_1_146' title='bbox 1330 1965 1450 2005; x_wconf 88' lang='lat' dir='ltr'><strong>eum</strong></span> <span class='ocrx_word' id='word_1_147' title='bbox 1481 1945 1715 2000; x_wconf 89' lang='lat' dir='ltr'><strong>tradidit.</strong></span> <span class='ocrx_word' id='word_1_148' title='bbox 1742 1944 1878 1996; x_wconf 82' lang='lat' dir='ltr'><strong>Deus</strong></span> <span class='ocrx_word' id='word_1_149' title='bbox 1904 1954 2031 2010; x_wconf 85' lang='lat' dir='ltr'><strong>ergo</strong></span> 
     </span>
    </p>
   </div>
   <div class='ocr_carea' id='block_1_21' title="bbox 449 2031 2032 2126">
    <p class='ocr_par' dir='ltr' id='par_1_21' title="bbox 449 2031 2032 2126">
     <span class='ocr_line' id='line_1_21' title="bbox 449 2031 2032 2126; baseline -0.02 -13"><span class='ocrx_word' id='word_1_150' title='bbox 449 2069 503 2113; x_wconf 81' lang='lat' dir='ltr'><strong>et</strong></span> <span class='ocrx_word' id='word_1_151' title='bbox 537 2031 732 2126; x_wconf 76' lang='lat' dir='ltr'><strong>gentes</strong></span> <span class='ocrx_word' id='word_1_152' title='bbox 783 2050 975 2104; x_wconf 88' lang='lat' dir='ltr'><strong>liberat</strong></span> <span class='ocrx_word' id='word_1_153' title='bbox 1019 2060 1175 2114; x_wconf 89' lang='lat' dir='ltr'><strong>passo</strong></span> <span class='ocrx_word' id='word_1_154' title='bbox 1223 2040 1387 2100; x_wconf 83' lang='lat' dir='ltr'><strong>Filio,</strong></span> <span class='ocrx_word' id='word_1_155' title='bbox 1416 2045 1472 2092; x_wconf 93' lang='lat' dir='ltr'><strong>et</strong></span> <span class='ocrx_word' id='word_1_156' title='bbox 1510 2034 1702 2095; x_wconf 75' lang='lat' dir='ltr'><strong>ludam</strong></span> <span class='ocrx_word' id='word_1_157' title='bbox 1748 2031 1896 2102; x_wconf 80' lang='lat' dir='ltr'><strong>punit</strong></span> <span class='ocrx_word' id='word_1_158' title='bbox 1937 2044 2032 2100; x_wconf 91' lang='lat' dir='ltr'><strong>pro</strong></span> 
     </span>
    </p>
   </div>
   <div class='ocr_carea' id='block_1_22' title="bbox 450 2123 2031 2199">
    <p class='ocr_par' dir='ltr' id='par_1_22' title="bbox 450 2123 2031 2199">
     <span class='ocr_line' id='line_1_22' title="bbox 450 2123 2031 2199; baseline -0.018 0"><span class='ocrx_word' id='word_1_159' title='bbox 450 2123 653 2199; x_wconf 72' lang='lat' dir='ltr'><strong>scelere</strong></span> <span class='ocrx_word' id='word_1_160' title='bbox 679 2152 797 2194; x_wconf 87' lang='lat' dir='ltr'><strong>suo.</strong></span> <span class='ocrx_word' id='word_1_161' title='bbox 823 2136 1166 2190; x_wconf 77' lang='lat' dir='ltr'><strong>Sacramenta</strong></span> <span class='ocrx_word' id='word_1_162' title='bbox 1195 2129 1334 2183; x_wconf 87' lang='lat' dir='ltr'><strong>enim</strong></span> <span class='ocrx_word' id='word_1_163' title='bbox 1357 2140 1474 2196; x_wconf 77' lang='lat' dir='ltr'><strong>qua:</strong></span> <span class='ocrx_word' id='word_1_164' title='bbox 1503 2123 1611 2183; x_wconf 85' lang='lat' dir='ltr'><strong>illic</strong></span> <span class='ocrx_word' id='word_1_165' title='bbox 1646 2123 1846 2184; x_wconf 87' lang='lat' dir='ltr'><strong>latent,</strong></span> <span class='ocrx_word' id='word_1_166' title='bbox 1877 2133 2031 2173; x_wconf 88' lang='lat' dir='ltr'><strong>nemo</strong></span> 
     </span>
    </p>
   </div>
   <div class='ocr_carea' id='block_1_23' title="bbox 451 2208 2030 2295">
    <p class='ocr_par' dir='ltr' id='par_1_23' title="bbox 451 2208 2030 2295">
     <span class='ocr_line' id='line_1_23' title="bbox 451 2208 2030 2295; baseline -0.018 -7"><span class='ocrx_word' id='word_1_167' title='bbox 451 2236 758 2295; x_wconf 81' lang='lat' dir='ltr'><strong>discuteret,</strong></span> <span class='ocrx_word' id='word_1_168' title='bbox 781 2224 1105 2295; x_wconf 85' lang='lat' dir='ltr'><strong>simpliciore</strong></span> <span class='ocrx_word' id='word_1_169' title='bbox 1120 2225 1399 2276; x_wconf 87' lang='lat' dir='ltr'><strong>contentus</strong></span> <span class='ocrx_word' id='word_1_170' title='bbox 1421 2214 1544 2280; x_wconf 90' lang='lat' dir='ltr'><strong>lide;</strong></span> <span class='ocrx_word' id='word_1_171' title='bbox 1560 2221 1615 2268; x_wconf 90' lang='lat' dir='ltr'><strong>et</strong></span> <span class='ocrx_word' id='word_1_172' title='bbox 1633 2211 1753 2267; x_wconf 91' lang='lat' dir='ltr'><strong>ideo</strong></span> <span class='ocrx_word' id='word_1_173' title='bbox 1770 2224 1926 2265; x_wconf 74' lang='lat' dir='ltr'><strong>IIOIIIO</strong></span> <span class='ocrx_word' id='word_1_174' title='bbox 1948 2208 2030 2262; x_wconf 88' lang='lat' dir='ltr'><strong>in-</strong></span> 
     </span>
    </p>
   </div>
   <div class='ocr_carea' id='block_1_24' title="bbox 455 2300 2031 2389">
    <p class='ocr_par' dir='ltr' id='par_1_24' title="bbox 455 2300 2031 2389">
     <span class='ocr_line' id='line_1_24' title="bbox 455 2300 2031 2389; baseline -0.016 -12"><span class='ocrx_word' id='word_1_175' title='bbox 455 2325 680 2386; x_wconf 86' lang='lat' dir='ltr'><strong>veniret,</strong></span> <span class='ocrx_word' id='word_1_176' title='bbox 704 2320 824 2389; x_wconf 85' lang='lat' dir='ltr'><strong>quia</strong></span> <span class='ocrx_word' id='word_1_177' title='bbox 860 2330 1018 2371; x_wconf 90' lang='lat' dir='ltr'><strong>nemo</strong></span> <span class='ocrx_word' id='word_1_178' title='bbox 1038 2312 1322 2367; x_wconf 86' lang='lat' dir='ltr'><strong>discuteret</strong></span> <span class='ocrx_word' id='word_1_179' title='bbox 1338 2348 1352 2373; x_wconf 94' lang='lat'><strong>,</strong></span> <span class='ocrx_word' id='word_1_180' title='bbox 1373 2305 1471 2360; x_wconf 90' lang='lat' dir='ltr'><strong>nisi</strong></span> <span class='ocrx_word' id='word_1_181' title='bbox 1490 2302 1818 2374; x_wconf 74' lang='lat' dir='ltr'><strong>pulsantibus</strong></span> <span class='ocrx_word' id='word_1_182' title='bbox 1829 2300 2031 2356; x_wconf 90' lang='lat' dir='ltr'><strong>calum-</strong></span> 
     </span>
    </p>
   </div>
   <div class='ocr_carea' id='block_1_25' title="bbox 454 2390 2033 2472">
    <p class='ocr_par' dir='ltr' id='par_1_25' title="bbox 454 2390 2033 2472">
     <span class='ocr_line' id='line_1_25' title="bbox 454 2390 2033 2472; baseline -0.018 0"><span class='ocrx_word' id='word_1_183' title='bbox 454 2413 762 2472; x_wconf 89' lang='lat' dir='ltr'><strong>niatoribus.</strong></span> <span class='ocrx_word' id='word_1_184' title='bbox 788 2409 920 2464; x_wconf 84' lang='lat' dir='ltr'><strong>Cum</strong></span> <span class='ocrx_word' id='word_1_185' title='bbox 946 2404 1085 2460; x_wconf 90' lang='lat' dir='ltr'><strong>enim</strong></span> <span class='ocrx_word' id='word_1_186' title='bbox 1102 2399 1336 2455; x_wconf 63' lang='lat' dir='ltr'><strong>ha‘relici</strong></span> <span class='ocrx_word' id='word_1_187' title='bbox 1376 2396 1799 2458; x_wconf 84' lang='lat' dir='ltr'><strong>calumniantur,</strong></span> <span class='ocrx_word' id='word_1_188' title='bbox 1830 2390 2033 2462; x_wconf 79' lang='lat' dir='ltr'><strong>parvuli</strong></span> 
     </span>
    </p>
   </div>
   <div class='ocr_carea' id='block_1_26' title="bbox 454 2484 2036 2578">
    <p class='ocr_par' dir='ltr' id='par_1_26' title="bbox 454 2484 2036 2578">
     <span class='ocr_line' id='line_1_26' title="bbox 454 2484 2036 2578; baseline -0.018 -14"><span class='ocrx_word' id='word_1_189' title='bbox 454 2506 858 2578; x_wconf 82' lang='lat' dir='ltr'><strong>perturbantur:</strong></span> <span class='ocrx_word' id='word_1_190' title='bbox 881 2515 998 2554; x_wconf 90' lang='lat' dir='ltr'><strong>cum</strong></span> <span class='ocrx_word' id='word_1_191' title='bbox 1022 2496 1413 2567; x_wconf 82' lang='lat' dir='ltr'><strong>perturbantur,</strong></span> <span class='ocrx_word' id='word_1_192' title='bbox 1441 2489 1710 2559; x_wconf 89' lang='lat' dir='ltr'><strong>inquirunt</strong></span> <span class='ocrx_word' id='word_1_193' title='bbox 1734 2484 2036 2555; x_wconf 89' lang='lat' dir='ltr'><strong>:inquisitio</strong></span> 
     </span>
    </p>
   </div>
   <div class='ocr_carea' id='block_1_27' title="bbox 455 2575 2038 2663">
    <p class='ocr_par' dir='ltr' id='par_1_27' title="bbox 455 2575 2038 2663">
     <span class='ocr_line' id='line_1_27' title="bbox 455 2575 2038 2663; baseline -0.016 -10"><span class='ocrx_word' id='word_1_194' title='bbox 455 2575 661 2661; x_wconf 81' lang='lat' dir='ltr'><strong>eorum,</strong></span> <span class='ocrx_word' id='word_1_195' title='bbox 679 2590 830 2663; x_wconf 89' lang='lat' dir='ltr'><strong>quasi</strong></span> <span class='ocrx_word' id='word_1_196' title='bbox 848 2586 1118 2659; x_wconf 72' lang='lat' dir='ltr'><strong>percussio</strong></span> <span class='ocrx_word' id='word_1_197' title='bbox 1135 2594 1215 2638; x_wconf 88' lang='lat' dir='ltr'><strong>est</strong></span> <span class='ocrx_word' id='word_1_198' title='bbox 1232 2582 1299 2637; x_wconf 89' lang='lat' dir='ltr'><strong>de</strong></span> <span class='ocrx_word' id='word_1_199' title='bbox 1319 2582 1489 2650; x_wconf 84' lang='lat' dir='ltr'><strong>capite</strong></span> <span class='ocrx_word' id='word_1_200' title='bbox 1506 2580 1556 2633; x_wconf 92' lang='lat' dir='ltr'><strong>in</strong></span> <span class='ocrx_word' id='word_1_201' title='bbox 1579 2578 1739 2632; x_wconf 82' lang='lat' dir='ltr'><strong>ubera</strong></span> <span class='ocrx_word' id='word_1_202' title='bbox 1752 2575 1955 2640; x_wconf 85' lang='lat' dir='ltr'><strong>matris,</strong></span> <span class='ocrx_word' id='word_1_203' title='bbox 1979 2583 2038 2629; x_wconf 92' lang='lat' dir='ltr'><strong>ut</strong></span> 
     </span>
    </p>
   </div>
   <div class='ocr_carea' id='block_1_28' title="bbox 457 2669 2036 2753">
    <p class='ocr_par' dir='ltr' id='par_1_28' title="bbox 457 2669 2036 2753">
     <span class='ocr_line' id='line_1_28' title="bbox 457 2669 2036 2753; baseline -0.015 -8"><span class='ocrx_word' id='word_1_204' title='bbox 457 2698 657 2747; x_wconf 88' lang='lat' dir='ltr'><strong>tantum</strong></span> <span class='ocrx_word' id='word_1_205' title='bbox 693 2692 943 2750; x_wconf 88' lang='lat' dir='ltr'><strong>manent,</strong></span> <span class='ocrx_word' id='word_1_206' title='bbox 970 2691 1219 2753; x_wconf 88' lang='lat' dir='ltr'><strong>quantum</strong></span> <span class='ocrx_word' id='word_1_207' title='bbox 1245 2677 1474 2748; x_wconf 74' lang='lat' dir='ltr'><strong>parvulis</strong></span> <span class='ocrx_word' id='word_1_208' title='bbox 1497 2682 1579 2730; x_wconf 84' lang='lat' dir='ltr'><strong>sat</strong></span> <span class='ocrx_word' id='word_1_209' title='bbox 1603 2679 1704 2728; x_wconf 88' lang='lat' dir='ltr'><strong>est.</strong></span> <span class='ocrx_word' id='word_1_210' title='bbox 1733 2671 1812 2726; x_wconf 90' lang='lat' dir='ltr'><strong>llli</strong></span> <span class='ocrx_word' id='word_1_211' title='bbox 1843 2669 2036 2723; x_wconf 86' lang='lat' dir='ltr'><strong>turbati</strong></span> 
     </span>
    </p>
   </div>
   <div class='ocr_carea' id='block_1_29' title="bbox 455 2762 2037 2855">
    <p class='ocr_par' dir='ltr' id='par_1_29' title="bbox 455 2762 2037 2855">
     <span class='ocr_line' id='line_1_29' title="bbox 455 2762 2037 2855; baseline -0.016 -18"><span class='ocrx_word' id='word_1_212' title='bbox 455 2787 734 2855; x_wconf 55' lang='lat' dir='ltr'><strong>quatruut;</strong></span> <span class='ocrx_word' id='word_1_213' title='bbox 764 2777 857 2848; x_wconf 86' lang='lat' dir='ltr'><strong>qui</strong></span> <span class='ocrx_word' id='word_1_214' title='bbox 884 2784 1058 2830; x_wconf 89' lang='lat' dir='ltr'><strong>autem</strong></span> <span class='ocrx_word' id='word_1_215' title='bbox 1090 2780 1281 2827; x_wconf 90' lang='lat' dir='ltr'><strong>norunt</strong></span> <span class='ocrx_word' id='word_1_216' title='bbox 1302 2779 1353 2823; x_wconf 90' lang='lat' dir='ltr'><strong>et</strong></span> <span class='ocrx_word' id='word_1_217' title='bbox 1381 2764 1709 2829; x_wconf 86' lang='lat' dir='ltr'><strong>didicerunt,</strong></span> <span class='ocrx_word' id='word_1_218' title='bbox 1735 2762 1857 2832; x_wconf 87' lang='lat' dir='ltr'><strong>quia</strong></span> <span class='ocrx_word' id='word_1_219' title='bbox 1885 2774 2037 2815; x_wconf 84' lang='lat' dir='ltr'><strong>scru-</strong></span> 
     </span>
    </p>
   </div>
   <div class='ocr_carea' id='block_1_30' title="bbox 461 2852 2039 2938">
    <p class='ocr_par' dir='ltr' id='par_1_30' title="bbox 461 2852 2039 2938">
     <span class='ocr_line' id='line_1_30' title="bbox 461 2852 2039 2938; baseline -0.013 -12"><span class='ocrx_word' id='word_1_220' title='bbox 461 2852 550 2928; x_wconf 86' lang='lat' dir='ltr'><strong>tati</strong></span> <span class='ocrx_word' id='word_1_221' title='bbox 578 2880 734 2937; x_wconf 87' lang='lat' dir='ltr'><strong>sunt,</strong></span> <span class='ocrx_word' id='word_1_222' title='bbox 767 2879 821 2925; x_wconf 88' lang='lat' dir='ltr'><strong>et</strong></span> <span class='ocrx_word' id='word_1_223' title='bbox 867 2867 1069 2938; x_wconf 87' lang='lat' dir='ltr'><strong>aperuit</strong></span> <span class='ocrx_word' id='word_1_224' title='bbox 1111 2865 1213 2918; x_wconf 86' lang='lat' dir='ltr'><strong>illis</strong></span> <span class='ocrx_word' id='word_1_225' title='bbox 1245 2859 1574 2933; x_wconf 87' lang='lat' dir='ltr'><strong>pulsantibus</strong></span> <span class='ocrx_word' id='word_1_226' title='bbox 1606 2856 1765 2918; x_wconf 86' lang='lat' dir='ltr'><strong>Deus,</strong></span> <span class='ocrx_word' id='word_1_227' title='bbox 1794 2852 2039 2923; x_wconf 89' lang='lat' dir='ltr'><strong>aperiunt</strong></span> 
     </span>
    </p>
   </div>
   <div class='ocr_carea' id='block_1_31' title="bbox 459 2945 2038 3033">
    <p class='ocr_par' dir='ltr' id='par_1_31' title="bbox 459 2945 2038 3033">
     <span class='ocr_line' id='line_1_31' title="bbox 459 2945 2038 3033; baseline -0.014 -15"><span class='ocrx_word' id='word_1_228' title='bbox 459 2973 514 3016; x_wconf 88' lang='lat' dir='ltr'><strong>ct</strong></span> <span class='ocrx_word' id='word_1_229' title='bbox 536 2963 635 3033; x_wconf 87' lang='lat' dir='ltr'><strong>ipsi</strong></span> <span class='ocrx_word' id='word_1_230' title='bbox 658 2961 900 3021; x_wconf 82' lang='lat' dir='ltr'><strong>turbatis.</strong></span> <span class='ocrx_word' id='word_1_231' title='bbox 932 2957 999 3013; x_wconf 88' lang='lat' dir='ltr'><strong>Et</strong></span> <span class='ocrx_word' id='word_1_232' title='bbox 1028 2957 1104 3012; x_wconf 87' lang='lat' dir='ltr'><strong>sic</strong></span> <span class='ocrx_word' id='word_1_233' title='bbox 1128 2954 1183 3009; x_wconf 82' lang='lat' dir='ltr'><strong>lit</strong></span> <span class='ocrx_word' id='word_1_234' title='bbox 1202 2962 1261 3008; x_wconf 90' lang='lat' dir='ltr'><strong>ut</strong></span> <span class='ocrx_word' id='word_1_235' title='bbox 1284 2952 1355 3006; x_wconf 90' lang='lat' dir='ltr'><strong>illi</strong></span> <span class='ocrx_word' id='word_1_236' title='bbox 1376 2952 1481 3006; x_wconf 92' lang='lat' dir='ltr'><strong>sint</strong></span> <span class='ocrx_word' id='word_1_237' title='bbox 1501 2947 1655 3004; x_wconf 83' lang='lat' dir='ltr'><strong>utiles</strong></span> <span class='ocrx_word' id='word_1_238' title='bbox 1681 2946 1745 3000; x_wconf 89' lang='lat' dir='ltr'><strong>ad</strong></span> <span class='ocrx_word' id='word_1_239' title='bbox 1767 2945 2038 3000; x_wconf 81' lang='lat' dir='ltr'><strong>invenien-</strong></span> 
     </span>
    </p>
   </div>
   <div class='ocr_carea' id='block_1_32' title="bbox 462 3035 2038 3115">
    <p class='ocr_par' dir='ltr' id='par_1_32' title="bbox 462 3035 2038 3115">
     <span class='ocr_line' id='line_1_32' title="bbox 462 3035 2038 3115; baseline -0.015 -7"><span class='ocrx_word' id='word_1_240' title='bbox 462 3053 584 3108; x_wconf 85' lang='lat' dir='ltr'><strong>dam</strong></span> <span class='ocrx_word' id='word_1_241' title='bbox 608 3052 884 3107; x_wconf 81' lang='lat' dir='ltr'><strong>veritatem</strong></span> <span class='ocrx_word' id='word_1_242' title='bbox 912 3091 925 3115; x_wconf 93' lang='lat'><strong>,</strong></span> <span class='ocrx_word' id='word_1_243' title='bbox 949 3048 1073 3103; x_wconf 86' lang='lat' dir='ltr'><strong>dum</strong></span> <span class='ocrx_word' id='word_1_244' title='bbox 1102 3043 1486 3100; x_wconf 86' lang='lat' dir='ltr'><strong>calumniantur</strong></span> <span class='ocrx_word' id='word_1_245' title='bbox 1512 3039 1577 3094; x_wconf 89' lang='lat' dir='ltr'><strong>ad</strong></span> <span class='ocrx_word' id='word_1_246' title='bbox 1606 3035 1958 3093; x_wconf 87' lang='lat' dir='ltr'><strong>seducemlum</strong></span> <span class='ocrx_word' id='word_1_247' title='bbox 1988 3035 2038 3086; x_wconf 91' lang='lat' dir='ltr'><strong>in</strong></span> 
     </span>
    </p>
   </div>
   <div class='ocr_carea' id='block_1_33' title="bbox 461 3127 2040 3211">
    <p class='ocr_par' dir='ltr' id='par_1_33' title="bbox 461 3127 2040 3211">
     <span class='ocr_line' id='line_1_33' title="bbox 461 3127 2040 3211; baseline -0.013 -12"><span class='ocrx_word' id='word_1_248' title='bbox 461 3158 695 3199; x_wconf 87' lang='lat' dir='ltr'><strong>errorem</strong></span> <span class='ocrx_word' id='word_1_249' title='bbox 707 3181 719 3195; x_wconf 98' lang='lat'><strong>.</strong></span> <span class='ocrx_word' id='word_1_250' title='bbox 739 3138 1096 3211; x_wconf 83' lang='lat' dir='ltr'><strong>Negligcntius</strong></span> <span class='ocrx_word' id='word_1_251' title='bbox 1111 3136 1249 3191; x_wconf 89' lang='lat' dir='ltr'><strong>enim</strong></span> <span class='ocrx_word' id='word_1_252' title='bbox 1266 3133 1457 3186; x_wconf 85' lang='lat' dir='ltr'><strong>veritas</strong></span> <span class='ocrx_word' id='word_1_253' title='bbox 1472 3137 1816 3201; x_wconf 84' lang='lat' dir='ltr'><strong>quaereretur,</strong></span> <span class='ocrx_word' id='word_1_254' title='bbox 1830 3127 1873 3181; x_wconf 92' lang='lat' dir='ltr'><strong>si</strong></span> <span class='ocrx_word' id='word_1_255' title='bbox 1889 3140 2040 3180; x_wconf 87' lang='lat' dir='ltr'><strong>men-</strong></span> 
     </span>
    </p>
   </div>
   <div class='ocr_carea' id='block_1_34' title="bbox 461 3219 2040 3292">
    <p class='ocr_par' dir='ltr' id='par_1_34' title="bbox 461 3219 2040 3292">
     <span class='ocr_line' id='line_1_34' title="bbox 461 3219 2040 3292; baseline -0.011 -5"><span class='ocrx_word' id='word_1_256' title='bbox 461 3235 621 3288; x_wconf 86' lang='lat' dir='ltr'><strong>daces</strong></span> <span class='ocrx_word' id='word_1_257' title='bbox 640 3232 972 3287; x_wconf 89' lang='lat' dir='ltr'><strong>adversarios</strong></span> <span class='ocrx_word' id='word_1_258' title='bbox 1002 3243 1104 3282; x_wconf 92' lang='lat' dir='ltr'><strong>non</strong></span> <span class='ocrx_word' id='word_1_259' title='bbox 1125 3227 1360 3281; x_wconf 81' lang='lat' dir='ltr'><strong>haberet.</strong></span> <span class='ocrx_word' id='word_1_260' title='bbox 1388 3222 1593 3292; x_wconf 78' lang='lat' dir='ltr'><strong>Oportet</strong></span> <span class='ocrx_word' id='word_1_261' title='bbox 1615 3221 1764 3285; x_wconf 80' lang='lat' dir='ltr'><strong>enim,</strong></span> <span class='ocrx_word' id='word_1_262' title='bbox 1788 3219 2040 3288; x_wconf 88' lang='lat' dir='ltr'><strong>inquit,et</strong></span> 
     </span>
    </p>
   </div>
   <div class='ocr_carea' id='block_1_35' title="bbox 463 3309 2044 3389">
    <p class='ocr_par' dir='ltr' id='par_1_35' title="bbox 463 3309 2044 3389">
     <span class='ocr_line' id='line_1_35' title="bbox 463 3309 2044 3389; baseline -0.01 -11"><span class='ocrx_word' id='word_1_263' title='bbox 463 3326 671 3385; x_wconf 71' lang='lat' dir='ltr'><strong>ha&#39;reses</strong></span> <span class='ocrx_word' id='word_1_264' title='bbox 717 3339 841 3376; x_wconf 82' lang='lat' dir='ltr'><strong>esse.</strong></span> <span class='ocrx_word' id='word_1_265' title='bbox 870 3321 935 3375; x_wconf 89' lang='lat' dir='ltr'><strong>Et</strong></span> <span class='ocrx_word' id='word_1_266' title='bbox 983 3318 1128 3389; x_wconf 89' lang='lat' dir='ltr'><strong>quasi</strong></span> <span class='ocrx_word' id='word_1_267' title='bbox 1159 3330 1514 3387; x_wconf 72' lang='lat' dir='ltr'><strong>quereremus</strong></span> <span class='ocrx_word' id='word_1_268' title='bbox 1543 3327 1754 3366; x_wconf 79' lang='lat' dir='ltr'><strong>causam</strong></span> <span class='ocrx_word' id='word_1_269' title='bbox 1775 3352 1787 3373; x_wconf 85' lang='lat'><strong><em>.</em></strong></span> <span class='ocrx_word' id='word_1_270' title='bbox 1819 3309 2044 3379; x_wconf 79' lang='lat' dir='ltr'><strong>subjecit</strong></span> 
     </span>
    </p>
   </div>
   <div class='ocr_carea' id='block_1_36' title="bbox 460 3397 2037 3482">
    <p class='ocr_par' dir='ltr' id='par_1_36' title="bbox 460 3397 2037 3482">
     <span class='ocr_line' id='line_1_36' title="bbox 460 3397 2037 3482; baseline -0.011 -13"><span class='ocrx_word' id='word_1_271' title='bbox 460 3416 662 3475; x_wconf 76' lang='lat' dir='ltr'><strong>statim,</strong></span> <span class='ocrx_word' id='word_1_272' title='bbox 681 3412 748 3467; x_wconf 88' lang='lat' dir='ltr'><strong>Ut</strong></span> <span class='ocrx_word' id='word_1_273' title='bbox 764 3410 954 3482; x_wconf 72' lang='lat' dir='ltr'><strong>probati</strong></span> <span class='ocrx_word' id='word_1_274' title='bbox 973 3409 1223 3479; x_wconf 77' lang='lat' dir='ltr'><strong>manifesti</strong></span> <span class='ocrx_word' id='word_1_275' title='bbox 1238 3408 1362 3475; x_wconf 80' lang='lat' dir='ltr'><strong>ﬁunt</strong></span> <span class='ocrx_word' id='word_1_276' title='bbox 1379 3406 1505 3458; x_wconf 85' lang='lat' dir='ltr'><strong>inter</strong></span> <span class='ocrx_word' id='word_1_277' title='bbox 1524 3418 1608 3456; x_wconf 82' lang='lat' dir='ltr'><strong>vos</strong></span> <span class='ocrx_word' id='word_1_278' title='bbox 1625 3402 1664 3472; x_wconf 90' lang='grc' dir='ltr'><strong>(Ι</strong></span> <span class='ocrx_word' id='word_1_279' title='bbox 1680 3400 1796 3456; x_wconf 89' lang='lat' dir='ltr'><strong>Cor.</strong></span> <span class='ocrx_word' id='word_1_280' title='bbox 1827 3416 1901 3459; x_wconf 71' lang='lat' dir='ltr'><strong>XI,</strong></span> <span class='ocrx_word' id='word_1_281' title='bbox 1930 3397 2037 3469; x_wconf 70' lang='lat' dir='ltr'><strong>Ib).</strong></span> 
     </span>
    </p>
   </div>
   <div class='ocr_carea' id='block_1_37' title="bbox 533 3490 2041 3559">
    <p class='ocr_par' dir='ltr' id='par_1_37' title="bbox 533 3490 2041 3559">
     <span class='ocr_line' id='line_1_37' title="bbox 533 3490 2041 3559; baseline -0.012 -2"><span class='ocrx_word' id='word_1_282' title='bbox 533 3502 757 3558; x_wconf 78' lang='lat' dir='ltr'><strong>CAPUT</strong></span> <span class='ocrx_word' id='word_1_283' title='bbox 788 3501 918 3553; x_wconf 84' lang='lat' dir='ltr'><strong>Vill.</strong></span> <span class='ocrx_word' id='word_1_284' title='bbox 946 3528 1015 3541; x_wconf 87' lang='lat'><strong>——</strong></span> <span class='ocrx_word' id='word_1_285' title='bbox 1047 3498 1133 3551; x_wconf 68' lang='lat'><strong>12.</strong></span> <span class='ocrx_word' id='word_1_286' title='bbox 1172 3495 1526 3550; x_wconf 71' lang='lat' dir='ltr'><strong>Generationes</strong></span> <span class='ocrx_word' id='word_1_287' title='bbox 1563 3502 1635 3546; x_wconf 82' lang='lat' dir='ltr'><strong>ter</strong></span> <span class='ocrx_word' id='word_1_288' title='bbox 1668 3490 2041 3559; x_wconf 82' lang='lat' dir='ltr'><strong>quatuordecim</strong></span> 
     </span>
    </p>
   </div>
   <div class='ocr_carea' id='block_1_38' title="bbox 461 3580 2039 3664">
    <p class='ocr_par' dir='ltr' id='par_1_38' title="bbox 461 3580 2039 3664">
     <span class='ocr_line' id='line_1_38' title="bbox 461 3580 2039 3664; baseline -0.01 -17"><span class='ocrx_word' id='word_1_289' title='bbox 461 3594 597 3664; x_wconf 74' lang='lat' dir='ltr'><strong>apud</strong></span> <span class='ocrx_word' id='word_1_290' title='bbox 626 3591 922 3644; x_wconf 76' lang='lat' dir='ltr'><strong>Matthamm</strong></span> <span class='ocrx_word' id='word_1_291' title='bbox 966 3587 1281 3640; x_wconf 73' lang='lat' dir='ltr'><strong>inveniuntur</strong></span> <span class='ocrx_word' id='word_1_292' title='bbox 1305 3628 1318 3646; x_wconf 81' lang='grc'><em>,</em></span> <span class='ocrx_word' id='word_1_293' title='bbox 1348 3582 1593 3636; x_wconf 74' lang='lat' dir='ltr'><strong>leo/iouia</strong></span> <span class='ocrx_word' id='word_1_294' title='bbox 1636 3580 1709 3635; x_wconf 85' lang='lat' dir='ltr'><strong>bis</strong></span> <span class='ocrx_word' id='word_1_295' title='bbox 1756 3590 2039 3632; x_wconf 73' lang='lat' dir='ltr'><strong>numerato.</strong></span> 
     </span>
    </p>
   </div>
   <div class='ocr_carea' id='block_1_39' title="bbox 460 3673 2044 3753">
    <p class='ocr_par' dir='ltr' id='par_1_39' title="bbox 460 3673 2044 3753">
     <span class='ocr_line' id='line_1_39' title="bbox 460 3673 2044 3753; baseline -0.013 -11"><span class='ocrx_word' id='word_1_296' title='bbox 460 3685 596 3751; x_wconf 81' lang='lat' dir='ltr'><strong>Quid</strong></span> <span class='ocrx_word' id='word_1_297' title='bbox 646 3697 774 3753; x_wconf 81' lang='lat' dir='ltr'><strong>ergo</strong></span> <span class='ocrx_word' id='word_1_298' title='bbox 818 3682 890 3735; x_wconf 83' lang='lat' dir='ltr'><strong>illi</strong></span> <span class='ocrx_word' id='word_1_299' title='bbox 934 3676 1149 3741; x_wconf 82' lang='lat' dir='ltr'><strong>dicunt?</strong></span> <span class='ocrx_word' id='word_1_300' title='bbox 1187 3677 1321 3729; x_wconf 68' lang='lat' dir='ltr'><strong>Ecce</strong></span> <span class='ocrx_word' id='word_1_301' title='bbox 1360 3673 1631 3730; x_wconf 73' lang='lat' dir='ltr'><strong>Matthmus</strong></span> <span class='ocrx_word' id='word_1_302' title='bbox 1662 3678 1903 3724; x_wconf 84' lang='lat' dir='ltr'><strong>numerat</strong></span> <span class='ocrx_word' id='word_1_303' title='bbox 1949 3683 2044 3737; x_wconf 86' lang='lat' dir='ltr'><strong>ge-</strong></span> 
     </span>
    </p>
   </div>
   <div class='ocr_carea' id='block_1_40' title="bbox 466 3760 2044 3835">
    <p class='ocr_par' dir='ltr' id='par_1_40' title="bbox 466 3760 2044 3835">
     <span class='ocr_line' id='line_1_40' title="bbox 466 3760 2044 3835; baseline -0.011 -4"><span class='ocrx_word' id='word_1_304' title='bbox 466 3775 769 3831; x_wconf 86' lang='lat' dir='ltr'><strong>nerationes</strong></span> <span class='ocrx_word' id='word_1_305' title='bbox 791 3815 803 3835; x_wconf 83' lang='lat'><strong>,</strong></span> <span class='ocrx_word' id='word_1_306' title='bbox 827 3783 879 3826; x_wconf 92' lang='lat' dir='ltr'><strong>et</strong></span> <span class='ocrx_word' id='word_1_307' title='bbox 904 3770 1031 3824; x_wconf 88' lang='lat' dir='ltr'><strong>dicit</strong></span> <span class='ocrx_word' id='word_1_308' title='bbox 1054 3769 1119 3822; x_wconf 87' lang='lat' dir='ltr'><strong>ab</strong></span> <span class='ocrx_word' id='word_1_309' title='bbox 1150 3765 1413 3827; x_wconf 80' lang='lat' dir='ltr'><strong>Abraham</strong></span> <span class='ocrx_word' id='word_1_310' title='bbox 1453 3778 1616 3831; x_wconf 76' lang='lat' dir='ltr'><strong>usque</strong></span> <span class='ocrx_word' id='word_1_311' title='bbox 1646 3761 1711 3815; x_wconf 91' lang='lat' dir='ltr'><strong>ad</strong></span> <span class='ocrx_word' id='word_1_312' title='bbox 1743 3760 1904 3814; x_wconf 89' lang='lat' dir='ltr'><strong>David</strong></span> <span class='ocrx_word' id='word_1_313' title='bbox 1925 3774 2044 3813; x_wconf 86' lang='lat' dir='ltr'><strong>esse</strong></span> 
     </span>
    </p>
   </div>
   <div class='ocr_carea' id='block_1_41' title="bbox 463 3852 2042 3937">
    <p class='ocr_par' dir='ltr' id='par_1_41' title="bbox 463 3852 2042 3937">
     <span class='ocr_line' id='line_1_41' title="bbox 463 3852 2042 3937; baseline -0.012 -15"><span class='ocrx_word' id='word_1_314' title='bbox 463 3865 858 3937; x_wconf 82' lang='lat' dir='ltr'><strong>quatuordeeim</strong></span> <span class='ocrx_word' id='word_1_315' title='bbox 882 3903 898 3927; x_wconf 92' lang='lat'><strong>,</strong></span> <span class='ocrx_word' id='word_1_316' title='bbox 930 3869 983 3915; x_wconf 91' lang='lat' dir='ltr'><strong>et</strong></span> <span class='ocrx_word' id='word_1_317' title='bbox 1011 3874 1038 3913; x_wconf 94' lang='lat' dir='ltr'><strong>a</strong></span> <span class='ocrx_word' id='word_1_318' title='bbox 1071 3858 1230 3912; x_wconf 72' lang='lat' dir='ltr'><strong>David</strong></span> <span class='ocrx_word' id='word_1_319' title='bbox 1253 3871 1419 3924; x_wconf 89' lang='lat' dir='ltr'><strong>usque</strong></span> <span class='ocrx_word' id='word_1_320' title='bbox 1446 3853 1511 3906; x_wconf 90' lang='lat' dir='ltr'><strong>ad</strong></span> <span class='ocrx_word' id='word_1_321' title='bbox 1534 3852 2042 3920; x_wconf 78' lang='lat' dir='ltr'><strong>transmigrationem</strong></span> 
     </span>
    </p>
   </div>
   <div class='ocr_carea' id='block_1_42' title="bbox 468 3941 2042 4029">
    <p class='ocr_par' dir='ltr' id='par_1_42' title="bbox 468 3941 2042 4029">
     <span class='ocr_line' id='line_1_42' title="bbox 468 3941 2042 4029; baseline -0.015 -13"><span class='ocrx_word' id='word_1_322' title='bbox 468 3957 748 4029; x_wconf 80' lang='lat' dir='ltr'><strong>Babylonis</strong></span> <span class='ocrx_word' id='word_1_323' title='bbox 771 3951 1164 4025; x_wconf 85' lang='lat' dir='ltr'><strong>quatuordecim</strong></span> <span class='ocrx_word' id='word_1_324' title='bbox 1187 3992 1201 4012; x_wconf 91' lang='lat'><strong>,</strong></span> <span class='ocrx_word' id='word_1_325' title='bbox 1230 3958 1281 4002; x_wconf 90' lang='lat' dir='ltr'><strong>et</strong></span> <span class='ocrx_word' id='word_1_326' title='bbox 1309 3962 1338 4000; x_wconf 89' lang='lat' dir='ltr'><strong>a</strong></span> <span class='ocrx_word' id='word_1_327' title='bbox 1370 3943 1828 4012; x_wconf 84' lang='lat' dir='ltr'><strong>transmigratione</strong></span> <span class='ocrx_word' id='word_1_328' title='bbox 1867 3944 1916 3994; x_wconf 91' lang='lat' dir='ltr'><strong>in</strong></span> <span class='ocrx_word' id='word_1_329' title='bbox 1942 3941 2042 3994; x_wconf 85' lang='lat' dir='ltr'><strong>Ba-</strong></span> 
     </span>
    </p>
   </div>
   <div class='ocr_carea' id='block_1_43' title="bbox 464 4030 2045 4121">
    <p class='ocr_par' dir='ltr' id='par_1_43' title="bbox 464 4030 2045 4121">
     <span class='ocr_line' id='line_1_43' title="bbox 464 4030 2045 4121; baseline -0.011 -18"><span class='ocrx_word' id='word_1_330' title='bbox 464 4048 729 4121; x_wconf 78' lang='lat' dir='ltr'><strong>byloniam</strong></span> <span class='ocrx_word' id='word_1_331' title='bbox 758 4059 923 4115; x_wconf 87' lang='lat' dir='ltr'><strong>usque</strong></span> <span class='ocrx_word' id='word_1_332' title='bbox 942 4042 1004 4097; x_wconf 88' lang='lat' dir='ltr'><strong>ad</strong></span> <span class='ocrx_word' id='word_1_333' title='bbox 1036 4040 1300 4094; x_wconf 87' lang='lat' dir='ltr'><strong>Christum</strong></span> <span class='ocrx_word' id='word_1_334' title='bbox 1327 4033 1743 4105; x_wconf 85' lang='lat' dir='ltr'><strong>quatuordecim.</strong></span> <span class='ocrx_word' id='word_1_335' title='bbox 1770 4030 1880 4084; x_wconf 89' lang='lat' dir='ltr'><strong>Duc</strong></span> <span class='ocrx_word' id='word_1_336' title='bbox 1905 4030 1954 4082; x_wconf 87' lang='lat' dir='ltr'><strong>in</strong></span> <span class='ocrx_word' id='word_1_337' title='bbox 1987 4044 2045 4085; x_wconf 84' lang='lat' dir='ltr'><strong>se</strong></span> 
     </span>
    </p>
   </div>
   <div class='ocr_carea' id='block_1_44' title="bbox 467 4119 2045 4208">
    <p class='ocr_par' dir='ltr' id='par_1_44' title="bbox 467 4119 2045 4208">
     <span class='ocr_line' id='line_1_44' title="bbox 467 4119 2045 4208; baseline -0.013 -14"><span class='ocrx_word' id='word_1_338' title='bbox 467 4119 548 4194; x_wconf 82' lang='lat' dir='ltr'><strong>ter</strong></span> <span class='ocrx_word' id='word_1_339' title='bbox 588 4134 984 4208; x_wconf 81' lang='lat' dir='ltr'><strong>quatuordeeim</strong></span> <span class='ocrx_word' id='word_1_340' title='bbox 1012 4174 1025 4197; x_wconf 86' lang='lat'><strong>,</strong></span> <span class='ocrx_word' id='word_1_341' title='bbox 1059 4131 1189 4184; x_wconf 75' lang='lat' dir='ltr'><strong>(inut</strong></span> <span class='ocrx_word' id='word_1_342' title='bbox 1217 4125 1562 4198; x_wconf 76' lang='lat' dir='ltr'><strong>quadraginta</strong></span> <span class='ocrx_word' id='word_1_343' title='bbox 1600 4122 1726 4176; x_wconf 85' lang='lat' dir='ltr'><strong>duo.</strong></span> <span class='ocrx_word' id='word_1_344' title='bbox 1757 4119 2045 4175; x_wconf 82' lang='lat' dir='ltr'><strong>Numerant</strong></span> 
     </span>
    </p>
   </div>
   <div class='ocr_carea' id='block_1_45' title="bbox 468 4211 2044 4294">
    <p class='ocr_par' dir='ltr' id='par_1_45' title="bbox 468 4211 2044 4294">
     <span class='ocr_line' id='line_1_45' title="bbox 468 4211 2044 4294; baseline -0.013 -9"><span class='ocrx_word' id='word_1_345' title='bbox 468 4238 647 4284; x_wconf 86' lang='lat' dir='ltr'><strong>autem</strong></span> <span class='ocrx_word' id='word_1_346' title='bbox 668 4268 684 4294; x_wconf 91' lang='lat'><strong>,</strong></span> <span class='ocrx_word' id='word_1_347' title='bbox 706 4236 760 4281; x_wconf 90' lang='lat' dir='ltr'><strong>et</strong></span> <span class='ocrx_word' id='word_1_348' title='bbox 789 4225 1061 4277; x_wconf 80' lang='lat' dir='ltr'><strong>inveniunt</strong></span> <span class='ocrx_word' id='word_1_349' title='bbox 1085 4219 1431 4290; x_wconf 76' lang='lat' dir='ltr'><strong>quadraginta</strong></span> <span class='ocrx_word' id='word_1_350' title='bbox 1474 4223 1529 4269; x_wconf 88' lang='lat' dir='ltr'><strong>et</strong></span> <span class='ocrx_word' id='word_1_351' title='bbox 1559 4230 1715 4267; x_wconf 81' lang='lat' dir='ltr'><strong>unum</strong></span> <span class='ocrx_word' id='word_1_352' title='bbox 1741 4211 2044 4282; x_wconf 81' lang='lat' dir='ltr'><strong>generatio-</strong></span> 
     </span>
    </p>
   </div>
   <div class='ocr_carea' id='block_1_46' title="bbox 472 4304 2041 4382">
    <p class='ocr_par' dir='ltr' id='par_1_46' title="bbox 472 4304 2041 4382">
     <span class='ocr_line' id='line_1_46' title="bbox 472 4304 2041 4382; baseline -0.013 -9"><span class='ocrx_word' id='word_1_353' title='bbox 472 4335 594 4375; x_wconf 86' lang='lat' dir='ltr'><strong>nem</strong></span> <span class='ocrx_word' id='word_1_354' title='bbox 613 4360 627 4382; x_wconf 91' lang='lat'><strong>,</strong></span> <span class='ocrx_word' id='word_1_355' title='bbox 657 4326 711 4372; x_wconf 90' lang='lat' dir='ltr'><strong>et</strong></span> <span class='ocrx_word' id='word_1_356' title='bbox 757 4324 973 4369; x_wconf 86' lang='lat' dir='ltr'><strong>movent</strong></span> <span class='ocrx_word' id='word_1_357' title='bbox 1012 4311 1328 4364; x_wconf 84' lang='lat' dir='ltr'><strong>calumniam</strong></span> <span class='ocrx_word' id='word_1_358' title='bbox 1351 4350 1363 4371; x_wconf 92' lang='lat'><strong>,</strong></span> <span class='ocrx_word' id='word_1_359' title='bbox 1390 4316 1442 4361; x_wconf 82' lang='lat' dir='ltr'><strong>et</strong></span> <span class='ocrx_word' id='word_1_360' title='bbox 1468 4304 1747 4365; x_wconf 85' lang='lat' dir='ltr'><strong>irridentes</strong></span> <span class='ocrx_word' id='word_1_361' title='bbox 1772 4304 2041 4356; x_wconf 88' lang='lat' dir='ltr'><strong>insultant.</strong></span> 
     </span>
    </p>
   </div>
   <div class='ocr_carea' id='block_1_47' title="bbox 470 4395 2047 4476">
    <p class='ocr_par' dir='ltr' id='par_1_47' title="bbox 470 4395 2047 4476">
     <span class='ocr_line' id='line_1_47' title="bbox 470 4395 2047 4476; baseline -0.011 -13"><span class='ocrx_word' id='word_1_362' title='bbox 470 4408 605 4476; x_wconf 83' lang='lat' dir='ltr'><strong>Quid</strong></span> <span class='ocrx_word' id='word_1_363' title='bbox 628 4407 727 4461; x_wconf 89' lang='lat' dir='ltr'><strong>sibi</strong></span> <span class='ocrx_word' id='word_1_364' title='bbox 749 4419 876 4474; x_wconf 84' lang='lat' dir='ltr'><strong>ergo</strong></span> <span class='ocrx_word' id='word_1_365' title='bbox 895 4402 1007 4457; x_wconf 80' lang='lat' dir='ltr'><strong>vult</strong></span> <span class='ocrx_word' id='word_1_366' title='bbox 1024 4441 1038 4465; x_wconf 93' lang='lat'><strong>,</strong></span> <span class='ocrx_word' id='word_1_367' title='bbox 1067 4416 1187 4455; x_wconf 89' lang='lat' dir='ltr'><strong>cum</strong></span> <span class='ocrx_word' id='word_1_368' title='bbox 1209 4398 1415 4453; x_wconf 86' lang='lat' dir='ltr'><strong>dicatur</strong></span> <span class='ocrx_word' id='word_1_369' title='bbox 1441 4396 1494 4448; x_wconf 90' lang='lat' dir='ltr'><strong>in</strong></span> <span class='ocrx_word' id='word_1_370' title='bbox 1514 4395 1797 4463; x_wconf 83' lang='lat' dir='ltr'><strong>Evangelio</strong></span> <span class='ocrx_word' id='word_1_371' title='bbox 1823 4401 1903 4447; x_wconf 89' lang='lat' dir='ltr'><strong>ter</strong></span> <span class='ocrx_word' id='word_1_372' title='bbox 1927 4406 2047 4447; x_wconf 86' lang='lat' dir='ltr'><strong>esse</strong></span> 
     </span>
    </p>
   </div>
   <div class='ocr_carea' id='block_1_48' title="bbox 469 4483 2048 4570">
    <p class='ocr_par' dir='ltr' id='par_1_48' title="bbox 469 4483 2048 4570">
     <span class='ocr_line' id='line_1_48' title="bbox 469 4483 2048 4570; baseline -0.01 -17"><span class='ocrx_word' id='word_1_373' title='bbox 469 4496 867 4570; x_wconf 88' lang='lat' dir='ltr'><strong>quatuordecim</strong></span> <span class='ocrx_word' id='word_1_374' title='bbox 887 4536 902 4560; x_wconf 92' lang='lat'><strong>,</strong></span> <span class='ocrx_word' id='word_1_375' title='bbox 932 4501 1108 4547; x_wconf 87' lang='lat' dir='ltr'><strong>tamen</strong></span> <span class='ocrx_word' id='word_1_376' title='bbox 1137 4503 1321 4543; x_wconf 70' lang='lat' dir='ltr'><strong>ornnes</strong></span> <span class='ocrx_word' id='word_1_377' title='bbox 1373 4493 1661 4541; x_wconf 69' lang='lat' dir='ltr'><strong>numerata)</strong></span> <span class='ocrx_word' id='word_1_378' title='bbox 1709 4483 2048 4545; x_wconf 83' lang='lat' dir='ltr'><strong>inveniuntur</strong></span> 
     </span>
    </p>
   </div>
   <div class='ocr_carea' id='block_1_49' title="bbox 473 4572 2047 4656">
    <p class='ocr_par' dir='ltr' id='par_1_49' title="bbox 473 4572 2047 4656">
     <span class='ocr_line' id='line_1_49' title="bbox 473 4572 2047 4656; baseline -0.012 -13"><span class='ocrx_word' id='word_1_379' title='bbox 473 4604 577 4643; x_wconf 86' lang='lat' dir='ltr'><strong>non</strong></span> <span class='ocrx_word' id='word_1_380' title='bbox 597 4584 941 4656; x_wconf 76' lang='lat' dir='ltr'><strong>quadraginta</strong></span> <span class='ocrx_word' id='word_1_381' title='bbox 957 4580 1097 4645; x_wconf 85' lang='lat' dir='ltr'><strong>duar,</strong></span> <span class='ocrx_word' id='word_1_382' title='bbox 1117 4577 1208 4632; x_wconf 89' lang='lat' dir='ltr'><strong>sed</strong></span> <span class='ocrx_word' id='word_1_383' title='bbox 1226 4575 1565 4647; x_wconf 83' lang='lat' dir='ltr'><strong>quadraginta</strong></span> <span class='ocrx_word' id='word_1_384' title='bbox 1579 4582 1632 4627; x_wconf 92' lang='lat' dir='ltr'><strong>ct</strong></span> <span class='ocrx_word' id='word_1_385' title='bbox 1653 4588 1753 4627; x_wconf 90' lang='lat' dir='ltr'><strong>una</strong></span> <span class='ocrx_word' id='word_1_386' title='bbox 1766 4572 1923 4627; x_wconf 88' lang='lat' dir='ltr'><strong>?Siue</strong></span> <span class='ocrx_word' id='word_1_387' title='bbox 1951 4572 2047 4625; x_wconf 88' lang='lat' dir='ltr'><strong>du-</strong></span> 
     </span>
    </p>
   </div>
   <div class='ocr_carea' id='block_1_50' title="bbox 474 4663 2048 4746">
    <p class='ocr_par' dir='ltr' id='par_1_50' title="bbox 474 4663 2048 4746">
     <span class='ocr_line' id='line_1_50' title="bbox 474 4663 2048 4746; baseline -0.01 -13"><span class='ocrx_word' id='word_1_388' title='bbox 474 4679 560 4734; x_wconf 88' lang='lat' dir='ltr'><strong>bio</strong></span> <span class='ocrx_word' id='word_1_389' title='bbox 600 4690 845 4746; x_wconf 83' lang='lat' dir='ltr'><strong>maguum</strong></span> <span class='ocrx_word' id='word_1_390' title='bbox 883 4679 1270 4729; x_wconf 82' lang='lat' dir='ltr'><strong>sacramentum</strong></span> <span class='ocrx_word' id='word_1_391' title='bbox 1310 4679 1409 4722; x_wconf 80' lang='lat' dir='ltr'><strong>eSt.</strong></span> <span class='ocrx_word' id='word_1_392' title='bbox 1441 4666 1506 4720; x_wconf 87' lang='lat' dir='ltr'><strong>Et</strong></span> <span class='ocrx_word' id='word_1_393' title='bbox 1548 4663 1835 4733; x_wconf 89' lang='lat' dir='ltr'><strong>gaudemus</strong></span> <span class='ocrx_word' id='word_1_394' title='bbox 1854 4664 2048 4733; x_wconf 82' lang='lat' dir='ltr'><strong>gratias</strong></span> 
     </span>
    </p>
   </div>
   <div class='ocr_carea' id='block_1_51' title="bbox 476 4758 2050 4840">
    <p class='ocr_par' dir='ltr' id='par_1_51' title="bbox 476 4758 2050 4840">
     <span class='ocr_line' id='line_1_51' title="bbox 476 4758 2050 4840; baseline -0.01 -15"><span class='ocrx_word' id='word_1_395' title='bbox 476 4780 695 4840; x_wconf 81' lang='lat' dir='ltr'><strong>agentes</strong></span> <span class='ocrx_word' id='word_1_396' title='bbox 718 4767 939 4822; x_wconf 88' lang='lat' dir='ltr'><strong>Domino</strong></span> <span class='ocrx_word' id='word_1_397' title='bbox 959 4807 972 4828; x_wconf 89' lang='lat'><strong>,</strong></span> <span class='ocrx_word' id='word_1_398' title='bbox 1000 4764 1121 4833; x_wconf 83' lang='lat' dir='ltr'><strong>quia</strong></span> <span class='ocrx_word' id='word_1_399' title='bbox 1162 4774 1214 4817; x_wconf 90' lang='lat' dir='ltr'><strong>et</strong></span> <span class='ocrx_word' id='word_1_400' title='bbox 1237 4777 1329 4832; x_wconf 89' lang='lat' dir='ltr'><strong>per</strong></span> <span class='ocrx_word' id='word_1_401' title='bbox 1358 4758 1693 4817; x_wconf 86' lang='lat' dir='ltr'><strong>occasionem</strong></span> <span class='ocrx_word' id='word_1_402' title='bbox 1722 4758 2050 4816; x_wconf 83' lang='lat' dir='ltr'><strong>calumnian-</strong></span> 
     </span>
    </p>
   </div>
   <div class='ocr_carea' id='block_1_52' title="bbox 475 4849 2045 4925">
    <p class='ocr_par' dir='ltr' id='par_1_52' title="bbox 475 4849 2045 4925">
     <span class='ocr_line' id='line_1_52' title="bbox 475 4849 2045 4925; baseline -0.011 -7"><span class='ocrx_word' id='word_1_403' title='bbox 475 4864 604 4917; x_wconf 88' lang='lat' dir='ltr'><strong>tium</strong></span> <span class='ocrx_word' id='word_1_404' title='bbox 635 4860 929 4914; x_wconf 76' lang='lat' dir='ltr'><strong>invenimus</strong></span> <span class='ocrx_word' id='word_1_405' title='bbox 971 4854 1164 4925; x_wconf 86' lang='lat' dir='ltr'><strong>aliquid</strong></span> <span class='ocrx_word' id='word_1_406' title='bbox 1212 4852 1350 4924; x_wconf 87' lang='lat' dir='ltr'><strong>quod</strong></span> <span class='ocrx_word' id='word_1_407' title='bbox 1397 4859 1594 4921; x_wconf 86' lang='lat' dir='ltr'><strong>quanto</strong></span> <span class='ocrx_word' id='word_1_408' title='bbox 1639 4850 1803 4920; x_wconf 85' lang='lat' dir='ltr'><strong>magis</strong></span> <span class='ocrx_word' id='word_1_409' title='bbox 1833 4849 2045 4918; x_wconf 85' lang='lat' dir='ltr'><strong>tegeba-</strong></span> 
     </span>
    </p>
   </div>
   <div class='ocr_carea' id='block_1_53' title="bbox 476 4938 2049 5021">
    <p class='ocr_par' dir='ltr' id='par_1_53' title="bbox 476 4938 2049 5021">
     <span class='ocr_line' id='line_1_53' title="bbox 476 4938 2049 5021; baseline -0.009 -15"><span class='ocrx_word' id='word_1_410' title='bbox 476 4967 561 5011; x_wconf 87' lang='lat' dir='ltr'><strong>tur</strong></span> <span class='ocrx_word' id='word_1_411' title='bbox 585 4948 948 5021; x_wconf 76' lang='lat' dir='ltr'><strong>quzcreudum,</strong></span> <span class='ocrx_word' id='word_1_412' title='bbox 981 4955 1126 5003; x_wconf 86' lang='lat' dir='ltr'><strong>tanto</strong></span> <span class='ocrx_word' id='word_1_413' title='bbox 1161 4944 1326 5014; x_wconf 75' lang='lat' dir='ltr'><strong>mang</strong></span> <span class='ocrx_word' id='word_1_414' title='bbox 1354 4942 1578 4997; x_wconf 79' lang='lat' dir='ltr'><strong>delectet</strong></span> <span class='ocrx_word' id='word_1_415' title='bbox 1608 4941 1896 4994; x_wconf 87' lang='lat' dir='ltr'><strong>inventmn.</strong></span> <span class='ocrx_word' id='word_1_416' title='bbox 1936 4938 2049 4993; x_wconf 86' lang='lat' dir='ltr'><strong>Sic-</strong></span> 
     </span>
    </p>
   </div>
   <div class='ocr_carea' id='block_1_54' title="bbox 477 5032 2046 5109">
    <p class='ocr_par' dir='ltr' id='par_1_54' title="bbox 477 5032 2046 5109">
     <span class='ocr_line' id='line_1_54' title="bbox 477 5032 2046 5109; baseline -0.01 -12"><span class='ocrx_word' id='word_1_417' title='bbox 477 5053 533 5098; x_wconf 93' lang='lat' dir='ltr'><strong>ut</strong></span> <span class='ocrx_word' id='word_1_418' title='bbox 556 5042 697 5098; x_wconf 89' lang='lat' dir='ltr'><strong>cnim</strong></span> <span class='ocrx_word' id='word_1_419' title='bbox 748 5038 1015 5109; x_wconf 63' lang='lat' dir='ltr'><strong>praelocuti</strong></span> <span class='ocrx_word' id='word_1_420' title='bbox 1039 5052 1249 5099; x_wconf 83' lang='lat' dir='ltr'><strong>sumus,</strong></span> <span class='ocrx_word' id='word_1_421' title='bbox 1277 5035 1480 5089; x_wconf 73' lang='lat' dir='ltr'><strong>edimus</strong></span> <span class='ocrx_word' id='word_1_422' title='bbox 1511 5032 1868 5101; x_wconf 73' lang='lat' dir='ltr'><strong>spectaculum</strong></span> <span class='ocrx_word' id='word_1_423' title='bbox 1892 5046 2046 5085; x_wconf 83' lang='lat' dir='ltr'><strong>men-</strong></span> 
     </span>
    </p>
   </div>
   <div class='ocr_carea' id='block_1_55' title="bbox 477 5122 2047 5195">
    <p class='ocr_par' dir='ltr' id='par_1_55' title="bbox 477 5122 2047 5195">
     <span class='ocr_line' id='line_1_55' title="bbox 477 5122 2047 5195; baseline -0.01 -8"><span class='ocrx_word' id='word_1_424' title='bbox 477 5135 625 5187; x_wconf 89' lang='lat' dir='ltr'><strong>tium.</strong></span> <span class='ocrx_word' id='word_1_425' title='bbox 661 5131 742 5184; x_wconf 78' lang='lat' dir='ltr'><strong>Ab</strong></span> <span class='ocrx_word' id='word_1_426' title='bbox 788 5129 1052 5184; x_wconf 80' lang='lat' dir='ltr'><strong>Abraham</strong></span> <span class='ocrx_word' id='word_1_427' title='bbox 1099 5126 1255 5195; x_wconf 82' lang='lat' dir='ltr'><strong>igitur</strong></span> <span class='ocrx_word' id='word_1_428' title='bbox 1280 5140 1443 5193; x_wconf 85' lang='lat' dir='ltr'><strong>usque</strong></span> <span class='ocrx_word' id='word_1_429' title='bbox 1469 5122 1532 5177; x_wconf 81' lang='lat' dir='ltr'><strong>ad</strong></span> <span class='ocrx_word' id='word_1_430' title='bbox 1576 5122 1734 5175; x_wconf 81' lang='lat' dir='ltr'><strong>David</strong></span> <span class='ocrx_word' id='word_1_431' title='bbox 1757 5163 1769 5185; x_wconf 88' lang='lat'><strong>,</strong></span> <span class='ocrx_word' id='word_1_432' title='bbox 1796 5130 2047 5189; x_wconf 87' lang='lat' dir='ltr'><strong>quatuor-</strong></span> 
     </span>
    </p>
   </div>
   <div class='ocr_carea' id='block_1_56' title="bbox 475 5211 2045 5287">
    <p class='ocr_par' dir='ltr' id='par_1_56' title="bbox 475 5211 2045 5287">
     <span class='ocr_line' id='line_1_56' title="bbox 475 5211 2045 5287; baseline -0.008 -11"><span class='ocrx_word' id='word_1_433' title='bbox 475 5225 645 5278; x_wconf 86' lang='lat' dir='ltr'><strong>decim</strong></span> <span class='ocrx_word' id='word_1_434' title='bbox 673 5233 815 5277; x_wconf 85' lang='lat' dir='ltr'><strong>sunt.</strong></span> <span class='ocrx_word' id='word_1_435' title='bbox 848 5220 974 5276; x_wconf 73' lang='lat' dir='ltr'><strong>Inde</strong></span> <span class='ocrx_word' id='word_1_436' title='bbox 1014 5219 1194 5287; x_wconf 84' lang='lat' dir='ltr'><strong>incipit</strong></span> <span class='ocrx_word' id='word_1_437' title='bbox 1234 5232 1485 5271; x_wconf 63' lang='lat' dir='ltr'><strong>uuruerus</strong></span> <span class='ocrx_word' id='word_1_438' title='bbox 1528 5231 1555 5266; x_wconf 87' lang='lat' dir='ltr'><strong>a</strong></span> <span class='ocrx_word' id='word_1_439' title='bbox 1583 5214 1865 5268; x_wconf 83' lang='lat' dir='ltr'><strong>Salomone</strong></span> <span class='ocrx_word' id='word_1_440' title='bbox 1895 5229 1908 5264; x_wconf 87' lang='lat'><strong>:</strong></span> <span class='ocrx_word' id='word_1_441' title='bbox 1942 5211 2045 5264; x_wconf 88' lang='lat' dir='ltr'><strong>Da-</strong></span> 
     </span>
    </p>
   </div>
   <div class='ocr_carea' id='block_1_57' title="bbox 478 5305 2049 5380">
    <p class='ocr_par' dir='ltr' id='par_1_57' title="bbox 478 5305 2049 5380">
     <span class='ocr_line' id='line_1_57' title="bbox 478 5305 2049 5380; baseline -0.006 -15"><span class='ocrx_word' id='word_1_442' title='bbox 478 5312 562 5368; x_wconf 86' lang='lat' dir='ltr'><strong>vid</strong></span> <span class='ocrx_word' id='word_1_443' title='bbox 584 5314 725 5367; x_wconf 86' lang='lat' dir='ltr'><strong>euim</strong></span> <span class='ocrx_word' id='word_1_444' title='bbox 751 5311 933 5380; x_wconf 73' lang='lat' dir='ltr'><strong>genuit</strong></span> <span class='ocrx_word' id='word_1_445' title='bbox 971 5307 1330 5362; x_wconf 85' lang='lat' dir='ltr'><strong>Salomonem.</strong></span> <span class='ocrx_word' id='word_1_446' title='bbox 1376 5305 1557 5373; x_wconf 85' lang='lat' dir='ltr'><strong>Incipit</strong></span> <span class='ocrx_word' id='word_1_447' title='bbox 1587 5313 1759 5356; x_wconf 88' lang='lat' dir='ltr'><strong>autem</strong></span> <span class='ocrx_word' id='word_1_448' title='bbox 1799 5317 2049 5355; x_wconf 73' lang='lat' dir='ltr'><strong>numerus</strong></span> 
     </span>
    </p>
   </div>
   <div class='ocr_carea' id='block_1_58' title="bbox 477 5393 2048 5466">
    <p class='ocr_par' dir='ltr' id='par_1_58' title="bbox 477 5393 2048 5466">
     <span class='ocr_line' id='line_1_58' title="bbox 477 5393 2048 5466; baseline -0.011 -4"><span class='ocrx_word' id='word_1_449' title='bbox 477 5420 505 5462; x_wconf 70' lang='grc' dir='ltr'><strong><em>ι</em></strong></span> <span class='ocrx_word' id='word_1_450' title='bbox 551 5402 874 5461; x_wconf 79' lang='lat' dir='ltr'><strong>Salomone,</strong></span> <span class='ocrx_word' id='word_1_451' title='bbox 924 5408 977 5453; x_wconf 89' lang='lat' dir='ltr'><strong>et</strong></span> <span class='ocrx_word' id='word_1_452' title='bbox 1010 5396 1245 5466; x_wconf 81' lang='lat' dir='ltr'><strong>pervenit</strong></span> <span class='ocrx_word' id='word_1_453' title='bbox 1295 5396 1359 5448; x_wconf 89' lang='lat' dir='ltr'><strong>ad</strong></span> <span class='ocrx_word' id='word_1_454' title='bbox 1406 5394 1744 5456; x_wconf 77' lang='lat' dir='ltr'><strong>Jcchoniam,</strong></span> <span class='ocrx_word' id='word_1_455' title='bbox 1793 5393 1880 5460; x_wconf 90' lang='lat' dir='ltr'><strong>qui</strong></span> <span class='ocrx_word' id='word_1_456' title='bbox 1928 5407 2048 5445; x_wconf 86' lang='lat' dir='ltr'><strong>eum</strong></span> 
     </span>
    </p>
   </div>
   <div class='ocr_carea' id='block_1_59' title="bbox 480 5482 2046 5555">
    <p class='ocr_par' dir='ltr' id='par_1_59' title="bbox 480 5482 2046 5555">
     <span class='ocr_line' id='line_1_59' title="bbox 480 5482 2046 5555; baseline -0.01 -5"><span class='ocrx_word' id='word_1_457' title='bbox 480 5496 686 5549; x_wconf 79' lang='lat' dir='ltr'><strong>\iveret</strong></span> <span class='ocrx_word' id='word_1_458' title='bbox 730 5489 862 5545; x_wconf 82' lang='lat' dir='ltr'><strong>facta</strong></span> <span class='ocrx_word' id='word_1_459' title='bbox 915 5498 998 5543; x_wconf 64' lang='lat' dir='ltr'><strong>est</strong></span> <span class='ocrx_word' id='word_1_460' title='bbox 1050 5486 1441 5555; x_wconf 83' lang='lat' dir='ltr'><strong>transmigratio</strong></span> <span class='ocrx_word' id='word_1_461' title='bbox 1484 5484 1534 5537; x_wconf 94' lang='lat' dir='ltr'><strong>in</strong></span> <span class='ocrx_word' id='word_1_462' title='bbox 1588 5482 1964 5552; x_wconf 81' lang='lat' dir='ltr'><strong>Babyloniam;</strong></span> <span class='ocrx_word' id='word_1_463' title='bbox 1997 5490 2046 5534; x_wconf 86' lang='lat' dir='ltr'><strong>et</strong></span> 
     </span>
    </p>
   </div>
   <div class='ocr_carea' id='block_1_60' title="bbox 481 5571 2047 5651">
    <p class='ocr_par' dir='ltr' id='par_1_60' title="bbox 481 5571 2047 5651">
     <span class='ocr_line' id='line_1_60' title="bbox 481 5571 2047 5651; baseline -0.007 -16"><span class='ocrx_word' id='word_1_464' title='bbox 481 5590 604 5647; x_wconf 71' lang='lat' dir='ltr'><strong>sum</strong></span> <span class='ocrx_word' id='word_1_465' title='bbox 650 5582 765 5634; x_wconf 76' lang='lat' dir='ltr'><strong>alia:</strong></span> <span class='ocrx_word' id='word_1_466' title='bbox 811 5571 1204 5651; x_wconf 70' lang='lat' dir='ltr'><strong>quattuordecim</strong></span> <span class='ocrx_word' id='word_1_467' title='bbox 1252 5576 1620 5648; x_wconf 66' lang='lat' dir='ltr'><strong>generationes</strong></span> <span class='ocrx_word' id='word_1_468' title='bbox 1647 5615 1659 5639; x_wconf 89' lang='lat'><strong>,</strong></span> <span class='ocrx_word' id='word_1_469' title='bbox 1701 5579 2047 5627; x_wconf 76' lang='lat' dir='ltr'><strong>adnumerato</strong></span> 
     </span>
    </p>
   </div>
   <div class='ocr_carea' id='block_1_61' title="bbox 546 5693 1167 5765">
    <p class='ocr_par' dir='ltr' id='par_1_61' title="bbox 546 5693 1167 5765">
     <span class='ocr_line' id='line_1_61' title="bbox 546 5693 1167 5765; baseline 0.01 -27"><span class='ocrx_word' id='word_1_470' title='bbox 546 5696 568 5738; x_wconf 62' lang='grc' dir='ltr'><strong>λ</strong></span> <span class='ocrx_word' id='word_1_471' title='bbox 589 5700 719 5761; x_wconf 43' lang='lat' dir='ltr'><strong>tua,</strong></span> <span class='ocrx_word' id='word_1_472' title='bbox 748 5693 873 5765; x_wconf 66' lang='lat' dir='ltr'><strong>quod</strong></span> <span class='ocrx_word' id='word_1_473' title='bbox 897 5693 1167 5744; x_wconf 47' lang='lat' dir='ltr'><strong>notuerunt</strong></span> 
     </span>
    </p>
   </div>
   <div class='ocr_carea' id='block_1_62' title="bbox 1669 292 2466 357">
    <p class='ocr_par' dir='ltr' id='par_1_62' title="bbox 1669 292 2466 357">
     <span class='ocr_line' id='line_1_62' title="bbox 1669 292 2466 357; baseline -0.014 0"><span class='ocrx_word' id='word_1_474' title='bbox 1669 302 1727 357; x_wconf 87' lang='lat' dir='ltr'><strong>S.</strong></span> <span class='ocrx_word' id='word_1_475' title='bbox 1769 296 2127 356; x_wconf 74' lang='lat' dir='ltr'><strong>AUGUSTINI</strong></span> <span class='ocrx_word' id='word_1_476' title='bbox 2170 292 2466 349; x_wconf 71' lang='lat' dir='ltr'><strong>EI’lSCOPI</strong></span> 
     </span>
    </p>
   </div>
   <div class='ocr_carea' id='block_1_63' title="bbox 3592 281 3700 338">
    <p class='ocr_par' dir='ltr' id='par_1_63' title="bbox 3592 281 3700 338">
     <span class='ocr_line' id='line_1_63' title="bbox 3592 281 3700 338; baseline 0.028 -3"><span class='ocrx_word' id='word_1_477' title='bbox 3592 281 3700 338; x_wconf 72' lang='grc'><strong>540</strong></span> 
     </span>
    </p>
   </div>
   <div class='ocr_carea' id='block_1_64' title="bbox 2120 396 3700 475">
    <p class='ocr_par' dir='ltr' id='par_1_64' title="bbox 2120 396 3700 475">
     <span class='ocr_line' id='line_1_64' title="bbox 2120 396 3700 475; baseline -0.004 -14"><span class='ocrx_word' id='word_1_478' title='bbox 2120 409 2401 461; x_wconf 82' lang='lat' dir='ltr'><strong>Salomone</strong></span> <span class='ocrx_word' id='word_1_479' title='bbox 2453 420 2481 457; x_wconf 92' lang='lat' dir='ltr'><strong>a</strong></span> <span class='ocrx_word' id='word_1_480' title='bbox 2520 403 2695 475; x_wconf 86' lang='lat' dir='ltr'><strong>capite</strong></span> <span class='ocrx_word' id='word_1_481' title='bbox 2742 401 2961 457; x_wconf 85' lang='lat' dir='ltr'><strong>alterius</strong></span> <span class='ocrx_word' id='word_1_482' title='bbox 3006 396 3300 463; x_wconf 86' lang='lat' dir='ltr'><strong>intervalli,</strong></span> <span class='ocrx_word' id='word_1_483' title='bbox 3343 410 3700 454; x_wconf 87' lang='lat' dir='ltr'><strong>annumerato</strong></span> 
     </span>
    </p>
   </div>
   <div class='ocr_carea' id='block_1_65' title="bbox 2121 491 3704 563">
    <p class='ocr_par' dir='ltr' id='par_1_65' title="bbox 2121 491 3704 563">
     <span class='ocr_line' id='line_1_65' title="bbox 2121 491 3704 563; baseline -0.006 -10"><span class='ocrx_word' id='word_1_484' title='bbox 2121 501 2280 554; x_wconf 89' lang='lat' dir='ltr'><strong>etiam</strong></span> <span class='ocrx_word' id='word_1_485' title='bbox 2307 496 2579 558; x_wconf 79' lang='lat' dir='ltr'><strong>Jechonia,</strong></span> <span class='ocrx_word' id='word_1_486' title='bbox 2613 495 2677 548; x_wconf 91' lang='lat' dir='ltr'><strong>ad</strong></span> <span class='ocrx_word' id='word_1_487' title='bbox 2702 509 2857 563; x_wconf 89' lang='lat' dir='ltr'><strong>quem</strong></span> <span class='ocrx_word' id='word_1_488' title='bbox 2901 491 3162 546; x_wconf 88' lang='lat' dir='ltr'><strong>clauditur</strong></span> <span class='ocrx_word' id='word_1_489' title='bbox 3199 491 3311 561; x_wconf 90' lang='lat' dir='ltr'><strong>ipse</strong></span> <span class='ocrx_word' id='word_1_490' title='bbox 3341 505 3611 550; x_wconf 85' lang='lat' dir='ltr'><strong>numerus.</strong></span> <span class='ocrx_word' id='word_1_491' title='bbox 3639 500 3704 544; x_wconf 87' lang='lat' dir='ltr'><strong>ut</strong></span> 
     </span>
    </p>
   </div>
   <div class='ocr_carea' id='block_1_66' title="bbox 2125 579 3701 660">
    <p class='ocr_par' dir='ltr' id='par_1_66' title="bbox 2125 579 3701 660">
     <span class='ocr_line' id='line_1_66' title="bbox 2125 579 3701 660; baseline -0.008 -15"><span class='ocrx_word' id='word_1_492' title='bbox 2125 591 2442 660; x_wconf 85' lang='lat' dir='ltr'><strong>impleantur</strong></span> <span class='ocrx_word' id='word_1_493' title='bbox 2479 585 2899 657; x_wconf 89' lang='lat' dir='ltr'><strong>quatuordccim.</strong></span> <span class='ocrx_word' id='word_1_494' title='bbox 2929 582 3165 637; x_wconf 90' lang='lat' dir='ltr'><strong>Tertium</strong></span> <span class='ocrx_word' id='word_1_495' title='bbox 3195 594 3322 635; x_wconf 88' lang='lat' dir='ltr'><strong>vero</strong></span> <span class='ocrx_word' id='word_1_496' title='bbox 3365 579 3701 635; x_wconf 83' lang='lat' dir='ltr'><strong>intervallum</strong></span> 
     </span>
    </p>
   </div>
   <div class='ocr_carea' id='block_1_67' title="bbox 2124 675 2838 749">
    <p class='ocr_par' dir='ltr' id='par_1_67' title="bbox 2124 675 2838 749">
     <span class='ocr_line' id='line_1_67' title="bbox 2124 675 2838 749; baseline -0.013 -15"><span class='ocrx_word' id='word_1_497' title='bbox 2124 680 2191 734; x_wconf 90' lang='lat' dir='ltr'><strong>ab</strong></span> <span class='ocrx_word' id='word_1_498' title='bbox 2212 680 2326 749; x_wconf 88' lang='lat' dir='ltr'><strong>ipso</strong></span> <span class='ocrx_word' id='word_1_499' title='bbox 2352 677 2608 733; x_wconf 83' lang='lat' dir='ltr'><strong>Jechonia</strong></span> <span class='ocrx_word' id='word_1_500' title='bbox 2637 675 2838 745; x_wconf 90' lang='lat' dir='ltr'><strong>incipit.</strong></span> 
     </span>
    </p>
   </div>
   <div class='ocr_carea' id='block_1_68' title="bbox 2199 760 3692 826">
    <p class='ocr_par' dir='ltr' id='par_1_68' title="bbox 2199 760 3692 826">
     <span class='ocr_line' id='line_1_68' title="bbox 2199 760 3692 826; baseline -0.009 -1"><span class='ocrx_word' id='word_1_501' title='bbox 2199 771 2284 826; x_wconf 78' lang='lat' dir='ltr'><strong>I3.</strong></span> <span class='ocrx_word' id='word_1_502' title='bbox 2327 769 2429 824; x_wconf 88' lang='lat' dir='ltr'><strong>Cur</strong></span> <span class='ocrx_word' id='word_1_503' title='bbox 2465 768 2735 823; x_wconf 83' lang='lat' dir='ltr'><strong>Jecltonias</strong></span> <span class='ocrx_word' id='word_1_504' title='bbox 2778 766 2850 819; x_wconf 88' lang='lat' dir='ltr'><strong>bis</strong></span> <span class='ocrx_word' id='word_1_505' title='bbox 2897 771 3201 817; x_wconf 82' lang='lat' dir='ltr'><strong>numeretur.</strong></span> <span class='ocrx_word' id='word_1_506' title='bbox 3273 761 3515 816; x_wconf 84' lang='lat' dir='ltr'><strong>lntendat</strong></span> <span class='ocrx_word' id='word_1_507' title='bbox 3550 760 3692 815; x_wconf 62' lang='lat' dir='ltr'><strong>Sano</strong></span> 
     </span>
    </p>
   </div>
   <div class='ocr_carea' id='block_1_69' title="bbox 2126 849 3703 926">
    <p class='ocr_par' dir='ltr' id='par_1_69' title="bbox 2126 849 3703 926">
     <span class='ocr_line' id='line_1_69' title="bbox 2126 849 3703 926; baseline -0.008 -11"><span class='ocrx_word' id='word_1_508' title='bbox 2126 861 2282 915; x_wconf 90' lang='lat' dir='ltr'><strong>ctitas</strong></span> <span class='ocrx_word' id='word_1_509' title='bbox 2321 866 2494 912; x_wconf 89' lang='lat' dir='ltr'><strong>vestra</strong></span> <span class='ocrx_word' id='word_1_510' title='bbox 2532 871 2642 911; x_wconf 89' lang='lat' dir='ltr'><strong>rem</strong></span> <span class='ocrx_word' id='word_1_511' title='bbox 2690 855 2965 926; x_wconf 83' lang='lat' dir='ltr'><strong>mysticam</strong></span> <span class='ocrx_word' id='word_1_512' title='bbox 3006 859 3060 906; x_wconf 91' lang='lat' dir='ltr'><strong>et</strong></span> <span class='ocrx_word' id='word_1_513' title='bbox 3097 851 3301 906; x_wconf 90' lang='lat' dir='ltr'><strong>dulcem</strong></span> <span class='ocrx_word' id='word_1_514' title='bbox 3347 868 3361 904; x_wconf 91' lang='lat'><strong>:</strong></span> <span class='ocrx_word' id='word_1_515' title='bbox 3395 849 3566 904; x_wconf 80' lang='lat' dir='ltr'><strong>fateor</strong></span> <span class='ocrx_word' id='word_1_516' title='bbox 3605 864 3703 903; x_wconf 83' lang='lat' dir='ltr'><strong>vo-</strong></span> 
     </span>
    </p>
   </div>
   <div class='ocr_carea' id='block_1_70' title="bbox 2126 941 3700 1023">
    <p class='ocr_par' dir='ltr' id='par_1_70' title="bbox 2126 941 3700 1023">
     <span class='ocr_line' id='line_1_70' title="bbox 2126 941 3700 1023; baseline -0.01 -17"><span class='ocrx_word' id='word_1_517' title='bbox 2126 953 2208 1007; x_wconf 91' lang='lat' dir='ltr'><strong>bis</strong></span> <span class='ocrx_word' id='word_1_518' title='bbox 2243 957 2508 1023; x_wconf 88' lang='lat' dir='ltr'><strong>gustatum</strong></span> <span class='ocrx_word' id='word_1_519' title='bbox 2545 946 2720 1002; x_wconf 88' lang='lat' dir='ltr'><strong>cordis</strong></span> <span class='ocrx_word' id='word_1_520' title='bbox 2741 946 2876 1008; x_wconf 84' lang='lat' dir='ltr'><strong>mei;</strong></span> <span class='ocrx_word' id='word_1_521' title='bbox 2908 942 3048 998; x_wconf 90' lang='lat' dir='ltr'><strong>unde</strong></span> <span class='ocrx_word' id='word_1_522' title='bbox 3073 941 3237 997; x_wconf 91' lang='lat' dir='ltr'><strong>credo</strong></span> <span class='ocrx_word' id='word_1_523' title='bbox 3259 941 3379 1011; x_wconf 91' lang='lat' dir='ltr'><strong>quia</strong></span> <span class='ocrx_word' id='word_1_524' title='bbox 3408 955 3528 994; x_wconf 89' lang='lat' dir='ltr'><strong>cum</strong></span> <span class='ocrx_word' id='word_1_525' title='bbox 3568 956 3700 1009; x_wconf 85' lang='lat' dir='ltr'><strong>pro-</strong></span> 
     </span>
    </p>
   </div>
   <div class='ocr_carea' id='block_1_71' title="bbox 2129 1028 3703 1109">
    <p class='ocr_par' dir='ltr' id='par_1_71' title="bbox 2129 1028 3703 1109">
     <span class='ocr_line' id='line_1_71' title="bbox 2129 1028 3703 1109; baseline -0.01 -13"><span class='ocrx_word' id='word_1_526' title='bbox 2129 1041 2299 1096; x_wconf 87' lang='lat' dir='ltr'><strong>tulero</strong></span> <span class='ocrx_word' id='word_1_527' title='bbox 2318 1081 2334 1106; x_wconf 88' lang='lat'><strong>,</strong></span> <span class='ocrx_word' id='word_1_528' title='bbox 2365 1047 2420 1094; x_wconf 89' lang='lat' dir='ltr'><strong>et</strong></span> <span class='ocrx_word' id='word_1_529' title='bbox 2436 1035 2771 1109; x_wconf 87' lang='lat' dir='ltr'><strong>gustaveritis</strong></span> <span class='ocrx_word' id='word_1_530' title='bbox 2792 1076 2805 1098; x_wconf 93' lang='lat'><strong>,</strong></span> <span class='ocrx_word' id='word_1_531' title='bbox 2839 1033 3064 1102; x_wconf 87' lang='lat' dir='ltr'><strong>idipsum</strong></span> <span class='ocrx_word' id='word_1_532' title='bbox 3096 1029 3490 1085; x_wconf 88' lang='lat' dir='ltr'><strong>renuntiabitis.</strong></span> <span class='ocrx_word' id='word_1_533' title='bbox 3521 1028 3703 1082; x_wconf 89' lang='lat' dir='ltr'><strong>luteu-</strong></span> 
     </span>
    </p>
   </div>
   <div class='ocr_carea' id='block_1_72' title="bbox 2129 1121 3706 1201">
    <p class='ocr_par' dir='ltr' id='par_1_72' title="bbox 2129 1121 3706 1201">
     <span class='ocr_line' id='line_1_72' title="bbox 2129 1121 3706 1201; baseline -0.008 -15"><span class='ocrx_word' id='word_1_534' title='bbox 2129 1132 2236 1186; x_wconf 92' lang='lat' dir='ltr'><strong>dite</strong></span> <span class='ocrx_word' id='word_1_535' title='bbox 2272 1145 2418 1201; x_wconf 87' lang='lat' dir='ltr'><strong>ergo.</strong></span> <span class='ocrx_word' id='word_1_536' title='bbox 2450 1131 2494 1183; x_wconf 83' lang='lat' dir='ltr'><strong>A</strong></span> <span class='ocrx_word' id='word_1_537' title='bbox 2522 1126 2775 1183; x_wconf 85' lang='lat' dir='ltr'><strong>Jecbonia</strong></span> <span class='ocrx_word' id='word_1_538' title='bbox 2820 1125 2936 1196; x_wconf 90' lang='lat' dir='ltr'><strong>ipso</strong></span> <span class='ocrx_word' id='word_1_539' title='bbox 2979 1123 3262 1192; x_wconf 88' lang='lat' dir='ltr'><strong>incipiente</strong></span> <span class='ocrx_word' id='word_1_540' title='bbox 3293 1136 3515 1176; x_wconf 91' lang='lat' dir='ltr'><strong>numero</strong></span> <span class='ocrx_word' id='word_1_541' title='bbox 3558 1121 3706 1201; x_wconf 78' lang='lat' dir='ltr'><strong>tertii</strong></span> 
     </span>
    </p>
   </div>
   <div class='ocr_carea' id='block_1_73' title="bbox 2131 1194 3712 1287">
    <p class='ocr_par' dir='ltr' id='par_1_73' title="bbox 2131 1194 3712 1287">
     <span class='ocr_line' id='line_1_73' title="bbox 2131 1194 3712 1287; baseline -0.008 -11"><span class='ocrx_word' id='word_1_542' title='bbox 2131 1194 2425 1284; x_wconf 74' lang='lat' dir='ltr'><strong>intervalli,</strong></span> <span class='ocrx_word' id='word_1_543' title='bbox 2457 1232 2624 1287; x_wconf 90' lang='lat' dir='ltr'><strong>usque</strong></span> <span class='ocrx_word' id='word_1_544' title='bbox 2651 1216 2716 1271; x_wconf 90' lang='lat' dir='ltr'><strong>ad</strong></span> <span class='ocrx_word' id='word_1_545' title='bbox 2745 1194 3023 1270; x_wconf 84' lang='lat' dir='ltr'><strong>Dominum</strong></span> <span class='ocrx_word' id='word_1_546' title='bbox 3048 1212 3230 1267; x_wconf 84' lang='lat' dir='ltr'><strong>Jesum</strong></span> <span class='ocrx_word' id='word_1_547' title='bbox 3271 1212 3539 1266; x_wconf 83' lang='lat' dir='ltr'><strong>Christum</strong></span> <span class='ocrx_word' id='word_1_548' title='bbox 3569 1194 3712 1264; x_wconf 78' lang='lat' dir='ltr'><strong>liuut</strong></span> 
     </span>
    </p>
   </div>
   <div class='ocr_carea' id='block_1_74' title="bbox 2129 1299 3710 1383">
    <p class='ocr_par' dir='ltr' id='par_1_74' title="bbox 2129 1299 3710 1383">
     <span class='ocr_line' id='line_1_74' title="bbox 2129 1299 3710 1383; baseline -0.008 -16"><span class='ocrx_word' id='word_1_549' title='bbox 2129 1310 2524 1383; x_wconf 86' lang='lat' dir='ltr'><strong>quatuordecim</strong></span> <span class='ocrx_word' id='word_1_550' title='bbox 2561 1329 2572 1362; x_wconf 91' lang='lat'><strong>:</strong></span> <span class='ocrx_word' id='word_1_551' title='bbox 2606 1308 2725 1376; x_wconf 86' lang='lat' dir='ltr'><strong>quia</strong></span> <span class='ocrx_word' id='word_1_552' title='bbox 2751 1304 3033 1361; x_wconf 84' lang='lat' dir='ltr'><strong>.Ieehonias</strong></span> <span class='ocrx_word' id='word_1_553' title='bbox 3059 1303 3149 1357; x_wconf 92' lang='lat' dir='ltr'><strong>ille</strong></span> <span class='ocrx_word' id='word_1_554' title='bbox 3174 1313 3229 1358; x_wconf 90' lang='lat' dir='ltr'><strong>et</strong></span> <span class='ocrx_word' id='word_1_555' title='bbox 3254 1299 3710 1370; x_wconf 62' lang='lat' dir='ltr'><strong>[inmissum-rio-</strong></span> 
     </span>
    </p>
   </div>
   <div class='ocr_carea' id='block_1_75' title="bbox 2131 1393 3712 1466">
    <p class='ocr_par' dir='ltr' id='par_1_75' title="bbox 2131 1393 3712 1466">
     <span class='ocr_line' id='line_1_75' title="bbox 2131 1393 3712 1466; baseline -0.008 -8"><span class='ocrx_word' id='word_1_556' title='bbox 2131 1405 2204 1458; x_wconf 92' lang='lat' dir='ltr'><strong>ris</strong></span> <span class='ocrx_word' id='word_1_557' title='bbox 2232 1401 2525 1466; x_wconf 83' lang='lat' dir='ltr'><strong>intervalli,</strong></span> <span class='ocrx_word' id='word_1_558' title='bbox 2556 1409 2611 1454; x_wconf 87' lang='lat' dir='ltr'><strong>et</strong></span> <span class='ocrx_word' id='word_1_559' title='bbox 2657 1398 2869 1453; x_wconf 89' lang='lat' dir='ltr'><strong>initialis</strong></span> <span class='ocrx_word' id='word_1_560' title='bbox 2897 1394 3168 1466; x_wconf 89' lang='lat' dir='ltr'><strong>sequentis</strong></span> <span class='ocrx_word' id='word_1_561' title='bbox 3194 1393 3453 1449; x_wconf 88' lang='lat' dir='ltr'><strong>intervalli</strong></span> <span class='ocrx_word' id='word_1_562' title='bbox 3485 1395 3564 1447; x_wconf 87' lang='lat' dir='ltr'><strong>bis</strong></span> <span class='ocrx_word' id='word_1_563' title='bbox 3609 1409 3712 1446; x_wconf 90' lang='lat' dir='ltr'><strong>nu-</strong></span> 
     </span>
    </p>
   </div>
   <div class='ocr_carea' id='block_1_76' title="bbox 2132 1482 3716 1556">
    <p class='ocr_par' dir='ltr' id='par_1_76' title="bbox 2132 1482 3716 1556">
     <span class='ocr_line' id='line_1_76' title="bbox 2132 1482 3716 1556; baseline -0.009 -7"><span class='ocrx_word' id='word_1_564' title='bbox 2132 1503 2385 1549; x_wconf 87' lang='lat' dir='ltr'><strong>meratur.</strong></span> <span class='ocrx_word' id='word_1_565' title='bbox 2431 1491 2535 1547; x_wconf 86' lang='lat' dir='ltr'><strong>Sed</strong></span> <span class='ocrx_word' id='word_1_566' title='bbox 2576 1489 2770 1545; x_wconf 79' lang='lat' dir='ltr'><strong>dixerit</strong></span> <span class='ocrx_word' id='word_1_567' title='bbox 2815 1486 3046 1556; x_wconf 87' lang='lat' dir='ltr'><strong>aliquis:</strong></span> <span class='ocrx_word' id='word_1_568' title='bbox 3078 1483 3251 1552; x_wconf 78' lang='lat' dir='ltr'><strong>Quare</strong></span> <span class='ocrx_word' id='word_1_569' title='bbox 3293 1482 3577 1537; x_wconf 79' lang='lat' dir='ltr'><strong>Jccbouias</strong></span> <span class='ocrx_word' id='word_1_570' title='bbox 3627 1483 3716 1535; x_wconf 87' lang='lat' dir='ltr'><strong>bis</strong></span> 
     </span>
    </p>
   </div>
   <div class='ocr_carea' id='block_1_77' title="bbox 2133 1572 3709 1650">
    <p class='ocr_par' dir='ltr' id='par_1_77' title="bbox 2133 1572 3709 1650">
     <span class='ocr_line' id='line_1_77' title="bbox 2133 1572 3709 1650; baseline -0.008 -13"><span class='ocrx_word' id='word_1_571' title='bbox 2133 1582 2482 1637; x_wconf 83' lang='lat' dir='ltr'><strong>numeratur?</strong></span> <span class='ocrx_word' id='word_1_572' title='bbox 2509 1580 2647 1635; x_wconf 89' lang='lat' dir='ltr'><strong>Nihil</strong></span> <span class='ocrx_word' id='word_1_573' title='bbox 2672 1589 2876 1650; x_wconf 87' lang='lat' dir='ltr'><strong>gestmn</strong></span> <span class='ocrx_word' id='word_1_574' title='bbox 2905 1586 2986 1632; x_wconf 88' lang='lat' dir='ltr'><strong>est</strong></span> <span class='ocrx_word' id='word_1_575' title='bbox 3010 1585 3163 1632; x_wconf 89' lang='lat' dir='ltr'><strong>antea</strong></span> <span class='ocrx_word' id='word_1_576' title='bbox 3192 1575 3244 1629; x_wconf 93' lang='lat' dir='ltr'><strong>in</strong></span> <span class='ocrx_word' id='word_1_577' title='bbox 3277 1576 3472 1644; x_wconf 83' lang='lat' dir='ltr'><strong>populo</strong></span> <span class='ocrx_word' id='word_1_578' title='bbox 3498 1572 3661 1627; x_wconf 88' lang='lat' dir='ltr'><strong>Israel</strong></span> <span class='ocrx_word' id='word_1_579' title='bbox 3693 1613 3709 1632; x_wconf 90' lang='lat'><strong>,</strong></span> 
     </span>
    </p>
   </div>
   <div class='ocr_carea' id='block_1_78' title="bbox 2131 1664 3717 1745">
    <p class='ocr_par' dir='ltr' id='par_1_78' title="bbox 2131 1664 3717 1745">
     <span class='ocr_line' id='line_1_78' title="bbox 2131 1664 3717 1745; baseline -0.008 -17"><span class='ocrx_word' id='word_1_580' title='bbox 2131 1673 2272 1745; x_wconf 90' lang='lat' dir='ltr'><strong>quod</strong></span> <span class='ocrx_word' id='word_1_581' title='bbox 2302 1687 2404 1727; x_wconf 91' lang='lat' dir='ltr'><strong>non</strong></span> <span class='ocrx_word' id='word_1_582' title='bbox 2431 1680 2573 1728; x_wconf 90' lang='lat' dir='ltr'><strong>esset</strong></span> <span class='ocrx_word' id='word_1_583' title='bbox 2598 1670 2906 1742; x_wconf 88' lang='lat' dir='ltr'><strong>mysterium</strong></span> <span class='ocrx_word' id='word_1_584' title='bbox 2937 1666 3251 1722; x_wconf 82' lang='lat' dir='ltr'><strong>futurorum.</strong></span> <span class='ocrx_word' id='word_1_585' title='bbox 3280 1664 3562 1720; x_wconf 85' lang='lat' dir='ltr'><strong>Jechonias</strong></span> <span class='ocrx_word' id='word_1_586' title='bbox 3589 1664 3717 1731; x_wconf 89' lang='lat' dir='ltr'><strong>qni-</strong></span> 
     </span>
    </p>
   </div>
   <div class='ocr_carea' id='block_1_79' title="bbox 2131 1754 3715 1824">
    <p class='ocr_par' dir='ltr' id='par_1_79' title="bbox 2131 1754 3715 1824">
     <span class='ocr_line' id='line_1_79' title="bbox 2131 1754 3715 1824; baseline -0.01 -3"><span class='ocrx_word' id='word_1_587' title='bbox 2131 1768 2255 1822; x_wconf 89' lang='lat' dir='ltr'><strong>dem</strong></span> <span class='ocrx_word' id='word_1_588' title='bbox 2278 1778 2382 1820; x_wconf 92' lang='lat' dir='ltr'><strong>non</strong></span> <span class='ocrx_word' id='word_1_589' title='bbox 2410 1762 2836 1819; x_wconf 88' lang='lat' dir='ltr'><strong>irrationabiliter</strong></span> <span class='ocrx_word' id='word_1_590' title='bbox 2863 1759 2945 1815; x_wconf 90' lang='lat' dir='ltr'><strong>bis</strong></span> <span class='ocrx_word' id='word_1_591' title='bbox 2970 1766 3314 1813; x_wconf 72' lang='lat' dir='ltr'><strong>numeratur:</strong></span> <span class='ocrx_word' id='word_1_592' title='bbox 3345 1755 3467 1824; x_wconf 87' lang='lat' dir='ltr'><strong>quia</strong></span> <span class='ocrx_word' id='word_1_593' title='bbox 3495 1754 3612 1808; x_wconf 89' lang='lat' dir='ltr'><strong>etsi</strong></span> <span class='ocrx_word' id='word_1_594' title='bbox 3633 1754 3715 1807; x_wconf 89' lang='lat' dir='ltr'><strong>sit</strong></span> 
     </span>
    </p>
   </div>
   <div class='ocr_carea' id='block_1_80' title="bbox 2135 1845 3718 1923">
    <p class='ocr_par' dir='ltr' id='par_1_80' title="bbox 2135 1845 3718 1923">
     <span class='ocr_line' id='line_1_80' title="bbox 2135 1845 3718 1923; baseline -0.01 -10"><span class='ocrx_word' id='word_1_595' title='bbox 2135 1860 2393 1914; x_wconf 89' lang='lat' dir='ltr'><strong>terminus</strong></span> <span class='ocrx_word' id='word_1_596' title='bbox 2418 1858 2556 1911; x_wconf 87' lang='lat' dir='ltr'><strong>inter</strong></span> <span class='ocrx_word' id='word_1_597' title='bbox 2576 1855 2710 1910; x_wconf 88' lang='lat' dir='ltr'><strong>duos</strong></span> <span class='ocrx_word' id='word_1_598' title='bbox 2734 1865 2908 1923; x_wconf 86' lang='lat' dir='ltr'><strong>agros,</strong></span> <span class='ocrx_word' id='word_1_599' title='bbox 2939 1852 3023 1906; x_wconf 88' lang='lat' dir='ltr'><strong>vel</strong></span> <span class='ocrx_word' id='word_1_600' title='bbox 3050 1850 3202 1919; x_wconf 89' lang='lat' dir='ltr'><strong>lapis,</strong></span> <span class='ocrx_word' id='word_1_601' title='bbox 3230 1848 3312 1902; x_wconf 86' lang='lat' dir='ltr'><strong>vel</strong></span> <span class='ocrx_word' id='word_1_602' title='bbox 3338 1845 3590 1900; x_wconf 85' lang='lat' dir='ltr'><strong>discretio</strong></span> <span class='ocrx_word' id='word_1_603' title='bbox 3611 1845 3718 1897; x_wconf 82' lang='lat' dir='ltr'><strong>ali-</strong></span> 
     </span>
    </p>
   </div>
   <div class='ocr_carea' id='block_1_81' title="bbox 2134 1933 3718 2018">
    <p class='ocr_par' dir='ltr' id='par_1_81' title="bbox 2134 1933 3718 2018">
     <span class='ocr_line' id='line_1_81' title="bbox 2134 1933 3718 2018; baseline -0.009 -16"><span class='ocrx_word' id='word_1_604' title='bbox 2134 1964 2234 2018; x_wconf 80' lang='lat' dir='ltr'><strong>qua</strong></span> <span class='ocrx_word' id='word_1_605' title='bbox 2264 1949 2537 2011; x_wconf 71' lang='lat' dir='ltr'><strong>macerizc,</strong></span> <span class='ocrx_word' id='word_1_606' title='bbox 2565 1955 2621 2000; x_wconf 90' lang='lat' dir='ltr'><strong>et</strong></span> <span class='ocrx_word' id='word_1_607' title='bbox 2659 1944 2748 1999; x_wconf 91' lang='lat' dir='ltr'><strong>ille</strong></span> <span class='ocrx_word' id='word_1_608' title='bbox 2771 1942 2860 2013; x_wconf 90' lang='lat' dir='ltr'><strong>qui</strong></span> <span class='ocrx_word' id='word_1_609' title='bbox 2899 1950 2982 1997; x_wconf 87' lang='lat' dir='ltr'><strong>est</strong></span> <span class='ocrx_word' id='word_1_610' title='bbox 3015 1955 3079 1994; x_wconf 80' lang='lat' dir='ltr'><strong>ex</strong></span> <span class='ocrx_word' id='word_1_611' title='bbox 3110 1939 3207 1993; x_wconf 90' lang='lat' dir='ltr'><strong>hac</strong></span> <span class='ocrx_word' id='word_1_612' title='bbox 3235 1945 3381 2007; x_wconf 86' lang='lat' dir='ltr'><strong>parte</strong></span> <span class='ocrx_word' id='word_1_613' title='bbox 3400 1979 3414 1999; x_wconf 84' lang='lat'><strong>,</strong></span> <span class='ocrx_word' id='word_1_614' title='bbox 3446 1951 3613 2004; x_wconf 87' lang='lat' dir='ltr'><strong>usque</strong></span> <span class='ocrx_word' id='word_1_615' title='bbox 3640 1933 3718 1988; x_wconf 84' lang='lat' dir='ltr'><strong>ad</strong></span> 
     </span>
    </p>
   </div>
   <div class='ocr_carea' id='block_1_82' title="bbox 2136 2028 3722 2109">
    <p class='ocr_par' dir='ltr' id='par_1_82' title="bbox 2136 2028 3722 2109">
     <span class='ocr_line' id='line_1_82' title="bbox 2136 2028 3722 2109; baseline -0.009 -15"><span class='ocrx_word' id='word_1_616' title='bbox 2136 2040 2303 2109; x_wconf 88' lang='lat' dir='ltr'><strong>ipsam</strong></span> <span class='ocrx_word' id='word_1_617' title='bbox 2342 2037 2626 2093; x_wconf 88' lang='lat' dir='ltr'><strong>maceriam</strong></span> <span class='ocrx_word' id='word_1_618' title='bbox 2670 2034 2917 2098; x_wconf 90' lang='lat' dir='ltr'><strong>metitur,</strong></span> <span class='ocrx_word' id='word_1_619' title='bbox 2950 2041 3005 2087; x_wconf 91' lang='lat' dir='ltr'><strong>et</strong></span> <span class='ocrx_word' id='word_1_620' title='bbox 3034 2032 3119 2086; x_wconf 90' lang='lat' dir='ltr'><strong>ille</strong></span> <span class='ocrx_word' id='word_1_621' title='bbox 3144 2030 3229 2099; x_wconf 90' lang='lat' dir='ltr'><strong>qui</strong></span> <span class='ocrx_word' id='word_1_622' title='bbox 3273 2043 3339 2083; x_wconf 77' lang='lat' dir='ltr'><strong>ex</strong></span> <span class='ocrx_word' id='word_1_623' title='bbox 3364 2028 3529 2081; x_wconf 84' lang='lat' dir='ltr'><strong>altera</strong></span> <span class='ocrx_word' id='word_1_624' title='bbox 3562 2035 3722 2095; x_wconf 84' lang='lat' dir='ltr'><strong>parte</strong></span> 
     </span>
    </p>
   </div>
   <div class='ocr_carea' id='block_1_83' title="bbox 2135 2115 3719 2199">
    <p class='ocr_par' dir='ltr' id='par_1_83' title="bbox 2135 2115 3719 2199">
     <span class='ocr_line' id='line_1_83' title="bbox 2135 2115 3719 2199; baseline -0.011 -14"><span class='ocrx_word' id='word_1_625' title='bbox 2135 2140 2249 2195; x_wconf 90' lang='lat' dir='ltr'><strong>est,</strong></span> <span class='ocrx_word' id='word_1_626' title='bbox 2282 2130 2349 2185; x_wconf 92' lang='lat' dir='ltr'><strong>ab</strong></span> <span class='ocrx_word' id='word_1_627' title='bbox 2393 2130 2503 2199; x_wconf 89' lang='lat' dir='ltr'><strong>ipsa</strong></span> <span class='ocrx_word' id='word_1_628' title='bbox 2547 2128 2735 2182; x_wconf 87' lang='lat' dir='ltr'><strong>iterum</strong></span> <span class='ocrx_word' id='word_1_629' title='bbox 2766 2125 2928 2181; x_wconf 90' lang='lat' dir='ltr'><strong>sumit</strong></span> <span class='ocrx_word' id='word_1_630' title='bbox 2966 2121 3240 2178; x_wconf 81' lang='lat' dir='ltr'><strong>exordium</strong></span> <span class='ocrx_word' id='word_1_631' title='bbox 3286 2117 3558 2174; x_wconf 74' lang='lat' dir='ltr'><strong>metiendi.</strong></span> <span class='ocrx_word' id='word_1_632' title='bbox 3603 2115 3719 2172; x_wconf 67' lang='lat' dir='ltr'><strong>Sed</strong></span> 
     </span>
    </p>
   </div>
   <div class='ocr_carea' id='block_1_84' title="bbox 2136 2210 3719 2291">
    <p class='ocr_par' dir='ltr' id='par_1_84' title="bbox 2136 2210 3719 2291">
     <span class='ocr_line' id='line_1_84' title="bbox 2136 2210 3719 2291; baseline -0.008 -17"><span class='ocrx_word' id='word_1_633' title='bbox 2136 2234 2301 2291; x_wconf 86' lang='lat' dir='ltr'><strong>quare</strong></span> <span class='ocrx_word' id='word_1_634' title='bbox 2325 2220 2427 2274; x_wconf 90' lang='lat' dir='ltr'><strong>hoc</strong></span> <span class='ocrx_word' id='word_1_635' title='bbox 2455 2234 2559 2273; x_wconf 91' lang='lat' dir='ltr'><strong>non</strong></span> <span class='ocrx_word' id='word_1_636' title='bbox 2588 2218 2778 2272; x_wconf 78' lang='lat' dir='ltr'><strong>factum</strong></span> <span class='ocrx_word' id='word_1_637' title='bbox 2808 2225 2890 2271; x_wconf 88' lang='lat' dir='ltr'><strong>est</strong></span> <span class='ocrx_word' id='word_1_638' title='bbox 2920 2216 2971 2269; x_wconf 92' lang='lat' dir='ltr'><strong>in</strong></span> <span class='ocrx_word' id='word_1_639' title='bbox 2996 2214 3163 2283; x_wconf 89' lang='lat' dir='ltr'><strong>prima</strong></span> <span class='ocrx_word' id='word_1_640' title='bbox 3184 2211 3512 2266; x_wconf 76' lang='lat' dir='ltr'><strong>connexione</strong></span> <span class='ocrx_word' id='word_1_641' title='bbox 3540 2210 3719 2262; x_wconf 83' lang='lat' dir='ltr'><strong>inter-</strong></span> 
     </span>
    </p>
   </div>
   <div class='ocr_carea' id='block_1_85' title="bbox 2140 2299 3723 2373">
    <p class='ocr_par' dir='ltr' id='par_1_85' title="bbox 2140 2299 3723 2373">
     <span class='ocr_line' id='line_1_85' title="bbox 2140 2299 3723 2373; baseline -0.009 -8"><span class='ocrx_word' id='word_1_642' title='bbox 2140 2310 2258 2364; x_wconf 92' lang='lat' dir='ltr'><strong>valli</strong></span> <span class='ocrx_word' id='word_1_643' title='bbox 2279 2351 2296 2373; x_wconf 84' lang='lat'><strong>.</strong></span> <span class='ocrx_word' id='word_1_644' title='bbox 2325 2310 2412 2364; x_wconf 86' lang='lat' dir='ltr'><strong>ubi</strong></span> <span class='ocrx_word' id='word_1_645' title='bbox 2441 2309 2506 2364; x_wconf 91' lang='lat' dir='ltr'><strong>ab</strong></span> <span class='ocrx_word' id='word_1_646' title='bbox 2534 2308 2798 2363; x_wconf 80' lang='lat' dir='ltr'><strong>Abraham</strong></span> <span class='ocrx_word' id='word_1_647' title='bbox 2826 2318 3167 2359; x_wconf 89' lang='lat' dir='ltr'><strong>numeramus</strong></span> <span class='ocrx_word' id='word_1_648' title='bbox 3193 2299 3589 2370; x_wconf 90' lang='lat' dir='ltr'><strong>quatuordecim</strong></span> <span class='ocrx_word' id='word_1_649' title='bbox 3621 2314 3723 2368; x_wconf 86' lang='lat' dir='ltr'><strong>ge—</strong></span> 
     </span>
    </p>
   </div>
   <div class='ocr_carea' id='block_1_86' title="bbox 2139 2389 3721 2469">
    <p class='ocr_par' dir='ltr' id='par_1_86' title="bbox 2139 2389 3721 2469">
     <span class='ocr_line' id='line_1_86' title="bbox 2139 2389 3721 2469; baseline -0.008 -16"><span class='ocrx_word' id='word_1_650' title='bbox 2139 2400 2441 2454; x_wconf 86' lang='lat' dir='ltr'><strong>nerationes</strong></span> <span class='ocrx_word' id='word_1_651' title='bbox 2467 2414 2632 2469; x_wconf 90' lang='lat' dir='ltr'><strong>usque</strong></span> <span class='ocrx_word' id='word_1_652' title='bbox 2657 2396 2721 2451; x_wconf 92' lang='lat' dir='ltr'><strong>ad</strong></span> <span class='ocrx_word' id='word_1_653' title='bbox 2749 2394 2933 2461; x_wconf 86' lang='lat' dir='ltr'><strong>David,</strong></span> <span class='ocrx_word' id='word_1_654' title='bbox 2957 2401 3010 2449; x_wconf 89' lang='lat' dir='ltr'><strong>et</strong></span> <span class='ocrx_word' id='word_1_655' title='bbox 3035 2394 3163 2447; x_wconf 85' lang='lat' dir='ltr'><strong>alias</strong></span> <span class='ocrx_word' id='word_1_656' title='bbox 3183 2389 3579 2462; x_wconf 87' lang='lat' dir='ltr'><strong>quatuordecim</strong></span> <span class='ocrx_word' id='word_1_657' title='bbox 3604 2403 3721 2441; x_wconf 85' lang='lat' dir='ltr'><strong>non</strong></span> 
     </span>
    </p>
   </div>
   <div class='ocr_carea' id='block_1_87' title="bbox 2140 2481 3723 2559">
    <p class='ocr_par' dir='ltr' id='par_1_87' title="bbox 2140 2481 3723 2559">
     <span class='ocr_line' id='line_1_87' title="bbox 2140 2481 3723 2559; baseline -0.01 -14"><span class='ocrx_word' id='word_1_658' title='bbox 2140 2490 2365 2559; x_wconf 86' lang='lat' dir='ltr'><strong>repetito</strong></span> <span class='ocrx_word' id='word_1_659' title='bbox 2395 2487 2579 2554; x_wconf 90' lang='lat' dir='ltr'><strong>David,</strong></span> <span class='ocrx_word' id='word_1_660' title='bbox 2610 2486 2702 2541; x_wconf 86' lang='lat' dir='ltr'><strong>sed</strong></span> <span class='ocrx_word' id='word_1_661' title='bbox 2730 2501 2759 2540; x_wconf 89' lang='lat' dir='ltr'><strong>a</strong></span> <span class='ocrx_word' id='word_1_662' title='bbox 2785 2483 3066 2539; x_wconf 87' lang='lat' dir='ltr'><strong>Salomone</strong></span> <span class='ocrx_word' id='word_1_663' title='bbox 3097 2481 3376 2549; x_wconf 87' lang='lat' dir='ltr'><strong>incipimus</strong></span> <span class='ocrx_word' id='word_1_664' title='bbox 3405 2492 3723 2539; x_wconf 74' lang='lat' dir='ltr'><strong>numerare.</strong></span> 
     </span>
    </p>
   </div>
   <div class='ocr_carea' id='block_1_88' title="bbox 2140 2572 3724 2647">
    <p class='ocr_par' dir='ltr' id='par_1_88' title="bbox 2140 2572 3724 2647">
     <span class='ocr_line' id='line_1_88' title="bbox 2140 2572 3724 2647; baseline -0.009 -10"><span class='ocrx_word' id='word_1_665' title='bbox 2140 2580 2404 2637; x_wconf 87' lang='lat' dir='ltr'><strong>reddenda</strong></span> <span class='ocrx_word' id='word_1_666' title='bbox 2430 2594 2586 2635; x_wconf 90' lang='lat' dir='ltr'><strong>causa</strong></span> <span class='ocrx_word' id='word_1_667' title='bbox 2609 2587 2710 2643; x_wconf 90' lang='lat' dir='ltr'><strong>est,</strong></span> <span class='ocrx_word' id='word_1_668' title='bbox 2743 2593 2861 2647; x_wconf 75' lang='lat' dir='ltr'><strong>qua:</strong></span> <span class='ocrx_word' id='word_1_669' title='bbox 2887 2590 3131 2645; x_wconf 73' lang='lat' dir='ltr'><strong>magunum</strong></span> <span class='ocrx_word' id='word_1_670' title='bbox 3157 2572 3393 2628; x_wconf 86' lang='lat' dir='ltr'><strong>continet</strong></span> <span class='ocrx_word' id='word_1_671' title='bbox 3417 2584 3724 2623; x_wconf 85' lang='lat' dir='ltr'><strong>sacramen-</strong></span> 
     </span>
    </p>
   </div>
   <div class='ocr_carea' id='block_1_89' title="bbox 2141 2661 3722 2725">
    <p class='ocr_par' dir='ltr' id='par_1_89' title="bbox 2141 2661 3722 2725">
     <span class='ocr_line' id='line_1_89' title="bbox 2141 2661 3722 2725; baseline -0.008 0"><span class='ocrx_word' id='word_1_672' title='bbox 2141 2682 2270 2725; x_wconf 91' lang='lat' dir='ltr'><strong>tum.</strong></span> <span class='ocrx_word' id='word_1_673' title='bbox 2304 2670 2539 2725; x_wconf 90' lang='lat' dir='ltr'><strong>lntendat</strong></span> <span class='ocrx_word' id='word_1_674' title='bbox 2586 2668 2851 2723; x_wconf 89' lang='lat' dir='ltr'><strong>Sanctitas</strong></span> <span class='ocrx_word' id='word_1_675' title='bbox 2874 2676 3071 2719; x_wconf 80' lang='lat' dir='ltr'><strong>vestra.</strong></span> <span class='ocrx_word' id='word_1_676' title='bbox 3098 2664 3247 2719; x_wconf 87' lang='lat' dir='ltr'><strong>Tunc</strong></span> <span class='ocrx_word' id='word_1_677' title='bbox 3272 2661 3407 2717; x_wconf 81' lang='lat' dir='ltr'><strong>facta</strong></span> <span class='ocrx_word' id='word_1_678' title='bbox 3431 2670 3511 2715; x_wconf 71' lang='lat' dir='ltr'><strong>est</strong></span> <span class='ocrx_word' id='word_1_679' title='bbox 3536 2670 3722 2714; x_wconf 85' lang='lat' dir='ltr'><strong>trans-</strong></span> 
     </span>
    </p>
   </div>
   <div class='ocr_carea' id='block_1_90' title="bbox 2142 2751 3721 2831">
    <p class='ocr_par' dir='ltr' id='par_1_90' title="bbox 2142 2751 3721 2831">
     <span class='ocr_line' id='line_1_90' title="bbox 2142 2751 3721 2831; baseline -0.009 -14"><span class='ocrx_word' id='word_1_680' title='bbox 2142 2761 2383 2831; x_wconf 85' lang='lat' dir='ltr'><strong>migratio</strong></span> <span class='ocrx_word' id='word_1_681' title='bbox 2437 2760 2488 2814; x_wconf 91' lang='lat' dir='ltr'><strong>in</strong></span> <span class='ocrx_word' id='word_1_682' title='bbox 2522 2758 2887 2829; x_wconf 85' lang='lat' dir='ltr'><strong>Babyloniam,</strong></span> <span class='ocrx_word' id='word_1_683' title='bbox 2917 2755 3127 2827; x_wconf 88' lang='lat' dir='ltr'><strong>quando</strong></span> <span class='ocrx_word' id='word_1_684' title='bbox 3153 2754 3205 2808; x_wconf 94' lang='lat' dir='ltr'><strong>iu</strong></span> <span class='ocrx_word' id='word_1_685' title='bbox 3237 2753 3409 2807; x_wconf 88' lang='lat' dir='ltr'><strong>locum</strong></span> <span class='ocrx_word' id='word_1_686' title='bbox 3440 2751 3603 2821; x_wconf 85' lang='lat' dir='ltr'><strong>patris</strong></span> <span class='ocrx_word' id='word_1_687' title='bbox 3632 2751 3721 2804; x_wconf 83' lang='lat' dir='ltr'><strong>sui</strong></span> 
     </span>
    </p>
   </div>
   <div class='ocr_carea' id='block_1_91' title="bbox 2141 2839 3723 2905">
    <p class='ocr_par' dir='ltr' id='par_1_91' title="bbox 2141 2839 3723 2905">
     <span class='ocr_line' id='line_1_91' title="bbox 2141 2839 3723 2905; baseline -0.008 0"><span class='ocrx_word' id='word_1_688' title='bbox 2141 2851 2372 2905; x_wconf 81' lang='lat' dir='ltr'><strong>defuncti</strong></span> <span class='ocrx_word' id='word_1_689' title='bbox 2396 2848 2675 2905; x_wconf 80' lang='lat' dir='ltr'><strong>Jechonias</strong></span> <span class='ocrx_word' id='word_1_690' title='bbox 2702 2863 2792 2901; x_wconf 84' lang='lat' dir='ltr'><strong>rex</strong></span> <span class='ocrx_word' id='word_1_691' title='bbox 2820 2846 3134 2899; x_wconf 80' lang='lat' dir='ltr'><strong>constitutus</strong></span> <span class='ocrx_word' id='word_1_692' title='bbox 3160 2851 3260 2897; x_wconf 87' lang='lat' dir='ltr'><strong>est.</strong></span> <span class='ocrx_word' id='word_1_693' title='bbox 3288 2841 3531 2896; x_wconf 84' lang='lat' dir='ltr'><strong>Ablatum</strong></span> <span class='ocrx_word' id='word_1_694' title='bbox 3559 2849 3640 2893; x_wconf 85' lang='lat' dir='ltr'><strong>est</strong></span> <span class='ocrx_word' id='word_1_695' title='bbox 3662 2839 3723 2892; x_wconf 86' lang='lat' dir='ltr'><strong>ei</strong></span> 
     </span>
    </p>
   </div>
   <div class='ocr_carea' id='block_1_92' title="bbox 2144 2929 3724 3011">
    <p class='ocr_par' dir='ltr' id='par_1_92' title="bbox 2144 2929 3724 3011">
     <span class='ocr_line' id='line_1_92' title="bbox 2144 2929 3724 3011; baseline -0.008 -14"><span class='ocrx_word' id='word_1_696' title='bbox 2144 2943 2396 3011; x_wconf 77' lang='lat' dir='ltr'><strong>regnum,</strong></span> <span class='ocrx_word' id='word_1_697' title='bbox 2425 2952 2478 2996; x_wconf 87' lang='lat' dir='ltr'><strong>et</strong></span> <span class='ocrx_word' id='word_1_698' title='bbox 2511 2940 2647 2995; x_wconf 87' lang='lat' dir='ltr'><strong>alius</strong></span> <span class='ocrx_word' id='word_1_699' title='bbox 2674 2940 2992 2994; x_wconf 89' lang='lat' dir='ltr'><strong>constitutus</strong></span> <span class='ocrx_word' id='word_1_700' title='bbox 3018 2944 3100 2992; x_wconf 80' lang='lat' dir='ltr'><strong>est</strong></span> <span class='ocrx_word' id='word_1_701' title='bbox 3137 2935 3188 2989; x_wconf 90' lang='lat' dir='ltr'><strong>in</strong></span> <span class='ocrx_word' id='word_1_702' title='bbox 3229 2936 3404 2988; x_wconf 90' lang='lat' dir='ltr'><strong>locum</strong></span> <span class='ocrx_word' id='word_1_703' title='bbox 3444 2932 3577 3003; x_wconf 85' lang='lat' dir='ltr'><strong>ejus.</strong></span> <span class='ocrx_word' id='word_1_704' title='bbox 3608 2929 3724 2987; x_wconf 81' lang='lat' dir='ltr'><strong>Sed</strong></span> 
     </span>
    </p>
   </div>
   <div class='ocr_carea' id='block_1_93' title="bbox 2147 3016 3726 3095">
    <p class='ocr_par' dir='ltr' id='par_1_93' title="bbox 2147 3016 3726 3095">
     <span class='ocr_line' id='line_1_93' title="bbox 2147 3016 3726 3095; baseline -0.006 -10"><span class='ocrx_word' id='word_1_705' title='bbox 2147 3042 2319 3087; x_wconf 89' lang='lat' dir='ltr'><strong>tamen</strong></span> <span class='ocrx_word' id='word_1_706' title='bbox 2338 3033 2545 3085; x_wconf 87' lang='lat' dir='ltr'><strong>vivente</strong></span> <span class='ocrx_word' id='word_1_707' title='bbox 2558 3016 2811 3085; x_wconf 83' lang='lat' dir='ltr'><strong>Jecbonia</strong></span> <span class='ocrx_word' id='word_1_708' title='bbox 2840 3025 2973 3081; x_wconf 79' lang='lat' dir='ltr'><strong>facta</strong></span> <span class='ocrx_word' id='word_1_709' title='bbox 2999 3032 3083 3081; x_wconf 91' lang='lat' dir='ltr'><strong>est</strong></span> <span class='ocrx_word' id='word_1_710' title='bbox 3098 3022 3483 3095; x_wconf 84' lang='lat' dir='ltr'><strong>transmigratio</strong></span> <span class='ocrx_word' id='word_1_711' title='bbox 3498 3021 3564 3075; x_wconf 89' lang='lat' dir='ltr'><strong>ad</strong></span> <span class='ocrx_word' id='word_1_712' title='bbox 3580 3021 3726 3076; x_wconf 79' lang='lat' dir='ltr'><strong>Gen-</strong></span> 
     </span>
    </p>
   </div>
   <div class='ocr_carea' id='block_1_94' title="bbox 2146 3111 3725 3188">
    <p class='ocr_par' dir='ltr' id='par_1_94' title="bbox 2146 3111 3725 3188">
     <span class='ocr_line' id='line_1_94' title="bbox 2146 3111 3725 3188; baseline -0.008 -10"><span class='ocrx_word' id='word_1_713' title='bbox 2146 3133 2242 3178; x_wconf 84' lang='lat' dir='ltr'><strong>tes.</strong></span> <span class='ocrx_word' id='word_1_714' title='bbox 2270 3121 2419 3176; x_wconf 83' lang='lat' dir='ltr'><strong>Nulla</strong></span> <span class='ocrx_word' id='word_1_715' title='bbox 2449 3121 2589 3176; x_wconf 89' lang='lat' dir='ltr'><strong>enim</strong></span> <span class='ocrx_word' id='word_1_716' title='bbox 2620 3119 2772 3188; x_wconf 92' lang='lat' dir='ltr'><strong>culpa</strong></span> <span class='ocrx_word' id='word_1_717' title='bbox 2798 3117 3065 3173; x_wconf 77' lang='lat' dir='ltr'><strong>Jecboniae</strong></span> <span class='ocrx_word' id='word_1_718' title='bbox 3092 3115 3274 3169; x_wconf 69' lang='lat' dir='ltr'><strong>dicitur</strong></span> <span class='ocrx_word' id='word_1_719' title='bbox 3302 3155 3318 3178; x_wconf 94' lang='lat'><strong>,</strong></span> <span class='ocrx_word' id='word_1_720' title='bbox 3349 3127 3514 3182; x_wconf 90' lang='lat' dir='ltr'><strong>quare</strong></span> <span class='ocrx_word' id='word_1_721' title='bbox 3539 3111 3609 3166; x_wconf 87' lang='lat' dir='ltr'><strong>sit</strong></span> <span class='ocrx_word' id='word_1_722' title='bbox 3633 3126 3725 3165; x_wconf 86' lang='lat' dir='ltr'><strong>re—</strong></span> 
     </span>
    </p>
   </div>
   <div class='ocr_carea' id='block_1_95' title="bbox 2142 3202 3720 3287">
    <p class='ocr_par' dir='ltr' id='par_1_95' title="bbox 2142 3202 3720 3287">
     <span class='ocr_line' id='line_1_95' title="bbox 2142 3202 3720 3287; baseline -0.008 -19"><span class='ocrx_word' id='word_1_723' title='bbox 2142 3234 2247 3287; x_wconf 87' lang='lat' dir='ltr'><strong>gno</strong></span> <span class='ocrx_word' id='word_1_724' title='bbox 2276 3215 2504 3285; x_wconf 87' lang='lat' dir='ltr'><strong>privatus</strong></span> <span class='ocrx_word' id='word_1_725' title='bbox 2538 3228 2551 3263; x_wconf 89' lang='lat'><strong>:</strong></span> <span class='ocrx_word' id='word_1_726' title='bbox 2584 3209 2677 3266; x_wconf 84' lang='lat' dir='ltr'><strong>sed</strong></span> <span class='ocrx_word' id='word_1_727' title='bbox 2703 3209 2868 3277; x_wconf 82' lang='lat' dir='ltr'><strong>magis</strong></span> <span class='ocrx_word' id='word_1_728' title='bbox 2895 3207 3101 3262; x_wconf 90' lang='lat' dir='ltr'><strong>illorum</strong></span> <span class='ocrx_word' id='word_1_729' title='bbox 3132 3213 3341 3275; x_wconf 87' lang='lat' dir='ltr'><strong>peccata</strong></span> <span class='ocrx_word' id='word_1_730' title='bbox 3373 3202 3720 3265; x_wconf 86' lang='lat' dir='ltr'><strong>inducuntur,</strong></span> 
     </span>
    </p>
   </div>
   <div class='ocr_carea' id='block_1_96' title="bbox 2144 3292 3721 3379">
    <p class='ocr_par' dir='ltr' id='par_1_96' title="bbox 2144 3292 3721 3379">
     <span class='ocr_line' id='line_1_96' title="bbox 2144 3292 3721 3379; baseline -0.01 -20"><span class='ocrx_word' id='word_1_731' title='bbox 2144 3308 2233 3379; x_wconf 87' lang='lat' dir='ltr'><strong>qui</strong></span> <span class='ocrx_word' id='word_1_732' title='bbox 2262 3307 2307 3360; x_wconf 88' lang='lat' dir='ltr'><strong>ei</strong></span> <span class='ocrx_word' id='word_1_733' title='bbox 2336 3310 2723 3359; x_wconf 88' lang='lat' dir='ltr'><strong>successerunt.</strong></span> <span class='ocrx_word' id='word_1_734' title='bbox 2751 3298 3001 3369; x_wconf 84' lang='lat' dir='ltr'><strong>Sequitur</strong></span> <span class='ocrx_word' id='word_1_735' title='bbox 3022 3312 3148 3367; x_wconf 85' lang='lat' dir='ltr'><strong>ergo</strong></span> <span class='ocrx_word' id='word_1_736' title='bbox 3176 3294 3481 3367; x_wconf 82' lang='lat' dir='ltr'><strong>captivitas,</strong></span> <span class='ocrx_word' id='word_1_737' title='bbox 3519 3292 3624 3345; x_wconf 88' lang='lat' dir='ltr'><strong>itur</strong></span> <span class='ocrx_word' id='word_1_738' title='bbox 3663 3292 3721 3344; x_wconf 86' lang='lat' dir='ltr'><strong>in</strong></span> 
     </span>
    </p>
   </div>
   <div class='ocr_carea' id='block_1_97' title="bbox 2146 3383 3725 3469">
    <p class='ocr_par' dir='ltr' id='par_1_97' title="bbox 2146 3383 3725 3469">
     <span class='ocr_line' id='line_1_97' title="bbox 2146 3383 3725 3469; baseline -0.01 -17"><span class='ocrx_word' id='word_1_739' title='bbox 2146 3397 2507 3469; x_wconf 76' lang='lat' dir='ltr'><strong>Babyloniam.</strong></span> <span class='ocrx_word' id='word_1_740' title='bbox 2539 3392 2651 3448; x_wconf 88' lang='lat' dir='ltr'><strong>Non</strong></span> <span class='ocrx_word' id='word_1_741' title='bbox 2668 3402 2796 3447; x_wconf 90' lang='lat' dir='ltr'><strong>eunt</strong></span> <span class='ocrx_word' id='word_1_742' title='bbox 2821 3391 2917 3445; x_wconf 88' lang='lat' dir='ltr'><strong>soli</strong></span> <span class='ocrx_word' id='word_1_743' title='bbox 2949 3386 3211 3453; x_wconf 79' lang='lat' dir='ltr'><strong>mali;sed</strong></span> <span class='ocrx_word' id='word_1_744' title='bbox 3242 3401 3361 3441; x_wconf 89' lang='lat' dir='ltr'><strong>cum</strong></span> <span class='ocrx_word' id='word_1_745' title='bbox 3393 3383 3472 3438; x_wconf 88' lang='lat' dir='ltr'><strong>his</strong></span> <span class='ocrx_word' id='word_1_746' title='bbox 3492 3392 3725 3453; x_wconf 82' lang='lat' dir='ltr'><strong>pergunt</strong></span> 
     </span>
    </p>
   </div>
   <div class='ocr_carea' id='block_1_98' title="bbox 2145 3476 3721 3554">
    <p class='ocr_par' dir='ltr' id='par_1_98' title="bbox 2145 3476 3721 3554">
     <span class='ocr_line' id='line_1_98' title="bbox 2145 3476 3721 3554; baseline -0.013 -9"><span class='ocrx_word' id='word_1_747' title='bbox 2145 3492 2301 3545; x_wconf 85' lang='lat' dir='ltr'><strong>etiam</strong></span> <span class='ocrx_word' id='word_1_748' title='bbox 2324 3488 2506 3543; x_wconf 84' lang='lat' dir='ltr'><strong>sancti.</strong></span> <span class='ocrx_word' id='word_1_749' title='bbox 2528 3487 2584 3541; x_wconf 92' lang='lat' dir='ltr'><strong>In</strong></span> <span class='ocrx_word' id='word_1_750' title='bbox 2613 3487 2700 3540; x_wconf 87' lang='lat' dir='ltr'><strong>illa</strong></span> <span class='ocrx_word' id='word_1_751' title='bbox 2718 3484 3019 3554; x_wconf 87' lang='lat' dir='ltr'><strong>captivitate</strong></span> <span class='ocrx_word' id='word_1_752' title='bbox 3038 3490 3152 3535; x_wconf 89' lang='lat' dir='ltr'><strong>erat</strong></span> <span class='ocrx_word' id='word_1_753' title='bbox 3171 3477 3409 3533; x_wconf 77' lang='lat' dir='ltr'><strong>Ezechiel</strong></span> <span class='ocrx_word' id='word_1_754' title='bbox 3437 3476 3721 3545; x_wconf 75' lang='lat' dir='ltr'><strong>propheta,</strong></span> 
     </span>
    </p>
   </div>
   <div class='ocr_carea' id='block_1_99' title="bbox 2148 3565 3728 3643">
    <p class='ocr_par' dir='ltr' id='par_1_99' title="bbox 2148 3565 3728 3643">
     <span class='ocr_line' id='line_1_99' title="bbox 2148 3565 3728 3643; baseline -0.012 -6"><span class='ocrx_word' id='word_1_755' title='bbox 2148 3583 2201 3637; x_wconf 91' lang='lat' dir='ltr'><strong>in</strong></span> <span class='ocrx_word' id='word_1_756' title='bbox 2230 3583 2314 3635; x_wconf 88' lang='lat' dir='ltr'><strong>illa</strong></span> <span class='ocrx_word' id='word_1_757' title='bbox 2342 3587 2455 3636; x_wconf 89' lang='lat' dir='ltr'><strong>erat</strong></span> <span class='ocrx_word' id='word_1_758' title='bbox 2483 3578 2661 3633; x_wconf 86' lang='lat' dir='ltr'><strong>Daniel</strong></span> <span class='ocrx_word' id='word_1_759' title='bbox 2684 3594 2699 3643; x_wconf 91' lang='lat'><strong>;</strong></span> <span class='ocrx_word' id='word_1_760' title='bbox 2733 3577 2802 3631; x_wconf 90' lang='lat' dir='ltr'><strong>ibi</strong></span> <span class='ocrx_word' id='word_1_761' title='bbox 2830 3584 2980 3631; x_wconf 87' lang='lat' dir='ltr'><strong>erant</strong></span> <span class='ocrx_word' id='word_1_762' title='bbox 3008 3582 3114 3627; x_wconf 88' lang='lat' dir='ltr'><strong>tres</strong></span> <span class='ocrx_word' id='word_1_763' title='bbox 3140 3570 3287 3640; x_wconf 87' lang='lat' dir='ltr'><strong>pueri</strong></span> <span class='ocrx_word' id='word_1_764' title='bbox 3314 3570 3450 3622; x_wconf 89' lang='lat' dir='ltr'><strong>inter</strong></span> <span class='ocrx_word' id='word_1_765' title='bbox 3475 3565 3728 3621; x_wconf 81' lang='lat' dir='ltr'><strong>ﬂammas</strong></span> 
     </span>
    </p>
   </div>
   <div class='ocr_carea' id='block_1_100' title="bbox 2149 3652 3727 3730">
    <p class='ocr_par' dir='ltr' id='par_1_100' title="bbox 2149 3652 3727 3730">
     <span class='ocr_line' id='line_1_100' title="bbox 2149 3652 3727 3730; baseline -0.01 -4"><span class='ocrx_word' id='word_1_766' title='bbox 2149 3652 2428 3726; x_wconf 66' lang='lat' dir='ltr'><strong>nobilitati.</strong></span> <span class='ocrx_word' id='word_1_767' title='bbox 2470 3667 2647 3723; x_wconf 85' lang='lat' dir='ltr'><strong>lerunt</strong></span> <span class='ocrx_word' id='word_1_768' title='bbox 2672 3674 2846 3720; x_wconf 86' lang='lat' dir='ltr'><strong>autem</strong></span> <span class='ocrx_word' id='word_1_769' title='bbox 2874 3663 3162 3719; x_wconf 89' lang='lat' dir='ltr'><strong>secundum</strong></span> <span class='ocrx_word' id='word_1_770' title='bbox 3202 3659 3531 3730; x_wconf 80' lang='lat' dir='ltr'><strong>pmphetiam</strong></span> <span class='ocrx_word' id='word_1_771' title='bbox 3562 3656 3727 3711; x_wconf 86' lang='lat' dir='ltr'><strong>Jere-</strong></span> 
     </span>
    </p>
   </div>
   <div class='ocr_carea' id='block_1_101' title="bbox 2146 3760 2588 3831">
    <p class='ocr_par' dir='ltr' id='par_1_101' title="bbox 2146 3760 2588 3831">
     <span class='ocr_line' id='line_1_101' title="bbox 2146 3760 2588 3831; baseline -0.014 -14"><span class='ocrx_word' id='word_1_772' title='bbox 2146 3764 2265 3817; x_wconf 79' lang='lat' dir='ltr'><strong>mia:</strong></span> <span class='ocrx_word' id='word_1_773' title='bbox 2298 3760 2588 3831; x_wconf 70' lang='lat' dir='ltr'><strong>prophetae.</strong></span> 
     </span>
    </p>
   </div>
   <div class='ocr_carea' id='block_1_102' title="bbox 2215 3848 3728 3921">
    <p class='ocr_par' dir='ltr' id='par_1_102' title="bbox 2215 3848 3728 3921">
     <span class='ocr_line' id='line_1_102' title="bbox 2215 3848 3728 3921; baseline -0.009 -5"><span class='ocrx_word' id='word_1_774' title='bbox 2215 3861 2440 3917; x_wconf 74' lang='lat' dir='ltr'><strong>CAPUT</strong></span> <span class='ocrx_word' id='word_1_775' title='bbox 2473 3859 2760 3914; x_wconf 75' lang='lat' dir='ltr'><strong>l.\&#39;.—-M.</strong></span> <span class='ocrx_word' id='word_1_776' title='bbox 2804 3855 3069 3909; x_wconf 82' lang='lat' dir='ltr'><strong>Transitus</strong></span> <span class='ocrx_word' id='word_1_777' title='bbox 3124 3851 3379 3921; x_wconf 80' lang='lat' dir='ltr'><strong>Evangelii</strong></span> <span class='ocrx_word' id='word_1_778' title='bbox 3428 3849 3495 3902; x_wconf 82' lang='lat' dir='ltr'><strong>ad</strong></span> <span class='ocrx_word' id='word_1_779' title='bbox 3539 3848 3728 3903; x_wconf 73' lang='lat' dir='ltr'><strong>Gentes</strong></span> 
     </span>
    </p>
   </div>
   <div class='ocr_carea' id='block_1_103' title="bbox 2148 3942 3728 4026">
    <p class='ocr_par' dir='ltr' id='par_1_103' title="bbox 2148 3942 3728 4026">
     <span class='ocr_line' id='line_1_103' title="bbox 2148 3942 3728 4026; baseline -0.006 -20"><span class='ocrx_word' id='word_1_780' title='bbox 2148 3956 2391 4026; x_wconf 74' lang='lat' dir='ltr'><strong>ﬁguratus</strong></span> <span class='ocrx_word' id='word_1_781' title='bbox 2447 3954 2497 4005; x_wconf 86' lang='lat' dir='ltr'><strong>in</strong></span> <span class='ocrx_word' id='word_1_782' title='bbox 2555 3948 2993 4020; x_wconf 79' lang='lat' dir='ltr'><strong>tramutigratione</strong></span> <span class='ocrx_word' id='word_1_783' title='bbox 3056 3944 3347 4015; x_wconf 79' lang='lat' dir='ltr'><strong>Babylonis.</strong></span> <span class='ocrx_word' id='word_1_784' title='bbox 3403 3942 3728 3997; x_wconf 78' lang='lat' dir='ltr'><strong>Mementote</strong></span> 
     </span>
    </p>
   </div>
   <div class='ocr_carea' id='block_1_104' title="bbox 2147 4030 3728 4106">
    <p class='ocr_par' dir='ltr' id='par_1_104' title="bbox 2147 4030 3728 4106">
     <span class='ocr_line' id='line_1_104' title="bbox 2147 4030 3728 4106; baseline -0.009 -6"><span class='ocrx_word' id='word_1_785' title='bbox 2147 4043 2454 4100; x_wconf 75' lang='lat' dir='ltr'><strong>Jechouiam</strong></span> <span class='ocrx_word' id='word_1_786' title='bbox 2494 4042 2608 4095; x_wconf 88' lang='lat' dir='ltr'><strong>sine</strong></span> <span class='ocrx_word' id='word_1_787' title='bbox 2652 4038 2753 4092; x_wconf 86' lang='lat' dir='ltr'><strong>ulla</strong></span> <span class='ocrx_word' id='word_1_788' title='bbox 2790 4039 2943 4106; x_wconf 89' lang='lat' dir='ltr'><strong>culpa</strong></span> <span class='ocrx_word' id='word_1_789' title='bbox 2984 4036 3334 4104; x_wconf 88' lang='lat' dir='ltr'><strong>improbatum</strong></span> <span class='ocrx_word' id='word_1_790' title='bbox 3359 4074 3373 4091; x_wconf 85' lang='lat'><strong>.</strong></span> <span class='ocrx_word' id='word_1_791' title='bbox 3406 4031 3529 4087; x_wconf 89' lang='lat' dir='ltr'><strong>inde</strong></span> <span class='ocrx_word' id='word_1_792' title='bbox 3554 4030 3728 4086; x_wconf 84' lang='lat' dir='ltr'><strong>desti-</strong></span> 
     </span>
    </p>
   </div>
   <div class='ocr_carea' id='block_1_105' title="bbox 2151 4114 3725 4202">
    <p class='ocr_par' dir='ltr' id='par_1_105' title="bbox 2151 4114 3725 4202">
     <span class='ocr_line' id='line_1_105' title="bbox 2151 4114 3725 4202; baseline -0.01 -13"><span class='ocrx_word' id='word_1_793' title='bbox 2151 4136 2276 4190; x_wconf 89' lang='lat' dir='ltr'><strong>tisse</strong></span> <span class='ocrx_word' id='word_1_794' title='bbox 2305 4148 2558 4202; x_wconf 88' lang='lat' dir='ltr'><strong>regnare,</strong></span> <span class='ocrx_word' id='word_1_795' title='bbox 2591 4114 2644 4185; x_wconf 77' lang='lat' dir='ltr'><strong>et</strong></span> <span class='ocrx_word' id='word_1_796' title='bbox 2688 4128 2877 4184; x_wconf 76' lang='lat' dir='ltr'><strong>fecisse</strong></span> <span class='ocrx_word' id='word_1_797' title='bbox 2910 4126 3185 4181; x_wconf 89' lang='lat' dir='ltr'><strong>transitum</strong></span> <span class='ocrx_word' id='word_1_798' title='bbox 3228 4123 3291 4177; x_wconf 90' lang='lat' dir='ltr'><strong>ad</strong></span> <span class='ocrx_word' id='word_1_799' title='bbox 3331 4122 3530 4176; x_wconf 83' lang='lat' dir='ltr'><strong>Gentes</strong></span> <span class='ocrx_word' id='word_1_800' title='bbox 3554 4162 3570 4186; x_wconf 91' lang='lat'><strong>,</strong></span> <span class='ocrx_word' id='word_1_801' title='bbox 3601 4134 3725 4175; x_wconf 88' lang='lat' dir='ltr'><strong>cum</strong></span> 
     </span>
    </p>
   </div>
   <div class='ocr_carea' id='block_1_106' title="bbox 2152 4209 3728 4295">
    <p class='ocr_par' dir='ltr' id='par_1_106' title="bbox 2152 4209 3728 4295">
     <span class='ocr_line' id='line_1_106' title="bbox 2152 4209 3728 4295; baseline -0.011 -14"><span class='ocrx_word' id='word_1_802' title='bbox 2152 4209 2574 4295; x_wconf 85' lang='lat' dir='ltr'><strong>transmigratum</strong></span> <span class='ocrx_word' id='word_1_803' title='bbox 2615 4229 2697 4277; x_wconf 88' lang='lat' dir='ltr'><strong>est</strong></span> <span class='ocrx_word' id='word_1_804' title='bbox 2722 4221 2772 4275; x_wconf 91' lang='lat' dir='ltr'><strong>in</strong></span> <span class='ocrx_word' id='word_1_805' title='bbox 2800 4218 3141 4290; x_wconf 85' lang='lat' dir='ltr'><strong>Babyloniam</strong></span> <span class='ocrx_word' id='word_1_806' title='bbox 3175 4234 3186 4269; x_wconf 88' lang='lat'><strong>:</strong></span> <span class='ocrx_word' id='word_1_807' title='bbox 3220 4224 3273 4271; x_wconf 89' lang='lat' dir='ltr'><strong>et</strong></span> <span class='ocrx_word' id='word_1_808' title='bbox 3298 4214 3552 4268; x_wconf 89' lang='lat' dir='ltr'><strong>attendite</strong></span> <span class='ocrx_word' id='word_1_809' title='bbox 3589 4228 3728 4281; x_wconf 69' lang='lat' dir='ltr'><strong>prae-</strong></span> 
     </span>
    </p>
   </div>
   <div class='ocr_carea' id='block_1_107' title="bbox 2150 4303 3727 4382">
    <p class='ocr_par' dir='ltr' id='par_1_107' title="bbox 2150 4303 3727 4382">
     <span class='ocr_line' id='line_1_107' title="bbox 2150 4303 3727 4382; baseline -0.008 -12"><span class='ocrx_word' id='word_1_810' title='bbox 2150 4325 2492 4370; x_wconf 87' lang='lat' dir='ltr'><strong>monstratam</strong></span> <span class='ocrx_word' id='word_1_811' title='bbox 2542 4314 2819 4382; x_wconf 88' lang='lat' dir='ltr'><strong>imaginem</strong></span> <span class='ocrx_word' id='word_1_812' title='bbox 2852 4326 3027 4364; x_wconf 85' lang='lat' dir='ltr'><strong>rerum</strong></span> <span class='ocrx_word' id='word_1_813' title='bbox 3075 4306 3369 4361; x_wconf 82' lang='lat' dir='ltr'><strong>futurarum</strong></span> <span class='ocrx_word' id='word_1_814' title='bbox 3401 4305 3451 4358; x_wconf 92' lang='lat' dir='ltr'><strong>in</strong></span> <span class='ocrx_word' id='word_1_815' title='bbox 3496 4303 3727 4358; x_wconf 89' lang='lat' dir='ltr'><strong>Domino</strong></span> 
     </span>
    </p>
   </div>
   <div class='ocr_carea' id='block_1_108' title="bbox 2149 4395 3730 4465">
    <p class='ocr_par' dir='ltr' id='par_1_108' title="bbox 2149 4395 3730 4465">
     <span class='ocr_line' id='line_1_108' title="bbox 2149 4395 3730 4465; baseline -0.009 -1"><span class='ocrx_word' id='word_1_816' title='bbox 2149 4410 2273 4465; x_wconf 76' lang='lat' dir='ltr'><strong>Iesu</strong></span> <span class='ocrx_word' id='word_1_817' title='bbox 2304 4409 2533 4463; x_wconf 89' lang='lat' dir='ltr'><strong>Christo.</strong></span> <span class='ocrx_word' id='word_1_818' title='bbox 2564 4404 2858 4460; x_wconf 81' lang='lat' dir='ltr'><strong>Nolueruut</strong></span> <span class='ocrx_word' id='word_1_819' title='bbox 2882 4401 3021 4455; x_wconf 88' lang='lat' dir='ltr'><strong>enim</strong></span> <span class='ocrx_word' id='word_1_820' title='bbox 3049 4399 3217 4455; x_wconf 72' lang='lat' dir='ltr'><strong>Judmi</strong></span> <span class='ocrx_word' id='word_1_821' title='bbox 3238 4398 3340 4452; x_wconf 84' lang='lat' dir='ltr'><strong>sibi</strong></span> <span class='ocrx_word' id='word_1_822' title='bbox 3370 4409 3592 4465; x_wconf 86' lang='lat' dir='ltr'><strong>regnare</strong></span> <span class='ocrx_word' id='word_1_823' title='bbox 3624 4395 3730 4449; x_wconf 73' lang='lat' dir='ltr'><strong>[lo-</strong></span> 
     </span>
    </p>
   </div>
   <div class='ocr_carea' id='block_1_109' title="bbox 2152 4487 3729 4557">
    <p class='ocr_par' dir='ltr' id='par_1_109' title="bbox 2152 4487 3729 4557">
     <span class='ocr_line' id='line_1_109' title="bbox 2152 4487 3729 4557; baseline -0.01 -4"><span class='ocrx_word' id='word_1_824' title='bbox 2152 4502 2351 4553; x_wconf 89' lang='lat' dir='ltr'><strong>minum</strong></span> <span class='ocrx_word' id='word_1_825' title='bbox 2383 4506 2617 4551; x_wconf 89' lang='lat' dir='ltr'><strong>nostrum</strong></span> <span class='ocrx_word' id='word_1_826' title='bbox 2647 4495 2828 4549; x_wconf 86' lang='lat' dir='ltr'><strong>.lesum</strong></span> <span class='ocrx_word' id='word_1_827' title='bbox 2858 4491 3147 4552; x_wconf 87' lang='lat' dir='ltr'><strong>Christum,</strong></span> <span class='ocrx_word' id='word_1_828' title='bbox 3180 4490 3229 4541; x_wconf 90' lang='lat' dir='ltr'><strong>in</strong></span> <span class='ocrx_word' id='word_1_829' title='bbox 3259 4503 3363 4557; x_wconf 91' lang='lat' dir='ltr'><strong>quo</strong></span> <span class='ocrx_word' id='word_1_830' title='bbox 3389 4487 3585 4540; x_wconf 86' lang='lat' dir='ltr'><strong>nullam</strong></span> <span class='ocrx_word' id='word_1_831' title='bbox 3614 4487 3729 4540; x_wconf 90' lang='lat' dir='ltr'><strong>cnl-</strong></span> 
     </span>
    </p>
   </div>
   <div class='ocr_carea' id='block_1_110' title="bbox 2152 4576 3727 4659">
    <p class='ocr_par' dir='ltr' id='par_1_110' title="bbox 2152 4576 3727 4659">
     <span class='ocr_line' id='line_1_110' title="bbox 2152 4576 3727 4659; baseline -0.009 -15"><span class='ocrx_word' id='word_1_832' title='bbox 2152 4603 2271 4659; x_wconf 90' lang='lat' dir='ltr'><strong>pam</strong></span> <span class='ocrx_word' id='word_1_833' title='bbox 2313 4588 2644 4642; x_wconf 87' lang='lat' dir='ltr'><strong>invenerunt.</strong></span> <span class='ocrx_word' id='word_1_834' title='bbox 2690 4582 3019 4653; x_wconf 78' lang='lat' dir='ltr'><strong>Reprobatus</strong></span> <span class='ocrx_word' id='word_1_835' title='bbox 3053 4586 3134 4634; x_wconf 91' lang='lat' dir='ltr'><strong>cst</strong></span> <span class='ocrx_word' id='word_1_836' title='bbox 3177 4580 3230 4631; x_wconf 92' lang='lat' dir='ltr'><strong>in</strong></span> <span class='ocrx_word' id='word_1_837' title='bbox 3270 4592 3365 4640; x_wconf 90' lang='lat' dir='ltr'><strong>se,</strong></span> <span class='ocrx_word' id='word_1_838' title='bbox 3411 4576 3727 4644; x_wconf 80' lang='lat' dir='ltr'><strong>reprobatus</strong></span> 
     </span>
    </p>
   </div>
   <div class='ocr_carea' id='block_1_111' title="bbox 2152 4664 3730 4737">
    <p class='ocr_par' dir='ltr' id='par_1_111' title="bbox 2152 4664 3730 4737">
     <span class='ocr_line' id='line_1_111' title="bbox 2152 4664 3730 4737; baseline -0.01 -5"><span class='ocrx_word' id='word_1_839' title='bbox 2152 4680 2309 4732; x_wconf 88' lang='lat' dir='ltr'><strong>etiam</strong></span> <span class='ocrx_word' id='word_1_840' title='bbox 2339 4677 2389 4729; x_wconf 91' lang='lat' dir='ltr'><strong>in</strong></span> <span class='ocrx_word' id='word_1_841' title='bbox 2413 4676 2579 4729; x_wconf 86' lang='lat' dir='ltr'><strong>servis</strong></span> <span class='ocrx_word' id='word_1_842' title='bbox 2608 4674 2751 4737; x_wconf 85' lang='lat' dir='ltr'><strong>suis;</strong></span> <span class='ocrx_word' id='word_1_843' title='bbox 2781 4679 2835 4726; x_wconf 86' lang='lat' dir='ltr'><strong>et</strong></span> <span class='ocrx_word' id='word_1_844' title='bbox 2863 4668 3136 4723; x_wconf 89' lang='lat' dir='ltr'><strong>transitum</strong></span> <span class='ocrx_word' id='word_1_845' title='bbox 3165 4674 3249 4721; x_wconf 87' lang='lat' dir='ltr'><strong>est</strong></span> <span class='ocrx_word' id='word_1_846' title='bbox 3272 4666 3324 4719; x_wconf 87' lang='lat' dir='ltr'><strong>in</strong></span> <span class='ocrx_word' id='word_1_847' title='bbox 3346 4664 3576 4726; x_wconf 82' lang='lat' dir='ltr'><strong>Gentes,</strong></span> <span class='ocrx_word' id='word_1_848' title='bbox 3612 4673 3730 4718; x_wconf 87' lang='lat' dir='ltr'><strong>tan-</strong></span> 
     </span>
    </p>
   </div>
   <div class='ocr_carea' id='block_1_112' title="bbox 2153 4755 3821 4838">
    <p class='ocr_par' dir='ltr' id='par_1_112' title="bbox 2153 4755 3821 4838">
     <span class='ocr_line' id='line_1_112' title="bbox 2153 4755 3821 4838; baseline -0.007 -18"><span class='ocrx_word' id='word_1_849' title='bbox 2153 4784 2307 4838; x_wconf 88' lang='lat' dir='ltr'><strong>quam</strong></span> <span class='ocrx_word' id='word_1_850' title='bbox 2348 4767 2397 4819; x_wconf 92' lang='lat' dir='ltr'><strong>in</strong></span> <span class='ocrx_word' id='word_1_851' title='bbox 2435 4763 2798 4836; x_wconf 65' lang='lat' dir='ltr'><strong>Babyloniam.</strong></span> <span class='ocrx_word' id='word_1_852' title='bbox 2828 4760 2937 4815; x_wconf 77' lang='lat' dir='ltr'><strong>[Ioc</strong></span> <span class='ocrx_word' id='word_1_853' title='bbox 2962 4758 3102 4815; x_wconf 91' lang='lat' dir='ltr'><strong>enim</strong></span> <span class='ocrx_word' id='word_1_854' title='bbox 3131 4768 3184 4812; x_wconf 89' lang='lat' dir='ltr'><strong>et</strong></span> <span class='ocrx_word' id='word_1_855' title='bbox 3217 4756 3471 4811; x_wconf 81' lang='lat' dir='ltr'><strong>Jeremias</strong></span> <span class='ocrx_word' id='word_1_856' title='bbox 3497 4755 3730 4823; x_wconf 85' lang='lat' dir='ltr'><strong>prophe—</strong></span> <span class='ocrx_word' id='word_1_857' title='bbox 3814 4812 3821 4815; x_wconf 98' lang='lat'>_</span> 
     </span>
    </p>
   </div>
   <div class='ocr_carea' id='block_1_113' title="bbox 2154 4843 3730 4925">
    <p class='ocr_par' dir='ltr' id='par_1_113' title="bbox 2154 4843 3730 4925">
     <span class='ocr_line' id='line_1_113' title="bbox 2154 4843 3730 4925; baseline -0.008 -15"><span class='ocrx_word' id='word_1_858' title='bbox 2154 4860 2328 4921; x_wconf 87' lang='lat' dir='ltr'><strong>tabat,</strong></span> <span class='ocrx_word' id='word_1_859' title='bbox 2354 4856 2542 4925; x_wconf 86' lang='lat' dir='ltr'><strong>jubere</strong></span> <span class='ocrx_word' id='word_1_860' title='bbox 2573 4853 2850 4907; x_wconf 79' lang='lat' dir='ltr'><strong>Ilouiiuum</strong></span> <span class='ocrx_word' id='word_1_861' title='bbox 2894 4859 2949 4904; x_wconf 92' lang='lat' dir='ltr'><strong>ut</strong></span> <span class='ocrx_word' id='word_1_862' title='bbox 2987 4849 3125 4902; x_wconf 90' lang='lat' dir='ltr'><strong>irent</strong></span> <span class='ocrx_word' id='word_1_863' title='bbox 3153 4848 3204 4901; x_wconf 92' lang='lat' dir='ltr'><strong>iu</strong></span> <span class='ocrx_word' id='word_1_864' title='bbox 3244 4845 3611 4916; x_wconf 83' lang='lat' dir='ltr'><strong>Babyloniam.</strong></span> <span class='ocrx_word' id='word_1_865' title='bbox 3664 4843 3730 4897; x_wconf 82' lang='lat' dir='ltr'><strong>Et</strong></span> 
     </span>
    </p>
   </div>
   <div class='ocr_carea' id='block_1_114' title="bbox 2153 4936 3732 5017">
    <p class='ocr_par' dir='ltr' id='par_1_114' title="bbox 2153 4936 3732 5017">
     <span class='ocr_line' id='line_1_114' title="bbox 2153 4936 3732 5017; baseline -0.008 -16"><span class='ocrx_word' id='word_1_866' title='bbox 2153 4949 2468 5017; x_wconf 82' lang='lat' dir='ltr'><strong>quicumque</strong></span> <span class='ocrx_word' id='word_1_867' title='bbox 2493 4945 2576 4998; x_wconf 90' lang='lat' dir='ltr'><strong>alii</strong></span> <span class='ocrx_word' id='word_1_868' title='bbox 2608 4942 2882 5013; x_wconf 63' lang='lat' dir='ltr'><strong>Propheta)</strong></span> <span class='ocrx_word' id='word_1_869' title='bbox 2906 4941 3152 4996; x_wconf 88' lang='lat' dir='ltr'><strong>dicebant</strong></span> <span class='ocrx_word' id='word_1_870' title='bbox 3180 4938 3369 5007; x_wconf 89' lang='lat' dir='ltr'><strong>popqu</strong></span> <span class='ocrx_word' id='word_1_871' title='bbox 3389 4946 3445 4990; x_wconf 91' lang='lat' dir='ltr'><strong>ut</strong></span> <span class='ocrx_word' id='word_1_872' title='bbox 3466 4952 3570 4990; x_wconf 88' lang='lat' dir='ltr'><strong>non</strong></span> <span class='ocrx_word' id='word_1_873' title='bbox 3590 4936 3732 4993; x_wconf 83' lang='lat' dir='ltr'><strong>irent</strong></span> 
     </span>
    </p>
   </div>
   <div class='ocr_carea' id='block_1_115' title="bbox 2155 5026 3776 5110">
    <p class='ocr_par' dir='ltr' id='par_1_115' title="bbox 2155 5026 3776 5110">
     <span class='ocr_line' id='line_1_115' title="bbox 2155 5026 3776 5110; baseline -0.008 -16"><span class='ocrx_word' id='word_1_874' title='bbox 2155 5042 2205 5094; x_wconf 92' lang='lat' dir='ltr'><strong>in</strong></span> <span class='ocrx_word' id='word_1_875' title='bbox 2236 5039 2576 5110; x_wconf 76' lang='lat' dir='ltr'><strong>Babyloniam</strong></span> <span class='ocrx_word' id='word_1_876' title='bbox 2602 5079 2615 5101; x_wconf 93' lang='lat'><strong>,</strong></span> <span class='ocrx_word' id='word_1_877' title='bbox 2648 5034 2908 5089; x_wconf 88' lang='lat' dir='ltr'><strong>.leremias</strong></span> <span class='ocrx_word' id='word_1_878' title='bbox 2935 5030 3426 5102; x_wconf 86' lang='lat' dir='ltr'><strong>pseudoprophetas</strong></span> <span class='ocrx_word' id='word_1_879' title='bbox 3451 5026 3725 5098; x_wconf 84' lang='lat' dir='ltr'><strong>arguebat.</strong></span> <span class='ocrx_word' id='word_1_880' title='bbox 3763 5059 3776 5070; x_wconf 83' lang='grc'><strong>-</strong></span> 
     </span>
    </p>
   </div>
   <div class='ocr_carea' id='block_1_116' title="bbox 2153 5114 3727 5198">
    <p class='ocr_par' dir='ltr' id='par_1_116' title="bbox 2153 5114 3727 5198">
     <span class='ocr_line' id='line_1_116' title="bbox 2153 5114 3727 5198; baseline -0.008 -15"><span class='ocrx_word' id='word_1_881' title='bbox 2153 5134 2250 5197; x_wconf 80' lang='lat' dir='ltr'><strong>Qui</strong></span> <span class='ocrx_word' id='word_1_882' title='bbox 2272 5131 2569 5198; x_wconf 83' lang='lat' dir='ltr'><strong>Scripturas</strong></span> <span class='ocrx_word' id='word_1_883' title='bbox 2598 5130 2792 5196; x_wconf 80' lang='lat' dir='ltr'><strong>legunt.</strong></span> <span class='ocrx_word' id='word_1_884' title='bbox 2818 5114 3162 5179; x_wconf 84' lang='lat' dir='ltr'><strong>recordentur</strong></span> <span class='ocrx_word' id='word_1_885' title='bbox 3185 5121 3458 5176; x_wconf 86' lang='lat' dir='ltr'><strong>nobiscum</strong></span> <span class='ocrx_word' id='word_1_886' title='bbox 3479 5137 3490 5172; x_wconf 90' lang='lat'><strong>:</strong></span> <span class='ocrx_word' id='word_1_887' title='bbox 3511 5120 3597 5190; x_wconf 89' lang='lat' dir='ltr'><strong>qui</strong></span> <span class='ocrx_word' id='word_1_888' title='bbox 3621 5133 3727 5173; x_wconf 88' lang='lat' dir='ltr'><strong>non</strong></span> 
     </span>
    </p>
   </div>
   <div class='ocr_carea' id='block_1_117' title="bbox 2155 5210 3726 5292">
    <p class='ocr_par' dir='ltr' id='par_1_117' title="bbox 2155 5210 3726 5292">
     <span class='ocr_line' id='line_1_117' title="bbox 2155 5210 3726 5292; baseline -0.008 -15"><span class='ocrx_word' id='word_1_889' title='bbox 2155 5224 2366 5292; x_wconf 85' lang='lat' dir='ltr'><strong>legunt,</strong></span> <span class='ocrx_word' id='word_1_890' title='bbox 2401 5220 2619 5275; x_wconf 79' lang='lat' dir='ltr'><strong>credant</strong></span> <span class='ocrx_word' id='word_1_891' title='bbox 2646 5210 2827 5272; x_wconf 72' lang='lat' dir='ltr'><strong>nobis.</strong></span> <span class='ocrx_word' id='word_1_892' title='bbox 2872 5215 3165 5270; x_wconf 82' lang='lat' dir='ltr'><strong>Minabatur</strong></span> <span class='ocrx_word' id='word_1_893' title='bbox 3208 5228 3335 5282; x_wconf 84' lang='lat' dir='ltr'><strong>ergo</strong></span> <span class='ocrx_word' id='word_1_894' title='bbox 3358 5212 3617 5267; x_wconf 81' lang='lat' dir='ltr'><strong>Jeremias</strong></span> <span class='ocrx_word' id='word_1_895' title='bbox 3660 5226 3726 5265; x_wconf 74' lang='lat' dir='ltr'><strong>ex</strong></span> 
     </span>
    </p>
   </div>
   <div class='ocr_carea' id='block_1_118' title="bbox 2157 5302 3725 5381">
    <p class='ocr_par' dir='ltr' id='par_1_118' title="bbox 2157 5302 3725 5381">
     <span class='ocr_line' id='line_1_118' title="bbox 2157 5302 3725 5381; baseline -0.008 -15"><span class='ocrx_word' id='word_1_896' title='bbox 2157 5327 2377 5381; x_wconf 85' lang='lat' dir='ltr'><strong>persona</strong></span> <span class='ocrx_word' id='word_1_897' title='bbox 2403 5310 2608 5364; x_wconf 89' lang='lat' dir='ltr'><strong>Domini</strong></span> <span class='ocrx_word' id='word_1_898' title='bbox 2637 5310 2712 5362; x_wconf 87' lang='lat' dir='ltr'><strong>eis</strong></span> <span class='ocrx_word' id='word_1_899' title='bbox 2750 5307 2841 5377; x_wconf 87' lang='lat' dir='ltr'><strong>qui</strong></span> <span class='ocrx_word' id='word_1_900' title='bbox 2867 5306 3120 5360; x_wconf 90' lang='lat' dir='ltr'><strong>uolebant</strong></span> <span class='ocrx_word' id='word_1_901' title='bbox 3156 5305 3232 5358; x_wconf 85' lang='lat' dir='ltr'><strong>ire</strong></span> <span class='ocrx_word' id='word_1_902' title='bbox 3266 5304 3316 5357; x_wconf 88' lang='lat' dir='ltr'><strong>in</strong></span> <span class='ocrx_word' id='word_1_903' title='bbox 3345 5302 3684 5373; x_wconf 83' lang='lat' dir='ltr'><strong>Babyloniam</strong></span> <span class='ocrx_word' id='word_1_904' title='bbox 3711 5319 3725 5354; x_wconf 91' lang='lat'><strong>:</strong></span> 
     </span>
    </p>
   </div>
   <div class='ocr_carea' id='block_1_119' title="bbox 2154 5394 3731 5470">
    <p class='ocr_par' dir='ltr' id='par_1_119' title="bbox 2154 5394 3731 5470">
     <span class='ocr_line' id='line_1_119' title="bbox 2154 5394 3731 5470; baseline -0.009 -13"><span class='ocrx_word' id='word_1_905' title='bbox 2154 5403 2231 5457; x_wconf 86' lang='lat' dir='ltr'><strong>eis</strong></span> <span class='ocrx_word' id='word_1_906' title='bbox 2250 5410 2424 5455; x_wconf 84' lang='lat' dir='ltr'><strong>autem</strong></span> <span class='ocrx_word' id='word_1_907' title='bbox 2451 5401 2539 5470; x_wconf 89' lang='lat' dir='ltr'><strong>qui</strong></span> <span class='ocrx_word' id='word_1_908' title='bbox 2571 5400 2729 5464; x_wconf 89' lang='lat' dir='ltr'><strong>irent,</strong></span> <span class='ocrx_word' id='word_1_909' title='bbox 2750 5396 3088 5467; x_wconf 90' lang='lat' dir='ltr'><strong>promittebat</strong></span> <span class='ocrx_word' id='word_1_910' title='bbox 3112 5394 3181 5448; x_wconf 88' lang='lat' dir='ltr'><strong>ibi</strong></span> <span class='ocrx_word' id='word_1_911' title='bbox 3211 5395 3462 5464; x_wconf 83' lang='lat' dir='ltr'><strong>quietem,</strong></span> <span class='ocrx_word' id='word_1_912' title='bbox 3483 5401 3534 5446; x_wconf 89' lang='lat' dir='ltr'><strong>et</strong></span> <span class='ocrx_word' id='word_1_913' title='bbox 3550 5407 3731 5464; x_wconf 83' lang='lat' dir='ltr'><strong>quam-</strong></span> 
     </span>
    </p>
   </div>
   <div class='ocr_carea' id='block_1_120' title="bbox 2154 5482 3729 5553">
    <p class='ocr_par' dir='ltr' id='par_1_120' title="bbox 2154 5482 3729 5553">
     <span class='ocr_line' id='line_1_120' title="bbox 2154 5482 3729 5553; baseline -0.007 -7"><span class='ocrx_word' id='word_1_914' title='bbox 2154 5491 2274 5546; x_wconf 90' lang='lat' dir='ltr'><strong>dam</strong></span> <span class='ocrx_word' id='word_1_915' title='bbox 2296 5491 2594 5546; x_wconf 77' lang='lat' dir='ltr'><strong>felicitatem</strong></span> <span class='ocrx_word' id='word_1_916' title='bbox 2617 5489 2667 5543; x_wconf 93' lang='lat' dir='ltr'><strong>in</strong></span> <span class='ocrx_word' id='word_1_917' title='bbox 2689 5485 3013 5542; x_wconf 83' lang='lat' dir='ltr'><strong>novellandis</strong></span> <span class='ocrx_word' id='word_1_918' title='bbox 3031 5485 3196 5539; x_wconf 84' lang='lat' dir='ltr'><strong>vineis</strong></span> <span class='ocrx_word' id='word_1_919' title='bbox 3222 5495 3271 5538; x_wconf 90' lang='lat' dir='ltr'><strong>et</strong></span> <span class='ocrx_word' id='word_1_920' title='bbox 3292 5482 3589 5553; x_wconf 84' lang='lat' dir='ltr'><strong>plantandis</strong></span> <span class='ocrx_word' id='word_1_921' title='bbox 3611 5482 3729 5535; x_wconf 86' lang='lat' dir='ltr'><strong>hor-</strong></span> 
     </span>
    </p>
   </div>
   <div class='ocr_carea' id='block_1_121' title="bbox 2155 5574 3730 5648">
    <p class='ocr_par' dir='ltr' id='par_1_121' title="bbox 2155 5574 3730 5648">
     <span class='ocr_line' id='line_1_121' title="bbox 2155 5574 3730 5648; baseline -0.004 -12"><span class='ocrx_word' id='word_1_922' title='bbox 2155 5582 2221 5636; x_wconf 89' lang='lat' dir='ltr'><strong>tis</strong></span> <span class='ocrx_word' id='word_1_923' title='bbox 2244 5591 2296 5635; x_wconf 88' lang='lat' dir='ltr'><strong>et</strong></span> <span class='ocrx_word' id='word_1_924' title='bbox 2322 5582 2560 5637; x_wconf 88' lang='lat' dir='ltr'><strong>ubertate</strong></span> <span class='ocrx_word' id='word_1_925' title='bbox 2583 5580 2845 5635; x_wconf 73' lang='lat' dir='ltr'><strong>fructuum</strong></span> <span class='ocrx_word' id='word_1_926' title='bbox 2867 5576 3075 5648; x_wconf 71' lang='lat' dir='ltr'><strong>(larem.</strong></span> <span class='ocrx_word' id='word_1_927' title='bbox 3100 5576 3284 5645; x_wconf 78' lang='lat' dir='ltr'><strong>xxvu).</strong></span> <span class='ocrx_word' id='word_1_928' title='bbox 3305 5574 3581 5644; x_wconf 76' lang='lat' dir='ltr'><strong>Quomodo</strong></span> <span class='ocrx_word' id='word_1_929' title='bbox 3600 5589 3730 5644; x_wconf 87' lang='lat' dir='ltr'><strong>ergo</strong></span> 
     </span>
    </p>
   </div>
   <div class='ocr_carea' id='block_1_122' title="bbox 2150 5666 3730 5743">
    <p class='ocr_par' dir='ltr' id='par_1_122' title="bbox 2150 5666 3730 5743">
     <span class='ocr_line' id='line_1_122' title="bbox 2150 5666 3730 5743; baseline -0.001 -18"><span class='ocrx_word' id='word_1_930' title='bbox 2150 5670 2260 5740; x_wconf 80' lang='lat' dir='ltr'><strong>jam</strong></span> <span class='ocrx_word' id='word_1_931' title='bbox 2290 5684 2394 5725; x_wconf 87' lang='lat' dir='ltr'><strong>non</strong></span> <span class='ocrx_word' id='word_1_932' title='bbox 2424 5672 2473 5726; x_wconf 90' lang='lat' dir='ltr'><strong>in</strong></span> <span class='ocrx_word' id='word_1_933' title='bbox 2507 5672 2689 5743; x_wconf 81' lang='lat' dir='ltr'><strong>ﬁgura,</strong></span> <span class='ocrx_word' id='word_1_934' title='bbox 2709 5670 2799 5727; x_wconf 82' lang='lat' dir='ltr'><strong>sed</strong></span> <span class='ocrx_word' id='word_1_935' title='bbox 2819 5672 2870 5725; x_wconf 90' lang='lat' dir='ltr'><strong>in</strong></span> <span class='ocrx_word' id='word_1_936' title='bbox 2888 5670 3105 5723; x_wconf 86' lang='lat' dir='ltr'><strong>veritate</strong></span> <span class='ocrx_word' id='word_1_937' title='bbox 3133 5668 3354 5741; x_wconf 84' lang='lat' dir='ltr'><strong>populus</strong></span> <span class='ocrx_word' id='word_1_938' title='bbox 3373 5666 3534 5721; x_wconf 82' lang='lat' dir='ltr'><strong>Israel</strong></span> <span class='ocrx_word' id='word_1_939' title='bbox 3558 5676 3730 5724; x_wconf 66' lang='lat' dir='ltr'><strong>trans-</strong></span> 
     </span>
    </p>
   </div>
  </div>
