3938 6186
242 323 339 381 341

242 442 282 495 it
318 440 368 494 in
406 436 804 510 Babyloniam?
855 436 1005 494 Unde
1044 445 1196 492 erant
1240 435 1519 506 Apostoli?
1548 435 1733 489 Nonne
1761 435 1829 490 de

240 538 395 601 gente
419 526 773 584 Judzeorum?
805 526 957 583 Unde
986 527 1098 597 ipse
1120 527 1349 580 Paulus?
1382 525 1518 579 Nam
1539 535 1583 580 et
1610 542 1719 594 ego,
1751 524 1832 579 iu-

242 619 390 691 quit,
417 617 662 673 Israelita
687 635 800 674 sum
822 662 834 681 ,
865 635 928 673 ex
954 619 1139 672 semine
1166 618 1382 672 Abi-alue
1399 660 1413 683 ,
1445 634 1507 671 ex
1535 618 1663 671 tribu
1692 615 1829 671 Ben-

237 711 397 782 jamin
426 708 605 778 (Rom.
642 725 697 763 ιιι
720 751 735 774 ,
772 707 847 779 Ι).
894 707 1246 763 Crediderunt
1290 724 1417 779 ergo
1449 709 1499 762 in
1551 708 1827 763 Dominum

243 800 393 856 multi
420 799 489 855 de
511 797 734 855 Iudaeis.
759 800 884 855 Inde
905 801 1057 854 electi
1087 810 1210 855 sunt
1233 800 1465 869 Apostoli
1496 819 1509 854 :
1535 799 1656 855 inde
1681 810 1832 854 erant

241 893 357 962 plus
386 907 548 962 quam
588 891 864 961 quingenti
911 891 1137 957 fratres,
1168 892 1252 961 qui
1287 891 1563 946 Dominum
1600 899 1716 958 post
1742 906 1828 944 rc-

242 983 633 1038 surnectionem
663 982 844 1036 videre
873 991 1176 1036 meruerunt
1212 981 1250 1054 (Ι
1284 981 1401 1037 Cor.
1432 997 1501 1036 xv
1522 1023 1535 1045 ,
1569 982 1624 1050 6)
1661 1000 1671 1033 :
1709 980 1830 1036 inde

241 1082 395 1128 erant
434 1082 654 1128 centum
682 1074 862 1144 viginti
894 1072 946 1126 in
977 1072 1136 1127 domo
1156 1113 1170 1136 ,
1201 1073 1410 1143 quando
1437 1072 1664 1142 Spiritus
1703 1088 1828 1126 san-

242 1172 353 1217 ctus
378 1162 600 1219 advenit
628 1162 763 1236 (Act.
794 1179 846 1225 ι,
880 1163 943 1218 15
963 1204 979 1229 ,
1010 1172 1064 1217 ει
1093 1178 1129 1216 ιι
1150 1204 1163 1224 ,
1196 1162 1341 1231 t-l).
1371 1163 1505 1230 Quid
1536 1173 1710 1218 autem
1752 1163 1831 1217 di-

240 1261 310 1311 cit
332 1257 628 1324 Apostolus
670 1257 721 1310 in
755 1256 972 1311 Actibus
1001 1256 1375 1325 Apostolorum
1399 1298 1413 1320 ,
1446 1270 1563 1310 cmn
1606 1271 1829 1324 respue-

240 1356 358 1402 rent
401 1348 624 1402 verbum
653 1347 893 1401 veritatis
930 1345 1142 1401 Judaei?
1187 1345 1265 1398 Ad
1305 1362 1425 1417 vos,
1458 1346 1658 1416 inquit,
1692 1347 1832 1401 missi

238 1455 482 1503 «curm;
509 1439 601 1493 sed
623 1439 863 1509 quoniam
890 1438 1151 1509 respuistis
1180 1439 1380 1491 verbum
1406 1436 1503 1492 Dei
1523 1481 1538 1505 ,
1570 1455 1679 1493 ecce
1706 1455 1829 1493 cou-

237 1533 479 1585 rertimus
505 1547 597 1585 nos
620 1531 689 1584 ad
717 1530 898 1585 Gentes
928 1530 1061 1599 (Act.
1092 1548 1184 1585 xm
1204 1572 1218 1593 ,
1249 1529 1364 1602 46).
1398 1530 1555 1585 Facta
1596 1540 1678 1585 cst
1705 1547 1832 1602 ergo

237 1622 639 1692 transmigratio
679 1624 731 1676 in
775 1621 1120 1693 Babyloniam
1168 1622 1457 1676 secundum
1503 1621 1828 1690 Spiritualem

235 1713 701 1782 dispensationem
732 1714 985 1782 temporis
1015 1713 1398 1768 incarnationis
1428 1712 1670 1778 Domini,
1712 1729 1830 1781 quae

239 1814 362 1858 tunc
390 1803 714 1873 praesignem
743 1810 828 1857 est
854 1811 1093 1873 tempore
1117 1802 1382 1857 Jeremizn.
1412 1801 1517 1856 Sed
1545 1802 1668 1871 quid
1704 1802 1833 1856 dicit

234 1894 505 1950 lacinias
530 1892 1030 1964 transmigrantibus
1053 1894 1120 1948 de
1151 1894 1232 1949 his
1257 1892 1596 1964 Babyloniis?
1625 1892 1756 1958 Quia
1778 1895 1830 1947 in

236 2001 362 2055 pace
387 1987 623 2056 ipsorum
641 1985 756 2051 erit,
786 1984 975 2054 inquit,
1008 2000 1111 2054 pax
1130 1994 1290 2039 vestra
1319 1983 1534 2051 (Jerem.
1571 1999 1729 2049 xxix,
1753 1983 1829 2054 'i).

235 2078 370 2132 Cum
397 2091 532 2147 ergo
576 2077 976 2147 transmigraret
999 2078 1159 2130 etiam
1187 2092 1280 2145 per
1305 2074 1573 2131 Christum
1610 2084 1666 2129 ct
1693 2077 1835 2144 Apo-

237 2169 408 2224 stolos
434 2167 695 2223 lsraelin
726 2168 1067 2239 Babyloniam
1089 2210 1103 2231 ,
1138 2167 1237 2221 hoc
1267 2177 1349 2223 est
1378 2167 1720 2238 Evangelium
1747 2185 1833 2221 ve-

237 2259 382 2312 niret
420 2257 490 2312 ad
518 2256 753 2321 Gentes,
787 2256 913 2326 quid
939 2256 1065 2311 dicit
1106 2256 1392 2326 Apostolus
1430 2257 1581 2326 quasi
1611 2273 1677 2311 cx
1705 2272 1834 2311 voce

240 2360 366 2404 tunc
388 2348 683 2404 Ieremia?
712 2347 929 2402 Obsecro
950 2365 1065 2419 ergo
1105 2348 1320 2417 primum
1350 2348 1572 2413 omnium
1600 2348 1714 2418 ﬁeri
1741 2348 1834 2402 de-

238 2440 580 2509 precationa,
602 2440 876 2504 orationes,
902 2439 1345 2508 interpellationes,
1372 2438 1653 2508 gratiarum
1678 2440 1836 2492 actio-

239 2547 325 2587 nes
347 2546 445 2601 pro
469 2531 705 2585 omnibus
732 2531 1036 2595 hominibus,
1052 2547 1141 2600 pro
1164 2531 1363 2602 regibus
1388 2539 1433 2584 et
1455 2530 1532 2584 his
1547 2531 1633 2599 qui
1647 2531 1696 2585 in
1718 2531 1836 2585 sub—

240 2623 456 2676 tim’tate
496 2631 618 2676 sunt
636 2624 925 2688 constituti;
946 2632 998 2676 ut
1027 2624 1244 2693 quietam
1268 2633 1313 2675 et
1336 2623 1660 2692 tranquillam
1685 2625 1837 2678 vitam

237 2730 475 2785 agamus,
505 2730 625 2767 mn
648 2714 788 2768 omni
816 2714 997 2784 pietate
1022 2724 1069 2768 et
1092 2716 1317 2768 castitate
1344 2713 1386 2785 (1
1406 2714 1535 2768 Tim.
1566 2731 1621 2777 ιι,
1644 2716 1669 2769 1
1690 2725 1736 2768 et
1758 2715 1834 2787 2).

230 2805 492 2863 Nondum
514 2815 670 2863 erant
684 2821 838 2877 reges
854 2806 1146 2872 christiani,
1165 2816 1218 2861 et
1232 2807 1417 2862 orabat
1440 2821 1536 2876 pro
1552 2809 1648 2861 eis.
1667 2806 1839 2864 Orans

238 2911 370 2967 ergo
394 2894 563 2951 Israel
590 2895 646 2949 iu
667 2896 977 2966 Babylonia,
994 2897 1279 2952 exauditus
1298 2905 1400 2952 est.
1427 2897 1696 2952 Exauditae
1716 2908 1838 2953 sunt

240 3001 401 3042 voces
443 2986 739 3053 Ecclesiae,
773 2986 894 3041 iacti
923 2995 1046 3042 sunt
1086 2988 1361 3042 christiani
1393 3005 1405 3039 :
1436 2996 1491 3042 et
1517 2986 1705 3043 videtis
1734 2987 1836 3043 im-

234 3080 374 3146 pleri
403 3079 550 3149 quod
581 3078 871 3149 ﬁguraliter
896 3079 1093 3134 dictum
1124 3089 1205 3135 est
1223 3121 1239 3145 ,
1270 3078 1334 3133 In
1363 3096 1534 3134 eorum
1560 3096 1716 3151 pace,
1746 3081 1839 3135 erit

238 3183 347 3237 pa:
370 3178 558 3224 vestra.
579 3168 919 3238 Acceperunt
942 3168 1082 3222 enim
1111 3183 1291 3236 pacem
1309 3167 1527 3231 Christi,
1546 3177 1600 3223 et
1622 3168 1840 3225 destite-

238 3267 362 3315 runt
391 3258 652 3333 persequi
676 3256 1043 3323 Christianos;
1077 3268 1132 3313 ut
1151 3258 1271 3327 jam
1294 3259 1344 3312 in
1384 3259 1669 3315 securitate
1696 3261 1840 3329 pacis

240 3347 644 3405 rdiﬁcarentur
667 3349 929 3415 ecclesim,
959 3359 1013 3404 et
1037 3351 1402 3418 plantarentur
1426 3351 1605 3420 populi
1626 3351 1676 3404 in
1701 3352 1843 3421 agri-

243 3439 453 3501 cultura
469 3440 595 3507 Dei,
611 3449 665 3494 et
689 3439 1070 3495 fructiﬁcarent
1096 3455 1283 3495 omnes
1311 3451 1496 3511 gentes
1522 3442 1644 3508 ﬁde,
1676 3459 1770 3515 spe
1788 3452 1842 3500 ct

244 3529 507 3585 claritate
524 3547 650 3600 qua:
670 3539 753 3585 est
773 3530 825 3584 in
848 3531 1081 3587 Christo.

316 3623 405 3676 15.
445 3620 687 3676 Christus
724 3624 855 3676 inter
875 3620 1083 3678 Judwos
1121 3632 1167 3676 et
1192 3622 1371 3677 Gentes
1411 3624 1540 3695 lapis
1582 3627 1842 3695 ungulatis

242 3714 296 3767 iu
334 3713 594 3767 Jecltonia
628 3714 975 3768 adumbratas.
1032 3715 1187 3769 Facta
1230 3725 1313 3771 est
1354 3719 1746 3787 transmigratio
1790 3719 1839 3772 in

244 3806 600 3876 Babyloniam
644 3814 767 3859 tunc
819 3820 912 3874 per
939 3804 1290 3872 Jechoniam,
1340 3807 1426 3877 qui
1456 3823 1561 3861 non
1608 3816 1689 3861 cst
1723 3823 1845 3878 per-

242 3897 447 3950 missus
472 3912 700 3966 regnare
725 3896 777 3949 in
794 3894 1096 3950 indecorum
1114 3906 1287 3966 gente,
1311 3906 1434 3967 typo
1447 3896 1663 3961 Christi,
1684 3914 1841 3968 quem

241 3986 417 4043 Judaei
466 3987 568 4041 sibi
602 4002 823 4056 regnare
853 3988 1153 4043 noluerunt.
1199 3988 1499 4044 Transitum
1532 3990 1656 4046 fecit
1686 3991 1841 4047 Israel

239 4081 311 4134 ad
342 4081 547 4135 Gentes
569 4120 588 4146 ,
620 4080 671 4134 id
700 4088 782 4135 est
808 4080 1184 4150 praedicatores
1212 4082 1484 4153 Evangelii
1517 4084 1844 4139 transierunt

240 4171 325 4229 ad,
346 4171 581 4240 populos
604 4170 873 4227 Gentium.
904 4170 1039 4239 Quid
1069 4186 1194 4239 ergo
1226 4173 1432 4225 miraris
1460 4173 1601 4242 quod
1633 4173 1712 4227 his
1741 4190 1841 4228 nu—

243 4273 492 4325 literatur
514 4261 834 4317 Jcchonias?
850 4262 1061 4315 Etenim
1086 4262 1128 4315 si
1155 4260 1352 4317 Christi
1381 4262 1599 4332 ﬁguram
1627 4264 1846 4332 gerebat

240 4367 273 4406 ιι
293 4351 505 4408 Judzeis
526 4351 854 4406 transeuntis
879 4351 945 4406 ad
965 4351 1191 4417 Gentes;
1216 4352 1430 4408 attende
1450 4352 1574 4422 quid
1597 4363 1679 4407 est
1696 4353 1846 4408 Chri-

241 4451 371 4498 stus
400 4441 543 4496 inter
568 4440 780 4497 Iudaeos
805 4449 860 4496 et
881 4441 1098 4498 Gentes.
1130 4441 1316 4498 Nonne
1346 4443 1459 4512 ipse
1488 4453 1570 4497 est
1592 4443 1682 4497 ille
1713 4443 1845 4512 lapis

239 4532 562 4605 mularis?
577 4532 806 4587 Attende
831 4532 884 4588 in
911 4534 1103 4603 angulo
1126 4534 1407 4589 terminum
1437 4533 1651 4603 parietis
1669 4533 1843 4598 unius,

240 4633 305 4680 et
334 4624 553 4678 initium
597 4623 816 4694 parietis
842 4625 1079 4679 alterius.
1113 4625 1289 4695 Usque
1319 4624 1382 4679 ad
1415 4625 1584 4693 ipsmn
1616 4610 1843 4695 lapidem

242 4715 466 4773 metiris
496 4729 664 4769 unum
695 4714 949 4783 parietem
973 4756 989 4781 ,
1019 4724 1071 4769 et
1095 4715 1163 4770 ab
1188 4716 1302 4785 ipso
1325 4715 1568 4770 alterum.
1600 4715 1689 4769 Bis
1718 4731 1846 4785 ergo

242 4812 570 4863 uulneretur
592 4805 727 4875 lapis
746 4806 1032 4876 angularis,
1054 4806 1139 4875 qui
1169 4807 1437 4862 connectit
1461 4815 1741 4877 utrumque
1764 4824 1848 4878 pa-

244 4901 474 4953 rietem.
501 4896 795 4953 Jecltonias
820 4912 946 4967 ergo
973 4907 1187 4967 gestans
1213 4898 1433 4966 ﬁguram
1467 4898 1696 4961 Domini,
1732 4907 1842 4953 tan-

242 5006 419 5061 quam
451 4990 587 5059 lapis
616 4989 883 5059 angularis
914 4998 1092 5060 typum
1126 4990 1454 5058 pra-ferebat.
1490 4990 1554 5043 Et
1581 4989 1717 5045 sicut
1755 4990 1846 5045 Je-

240 5082 487 5137 cbonias
509 5096 737 5151 regnare
764 5097 868 5137 non
896 5089 975 5135 est
1009 5083 1294 5150 permissus
1318 5079 1515 5134 Judaeis
1535 5121 1552 5146 ,
1594 5081 1685 5135 sed
1718 5082 1845 5134 itum

238 5183 337 5228 est
367 5172 425 5226 in
450 5172 832 5242 Babyloniam;
866 5173 942 5226 sic
968 5171 1210 5225 Christus
1236 5172 1365 5241 lapis
1386 5165 1531 5240 quem
1554 5172 1850 5240 reprobatis—

243 5273 380 5318 ml
405 5264 735 5331 cdiﬁcantes,
757 5265 919 5333 factus
946 5273 1016 5316 est
1045 5263 1096 5317 in
1118 5273 1265 5333 caput
1285 5264 1459 5333 anguli
1487 5261 1654 5334 (Psal.
1685 5279 1846 5327 cvm,

239 5354 351 5429 22)
374 5396 395 5417 .
425 5364 482 5408 ut
505 5353 851 5423 Evangelium
880 5353 1188 5422 perveniret
1214 5353 1279 5407 ad
1308 5353 1528 5408 Gentes.
1575 5352 1693 5408 Noli
1724 5368 1851 5423 ergo

238 5445 511 5501 dubitare
557 5443 638 5498 bis
665 5458 948 5500 munerare
973 5454 1133 5513 caput
1156 5444 1333 5513 anguli
1359 5486 1372 5506 ,
1405 5453 1461 5498 et
1484 5445 1716 5499 occurrit
1758 5444 1851 5499 tibi

242 5548 525 5590 ιιιιιιειιυε
567 5533 833 5604 scriptus;
862 5543 1021 5605 atque
1051 5534 1121 5588 ita
1166 5535 1564 5605 quatuordecim
1608 5542 1770 5599 sunt,
1801 5544 1853 5591 et

242 5626 670 5696 quatuordecim
696 5669 710 5691 ,
741 5637 790 5681 et
818 5627 1217 5697 quatuordccim
1252 5646 1263 5680 :
1296 5636 1349 5682 et
1388 5644 1492 5682 non
1522 5635 1645 5682 sunt
1676 5636 1852 5683 tamen

242 5717 618 5790 quadraginta
639 5717 756 5773 dum
769 5720 1157 5791 generationes,
1178 5719 1269 5776 sed
1293 5719 1634 5790 quadraginta
1658 5730 1706 5775 et
1726 5737 1850 5777 una.

1718 316 1947 375 SERMO
1985 312 2072 377 ιι.

3417 326 3524 388 ειει
3536 354 3541 359 -

1937 435 2069 505 Quia
2096 435 2231 491 sicut
2261 436 2391 495 ordo
2419 439 2650 509 lapidum
2681 454 2800 496 cum
2827 456 2922 511 per
2949 441 3140 498 lineam
3171 453 3368 500 rectam
3394 445 3524 500 diri-

1937 528 2093 595 gitur,
2123 541 2310 584 omncs
2334 529 2637 600 singillatim
2665 541 3040 598 numerantur;
3073 548 3191 587 cum
3221 546 3397 588 autent
3428 536 3523 589 de.

1939 626 2212 679 torquetur
2230 618 2380 683 ordo,
2405 629 2456 673 ut
2484 620 2730 689 angulum
2760 620 2933 688 faciat,
2957 623 3102 677 illum
3134 623 3362 694 lapidem
3396 623 3518 681 inde

1939 716 2440 777 torquetur,oportct
2470 711 2549 763 bis
2570 711 2832 765 numerari
2853 731 2864 775 ;
2885 714 3004 782 quia
3031 723 3086 767 et
3111 711 3177 766 ad
3202 713 3350 767 illum
3380 714 3517 768 ordi~

1939 813 2057 851 nem
2088 799 2333 866 pertinet,
2366 799 2452 869 qui
2483 816 2647 870 usque
2676 801 2741 854 ad
2774 803 2942 871 ipsum
2971 802 3168 869 ﬁnitur,
3197 813 3251 858 et
3277 804 3341 857 ad
3372 805 3515 859 illum

1935 889 2023 956 qui
2050 889 2117 943 ab
2143 889 2259 959 ipso
2281 889 2460 958 incipit
2486 910 2498 944 :
2522 891 2597 957 sic
2617 890 2749 944 ordo
2772 893 3169 961 generationum
3192 893 3439 964 quamdiu
3464 895 3516 949 in

1938 978 2027 1030 illo
2058 979 2250 1047 populo
2281 979 2491 1047 mansit,
2525 982 2574 1034 in
2609 981 2688 1036 bis
2734 990 2978 1051 septeno,
3011 983 3061 1037 id
3102 994 3204 1049 est,
3240 984 3539 1040 intervallo.

1938 1085 2041 1120 non
2072 1066 2194 1123 fecit
2220 1070 2505 1139 angulum;
2538 1086 2657 1124 cum
2687 1081 2862 1126 autem
2890 1071 3127 1127 detortus
3151 1073 3283 1128 ordo
3314 1085 3395 1129 est
3416 1067 3439 1139 ,'
3465 1085 3520 1128 ut

1939 1159 2402 1230 trausmigraretur
2432 1164 2481 1213 iu
2506 1160 2872 1233 Babyloniam,
2895 1164 3037 1218 velut
3065 1179 3095 1217 a
3124 1163 3377 1218 Jechonia
3399 1165 3518 1235 qui-

1935 1248 2054 1302 dam
2076 1249 2241 1304 factus
2266 1258 2343 1304 cst
2363 1250 2601 1321 angulus;
2621 1261 2812 1306 uteum
2841 1254 2891 1307 in
2921 1264 3044 1324 typo
3071 1254 3211 1310 illius
3229 1255 3518 1309 venerandi

1936 1342 2125 1411 lapidis
2145 1344 2409 1413 angularis
2432 1344 2511 1398 bis
2533 1361 2814 1401 numerare
2835 1356 3122 1415 oporteret.

2006 1435 2229 1490 CAPUT
2261 1435 2517 1492 Χ.-16.
2563 1434 2667 1493 Cur
2703 1438 2995 1510 genealogia
3029 1437 3217 1493 Christi
3258 1439 3513 1493 deducitur

1936 1543 2025 1595 per
2065 1525 2278 1596 Ioseph.
2305 1526 2497 1598 Ioseph
2543 1544 2685 1583 verus
2727 1530 2940 1583 maritus
2983 1529 3187 1584 Marica.
3226 1531 3405 1586 Altera
3452 1532 3518 1586 il-

1937 1618 2109 1673 lorum
2154 1620 2493 1675 calumniatio
2518 1630 2617 1677 est.
2648 1621 2751 1677 Per
2773 1621 2968 1692 Joseph
2994 1664 3008 1688 ,
3042 1623 3320 1692 inquiunt,
3352 1638 3515 1693 gene-

1936 1709 2169 1764 rationes
2197 1708 2414 1776 Christi,
2445 1719 2500 1766 et
2528 1728 2632 1767 non
2659 1727 2754 1781 per
2783 1712 2996 1766 Mariam
3026 1722 3390 1768 numerantur.
3420 1715 3516 1769 At-

1937 1797 2118 1852 tendat
2153 1800 2420 1870 paulisper
2446 1800 2712 1856 Sanctitas
2740 1810 2932 1856 vestra.
2961 1802 3098 1868 Non,
3132 1803 3393 1872 inquiunt,
3426 1817 3523 1872 per

1934 1888 2130 1960 Joseph
2172 1891 2368 1947 debuit.
2397 1892 2574 1959 Quare
2602 1909 2708 1949 non
2753 1893 2935 1948 debuit
2965 1910 3058 1964 per
3081 1893 3325 1965 Joseph?
3352 1894 3521 1950 Num-

1935 1980 2060 2050 quid
2087 1995 2195 2034 non
2221 1989 2333 2036 erat
2358 1982 2580 2037 maritus
2604 1983 2779 2039 Mariae
2798 1983 3039 2055 Joseph?
3071 1983 3185 2038 Non
3207 2026 3222 2050 ,
3256 1984 3520 2054 inquiunt.

1935 2071 2065 2137 Quis
2089 2070 2190 2126 hoc
2213 2070 2381 2126 dicit?
2409 2073 2680 2142 Scriptura
2704 2074 2847 2129 enim
2869 2074 3000 2129 dicit
3024 2075 3257 2144 angelica
3285 2077 3521 2130 auctori«

1938 2170 2044 2214 tate
2070 2160 2209 2231 quod
2240 2162 2461 2217 maritus
2488 2172 2620 2217 erat.
2656 2162 2784 2216 Noti
2813 2166 2987 2218 timere
3009 2204 3022 2229 ,
3059 2164 3265 2234 inquit,
3297 2165 3523 2236 accipere

1939 2251 2159 2306 Mariam
2184 2255 2445 2324 conjugem
2471 2264 2628 2307 tuam.
2679 2255 2830 2320 Quod
2856 2256 2986 2309 enim
3016 2256 3066 2309 in
3091 2256 3183 2311 illa
3209 2264 3381 2309 natum
3407 2267 3479 2309 est
3505 2299 3518 2320 ,

1937 2345 2000 2398 de
2030 2343 2227 2415 Spiritu
2256 2355 2429 2399 sancto
2454 2355 2545 2398 est.
2579 2346 2637 2400 Ei
2679 2360 2888 2417 quoque
2908 2346 3124 2416 jubetnr
3150 2356 3207 2401 ut
3233 2362 3396 2417 puero
3424 2365 3521 2399 nn-

1938 2453 2062 2493 men
2089 2439 2323 2508 imponat
2348 2480 2364 2503 ,
2395 2439 2634 2507 quamvis
2660 2455 2766 2494 non
2793 2439 2860 2495 de
2888 2442 3090 2495 semine
3118 2456 3216 2496 suo
3242 2452 3383 2495 nato.
3422 2439 3525 2492 Pn-

1938 2530 2032 2584 riet
2050 2572 2065 2595 ,
2098 2530 2266 2599 inquit
2289 2570 2305 2595 ,
2336 2529 2500 2598 ﬁlium
2519 2571 2535 2597 ,
2567 2539 2614 2585 et
2634 2530 2831 2585 vacabis
2855 2547 3035 2586 nomen
3059 2532 3169 2601 ejus
3192 2530 3391 2587 Iesum.
3417 2531 3520 2587 Sed

1940 2620 2044 2674 hoc
2067 2619 2292 2675 intendit
2317 2619 2587 2689 Scriptura
2612 2662 2629 2687 ,
2657 2622 2796 2691 quod
2826 2637 2929 2676 non
2957 2622 3025 2676 sit
3051 2632 3203 2676 natus
3226 2621 3295 2677 de
3320 2623 3524 2677 semine

1940 2709 2158 2780 Joseph,
2183 2726 2302 2766 cum
2330 2711 2557 2766 sollicito
2587 2711 2726 2767 unde
2754 2720 2897 2766 esset
2926 2711 3013 2765 illa
3042 2713 3220 2781 gravis
3249 2721 3418 2775 utero,
3444 2710 3525 2767 di-

1940 2802 2107 2867 citur,
2145 2801 2218 2856 De
2248 2801 2446 2872 Spiritu
2474 2812 2646 2858 sancto
2676 2811 2767 2857 est.
2797 2804 2863 2858 Et
2889 2811 3064 2858 tamen
3096 2813 3315 2873 paterna
3342 2804 3390 2859 ei
3419 2820 3523 2859 non

1940 2891 2177 2948 aufertur
2203 2894 2490 2948 auctoritas
2514 2910 2529 2959 ;
2561 2908 2678 2949 cum
2700 2894 2916 2964 jubetur
2940 2910 3104 2964 puero
3132 2912 3325 2950 nomen
3354 2895 3525 2965 impo-

1941 2997 2088 3038 nere.
2107 2983 2342 3053 Deuiquc
2358 2992 2409 3038 et
2423 2984 2537 3053 ipsa
2556 2984 2871 3054 virgoblaria
2889 2985 3024 3040 bene
3040 2986 3137 3040 sibi
3156 2986 3368 3040 conscia
3385 2988 3523 3056 quod

1942 3091 2048 3129 non
2060 3086 2124 3129 ex
2141 3075 2257 3145 ejus
2266 3077 2548 3145 complexu
2559 3077 2843 3132 etconcubi
2853 3087 2905 3132 tu
2917 3078 3523 3146 conccpcritChristum,

1943 3173 2119 3220 tamen
2142 3180 2264 3219 eum
2285 3174 2487 3235 patrem
2510 3165 2707 3220 Christi
2727 3165 2873 3222 dicit.

2017 3257 2100 3310 l7.
2139 3254 2330 3326 Ioseph
2357 3265 2499 3327 pater
2540 3256 2723 3310 Christi
2746 3274 2777 3308 a
2804 3255 2972 3310 Maria
3010 3257 3172 3312 dictus
3196 3301 3208 3322 ,
3252 3258 3521 3329 quomodo.

1943 3346 2170 3402 Christus
2188 3364 2286 3400 non
2318 3363 2372 3400 se
2396 3357 2541 3417 negat
2563 3346 2949 3417 ﬁliumJoseph.
2979 3349 3247 3403 Attendite
3280 3351 3526 3418 quemad-

1944 3440 2180 3494 modum.
2231 3439 2361 3493 Cum
2394 3449 2561 3495 esset
2620 3438 2897 3494 duodecim
2961 3456 3219 3495 annorqu
3254 3440 3522 3495 'Dominus

1943 3531 2097 3586 Jcsus
2134 3530 2372 3585 Christus
2414 3531 2705 3586 secundum
2751 3531 3055 3598 hominem,
3098 3533 3186 3602 qui
3235 3533 3524 3586 Secundum

1947 3620 2111 3675 Deum
2141 3630 2221 3674 εει
2246 3629 2369 3674 ante
2400 3631 2637 3689 tempora
2663 3630 2715 3674 et
2744 3621 2857 3676 sine
2888 3632 3147 3690 tempore,
3182 3622 3433 3676 remansit
3460 3622 3526 3676 ah

1945 3712 2023 3766 cis
2067 3712 2116 3764 in
2145 3711 2341 3781 templo
2363 3751 2377 3774 ,
2410 3719 2465 3765 et
2488 3710 2791 3781 disputabat
2818 3728 2938 3767 cum
2966 3712 3264 3768 senioribus
3288 3755 3302 3779 ,
3339 3723 3395 3769 et
3429 3715 3527 3768 ad-

1946 3802 2273 3856 mirabantur
2309 3817 2469 3873 super
2491 3801 2730 3858 doctrina
2756 3803 2889 3872 ejus.
2925 3802 3003 3857 llli
3028 3816 3205 3859 autem
3243 3805 3528 3861 redeuntes

1945 3892 2012 3947 dc
2038 3891 2383 3964 Jerosulyntis
2410 3893 2736 3964 qumsierunt
2764 3893 2907 3949 illum
2941 3894 2991 3948 in
3023 3896 3273 3950 Comitatu
3296 3913 3413 3961 suo,
3448 3878 3526 3952 in-

1948 3994 2030 4039 ter
2057 4000 2150 4040 eos
2193 3985 2394 4039 scilicet
2432 3986 2520 4056 qui
2563 4000 2743 4041 secum
2783 3985 3124 4042 ambulabant
3148 4006 3161 4050 ;
3189 3999 3244 4042 et
3273 4004 3376 4042 non
3405 4004 3525 4043 cum

1947 4078 2294 4143 invenientes,
2327 4078 2518 4132 turbati
2564 4078 2836 4134 redierunt
2862 4078 3270 4151 Jerosulymam,
3301 4096 3527 4152 cumqnc

1946 4168 2301 4238 disputantem
2344 4170 2395 4223 in
2436 4169 2631 4238 templo
2669 4185 2791 4224 cum
2835 4170 3130 4225 senioribus
3171 4171 3489 4228 invenerunt
3514 4214 3553 4238 ,,

1947 4275 2067 4315 cum
2096 4268 2257 4323 esset,
2292 4268 2349 4312 ut
2370 4258 2499 4322 dixi,
2526 4274 2787 4314 annorum
2815 4259 3116 4315 duodecim.
3150 4260 3256 4317 Sed
3283 4262 3405 4332 quid
3435 4265 3533 4317 mi-

1948 4353 2109 4407 rum?
2140 4350 2371 4407 Verbum
2405 4352 2494 4406 Dei
2536 4369 2805 4423 nunquam
2838 4363 2975 4409 tacet
3007 4373 3019 4408 :
3053 4355 3144 4410 sed
3177 4371 3280 4411 non
3321 4372 3530 4428 semper

1947 4443 2176 4499 auditur.
2223 4442 2490 4497 Invenitur
2517 4458 2646 4514 ergo
2674 4444 2727 4499 in
2757 4446 2953 4516 templo
2978 4489 2992 4512 ,
3037 4458 3089 4501 ct
3117 4448 3247 4507 dicit
3287 4450 3332 4504 ei
3363 4462 3532 4505 mater

1949 4534 2066 4604 ejus
2095 4552 2109 4588 :
2146 4532 2280 4599 Quid
2307 4533 2446 4587 nobis
2474 4534 2637 4604 fecisti
2660 4535 2779 4589 sic?
2807 4534 2963 4590 Pater
2990 4548 3103 4591 tuus
3127 4549 3174 4592 et
3198 4557 3288 4610 ego
3310 4541 3534 4596 dolentes

1948 4626 2293 4696 qutercbamus
2323 4635 2385 4679 te.
2418 4626 2483 4680 Et
2508 4627 2596 4681 ille
2626 4648 2642 4681 :
2680 4625 2798 4680 Non
2837 4629 3201 4700 sciebatisquia
3223 4644 3415 4700 oporte:
3459 4652 3535 4688 me

1950 4718 2001 4771 in
2031 4720 2108 4771 his
2132 4734 2238 4772 esse
2273 4733 2385 4788 qua:
2407 4715 2579 4772 Patris
2618 4720 2713 4772 mei
2736 4730 2851 4774 sunt
2884 4720 3029 4791 (Luc.
3056 4738 3089 4777 tl
3116 4765 3128 4788 ,
3158 4726 3348 4795 42-49)
3373 4728 3396 4779 Ἰ
3424 4727 3535 4781 line

1950 4817 2229 4878 propterea
2260 4808 2435 4873 dixit,
2469 4809 2591 4877 quia
2635 4807 2797 4864 Filius
2839 4811 2930 4866 Dei
2961 4823 3074 4866 erat
3101 4815 3151 4866 in
3196 4818 3392 4884 templo
3422 4819 3530 4870 Dei.

1953 4899 2230 4968 Templum
2258 4899 2399 4952 enim
2428 4898 2553 4952 illud
2582 4914 2684 4952 non
2714 4909 2828 4953 crat
2848 4900 3070 4971 Joseph,
3102 4904 3194 4959 sed
3226 4906 3338 4958 Dei.
3374 4905 3551 4970 Ecce,

1953 4988 2121 5057 inquit
2162 4986 2349 5057 aliquis
2375 5027 2388 5049 ,
2421 5001 2524 5039 non
2570 5001 2628 5040 se
2655 4980 2917 5042 concessit
2954 5004 3075 5045 esse
3120 4992 3282 5043 ﬁlium
3312 4991 3531 5062 Just-ph.

1954 5078 2222 5138 Attendite
2264 5076 2530 5144 aliquanto
2568 5077 2850 5146 patientius
2874 5121 2888 5143 ,
2937 5078 3162 5145 fratres,
3199 5096 3413 5152 propter
3438 5100 3536 5139 an-

1953 5170 2154 5240 gustias
2184 5170 2459 5236 mltiporis,
2494 5177 2548 5222 ut
2577 5169 2814 5223 sermoni
2841 5169 3124 5227 sufﬁciant.
3155 5172 3286 5227 Cum
3314 5176 3538 5232 dixisset

1956 5260 2115 5314 Maria
2144 5300 2156 5323 ,
2194 5257 2346 5311 Pater
2374 5268 2490 5313 tuus
2515 5268 2561 5311 et
2587 5276 2677 5330 ego
2703 5261 2927 5316 dolentes
2955 5266 3299 5333 quwrcbamus
3335 5277 3419 5334 te;
3449 5271 3538 5325 ille

1955 5351 2248 5421 respondit,
2274 5349 2393 5403 Non
2418 5351 2644 5406 sciebatis
2664 5353 2780 5424 quia
2806 5354 2857 5409 in
2889 5357 2965 5410 his
2985 5368 3179 5426 Oportet
3201 5376 3277 5412 me
3304 5377 3410 5415 esse
3426 5379 3539 5433 qua:

1959 5440 2130 5495 Patris
2167 5441 2263 5495 mei
2291 5440 2449 5494 sunt?
2475 5440 2591 5495 Non
2618 5443 2759 5497 enim
2803 5446 2880 5501 sic
2908 5462 2966 5501 se
2994 5447 3209 5503 volebat
3230 5464 3349 5505 esse
3374 5452 3543 5511 ﬁlium

1959 5535 2167 5590 illorum
2194 5574 2208 5597 ,
2243 5542 2298 5588 ut
2327 5549 2431 5587 non
2458 5533 2842 5605 intelligeretur
2867 5536 3033 5593 Filius
3055 5539 3172 5596 Dei.
3201 5541 3369 5597 Filius
3396 5544 3539 5600 enim

1963 5627 2075 5692 Dei,
2108 5642 2317 5696 semper
2345 5623 2507 5680 Filius
2538 5626 2655 5692 Dei,
2686 5642 2875 5683 creans
2906 5631 3025 5684 illos
3053 5633 3210 5703 ipsos.
3249 5637 3427 5705 Filius,
3447 5657 3543 5695 au-

1964 5732 2071 5776 tem
2099 5717 2327 5772 hominis
2352 5733 2414 5771 ex
2442 5728 2698 5789 tempore,
2720 5726 2876 5777 natus
2896 5721 2961 5778 de
2988 5725 3184 5796 virgine
3205 5731 3320 5786 sine
3341 5735 3543 5791 semine
