  <div class='ocr_page' id='page_1' title='image "/cluster/home/n/w/nwhite01/storage/ocr_20150623/38/hvd.32044096580600/177.png"; bbox 0 0 3988 6190; ppageno 0'>
   <div class='ocr_carea' id='block_1_1' title="bbox 448 229 554 295">
    <p class='ocr_par' dir='ltr' id='par_1_1' title="bbox 448 229 554 295">
     <span class='ocr_line' id='line_1_1' title="bbox 448 229 554 295; baseline -0.094 1"><span class='ocrx_word' id='word_1_1' title='bbox 448 229 554 295; x_wconf 63' lang='grc' dir='ltr'><strong>ὅεΰ</strong></span> 
     </span>
    </p>
   </div>
   <div class='ocr_carea' id='block_1_2' title="bbox 447 338 2020 415">
    <p class='ocr_par' dir='ltr' id='par_1_2' title="bbox 447 338 2020 415">
     <span class='ocr_line' id='line_1_2' title="bbox 447 338 2020 415; baseline -0.003 -18"><span class='ocrx_word' id='word_1_2' title='bbox 447 344 708 407; x_wconf 82' lang='lat' dir='ltr'><strong>maritali,</strong></span> <span class='ocrx_word' id='word_1_3' title='bbox 752 355 1022 415; x_wconf 87' lang='lat' dir='ltr'><strong>parentem</strong></span> <span class='ocrx_word' id='word_1_4' title='bbox 1066 352 1240 397; x_wconf 86' lang='lat' dir='ltr'><strong>tamen</strong></span> <span class='ocrx_word' id='word_1_5' title='bbox 1282 341 1509 394; x_wconf 78' lang='lat' dir='ltr'><strong>habebnt</strong></span> <span class='ocrx_word' id='word_1_6' title='bbox 1540 348 1835 409; x_wconf 89' lang='lat' dir='ltr'><strong>utrumque.</strong></span> <span class='ocrx_word' id='word_1_7' title='bbox 1873 338 2020 393; x_wconf 86' lang='lat' dir='ltr'><strong>Unde</strong></span> 
     </span>
    </p>
   </div>
   <div class='ocr_carea' id='block_1_3' title="bbox 450 428 2023 503">
    <p class='ocr_par' dir='ltr' id='par_1_3' title="bbox 450 428 2023 503">
     <span class='ocr_line' id='line_1_3' title="bbox 450 428 2023 503; baseline -0.005 -15"><span class='ocrx_word' id='word_1_8' title='bbox 450 437 549 489; x_wconf 86' lang='lat' dir='ltr'><strong>hoc</strong></span> <span class='ocrx_word' id='word_1_9' title='bbox 578 435 895 503; x_wconf 81' lang='lat' dir='ltr'><strong>probamus?</strong></span> <span class='ocrx_word' id='word_1_10' title='bbox 914 433 1028 488; x_wconf 81' lang='lat' dir='ltr'><strong>Jam</strong></span> <span class='ocrx_word' id='word_1_11' title='bbox 1048 433 1187 487; x_wconf 70' lang='lat' dir='ltr'><strong>dixit</strong></span> <span class='ocrx_word' id='word_1_12' title='bbox 1215 432 1395 496; x_wconf 78' lang='lat' dir='ltr'><strong>Maria,</strong></span> <span class='ocrx_word' id='word_1_13' title='bbox 1422 429 1575 484; x_wconf 85' lang='lat' dir='ltr'><strong>Pater</strong></span> <span class='ocrx_word' id='word_1_14' title='bbox 1602 440 1714 484; x_wconf 89' lang='lat' dir='ltr'><strong>tuus</strong></span> <span class='ocrx_word' id='word_1_15' title='bbox 1740 439 1787 484; x_wconf 86' lang='lat' dir='ltr'><strong>et</strong></span> <span class='ocrx_word' id='word_1_16' title='bbox 1815 446 1905 499; x_wconf 84' lang='lat' dir='ltr'><strong>ego</strong></span> <span class='ocrx_word' id='word_1_17' title='bbox 1932 428 2023 481; x_wconf 92' lang='lat' dir='ltr'><strong>do-</strong></span> 
     </span>
    </p>
   </div>
   <div class='ocr_carea' id='block_1_4' title="bbox 448 522 1043 593">
    <p class='ocr_par' dir='ltr' id='par_1_4' title="bbox 448 522 1043 593">
     <span class='ocr_line' id='line_1_4' title="bbox 448 522 1043 593; baseline -0.008 -13"><span class='ocrx_word' id='word_1_18' title='bbox 448 526 599 580; x_wconf 79' lang='lat' dir='ltr'><strong>lentes</strong></span> <span class='ocrx_word' id='word_1_19' title='bbox 618 522 958 593; x_wconf 75' lang='lat' dir='ltr'><strong>quwrebamus</strong></span> <span class='ocrx_word' id='word_1_20' title='bbox 979 533 1043 576; x_wconf 83' lang='lat' dir='ltr'><strong>te.</strong></span> 
     </span>
    </p>
   </div>
   <div class='ocr_carea' id='block_1_5' title="bbox 516 610 2017 669">
    <p class='ocr_par' dir='ltr' id='par_1_5' title="bbox 516 610 2017 669">
     <span class='ocr_line' id='line_1_5' title="bbox 516 610 2017 669; baseline -0.005 0"><span class='ocrx_word' id='word_1_21' title='bbox 516 613 740 669; x_wconf 78' lang='lat' dir='ltr'><strong>CAPUT</strong></span> <span class='ocrx_word' id='word_1_22' title='bbox 760 613 847 667; x_wconf 82' lang='lat' dir='ltr'><strong>XI.</strong></span> <span class='ocrx_word' id='word_1_23' title='bbox 873 614 1047 667; x_wconf 61' lang='lat'><strong>~18.</strong></span> <span class='ocrx_word' id='word_1_24' title='bbox 1077 612 1261 666; x_wconf 73' lang='grc' dir='ltr'><strong>Μαι-ἕω</strong></span> <span class='ocrx_word' id='word_1_25' title='bbox 1283 613 1522 666; x_wconf 75' lang='lat' dir='ltr'><strong>modestia</strong></span> <span class='ocrx_word' id='word_1_26' title='bbox 1550 621 1594 665; x_wconf 86' lang='lat' dir='ltr'><strong>et</strong></span> <span class='ocrx_word' id='word_1_27' title='bbox 1620 611 1871 664; x_wconf 87' lang='lat' dir='ltr'><strong>humilitas</strong></span> <span class='ocrx_word' id='word_1_28' title='bbox 1898 610 2017 662; x_wconf 83' lang='lat' dir='ltr'><strong>imi-</strong></span> 
     </span>
    </p>
   </div>
   <div class='ocr_carea' id='block_1_6' title="bbox 444 701 2019 774">
    <p class='ocr_par' dir='ltr' id='par_1_6' title="bbox 444 701 2019 774">
     <span class='ocr_line' id='line_1_6' title="bbox 444 701 2019 774; baseline -0.001 -19"><span class='ocrx_word' id='word_1_29' title='bbox 444 705 599 756; x_wconf 74' lang='lat' dir='ltr'><strong>tando</strong></span> <span class='ocrx_word' id='word_1_30' title='bbox 646 705 864 769; x_wconf 76' lang='lat' dir='ltr'><strong>feminis.</strong></span> <span class='ocrx_word' id='word_1_31' title='bbox 895 704 1065 757; x_wconf 82' lang='lat' dir='ltr'><strong>Maria</strong></span> <span class='ocrx_word' id='word_1_32' title='bbox 1110 706 1247 774; x_wconf 87' lang='lat' dir='ltr'><strong>virgo</strong></span> <span class='ocrx_word' id='word_1_33' title='bbox 1273 713 1321 757; x_wconf 90' lang='lat' dir='ltr'><strong>et</strong></span> <span class='ocrx_word' id='word_1_34' title='bbox 1341 705 1517 767; x_wconf 82' lang='lat' dir='ltr'><strong>mulier</strong></span> <span class='ocrx_word' id='word_1_35' title='bbox 1538 703 1691 755; x_wconf 85' lang='lat' dir='ltr'><strong>dicta.</strong></span> <span class='ocrx_word' id='word_1_36' title='bbox 1718 701 2019 772; x_wconf 79' lang='lat' dir='ltr'><strong>Symbolum</strong></span> 
     </span>
    </p>
   </div>
   <div class='ocr_carea' id='block_1_7' title="bbox 440 793 2014 864">
    <p class='ocr_par' dir='ltr' id='par_1_7' title="bbox 440 793 2014 864">
     <span class='ocr_line' id='line_1_7' title="bbox 440 793 2014 864; baseline 0.001 -20"><span class='ocrx_word' id='word_1_37' title='bbox 440 793 578 860; x_wconf 54' lang='lat' dir='ltr'><strong>fidei.</strong></span> <span class='ocrx_word' id='word_1_38' title='bbox 653 794 830 847; x_wconf 86' lang='lat' dir='ltr'><strong>Primo</strong></span> <span class='ocrx_word' id='word_1_39' title='bbox 900 810 1002 848; x_wconf 91' lang='lat' dir='ltr'><strong>non</strong></span> <span class='ocrx_word' id='word_1_40' title='bbox 1067 805 1148 849; x_wconf 87' lang='lat' dir='ltr'><strong>est</strong></span> <span class='ocrx_word' id='word_1_41' title='bbox 1223 793 1709 864; x_wconf 71' lang='lat' dir='ltr'><strong>pnetcrmittenda,</strong></span> <span class='ocrx_word' id='word_1_42' title='bbox 1788 794 2014 855; x_wconf 78' lang='lat' dir='ltr'><strong>fratres,</strong></span> 
     </span>
    </p>
   </div>
   <div class='ocr_carea' id='block_1_8' title="bbox 441 883 2018 954">
    <p class='ocr_par' dir='ltr' id='par_1_8' title="bbox 441 883 2018 954">
     <span class='ocr_line' id='line_1_8' title="bbox 441 883 2018 954; baseline 0.001 -20"><span class='ocrx_word' id='word_1_43' title='bbox 441 883 670 936; x_wconf 71' lang='lat' dir='ltr'><strong>niaxime</strong></span> <span class='ocrx_word' id='word_1_44' title='bbox 700 894 915 954; x_wconf 86' lang='lat' dir='ltr'><strong>propter</strong></span> <span class='ocrx_word' id='word_1_45' title='bbox 935 885 1260 954; x_wconf 74' lang='lat' dir='ltr'><strong>disciplinam</strong></span> <span class='ocrx_word' id='word_1_46' title='bbox 1288 884 1618 946; x_wconf 77' lang='lat' dir='ltr'><strong>ieiiiinarum,</strong></span> <span class='ocrx_word' id='word_1_47' title='bbox 1647 898 1890 938; x_wconf 89' lang='lat' dir='ltr'><strong>sororum</strong></span> <span class='ocrx_word' id='word_1_48' title='bbox 1919 898 2018 936; x_wconf 87' lang='lat' dir='ltr'><strong>no-</strong></span> 
     </span>
    </p>
   </div>
   <div class='ocr_carea' id='block_1_9' title="bbox 438 973 2017 1045">
    <p class='ocr_par' dir='ltr' id='par_1_9' title="bbox 438 973 2017 1045">
     <span class='ocr_line' id='line_1_9' title="bbox 438 973 2017 1045; baseline 0.001 -20"><span class='ocrx_word' id='word_1_49' title='bbox 438 983 686 1037; x_wconf 77' lang='lat' dir='ltr'><strong>strarum,</strong></span> <span class='ocrx_word' id='word_1_50' title='bbox 721 984 825 1027; x_wconf 86' lang='lat' dir='ltr'><strong>tam</strong></span> <span class='ocrx_word' id='word_1_51' title='bbox 871 986 1049 1029; x_wconf 84' lang='lat' dir='ltr'><strong>sanrta</strong></span> <span class='ocrx_word' id='word_1_52' title='bbox 1093 975 1347 1029; x_wconf 70' lang='lat' dir='ltr'><strong>modestia</strong></span> <span class='ocrx_word' id='word_1_53' title='bbox 1386 975 1599 1045; x_wconf 80' lang='lat' dir='ltr'><strong>virginis</strong></span> <span class='ocrx_word' id='word_1_54' title='bbox 1637 974 1833 1028; x_wconf 62' lang='lat' dir='ltr'><strong>Maria}.</strong></span> <span class='ocrx_word' id='word_1_55' title='bbox 1861 973 2017 1027; x_wconf 89' lang='lat' dir='ltr'><strong>Chri-</strong></span> 
     </span>
    </p>
   </div>
   <div class='ocr_carea' id='block_1_10' title="bbox 439 1063 2014 1134">
    <p class='ocr_par' dir='ltr' id='par_1_10' title="bbox 439 1063 2014 1134">
     <span class='ocr_line' id='line_1_10' title="bbox 439 1063 2014 1134; baseline 0.003 -21"><span class='ocrx_word' id='word_1_56' title='bbox 439 1071 576 1121; x_wconf 63' lang='lat' dir='ltr'><strong>stum</strong></span> <span class='ocrx_word' id='word_1_57' title='bbox 603 1067 1127 1134; x_wconf 76' lang='lat' dir='ltr'><strong>pepererat,angelus</strong></span> <span class='ocrx_word' id='word_1_58' title='bbox 1154 1066 1218 1119; x_wconf 91' lang='lat' dir='ltr'><strong>ad</strong></span> <span class='ocrx_word' id='word_1_59' title='bbox 1241 1082 1355 1120; x_wconf 73' lang='lat' dir='ltr'><strong>6M1]</strong></span> <span class='ocrx_word' id='word_1_60' title='bbox 1384 1074 1620 1129; x_wconf 89' lang='lat' dir='ltr'><strong>venerat,</strong></span> <span class='ocrx_word' id='word_1_61' title='bbox 1639 1075 1693 1119; x_wconf 89' lang='lat' dir='ltr'><strong>et</strong></span> <span class='ocrx_word' id='word_1_62' title='bbox 1717 1064 1921 1119; x_wconf 84' lang='lat' dir='ltr'><strong>dixerat</strong></span> <span class='ocrx_word' id='word_1_63' title='bbox 1944 1063 2014 1131; x_wconf 92' lang='lat' dir='ltr'><strong>ei,</strong></span> 
     </span>
    </p>
   </div>
   <div class='ocr_carea' id='block_1_11' title="bbox 439 1152 2015 1224">
    <p class='ocr_par' dir='ltr' id='par_1_11' title="bbox 439 1152 2015 1224">
     <span class='ocr_line' id='line_1_11' title="bbox 439 1152 2015 1224; baseline 0.003 -21"><span class='ocrx_word' id='word_1_64' title='bbox 439 1152 572 1205; x_wconf 67' lang='lat' dir='ltr'><strong>Ecce</strong></span> <span class='ocrx_word' id='word_1_65' title='bbox 593 1155 838 1221; x_wconf 68' lang='lat' dir='ltr'><strong>concipias</strong></span> <span class='ocrx_word' id='word_1_66' title='bbox 865 1156 913 1207; x_wconf 79' lang='lat' dir='ltr'><strong>in</strong></span> <span class='ocrx_word' id='word_1_67' title='bbox 945 1165 1102 1219; x_wconf 83' lang='lat' dir='ltr'><strong>utero,</strong></span> <span class='ocrx_word' id='word_1_68' title='bbox 1136 1166 1181 1209; x_wconf 87' lang='lat' dir='ltr'><strong>et</strong></span> <span class='ocrx_word' id='word_1_69' title='bbox 1208 1158 1370 1222; x_wconf 83' lang='lat' dir='ltr'><strong>paries</strong></span> <span class='ocrx_word' id='word_1_70' title='bbox 1395 1155 1557 1224; x_wconf 80' lang='lat' dir='ltr'><strong>ﬁlium</strong></span> <span class='ocrx_word' id='word_1_71' title='bbox 1581 1197 1594 1220; x_wconf 93' lang='lat'><strong>,</strong></span> <span class='ocrx_word' id='word_1_72' title='bbox 1625 1164 1672 1208; x_wconf 87' lang='lat' dir='ltr'><strong>et</strong></span> <span class='ocrx_word' id='word_1_73' title='bbox 1702 1154 1896 1209; x_wconf 88' lang='lat' dir='ltr'><strong>vocabis</strong></span> <span class='ocrx_word' id='word_1_74' title='bbox 1919 1171 2015 1207; x_wconf 89' lang='lat' dir='ltr'><strong>no-</strong></span> 
     </span>
    </p>
   </div>
   <div class='ocr_carea' id='block_1_12' title="bbox 439 1245 2017 1319">
    <p class='ocr_par' dir='ltr' id='par_1_12' title="bbox 439 1245 2017 1319">
     <span class='ocr_line' id='line_1_12' title="bbox 439 1245 2017 1319; baseline 0.003 -25"><span class='ocrx_word' id='word_1_75' title='bbox 439 1261 549 1296; x_wconf 78' lang='lat' dir='ltr'><strong>men</strong></span> <span class='ocrx_word' id='word_1_76' title='bbox 590 1247 698 1315; x_wconf 83' lang='lat' dir='ltr'><strong>ejus</strong></span> <span class='ocrx_word' id='word_1_77' title='bbox 723 1245 916 1299; x_wconf 83' lang='lat' dir='ltr'><strong>Jrsum.</strong></span> <span class='ocrx_word' id='word_1_78' title='bbox 952 1247 1047 1299; x_wconf 83' lang='lat' dir='ltr'><strong>llic</strong></span> <span class='ocrx_word' id='word_1_79' title='bbox 1081 1250 1173 1301; x_wconf 86' lang='lat' dir='ltr'><strong>crit</strong></span> <span class='ocrx_word' id='word_1_80' title='bbox 1212 1265 1420 1319; x_wconf 80' lang='lat' dir='ltr'><strong>magnus</strong></span> <span class='ocrx_word' id='word_1_81' title='bbox 1442 1289 1455 1312; x_wconf 87' lang='lat'><strong>,</strong></span> <span class='ocrx_word' id='word_1_82' title='bbox 1496 1258 1541 1302; x_wconf 85' lang='lat' dir='ltr'><strong>et</strong></span> <span class='ocrx_word' id='word_1_83' title='bbox 1582 1246 1745 1301; x_wconf 78' lang='lat' dir='ltr'><strong>Filius</strong></span> <span class='ocrx_word' id='word_1_84' title='bbox 1772 1246 2017 1301; x_wconf 77' lang='lat' dir='ltr'><strong>Allissimi</strong></span> 
     </span>
    </p>
   </div>
   <div class='ocr_carea' id='block_1_13' title="bbox 437 1332 2019 1406">
    <p class='ocr_par' dir='ltr' id='par_1_13' title="bbox 437 1332 2019 1406">
     <span class='ocr_line' id='line_1_13' title="bbox 437 1332 2019 1406; baseline 0.003 -23"><span class='ocrx_word' id='word_1_85' title='bbox 437 1332 694 1385; x_wconf 67' lang='lat' dir='ltr'><strong>vocabitur</strong></span> <span class='ocrx_word' id='word_1_86' title='bbox 717 1334 862 1403; x_wconf 85' lang='lat' dir='ltr'><strong>(Luc.</strong></span> <span class='ocrx_word' id='word_1_87' title='bbox 893 1351 930 1397; x_wconf 82' lang='grc' dir='ltr'><strong>ι,</strong></span> <span class='ocrx_word' id='word_1_88' title='bbox 956 1336 1042 1399; x_wconf 78' lang='lat'><strong>5|,</strong></span> <span class='ocrx_word' id='word_1_89' title='bbox 1077 1336 1187 1406; x_wconf 60' lang='grc' dir='ltr'><strong>δὲ).</strong></span> <span class='ocrx_word' id='word_1_90' title='bbox 1219 1337 1478 1390; x_wconf 81' lang='lat' dir='ltr'><strong>Meruerat</strong></span> <span class='ocrx_word' id='word_1_91' title='bbox 1503 1351 1685 1406; x_wconf 87' lang='lat' dir='ltr'><strong>parere</strong></span> <span class='ocrx_word' id='word_1_92' title='bbox 1709 1334 1900 1389; x_wconf 88' lang='lat' dir='ltr'><strong>Filium</strong></span> <span class='ocrx_word' id='word_1_93' title='bbox 1929 1335 2019 1388; x_wconf 91' lang='lat' dir='ltr'><strong>Al-</strong></span> 
     </span>
    </p>
   </div>
   <div class='ocr_carea' id='block_1_14' title="bbox 438 1423 2018 1491">
    <p class='ocr_par' dir='ltr' id='par_1_14' title="bbox 438 1423 2018 1491">
     <span class='ocr_line' id='line_1_14' title="bbox 438 1423 2018 1491; baseline 0.001 -14"><span class='ocrx_word' id='word_1_94' title='bbox 438 1423 653 1488; x_wconf 77' lang='lat' dir='ltr'><strong>tissimi,</strong></span> <span class='ocrx_word' id='word_1_95' title='bbox 683 1434 735 1479; x_wconf 91' lang='lat' dir='ltr'><strong>et</strong></span> <span class='ocrx_word' id='word_1_96' title='bbox 759 1435 872 1479; x_wconf 88' lang='lat' dir='ltr'><strong>erat</strong></span> <span class='ocrx_word' id='word_1_97' title='bbox 902 1427 1191 1481; x_wconf 87' lang='lat' dir='ltr'><strong>humillima</strong></span> <span class='ocrx_word' id='word_1_98' title='bbox 1221 1447 1234 1482; x_wconf 88' lang='lat'><strong>:</strong></span> <span class='ocrx_word' id='word_1_99' title='bbox 1268 1443 1365 1482; x_wconf 84' lang='lat' dir='ltr'><strong>nec</strong></span> <span class='ocrx_word' id='word_1_100' title='bbox 1393 1444 1449 1482; x_wconf 89' lang='lat' dir='ltr'><strong>se</strong></span> <span class='ocrx_word' id='word_1_101' title='bbox 1472 1432 1660 1481; x_wconf 90' lang='lat' dir='ltr'><strong>marito</strong></span> <span class='ocrx_word' id='word_1_102' title='bbox 1684 1468 1697 1491; x_wconf 95' lang='lat'><strong>,</strong></span> <span class='ocrx_word' id='word_1_103' title='bbox 1723 1443 1821 1482; x_wconf 85' lang='lat' dir='ltr'><strong>nec</strong></span> <span class='ocrx_word' id='word_1_104' title='bbox 1848 1427 1898 1481; x_wconf 92' lang='lat' dir='ltr'><strong>in</strong></span> <span class='ocrx_word' id='word_1_105' title='bbox 1929 1442 2018 1479; x_wconf 88' lang='lat' dir='ltr'><strong>or-</strong></span> 
     </span>
    </p>
   </div>
   <div class='ocr_carea' id='block_1_15' title="bbox 436 1512 2015 1587">
    <p class='ocr_par' dir='ltr' id='par_1_15' title="bbox 436 1512 2015 1587">
     <span class='ocr_line' id='line_1_15' title="bbox 436 1512 2015 1587; baseline 0.003 -21"><span class='ocrx_word' id='word_1_106' title='bbox 436 1512 561 1567; x_wconf 88' lang='lat' dir='ltr'><strong>dine</strong></span> <span class='ocrx_word' id='word_1_107' title='bbox 609 1516 836 1569; x_wconf 78' lang='lat' dir='ltr'><strong>nominis</strong></span> <span class='ocrx_word' id='word_1_108' title='bbox 876 1517 1219 1585; x_wconf 64' lang='lat' dir='ltr'><strong>praeferebat,</strong></span> <span class='ocrx_word' id='word_1_109' title='bbox 1270 1527 1326 1571; x_wconf 91' lang='lat' dir='ltr'><strong>ut</strong></span> <span class='ocrx_word' id='word_1_110' title='bbox 1369 1519 1605 1579; x_wconf 85' lang='lat' dir='ltr'><strong>diceret,</strong></span> <span class='ocrx_word' id='word_1_111' title='bbox 1652 1518 1762 1587; x_wconf 82' lang='lat' dir='ltr'><strong>Ego</strong></span> <span class='ocrx_word' id='word_1_112' title='bbox 1788 1528 1841 1571; x_wconf 87' lang='lat' dir='ltr'><strong>et</strong></span> <span class='ocrx_word' id='word_1_113' title='bbox 1864 1528 2015 1586; x_wconf 86' lang='lat' dir='ltr'><strong>pater</strong></span> 
     </span>
    </p>
   </div>
   <div class='ocr_carea' id='block_1_16' title="bbox 437 1607 2013 1681">
    <p class='ocr_par' dir='ltr' id='par_1_16' title="bbox 437 1607 2013 1681">
     <span class='ocr_line' id='line_1_16' title="bbox 437 1607 2013 1681; baseline 0.003 -23"><span class='ocrx_word' id='word_1_114' title='bbox 437 1614 592 1670; x_wconf 88' lang='lat' dir='ltr'><strong>tuus;</strong></span> <span class='ocrx_word' id='word_1_115' title='bbox 619 1607 745 1667; x_wconf 86' lang='lat' dir='ltr'><strong>sed,</strong></span> <span class='ocrx_word' id='word_1_116' title='bbox 780 1607 935 1662; x_wconf 87' lang='lat' dir='ltr'><strong>Pater</strong></span> <span class='ocrx_word' id='word_1_117' title='bbox 955 1619 1101 1673; x_wconf 87' lang='lat' dir='ltr'><strong>tuus,</strong></span> <span class='ocrx_word' id='word_1_118' title='bbox 1127 1610 1313 1679; x_wconf 88' lang='lat' dir='ltr'><strong>inquit,</strong></span> <span class='ocrx_word' id='word_1_119' title='bbox 1341 1620 1387 1663; x_wconf 83' lang='lat' dir='ltr'><strong>et</strong></span> <span class='ocrx_word' id='word_1_120' title='bbox 1408 1628 1516 1681; x_wconf 89' lang='lat' dir='ltr'><strong>ego.</strong></span> <span class='ocrx_word' id='word_1_121' title='bbox 1545 1611 1660 1665; x_wconf 81' lang='lat' dir='ltr'><strong>Non</strong></span> <span class='ocrx_word' id='word_1_122' title='bbox 1688 1610 1907 1665; x_wconf 88' lang='lat' dir='ltr'><strong>attendit</strong></span> <span class='ocrx_word' id='word_1_123' title='bbox 1932 1610 2013 1663; x_wconf 89' lang='lat' dir='ltr'><strong>sui</strong></span> 
     </span>
    </p>
   </div>
   <div class='ocr_carea' id='block_1_17' title="bbox 434 1696 2009 1769">
    <p class='ocr_par' dir='ltr' id='par_1_17' title="bbox 434 1696 2009 1769">
     <span class='ocr_line' id='line_1_17' title="bbox 434 1696 2009 1769; baseline 0.004 -22"><span class='ocrx_word' id='word_1_124' title='bbox 434 1696 573 1749; x_wconf 87' lang='lat' dir='ltr'><strong>uteri</strong></span> <span class='ocrx_word' id='word_1_125' title='bbox 613 1696 920 1765; x_wconf 83' lang='lat' dir='ltr'><strong>dignitatem</strong></span> <span class='ocrx_word' id='word_1_126' title='bbox 957 1717 969 1753; x_wconf 91' lang='lat'><strong>:</strong></span> <span class='ocrx_word' id='word_1_127' title='bbox 1001 1700 1091 1753; x_wconf 89' lang='lat' dir='ltr'><strong>sed</strong></span> <span class='ocrx_word' id='word_1_128' title='bbox 1138 1700 1361 1754; x_wconf 81' lang='lat' dir='ltr'><strong>attendit</strong></span> <span class='ocrx_word' id='word_1_129' title='bbox 1389 1702 1628 1755; x_wconf 76' lang='lat' dir='ltr'><strong>ordinem</strong></span> <span class='ocrx_word' id='word_1_130' title='bbox 1657 1700 2009 1769; x_wconf 70' lang='lat' dir='ltr'><strong>coniugalem.</strong></span> 
     </span>
    </p>
   </div>
   <div class='ocr_carea' id='block_1_18' title="bbox 432 1786 2013 1860">
    <p class='ocr_par' dir='ltr' id='par_1_18' title="bbox 432 1786 2013 1860">
     <span class='ocr_line' id='line_1_18' title="bbox 432 1786 2013 1860; baseline 0.001 -19"><span class='ocrx_word' id='word_1_131' title='bbox 432 1786 549 1841; x_wconf 83' lang='lat' dir='ltr'><strong>Non</strong></span> <span class='ocrx_word' id='word_1_132' title='bbox 576 1789 716 1842; x_wconf 88' lang='lat' dir='ltr'><strong>enim</strong></span> <span class='ocrx_word' id='word_1_133' title='bbox 746 1789 959 1845; x_wconf 84' lang='lat' dir='ltr'><strong>humilis</strong></span> <span class='ocrx_word' id='word_1_134' title='bbox 1000 1791 1243 1846; x_wconf 83' lang='lat' dir='ltr'><strong>Christus</strong></span> <span class='ocrx_word' id='word_1_135' title='bbox 1278 1803 1497 1846; x_wconf 89' lang='lat' dir='ltr'><strong>matrem</strong></span> <span class='ocrx_word' id='word_1_136' title='bbox 1545 1808 1691 1846; x_wconf 84' lang='lat' dir='ltr'><strong>suam</strong></span> <span class='ocrx_word' id='word_1_137' title='bbox 1739 1790 2013 1860; x_wconf 82' lang='lat' dir='ltr'><strong>superbire</strong></span> 
     </span>
    </p>
   </div>
   <div class='ocr_carea' id='block_1_19' title="bbox 432 1878 2015 1953">
    <p class='ocr_par' dir='ltr' id='par_1_19' title="bbox 432 1878 2015 1953">
     <span class='ocr_line' id='line_1_19' title="bbox 432 1878 2015 1953; baseline 0 -21"><span class='ocrx_word' id='word_1_138' title='bbox 432 1878 719 1934; x_wconf 79' lang='lat' dir='ltr'><strong>docuisset.</strong></span> <span class='ocrx_word' id='word_1_139' title='bbox 743 1878 900 1933; x_wconf 84' lang='lat' dir='ltr'><strong>Pater</strong></span> <span class='ocrx_word' id='word_1_140' title='bbox 920 1891 1032 1935; x_wconf 87' lang='lat' dir='ltr'><strong>tuus</strong></span> <span class='ocrx_word' id='word_1_141' title='bbox 1051 1891 1095 1935; x_wconf 87' lang='lat' dir='ltr'><strong>et</strong></span> <span class='ocrx_word' id='word_1_142' title='bbox 1114 1899 1202 1952; x_wconf 85' lang='lat' dir='ltr'><strong>ego</strong></span> <span class='ocrx_word' id='word_1_143' title='bbox 1223 1882 1443 1936; x_wconf 78' lang='lat' dir='ltr'><strong>dolentes</strong></span> <span class='ocrx_word' id='word_1_144' title='bbox 1461 1883 1801 1953; x_wconf 64' lang='lat' dir='ltr'><strong>qua’rebamus</strong></span> <span class='ocrx_word' id='word_1_145' title='bbox 1819 1893 1881 1934; x_wconf 86' lang='lat' dir='ltr'><strong>te.</strong></span> <span class='ocrx_word' id='word_1_146' title='bbox 1907 1879 2015 1933; x_wconf 87' lang='lat' dir='ltr'><strong>Pa-</strong></span> 
     </span>
    </p>
   </div>
   <div class='ocr_carea' id='block_1_20' title="bbox 433 1969 2012 2042">
    <p class='ocr_par' dir='ltr' id='par_1_20' title="bbox 433 1969 2012 2042">
     <span class='ocr_line' id='line_1_20' title="bbox 433 1969 2012 2042; baseline 0.004 -24"><span class='ocrx_word' id='word_1_147' title='bbox 433 1978 509 2021; x_wconf 87' lang='lat' dir='ltr'><strong>ter</strong></span> <span class='ocrx_word' id='word_1_148' title='bbox 552 1978 701 2034; x_wconf 86' lang='lat' dir='ltr'><strong>tuus,</strong></span> <span class='ocrx_word' id='word_1_149' title='bbox 747 1969 951 2038; x_wconf 89' lang='lat' dir='ltr'><strong>inquit,</strong></span> <span class='ocrx_word' id='word_1_150' title='bbox 999 1980 1047 2024; x_wconf 87' lang='lat' dir='ltr'><strong>et</strong></span> <span class='ocrx_word' id='word_1_151' title='bbox 1096 1989 1184 2042; x_wconf 83' lang='lat' dir='ltr'><strong>ego</strong></span> <span class='ocrx_word' id='word_1_152' title='bbox 1228 1988 1247 2024; x_wconf 90' lang='lat'><strong><em>:</em></strong></span> <span class='ocrx_word' id='word_1_153' title='bbox 1291 1972 1409 2041; x_wconf 87' lang='lat' dir='ltr'><strong>quia</strong></span> <span class='ocrx_word' id='word_1_154' title='bbox 1454 1982 1607 2039; x_wconf 89' lang='lat' dir='ltr'><strong>caput</strong></span> <span class='ocrx_word' id='word_1_155' title='bbox 1655 1971 1888 2025; x_wconf 84' lang='lat' dir='ltr'><strong>mulieris</strong></span> <span class='ocrx_word' id='word_1_156' title='bbox 1931 1971 2012 2024; x_wconf 88' lang='lat' dir='ltr'><strong>vir</strong></span> 
     </span>
    </p>
   </div>
   <div class='ocr_carea' id='block_1_21' title="bbox 433 2057 2011 2129">
    <p class='ocr_par' dir='ltr' id='par_1_21' title="bbox 433 2057 2011 2129">
     <span class='ocr_line' id='line_1_21' title="bbox 433 2057 2011 2129; baseline 0.004 -22"><span class='ocrx_word' id='word_1_157' title='bbox 433 2057 645 2126; x_wconf 75' lang='lat' dir='ltr'><strong>(Ep/tes.</strong></span> <span class='ocrx_word' id='word_1_158' title='bbox 683 2075 732 2123; x_wconf 87' lang='lat' dir='ltr'><strong>v,</strong></span> <span class='ocrx_word' id='word_1_159' title='bbox 760 2058 872 2123; x_wconf 74' lang='lat'><strong>‘23).</strong></span> <span class='ocrx_word' id='word_1_160' title='bbox 914 2060 1120 2126; x_wconf 88' lang='lat' dir='ltr'><strong>Quanto</strong></span> <span class='ocrx_word' id='word_1_161' title='bbox 1165 2062 1340 2114; x_wconf 84' lang='lat' dir='ltr'><strong>minus</strong></span> <span class='ocrx_word' id='word_1_162' title='bbox 1374 2060 1569 2115; x_wconf 88' lang='lat' dir='ltr'><strong>debent</strong></span> <span class='ocrx_word' id='word_1_163' title='bbox 1598 2061 1869 2129; x_wconf 89' lang='lat' dir='ltr'><strong>superbire</strong></span> <span class='ocrx_word' id='word_1_164' title='bbox 1906 2074 2011 2114; x_wconf 70' lang='lat' dir='ltr'><strong>ccc-</strong></span> 
     </span>
    </p>
   </div>
   <div class='ocr_carea' id='block_1_22' title="bbox 432 2145 2004 2218">
    <p class='ocr_par' dir='ltr' id='par_1_22' title="bbox 432 2145 2004 2218">
     <span class='ocr_line' id='line_1_22' title="bbox 432 2145 2004 2218; baseline 0.001 -20"><span class='ocrx_word' id='word_1_165' title='bbox 432 2157 558 2199; x_wconf 70' lang='lat' dir='ltr'><strong>terac</strong></span> <span class='ocrx_word' id='word_1_166' title='bbox 598 2145 851 2201; x_wconf 73' lang='lat' dir='ltr'><strong>feminaz?</strong></span> <span class='ocrx_word' id='word_1_167' title='bbox 881 2147 1010 2201; x_wconf 83' lang='lat' dir='ltr'><strong>Nam</strong></span> <span class='ocrx_word' id='word_1_168' title='bbox 1041 2157 1094 2202; x_wconf 87' lang='lat' dir='ltr'><strong>et</strong></span> <span class='ocrx_word' id='word_1_169' title='bbox 1130 2149 1239 2218; x_wconf 86' lang='lat' dir='ltr'><strong>ipsa</strong></span> <span class='ocrx_word' id='word_1_170' title='bbox 1289 2149 1449 2203; x_wconf 80' lang='lat' dir='ltr'><strong>Maria</strong></span> <span class='ocrx_word' id='word_1_171' title='bbox 1496 2149 1687 2203; x_wconf 88' lang='lat' dir='ltr'><strong>mulier</strong></span> <span class='ocrx_word' id='word_1_172' title='bbox 1712 2149 1847 2203; x_wconf 87' lang='lat' dir='ltr'><strong>dicta</strong></span> <span class='ocrx_word' id='word_1_173' title='bbox 1887 2159 1963 2203; x_wconf 87' lang='lat' dir='ltr'><strong>est</strong></span> <span class='ocrx_word' id='word_1_174' title='bbox 1990 2190 2004 2215; x_wconf 91' lang='lat'><strong>,</strong></span> 
     </span>
    </p>
   </div>
   <div class='ocr_carea' id='block_1_23' title="bbox 433 2238 2007 2308">
    <p class='ocr_par' dir='ltr' id='par_1_23' title="bbox 433 2238 2007 2308">
     <span class='ocr_line' id='line_1_23' title="bbox 433 2238 2007 2308; baseline 0.003 -22"><span class='ocrx_word' id='word_1_175' title='bbox 433 2251 536 2288; x_wconf 90' lang='lat' dir='ltr'><strong>non</strong></span> <span class='ocrx_word' id='word_1_176' title='bbox 578 2248 822 2304; x_wconf 85' lang='lat' dir='ltr'><strong>eorrupta</strong></span> <span class='ocrx_word' id='word_1_177' title='bbox 866 2238 1201 2306; x_wconf 66' lang='lat' dir='ltr'><strong>virginitate,</strong></span> <span class='ocrx_word' id='word_1_178' title='bbox 1248 2239 1342 2293; x_wconf 85' lang='lat' dir='ltr'><strong>sed</strong></span> <span class='ocrx_word' id='word_1_179' title='bbox 1398 2240 1751 2308; x_wconf 55' lang='lat' dir='ltr'><strong>appellatione</strong></span> <span class='ocrx_word' id='word_1_180' title='bbox 1798 2240 2007 2308; x_wconf 85' lang='lat' dir='ltr'><strong>propria</strong></span> 
     </span>
    </p>
   </div>
   <div class='ocr_carea' id='block_1_24' title="bbox 426 2325 2008 2393">
    <p class='ocr_par' dir='ltr' id='par_1_24' title="bbox 426 2325 2008 2393">
     <span class='ocr_line' id='line_1_24' title="bbox 426 2325 2008 2393; baseline 0.006 -17"><span class='ocrx_word' id='word_1_181' title='bbox 426 2325 600 2393; x_wconf 74' lang='lat' dir='ltr'><strong>gentis</strong></span> <span class='ocrx_word' id='word_1_182' title='bbox 633 2343 761 2380; x_wconf 67' lang='lat' dir='ltr'><strong>suae.</strong></span> <span class='ocrx_word' id='word_1_183' title='bbox 798 2328 934 2381; x_wconf 83' lang='lat' dir='ltr'><strong>Dixit</strong></span> <span class='ocrx_word' id='word_1_184' title='bbox 972 2328 1115 2382; x_wconf 91' lang='lat' dir='ltr'><strong>enim</strong></span> <span class='ocrx_word' id='word_1_185' title='bbox 1156 2329 1223 2384; x_wconf 90' lang='lat' dir='ltr'><strong>de</strong></span> <span class='ocrx_word' id='word_1_186' title='bbox 1266 2330 1489 2384; x_wconf 89' lang='lat' dir='ltr'><strong>Domino</strong></span> <span class='ocrx_word' id='word_1_187' title='bbox 1534 2329 1660 2382; x_wconf 81' lang='lat' dir='ltr'><strong>.lesu</strong></span> <span class='ocrx_word' id='word_1_188' title='bbox 1701 2328 1913 2384; x_wconf 84' lang='lat' dir='ltr'><strong>Christo</strong></span> <span class='ocrx_word' id='word_1_189' title='bbox 1953 2337 2008 2385; x_wconf 87' lang='lat' dir='ltr'><strong>et</strong></span> 
     </span>
    </p>
   </div>
   <div class='ocr_carea' id='block_1_25' title="bbox 428 2416 2005 2489">
    <p class='ocr_par' dir='ltr' id='par_1_25' title="bbox 428 2416 2005 2489">
     <span class='ocr_line' id='line_1_25' title="bbox 428 2416 2005 2489; baseline 0.003 -21"><span class='ocrx_word' id='word_1_190' title='bbox 428 2417 733 2484; x_wconf 71' lang='lat' dir='ltr'><strong>Apostolus,</strong></span> <span class='ocrx_word' id='word_1_191' title='bbox 756 2416 969 2471; x_wconf 68' lang='lat' dir='ltr'><strong>Iv&#39;actum</strong></span> <span class='ocrx_word' id='word_1_192' title='bbox 993 2436 1054 2472; x_wconf 77' lang='lat' dir='ltr'><strong>ex</strong></span> <span class='ocrx_word' id='word_1_193' title='bbox 1071 2419 1273 2472; x_wconf 80' lang='lat' dir='ltr'><strong>muliere</strong></span> <span class='ocrx_word' id='word_1_194' title='bbox 1299 2419 1491 2489; x_wconf 82' lang='lat' dir='ltr'><strong>(Galut.</strong></span> <span class='ocrx_word' id='word_1_195' title='bbox 1509 2436 1577 2483; x_wconf 83' lang='lat' dir='ltr'><strong>tv,</strong></span> <span class='ocrx_word' id='word_1_196' title='bbox 1596 2420 1650 2489; x_wconf 75' lang='grc'><strong>4)</strong></span> <span class='ocrx_word' id='word_1_197' title='bbox 1671 2438 1684 2473; x_wconf 90' lang='lat'><strong>:</strong></span> <span class='ocrx_word' id='word_1_198' title='bbox 1704 2435 1809 2473; x_wconf 88' lang='lat' dir='ltr'><strong>non</strong></span> <span class='ocrx_word' id='word_1_199' title='bbox 1830 2430 2005 2474; x_wconf 85' lang='lat' dir='ltr'><strong>tamen</strong></span> 
     </span>
    </p>
   </div>
   <div class='ocr_carea' id='block_1_26' title="bbox 427 2506 2007 2580">
    <p class='ocr_par' dir='ltr' id='par_1_26' title="bbox 427 2506 2007 2580">
     <span class='ocr_line' id='line_1_26' title="bbox 427 2506 2007 2580; baseline 0.004 -21"><span class='ocrx_word' id='word_1_200' title='bbox 427 2506 705 2575; x_wconf 89' lang='lat' dir='ltr'><strong>interrupit</strong></span> <span class='ocrx_word' id='word_1_201' title='bbox 726 2509 963 2561; x_wconf 80' lang='lat' dir='ltr'><strong>ordinem</strong></span> <span class='ocrx_word' id='word_1_202' title='bbox 989 2519 1042 2564; x_wconf 88' lang='lat' dir='ltr'><strong>et</strong></span> <span class='ocrx_word' id='word_1_203' title='bbox 1065 2518 1263 2563; x_wconf 82' lang='lat' dir='ltr'><strong>textum</strong></span> <span class='ocrx_word' id='word_1_204' title='bbox 1286 2509 1402 2563; x_wconf 86' lang='lat' dir='ltr'><strong>ﬁdei</strong></span> <span class='ocrx_word' id='word_1_205' title='bbox 1431 2518 1646 2575; x_wconf 78' lang='lat' dir='ltr'><strong>nostrae,</strong></span> <span class='ocrx_word' id='word_1_206' title='bbox 1664 2526 1763 2580; x_wconf 89' lang='lat' dir='ltr'><strong>qua</strong></span> <span class='ocrx_word' id='word_1_207' title='bbox 1786 2510 2007 2566; x_wconf 75' lang='lat' dir='ltr'><strong>confite-</strong></span> 
     </span>
    </p>
   </div>
   <div class='ocr_carea' id='block_1_27' title="bbox 428 2580 2002 2668">
    <p class='ocr_par' dir='ltr' id='par_1_27' title="bbox 428 2580 2002 2668">
     <span class='ocr_line' id='line_1_27' title="bbox 428 2580 2002 2668; baseline 0.006 -23"><span class='ocrx_word' id='word_1_208' title='bbox 428 2609 547 2647; x_wconf 88' lang='lat' dir='ltr'><strong>mur</strong></span> <span class='ocrx_word' id='word_1_209' title='bbox 563 2580 740 2648; x_wconf 86' lang='lat' dir='ltr'><strong>natum</strong></span> <span class='ocrx_word' id='word_1_210' title='bbox 760 2595 825 2650; x_wconf 91' lang='lat' dir='ltr'><strong>de</strong></span> <span class='ocrx_word' id='word_1_211' title='bbox 841 2596 1037 2666; x_wconf 84' lang='lat' dir='ltr'><strong>Spiritu</strong></span> <span class='ocrx_word' id='word_1_212' title='bbox 1055 2607 1258 2663; x_wconf 89' lang='lat' dir='ltr'><strong>sancto,</strong></span> <span class='ocrx_word' id='word_1_213' title='bbox 1271 2606 1323 2652; x_wconf 91' lang='lat' dir='ltr'><strong>et</strong></span> <span class='ocrx_word' id='word_1_214' title='bbox 1340 2598 1539 2668; x_wconf 84' lang='lat' dir='ltr'><strong>virgine</strong></span> <span class='ocrx_word' id='word_1_215' title='bbox 1553 2599 1731 2653; x_wconf 81' lang='lat' dir='ltr'><strong>Maria.</strong></span> <span class='ocrx_word' id='word_1_216' title='bbox 1754 2599 1844 2654; x_wconf 91' lang='lat' dir='ltr'><strong>Illa</strong></span> <span class='ocrx_word' id='word_1_217' title='bbox 1861 2601 2002 2655; x_wconf 88' lang='lat' dir='ltr'><strong>enim</strong></span> 
     </span>
    </p>
   </div>
   <div class='ocr_carea' id='block_1_28' title="bbox 425 2688 2008 2760">
    <p class='ocr_par' dir='ltr' id='par_1_28' title="bbox 425 2688 2008 2760">
     <span class='ocr_line' id='line_1_28' title="bbox 425 2688 2008 2760; baseline 0.005 -22"><span class='ocrx_word' id='word_1_218' title='bbox 425 2688 573 2757; x_wconf 79' lang='lat' dir='ltr'><strong>virgo</strong></span> <span class='ocrx_word' id='word_1_219' title='bbox 593 2689 854 2757; x_wconf 75' lang='lat' dir='ltr'><strong>concepit,</strong></span> <span class='ocrx_word' id='word_1_220' title='bbox 873 2690 1019 2759; x_wconf 79' lang='lat' dir='ltr'><strong>virgo</strong></span> <span class='ocrx_word' id='word_1_221' title='bbox 1037 2690 1261 2759; x_wconf 84' lang='lat' dir='ltr'><strong>peperit,</strong></span> <span class='ocrx_word' id='word_1_222' title='bbox 1284 2692 1428 2760; x_wconf 78' lang='lat' dir='ltr'><strong>virgo</strong></span> <span class='ocrx_word' id='word_1_223' title='bbox 1443 2691 1749 2760; x_wconf 82' lang='lat' dir='ltr'><strong>permansit.</strong></span> <span class='ocrx_word' id='word_1_224' title='bbox 1773 2690 1875 2746; x_wconf 89' lang='lat' dir='ltr'><strong>Sed</strong></span> <span class='ocrx_word' id='word_1_225' title='bbox 1889 2707 2008 2746; x_wconf 91' lang='lat' dir='ltr'><strong>mu-</strong></span> 
     </span>
    </p>
   </div>
   <div class='ocr_carea' id='block_1_29' title="bbox 428 2776 2003 2851">
    <p class='ocr_par' dir='ltr' id='par_1_29' title="bbox 428 2776 2003 2851">
     <span class='ocr_line' id='line_1_29' title="bbox 428 2776 2003 2851; baseline 0.005 -23"><span class='ocrx_word' id='word_1_226' title='bbox 428 2776 584 2831; x_wconf 83' lang='lat' dir='ltr'><strong>lieres</strong></span> <span class='ocrx_word' id='word_1_227' title='bbox 596 2793 780 2832; x_wconf 89' lang='lat' dir='ltr'><strong>omncs</strong></span> <span class='ocrx_word' id='word_1_228' title='bbox 797 2777 1018 2834; x_wconf 82' lang='lat' dir='ltr'><strong>feminas</strong></span> <span class='ocrx_word' id='word_1_229' title='bbox 1046 2780 1116 2833; x_wconf 92' lang='lat' dir='ltr'><strong>illi</strong></span> <span class='ocrx_word' id='word_1_230' title='bbox 1133 2781 1546 2850; x_wconf 85' lang='lat' dir='ltr'><strong>appellaverunt,</strong></span> <span class='ocrx_word' id='word_1_231' title='bbox 1563 2782 1883 2851; x_wconf 83' lang='lat' dir='ltr'><strong>preprietate</strong></span> <span class='ocrx_word' id='word_1_232' title='bbox 1904 2782 2003 2836; x_wconf 88' lang='lat' dir='ltr'><strong>lin-</strong></span> 
     </span>
    </p>
   </div>
   <div class='ocr_carea' id='block_1_30' title="bbox 422 2869 1999 2941">
    <p class='ocr_par' dir='ltr' id='par_1_30' title="bbox 422 2869 1999 2941">
     <span class='ocr_line' id='line_1_30' title="bbox 422 2869 1999 2941; baseline 0.003 -20"><span class='ocrx_word' id='word_1_233' title='bbox 422 2885 540 2937; x_wconf 64' lang='lat' dir='ltr'><strong>gnte</strong></span> <span class='ocrx_word' id='word_1_234' title='bbox 563 2869 805 2925; x_wconf 70' lang='lat' dir='ltr'><strong>hebrmze.</strong></span> <span class='ocrx_word' id='word_1_235' title='bbox 835 2871 970 2926; x_wconf 84' lang='lat' dir='ltr'><strong>Audi</strong></span> <span class='ocrx_word' id='word_1_236' title='bbox 998 2872 1449 2927; x_wconf 79' lang='lat' dir='ltr'><strong>evidentissimum</strong></span> <span class='ocrx_word' id='word_1_237' title='bbox 1470 2872 1795 2941; x_wconf 83' lang='lat' dir='ltr'><strong>exemplum.</strong></span> <span class='ocrx_word' id='word_1_238' title='bbox 1826 2873 1999 2926; x_wconf 86' lang='lat' dir='ltr'><strong>Prima</strong></span> 
     </span>
    </p>
   </div>
   <div class='ocr_carea' id='block_1_31' title="bbox 424 2959 1998 3032">
    <p class='ocr_par' dir='ltr' id='par_1_31' title="bbox 424 2959 1998 3032">
     <span class='ocr_line' id='line_1_31' title="bbox 424 2959 1998 3032; baseline 0.004 -20"><span class='ocrx_word' id='word_1_239' title='bbox 424 2959 639 3026; x_wconf 77' lang='lat' dir='ltr'><strong>femina,</strong></span> <span class='ocrx_word' id='word_1_240' title='bbox 681 2977 837 3031; x_wconf 89' lang='lat' dir='ltr'><strong>quam</strong></span> <span class='ocrx_word' id='word_1_241' title='bbox 867 2961 989 3017; x_wconf 91' lang='lat' dir='ltr'><strong>fecit</strong></span> <span class='ocrx_word' id='word_1_242' title='bbox 1020 2962 1157 3017; x_wconf 85' lang='lat' dir='ltr'><strong>Deus</strong></span> <span class='ocrx_word' id='word_1_243' title='bbox 1182 2971 1445 3032; x_wconf 87' lang='lat' dir='ltr'><strong>sumptam</strong></span> <span class='ocrx_word' id='word_1_244' title='bbox 1474 2962 1540 3017; x_wconf 91' lang='lat' dir='ltr'><strong>de</strong></span> <span class='ocrx_word' id='word_1_245' title='bbox 1569 2963 1734 3017; x_wconf 90' lang='lat' dir='ltr'><strong>latere</strong></span> <span class='ocrx_word' id='word_1_246' title='bbox 1761 2962 1879 3029; x_wconf 90' lang='lat' dir='ltr'><strong>viri,</strong></span> <span class='ocrx_word' id='word_1_247' title='bbox 1897 2979 1998 3018; x_wconf 87' lang='lat' dir='ltr'><strong>an-</strong></span> 
     </span>
    </p>
   </div>
   <div class='ocr_carea' id='block_1_32' title="bbox 423 3053 1999 3124">
    <p class='ocr_par' dir='ltr' id='par_1_32' title="bbox 423 3053 1999 3124">
     <span class='ocr_line' id='line_1_32' title="bbox 423 3053 1999 3124; baseline 0.003 -19"><span class='ocrx_word' id='word_1_248' title='bbox 423 3061 633 3120; x_wconf 82' lang='lat' dir='ltr'><strong>tequam</strong></span> <span class='ocrx_word' id='word_1_249' title='bbox 657 3068 777 3107; x_wconf 87' lang='lat' dir='ltr'><strong>cum</strong></span> <span class='ocrx_word' id='word_1_250' title='bbox 809 3053 921 3108; x_wconf 82' lang='lat' dir='ltr'><strong>viro</strong></span> <span class='ocrx_word' id='word_1_251' title='bbox 946 3055 1348 3118; x_wconf 87' lang='lat' dir='ltr'><strong>concumberet,</strong></span> <span class='ocrx_word' id='word_1_252' title='bbox 1381 3053 1522 3123; x_wconf 89' lang='lat' dir='ltr'><strong>quod</strong></span> <span class='ocrx_word' id='word_1_253' title='bbox 1562 3064 1903 3124; x_wconf 87' lang='lat' dir='ltr'><strong>posteaquam</strong></span> <span class='ocrx_word' id='word_1_254' title='bbox 1932 3053 1999 3110; x_wconf 89' lang='lat' dir='ltr'><strong>de</strong></span> 
     </span>
    </p>
   </div>
   <div class='ocr_carea' id='block_1_33' title="bbox 424 3143 1998 3215">
    <p class='ocr_par' dir='ltr' id='par_1_33' title="bbox 424 3143 1998 3215">
     <span class='ocr_line' id='line_1_33' title="bbox 424 3143 1998 3215; baseline 0.004 -21"><span class='ocrx_word' id='word_1_255' title='bbox 424 3143 666 3212; x_wconf 85' lang='lat' dir='ltr'><strong>paradiso</strong></span> <span class='ocrx_word' id='word_1_256' title='bbox 690 3145 934 3199; x_wconf 78' lang='lat' dir='ltr'><strong>exierunt</strong></span> <span class='ocrx_word' id='word_1_257' title='bbox 960 3146 1208 3200; x_wconf 89' lang='lat' dir='ltr'><strong>scribitur</strong></span> <span class='ocrx_word' id='word_1_258' title='bbox 1238 3145 1429 3200; x_wconf 86' lang='lat' dir='ltr'><strong>factum</strong></span> <span class='ocrx_word' id='word_1_259' title='bbox 1447 3189 1464 3212; x_wconf 92' lang='lat'><strong>,</strong></span> <span class='ocrx_word' id='word_1_260' title='bbox 1490 3153 1664 3200; x_wconf 87' lang='lat' dir='ltr'><strong>tamen</strong></span> <span class='ocrx_word' id='word_1_261' title='bbox 1687 3145 1998 3215; x_wconf 84' lang='lat' dir='ltr'><strong>mulierjam</strong></span> 
     </span>
    </p>
   </div>
   <div class='ocr_carea' id='block_1_34' title="bbox 422 3234 1996 3306">
    <p class='ocr_par' dir='ltr' id='par_1_34' title="bbox 422 3234 1996 3306">
     <span class='ocr_line' id='line_1_34' title="bbox 422 3234 1996 3306; baseline 0.002 -20"><span class='ocrx_word' id='word_1_262' title='bbox 422 3234 729 3298; x_wconf 84' lang='lat' dir='ltr'><strong>vocabatur,</strong></span> <span class='ocrx_word' id='word_1_263' title='bbox 753 3235 961 3290; x_wconf 86' lang='lat' dir='ltr'><strong>dicente</strong></span> <span class='ocrx_word' id='word_1_264' title='bbox 980 3235 1247 3306; x_wconf 78' lang='lat' dir='ltr'><strong>Scriptura</strong></span> <span class='ocrx_word' id='word_1_265' title='bbox 1269 3278 1284 3304; x_wconf 88' lang='lat'><strong>,</strong></span> <span class='ocrx_word' id='word_1_266' title='bbox 1315 3235 1572 3289; x_wconf 74' lang='lat' dir='ltr'><strong>Formanit</strong></span> <span class='ocrx_word' id='word_1_267' title='bbox 1600 3252 1709 3289; x_wconf 86' lang='lat' dir='ltr'><strong>eam</strong></span> <span class='ocrx_word' id='word_1_268' title='bbox 1738 3236 1789 3289; x_wconf 86' lang='lat' dir='ltr'><strong>in</strong></span> <span class='ocrx_word' id='word_1_269' title='bbox 1816 3237 1996 3289; x_wconf 86' lang='lat' dir='ltr'><strong>mulie-</strong></span> 
     </span>
    </p>
   </div>
   <div class='ocr_carea' id='block_1_35' title="bbox 419 3325 1285 3398">
    <p class='ocr_par' dir='ltr' id='par_1_35' title="bbox 419 3325 1285 3398">
     <span class='ocr_line' id='line_1_35' title="bbox 419 3325 1285 3398; baseline 0.003 -20"><span class='ocrx_word' id='word_1_270' title='bbox 419 3342 524 3379; x_wconf 91' lang='lat' dir='ltr'><strong>rem</strong></span> <span class='ocrx_word' id='word_1_271' title='bbox 554 3325 703 3395; x_wconf 81' lang='lat' dir='ltr'><strong>(Cen.</strong></span> <span class='ocrx_word' id='word_1_272' title='bbox 734 3344 767 3381; x_wconf 91' lang='lat' dir='ltr'><strong>u</strong></span> <span class='ocrx_word' id='word_1_273' title='bbox 792 3371 801 3385; x_wconf 76' lang='grc'>,</span> <span class='ocrx_word' id='word_1_274' title='bbox 825 3326 936 3398; x_wconf 69' lang='lat'><strong>22).</strong></span> <span class='ocrx_word' id='word_1_275' title='bbox 1284 3326 1285 3329; x_wconf 51' lang='grc'><em>“</em></span> 
     </span>
    </p>
   </div>
   <div class='ocr_carea' id='block_1_36' title="bbox 494 3415 1997 3489">
    <p class='ocr_par' dir='ltr' id='par_1_36' title="bbox 494 3415 1997 3489">
     <span class='ocr_line' id='line_1_36' title="bbox 494 3415 1997 3489; baseline 0.002 -20"><span class='ocrx_word' id='word_1_276' title='bbox 494 3417 579 3471; x_wconf 73' lang='lat' dir='ltr'><strong>l9.</strong></span> <span class='ocrx_word' id='word_1_277' title='bbox 622 3415 849 3471; x_wconf 77' lang='lat' dir='ltr'><strong>Christus</strong></span> <span class='ocrx_word' id='word_1_278' title='bbox 885 3427 1073 3488; x_wconf 84' lang='lat' dir='ltr'><strong>patrem</strong></span> <span class='ocrx_word' id='word_1_279' title='bbox 1112 3417 1301 3488; x_wconf 71' lang='lat' dir='ltr'><strong>Ioseph</strong></span> <span class='ocrx_word' id='word_1_280' title='bbox 1345 3435 1444 3472; x_wconf 87' lang='lat' dir='ltr'><strong>non</strong></span> <span class='ocrx_word' id='word_1_281' title='bbox 1492 3428 1657 3489; x_wconf 84' lang='lat' dir='ltr'><strong>negat.</strong></span> <span class='ocrx_word' id='word_1_282' title='bbox 1704 3418 1997 3472; x_wconf 84' lang='lat' dir='ltr'><strong>Obedieutia</strong></span> 
     </span>
    </p>
   </div>
   <div class='ocr_carea' id='block_1_37' title="bbox 420 3505 1998 3579">
    <p class='ocr_par' dir='ltr' id='par_1_37' title="bbox 420 3505 1998 3579">
     <span class='ocr_line' id='line_1_37' title="bbox 420 3505 1998 3579; baseline 0.003 -22"><span class='ocrx_word' id='word_1_283' title='bbox 420 3506 562 3573; x_wconf 79' lang='lat' dir='ltr'><strong>pueri</strong></span> <span class='ocrx_word' id='word_1_284' title='bbox 610 3505 733 3560; x_wconf 83' lang='lat' dir='ltr'><strong>Jesu</strong></span> <span class='ocrx_word' id='word_1_285' title='bbox 792 3508 1036 3561; x_wconf 82' lang='lat' dir='ltr'><strong>imitanda</strong></span> <span class='ocrx_word' id='word_1_286' title='bbox 1088 3509 1273 3578; x_wconf 83' lang='lat' dir='ltr'><strong>pueris.</strong></span> <span class='ocrx_word' id='word_1_287' title='bbox 1329 3509 1478 3575; x_wconf 82' lang='lat' dir='ltr'><strong>Quod</strong></span> <span class='ocrx_word' id='word_1_288' title='bbox 1542 3525 1669 3579; x_wconf 80' lang='lat' dir='ltr'><strong>ergo</strong></span> <span class='ocrx_word' id='word_1_289' title='bbox 1712 3509 1998 3577; x_wconf 85' lang='lat' dir='ltr'><strong>rc5pondct</strong></span> 
     </span>
    </p>
   </div>
   <div class='ocr_carea' id='block_1_38' title="bbox 424 3595 1997 3668">
    <p class='ocr_par' dir='ltr' id='par_1_38' title="bbox 424 3595 1997 3668">
     <span class='ocr_line' id='line_1_38' title="bbox 424 3595 1997 3668; baseline 0.004 -21"><span class='ocrx_word' id='word_1_290' title='bbox 424 3595 674 3649; x_wconf 79' lang='lat' dir='ltr'><strong>Dominus</strong></span> <span class='ocrx_word' id='word_1_291' title='bbox 699 3597 849 3650; x_wconf 82' lang='lat' dir='ltr'><strong>.lesus</strong></span> <span class='ocrx_word' id='word_1_292' title='bbox 878 3597 1120 3652; x_wconf 88' lang='lat' dir='ltr'><strong>Christus</strong></span> <span class='ocrx_word' id='word_1_293' title='bbox 1137 3638 1150 3660; x_wconf 91' lang='lat'><strong>,</strong></span> <span class='ocrx_word' id='word_1_294' title='bbox 1185 3598 1456 3668; x_wconf 76' lang='lat' dir='ltr'><strong>Oportebat</strong></span> <span class='ocrx_word' id='word_1_295' title='bbox 1486 3615 1564 3651; x_wconf 77' lang='lat' dir='ltr'><strong>nte</strong></span> <span class='ocrx_word' id='word_1_296' title='bbox 1583 3615 1686 3652; x_wconf 84' lang='lat' dir='ltr'><strong>esse</strong></span> <span class='ocrx_word' id='word_1_297' title='bbox 1705 3602 1758 3651; x_wconf 86' lang='lat' dir='ltr'><strong>in</strong></span> <span class='ocrx_word' id='word_1_298' title='bbox 1782 3599 1859 3651; x_wconf 90' lang='lat' dir='ltr'><strong>his</strong></span> <span class='ocrx_word' id='word_1_299' title='bbox 1885 3615 1997 3668; x_wconf 80' lang='lat' dir='ltr'><strong>qua:</strong></span> 
     </span>
    </p>
   </div>
   <div class='ocr_carea' id='block_1_39' title="bbox 420 3683 1997 3757">
    <p class='ocr_par' dir='ltr' id='par_1_39' title="bbox 420 3683 1997 3757">
     <span class='ocr_line' id='line_1_39' title="bbox 420 3683 1997 3757; baseline 0.006 -22"><span class='ocrx_word' id='word_1_300' title='bbox 420 3683 592 3737; x_wconf 83' lang='lat' dir='ltr'><strong>Putris</strong></span> <span class='ocrx_word' id='word_1_301' title='bbox 616 3687 711 3739; x_wconf 85' lang='lat' dir='ltr'><strong>mei</strong></span> <span class='ocrx_word' id='word_1_302' title='bbox 739 3696 889 3751; x_wconf 83' lang='lat' dir='ltr'><strong>sunt;</strong></span> <span class='ocrx_word' id='word_1_303' title='bbox 922 3703 1023 3741; x_wconf 87' lang='lat' dir='ltr'><strong>non</strong></span> <span class='ocrx_word' id='word_1_304' title='bbox 1050 3690 1125 3740; x_wconf 85' lang='lat' dir='ltr'><strong>sic</strong></span> <span class='ocrx_word' id='word_1_305' title='bbox 1148 3690 1340 3742; x_wconf 84' lang='lat' dir='ltr'><strong>indicat</strong></span> <span class='ocrx_word' id='word_1_306' title='bbox 1361 3688 1570 3743; x_wconf 77' lang='lat' dir='ltr'><strong>Patrem</strong></span> <span class='ocrx_word' id='word_1_307' title='bbox 1602 3689 1792 3757; x_wconf 88' lang='lat' dir='ltr'><strong>Demn,</strong></span> <span class='ocrx_word' id='word_1_308' title='bbox 1822 3699 1879 3743; x_wconf 91' lang='lat' dir='ltr'><strong>ut</strong></span> <span class='ocrx_word' id='word_1_309' title='bbox 1903 3706 1997 3746; x_wconf 87' lang='lat' dir='ltr'><strong>ne-</strong></span> 
     </span>
    </p>
   </div>
   <div class='ocr_carea' id='block_1_40' title="bbox 418 3777 1992 3848">
    <p class='ocr_par' dir='ltr' id='par_1_40' title="bbox 418 3777 1992 3848">
     <span class='ocr_line' id='line_1_40' title="bbox 418 3777 1992 3848; baseline 0.006 -21"><span class='ocrx_word' id='word_1_310' title='bbox 418 3784 506 3840; x_wconf 67' lang='lat' dir='ltr'><strong>get</strong></span> <span class='ocrx_word' id='word_1_311' title='bbox 535 3786 733 3844; x_wconf 88' lang='lat' dir='ltr'><strong>patrem</strong></span> <span class='ocrx_word' id='word_1_312' title='bbox 764 3777 981 3848; x_wconf 85' lang='lat' dir='ltr'><strong>.lnscph.</strong></span> <span class='ocrx_word' id='word_1_313' title='bbox 1016 3778 1164 3834; x_wconf 88' lang='lat' dir='ltr'><strong>Unde</strong></span> <span class='ocrx_word' id='word_1_314' title='bbox 1209 3780 1307 3833; x_wconf 90' lang='lat' dir='ltr'><strong>hoc</strong></span> <span class='ocrx_word' id='word_1_315' title='bbox 1341 3781 1661 3848; x_wconf 86' lang='lat' dir='ltr'><strong>probamus?</strong></span> <span class='ocrx_word' id='word_1_316' title='bbox 1705 3781 1992 3836; x_wconf 87' lang='lat' dir='ltr'><strong>secundum</strong></span> 
     </span>
    </p>
   </div>
   <div class='ocr_carea' id='block_1_41' title="bbox 418 3864 1993 3937">
    <p class='ocr_par' dir='ltr' id='par_1_41' title="bbox 418 3864 1993 3937">
     <span class='ocr_line' id='line_1_41' title="bbox 418 3864 1993 3937; baseline 0.005 -18"><span class='ocrx_word' id='word_1_317' title='bbox 418 3864 741 3935; x_wconf 77' lang='lat' dir='ltr'><strong>Scriptorum</strong></span> <span class='ocrx_word' id='word_1_318' title='bbox 769 3910 783 3933; x_wconf 91' lang='lat'><strong>,</strong></span> <span class='ocrx_word' id='word_1_319' title='bbox 816 3886 930 3937; x_wconf 70' lang='lat' dir='ltr'><strong>qua:</strong></span> <span class='ocrx_word' id='word_1_320' title='bbox 957 3871 1031 3924; x_wconf 88' lang='lat' dir='ltr'><strong>sic</strong></span> <span class='ocrx_word' id='word_1_321' title='bbox 1058 3872 1132 3925; x_wconf 88' lang='lat' dir='ltr'><strong>ait</strong></span> <span class='ocrx_word' id='word_1_322' title='bbox 1156 3889 1168 3925; x_wconf 92' lang='lat'><strong>:</strong></span> <span class='ocrx_word' id='word_1_323' title='bbox 1198 3869 1265 3923; x_wconf 86' lang='lat' dir='ltr'><strong>Et</strong></span> <span class='ocrx_word' id='word_1_324' title='bbox 1290 3870 1416 3924; x_wconf 77' lang='lat' dir='ltr'><strong>dixit</strong></span> <span class='ocrx_word' id='word_1_325' title='bbox 1439 3871 1506 3924; x_wconf 89' lang='lat' dir='ltr'><strong>ad</strong></span> <span class='ocrx_word' id='word_1_326' title='bbox 1533 3872 1648 3925; x_wconf 86' lang='lat' dir='ltr'><strong>illos</strong></span> <span class='ocrx_word' id='word_1_327' title='bbox 1677 3887 1695 3925; x_wconf 89' lang='lat'><strong><em>:</em></strong></span> <span class='ocrx_word' id='word_1_328' title='bbox 1725 3871 1842 3926; x_wconf 87' lang='lat' dir='ltr'><strong>Non</strong></span> <span class='ocrx_word' id='word_1_329' title='bbox 1866 3874 1993 3927; x_wconf 81' lang='lat' dir='ltr'><strong>scie-</strong></span> 
     </span>
    </p>
   </div>
   <div class='ocr_carea' id='block_1_42' title="bbox 417 3958 1990 4032">
    <p class='ocr_par' dir='ltr' id='par_1_42' title="bbox 417 3958 1990 4032">
     <span class='ocr_line' id='line_1_42' title="bbox 417 3958 1990 4032; baseline 0.004 -23"><span class='ocrx_word' id='word_1_330' title='bbox 417 3958 545 4010; x_wconf 86' lang='lat' dir='ltr'><strong>butis</strong></span> <span class='ocrx_word' id='word_1_331' title='bbox 569 3959 687 4027; x_wconf 81' lang='lat' dir='ltr'><strong>quia</strong></span> <span class='ocrx_word' id='word_1_332' title='bbox 715 3960 766 4011; x_wconf 87' lang='lat' dir='ltr'><strong>in</strong></span> <span class='ocrx_word' id='word_1_333' title='bbox 791 3959 869 4012; x_wconf 85' lang='lat' dir='ltr'><strong>his</strong></span> <span class='ocrx_word' id='word_1_334' title='bbox 904 3977 1017 4030; x_wconf 69' lang='lat' dir='ltr'><strong>qua:</strong></span> <span class='ocrx_word' id='word_1_335' title='bbox 1048 3958 1217 4015; x_wconf 83' lang='lat' dir='ltr'><strong>Putris</strong></span> <span class='ocrx_word' id='word_1_336' title='bbox 1247 3962 1344 4014; x_wconf 89' lang='lat' dir='ltr'><strong>mei</strong></span> <span class='ocrx_word' id='word_1_337' title='bbox 1379 3971 1493 4017; x_wconf 87' lang='lat' dir='ltr'><strong>sunt</strong></span> <span class='ocrx_word' id='word_1_338' title='bbox 1518 3971 1713 4032; x_wconf 82' lang='lat' dir='ltr'><strong>Oportet</strong></span> <span class='ocrx_word' id='word_1_339' title='bbox 1749 3980 1827 4016; x_wconf 88' lang='lat' dir='ltr'><strong>me</strong></span> <span class='ocrx_word' id='word_1_340' title='bbox 1866 3980 1990 4016; x_wconf 85' lang='lat' dir='ltr'><strong>esse.</strong></span> 
     </span>
    </p>
   </div>
   <div class='ocr_carea' id='block_1_43' title="bbox 422 4045 1993 4122">
    <p class='ocr_par' dir='ltr' id='par_1_43' title="bbox 422 4045 1993 4122">
     <span class='ocr_line' id='line_1_43' title="bbox 422 4045 1993 4122; baseline 0.006 -24"><span class='ocrx_word' id='word_1_341' title='bbox 422 4045 509 4099; x_wconf 84' lang='lat' dir='ltr'><strong>Illi</strong></span> <span class='ocrx_word' id='word_1_342' title='bbox 535 4059 701 4102; x_wconf 86' lang='lat' dir='ltr'><strong>autem</strong></span> <span class='ocrx_word' id='word_1_343' title='bbox 740 4067 838 4102; x_wconf 86' lang='lat' dir='ltr'><strong>non</strong></span> <span class='ocrx_word' id='word_1_344' title='bbox 867 4051 1214 4104; x_wconf 63' lang='lat' dir='ltr'><strong>intellexerunt</strong></span> <span class='ocrx_word' id='word_1_345' title='bbox 1247 4051 1371 4122; x_wconf 89' lang='lat' dir='ltr'><strong>quid</strong></span> <span class='ocrx_word' id='word_1_346' title='bbox 1409 4052 1512 4106; x_wconf 88' lang='lat' dir='ltr'><strong>illis</strong></span> <span class='ocrx_word' id='word_1_347' title='bbox 1553 4053 1746 4106; x_wconf 88' lang='lat' dir='ltr'><strong>locutus</strong></span> <span class='ocrx_word' id='word_1_348' title='bbox 1789 4064 1881 4106; x_wconf 85' lang='lat' dir='ltr'><strong>est.</strong></span> <span class='ocrx_word' id='word_1_349' title='bbox 1926 4054 1993 4108; x_wconf 85' lang='lat' dir='ltr'><strong>Et</strong></span> 
     </span>
    </p>
   </div>
   <div class='ocr_carea' id='block_1_44' title="bbox 416 4140 1994 4207">
    <p class='ocr_par' dir='ltr' id='par_1_44' title="bbox 416 4140 1994 4207">
     <span class='ocr_line' id='line_1_44' title="bbox 416 4140 1994 4207; baseline 0.006 -18"><span class='ocrx_word' id='word_1_350' title='bbox 416 4155 529 4190; x_wconf 75' lang='lat' dir='ltr'><strong>eum</strong></span> <span class='ocrx_word' id='word_1_351' title='bbox 554 4140 880 4194; x_wconf 64' lang='lat' dir='ltr'><strong>descendisset</strong></span> <span class='ocrx_word' id='word_1_352' title='bbox 908 4159 1020 4194; x_wconf 85' lang='lat' dir='ltr'><strong>cum</strong></span> <span class='ocrx_word' id='word_1_353' title='bbox 1052 4142 1170 4207; x_wconf 86' lang='lat' dir='ltr'><strong>illis,</strong></span> <span class='ocrx_word' id='word_1_354' title='bbox 1194 4145 1322 4197; x_wconf 81' lang='lat' dir='ltr'><strong>venit</strong></span> <span class='ocrx_word' id='word_1_355' title='bbox 1355 4143 1612 4197; x_wconf 74' lang='lat' dir='ltr'><strong>Nasareth</strong></span> <span class='ocrx_word' id='word_1_356' title='bbox 1631 4185 1645 4206; x_wconf 94' lang='lat'><strong>,</strong></span> <span class='ocrx_word' id='word_1_357' title='bbox 1678 4153 1724 4198; x_wconf 88' lang='lat' dir='ltr'><strong>et</strong></span> <span class='ocrx_word' id='word_1_358' title='bbox 1749 4154 1854 4197; x_wconf 85' lang='lat' dir='ltr'><strong>erat</strong></span> <span class='ocrx_word' id='word_1_359' title='bbox 1877 4146 1994 4199; x_wconf 88' lang='lat' dir='ltr'><strong>sub-</strong></span> 
     </span>
    </p>
   </div>
   <div class='ocr_carea' id='block_1_45' title="bbox 414 4230 1994 4303">
    <p class='ocr_par' dir='ltr' id='par_1_45' title="bbox 414 4230 1994 4303">
     <span class='ocr_line' id='line_1_45' title="bbox 414 4230 1994 4303; baseline 0.006 -22"><span class='ocrx_word' id='word_1_360' title='bbox 414 4230 548 4281; x_wconf 85' lang='lat' dir='ltr'><strong>ditus</strong></span> <span class='ocrx_word' id='word_1_361' title='bbox 574 4230 675 4282; x_wconf 84' lang='lat' dir='ltr'><strong>illis</strong></span> <span class='ocrx_word' id='word_1_362' title='bbox 697 4230 846 4297; x_wconf 88' lang='lat' dir='ltr'><strong>(Luc.</strong></span> <span class='ocrx_word' id='word_1_363' title='bbox 896 4248 964 4298; x_wconf 83' lang='grc' dir='ltr'><strong>ιι,</strong></span> <span class='ocrx_word' id='word_1_364' title='bbox 1018 4234 1231 4303; x_wconf 70' lang='grc'><strong>49-51).</strong></span> <span class='ocrx_word' id='word_1_365' title='bbox 1259 4234 1370 4289; x_wconf 83' lang='lat' dir='ltr'><strong>Non</strong></span> <span class='ocrx_word' id='word_1_366' title='bbox 1400 4234 1563 4299; x_wconf 83' lang='lat' dir='ltr'><strong>dixit,</strong></span> <span class='ocrx_word' id='word_1_367' title='bbox 1595 4235 1719 4289; x_wconf 83' lang='lat' dir='ltr'><strong>Erat</strong></span> <span class='ocrx_word' id='word_1_368' title='bbox 1753 4235 1994 4291; x_wconf 88' lang='lat' dir='ltr'><strong>subditus</strong></span> 
     </span>
    </p>
   </div>
   <div class='ocr_carea' id='block_1_46' title="bbox 416 4320 1994 4394">
    <p class='ocr_par' dir='ltr' id='par_1_46' title="bbox 416 4320 1994 4394">
     <span class='ocr_line' id='line_1_46' title="bbox 416 4320 1994 4394; baseline 0.004 -22"><span class='ocrx_word' id='word_1_369' title='bbox 416 4320 605 4385; x_wconf 84' lang='lat' dir='ltr'><strong>matri;</strong></span> <span class='ocrx_word' id='word_1_370' title='bbox 635 4331 725 4374; x_wconf 87' lang='lat' dir='ltr'><strong>aut</strong></span> <span class='ocrx_word' id='word_1_371' title='bbox 744 4362 757 4386; x_wconf 93' lang='lat'><strong>,</strong></span> <span class='ocrx_word' id='word_1_372' title='bbox 786 4331 900 4375; x_wconf 86' lang='lat' dir='ltr'><strong>erat</strong></span> <span class='ocrx_word' id='word_1_373' title='bbox 929 4321 1168 4376; x_wconf 70' lang='lat' dir='ltr'><strong>suhstus</strong></span> <span class='ocrx_word' id='word_1_374' title='bbox 1193 4325 1239 4377; x_wconf 82' lang='lat' dir='ltr'><strong>ei</strong></span> <span class='ocrx_word' id='word_1_375' title='bbox 1278 4340 1291 4377; x_wconf 87' lang='lat'><strong>:</strong></span> <span class='ocrx_word' id='word_1_376' title='bbox 1332 4324 1446 4388; x_wconf 87' lang='lat' dir='ltr'><strong>sed,</strong></span> <span class='ocrx_word' id='word_1_377' title='bbox 1473 4333 1579 4377; x_wconf 84' lang='lat' dir='ltr'><strong>erat</strong></span> <span class='ocrx_word' id='word_1_378' title='bbox 1598 4364 1613 4389; x_wconf 92' lang='lat'><strong>,</strong></span> <span class='ocrx_word' id='word_1_379' title='bbox 1644 4324 1847 4394; x_wconf 88' lang='lat' dir='ltr'><strong>inquit,</strong></span> <span class='ocrx_word' id='word_1_380' title='bbox 1877 4326 1994 4378; x_wconf 88' lang='lat' dir='ltr'><strong>sub-</strong></span> 
     </span>
    </p>
   </div>
   <div class='ocr_carea' id='block_1_47' title="bbox 415 4409 1993 4482">
    <p class='ocr_par' dir='ltr' id='par_1_47' title="bbox 415 4409 1993 4482">
     <span class='ocr_line' id='line_1_47' title="bbox 415 4409 1993 4482; baseline 0.006 -22"><span class='ocrx_word' id='word_1_381' title='bbox 415 4409 549 4461; x_wconf 88' lang='lat' dir='ltr'><strong>ditus</strong></span> <span class='ocrx_word' id='word_1_382' title='bbox 581 4409 702 4463; x_wconf 85' lang='lat' dir='ltr'><strong>illis.</strong></span> <span class='ocrx_word' id='word_1_383' title='bbox 733 4412 933 4476; x_wconf 89' lang='lat' dir='ltr'><strong>Quibus</strong></span> <span class='ocrx_word' id='word_1_384' title='bbox 958 4412 1197 4466; x_wconf 76' lang='lat' dir='ltr'><strong>subditus</strong></span> <span class='ocrx_word' id='word_1_385' title='bbox 1231 4418 1382 4466; x_wconf 70' lang='lat' dir='ltr'><strong>erat?</strong></span> <span class='ocrx_word' id='word_1_386' title='bbox 1422 4412 1607 4467; x_wconf 89' lang='lat' dir='ltr'><strong>Nonne</strong></span> <span class='ocrx_word' id='word_1_387' title='bbox 1646 4416 1993 4482; x_wconf 86' lang='lat' dir='ltr'><strong>parentibus?</strong></span> 
     </span>
    </p>
   </div>
   <div class='ocr_carea' id='block_1_48' title="bbox 417 4498 1990 4571">
    <p class='ocr_par' dir='ltr' id='par_1_48' title="bbox 417 4498 1990 4571">
     <span class='ocr_line' id='line_1_48' title="bbox 417 4498 1990 4571; baseline 0.004 -20"><span class='ocrx_word' id='word_1_388' title='bbox 417 4498 588 4551; x_wconf 78' lang='lat' dir='ltr'><strong>Ambo</strong></span> <span class='ocrx_word' id='word_1_389' title='bbox 631 4511 874 4568; x_wconf 82' lang='lat' dir='ltr'><strong>parentes</strong></span> <span class='ocrx_word' id='word_1_390' title='bbox 900 4510 1074 4563; x_wconf 85' lang='lat' dir='ltr'><strong>erant,</strong></span> <span class='ocrx_word' id='word_1_391' title='bbox 1107 4502 1296 4571; x_wconf 85' lang='lat' dir='ltr'><strong>quibus</strong></span> <span class='ocrx_word' id='word_1_392' title='bbox 1341 4502 1431 4556; x_wconf 89' lang='lat' dir='ltr'><strong>ille</strong></span> <span class='ocrx_word' id='word_1_393' title='bbox 1469 4502 1710 4557; x_wconf 87' lang='lat' dir='ltr'><strong>subditus</strong></span> <span class='ocrx_word' id='word_1_394' title='bbox 1748 4513 1897 4571; x_wconf 87' lang='lat' dir='ltr'><strong>erat,</strong></span> <span class='ocrx_word' id='word_1_395' title='bbox 1929 4521 1990 4560; x_wconf 87' lang='lat' dir='ltr'><strong>ea</strong></span> 
     </span>
    </p>
   </div>
   <div class='ocr_carea' id='block_1_49' title="bbox 412 4590 1419 4661">
    <p class='ocr_par' dir='ltr' id='par_1_49' title="bbox 412 4590 1419 4661">
     <span class='ocr_line' id='line_1_49' title="bbox 412 4590 1419 4661; baseline 0.005 -19"><span class='ocrx_word' id='word_1_396' title='bbox 412 4590 715 4659; x_wconf 74' lang='lat' dir='ltr'><strong>dignatione</strong></span> <span class='ocrx_word' id='word_1_397' title='bbox 739 4608 840 4661; x_wconf 88' lang='lat' dir='ltr'><strong>qua</strong></span> <span class='ocrx_word' id='word_1_398' title='bbox 867 4594 1003 4647; x_wconf 89' lang='lat' dir='ltr'><strong>lilius</strong></span> <span class='ocrx_word' id='word_1_399' title='bbox 1031 4594 1257 4647; x_wconf 87' lang='lat' dir='ltr'><strong>hominis</strong></span> <span class='ocrx_word' id='word_1_400' title='bbox 1285 4601 1419 4647; x_wconf 88' lang='lat' dir='ltr'><strong>erat.</strong></span> 
     </span>
    </p>
   </div>
   <div class='ocr_carea' id='block_1_50' title="bbox 486 4680 1989 4753">
    <p class='ocr_par' dir='ltr' id='par_1_50' title="bbox 486 4680 1989 4753">
     <span class='ocr_line' id='line_1_50' title="bbox 486 4680 1989 4753; baseline 0.004 -19"><span class='ocrx_word' id='word_1_401' title='bbox 486 4680 710 4735; x_wconf 71' lang='lat' dir='ltr'><strong>CAPUT</strong></span> <span class='ocrx_word' id='word_1_402' title='bbox 741 4681 852 4736; x_wconf 76' lang='grc' dir='ltr'><strong>ΧΗ.</strong></span> <span class='ocrx_word' id='word_1_403' title='bbox 885 4712 953 4722; x_wconf 93' lang='lat'><strong>-—</strong></span> <span class='ocrx_word' id='word_1_404' title='bbox 980 4681 1295 4737; x_wconf 83' lang='lat' dir='ltr'><strong>.lamdudum</strong></span> <span class='ocrx_word' id='word_1_405' title='bbox 1320 4695 1582 4753; x_wconf 71' lang='lat' dir='ltr'><strong>precepts</strong></span> <span class='ocrx_word' id='word_1_406' title='bbox 1615 4685 1819 4738; x_wconf 72' lang='lat' dir='ltr'><strong>femina:</strong></span> <span class='ocrx_word' id='word_1_407' title='bbox 1848 4686 1989 4740; x_wconf 79' lang='lat' dir='ltr'><strong>acci-</strong></span> 
     </span>
    </p>
   </div>
   <div class='ocr_carea' id='block_1_51' title="bbox 415 4773 1991 4845">
    <p class='ocr_par' dir='ltr' id='par_1_51' title="bbox 415 4773 1991 4845">
     <span class='ocr_line' id='line_1_51' title="bbox 415 4773 1991 4845; baseline 0.004 -20"><span class='ocrx_word' id='word_1_408' title='bbox 415 4773 667 4843; x_wconf 82' lang='lat' dir='ltr'><strong>piebant:</strong></span> <span class='ocrx_word' id='word_1_409' title='bbox 702 4790 841 4830; x_wconf 89' lang='lat' dir='ltr'><strong>nunc</strong></span> <span class='ocrx_word' id='word_1_410' title='bbox 884 4776 1030 4844; x_wconf 83' lang='lat' dir='ltr'><strong>pueri</strong></span> <span class='ocrx_word' id='word_1_411' title='bbox 1073 4777 1370 4845; x_wconf 85' lang='lat' dir='ltr'><strong>accipiant,</strong></span> <span class='ocrx_word' id='word_1_412' title='bbox 1406 4786 1460 4830; x_wconf 92' lang='lat' dir='ltr'><strong>ut</strong></span> <span class='ocrx_word' id='word_1_413' title='bbox 1504 4776 1863 4845; x_wconf 86' lang='lat' dir='ltr'><strong>obsequantur</strong></span> <span class='ocrx_word' id='word_1_414' title='bbox 1900 4794 1991 4845; x_wconf 86' lang='lat' dir='ltr'><strong>pa-</strong></span> 
     </span>
    </p>
   </div>
   <div class='ocr_carea' id='block_1_52' title="bbox 417 4865 1993 4937">
    <p class='ocr_par' dir='ltr' id='par_1_52' title="bbox 417 4865 1993 4937">
     <span class='ocr_line' id='line_1_52' title="bbox 417 4865 1993 4937; baseline 0.003 -18"><span class='ocrx_word' id='word_1_415' title='bbox 417 4865 651 4920; x_wconf 88' lang='lat' dir='ltr'><strong>rentibus</strong></span> <span class='ocrx_word' id='word_1_416' title='bbox 674 4908 688 4931; x_wconf 92' lang='lat'><strong>,</strong></span> <span class='ocrx_word' id='word_1_417' title='bbox 721 4867 901 4937; x_wconf 84' lang='lat' dir='ltr'><strong>eisque</strong></span> <span class='ocrx_word' id='word_1_418' title='bbox 943 4868 1048 4921; x_wconf 85' lang='lat' dir='ltr'><strong>sint</strong></span> <span class='ocrx_word' id='word_1_419' title='bbox 1074 4869 1289 4923; x_wconf 88' lang='lat' dir='ltr'><strong>subditi.</strong></span> <span class='ocrx_word' id='word_1_420' title='bbox 1322 4870 1532 4924; x_wconf 82' lang='lat' dir='ltr'><strong>Christo</strong></span> <span class='ocrx_word' id='word_1_421' title='bbox 1556 4867 1785 4923; x_wconf 91' lang='lat' dir='ltr'><strong>mundus</strong></span> <span class='ocrx_word' id='word_1_422' title='bbox 1811 4870 1993 4923; x_wconf 87' lang='lat' dir='ltr'><strong>subdi-</strong></span> 
     </span>
    </p>
   </div>
   <div class='ocr_carea' id='block_1_53' title="bbox 413 4960 1423 5030">
    <p class='ocr_par' dir='ltr' id='par_1_53' title="bbox 413 4960 1423 5030">
     <span class='ocr_line' id='line_1_53' title="bbox 413 4960 1423 5030; baseline 0.003 -19"><span class='ocrx_word' id='word_1_423' title='bbox 413 4970 497 5013; x_wconf 86' lang='lat' dir='ltr'><strong>tus</strong></span> <span class='ocrx_word' id='word_1_424' title='bbox 517 5002 532 5025; x_wconf 92' lang='lat'><strong>,</strong></span> <span class='ocrx_word' id='word_1_425' title='bbox 564 4960 806 5014; x_wconf 75' lang='lat' dir='ltr'><strong>Christus</strong></span> <span class='ocrx_word' id='word_1_426' title='bbox 833 4961 1137 5030; x_wconf 87' lang='lat' dir='ltr'><strong>parentibus</strong></span> <span class='ocrx_word' id='word_1_427' title='bbox 1159 4962 1423 5015; x_wconf 87' lang='lat' dir='ltr'><strong>subditus.</strong></span> 
     </span>
    </p>
   </div>
   <div class='ocr_carea' id='block_1_54' title="bbox 480 5049 1989 5120">
    <p class='ocr_par' dir='ltr' id='par_1_54' title="bbox 480 5049 1989 5120">
     <span class='ocr_line' id='line_1_54' title="bbox 480 5049 1989 5120; baseline 0.001 -17"><span class='ocrx_word' id='word_1_428' title='bbox 480 5051 568 5104; x_wconf 73' lang='lat'><strong>20.</strong></span> <span class='ocrx_word' id='word_1_429' title='bbox 620 5049 846 5104; x_wconf 77' lang='lat' dir='ltr'><strong>Christus</strong></span> <span class='ocrx_word' id='word_1_430' title='bbox 900 5060 948 5104; x_wconf 88' lang='lat' dir='ltr'><strong>et</strong></span> <span class='ocrx_word' id='word_1_431' title='bbox 994 5051 1133 5120; x_wconf 83' lang='lat' dir='ltr'><strong>ﬁlius</strong></span> <span class='ocrx_word' id='word_1_432' title='bbox 1172 5062 1217 5105; x_wconf 88' lang='lat' dir='ltr'><strong>et</strong></span> <span class='ocrx_word' id='word_1_433' title='bbox 1257 5051 1503 5104; x_wconf 89' lang='lat' dir='ltr'><strong>Dominus</strong></span> <span class='ocrx_word' id='word_1_434' title='bbox 1550 5050 1737 5105; x_wconf 83' lang='lat' dir='ltr'><strong>David.</strong></span> <span class='ocrx_word' id='word_1_435' title='bbox 1792 5051 1989 5105; x_wconf 80' lang='lat' dir='ltr'><strong>Videtis</strong></span> 
     </span>
    </p>
   </div>
   <div class='ocr_carea' id='block_1_55' title="bbox 412 5140 1990 5213">
    <p class='ocr_par' dir='ltr' id='par_1_55' title="bbox 412 5140 1990 5213">
     <span class='ocr_line' id='line_1_55' title="bbox 412 5140 1990 5213; baseline 0 -17"><span class='ocrx_word' id='word_1_436' title='bbox 412 5158 537 5210; x_wconf 73' lang='lat' dir='ltr'><strong>elgo</strong></span> <span class='ocrx_word' id='word_1_437' title='bbox 557 5181 570 5203; x_wconf 88' lang='lat'><strong>,</strong></span> <span class='ocrx_word' id='word_1_438' title='bbox 599 5140 822 5207; x_wconf 80' lang='lat' dir='ltr'><strong>fratres,</strong></span> <span class='ocrx_word' id='word_1_439' title='bbox 846 5142 983 5210; x_wconf 87' lang='lat' dir='ltr'><strong>quod</strong></span> <span class='ocrx_word' id='word_1_440' title='bbox 1014 5156 1115 5197; x_wconf 90' lang='lat' dir='ltr'><strong>n0n</strong></span> <span class='ocrx_word' id='word_1_441' title='bbox 1145 5144 1213 5197; x_wconf 91' lang='lat' dir='ltr'><strong>ita</strong></span> <span class='ocrx_word' id='word_1_442' title='bbox 1240 5143 1465 5208; x_wconf 77' lang='lat' dir='ltr'><strong>dixerit,</strong></span> <span class='ocrx_word' id='word_1_443' title='bbox 1497 5142 1702 5213; x_wconf 83' lang='lat' dir='ltr'><strong>Oportet</strong></span> <span class='ocrx_word' id='word_1_444' title='bbox 1731 5158 1810 5196; x_wconf 90' lang='lat' dir='ltr'><strong>me</strong></span> <span class='ocrx_word' id='word_1_445' title='bbox 1831 5143 1884 5195; x_wconf 86' lang='lat' dir='ltr'><strong>in</strong></span> <span class='ocrx_word' id='word_1_446' title='bbox 1911 5143 1990 5196; x_wconf 89' lang='lat' dir='ltr'><strong>his</strong></span> 
     </span>
    </p>
   </div>
   <div class='ocr_carea' id='block_1_56' title="bbox 409 5232 1988 5303">
    <p class='ocr_par' dir='ltr' id='par_1_56' title="bbox 409 5232 1988 5303">
     <span class='ocr_line' id='line_1_56' title="bbox 409 5232 1988 5303; baseline 0.001 -16"><span class='ocrx_word' id='word_1_447' title='bbox 409 5250 524 5299; x_wconf 63' lang='lat' dir='ltr'><strong>qua</strong></span> <span class='ocrx_word' id='word_1_448' title='bbox 562 5232 731 5286; x_wconf 82' lang='lat' dir='ltr'><strong>Patris</strong></span> <span class='ocrx_word' id='word_1_449' title='bbox 757 5234 853 5285; x_wconf 82' lang='lat' dir='ltr'><strong>mei</strong></span> <span class='ocrx_word' id='word_1_450' title='bbox 876 5242 991 5285; x_wconf 86' lang='lat' dir='ltr'><strong>sunt</strong></span> <span class='ocrx_word' id='word_1_451' title='bbox 1015 5249 1118 5288; x_wconf 86' lang='lat' dir='ltr'><strong>esse</strong></span> <span class='ocrx_word' id='word_1_452' title='bbox 1140 5275 1156 5299; x_wconf 93' lang='lat'><strong>,</strong></span> <span class='ocrx_word' id='word_1_453' title='bbox 1189 5235 1682 5303; x_wconf 79' lang='lat' dir='ltr'><strong>utintelligeremus</strong></span> <span class='ocrx_word' id='word_1_454' title='bbox 1718 5234 1866 5303; x_wconf 88' lang='lat' dir='ltr'><strong>quasi</strong></span> <span class='ocrx_word' id='word_1_455' title='bbox 1903 5232 1988 5288; x_wconf 90' lang='lat' dir='ltr'><strong>di-</strong></span> 
     </span>
    </p>
   </div>
   <div class='ocr_carea' id='block_1_57' title="bbox 410 5322 1988 5394">
    <p class='ocr_par' dir='ltr' id='par_1_57' title="bbox 410 5322 1988 5394">
     <span class='ocr_line' id='line_1_57' title="bbox 410 5322 1988 5394; baseline 0.001 -17"><span class='ocrx_word' id='word_1_456' title='bbox 410 5334 582 5387; x_wconf 85' lang='lat' dir='ltr'><strong>ctum,</strong></span> <span class='ocrx_word' id='word_1_457' title='bbox 612 5322 715 5376; x_wconf 83' lang='lat' dir='ltr'><strong>Vos</strong></span> <span class='ocrx_word' id='word_1_458' title='bbox 749 5337 853 5377; x_wconf 90' lang='lat' dir='ltr'><strong>non</strong></span> <span class='ocrx_word' id='word_1_459' title='bbox 885 5322 1010 5377; x_wconf 85' lang='lat' dir='ltr'><strong>estis</strong></span> <span class='ocrx_word' id='word_1_460' title='bbox 1036 5334 1281 5394; x_wconf 87' lang='lat' dir='ltr'><strong>parentes</strong></span> <span class='ocrx_word' id='word_1_461' title='bbox 1310 5324 1433 5378; x_wconf 88' lang='lat' dir='ltr'><strong>mei.</strong></span> <span class='ocrx_word' id='word_1_462' title='bbox 1475 5324 1578 5378; x_wconf 88' lang='lat' dir='ltr'><strong>Sed</strong></span> <span class='ocrx_word' id='word_1_463' title='bbox 1629 5333 1871 5392; x_wconf 80' lang='lat' dir='ltr'><strong>parentes</strong></span> <span class='ocrx_word' id='word_1_464' title='bbox 1914 5324 1988 5378; x_wconf 82' lang='lat' dir='ltr'><strong>illi</strong></span> 
     </span>
    </p>
   </div>
   <div class='ocr_carea' id='block_1_58' title="bbox 410 5412 1988 5483">
    <p class='ocr_par' dir='ltr' id='par_1_58' title="bbox 410 5412 1988 5483">
     <span class='ocr_line' id='line_1_58' title="bbox 410 5412 1988 5483; baseline 0.001 -17"><span class='ocrx_word' id='word_1_465' title='bbox 410 5413 790 5481; x_wconf 81' lang='lat' dir='ltr'><strong>tcmporaliter,</strong></span> <span class='ocrx_word' id='word_1_466' title='bbox 819 5413 975 5468; x_wconf 80' lang='lat' dir='ltr'><strong>Pater</strong></span> <span class='ocrx_word' id='word_1_467' title='bbox 999 5415 1085 5467; x_wconf 89' lang='lat' dir='ltr'><strong>ille</strong></span> <span class='ocrx_word' id='word_1_468' title='bbox 1114 5414 1451 5483; x_wconf 79' lang='lat' dir='ltr'><strong>sempiterno.</strong></span> <span class='ocrx_word' id='word_1_469' title='bbox 1488 5414 1740 5468; x_wconf 87' lang='lat' dir='ltr'><strong>Parentes</strong></span> <span class='ocrx_word' id='word_1_470' title='bbox 1783 5414 1855 5468; x_wconf 89' lang='lat' dir='ltr'><strong>illi</strong></span> <span class='ocrx_word' id='word_1_471' title='bbox 1896 5412 1988 5468; x_wconf 84' lang='lat' dir='ltr'><strong>lilii</strong></span> 
     </span>
    </p>
   </div>
   <div class='ocr_carea' id='block_1_59' title="bbox 412 5502 1987 5573">
    <p class='ocr_par' dir='ltr' id='par_1_59' title="bbox 412 5502 1987 5573">
     <span class='ocr_line' id='line_1_59' title="bbox 412 5502 1987 5573; baseline 0.004 -20"><span class='ocrx_word' id='word_1_472' title='bbox 412 5502 668 5560; x_wconf 83' lang='lat' dir='ltr'><strong>hominis.</strong></span> <span class='ocrx_word' id='word_1_473' title='bbox 717 5502 871 5557; x_wconf 86' lang='lat' dir='ltr'><strong>Pater</strong></span> <span class='ocrx_word' id='word_1_474' title='bbox 915 5502 1005 5558; x_wconf 88' lang='lat' dir='ltr'><strong>ille</strong></span> <span class='ocrx_word' id='word_1_475' title='bbox 1050 5502 1204 5558; x_wconf 81' lang='lat' dir='ltr'><strong>Verbi</strong></span> <span class='ocrx_word' id='word_1_476' title='bbox 1245 5512 1300 5559; x_wconf 87' lang='lat' dir='ltr'><strong>et</strong></span> <span class='ocrx_word' id='word_1_477' title='bbox 1339 5504 1622 5573; x_wconf 72' lang='lat' dir='ltr'><strong>Sapientia:</strong></span> <span class='ocrx_word' id='word_1_478' title='bbox 1651 5519 1796 5570; x_wconf 67' lang='lat' dir='ltr'><strong>snas,</strong></span> <span class='ocrx_word' id='word_1_479' title='bbox 1830 5504 1987 5560; x_wconf 83' lang='lat' dir='ltr'><strong>Pater</strong></span> 
     </span>
    </p>
   </div>
   <div class='ocr_carea' id='block_1_60' title="bbox 411 5594 1977 5677">
    <p class='ocr_par' dir='ltr' id='par_1_60' title="bbox 411 5594 1977 5677">
     <span class='ocr_line' id='line_1_60' title="bbox 411 5594 1977 5677; baseline 0.001 -29"><span class='ocrx_word' id='word_1_480' title='bbox 411 5594 631 5666; x_wconf 63' lang='lat' dir='ltr'><strong>Virtutis</strong></span> <span class='ocrx_word' id='word_1_481' title='bbox 650 5611 756 5677; x_wconf 66' lang='lat' dir='ltr'><strong>sate</strong></span> <span class='ocrx_word' id='word_1_482' title='bbox 775 5636 791 5661; x_wconf 95' lang='lat'><strong>,</strong></span> <span class='ocrx_word' id='word_1_483' title='bbox 821 5611 913 5674; x_wconf 85' lang='lat' dir='ltr'><strong>per</strong></span> <span class='ocrx_word' id='word_1_484' title='bbox 940 5613 1096 5667; x_wconf 84' lang='lat' dir='ltr'><strong>quam</strong></span> <span class='ocrx_word' id='word_1_485' title='bbox 1117 5608 1303 5652; x_wconf 74' lang='lat' dir='ltr'><strong>cuneta</strong></span> <span class='ocrx_word' id='word_1_486' title='bbox 1336 5597 1597 5656; x_wconf 85' lang='lat' dir='ltr'><strong>formavit.</strong></span> <span class='ocrx_word' id='word_1_487' title='bbox 1627 5597 1700 5653; x_wconf 65' lang='lat' dir='ltr'><strong>Sb</strong></span> <span class='ocrx_word' id='word_1_488' title='bbox 1712 5613 1804 5669; x_wconf 83' lang='lat' dir='ltr'><strong>per</strong></span> <span class='ocrx_word' id='word_1_489' title='bbox 1835 5598 1977 5651; x_wconf 85' lang='lat' dir='ltr'><strong>illam</strong></span> 
     </span>
    </p>
   </div>
   <div class='ocr_carea' id='block_1_61' title="bbox 1676 222 2488 283">
    <p class='ocr_par' dir='ltr' id='par_1_61' title="bbox 1676 222 2488 283">
     <span class='ocr_line' id='line_1_61' title="bbox 1676 222 2488 283; baseline -0.004 -1"><span class='ocrx_word' id='word_1_490' title='bbox 1676 226 1735 282; x_wconf 86' lang='lat' dir='ltr'><strong>S.</strong></span> <span class='ocrx_word' id='word_1_491' title='bbox 1776 222 2137 283; x_wconf 83' lang='lat' dir='ltr'><strong>AUGUSTINI</strong></span> <span class='ocrx_word' id='word_1_492' title='bbox 2181 223 2488 282; x_wconf 84' lang='lat' dir='ltr'><strong>EPISCOPI</strong></span> 
     </span>
    </p>
   </div>
   <div class='ocr_carea' id='block_1_62' title="bbox 3599 224 3707 280">
    <p class='ocr_par' dir='ltr' id='par_1_62' title="bbox 3599 224 3707 280">
     <span class='ocr_line' id='line_1_62' title="bbox 3599 224 3707 280; baseline 0 0"><span class='ocrx_word' id='word_1_493' title='bbox 3599 224 3707 280; x_wconf 62' lang='grc'><strong>554</strong></span> 
     </span>
    </p>
   </div>
   <div class='ocr_carea' id='block_1_63' title="bbox 2129 336 3698 413">
    <p class='ocr_par' dir='ltr' id='par_1_63' title="bbox 2129 336 3698 413">
     <span class='ocr_line' id='line_1_63' title="bbox 2129 336 3698 413; baseline 0.001 -23"><span class='ocrx_word' id='word_1_494' title='bbox 2129 336 2421 392; x_wconf 78' lang='lat' dir='ltr'><strong>formantur</strong></span> <span class='ocrx_word' id='word_1_495' title='bbox 2441 339 2716 403; x_wconf 83' lang='lat' dir='ltr'><strong>universa,</strong></span> <span class='ocrx_word' id='word_1_496' title='bbox 2745 353 2863 410; x_wconf 73' lang='lat' dir='ltr'><strong>qua:</strong></span> <span class='ocrx_word' id='word_1_497' title='bbox 2895 339 3102 413; x_wconf 79' lang='lat' dir='ltr'><strong>attingit</strong></span> <span class='ocrx_word' id='word_1_498' title='bbox 3133 357 3161 393; x_wconf 88' lang='lat' dir='ltr'><strong>a</strong></span> <span class='ocrx_word' id='word_1_499' title='bbox 3199 338 3305 395; x_wconf 86' lang='lat' dir='ltr'><strong>line</strong></span> <span class='ocrx_word' id='word_1_500' title='bbox 3344 353 3506 411; x_wconf 74' lang='lat' dir='ltr'><strong>uSque</strong></span> <span class='ocrx_word' id='word_1_501' title='bbox 3540 337 3607 394; x_wconf 78' lang='lat' dir='ltr'><strong>ad</strong></span> <span class='ocrx_word' id='word_1_502' title='bbox 3633 339 3698 392; x_wconf 80' lang='lat' dir='ltr'><strong>li-</strong></span> 
     </span>
    </p>
   </div>
   <div class='ocr_carea' id='block_1_64' title="bbox 2127 430 3699 505">
    <p class='ocr_par' dir='ltr' id='par_1_64' title="bbox 2127 430 3699 505">
     <span class='ocr_line' id='line_1_64' title="bbox 2127 430 3699 505; baseline 0.002 -23"><span class='ocrx_word' id='word_1_503' title='bbox 2127 445 2245 482; x_wconf 85' lang='lat' dir='ltr'><strong>nem</strong></span> <span class='ocrx_word' id='word_1_504' title='bbox 2275 430 2479 484; x_wconf 82' lang='lat' dir='ltr'><strong>fortiter</strong></span> <span class='ocrx_word' id='word_1_505' title='bbox 2503 439 2556 483; x_wconf 84' lang='lat' dir='ltr'><strong>et</strong></span> <span class='ocrx_word' id='word_1_506' title='bbox 2576 430 2807 500; x_wconf 88' lang='lat' dir='ltr'><strong>disponit</strong></span> <span class='ocrx_word' id='word_1_507' title='bbox 2833 433 3006 487; x_wconf 90' lang='lat' dir='ltr'><strong>omnia</strong></span> <span class='ocrx_word' id='word_1_508' title='bbox 3032 434 3262 487; x_wconf 84' lang='lat' dir='ltr'><strong>suaviter</strong></span> <span class='ocrx_word' id='word_1_509' title='bbox 3283 433 3435 505; x_wconf 83' lang='lat' dir='ltr'><strong>(Sap.</strong></span> <span class='ocrx_word' id='word_1_510' title='bbox 3461 448 3580 497; x_wconf 90' lang='lat' dir='ltr'><strong>vm,</strong></span> <span class='ocrx_word' id='word_1_511' title='bbox 3615 430 3699 500; x_wconf 84' lang='lat' dir='ltr'><strong>l),</strong></span> 
     </span>
    </p>
   </div>
   <div class='ocr_carea' id='block_1_65' title="bbox 2084 508 3701 590">
    <p class='ocr_par' dir='ltr' id='par_1_65' title="bbox 2084 508 3701 590">
     <span class='ocr_line' id='line_1_65' title="bbox 2084 508 3701 590; baseline 0.005 -22"><span class='ocrx_word' id='word_1_512' title='bbox 2084 536 2097 544; x_wconf 83' lang='grc'><strong>-</strong></span> <span class='ocrx_word' id='word_1_513' title='bbox 2127 532 2220 585; x_wconf 89' lang='lat' dir='ltr'><strong>per</strong></span> <span class='ocrx_word' id='word_1_514' title='bbox 2244 517 2433 571; x_wconf 78' lang='lat' dir='ltr'><strong>Filium</strong></span> <span class='ocrx_word' id='word_1_515' title='bbox 2465 519 2553 572; x_wconf 88' lang='lat' dir='ltr'><strong>Dei</strong></span> <span class='ocrx_word' id='word_1_516' title='bbox 2586 528 2639 573; x_wconf 91' lang='lat' dir='ltr'><strong>et</strong></span> <span class='ocrx_word' id='word_1_517' title='bbox 2668 520 2740 573; x_wconf 84' lang='lat' dir='ltr'><strong>illi</strong></span> <span class='ocrx_word' id='word_1_518' title='bbox 2768 508 2972 574; x_wconf 79' lang='lat' dir='ltr'><strong>formati</strong></span> <span class='ocrx_word' id='word_1_519' title='bbox 3002 531 3123 576; x_wconf 87' lang='lat' dir='ltr'><strong>sunt</strong></span> <span class='ocrx_word' id='word_1_520' title='bbox 3144 562 3158 586; x_wconf 94' lang='lat'><strong>,</strong></span> <span class='ocrx_word' id='word_1_521' title='bbox 3199 521 3389 590; x_wconf 87' lang='lat' dir='ltr'><strong>quibus</strong></span> <span class='ocrx_word' id='word_1_522' title='bbox 3420 520 3555 574; x_wconf 86' lang='lat' dir='ltr'><strong>idem</strong></span> <span class='ocrx_word' id='word_1_523' title='bbox 3584 520 3701 589; x_wconf 83' lang='lat' dir='ltr'><strong>ipse</strong></span> 
     </span>
    </p>
   </div>
   <div class='ocr_carea' id='block_1_66' title="bbox 2126 610 3699 680">
    <p class='ocr_par' dir='ltr' id='par_1_66' title="bbox 2126 610 3699 680">
     <span class='ocr_line' id='line_1_66' title="bbox 2126 610 3699 680; baseline 0.002 -19"><span class='ocrx_word' id='word_1_524' title='bbox 2126 618 2304 676; x_wconf 84' lang='lat' dir='ltr'><strong>postea</strong></span> <span class='ocrx_word' id='word_1_525' title='bbox 2354 610 2487 663; x_wconf 81' lang='lat' dir='ltr'><strong>titius</strong></span> <span class='ocrx_word' id='word_1_526' title='bbox 2530 610 2758 665; x_wconf 88' lang='lat' dir='ltr'><strong>hominis</strong></span> <span class='ocrx_word' id='word_1_527' title='bbox 2792 611 3123 666; x_wconf 82' lang='lat' dir='ltr'><strong>subderetur.</strong></span> <span class='ocrx_word' id='word_1_528' title='bbox 3158 613 3223 666; x_wconf 82' lang='lat' dir='ltr'><strong>Et</strong></span> <span class='ocrx_word' id='word_1_529' title='bbox 3249 611 3534 680; x_wconf 72' lang='lat' dir='ltr'><strong>Apostolus</strong></span> <span class='ocrx_word' id='word_1_530' title='bbox 3570 612 3699 664; x_wconf 82' lang='lat' dir='ltr'><strong>dicit</strong></span> 
     </span>
    </p>
   </div>
   <div class='ocr_carea' id='block_1_67' title="bbox 2126 698 3704 773">
    <p class='ocr_par' dir='ltr' id='par_1_67' title="bbox 2126 698 3704 773">
     <span class='ocr_line' id='line_1_67' title="bbox 2126 698 3704 773; baseline 0.001 -22"><span class='ocrx_word' id='word_1_531' title='bbox 2126 713 2244 751; x_wconf 89' lang='lat' dir='ltr'><strong>cum</strong></span> <span class='ocrx_word' id='word_1_532' title='bbox 2290 698 2452 751; x_wconf 80' lang='lat' dir='ltr'><strong>filium</strong></span> <span class='ocrx_word' id='word_1_533' title='bbox 2498 700 2661 754; x_wconf 82' lang='lat' dir='ltr'><strong>David</strong></span> <span class='ocrx_word' id='word_1_534' title='bbox 2705 720 2716 754; x_wconf 93' lang='lat'>:</span> <span class='ocrx_word' id='word_1_535' title='bbox 2754 701 2851 768; x_wconf 83' lang='lat' dir='ltr'><strong>Qui</strong></span> <span class='ocrx_word' id='word_1_536' title='bbox 2887 706 3051 773; x_wconf 75' lang='lat' dir='ltr'><strong>factus</strong></span> <span class='ocrx_word' id='word_1_537' title='bbox 3090 712 3164 757; x_wconf 87' lang='lat' dir='ltr'><strong>est</strong></span> <span class='ocrx_word' id='word_1_538' title='bbox 3192 704 3265 769; x_wconf 86' lang='lat' dir='ltr'><strong>ei,</strong></span> <span class='ocrx_word' id='word_1_539' title='bbox 3312 703 3511 771; x_wconf 87' lang='lat' dir='ltr'><strong>inquit,</strong></span> <span class='ocrx_word' id='word_1_540' title='bbox 3538 718 3704 756; x_wconf 62' lang='lat' dir='ltr'><strong>case-</strong></span> 
     </span>
    </p>
   </div>
   <div class='ocr_carea' id='block_1_68' title="bbox 2125 788 3701 864">
    <p class='ocr_par' dir='ltr' id='par_1_68' title="bbox 2125 788 3701 864">
     <span class='ocr_line' id='line_1_68' title="bbox 2125 788 3701 864; baseline 0.005 -24"><span class='ocrx_word' id='word_1_541' title='bbox 2125 789 2257 842; x_wconf 85' lang='lat' dir='ltr'><strong>miue</strong></span> <span class='ocrx_word' id='word_1_542' title='bbox 2275 788 2441 842; x_wconf 86' lang='lat' dir='ltr'><strong>David</strong></span> <span class='ocrx_word' id='word_1_543' title='bbox 2459 832 2473 856; x_wconf 96' lang='lat'><strong>,</strong></span> <span class='ocrx_word' id='word_1_544' title='bbox 2501 792 2770 844; x_wconf 79' lang='lat' dir='ltr'><strong>secmtdum</strong></span> <span class='ocrx_word' id='word_1_545' title='bbox 2794 810 2993 846; x_wconf 85' lang='lat' dir='ltr'><strong>carnem</strong></span> <span class='ocrx_word' id='word_1_546' title='bbox 3022 792 3192 864; x_wconf 84' lang='lat' dir='ltr'><strong>(Rom.</strong></span> <span class='ocrx_word' id='word_1_547' title='bbox 3220 809 3269 860; x_wconf 86' lang='lat' dir='ltr'><strong>l,</strong></span> <span class='ocrx_word' id='word_1_548' title='bbox 3298 794 3373 863; x_wconf 77' lang='lat'><strong>5).</strong></span> <span class='ocrx_word' id='word_1_549' title='bbox 3399 791 3501 848; x_wconf 82' lang='lat' dir='ltr'><strong>Sed</strong></span> <span class='ocrx_word' id='word_1_550' title='bbox 3526 802 3701 847; x_wconf 83' lang='lat' dir='ltr'><strong>tamen</strong></span> 
     </span>
    </p>
   </div>
   <div class='ocr_carea' id='block_1_69' title="bbox 2125 876 3703 951">
    <p class='ocr_par' dir='ltr' id='par_1_69' title="bbox 2125 876 3703 951">
     <span class='ocr_line' id='line_1_69' title="bbox 2125 876 3703 951; baseline 0.004 -22"><span class='ocrx_word' id='word_1_551' title='bbox 2125 876 2237 945; x_wconf 87' lang='lat' dir='ltr'><strong>ipse</strong></span> <span class='ocrx_word' id='word_1_552' title='bbox 2268 878 2518 933; x_wconf 83' lang='lat' dir='ltr'><strong>Dominus</strong></span> <span class='ocrx_word' id='word_1_553' title='bbox 2539 880 2883 947; x_wconf 66' lang='lat' dir='ltr'><strong>qumsliouem</strong></span> <span class='ocrx_word' id='word_1_554' title='bbox 2925 882 3164 949; x_wconf 89' lang='lat' dir='ltr'><strong>proponit</strong></span> <span class='ocrx_word' id='word_1_555' title='bbox 3205 880 3431 945; x_wconf 72' lang='lat' dir='ltr'><strong>Juda-is,</strong></span> <span class='ocrx_word' id='word_1_556' title='bbox 3461 898 3615 951; x_wconf 86' lang='lat' dir='ltr'><strong>quam</strong></span> <span class='ocrx_word' id='word_1_557' title='bbox 3647 880 3703 936; x_wconf 80' lang='lat' dir='ltr'><strong>in</strong></span> 
     </span>
    </p>
   </div>
   <div class='ocr_carea' id='block_1_70' title="bbox 2124 964 3699 1039">
    <p class='ocr_par' dir='ltr' id='par_1_70' title="bbox 2124 964 3699 1039">
     <span class='ocr_line' id='line_1_70' title="bbox 2124 964 3699 1039; baseline 0.004 -20"><span class='ocrx_word' id='word_1_558' title='bbox 2124 964 2207 1020; x_wconf 89' lang='lat' dir='ltr'><strong>his</strong></span> <span class='ocrx_word' id='word_1_559' title='bbox 2239 968 2365 1036; x_wconf 89' lang='lat' dir='ltr'><strong>ipsis</strong></span> <span class='ocrx_word' id='word_1_560' title='bbox 2398 968 2570 1022; x_wconf 79' lang='lat' dir='ltr'><strong>verbis</strong></span> <span class='ocrx_word' id='word_1_561' title='bbox 2600 969 2756 1024; x_wconf 78' lang='lat' dir='ltr'><strong>solvit</strong></span> <span class='ocrx_word' id='word_1_562' title='bbox 2789 972 3092 1039; x_wconf 82' lang='lat' dir='ltr'><strong>Apostolus.</strong></span> <span class='ocrx_word' id='word_1_563' title='bbox 3124 972 3256 1026; x_wconf 86' lang='lat' dir='ltr'><strong>Cum</strong></span> <span class='ocrx_word' id='word_1_564' title='bbox 3292 972 3432 1025; x_wconf 82' lang='lat' dir='ltr'><strong>enim</strong></span> <span class='ocrx_word' id='word_1_565' title='bbox 3468 972 3699 1035; x_wconf 83' lang='lat' dir='ltr'><strong>diceret,</strong></span> 
     </span>
    </p>
   </div>
   <div class='ocr_carea' id='block_1_71' title="bbox 2125 1058 3705 1128">
    <p class='ocr_par' dir='ltr' id='par_1_71' title="bbox 2125 1058 3705 1128">
     <span class='ocr_line' id='line_1_71' title="bbox 2125 1058 3705 1128; baseline 0.004 -18"><span class='ocrx_word' id='word_1_566' title='bbox 2125 1058 2227 1124; x_wconf 84' lang='lat' dir='ltr'><strong>Qui</strong></span> <span class='ocrx_word' id='word_1_567' title='bbox 2254 1060 2419 1127; x_wconf 82' lang='lat' dir='ltr'><strong>[actus</strong></span> <span class='ocrx_word' id='word_1_568' title='bbox 2441 1070 2512 1114; x_wconf 88' lang='lat' dir='ltr'><strong>est</strong></span> <span class='ocrx_word' id='word_1_569' title='bbox 2543 1062 2588 1114; x_wconf 88' lang='lat' dir='ltr'><strong>ei</strong></span> <span class='ocrx_word' id='word_1_570' title='bbox 2615 1079 2677 1115; x_wconf 77' lang='lat' dir='ltr'><strong>ea:</strong></span> <span class='ocrx_word' id='word_1_571' title='bbox 2700 1063 2885 1115; x_wconf 86' lang='lat' dir='ltr'><strong>semine</strong></span> <span class='ocrx_word' id='word_1_572' title='bbox 2912 1061 3110 1128; x_wconf 86' lang='lat' dir='ltr'><strong>David;</strong></span> <span class='ocrx_word' id='word_1_573' title='bbox 3137 1062 3203 1117; x_wconf 88' lang='lat' dir='ltr'><strong>ad</strong></span> <span class='ocrx_word' id='word_1_574' title='bbox 3235 1064 3334 1118; x_wconf 87' lang='lat' dir='ltr'><strong>hoc</strong></span> <span class='ocrx_word' id='word_1_575' title='bbox 3362 1063 3587 1127; x_wconf 85' lang='lat' dir='ltr'><strong>addidit,</strong></span> <span class='ocrx_word' id='word_1_576' title='bbox 3623 1081 3705 1117; x_wconf 78' lang='lat' dir='ltr'><strong>se-</strong></span> 
     </span>
    </p>
   </div>
   <div class='ocr_carea' id='block_1_72' title="bbox 2121 1148 3704 1220">
    <p class='ocr_par' dir='ltr' id='par_1_72' title="bbox 2121 1148 3704 1220">
     <span class='ocr_line' id='line_1_72' title="bbox 2121 1148 3704 1220; baseline 0.006 -20"><span class='ocrx_word' id='word_1_577' title='bbox 2121 1148 2342 1201; x_wconf 87' lang='lat' dir='ltr'><strong>cundum</strong></span> <span class='ocrx_word' id='word_1_578' title='bbox 2368 1166 2596 1212; x_wconf 85' lang='lat' dir='ltr'><strong>carnem,</strong></span> <span class='ocrx_word' id='word_1_579' title='bbox 2638 1162 2694 1204; x_wconf 91' lang='lat' dir='ltr'><strong>ut</strong></span> <span class='ocrx_word' id='word_1_580' title='bbox 2724 1152 3105 1220; x_wconf 82' lang='lat' dir='ltr'><strong>intelligeretur</strong></span> <span class='ocrx_word' id='word_1_581' title='bbox 3133 1153 3422 1207; x_wconf 80' lang='lat' dir='ltr'><strong>secundum</strong></span> <span class='ocrx_word' id='word_1_582' title='bbox 3451 1153 3704 1208; x_wconf 85' lang='lat' dir='ltr'><strong>divinita-</strong></span> 
     </span>
    </p>
   </div>
   <div class='ocr_carea' id='block_1_73' title="bbox 2123 1240 3705 1307">
    <p class='ocr_par' dir='ltr' id='par_1_73' title="bbox 2123 1240 3705 1307">
     <span class='ocr_line' id='line_1_73' title="bbox 2123 1240 3705 1307; baseline 0.005 -17"><span class='ocrx_word' id='word_1_583' title='bbox 2123 1243 2227 1291; x_wconf 90' lang='lat' dir='ltr'><strong>tem</strong></span> <span class='ocrx_word' id='word_1_584' title='bbox 2271 1252 2373 1291; x_wconf 86' lang='lat' dir='ltr'><strong>noo</strong></span> <span class='ocrx_word' id='word_1_585' title='bbox 2404 1254 2522 1294; x_wconf 88' lang='lat' dir='ltr'><strong>esse</strong></span> <span class='ocrx_word' id='word_1_586' title='bbox 2555 1240 2690 1293; x_wconf 78' lang='lat' dir='ltr'><strong>illius</strong></span> <span class='ocrx_word' id='word_1_587' title='bbox 2720 1240 2914 1307; x_wconf 70' lang='lat' dir='ltr'><strong>David,</strong></span> <span class='ocrx_word' id='word_1_588' title='bbox 2961 1242 3051 1295; x_wconf 84' lang='lat' dir='ltr'><strong>sed</strong></span> <span class='ocrx_word' id='word_1_589' title='bbox 3086 1242 3247 1295; x_wconf 85' lang='lat' dir='ltr'><strong>Filius</strong></span> <span class='ocrx_word' id='word_1_590' title='bbox 3292 1243 3412 1307; x_wconf 88' lang='lat' dir='ltr'><strong>Dei,</strong></span> <span class='ocrx_word' id='word_1_591' title='bbox 3447 1244 3705 1298; x_wconf 84' lang='lat' dir='ltr'><strong>Dominus</strong></span> 
     </span>
    </p>
   </div>
   <div class='ocr_carea' id='block_1_74' title="bbox 2121 1320 3704 1403">
    <p class='ocr_par' dir='ltr' id='par_1_74' title="bbox 2121 1320 3704 1403">
     <span class='ocr_line' id='line_1_74' title="bbox 2121 1320 3704 1403; baseline 0.003 -20"><span class='ocrx_word' id='word_1_592' title='bbox 2121 1329 2302 1383; x_wconf 82' lang='lat' dir='ltr'><strong>David.</strong></span> <span class='ocrx_word' id='word_1_593' title='bbox 2333 1330 2463 1384; x_wconf 88' lang='lat' dir='ltr'><strong>Nam</strong></span> <span class='ocrx_word' id='word_1_594' title='bbox 2493 1341 2545 1386; x_wconf 93' lang='lat' dir='ltr'><strong>et</strong></span> <span class='ocrx_word' id='word_1_595' title='bbox 2564 1332 2668 1385; x_wconf 90' lang='lat' dir='ltr'><strong>alio</strong></span> <span class='ocrx_word' id='word_1_596' title='bbox 2698 1333 2811 1386; x_wconf 90' lang='lat' dir='ltr'><strong>loco</strong></span> <span class='ocrx_word' id='word_1_597' title='bbox 2835 1333 2911 1386; x_wconf 82' lang='lat' dir='ltr'><strong>sic</strong></span> <span class='ocrx_word' id='word_1_598' title='bbox 2936 1333 3061 1385; x_wconf 72' lang='lat' dir='ltr'><strong>dicit</strong></span> <span class='ocrx_word' id='word_1_599' title='bbox 3088 1320 3386 1403; x_wconf 72' lang='lat' dir='ltr'><strong>Apostolus,</strong></span> <span class='ocrx_word' id='word_1_600' title='bbox 3410 1350 3528 1389; x_wconf 89' lang='lat' dir='ltr'><strong>cum</strong></span> <span class='ocrx_word' id='word_1_601' title='bbox 3553 1351 3704 1389; x_wconf 81' lang='lat' dir='ltr'><strong>com-</strong></span> 
     </span>
    </p>
   </div>
   <div class='ocr_carea' id='block_1_75' title="bbox 2120 1420 3699 1496">
    <p class='ocr_par' dir='ltr' id='par_1_75' title="bbox 2120 1420 3699 1496">
     <span class='ocr_line' id='line_1_75' title="bbox 2120 1420 3699 1496; baseline 0.005 -24"><span class='ocrx_word' id='word_1_602' title='bbox 2120 1420 2393 1475; x_wconf 85' lang='lat' dir='ltr'><strong>mendaret</strong></span> <span class='ocrx_word' id='word_1_603' title='bbox 2420 1423 2635 1491; x_wconf 89' lang='lat' dir='ltr'><strong>stirpem</strong></span> <span class='ocrx_word' id='word_1_604' title='bbox 2656 1422 2956 1477; x_wconf 66' lang='lat' dir='ltr'><strong>Judmorum</strong></span> <span class='ocrx_word' id='word_1_605' title='bbox 2987 1442 3001 1478; x_wconf 90' lang='lat'><strong>:</strong></span> <span class='ocrx_word' id='word_1_606' title='bbox 3034 1424 3257 1489; x_wconf 86' lang='lat' dir='ltr'><strong>Quorum</strong></span> <span class='ocrx_word' id='word_1_607' title='bbox 3278 1436 3444 1496; x_wconf 84' lang='lat' dir='ltr'><strong>patres</strong></span> <span class='ocrx_word' id='word_1_608' title='bbox 3464 1469 3478 1493; x_wconf 90' lang='lat'><strong>,</strong></span> <span class='ocrx_word' id='word_1_609' title='bbox 3503 1427 3699 1496; x_wconf 83' lang='lat' dir='ltr'><strong>inquit,</strong></span> 
     </span>
    </p>
   </div>
   <div class='ocr_carea' id='block_1_76' title="bbox 2119 1511 3704 1586">
    <p class='ocr_par' dir='ltr' id='par_1_76' title="bbox 2119 1511 3704 1586">
     <span class='ocr_line' id='line_1_76' title="bbox 2119 1511 3704 1586; baseline 0.004 -23"><span class='ocrx_word' id='word_1_610' title='bbox 2119 1524 2180 1563; x_wconf 72' lang='lat' dir='ltr'><strong>ex</strong></span> <span class='ocrx_word' id='word_1_611' title='bbox 2227 1511 2404 1580; x_wconf 79' lang='lat' dir='ltr'><strong>quibus</strong></span> <span class='ocrx_word' id='word_1_612' title='bbox 2446 1511 2674 1566; x_wconf 84' lang='lat' dir='ltr'><strong>Christus</strong></span> <span class='ocrx_word' id='word_1_613' title='bbox 2718 1512 2989 1566; x_wconf 85' lang='lat' dir='ltr'><strong>secundum</strong></span> <span class='ocrx_word' id='word_1_614' title='bbox 3030 1530 3260 1581; x_wconf 73' lang='lat' dir='ltr'><strong>caruerit,</strong></span> <span class='ocrx_word' id='word_1_615' title='bbox 3303 1516 3389 1586; x_wconf 86' lang='lat' dir='ltr'><strong>qui</strong></span> <span class='ocrx_word' id='word_1_616' title='bbox 3427 1525 3499 1568; x_wconf 77' lang='lat' dir='ltr'><strong>est</strong></span> <span class='ocrx_word' id='word_1_617' title='bbox 3543 1534 3704 1585; x_wconf 80' lang='lat' dir='ltr'><strong>super</strong></span> 
     </span>
    </p>
   </div>
   <div class='ocr_carea' id='block_1_77' title="bbox 2119 1600 3704 1674">
    <p class='ocr_par' dir='ltr' id='par_1_77' title="bbox 2119 1600 3704 1674">
     <span class='ocr_line' id='line_1_77' title="bbox 2119 1600 3704 1674; baseline 0.006 -22"><span class='ocrx_word' id='word_1_618' title='bbox 2119 1601 2287 1653; x_wconf 83' lang='lat' dir='ltr'><strong>omnia</strong></span> <span class='ocrx_word' id='word_1_619' title='bbox 2312 1600 2446 1655; x_wconf 76' lang='lat' dir='ltr'><strong>Deus</strong></span> <span class='ocrx_word' id='word_1_620' title='bbox 2474 1602 2757 1657; x_wconf 85' lang='lat' dir='ltr'><strong>benedictus</strong></span> <span class='ocrx_word' id='word_1_621' title='bbox 2784 1605 2837 1657; x_wconf 88' lang='lat' dir='ltr'><strong>in</strong></span> <span class='ocrx_word' id='word_1_622' title='bbox 2866 1604 3052 1658; x_wconf 66' lang='lat' dir='ltr'><strong>saecula</strong></span> <span class='ocrx_word' id='word_1_623' title='bbox 3077 1605 3193 1674; x_wconf 85' lang='lat' dir='ltr'><strong>(1d.</strong></span> <span class='ocrx_word' id='word_1_624' title='bbox 3223 1621 3274 1660; x_wconf 79' lang='lat' dir='ltr'><strong>rx</strong></span> <span class='ocrx_word' id='word_1_625' title='bbox 3293 1646 3307 1671; x_wconf 92' lang='lat'><strong>,</strong></span> <span class='ocrx_word' id='word_1_626' title='bbox 3332 1606 3411 1673; x_wconf 79' lang='lat'><strong>5).</strong></span> <span class='ocrx_word' id='word_1_627' title='bbox 3439 1606 3593 1674; x_wconf 84' lang='lat' dir='ltr'><strong>Quod</strong></span> <span class='ocrx_word' id='word_1_628' title='bbox 3619 1624 3704 1661; x_wconf 79' lang='lat' dir='ltr'><strong>se-</strong></span> 
     </span>
    </p>
   </div>
   <div class='ocr_carea' id='block_1_78' title="bbox 2116 1692 3705 1767">
    <p class='ocr_par' dir='ltr' id='par_1_78' title="bbox 2116 1692 3705 1767">
     <span class='ocr_line' id='line_1_78' title="bbox 2116 1692 3705 1767; baseline 0.006 -25"><span class='ocrx_word' id='word_1_629' title='bbox 2116 1692 2335 1744; x_wconf 85' lang='lat' dir='ltr'><strong>cundum</strong></span> <span class='ocrx_word' id='word_1_630' title='bbox 2354 1709 2551 1745; x_wconf 84' lang='lat' dir='ltr'><strong>carnem</strong></span> <span class='ocrx_word' id='word_1_631' title='bbox 2572 1734 2586 1758; x_wconf 89' lang='lat'><strong>,</strong></span> <span class='ocrx_word' id='word_1_632' title='bbox 2616 1693 2740 1748; x_wconf 88' lang='lat' dir='ltr'><strong>inde</strong></span> <span class='ocrx_word' id='word_1_633' title='bbox 2770 1694 2907 1748; x_wconf 82' lang='lat' dir='ltr'><strong>illius</strong></span> <span class='ocrx_word' id='word_1_634' title='bbox 2939 1695 3100 1748; x_wconf 83' lang='lat' dir='ltr'><strong>David</strong></span> <span class='ocrx_word' id='word_1_635' title='bbox 3132 1711 3145 1748; x_wconf 90' lang='lat'><strong>:</strong></span> <span class='ocrx_word' id='word_1_636' title='bbox 3178 1696 3317 1765; x_wconf 87' lang='lat' dir='ltr'><strong>quod</strong></span> <span class='ocrx_word' id='word_1_637' title='bbox 3348 1706 3521 1750; x_wconf 89' lang='lat' dir='ltr'><strong>autem</strong></span> <span class='ocrx_word' id='word_1_638' title='bbox 3544 1714 3705 1767; x_wconf 78' lang='lat' dir='ltr'><strong>super</strong></span> 
     </span>
    </p>
   </div>
   <div class='ocr_carea' id='block_1_79' title="bbox 2116 1782 3705 1850">
    <p class='ocr_par' dir='ltr' id='par_1_79' title="bbox 2116 1782 3705 1850">
     <span class='ocr_line' id='line_1_79' title="bbox 2116 1782 3705 1850; baseline 0.004 -16"><span class='ocrx_word' id='word_1_639' title='bbox 2116 1784 2286 1834; x_wconf 86' lang='lat' dir='ltr'><strong>omnia</strong></span> <span class='ocrx_word' id='word_1_640' title='bbox 2320 1782 2453 1836; x_wconf 88' lang='lat' dir='ltr'><strong>Deus</strong></span> <span class='ocrx_word' id='word_1_641' title='bbox 2494 1784 2775 1838; x_wconf 86' lang='lat' dir='ltr'><strong>benedictus</strong></span> <span class='ocrx_word' id='word_1_642' title='bbox 2808 1785 2859 1837; x_wconf 87' lang='lat' dir='ltr'><strong>in</strong></span> <span class='ocrx_word' id='word_1_643' title='bbox 2888 1785 3107 1850; x_wconf 77' lang='lat' dir='ltr'><strong>stecula,</strong></span> <span class='ocrx_word' id='word_1_644' title='bbox 3140 1786 3260 1839; x_wconf 88' lang='lat' dir='ltr'><strong>inde</strong></span> <span class='ocrx_word' id='word_1_645' title='bbox 3293 1787 3543 1840; x_wconf 88' lang='lat' dir='ltr'><strong>Dominus</strong></span> <span class='ocrx_word' id='word_1_646' title='bbox 3594 1788 3705 1841; x_wconf 78' lang='lat' dir='ltr'><strong>Da-</strong></span> 
     </span>
    </p>
   </div>
   <div class='ocr_carea' id='block_1_80' title="bbox 2114 1874 3703 1945">
    <p class='ocr_par' dir='ltr' id='par_1_80' title="bbox 2114 1874 3703 1945">
     <span class='ocr_line' id='line_1_80' title="bbox 2114 1874 3703 1945; baseline 0.003 -18"><span class='ocrx_word' id='word_1_647' title='bbox 2114 1874 2225 1929; x_wconf 89' lang='lat' dir='ltr'><strong>vid.</strong></span> <span class='ocrx_word' id='word_1_648' title='bbox 2258 1874 2506 1928; x_wconf 88' lang='lat' dir='ltr'><strong>Dominus</strong></span> <span class='ocrx_word' id='word_1_649' title='bbox 2531 1889 2654 1945; x_wconf 82' lang='lat' dir='ltr'><strong>ergo</strong></span> <span class='ocrx_word' id='word_1_650' title='bbox 2681 1874 2877 1929; x_wconf 68' lang='lat' dir='ltr'><strong>Iudaeis</strong></span> <span class='ocrx_word' id='word_1_651' title='bbox 2899 1876 2999 1929; x_wconf 91' lang='lat' dir='ltr'><strong>hoc</strong></span> <span class='ocrx_word' id='word_1_652' title='bbox 3026 1875 3153 1930; x_wconf 81' lang='lat' dir='ltr'><strong>dicit</strong></span> <span class='ocrx_word' id='word_1_653' title='bbox 3177 1895 3189 1931; x_wconf 88' lang='lat'><strong>:</strong></span> <span class='ocrx_word' id='word_1_654' title='bbox 3222 1876 3377 1945; x_wconf 86' lang='lat' dir='ltr'><strong>Cujus</strong></span> <span class='ocrx_word' id='word_1_655' title='bbox 3405 1894 3510 1931; x_wconf 75' lang='lat' dir='ltr'><strong>esse</strong></span> <span class='ocrx_word' id='word_1_656' title='bbox 3526 1879 3703 1945; x_wconf 81' lang='lat' dir='ltr'><strong>[ilium</strong></span> 
     </span>
    </p>
   </div>
   <div class='ocr_carea' id='block_1_81' title="bbox 2114 1964 3705 2034">
    <p class='ocr_par' dir='ltr' id='par_1_81' title="bbox 2114 1964 3705 2034">
     <span class='ocr_line' id='line_1_81' title="bbox 2114 1964 3705 2034; baseline 0.003 -17"><span class='ocrx_word' id='word_1_657' title='bbox 2114 1965 2277 2018; x_wconf 74' lang='lat' dir='ltr'><strong>dicitis</strong></span> <span class='ocrx_word' id='word_1_658' title='bbox 2304 1965 2592 2020; x_wconf 83' lang='lat' dir='ltr'><strong>Christum?</strong></span> <span class='ocrx_word' id='word_1_659' title='bbox 2617 1965 3024 2034; x_wconf 71' lang='lat' dir='ltr'><strong>lleSponderunt</strong></span> <span class='ocrx_word' id='word_1_660' title='bbox 3046 1984 3059 2021; x_wconf 91' lang='lat'><strong>:</strong></span> <span class='ocrx_word' id='word_1_661' title='bbox 3082 1964 3267 2019; x_wconf 84' lang='lat' dir='ltr'><strong>David.</strong></span> <span class='ocrx_word' id='word_1_662' title='bbox 3290 1967 3401 2021; x_wconf 89' lang='lat' dir='ltr'><strong>lloc</strong></span> <span class='ocrx_word' id='word_1_663' title='bbox 3426 1968 3568 2021; x_wconf 71' lang='lat' dir='ltr'><strong>extim</strong></span> <span class='ocrx_word' id='word_1_664' title='bbox 3598 1983 3705 2022; x_wconf 84' lang='lat' dir='ltr'><strong>no-</strong></span> 
     </span>
    </p>
   </div>
   <div class='ocr_carea' id='block_1_82' title="bbox 2113 2055 3703 2126">
    <p class='ocr_par' dir='ltr' id='par_1_82' title="bbox 2113 2055 3703 2126">
     <span class='ocr_line' id='line_1_82' title="bbox 2113 2055 3703 2126; baseline 0.002 -17"><span class='ocrx_word' id='word_1_665' title='bbox 2113 2064 2328 2120; x_wconf 86' lang='lat' dir='ltr'><strong>verant,</strong></span> <span class='ocrx_word' id='word_1_666' title='bbox 2363 2057 2499 2125; x_wconf 88' lang='lat' dir='ltr'><strong>quod</strong></span> <span class='ocrx_word' id='word_1_667' title='bbox 2540 2055 2693 2110; x_wconf 81' lang='lat' dir='ltr'><strong>facile</strong></span> <span class='ocrx_word' id='word_1_668' title='bbox 2737 2056 3016 2124; x_wconf 84' lang='lat' dir='ltr'><strong>capiebant</strong></span> <span class='ocrx_word' id='word_1_669' title='bbox 3057 2071 3121 2110; x_wconf 83' lang='lat' dir='ltr'><strong>ex</strong></span> <span class='ocrx_word' id='word_1_670' title='bbox 3152 2055 3525 2126; x_wconf 70' lang='lat' dir='ltr'><strong>prmdiczuione</strong></span> <span class='ocrx_word' id='word_1_671' title='bbox 3554 2056 3703 2112; x_wconf 85' lang='lat' dir='ltr'><strong>Pro-</strong></span> 
     </span>
    </p>
   </div>
   <div class='ocr_carea' id='block_1_83' title="bbox 2113 2146 3701 2215">
    <p class='ocr_par' dir='ltr' id='par_1_83' title="bbox 2113 2146 3701 2215">
     <span class='ocr_line' id='line_1_83' title="bbox 2113 2146 3701 2215; baseline 0.002 -17"><span class='ocrx_word' id='word_1_672' title='bbox 2113 2146 2410 2215; x_wconf 88' lang='lat' dir='ltr'><strong>phetarum.</strong></span> <span class='ocrx_word' id='word_1_673' title='bbox 2454 2146 2517 2200; x_wconf 86' lang='lat' dir='ltr'><strong>Et</strong></span> <span class='ocrx_word' id='word_1_674' title='bbox 2544 2161 2668 2201; x_wconf 89' lang='lat' dir='ltr'><strong>vere</strong></span> <span class='ocrx_word' id='word_1_675' title='bbox 2698 2147 2811 2214; x_wconf 88' lang='lat' dir='ltr'><strong>ipse</strong></span> <span class='ocrx_word' id='word_1_676' title='bbox 2846 2154 2962 2201; x_wconf 86' lang='lat' dir='ltr'><strong>erat</strong></span> <span class='ocrx_word' id='word_1_677' title='bbox 3006 2161 3073 2200; x_wconf 82' lang='lat' dir='ltr'><strong>ex</strong></span> <span class='ocrx_word' id='word_1_678' title='bbox 3114 2146 3315 2201; x_wconf 87' lang='lat' dir='ltr'><strong>semine</strong></span> <span class='ocrx_word' id='word_1_679' title='bbox 3357 2147 3551 2211; x_wconf 73' lang='lat' dir='ltr'><strong>David,</strong></span> <span class='ocrx_word' id='word_1_680' title='bbox 3593 2149 3701 2203; x_wconf 83' lang='lat' dir='ltr'><strong>scd</strong></span> 
     </span>
    </p>
   </div>
   <div class='ocr_carea' id='block_1_84' title="bbox 2112 2236 3699 2307">
    <p class='ocr_par' dir='ltr' id='par_1_84' title="bbox 2112 2236 3699 2307">
     <span class='ocr_line' id='line_1_84' title="bbox 2112 2236 3699 2307; baseline 0.002 -17"><span class='ocrx_word' id='word_1_681' title='bbox 2112 2237 2399 2292; x_wconf 89' lang='lat' dir='ltr'><strong>secundum</strong></span> <span class='ocrx_word' id='word_1_682' title='bbox 2427 2253 2638 2291; x_wconf 86' lang='lat' dir='ltr'><strong>carnem</strong></span> <span class='ocrx_word' id='word_1_683' title='bbox 2670 2252 2762 2306; x_wconf 89' lang='lat' dir='ltr'><strong>per</strong></span> <span class='ocrx_word' id='word_1_684' title='bbox 2782 2236 3039 2307; x_wconf 80' lang='lat' dir='ltr'><strong>virginem</strong></span> <span class='ocrx_word' id='word_1_685' title='bbox 3067 2236 3281 2290; x_wconf 82' lang='lat' dir='ltr'><strong>Mariam</strong></span> <span class='ocrx_word' id='word_1_686' title='bbox 3312 2236 3699 2307; x_wconf 76' lang='lat' dir='ltr'><strong>desponsatam</strong></span> 
     </span>
    </p>
   </div>
   <div class='ocr_carea' id='block_1_85' title="bbox 2109 2328 3701 2399">
    <p class='ocr_par' dir='ltr' id='par_1_85' title="bbox 2109 2328 3701 2399">
     <span class='ocr_line' id='line_1_85' title="bbox 2109 2328 3701 2399; baseline 0.002 -16"><span class='ocrx_word' id='word_1_687' title='bbox 2109 2328 2326 2398; x_wconf 80' lang='lat' dir='ltr'><strong>Joseph.</strong></span> <span class='ocrx_word' id='word_1_688' title='bbox 2358 2329 2488 2383; x_wconf 89' lang='lat' dir='ltr'><strong>Cum</strong></span> <span class='ocrx_word' id='word_1_689' title='bbox 2519 2343 2645 2397; x_wconf 81' lang='lat' dir='ltr'><strong>ergo</strong></span> <span class='ocrx_word' id='word_1_690' title='bbox 2677 2329 3056 2399; x_wconf 83' lang='lat' dir='ltr'><strong>responderent</strong></span> <span class='ocrx_word' id='word_1_691' title='bbox 3081 2329 3346 2383; x_wconf 85' lang='lat' dir='ltr'><strong>Christum</strong></span> <span class='ocrx_word' id='word_1_692' title='bbox 3380 2328 3541 2381; x_wconf 86' lang='lat' dir='ltr'><strong>lilium</strong></span> <span class='ocrx_word' id='word_1_693' title='bbox 3567 2344 3701 2386; x_wconf 60' lang='grc' dir='ltr'><strong>(βεδε</strong></span> 
     </span>
    </p>
   </div>
   <div class='ocr_carea' id='block_1_86' title="bbox 2110 2418 3701 2489">
    <p class='ocr_par' dir='ltr' id='par_1_86' title="bbox 2110 2418 3701 2489">
     <span class='ocr_line' id='line_1_86' title="bbox 2110 2418 3701 2489; baseline -0.001 -15"><span class='ocrx_word' id='word_1_694' title='bbox 2110 2419 2310 2483; x_wconf 84' lang='lat' dir='ltr'><strong>David,</strong></span> <span class='ocrx_word' id='word_1_695' title='bbox 2340 2420 2413 2473; x_wconf 85' lang='lat' dir='ltr'><strong>ait</strong></span> <span class='ocrx_word' id='word_1_696' title='bbox 2439 2421 2538 2473; x_wconf 91' lang='lat' dir='ltr'><strong>illis</strong></span> <span class='ocrx_word' id='word_1_697' title='bbox 2564 2420 2717 2474; x_wconf 84' lang='lat' dir='ltr'><strong>Jesus</strong></span> <span class='ocrx_word' id='word_1_698' title='bbox 2744 2436 2757 2472; x_wconf 91' lang='lat'><strong>:</strong></span> <span class='ocrx_word' id='word_1_699' title='bbox 2790 2418 3050 2484; x_wconf 82' lang='lat' dir='ltr'><strong>Quomodo</strong></span> <span class='ocrx_word' id='word_1_700' title='bbox 3079 2435 3196 2489; x_wconf 84' lang='lat' dir='ltr'><strong>ergo</strong></span> <span class='ocrx_word' id='word_1_701' title='bbox 3229 2418 3394 2471; x_wconf 77' lang='lat' dir='ltr'><strong>David</strong></span> <span class='ocrx_word' id='word_1_702' title='bbox 3418 2419 3468 2471; x_wconf 89' lang='lat' dir='ltr'><strong>in</strong></span> <span class='ocrx_word' id='word_1_703' title='bbox 3504 2419 3701 2488; x_wconf 75' lang='lat' dir='ltr'><strong>spiritu</strong></span> 
     </span>
    </p>
   </div>
   <div class='ocr_carea' id='block_1_87' title="bbox 2108 2508 3701 2576">
    <p class='ocr_par' dir='ltr' id='par_1_87' title="bbox 2108 2508 3701 2576">
     <span class='ocr_line' id='line_1_87' title="bbox 2108 2508 3701 2576; baseline 0.001 -13"><span class='ocrx_word' id='word_1_704' title='bbox 2108 2520 2249 2564; x_wconf 82' lang='lat' dir='ltr'><strong>vocat</strong></span> <span class='ocrx_word' id='word_1_705' title='bbox 2276 2527 2389 2564; x_wconf 88' lang='lat' dir='ltr'><strong>eum</strong></span> <span class='ocrx_word' id='word_1_706' title='bbox 2418 2510 2722 2576; x_wconf 88' lang='lat' dir='ltr'><strong>Dominum,</strong></span> <span class='ocrx_word' id='word_1_707' title='bbox 2752 2511 2951 2576; x_wconf 74' lang='lat' dir='ltr'><strong>dicens,</strong></span> <span class='ocrx_word' id='word_1_708' title='bbox 2997 2510 3139 2563; x_wconf 76' lang='lat' dir='ltr'><strong>Dixit</strong></span> <span class='ocrx_word' id='word_1_709' title='bbox 3183 2509 3430 2563; x_wconf 85' lang='lat' dir='ltr'><strong>Dominus</strong></span> <span class='ocrx_word' id='word_1_710' title='bbox 3470 2508 3701 2565; x_wconf 80' lang='lat' dir='ltr'><strong>Domino</strong></span> 
     </span>
    </p>
   </div>
   <div class='ocr_carea' id='block_1_88' title="bbox 2107 2602 3700 2673">
    <p class='ocr_par' dir='ltr' id='par_1_88' title="bbox 2107 2602 3700 2673">
     <span class='ocr_line' id='line_1_88' title="bbox 2107 2602 3700 2673; baseline 0.002 -18"><span class='ocrx_word' id='word_1_711' title='bbox 2107 2618 2247 2668; x_wconf 86' lang='lat' dir='ltr'><strong>meo,</strong></span> <span class='ocrx_word' id='word_1_712' title='bbox 2298 2602 2431 2656; x_wconf 82' lang='lat' dir='ltr'><strong>Sede</strong></span> <span class='ocrx_word' id='word_1_713' title='bbox 2472 2619 2502 2654; x_wconf 89' lang='lat' dir='ltr'><strong>a</strong></span> <span class='ocrx_word' id='word_1_714' title='bbox 2547 2602 2735 2656; x_wconf 78' lang='lat' dir='ltr'><strong>dextris</strong></span> <span class='ocrx_word' id='word_1_715' title='bbox 2765 2603 2917 2667; x_wconf 84' lang='lat' dir='ltr'><strong>meis,</strong></span> <span class='ocrx_word' id='word_1_716' title='bbox 2946 2618 3201 2672; x_wconf 82' lang='lat' dir='ltr'><strong>quousque</strong></span> <span class='ocrx_word' id='word_1_717' title='bbox 3236 2619 3421 2673; x_wconf 85' lang='lat' dir='ltr'><strong>ponam</strong></span> <span class='ocrx_word' id='word_1_718' title='bbox 3456 2602 3700 2658; x_wconf 83' lang='lat' dir='ltr'><strong>inimicos</strong></span> 
     </span>
    </p>
   </div>
   <div class='ocr_carea' id='block_1_89' title="bbox 2106 2691 3699 2764">
    <p class='ocr_par' dir='ltr' id='par_1_89' title="bbox 2106 2691 3699 2764">
     <span class='ocr_line' id='line_1_89' title="bbox 2106 2691 3699 2764; baseline 0.003 -19"><span class='ocrx_word' id='word_1_719' title='bbox 2106 2700 2217 2745; x_wconf 87' lang='lat' dir='ltr'><strong>tuos</strong></span> <span class='ocrx_word' id='word_1_720' title='bbox 2253 2691 2343 2744; x_wconf 86' lang='lat' dir='ltr'><strong>sub</strong></span> <span class='ocrx_word' id='word_1_721' title='bbox 2380 2692 2585 2761; x_wconf 81' lang='lat' dir='ltr'><strong>pedibus</strong></span> <span class='ocrx_word' id='word_1_722' title='bbox 2631 2694 2764 2747; x_wconf 84' lang='lat' dir='ltr'><strong>tuis?</strong></span> <span class='ocrx_word' id='word_1_723' title='bbox 2804 2693 2865 2748; x_wconf 87' lang='lat' dir='ltr'><strong>Si</strong></span> <span class='ocrx_word' id='word_1_724' title='bbox 2892 2710 3007 2764; x_wconf 84' lang='lat' dir='ltr'><strong>ergo</strong></span> <span class='ocrx_word' id='word_1_725' title='bbox 3044 2693 3210 2747; x_wconf 86' lang='lat' dir='ltr'><strong>David</strong></span> <span class='ocrx_word' id='word_1_726' title='bbox 3249 2694 3302 2747; x_wconf 87' lang='lat' dir='ltr'><strong>in</strong></span> <span class='ocrx_word' id='word_1_727' title='bbox 3335 2694 3516 2764; x_wconf 87' lang='lat' dir='ltr'><strong>spiritu</strong></span> <span class='ocrx_word' id='word_1_728' title='bbox 3544 2703 3699 2749; x_wconf 73' lang='lat' dir='ltr'><strong>vocat</strong></span> 
     </span>
    </p>
   </div>
   <div class='ocr_carea' id='block_1_90' title="bbox 2105 2780 3704 2853">
    <p class='ocr_par' dir='ltr' id='par_1_90' title="bbox 2105 2780 3704 2853">
     <span class='ocr_line' id='line_1_90' title="bbox 2105 2780 3704 2853; baseline 0.003 -18"><span class='ocrx_word' id='word_1_729' title='bbox 2105 2797 2217 2835; x_wconf 85' lang='lat' dir='ltr'><strong>eum</strong></span> <span class='ocrx_word' id='word_1_730' title='bbox 2239 2780 2541 2846; x_wconf 88' lang='lat' dir='ltr'><strong>Dominum,</strong></span> <span class='ocrx_word' id='word_1_731' title='bbox 2573 2783 2821 2853; x_wconf 79' lang='lat' dir='ltr'><strong>quomodo</strong></span> <span class='ocrx_word' id='word_1_732' title='bbox 2849 2784 2984 2852; x_wconf 81' lang='lat' dir='ltr'><strong>ﬁlius</strong></span> <span class='ocrx_word' id='word_1_733' title='bbox 3004 2785 3112 2853; x_wconf 86' lang='lat' dir='ltr'><strong>ejus</strong></span> <span class='ocrx_word' id='word_1_734' title='bbox 3139 2783 3250 2837; x_wconf 81' lang='lat' dir='ltr'><strong>est?</strong></span> <span class='ocrx_word' id='word_1_735' title='bbox 3272 2784 3337 2837; x_wconf 88' lang='lat' dir='ltr'><strong>Et</strong></span> <span class='ocrx_word' id='word_1_736' title='bbox 3365 2800 3468 2838; x_wconf 90' lang='lat' dir='ltr'><strong>non</strong></span> <span class='ocrx_word' id='word_1_737' title='bbox 3500 2794 3704 2852; x_wconf 79' lang='lat' dir='ltr'><strong>potae-</strong></span> 
     </span>
    </p>
   </div>
   <div class='ocr_carea' id='block_1_91' title="bbox 2103 2860 3696 2946">
    <p class='ocr_par' dir='ltr' id='par_1_91' title="bbox 2103 2860 3696 2946">
     <span class='ocr_line' id='line_1_91' title="bbox 2103 2860 3696 2946; baseline 0.003 -20"><span class='ocrx_word' id='word_1_738' title='bbox 2103 2881 2228 2926; x_wconf 90' lang='lat' dir='ltr'><strong>runt</strong></span> <span class='ocrx_word' id='word_1_739' title='bbox 2252 2872 2570 2941; x_wconf 85' lang='lat' dir='ltr'><strong>respondere</strong></span> <span class='ocrx_word' id='word_1_740' title='bbox 2599 2872 2766 2928; x_wconf 79' lang='lat' dir='ltr'><strong>Judaei</strong></span> <span class='ocrx_word' id='word_1_741' title='bbox 2805 2860 3014 2945; x_wconf 78' lang='lat' dir='ltr'><strong>(Matth.</strong></span> <span class='ocrx_word' id='word_1_742' title='bbox 3042 2890 3150 2928; x_wconf 77' lang='lat' dir='ltr'><strong>xxu</strong></span> <span class='ocrx_word' id='word_1_743' title='bbox 3174 2916 3191 2940; x_wconf 94' lang='lat'><strong>,</strong></span> <span class='ocrx_word' id='word_1_744' title='bbox 3221 2874 3439 2946; x_wconf 63' lang='lat'><strong>4246).</strong></span> <span class='ocrx_word' id='word_1_745' title='bbox 3468 2875 3557 2932; x_wconf 89' lang='lat' dir='ltr'><strong>Sic</strong></span> <span class='ocrx_word' id='word_1_746' title='bbox 3583 2876 3696 2931; x_wconf 85' lang='lat' dir='ltr'><strong>ba-</strong></span> 
     </span>
    </p>
   </div>
   <div class='ocr_carea' id='block_1_92' title="bbox 2103 2961 3695 3034">
    <p class='ocr_par' dir='ltr' id='par_1_92' title="bbox 2103 2961 3695 3034">
     <span class='ocr_line' id='line_1_92' title="bbox 2103 2961 3695 3034; baseline 0.004 -19"><span class='ocrx_word' id='word_1_747' title='bbox 2103 2961 2291 3016; x_wconf 89' lang='lat' dir='ltr'><strong>bemus</strong></span> <span class='ocrx_word' id='word_1_748' title='bbox 2326 2961 2379 3015; x_wconf 90' lang='lat' dir='ltr'><strong>in</strong></span> <span class='ocrx_word' id='word_1_749' title='bbox 2417 2961 2720 3032; x_wconf 79' lang='lat' dir='ltr'><strong>Evangelia.</strong></span> <span class='ocrx_word' id='word_1_750' title='bbox 2754 2962 2866 3017; x_wconf 86' lang='lat' dir='ltr'><strong>Non</strong></span> <span class='ocrx_word' id='word_1_751' title='bbox 2892 2979 2950 3019; x_wconf 90' lang='lat' dir='ltr'><strong>se</strong></span> <span class='ocrx_word' id='word_1_752' title='bbox 2976 2965 3185 3034; x_wconf 78' lang='lat' dir='ltr'><strong>negavit</strong></span> <span class='ocrx_word' id='word_1_753' title='bbox 3209 2964 3376 3019; x_wconf 81' lang='lat' dir='ltr'><strong>lilium</strong></span> <span class='ocrx_word' id='word_1_754' title='bbox 3414 2981 3533 3022; x_wconf 88' lang='lat' dir='ltr'><strong>esse</strong></span> <span class='ocrx_word' id='word_1_755' title='bbox 3575 2961 3695 3022; x_wconf 62' lang='lat' dir='ltr'><strong>Dai-</strong></span> 
     </span>
    </p>
   </div>
   <div class='ocr_carea' id='block_1_93' title="bbox 2102 3053 3696 3120">
    <p class='ocr_par' dir='ltr' id='par_1_93' title="bbox 2102 3053 3696 3120">
     <span class='ocr_line' id='line_1_93' title="bbox 2102 3053 3696 3120; baseline 0.004 -13"><span class='ocrx_word' id='word_1_756' title='bbox 2102 3053 2227 3120; x_wconf 90' lang='lat' dir='ltr'><strong>vid;</strong></span> <span class='ocrx_word' id='word_1_757' title='bbox 2269 3062 2326 3109; x_wconf 90' lang='lat' dir='ltr'><strong>ut</strong></span> <span class='ocrx_word' id='word_1_758' title='bbox 2363 3056 2630 3110; x_wconf 88' lang='lat' dir='ltr'><strong>nescirent</strong></span> <span class='ocrx_word' id='word_1_759' title='bbox 2667 3055 2947 3110; x_wconf 88' lang='lat' dir='ltr'><strong>Dominum</strong></span> <span class='ocrx_word' id='word_1_760' title='bbox 2984 3070 3105 3111; x_wconf 88' lang='lat' dir='ltr'><strong>esse</strong></span> <span class='ocrx_word' id='word_1_761' title='bbox 3143 3056 3326 3111; x_wconf 88' lang='lat' dir='ltr'><strong>David.</strong></span> <span class='ocrx_word' id='word_1_762' title='bbox 3355 3057 3563 3112; x_wconf 87' lang='lat' dir='ltr'><strong>Etenim</strong></span> <span class='ocrx_word' id='word_1_763' title='bbox 3603 3067 3696 3114; x_wconf 77' lang='lat' dir='ltr'><strong>te-</strong></span> 
     </span>
    </p>
   </div>
   <div class='ocr_carea' id='block_1_94' title="bbox 2100 3142 3693 3215">
    <p class='ocr_par' dir='ltr' id='par_1_94' title="bbox 2100 3142 3693 3215">
     <span class='ocr_line' id='line_1_94' title="bbox 2100 3142 3693 3215; baseline 0.003 -18"><span class='ocrx_word' id='word_1_764' title='bbox 2100 3142 2299 3197; x_wconf 88' lang='lat' dir='ltr'><strong>nebant</strong></span> <span class='ocrx_word' id='word_1_765' title='bbox 2327 3143 2378 3198; x_wconf 93' lang='lat' dir='ltr'><strong>in</strong></span> <span class='ocrx_word' id='word_1_766' title='bbox 2416 3142 2626 3198; x_wconf 86' lang='lat' dir='ltr'><strong>Christo</strong></span> <span class='ocrx_word' id='word_1_767' title='bbox 2676 3143 2815 3215; x_wconf 89' lang='lat' dir='ltr'><strong>quod</strong></span> <span class='ocrx_word' id='word_1_768' title='bbox 2857 3143 3024 3199; x_wconf 81' lang='lat' dir='ltr'><strong>iactus</strong></span> <span class='ocrx_word' id='word_1_769' title='bbox 3059 3153 3141 3200; x_wconf 88' lang='lat' dir='ltr'><strong>est</strong></span> <span class='ocrx_word' id='word_1_770' title='bbox 3168 3159 3234 3200; x_wconf 76' lang='lat' dir='ltr'><strong>ex</strong></span> <span class='ocrx_word' id='word_1_771' title='bbox 3263 3156 3538 3215; x_wconf 85' lang='lat' dir='ltr'><strong>tempore:</strong></span> <span class='ocrx_word' id='word_1_772' title='bbox 3572 3161 3693 3203; x_wconf 83' lang='lat' dir='ltr'><strong>non</strong></span> 
     </span>
    </p>
   </div>
   <div class='ocr_carea' id='block_1_95' title="bbox 2103 3232 3695 3311">
    <p class='ocr_par' dir='ltr' id='par_1_95' title="bbox 2103 3232 3695 3311">
     <span class='ocr_line' id='line_1_95' title="bbox 2103 3232 3695 3311; baseline 0.001 -25"><span class='ocrx_word' id='word_1_773' title='bbox 2103 3232 2154 3287; x_wconf 89' lang='lat' dir='ltr'><strong>in</strong></span> <span class='ocrx_word' id='word_1_774' title='bbox 2199 3248 2266 3288; x_wconf 89' lang='lat' dir='ltr'><strong>eo</strong></span> <span class='ocrx_word' id='word_1_775' title='bbox 2308 3234 2669 3304; x_wconf 88' lang='lat' dir='ltr'><strong>intelligebant</strong></span> <span class='ocrx_word' id='word_1_776' title='bbox 2697 3233 2836 3303; x_wconf 91' lang='lat' dir='ltr'><strong>quod</strong></span> <span class='ocrx_word' id='word_1_777' title='bbox 2882 3244 2963 3288; x_wconf 88' lang='lat' dir='ltr'><strong>est</strong></span> <span class='ocrx_word' id='word_1_778' title='bbox 3004 3233 3057 3288; x_wconf 92' lang='lat' dir='ltr'><strong>in</strong></span> <span class='ocrx_word' id='word_1_779' title='bbox 3087 3235 3401 3305; x_wconf 63' lang='lat' dir='ltr'><strong>aeternitate.</strong></span> <span class='ocrx_word' id='word_1_780' title='bbox 3442 3235 3695 3311; x_wconf 74' lang='lat' dir='ltr'><strong>Quaprq—</strong></span> 
     </span>
    </p>
   </div>
   <div class='ocr_carea' id='block_1_96' title="bbox 2100 3324 3691 3395">
    <p class='ocr_par' dir='ltr' id='par_1_96' title="bbox 2100 3324 3691 3395">
     <span class='ocr_line' id='line_1_96' title="bbox 2100 3324 3691 3395; baseline 0.003 -17"><span class='ocrx_word' id='word_1_781' title='bbox 2100 3333 2218 3395; x_wconf 85' lang='lat' dir='ltr'><strong>pter</strong></span> <span class='ocrx_word' id='word_1_782' title='bbox 2257 3324 2448 3379; x_wconf 87' lang='lat' dir='ltr'><strong>docere</strong></span> <span class='ocrx_word' id='word_1_783' title='bbox 2478 3325 2595 3379; x_wconf 87' lang='lat' dir='ltr'><strong>illos</strong></span> <span class='ocrx_word' id='word_1_784' title='bbox 2624 3325 2804 3380; x_wconf 90' lang='lat' dir='ltr'><strong>volens</strong></span> <span class='ocrx_word' id='word_1_785' title='bbox 2840 3324 3165 3380; x_wconf 83' lang='lat' dir='ltr'><strong>divinitatem</strong></span> <span class='ocrx_word' id='word_1_786' title='bbox 3210 3341 3392 3390; x_wconf 87' lang='lat' dir='ltr'><strong>suam,</strong></span> <span class='ocrx_word' id='word_1_787' title='bbox 3427 3329 3691 3395; x_wconf 77' lang='lat' dir='ltr'><strong>quaestio-</strong></span> 
     </span>
    </p>
   </div>
   <div class='ocr_carea' id='block_1_97' title="bbox 2101 3415 3688 3486">
    <p class='ocr_par' dir='ltr' id='par_1_97' title="bbox 2101 3415 3688 3486">
     <span class='ocr_line' id='line_1_97' title="bbox 2101 3415 3688 3486; baseline 0.003 -19"><span class='ocrx_word' id='word_1_788' title='bbox 2101 3429 2222 3468; x_wconf 91' lang='lat' dir='ltr'><strong>nem</strong></span> <span class='ocrx_word' id='word_1_789' title='bbox 2272 3415 2392 3469; x_wconf 80' lang='lat' dir='ltr'><strong>fecit</strong></span> <span class='ocrx_word' id='word_1_790' title='bbox 2446 3415 2512 3469; x_wconf 89' lang='lat' dir='ltr'><strong>de</strong></span> <span class='ocrx_word' id='word_1_791' title='bbox 2563 3415 2884 3470; x_wconf 88' lang='lat' dir='ltr'><strong>humanitate</strong></span> <span class='ocrx_word' id='word_1_792' title='bbox 2939 3431 3034 3470; x_wconf 88' lang='lat' dir='ltr'><strong>sua</strong></span> <span class='ocrx_word' id='word_1_793' title='bbox 3074 3434 3087 3468; x_wconf 90' lang='lat'>:</span> <span class='ocrx_word' id='word_1_794' title='bbox 3144 3424 3389 3486; x_wconf 85' lang='lat' dir='ltr'><strong>tanquam</strong></span> <span class='ocrx_word' id='word_1_795' title='bbox 3440 3417 3688 3482; x_wconf 85' lang='lat' dir='ltr'><strong>diceret,</strong></span> 
     </span>
    </p>
   </div>
   <div class='ocr_carea' id='block_1_98' title="bbox 2098 3505 3690 3577">
    <p class='ocr_par' dir='ltr' id='par_1_98' title="bbox 2098 3505 3690 3577">
     <span class='ocr_line' id='line_1_98' title="bbox 2098 3505 3690 3577; baseline 0.003 -18"><span class='ocrx_word' id='word_1_796' title='bbox 2098 3505 2254 3559; x_wconf 84' lang='lat' dir='ltr'><strong>Scitis</strong></span> <span class='ocrx_word' id='word_1_797' title='bbox 2296 3506 2559 3560; x_wconf 86' lang='lat' dir='ltr'><strong>Christum</strong></span> <span class='ocrx_word' id='word_1_798' title='bbox 2603 3522 2721 3561; x_wconf 76' lang='lat' dir='ltr'><strong>esse</strong></span> <span class='ocrx_word' id='word_1_799' title='bbox 2760 3506 2923 3561; x_wconf 87' lang='lat' dir='ltr'><strong>lilium</strong></span> <span class='ocrx_word' id='word_1_800' title='bbox 2966 3506 3165 3572; x_wconf 81' lang='lat' dir='ltr'><strong>David;</strong></span> <span class='ocrx_word' id='word_1_801' title='bbox 3204 3507 3518 3577; x_wconf 87' lang='lat' dir='ltr'><strong>respondete</strong></span> <span class='ocrx_word' id='word_1_802' title='bbox 3548 3510 3690 3565; x_wconf 82' lang='lat' dir='ltr'><strong>mihi</strong></span> 
     </span>
    </p>
   </div>
   <div class='ocr_carea' id='block_1_99' title="bbox 2098 3595 3693 3664">
    <p class='ocr_par' dir='ltr' id='par_1_99' title="bbox 2098 3595 3693 3664">
     <span class='ocr_line' id='line_1_99' title="bbox 2098 3595 3693 3664; baseline 0.007 -19"><span class='ocrx_word' id='word_1_803' title='bbox 2098 3595 2362 3664; x_wconf 85' lang='lat' dir='ltr'><strong>quomodo</strong></span> <span class='ocrx_word' id='word_1_804' title='bbox 2415 3597 2484 3648; x_wconf 84' lang='lat' dir='ltr'><strong>sit</strong></span> <span class='ocrx_word' id='word_1_805' title='bbox 2531 3604 2585 3649; x_wconf 90' lang='lat' dir='ltr'><strong>et</strong></span> <span class='ocrx_word' id='word_1_806' title='bbox 2633 3596 2882 3650; x_wconf 87' lang='lat' dir='ltr'><strong>Dominus</strong></span> <span class='ocrx_word' id='word_1_807' title='bbox 2930 3596 3112 3651; x_wconf 86' lang='lat' dir='ltr'><strong>David.</strong></span> <span class='ocrx_word' id='word_1_808' title='bbox 3162 3596 3267 3652; x_wconf 87' lang='lat' dir='ltr'><strong>Sed</strong></span> <span class='ocrx_word' id='word_1_809' title='bbox 3318 3613 3386 3653; x_wconf 85' lang='lat' dir='ltr'><strong>ne</strong></span> <span class='ocrx_word' id='word_1_810' title='bbox 3430 3598 3504 3652; x_wconf 88' lang='lat' dir='ltr'><strong>illi</strong></span> <span class='ocrx_word' id='word_1_811' title='bbox 3535 3598 3693 3656; x_wconf 79' lang='lat' dir='ltr'><strong>dice-</strong></span> 
     </span>
    </p>
   </div>
   <div class='ocr_carea' id='block_1_100' title="bbox 2099 3687 3689 3758">
    <p class='ocr_par' dir='ltr' id='par_1_100' title="bbox 2099 3687 3689 3758">
     <span class='ocr_line' id='line_1_100' title="bbox 2099 3687 3689 3758; baseline 0.005 -19"><span class='ocrx_word' id='word_1_812' title='bbox 2099 3698 2248 3752; x_wconf 86' lang='lat' dir='ltr'><strong>rent,</strong></span> <span class='ocrx_word' id='word_1_813' title='bbox 2290 3687 2401 3741; x_wconf 84' lang='lat' dir='ltr'><strong>Non</strong></span> <span class='ocrx_word' id='word_1_814' title='bbox 2431 3699 2513 3741; x_wconf 73' lang='lat' dir='ltr'><strong>est</strong></span> <span class='ocrx_word' id='word_1_815' title='bbox 2543 3688 2797 3741; x_wconf 84' lang='lat' dir='ltr'><strong>Dominus</strong></span> <span class='ocrx_word' id='word_1_816' title='bbox 2838 3688 3033 3753; x_wconf 83' lang='lat' dir='ltr'><strong>David,</strong></span> <span class='ocrx_word' id='word_1_817' title='bbox 3078 3690 3246 3758; x_wconf 85' lang='lat' dir='ltr'><strong>ipsum</strong></span> <span class='ocrx_word' id='word_1_818' title='bbox 3286 3689 3447 3743; x_wconf 85' lang='lat' dir='ltr'><strong>David</strong></span> <span class='ocrx_word' id='word_1_819' title='bbox 3487 3698 3689 3747; x_wconf 83' lang='lat' dir='ltr'><strong>testem</strong></span> 
     </span>
    </p>
   </div>
   <div class='ocr_carea' id='block_1_101' title="bbox 2099 3779 3691 3853">
    <p class='ocr_par' dir='ltr' id='par_1_101' title="bbox 2099 3779 3691 3853">
     <span class='ocr_line' id='line_1_101' title="bbox 2099 3779 3691 3853; baseline 0.005 -20"><span class='ocrx_word' id='word_1_820' title='bbox 2099 3779 2429 3849; x_wconf 75' lang='lat' dir='ltr'><strong>interposuit.</strong></span> <span class='ocrx_word' id='word_1_821' title='bbox 2467 3782 2527 3835; x_wconf 76' lang='lat' dir='ltr'><strong>Et</strong></span> <span class='ocrx_word' id='word_1_822' title='bbox 2552 3782 2676 3850; x_wconf 85' lang='lat' dir='ltr'><strong>quid</strong></span> <span class='ocrx_word' id='word_1_823' title='bbox 2702 3782 2827 3836; x_wconf 90' lang='lat' dir='ltr'><strong>dicit</strong></span> <span class='ocrx_word' id='word_1_824' title='bbox 2859 3782 2914 3835; x_wconf 70' lang='lat'><strong>‘?</strong></span> <span class='ocrx_word' id='word_1_825' title='bbox 2946 3781 3141 3836; x_wconf 85' lang='lat' dir='ltr'><strong>Verum</strong></span> <span class='ocrx_word' id='word_1_826' title='bbox 3170 3785 3346 3853; x_wconf 84' lang='lat' dir='ltr'><strong>utique</strong></span> <span class='ocrx_word' id='word_1_827' title='bbox 3372 3783 3517 3838; x_wconf 91' lang='lat' dir='ltr'><strong>dicit.</strong></span> <span class='ocrx_word' id='word_1_828' title='bbox 3542 3783 3691 3841; x_wconf 80' lang='lat' dir='ltr'><strong>Nam</strong></span> 
     </span>
    </p>
   </div>
   <div class='ocr_carea' id='block_1_102' title="bbox 2097 3870 3686 3942">
    <p class='ocr_par' dir='ltr' id='par_1_102' title="bbox 2097 3870 3686 3942">
     <span class='ocr_line' id='line_1_102' title="bbox 2097 3870 3686 3942; baseline 0.004 -19"><span class='ocrx_word' id='word_1_829' title='bbox 2097 3879 2151 3924; x_wconf 90' lang='lat' dir='ltr'><strong>et</strong></span> <span class='ocrx_word' id='word_1_830' title='bbox 2172 3870 2293 3923; x_wconf 90' lang='lat' dir='ltr'><strong>illud</strong></span> <span class='ocrx_word' id='word_1_831' title='bbox 2323 3870 2482 3925; x_wconf 90' lang='lat' dir='ltr'><strong>habes</strong></span> <span class='ocrx_word' id='word_1_832' title='bbox 2505 3872 2553 3924; x_wconf 90' lang='lat' dir='ltr'><strong>in</strong></span> <span class='ocrx_word' id='word_1_833' title='bbox 2584 3871 2806 3925; x_wconf 80' lang='lat' dir='ltr'><strong>Psalmis</strong></span> <span class='ocrx_word' id='word_1_834' title='bbox 2830 3871 2896 3924; x_wconf 89' lang='lat' dir='ltr'><strong>ad</strong></span> <span class='ocrx_word' id='word_1_835' title='bbox 2917 3872 3075 3926; x_wconf 84' lang='lat' dir='ltr'><strong>David</strong></span> <span class='ocrx_word' id='word_1_836' title='bbox 3098 3873 3380 3938; x_wconf 88' lang='lat' dir='ltr'><strong>dicentem,</strong></span> <span class='ocrx_word' id='word_1_837' title='bbox 3410 3872 3482 3927; x_wconf 88' lang='lat' dir='ltr'><strong>De</strong></span> <span class='ocrx_word' id='word_1_838' title='bbox 3507 3873 3686 3942; x_wconf 68' lang='lat' dir='ltr'><strong>[ructu</strong></span> 
     </span>
    </p>
   </div>
   <div class='ocr_carea' id='block_1_103' title="bbox 2097 3960 3683 4033">
    <p class='ocr_par' dir='ltr' id='par_1_103' title="bbox 2097 3960 3683 4033">
     <span class='ocr_line' id='line_1_103' title="bbox 2097 3960 3683 4033; baseline 0.003 -21"><span class='ocrx_word' id='word_1_839' title='bbox 2097 3961 2278 4013; x_wconf 80' lang='lat' dir='ltr'><strong>uentris</strong></span> <span class='ocrx_word' id='word_1_840' title='bbox 2306 3961 2378 4012; x_wconf 91' lang='lat' dir='ltr'><strong>tui</strong></span> <span class='ocrx_word' id='word_1_841' title='bbox 2402 3977 2585 4028; x_wconf 82' lang='lat' dir='ltr'><strong>ponam</strong></span> <span class='ocrx_word' id='word_1_842' title='bbox 2612 3977 2762 4030; x_wconf 85' lang='lat' dir='ltr'><strong>super</strong></span> <span class='ocrx_word' id='word_1_843' title='bbox 2788 3962 2954 4016; x_wconf 83' lang='lat' dir='ltr'><strong>sedem</strong></span> <span class='ocrx_word' id='word_1_844' title='bbox 2978 3971 3112 4014; x_wconf 89' lang='lat' dir='ltr'><strong>tuam</strong></span> <span class='ocrx_word' id='word_1_845' title='bbox 3140 3960 3313 4032; x_wconf 84' lang='lat' dir='ltr'><strong>(Psal.</strong></span> <span class='ocrx_word' id='word_1_846' title='bbox 3343 3978 3532 4029; x_wconf 72' lang='lat' dir='ltr'><strong>cxxxr,</strong></span> <span class='ocrx_word' id='word_1_847' title='bbox 3564 3962 3683 4033; x_wconf 85' lang='lat' dir='ltr'><strong>ll).</strong></span> 
     </span>
    </p>
   </div>
   <div class='ocr_carea' id='block_1_104' title="bbox 2098 4049 3688 4123">
    <p class='ocr_par' dir='ltr' id='par_1_104' title="bbox 2098 4049 3688 4123">
     <span class='ocr_line' id='line_1_104' title="bbox 2098 4049 3688 4123; baseline 0.004 -20"><span class='ocrx_word' id='word_1_848' title='bbox 2098 4049 2235 4104; x_wconf 81' lang='lat' dir='ltr'><strong>Ecce</strong></span> <span class='ocrx_word' id='word_1_849' title='bbox 2265 4050 2402 4104; x_wconf 86' lang='lat' dir='ltr'><strong>tilius</strong></span> <span class='ocrx_word' id='word_1_850' title='bbox 2424 4050 2603 4104; x_wconf 81' lang='lat' dir='ltr'><strong>David.</strong></span> <span class='ocrx_word' id='word_1_851' title='bbox 2629 4051 2903 4117; x_wconf 84' lang='lat' dir='ltr'><strong>Quomodo</strong></span> <span class='ocrx_word' id='word_1_852' title='bbox 2924 4063 2978 4106; x_wconf 85' lang='lat' dir='ltr'><strong>et</strong></span> <span class='ocrx_word' id='word_1_853' title='bbox 3007 4053 3257 4108; x_wconf 90' lang='lat' dir='ltr'><strong>Dominus</strong></span> <span class='ocrx_word' id='word_1_854' title='bbox 3284 4054 3467 4117; x_wconf 84' lang='lat' dir='ltr'><strong>David,</strong></span> <span class='ocrx_word' id='word_1_855' title='bbox 3494 4056 3584 4123; x_wconf 89' lang='lat' dir='ltr'><strong>qui</strong></span> <span class='ocrx_word' id='word_1_856' title='bbox 3611 4053 3688 4109; x_wconf 79' lang='lat' dir='ltr'><strong>li-</strong></span> 
     </span>
    </p>
   </div>
   <div class='ocr_carea' id='block_1_105' title="bbox 2099 4139 3687 4210">
    <p class='ocr_par' dir='ltr' id='par_1_105' title="bbox 2099 4139 3687 4210">
     <span class='ocr_line' id='line_1_105' title="bbox 2099 4139 3687 4210; baseline 0.003 -17"><span class='ocrx_word' id='word_1_857' title='bbox 2099 4140 2199 4194; x_wconf 86' lang='lat' dir='ltr'><strong>lius</strong></span> <span class='ocrx_word' id='word_1_858' title='bbox 2218 4141 2287 4193; x_wconf 86' lang='lat' dir='ltr'><strong>Da</strong></span> <span class='ocrx_word' id='word_1_859' title='bbox 2296 4140 2381 4192; x_wconf 86' lang='lat' dir='ltr'><strong>vid</strong></span> <span class='ocrx_word' id='word_1_860' title='bbox 2400 4139 2600 4206; x_wconf 79' lang='lat' dir='ltr'><strong>?Di:rit,</strong></span> <span class='ocrx_word' id='word_1_861' title='bbox 2616 4141 2799 4210; x_wconf 89' lang='lat' dir='ltr'><strong>inquit,</strong></span> <span class='ocrx_word' id='word_1_862' title='bbox 2822 4140 3065 4196; x_wconf 84' lang='lat' dir='ltr'><strong>Dominus</strong></span> <span class='ocrx_word' id='word_1_863' title='bbox 3084 4142 3297 4197; x_wconf 87' lang='lat' dir='ltr'><strong>Domino</strong></span> <span class='ocrx_word' id='word_1_864' title='bbox 3311 4160 3437 4210; x_wconf 81' lang='lat' dir='ltr'><strong>meo,</strong></span> <span class='ocrx_word' id='word_1_865' title='bbox 3458 4143 3592 4198; x_wconf 83' lang='lat' dir='ltr'><strong>Sede</strong></span> <span class='ocrx_word' id='word_1_866' title='bbox 3607 4145 3687 4198; x_wconf 81' lang='lat' dir='ltr'><strong>ad</strong></span> 
     </span>
    </p>
   </div>
   <div class='ocr_carea' id='block_1_106' title="bbox 2097 4230 3680 4304">
    <p class='ocr_par' dir='ltr' id='par_1_106' title="bbox 2097 4230 3680 4304">
     <span class='ocr_line' id='line_1_106' title="bbox 2097 4230 3680 4304; baseline 0.004 -23"><span class='ocrx_word' id='word_1_867' title='bbox 2097 4230 2351 4282; x_wconf 49' lang='lat' dir='ltr'><strong>dederam</strong></span> <span class='ocrx_word' id='word_1_868' title='bbox 2387 4246 2546 4283; x_wconf 86' lang='lat' dir='ltr'><strong>meam</strong></span> <span class='ocrx_word' id='word_1_869' title='bbox 2581 4230 2749 4301; x_wconf 83' lang='lat' dir='ltr'><strong>(Psal.</strong></span> <span class='ocrx_word' id='word_1_870' title='bbox 2774 4231 2898 4301; x_wconf 74' lang='grc' dir='ltr'><strong>(ως,</strong></span> <span class='ocrx_word' id='word_1_871' title='bbox 2928 4230 3000 4304; x_wconf 78' lang='grc'><strong>1).</strong></span> <span class='ocrx_word' id='word_1_872' title='bbox 3030 4233 3288 4286; x_wconf 84' lang='lat' dir='ltr'><strong>Miramini</strong></span> <span class='ocrx_word' id='word_1_873' title='bbox 3318 4234 3480 4287; x_wconf 87' lang='lat' dir='ltr'><strong>David</strong></span> <span class='ocrx_word' id='word_1_874' title='bbox 3508 4233 3680 4289; x_wconf 83' lang='lat' dir='ltr'><strong>lilium</strong></span> 
     </span>
    </p>
   </div>
   <div class='ocr_carea' id='block_1_107' title="bbox 2097 4320 3681 4388">
    <p class='ocr_par' dir='ltr' id='par_1_107' title="bbox 2097 4320 3681 4388">
     <span class='ocr_line' id='line_1_107' title="bbox 2097 4320 3681 4388; baseline 0.004 -15"><span class='ocrx_word' id='word_1_875' title='bbox 2097 4334 2248 4373; x_wconf 88' lang='lat' dir='ltr'><strong>suum</strong></span> <span class='ocrx_word' id='word_1_876' title='bbox 2295 4321 2575 4374; x_wconf 86' lang='lat' dir='ltr'><strong>Dominum</strong></span> <span class='ocrx_word' id='word_1_877' title='bbox 2623 4320 2847 4388; x_wconf 89' lang='lat' dir='ltr'><strong>habere,</strong></span> <span class='ocrx_word' id='word_1_878' title='bbox 2876 4337 2996 4376; x_wconf 89' lang='lat' dir='ltr'><strong>cum</strong></span> <span class='ocrx_word' id='word_1_879' title='bbox 3025 4322 3245 4378; x_wconf 78' lang='lat' dir='ltr'><strong>videatis</strong></span> <span class='ocrx_word' id='word_1_880' title='bbox 3272 4324 3489 4378; x_wconf 77' lang='lat' dir='ltr'><strong>Mariam</strong></span> <span class='ocrx_word' id='word_1_881' title='bbox 3517 4339 3681 4380; x_wconf 85' lang='lat' dir='ltr'><strong>suum</strong></span> 
     </span>
    </p>
   </div>
   <div class='ocr_carea' id='block_1_108' title="bbox 2102 4411 3675 4482">
    <p class='ocr_par' dir='ltr' id='par_1_108' title="bbox 2102 4411 3675 4482">
     <span class='ocr_line' id='line_1_108' title="bbox 2102 4411 3675 4482; baseline 0.003 -18"><span class='ocrx_word' id='word_1_882' title='bbox 2102 4411 2374 4465; x_wconf 89' lang='lat' dir='ltr'><strong>Dominum</strong></span> <span class='ocrx_word' id='word_1_883' title='bbox 2406 4411 2713 4481; x_wconf 72' lang='lat' dir='ltr'><strong>peperisse?</strong></span> <span class='ocrx_word' id='word_1_884' title='bbox 2736 4412 2987 4466; x_wconf 88' lang='lat' dir='ltr'><strong>Dominus</strong></span> <span class='ocrx_word' id='word_1_885' title='bbox 3012 4412 3193 4474; x_wconf 89' lang='lat' dir='ltr'><strong>David.</strong></span> <span class='ocrx_word' id='word_1_886' title='bbox 3216 4415 3335 4482; x_wconf 88' lang='lat' dir='ltr'><strong>quia</strong></span> <span class='ocrx_word' id='word_1_887' title='bbox 3368 4415 3537 4479; x_wconf 86' lang='lat' dir='ltr'><strong>Deus;</strong></span> <span class='ocrx_word' id='word_1_888' title='bbox 3568 4414 3675 4468; x_wconf 86' lang='lat' dir='ltr'><strong>Do-</strong></span> 
     </span>
    </p>
   </div>
   <div class='ocr_carea' id='block_1_109' title="bbox 2098 4502 3681 4574">
    <p class='ocr_par' dir='ltr' id='par_1_109' title="bbox 2098 4502 3681 4574">
     <span class='ocr_line' id='line_1_109' title="bbox 2098 4502 3681 4574; baseline 0.003 -19"><span class='ocrx_word' id='word_1_889' title='bbox 2098 4503 2270 4555; x_wconf 87' lang='lat' dir='ltr'><strong>minus</strong></span> <span class='ocrx_word' id='word_1_890' title='bbox 2297 4502 2490 4569; x_wconf 87' lang='lat' dir='ltr'><strong>David,</strong></span> <span class='ocrx_word' id='word_1_891' title='bbox 2518 4502 2637 4571; x_wconf 87' lang='lat' dir='ltr'><strong>quia</strong></span> <span class='ocrx_word' id='word_1_892' title='bbox 2664 4502 2898 4556; x_wconf 89' lang='lat' dir='ltr'><strong>omnimn</strong></span> <span class='ocrx_word' id='word_1_893' title='bbox 2928 4521 2941 4555; x_wconf 91' lang='lat'><strong>:</strong></span> <span class='ocrx_word' id='word_1_894' title='bbox 2971 4503 3108 4557; x_wconf 85' lang='lat' dir='ltr'><strong>titius</strong></span> <span class='ocrx_word' id='word_1_895' title='bbox 3133 4513 3306 4559; x_wconf 88' lang='lat' dir='ltr'><strong>autem</strong></span> <span class='ocrx_word' id='word_1_896' title='bbox 3336 4505 3525 4570; x_wconf 88' lang='lat' dir='ltr'><strong>David,</strong></span> <span class='ocrx_word' id='word_1_897' title='bbox 3549 4506 3681 4574; x_wconf 72' lang='lat' dir='ltr'><strong>quia</strong></span> 
     </span>
    </p>
   </div>
   <div class='ocr_carea' id='block_1_110' title="bbox 2096 4589 3683 4655">
    <p class='ocr_par' dir='ltr' id='par_1_110' title="bbox 2096 4589 3683 4655">
     <span class='ocr_line' id='line_1_110' title="bbox 2096 4589 3683 4655; baseline 0.005 -12"><span class='ocrx_word' id='word_1_898' title='bbox 2096 4589 2234 4643; x_wconf 76' lang='lat' dir='ltr'><strong>illius</strong></span> <span class='ocrx_word' id='word_1_899' title='bbox 2265 4590 2513 4645; x_wconf 84' lang='lat' dir='ltr'><strong>hominis.</strong></span> <span class='ocrx_word' id='word_1_900' title='bbox 2545 4592 2685 4645; x_wconf 86' lang='lat' dir='ltr'><strong>Idem</strong></span> <span class='ocrx_word' id='word_1_901' title='bbox 2717 4592 2968 4646; x_wconf 89' lang='lat' dir='ltr'><strong>Dominus</strong></span> <span class='ocrx_word' id='word_1_902' title='bbox 2988 4633 3003 4655; x_wconf 90' lang='lat'><strong>,</strong></span> <span class='ocrx_word' id='word_1_903' title='bbox 3040 4593 3177 4648; x_wconf 89' lang='lat' dir='ltr'><strong>idem</strong></span> <span class='ocrx_word' id='word_1_904' title='bbox 3207 4593 3385 4649; x_wconf 81' lang='lat' dir='ltr'><strong>illius:</strong></span> <span class='ocrx_word' id='word_1_905' title='bbox 3418 4594 3683 4651; x_wconf 81' lang='lat' dir='ltr'><strong>Dominus</strong></span> 
     </span>
    </p>
   </div>
   <div class='ocr_carea' id='block_1_111' title="bbox 2095 4682 3677 4770">
    <p class='ocr_par' dir='ltr' id='par_1_111' title="bbox 2095 4682 3677 4770">
     <span class='ocr_line' id='line_1_111' title="bbox 2095 4682 3677 4770; baseline 0.003 -35"><span class='ocrx_word' id='word_1_906' title='bbox 2095 4682 2256 4736; x_wconf 85' lang='lat' dir='ltr'><strong>David</strong></span> <span class='ocrx_word' id='word_1_907' title='bbox 2273 4724 2287 4747; x_wconf 95' lang='lat'><strong>,</strong></span> <span class='ocrx_word' id='word_1_908' title='bbox 2314 4684 2400 4753; x_wconf 85' lang='lat' dir='ltr'><strong>qui</strong></span> <span class='ocrx_word' id='word_1_909' title='bbox 2425 4700 2537 4736; x_wconf 89' lang='lat' dir='ltr'><strong>cum</strong></span> <span class='ocrx_word' id='word_1_910' title='bbox 2567 4683 2617 4736; x_wconf 87' lang='lat' dir='ltr'><strong>in</strong></span> <span class='ocrx_word' id='word_1_911' title='bbox 2643 4690 2808 4755; x_wconf 73' lang='lat' dir='ltr'><strong>[arma</strong></span> <span class='ocrx_word' id='word_1_912' title='bbox 2842 4682 2937 4737; x_wconf 87' lang='lat' dir='ltr'><strong>Dei</strong></span> <span class='ocrx_word' id='word_1_913' title='bbox 2963 4694 3086 4739; x_wconf 82' lang='lat' dir='ltr'><strong>esset</strong></span> <span class='ocrx_word' id='word_1_914' title='bbox 3103 4727 3116 4749; x_wconf 90' lang='lat'><strong>,</strong></span> <span class='ocrx_word' id='word_1_915' title='bbox 3149 4701 3248 4770; x_wconf 67' lang='grc' dir='ltr'><strong>ηομ</strong></span> <span class='ocrx_word' id='word_1_916' title='bbox 3273 4686 3510 4755; x_wconf 82' lang='lat' dir='ltr'><strong>rapinam</strong></span> <span class='ocrx_word' id='word_1_917' title='bbox 3531 4686 3677 4740; x_wconf 81' lang='lat' dir='ltr'><strong>arbi-</strong></span> 
     </span>
    </p>
   </div>
   <div class='ocr_carea' id='block_1_112' title="bbox 2096 4773 3675 4847">
    <p class='ocr_par' dir='ltr' id='par_1_112' title="bbox 2096 4773 3675 4847">
     <span class='ocr_line' id='line_1_112' title="bbox 2096 4773 3675 4847; baseline 0.004 -21"><span class='ocrx_word' id='word_1_918' title='bbox 2096 4773 2255 4829; x_wconf 83' lang='lat' dir='ltr'><strong>tratus</strong></span> <span class='ocrx_word' id='word_1_919' title='bbox 2282 4785 2355 4830; x_wconf 89' lang='lat' dir='ltr'><strong>est</strong></span> <span class='ocrx_word' id='word_1_920' title='bbox 2383 4792 2486 4829; x_wconf 83' lang='lat' dir='ltr'><strong>esse</strong></span> <span class='ocrx_word' id='word_1_921' title='bbox 2512 4776 2721 4846; x_wconf 65' lang='lat' dir='ltr'><strong>(aqualis</strong></span> <span class='ocrx_word' id='word_1_922' title='bbox 2754 4774 2857 4829; x_wconf 86' lang='lat' dir='ltr'><strong>Deo</strong></span> <span class='ocrx_word' id='word_1_923' title='bbox 2886 4793 2904 4829; x_wconf 91' lang='lat'><em>:</em></span> <span class='ocrx_word' id='word_1_924' title='bbox 2934 4775 3073 4831; x_wconf 83' lang='lat' dir='ltr'><strong>ﬁlius</strong></span> <span class='ocrx_word' id='word_1_925' title='bbox 3109 4787 3285 4831; x_wconf 88' lang='lat' dir='ltr'><strong>autem</strong></span> <span class='ocrx_word' id='word_1_926' title='bbox 3318 4777 3515 4840; x_wconf 82' lang='lat' dir='ltr'><strong>David,</strong></span> <span class='ocrx_word' id='word_1_927' title='bbox 3547 4779 3675 4847; x_wconf 85' lang='lat' dir='ltr'><strong>quia</strong></span> 
     </span>
    </p>
   </div>
   <div class='ocr_carea' id='block_1_113' title="bbox 2092 4866 3673 4938">
    <p class='ocr_par' dir='ltr' id='par_1_113' title="bbox 2092 4866 3673 4938">
     <span class='ocr_line' id='line_1_113' title="bbox 2092 4866 3673 4938; baseline 0.001 -18"><span class='ocrx_word' id='word_1_928' title='bbox 2092 4868 2407 4936; x_wconf 83' lang='lat' dir='ltr'><strong>semetipsum</strong></span> <span class='ocrx_word' id='word_1_929' title='bbox 2427 4866 2714 4931; x_wconf 74' lang='lat' dir='ltr'><strong>exinanivit,</strong></span> <span class='ocrx_word' id='word_1_930' title='bbox 2742 4868 3098 4936; x_wconf 78' lang='lat' dir='ltr'><strong>[ormamseroi</strong></span> <span class='ocrx_word' id='word_1_931' title='bbox 3134 4868 3383 4938; x_wconf 80' lang='lat' dir='ltr'><strong>accipiens</strong></span> <span class='ocrx_word' id='word_1_932' title='bbox 3410 4867 3673 4938; x_wconf 82' lang='lat' dir='ltr'><strong>(Philipp.</strong></span> 
     </span>
    </p>
   </div>
   <div class='ocr_carea' id='block_1_114' title="bbox 2095 4954 2364 5025">
    <p class='ocr_par' dir='ltr' id='par_1_114' title="bbox 2095 4954 2364 5025">
     <span class='ocr_line' id='line_1_114' title="bbox 2095 4954 2364 5025; baseline -0.004 -16"><span class='ocrx_word' id='word_1_933' title='bbox 2095 4956 2258 5021; x_wconf 71' lang='lat'><strong>11,.6,</strong></span> <span class='ocrx_word' id='word_1_934' title='bbox 2289 4954 2364 5025; x_wconf 89' lang='lat'><strong>7).</strong></span> 
     </span>
    </p>
   </div>
   <div class='ocr_carea' id='block_1_115' title="bbox 2163 5043 3672 5120">
    <p class='ocr_par' dir='ltr' id='par_1_115' title="bbox 2163 5043 3672 5120">
     <span class='ocr_line' id='line_1_115' title="bbox 2163 5043 3672 5120; baseline 0.002 -20"><span class='ocrx_word' id='word_1_935' title='bbox 2163 5044 2387 5101; x_wconf 82' lang='lat' dir='ltr'><strong>CAPUT</strong></span> <span class='ocrx_word' id='word_1_936' title='bbox 2415 5043 2548 5099; x_wconf 77' lang='lat' dir='ltr'><strong>Xlll.</strong></span> <span class='ocrx_word' id='word_1_937' title='bbox 2567 5046 2740 5100; x_wconf 76' lang='lat'><strong>—21.</strong></span> <span class='ocrx_word' id='word_1_938' title='bbox 2764 5045 3066 5118; x_wconf 87' lang='lat' dir='ltr'><strong>Conjugium</strong></span> <span class='ocrx_word' id='word_1_939' title='bbox 3087 5049 3225 5120; x_wconf 73' lang='lat' dir='ltr'><strong>facit,</strong></span> <span class='ocrx_word' id='word_1_940' title='bbox 3254 5066 3353 5103; x_wconf 88' lang='lat' dir='ltr'><strong>non</strong></span> <span class='ocrx_word' id='word_1_941' title='bbox 3379 5050 3672 5103; x_wconf 68' lang='lat' dir='ltr'><strong>commixtio</strong></span> 
     </span>
    </p>
   </div>
   <div class='ocr_carea' id='block_1_116' title="bbox 2095 5135 3673 5211">
    <p class='ocr_par' dir='ltr' id='par_1_116' title="bbox 2095 5135 3673 5211">
     <span class='ocr_line' id='line_1_116' title="bbox 2095 5135 3673 5211; baseline 0.003 -22"><span class='ocrx_word' id='word_1_942' title='bbox 2095 5135 2343 5201; x_wconf 85' lang='lat' dir='ltr'><strong>carnalis,</strong></span> <span class='ocrx_word' id='word_1_943' title='bbox 2371 5135 2459 5189; x_wconf 80' lang='lat' dir='ltr'><strong>sed</strong></span> <span class='ocrx_word' id='word_1_944' title='bbox 2495 5136 2713 5189; x_wconf 75' lang='lat' dir='ltr'><strong>Charitas</strong></span> <span class='ocrx_word' id='word_1_945' title='bbox 2738 5138 3040 5208; x_wconf 86' lang='lat' dir='ltr'><strong>conjugalis.</strong></span> <span class='ocrx_word' id='word_1_946' title='bbox 3079 5137 3345 5211; x_wconf 86' lang='lat' dir='ltr'><strong>Conjugati</strong></span> <span class='ocrx_word' id='word_1_947' title='bbox 3372 5140 3673 5194; x_wconf 78' lang='lat' dir='ltr'><strong>abstinentes</strong></span> 
     </span>
    </p>
   </div>
   <div class='ocr_carea' id='block_1_117' title="bbox 2092 5226 3671 5299">
    <p class='ocr_par' dir='ltr' id='par_1_117' title="bbox 2092 5226 3671 5299">
     <span class='ocr_line' id='line_1_117' title="bbox 2092 5226 3671 5299; baseline 0.001 -16"><span class='ocrx_word' id='word_1_948' title='bbox 2092 5244 2156 5283; x_wconf 79' lang='lat' dir='ltr'><strong>ea:</strong></span> <span class='ocrx_word' id='word_1_949' title='bbox 2180 5243 2439 5281; x_wconf 87' lang='lat' dir='ltr'><strong>consensu.</strong></span> <span class='ocrx_word' id='word_1_950' title='bbox 2467 5226 2579 5281; x_wconf 78' lang='lat' dir='ltr'><strong>Non</strong></span> <span class='ocrx_word' id='word_1_951' title='bbox 2625 5228 2799 5297; x_wconf 88' lang='lat' dir='ltr'><strong>itaque</strong></span> <span class='ocrx_word' id='word_1_952' title='bbox 2827 5239 3104 5297; x_wconf 78' lang='lat' dir='ltr'><strong>prepterea</strong></span> <span class='ocrx_word' id='word_1_953' title='bbox 3133 5245 3238 5283; x_wconf 92' lang='lat' dir='ltr'><strong>non</strong></span> <span class='ocrx_word' id='word_1_954' title='bbox 3276 5229 3372 5283; x_wconf 90' lang='lat' dir='ltr'><strong>l‘uit</strong></span> <span class='ocrx_word' id='word_1_955' title='bbox 3402 5239 3548 5299; x_wconf 79' lang='lat' dir='ltr'><strong>pater</strong></span> <span class='ocrx_word' id='word_1_956' title='bbox 3571 5228 3671 5284; x_wconf 78' lang='lat' dir='ltr'><strong>Jo-</strong></span> 
     </span>
    </p>
   </div>
   <div class='ocr_carea' id='block_1_118' title="bbox 2090 5318 3672 5390">
    <p class='ocr_par' dir='ltr' id='par_1_118' title="bbox 2090 5318 3672 5390">
     <span class='ocr_line' id='line_1_118' title="bbox 2090 5318 3672 5390; baseline 0 -14"><span class='ocrx_word' id='word_1_957' title='bbox 2090 5318 2221 5389; x_wconf 88' lang='lat' dir='ltr'><strong>seph</strong></span> <span class='ocrx_word' id='word_1_958' title='bbox 2242 5360 2258 5385; x_wconf 96' lang='lat'><strong>,</strong></span> <span class='ocrx_word' id='word_1_959' title='bbox 2286 5318 2407 5389; x_wconf 90' lang='lat' dir='ltr'><strong>quia</strong></span> <span class='ocrx_word' id='word_1_960' title='bbox 2448 5333 2567 5373; x_wconf 89' lang='lat' dir='ltr'><strong>cum</strong></span> <span class='ocrx_word' id='word_1_961' title='bbox 2597 5328 2764 5373; x_wconf 89' lang='lat' dir='ltr'><strong>matre</strong></span> <span class='ocrx_word' id='word_1_962' title='bbox 2789 5321 2998 5375; x_wconf 88' lang='lat' dir='ltr'><strong>Domini</strong></span> <span class='ocrx_word' id='word_1_963' title='bbox 3028 5336 3131 5375; x_wconf 90' lang='lat' dir='ltr'><strong>non</strong></span> <span class='ocrx_word' id='word_1_964' title='bbox 3175 5322 3488 5385; x_wconf 89' lang='lat' dir='ltr'><strong>concubuit;</strong></span> <span class='ocrx_word' id='word_1_965' title='bbox 3519 5321 3672 5390; x_wconf 83' lang='lat' dir='ltr'><strong>quasi</strong></span> 
     </span>
    </p>
   </div>
   <div class='ocr_carea' id='block_1_119' title="bbox 2094 5410 3672 5484">
    <p class='ocr_par' dir='ltr' id='par_1_119' title="bbox 2094 5410 3672 5484">
     <span class='ocr_line' id='line_1_119' title="bbox 2094 5410 3672 5484; baseline 0.001 -19"><span class='ocrx_word' id='word_1_966' title='bbox 2094 5425 2313 5466; x_wconf 76' lang='lat' dir='ltr'><strong>uxorem</strong></span> <span class='ocrx_word' id='word_1_967' title='bbox 2339 5410 2502 5464; x_wconf 83' lang='lat' dir='ltr'><strong>libido</strong></span> <span class='ocrx_word' id='word_1_968' title='bbox 2527 5410 2713 5478; x_wconf 80' lang='lat' dir='ltr'><strong>iaciat,</strong></span> <span class='ocrx_word' id='word_1_969' title='bbox 2761 5420 2816 5466; x_wconf 87' lang='lat' dir='ltr'><strong>et</strong></span> <span class='ocrx_word' id='word_1_970' title='bbox 2844 5428 2948 5467; x_wconf 88' lang='lat' dir='ltr'><strong>non</strong></span> <span class='ocrx_word' id='word_1_971' title='bbox 2978 5412 3210 5468; x_wconf 86' lang='lat' dir='ltr'><strong>charitas</strong></span> <span class='ocrx_word' id='word_1_972' title='bbox 3241 5412 3550 5484; x_wconf 72' lang='lat' dir='ltr'><strong>coniugalis.</strong></span> <span class='ocrx_word' id='word_1_973' title='bbox 3580 5410 3672 5467; x_wconf 88' lang='lat' dir='ltr'><strong>In-</strong></span> 
     </span>
    </p>
   </div>
   <div class='ocr_carea' id='block_1_120' title="bbox 2092 5500 3669 5577">
    <p class='ocr_par' dir='ltr' id='par_1_120' title="bbox 2092 5500 3669 5577">
     <span class='ocr_line' id='line_1_120' title="bbox 2092 5500 3669 5577; baseline 0.001 -20"><span class='ocrx_word' id='word_1_974' title='bbox 2092 5502 2272 5558; x_wconf 87' lang='lat' dir='ltr'><strong>tendat</strong></span> <span class='ocrx_word' id='word_1_975' title='bbox 2316 5500 2578 5557; x_wconf 80' lang='lat' dir='ltr'><strong>Sanctitas</strong></span> <span class='ocrx_word' id='word_1_976' title='bbox 2621 5512 2816 5560; x_wconf 85' lang='lat' dir='ltr'><strong>vestra.</strong></span> <span class='ocrx_word' id='word_1_977' title='bbox 2868 5505 3108 5561; x_wconf 86' lang='lat' dir='ltr'><strong>Dicturus</strong></span> <span class='ocrx_word' id='word_1_978' title='bbox 3135 5517 3248 5562; x_wconf 85' lang='lat' dir='ltr'><strong>erat</strong></span> <span class='ocrx_word' id='word_1_979' title='bbox 3277 5516 3396 5577; x_wconf 87' lang='lat' dir='ltr'><strong>post</strong></span> <span class='ocrx_word' id='word_1_980' title='bbox 3423 5507 3669 5577; x_wconf 77' lang='lat' dir='ltr'><strong>aliquan-</strong></span> 
     </span>
    </p>
   </div>
   <div class='ocr_carea' id='block_1_121' title="bbox 2161 5603 2787 5666">
    <p class='ocr_par' dir='ltr' id='par_1_121' title="bbox 2161 5603 2787 5666">
     <span class='ocr_line' id='line_1_121' title="bbox 2161 5603 2787 5666; baseline 0.003 -13"><span class='ocrx_word' id='word_1_981' title='bbox 2161 5606 2181 5637; x_wconf 81' lang='grc'>³</span> <span class='ocrx_word' id='word_1_982' title='bbox 2201 5604 2359 5654; x_wconf 83' lang='lat' dir='ltr'><strong>Codex</strong></span> <span class='ocrx_word' id='word_1_983' title='bbox 2388 5619 2453 5666; x_wconf 87' lang='lat' dir='ltr'><strong>v.,</strong></span> <span class='ocrx_word' id='word_1_984' title='bbox 2482 5611 2535 5654; x_wconf 71' lang='lat' dir='ltr'><strong>rt</strong></span> <span class='ocrx_word' id='word_1_985' title='bbox 2553 5604 2635 5666; x_wconf 78' lang='lat' dir='ltr'><strong>qui</strong></span> <span class='ocrx_word' id='word_1_986' title='bbox 2653 5603 2787 5655; x_wconf 77' lang='lat' dir='ltr'><strong>dicit.</strong></span> 
     </span>
    </p>
   </div>
  </div>
