3938 6186
224 417 337 461 tam
380 403 658 476 temporis,
705 402 992 471 Aj'ostr-lus
1034 401 1227 456 Christi
1274 401 1325 454 in
1372 399 1643 467 Ecclesia,
1676 399 1817 453 Reli-

223 514 377 568 quum
406 508 476 550 est
506 507 565 549 ut
597 495 687 565 qui
726 495 907 548 habent
936 510 1145 558 uxores,
1175 504 1411 563 tanquam
1440 509 1540 546 non
1580 492 1814 545 habentes

224 590 324 643 sin!
347 588 387 655 (l
410 587 532 641 Cor.
566 602 668 650 vn,
694 584 809 656 29).
838 586 900 640 Ει
923 586 1115 639 nmltos
1131 585 1373 638 novimus
1394 584 1583 639 fratres
1603 593 1813 638 nostros

225 679 610 732 fructiticaotrs
625 675 676 729 in
692 677 879 745 gratia,
895 675 946 728 in
965 676 1175 728 nomine
1187 674 1377 730 Christi
1395 690 1456 727 ex
1470 688 1732 728 consensu
1744 674 1812 728 ab

227 768 454 823 invicem
481 767 764 821 continere
791 766 1270 833 concupiscentiam
1292 766 1486 829 carnis,
1515 781 1617 818 non
1634 773 1809 819 autem

222 860 500 913 continere
528 857 597 911 ab
625 856 857 911 invicem
884 855 1193 909 cbaritatem
1219 854 1571 924 coniugalem.
1601 854 1809 919 Quanto

231 952 320 1005 illa
344 950 678 1019 reprimitur,
711 956 856 1002 tanto
887 948 981 1000 ista
1008 946 1195 1000 fortius
1228 946 1585 1000 confirmatur.
1624 944 1808 999 Nonne

229 1051 351 1096 sunt
378 1042 637 1110 conjuges
660 1042 749 1109 qui
778 1040 857 1094 sic
888 1040 1070 1093 vivunt
1088 1081 1101 1103 ,
1133 1053 1235 1092 non
1261 1047 1558 1107 quaerentes
1585 1038 1652 1091 ab
1676 1039 1808 1091 invi-

224 1150 338 1189 cem
361 1133 592 1187 fructum
615 1133 813 1196 carnis,
833 1148 935 1184 non
957 1130 1227 1200 exigentes
1247 1131 1314 1183 ab
1332 1130 1555 1183 invicem
1572 1129 1805 1183 debitum

220 1223 670 1292 concupiscentiae
699 1221 1034 1290 corporalis?
1059 1221 1121 1273 Et
1153 1230 1326 1274 tamen
1348 1220 1433 1273 illa
1462 1219 1698 1286 subiecta
1723 1227 1807 1273 est

220 1317 372 1381 viro,
405 1316 528 1383 quia
553 1316 633 1368 sic
656 1315 843 1378 decet;
891 1322 942 1367 et
971 1321 1115 1366 tanto
1140 1312 1445 1381 subjectior,
1473 1322 1671 1379 quanto
1711 1326 1802 1365 ca-

215 1407 355 1459 stior
388 1423 401 1457 :
432 1412 487 1458 et
523 1404 610 1458 ille
654 1418 876 1457 uxorem
914 1403 1084 1471 diligit
1127 1416 1284 1465 vere,
1326 1409 1383 1454 ut
1409 1401 1661 1469 scriptum
1691 1408 1800 1465 est,

210 1497 269 1549 in
299 1496 493 1548 honore
516 1505 565 1549 et
589 1495 989 1562 sanctiﬁcatione
1024 1493 1078 1562 (1
1109 1492 1282 1546 Thess.
1312 1509 1382 1557 tv,
1413 1491 1486 1563 4)
1509 1533 1523 1555 ,
1556 1501 1802 1561 tanquam

211 1585 555 1642 cohairedcm
579 1585 763 1654 gratia}
784 1626 796 1646 ,
822 1585 946 1637 sicut
969 1582 1227 1649 Christus,
1260 1583 1455 1653 inquit,
1493 1584 1671 1637 dilexit
1700 1583 1803 1637 Ec-

212 1678 425 1730 clesium
450 1676 669 1744 (Ιίνιιις.
694 1693 722 1727 ν
744 1717 759 1737 ,
784 1676 900 1744 ‘25).
933 1675 1070 1744 Ergo
1099 1675 1143 1727 si
1177 1675 1363 1742 copula
1392 1683 1472 1729 est
1492 1716 1507 1741 ,
1541 1675 1584 1728 si
1614 1676 1796 1743 conjuo

211 1770 361 1839 gium
406 1778 522 1832 est,
547 1769 591 1821 si
620 1784 724 1821 non
755 1768 873 1821 ideo
911 1782 1014 1819 non
1060 1774 1143 1819 est
1182 1765 1514 1835 eonjugium,
1545 1766 1663 1835 quia
1696 1780 1800 1819 non

212 1860 277 1912 ﬁt
300 1858 435 1912 illud
464 1859 605 1928 quod
633 1859 790 1913 etiam
822 1858 872 1911 in
913 1874 1018 1909 non
1049 1857 1268 1924 conjuge
1309 1856 1420 1909 ﬁeri
1466 1865 1673 1925 potest,
1704 1856 1800 1911 sed

210 1950 400 2003 illicito
426 1958 639 2019 potest:
675 1951 872 2003 utinam
902 1957 1115 2018 possent
1139 1964 1358 2015 omnes;
1392 1950 1483 2003 sed
1513 1949 1663 2001 umlti
1693 1964 1799 2002 non

209 2049 461 2109 possunt.
494 2039 609 2095 Non
639 2056 767 2109 ergo
797 2041 916 2094 ideo
954 2039 1257 2108 disjungant
1295 2055 1387 2093 eos
1412 2040 1499 2108 qui
1543 2047 1795 2108 possunt,

208 2137 264 2182 et
303 2139 594 2198 propterea
626 2139 821 2198 negent
866 2143 986 2183 esse
1016 2128 1099 2182 vel
1128 2128 1271 2181 illum
1318 2129 1592 2193 maritum,
1625 2128 1707 2183 vel
1735 2129 1800 2182 il-

209 2218 319 2272 lam
345 2234 612 2283 uxorem,
638 2220 759 2289 quia
801 2233 907 2273 non
931 2203 1030 2273 sibi
1060 2218 1340 2273 carnaliter
1366 2218 1675 2286 miscentur,
1704 2221 1798 2276 scd

204 2311 462 2365 cordibus
488 2319 900 2366 connectuntur.

275 2399 371 2453 ‘22.
414 2400 652 2455 (Im-nalis
677 2404 966 2456 commixtio
1004 2403 1201 2456 nonnisi
1237 2403 1593 2471 procreationis
1623 2420 1794 2455 causa.

211 2489 425 2545 Tabula
446 2493 863 2546 matrimoniales.
907 2494 1225 2547 Adulterium
1264 2494 1414 2548 unde.
1452 2493 1657 2548 Veniale
1686 2511 1799 2563 pec-

202 2592 373 2636 catu
390 2583 600 2654 quando
620 2584 671 2636 in
692 2601 788 2637 usu
814 2586 1135 2638 matrimonii.
1179 2586 1311 2639 Hinc
1340 2587 1616 2656 intelligite
1637 2626 1654 2654 ,
1692 2587 1799 2640 fra-

202 2678 317 2726 tres
344 2672 451 2726 mei
474 2713 491 2739 ,
522 2673 650 2742 quid
693 2674 921 2727 senserit
959 2674 1228 2744 Scriptura
1265 2674 1333 2730 de
1359 2675 1462 2729 illis
1493 2676 1797 2745 parentibus

201 2762 442 2829 nostris,
475 2765 673 2833 quisic
712 2776 863 2818 eram
886 2766 1148 2836 conjugati
1169 2807 1186 2830 ,
1218 2777 1274 2821 ut
1297 2767 1463 2820 solam
1494 2768 1693 2836 prolem
1727 2769 1794 2823 (le

198 2855 521 2925 conjs-gibus
541 2865 859 2927 qntererenl.
890 2858 1016 2913 Tam
1047 2867 1192 2913 caste
1228 2858 1369 2912 enim
1395 2859 1660 2915 habebant
1684 2860 1791 2927 illi,

196 2945 289 3013 qui
310 2961 417 3016 pro
436 2953 680 3015 tempore
700 2957 753 3001 et
785 2964 879 3016 pro
910 2964 1057 3003 more
1081 2949 1255 3018 gentis
1292 2966 1401 3002 sua:
1430 2950 1588 3004 etiam
1618 2950 1793 3019 plures

195 3033 499 3101 habebant,
527 3045 587 3090 ut
613 3053 717 3090 non
740 3038 1053 3094 accederent
1075 3041 1141 3093 ad
1169 3041 1434 3094 carnalem
1456 3043 1791 3096 Commixtio-

195 3141 322 3180 nem
350 3168 368 3192 ,
400 3128 503 3181 nisi
538 3129 924 3197 procreationis
949 3146 1106 3185 causa
1129 3172 1143 3195 ,
1176 3146 1305 3186 vere
1332 3131 1588 3186 habentes
1614 3148 1702 3187 eas
1739 3134 1792 3187 in

193 3216 424 3274 honore.
455 3216 725 3273 (lauerant
752 3222 841 3290 qui
873 3222 1050 3275 uxoris
1076 3237 1289 3277 carnem
1317 3222 1544 3292 amplius
1571 3224 1787 3292 appetit,

191 3322 361 3377 quam
392 3309 689 3378 praescribit
712 3310 864 3363 limes
883 3311 993 3375 ille,
1025 3312 1308 3366 liberorum
1340 3314 1787 3382 procreandorum

188 3409 395 3465 ausa,
424 3409 615 3453 contra
663 3400 804 3468 ipsas
838 3402 1041 3456 tabulas
1082 3400 1233 3467 facit,
1263 3404 1454 3472 quibus
1480 3420 1596 3458 eam
1639 3405 1789 3458 duxit

191 3500 449 3541 uxorem.
478 3487 789 3542 Recitantur
830 3490 1019 3544 tabida:
1038 3530 1054 3556 ,
1082 3501 1135 3545 et
1174 3494 1462 3547 recitantur
1489 3494 1538 3547 in
1564 3509 1789 3562 conspe-

185 3584 283 3629 ctu
328 3576 574 3631 omnium
616 3580 982 3633 attestautium
1008 3620 1023 3643 ,
1068 3589 1123 3634 et
1170 3582 1439 3646 recitatur,
1474 3582 1783 3636 Liberorum

186 3665 653 3733 procreandorum
692 3682 848 3721 causa
872 3685 887 3731 ;
934 3677 989 3723 et
1016 3680 1270 3723 vocantur
1297 3671 1486 3724 tabula:
1513 3672 1787 3725 matrimo-

184 3755 391 3808 niales.
418 3754 527 3808 Nisi
553 3756 617 3808 ad
645 3757 745 3810 hoc
765 3758 978 3823 dentur,
999 3758 1064 3811 ad
1096 3758 1198 3813 hoc
1221 3760 1544 3829 accipiantur
1569 3775 1779 3827 uxores,

183 3844 313 3912 quis
346 3858 476 3895 sana
502 3844 673 3901 fronte
697 3846 787 3900 dat
818 3847 978 3901 tiliam
1004 3862 1153 3901 suam
1195 3849 1396 3902 libidini
1435 3850 1654 3905 alienre?
1679 3851 1783 3906 Sed

185 3943 245 3987 ut
268 3950 387 3985 nisu
413 3934 726 3990 erubescant
755 3950 1033 4006 parentes,
1054 3953 1174 3993 cum
1202 3939 1330 3993 dant
1349 3982 1363 4003 ,
1395 3942 1683 3997 recitantur
1706 3952 1784 3998 ta-

178 4023 373 4086 bulae;
407 4034 465 4078 ut
485 4026 587 4079 sint
609 4028 801 4092 soceri,
835 4043 939 4081 non
963 4029 1197 4083 lenones.
1222 4030 1356 4096 Quid
1383 4040 1512 4101 ergo
1535 4031 1603 4087 de
1628 4033 1781 4087 tabu-

178 4115 251 4171 lis
272 4117 576 4171 recitatur?
596 4118 905 4173 Liberorum
927 4122 1371 4189 procreandorum
1393 4138 1570 4177 causa.
1599 4123 1776 4194 Tergi-

178 4216 272 4261 tur
304 4206 463 4259 frons
493 4209 655 4274 patris
680 4217 839 4279 atque
880 4220 1174 4276 serenatur,
1205 4212 1381 4265 audita
1404 4227 1554 4269 socc
1578 4214 1781 4268 tabula-

178 4313 338 4351 rum.
385 4297 671 4353 Videamus
718 4299 947 4354 frontem
1015 4302 1112 4356 viri
1176 4303 1481 4372 accipientis
1537 4320 1776 4360 uxorem.

180 4389 493 4443 Erubescat
512 4400 565 4444 et
593 4391 814 4446 maritus
841 4393 996 4447 aliter
1021 4394 1262 4462 accipere
1279 4436 1293 4461 ,
1320 4397 1363 4449 si
1394 4396 1658 4450 erubescit
1689 4412 1780 4466 pa-

175 4485 267 4531 ter
293 4478 464 4532 aliter
482 4479 627 4533 dare.
654 4479 757 4535 Sed
780 4481 825 4534 si
847 4497 952 4535 non
978 4492 1197 4550 possunt
1217 4484 1518 4554 (aliquando
1541 4486 1649 4554 jam
1680 4488 1776 4541 ista

173 4567 450 4637 diximus)
469 4610 484 4631 ,
515 4570 729 4639 exigant
752 4570 1022 4637 debitum;
1067 4588 1169 4627 non
1217 4577 1616 4645 progrediantur
1641 4580 1775 4632 ultra

175 4659 466 4715 debitores
492 4676 637 4715 suos.
670 4663 738 4716 Et
764 4662 960 4717 femina
999 4676 1051 4719 et
1092 4667 1171 4719 vir
1222 4667 1580 4723 inﬁrmitatem
1613 4684 1774 4724 suam

176 4749 233 4802 in
262 4764 337 4803 se
364 4750 725 4805 consolentur.
757 4751 871 4807 Non
902 4764 988 4808 eat
1017 4754 1105 4809 ille
1134 4754 1199 4808 ad
1225 4757 1442 4810 alteram
1465 4800 1480 4821 ,
1515 4768 1567 4812 et
1596 4759 1680 4812 illa
1708 4760 1773 4814 ad

168 4840 417 4893 nites-um
449 4857 462 4892 :
494 4841 633 4896 unde
664 4842 988 4911 appellatum
1020 4853 1102 4898 est
1128 4845 1445 4899 adulterium
1469 4886 1485 4909 ,
1513 4848 1664 4916 quasi
1706 4849 1773 4903 ad

170 4935 441 4987 alterum.
471 4934 537 4989 Et
555 4936 599 4988 si
627 4934 973 5004 egrediuntur
995 4945 1164 4991 metas
1185 4938 1588 4992 matrimonialis
1615 4942 1768 5008 pacti,

170 5038 289 5076 non
323 5023 666 5093 egrediantur
691 5033 858 5079 metas
883 5025 1171 5095 conjugalis
1215 5027 1337 5080 tori.
1367 5027 1629 5098 Numquid
1672 5029 1774 5085 hoc

172 5131 289 5170 non
337 5126 427 5170 est
478 5126 786 5185 peccatum,
838 5119 1064 5187 amplius
1106 5134 1262 5188 quam
1311 5118 1599 5174 liberorum
1646 5138 1773 5191 pro-

169 5208 541 5261 creandorum
572 5210 863 5267 necessitas
899 5210 1072 5279 cogit,
1108 5210 1326 5279 exigere
1358 5226 1387 5262 a
1425 5212 1648 5281 conjuge
1674 5213 1774 5267 de-

171 5299 393 5352 bitum?
426 5298 516 5353 Est
538 5300 752 5369 quidem
784 5309 1087 5368 peccatum,
1111 5302 1203 5355 sed
1236 5303 1461 5358 veniale.
1493 5304 1772 5372 Apostolus

166 5390 343 5451 dicit,
382 5388 498 5442 Hoc
543 5402 711 5443 autem
758 5391 873 5444 dico
911 5392 1185 5446 secundum
1226 5394 1422 5446 veniam
1454 5409 1616 5449 :cum
1649 5395 1771 5451 inde

172 5482 515 5549 loqueretur,
546 5478 754 5542 Nolite,
784 5481 981 5549 inquit,
1023 5486 1262 5551 fraudare
1296 5485 1534 5547 invicem,
1575 5486 1675 5540 nisi
1709 5503 1773 5541 at:

166 5587 429 5624 consensu
448 5570 518 5624 ad
539 5581 735 5640 tempus
756 5612 768 5633 ,
795 5581 850 5624 ut
870 5574 1049 5626 tacetis
1072 5574 1322 5637 orationi;
1345 5585 1392 5629 et
1412 5576 1592 5630 iterum
1614 5578 1681 5630 ad
1698 5578 1772 5630 id-

168 5666 347 5732 ipswu
376 5676 561 5729 estote,
606 5681 668 5719 ne
707 5682 792 5719 eos
821 5675 969 5720 tentet
1009 5667 1256 5733 Satanas,
1288 5679 1491 5739 propter
1529 5672 1768 5746 intempe-

1681 284 1911 344 SERMO
1950 291 2036 346 LI.

3398 310 3501 365 5W

1922 406 2139 475 fantium
2169 422 2403 462 vestram.
2434 410 2571 478 Quid
2596 421 2676 468 est
2700 413 2840 469 hoc?
2864 414 2943 471 Nc
2974 416 3109 472 ultra
3139 416 3278 473 vires
3305 417 3499 488 aliquid

1921 498 2070 552 vobis
2106 498 2425 568 imponatis;
2456 516 2524 557 ne
2549 505 2870 561 continendo
2897 523 2924 560 a
2956 508 3106 563 vobis
3147 509 3371 564 invicem
3392 549 3410 575 ,
3448 511 3499 565 in

1918 585 2177 641 adulteria
2206 591 2488 646 corruatis.
2518 591 2602 646 Ne
2623 611 2710 650 vos
2741 605 2892 650 tentet
2917 597 3166 663 Satanas,
3194 608 3398 669 propter
3421 601 3499 655 in-

1918 679 2301 746 temperantiam
2322 683 2626 735 vestram.Et
2651 700 2716 739 ne
2746 684 2881 740 forte
2901 686 3039 756 quod
3062 689 3394 757 permittebat
3412 690 3495 759 jn-

1917 766 2045 824 bere
2072 770 2336 826 videretur
2379 772 2540 842 (aliud
2584 784 2664 829 est
2699 778 2839 830 enim
2878 778 3066 846 jubere
3102 781 3316 844 virtuti,
3348 782 3493 837 aliud

1916 861 2220 928 permittere
2249 861 2563 934 infirmitati)
2589 905 2601 927 ,
2635 866 2811 919 statim
2842 868 3146 936 subjunxit,
3194 870 3303 923 Hoc
3330 872 3495 927 autent

1915 949 2030 1002 dico
2053 950 2329 1003 secundum
2353 954 2565 1018 veniant,
2598 969 2697 1007 non
2736 957 3010 1010 secundum
3038 959 3324 1029 imperium.
3357 960 3493 1015 Nam

1913 1040 2091 1095 vellem
2115 1058 2286 1096 omnes
2307 1045 2528 1098 homines
2552 1062 2660 1100 esse
2680 1047 2807 1100 sicut
2829 1065 2907 1101 me
2934 1050 3098 1120 ipsum
3147 1050 3185 1121 (ι
3229 1052 3346 1106 Cor.
3383 1069 3455 1108 vn
3474 1095 3492 1119 ,

1912 1132 2056 1204 5-7).
2090 1134 2359 1205 Tanquam
2383 1137 2583 1193 diceret
2614 1156 2628 1192 :
2655 1138 2770 1194 Non
2810 1142 3015 1211 impero
3050 1151 3107 1196 ut
3130 1144 3367 1212 faciatis;
3397 1148 3490 1202 sed

1911 1223 2126 1294 ignosco
2146 1226 2189 1279 si
2216 1225 2470 1283 feceritis.
3562 1270 3567 1274 -

1982 1314 2210 1371 CAPUT
2264 1317 2403 1371 XIV.
2432 1349 2503 1359 —-
2545 1319 2637 1373 25.
2677 1320 2887 1375 Duobus
2919 1327 3270 1380 sustentaculis
3299 1336 3491 1381 constat

1908 1423 2068 1477 genus
2113 1408 2406 1464 humanum.
2464 1411 2629 1481 Ergo,
2682 1413 2871 1468 fratres
2926 1417 3050 1483 mri,
3082 1418 3356 1472 tntcndite‘.
3388 1420 3488 1487 Qui

1909 1497 2193 1551 liberorum
2217 1502 2663 1568 procreandorum
2690 1519 2846 1558 causa
2876 1504 3071 1560 habent
3093 1523 3284 1563 uxores
3311 1512 3485 1580 magni

1907 1589 2027 1655 viri,
2070 1591 2251 1659 quales
2290 1590 2454 1647 fuisse
2491 1594 2678 1648 Patres
2723 1597 2964 1666 legimus,
3007 1608 3061 1652 et
3099 1603 3277 1654 inultis
3318 1602 3487 1657 docu-

1906 1684 2101 1736 mentis
2138 1685 2435 1743 invenimus
2458 1730 2473 1755 ,
2501 1691 2851 1747 clamantibus
2889 1696 3106 1747 omnino
3135 1697 3251 1749 sine
3280 1696 3491 1751 dubita-

1907 1779 2049 1833 tione
2079 1784 2280 1852 paginis
2309 1788 2504 1840 sanctis
2537 1805 2549 1840 :
2586 1789 2631 1842 si
2673 1789 2760 1858 qui
2804 1805 2930 1859 ergo
2962 1789 3057 1843 viri
3100 1799 3314 1858 propter
3337 1803 3490 1843 crea-

1906 1869 2101 1925 tionem
2135 1877 2495 1935 tantummodo
2525 1878 2810 1933 liherorum
2838 1896 3034 1934 uxores
3063 1880 3291 1943 habent,
3326 1880 3371 1933 si
3410 1881 3488 1934 eis

1906 1973 2087 2030 posset
2135 1970 2371 2034 praestari
2424 1979 2481 2023 ut
2526 1969 2785 2024 haberent
2830 1971 2963 2024 illius
3007 1973 3122 2027 sine
3167 1970 3483 2033 concubitu;

1905 2068 2080 2108 nonne
2105 2055 2355 2111 inel'l'abili
2386 2059 2577 2128 gaudio
2607 2069 2806 2114 tantum
2850 2061 3162 2115 beneficium
3196 2060 3486 2130 amplecte-

1904 2146 2133 2200 rentur?
2163 2163 2341 2202 nonne
2383 2164 2502 2202 cum
2547 2150 2748 2219 ingenti
2773 2151 2951 2204 laetitia
2979 2150 3346 2220 susciperent?
3375 2151 3487 2204 Duo

1902 2245 2026 2291 sunt
2048 2238 2190 2292 enim
2231 2253 2389 2307 Opera
2419 2240 2649 2293 carnalia
2669 2281 2682 2303 ,
2713 2241 2904 2309 quibus
2932 2250 3143 2294 constat
3187 2255 3354 2309 genus
3381 2240 3485 2292 hu-

1904 2342 2115 2381 manum
2148 2347 2160 2379 :
2205 2329 2259 2383 in
2298 2347 2415 2398 qua!
2455 2330 2559 2383 duo
2597 2346 2756 2399 opera
2790 2331 3074 2397 prudentes
3116 2339 3171 2385 et
3208 2330 3374 2384 sancti
3418 2345 3485 2384 ex

1901 2419 2074 2473 oﬂieio
2102 2420 2458 2484 descendunt;
2489 2422 2848 2490 imprudentes
2878 2432 3053 2476 autem
3091 2423 3141 2475 in
3173 2439 3233 2476 ca
3266 2438 3363 2492 per
3392 2436 3486 2476 cu-

1902 2509 2172 2578 piditatem
2199 2520 2378 2565 ruunt.
2405 2510 2559 2565 Aliud
2589 2522 2670 2566 est
2697 2514 2836 2567 enim
2866 2512 2931 2567 ad
2963 2513 3163 2581 aliquid
3193 2512 3366 2566 ofﬁcio
3390 2514 3486 2567 dc-

1902 2599 2192 2665 scendere,
2231 2602 2370 2655 aliud
2416 2602 2466 2655 in
2514 2602 2713 2673 aliquid
2754 2620 2848 2672 per
2884 2605 3222 2673 cupiditatem
3266 2604 3481 2660 cadere.

1899 2688 2026 2755 Qum
2054 2702 2175 2746 sunt
2202 2694 2296 2746 ista
2324 2735 2337 2758 ,
2368 2695 2559 2763 quibus
2588 2705 2797 2751 constat
2838 2711 3005 2765 genus
3055 2695 3387 2751 humanum?
3425 2696 3484 2751 In

1899 2781 2052 2835 nobis
2082 2783 2208 2850 ipsis
2238 2786 2462 2853 prirnum
2508 2794 2630 2852 est,
2668 2786 2808 2856 quod
2861 2788 3090 2855 pertinet
3127 2786 3193 2840 ad
3223 2784 3483 2841 sumenda

1898 2870 2146 2926 alimenta
2174 2872 2315 2942 (qua:
2339 2879 2518 2945 utique
2540 2894 2642 2930 non
2669 2886 2888 2946 possunt
2912 2878 3027 2931 sine
3051 2878 3223 2947 afiqua
3253 2893 3345 2944 per
3367 2891 3483 2930 car-

1899 2976 2018 3014 nem
2040 2961 2388 3019 delectatione
2412 2967 2593 3035 sumi),
2618 2967 2936 3023 manducare
2964 2979 3016 3023 et
3047 2968 3228 3022 bibere
3258 2986 3271 3021 :
3300 2968 3344 3021 si
3374 2983 3481 3022 non

1898 3050 2085 3105 feceris
2112 3094 2124 3114 ,
2150 3054 2412 3107 morieris.
2450 3055 2558 3110 lloc
2584 3072 2710 3125 ergo
2739 3074 2842 3110 uno
2868 3057 3231 3111 sustentaculo
3258 3066 3363 3110 stat
3388 3072 3480 3126 ge-

1896 3156 1996 3193 nus
2026 3142 2313 3197 humanum
2344 3186 2357 3205 .
2396 3160 2490 3214 pro
2519 3147 2678 3200 modo
2709 3157 2907 3201 natura:
2937 3162 3045 3202 su:e
3073 3189 3087 3213 ,
3126 3148 3478 3201 manducandi

1895 3241 1948 3285 ct
1984 3232 2217 3287 bibendi.
2249 3232 2352 3289 Sed
2397 3252 2489 3304 per
2515 3237 2613 3291 hoc
2651 3239 3069 3293 sustentaculum
3112 3247 3480 3293 sustentantur

1896 3322 2140 3380 homines
2166 3326 2305 3395 quod
2332 3327 2396 3380 ad
2422 3344 2481 3382 se
2508 3328 2651 3396 ipsos
2681 3331 2867 3383 attinet
2900 3349 2911 3383 :
2942 3332 3262 3385 successioni
3293 3342 3478 3385 autem

1895 3431 1999 3469 non
2040 3419 2322 3472 consulunt
2364 3421 2734 3474 manducando
2768 3431 2821 3476 et
2860 3423 3123 3487 bibendo;
3156 3424 3248 3477 sed
3281 3439 3475 3477 uxores

1891 3507 2151 3561 ducendo.
2185 3508 2272 3563 Sic
2301 3511 2441 3563 cnim
2483 3521 2691 3564 Constat
2729 3527 2897 3581 genus
2940 3513 3223 3564 humanum
3256 3553 3270 3576 ,
3306 3515 3478 3578 primo

1892 3609 1949 3651 ut
1979 3599 2154 3651 vivant
2198 3598 2439 3674 homines
2486 3617 2499 3653 :
2545 3601 2635 3653 sed
2687 3602 2804 3669 quia
2850 3601 3121 3669 diligentia
3152 3601 3478 3669 quantalibet

1890 3689 2100 3757 corpori
2135 3689 2364 3742 adhibita
2397 3706 2500 3743 non
2550 3701 2770 3760 possunt
2798 3692 2979 3762 utique
3020 3707 3231 3762 semper
3263 3694 3472 3756 vivere;

1887 3793 2216 3847 consequens
2248 3780 2474 3846 provisio
2505 3791 2583 3834 est
2609 3824 2623 3847 ,
2655 3790 2711 3835 ut
2741 3792 3019 3837 nascentes
3047 3784 3331 3839 succedant
3355 3801 3473 3840 mo-

1887 3866 2167 3921 rientibus.
2189 3866 2320 3934 Quia
2341 3869 2407 3922 ita
2435 3878 2514 3923 est
2542 3885 2704 3939 genus
2728 3870 3033 3937 humanum,
3061 3872 3194 3925 sicut
3218 3874 3473 3943 scriptum

1886 3966 1985 4019 est,
2014 3959 2280 4027 quomodo
2307 3958 2429 4015 folia
2460 3961 2511 4015 in
2539 3963 2731 4016 arbore
2763 3981 2776 4016 :
2809 3963 2900 4018 sed
2930 3965 2983 4017 in
3012 3964 3201 4019 arbore
3224 3966 3362 4031 olea,
3387 3966 3473 4021 vel

1885 4046 2052 4111 lauro,
2080 4047 2163 4101 vel
2186 4048 2357 4118 aliqua
2387 4051 2706 4120 hujusmodi,
2732 4069 2850 4122 qua:
2878 4068 3143 4121 nunquam
3172 4053 3288 4109 sine
3314 4070 3466 4109 coma

1884 4147 1999 4200 est;
2030 4138 2124 4191 sed
2170 4149 2343 4194 tamen
2385 4157 2489 4196 non
2532 4142 2716 4196 eadem
2748 4159 2960 4214 semper
2981 4143 3138 4199 habet
3164 4145 3304 4198 folia.
3336 4145 3504 4199 Nam.

1883 4226 2147 4295 quomodo
2189 4230 2440 4298 seriptmn
2483 4241 2603 4297 est,
2633 4232 2734 4286 alia
2781 4242 3034 4301 generat,
3066 4243 3121 4289 et
3157 4234 3260 4288 alia
3289 4234 3472 4304 dejicit

1883 4314 2071 4385 (Eccli.
2100 4333 2217 4383 xw,
2254 4321 2443 4391 18-19)
2474 4340 2487 4375 :
2520 4324 2640 4392 quia
2669 4339 2730 4377 ca
2753 4340 2871 4393 qua:
2892 4326 3253 4387 suboriuntur.
3282 4341 3471 4381 succe-

1880 4406 2010 4462 dunt
2040 4411 2316 4465 ruentibus
2343 4413 2478 4467 aliis.
2506 4413 2728 4484 Semper
2756 4417 2897 4470 enim
2927 4416 3107 4485 dejicit
3145 4417 3264 4470 [alia
3291 4460 3305 4483 ,
3328 4433 3468 4473 senio

1882 4512 1979 4566 per
2005 4497 2146 4553 foliis
2172 4501 2356 4555 vestita
2385 4512 2485 4557 est.
2514 4504 2603 4559 Sic
2637 4514 2690 4558 et
2716 4522 2883 4575 genus
2913 4506 3200 4562 humanum
3231 4510 3470 4579 quotidie

1878 4587 2219 4644 morientium
2235 4590 2547 4647 detrimenta
2563 4610 2664 4647 non
2677 4597 2857 4663 sentit,
2879 4613 2974 4666 per
2987 4599 3352 4668 supplementa
3372 4616 3468 4654 na-

1879 4678 2138 4733 scentium
2157 4699 2169 4733 :
2189 4690 2244 4735 et
2262 4682 2339 4737 sic
2362 4698 2454 4751 pro
2476 4683 2634 4738 modo
2652 4701 2749 4762 sup
2768 4696 2872 4741 stat
2894 4690 3137 4743 universa
3152 4692 3360 4759 species
3375 4706 3471 4761 ge-

1880 4769 2023 4822 neris
2040 4769 2285 4836 humani;
2307 4773 2509 4826 etsicut
2525 4773 2648 4827 folia
2669 4776 2719 4828 in
2749 4777 2939 4833 arbore
2965 4793 3180 4849 seraper
3198 4782 3466 4849 videntur,

1879 4859 1948 4914 ita
1964 4861 2114 4929 plena
2131 4861 2430 4917 hominibus
2443 4873 2580 4918 terra
2592 4868 2929 4936 conspicitur.
2945 4869 2999 4925 Si
3012 4883 3189 4927 autem
3203 4890 3469 4929 moreren-

1881 4956 1965 5001 tur
1987 4957 2275 5013 tautum,et
2297 4966 2402 5004 non
2426 4965 2796 5021 nascerentur;
2820 4950 2962 5012 velut
2980 4960 3198 5016 arbores
3222 4963 3465 5032 quasdam

1878 5039 2122 5094 omnibus
2140 5039 2298 5105 loliis,
2319 5042 2387 5095 ita
2404 5052 2544 5097 terra
2571 5046 2816 5100 onmibus
2834 5047 3132 5105 hominibus
3148 5052 3460 5110 nudaretur.

1945 5129 2036 5183 21.
2099 5130 2179 5183 Ad
2226 5132 2337 5184 vita
2380 5136 2655 5188 necessaria
2702 5137 2791 5189 alii
2832 5138 3066 5205 libidine,
3123 5139 3215 5195 alii
3270 5127 3466 5200 raliono

1876 5220 2141 5275 ducuntur.
2194 5221 2324 5274 Cum
2367 5236 2497 5292 ergo
2543 5224 2621 5278 sic
2677 5226 2927 5282 subsistat
2956 5243 3124 5298 genus
3151 5232 3462 5302 humanum,

1876 5321 1935 5366 ut
1960 5313 2254 5367 necessaria
2295 5313 2400 5368 sint
2437 5314 2543 5370 duo
2582 5320 2940 5374 sustentacula
2966 5361 2980 5384 ,
3010 5319 3077 5377 de
3104 5322 3294 5392 quibus
3331 5326 3463 5380 satis

1876 5403 2073 5459 dictum
2102 5416 2210 5467 est;
2243 5405 2307 5460 ad
2341 5415 2618 5478 utrumque
2640 5411 2852 5480 sapiens
2872 5421 2927 5467 et
2956 5413 3186 5483 prudens
3212 5424 3265 5469 et
3292 5416 3465 5472 ﬁdelis

1876 5496 2052 5550 oliicio
2072 5496 2363 5563 descendit,
2388 5515 2491 5553 non
2511 5500 2726 5555 libidine
2747 5503 2905 5557 cadit.
2932 5505 3011 5560 Ad
3037 5506 3463 5566 manducandum

1876 5595 1931 5640 et
1958 5585 2239 5642 bibendum
2268 5604 2421 5656 quam
2446 5588 2593 5643 multi
2623 5591 2880 5647 veraciter
2905 5593 3132 5663 irruunt,
3157 5596 3227 5652 ibi
3258 5614 3463 5669 poneno

1884 5688 1962 5734 tes
1999 5687 2161 5734 totam
2187 5679 2347 5734 vitam
2368 5721 2383 5747 ,
2421 5682 2569 5751 quasi
2600 5682 2765 5754 ipsum
2804 5698 3019 5742 causam
3054 5689 3304 5747 vivendi?
3327 5693 3460 5750 Nam
