3938 6186
433 293 536 352 35-7

432 427 557 467 cum
583 410 700 466 ideo
726 409 1064 474 manducent,
1088 412 1335 464 utvivant
1358 425 1373 472 ;
1398 408 1516 464 ideo
1535 423 1592 464 se
1616 415 1801 477 putant
1820 406 2018 471 vivere,

435 514 492 556 ut
536 501 872 557 manducent“.
923 500 1055 553 Istos
1095 499 1270 555 omnis
1308 499 1520 569 sapiens
1561 496 1938 567 reprehendit,
1969 504 2025 551 et

433 593 663 647 maritate
682 590 856 645 divina
877 589 1169 660 Scriptura,
1195 589 1405 655 edaces,
1437 589 1695 649 ebriosos,
1721 587 2018 654 helluones,

428 700 643 753 quorum
688 682 828 737 Deus
873 693 1039 737 venter
1083 693 1155 736 est
1203 681 1456 753 (Philipp.
1504 696 1582 746 tn,
1631 672 1753 749 I9).
1788 679 1910 733 Illos
1953 678 2021 733 ad

436 790 676 831 mensam
702 789 809 829 non
830 774 996 838 ducit,
1023 774 1120 828 nisi
1145 773 1572 841 concupiscentia
1595 772 1791 837 carnis,
1815 786 1921 825 non
1950 769 2023 824 in-

430 864 666 935 digentia
697 863 1021 919 refectionis.
1051 864 1230 933 Itaque
1271 864 1355 917 isti
1406 863 1605 919 eadunt
1656 863 1708 916 in
1747 876 1923 917 escam
1968 870 2022 915 et

436 965 639 1024 potum.
696 955 777 1009 Illi
837 965 1015 1011 autem
1072 956 1161 1024 qui
1216 954 1548 1010 descendunt
1600 970 1666 1008 ex
1713 952 1889 1008 ofﬁcio
1937 953 2017 1006 vi-

433 1045 588 1101 vendi
613 1087 629 1113 ,
662 1062 767 1101 non
797 1046 917 1101 ideo
940 1048 1153 1112 vivunt,
1197 1057 1252 1101 ut
1282 1047 1604 1112 comedunt;
1640 1045 1734 1102 sed
1781 1046 1901 1101 ideo
1931 1059 2018 1100 co-

399 1136 683 1211 !medunt,
712 1151 769 1196 ut
798 1138 994 1196 vivant.
1029 1141 1209 1211 Itaque
1251 1141 1367 1195 istis
1409 1140 1751 1209 prudentibus
1789 1149 1844 1195 et
1881 1148 2017 1194 tem—

435 1235 741 1302 perantibus
766 1233 810 1287 si
841 1232 1119 1287 olferretur
1147 1241 1206 1286 ut
1233 1234 1348 1286 sine
1373 1232 1493 1286 cibo
1511 1241 1566 1288 et
1592 1240 1716 1302 potu
1744 1232 2016 1294 viverent;

378 1322 403 1396 ᾗ
434 1336 633 1395 quanto
659 1325 852 1396 gaudio
876 1328 1322 1396 amplecterentur
1347 1327 1449 1382 hoc
1473 1324 1806 1391 beneﬁcium,
1838 1334 1896 1379 ut
1915 1339 2020 1394 quo

370 1410 398 1435 ⁵⁷
436 1417 632 1471 cadere
651 1432 757 1471 non
772 1419 1211 1481 consueverunt‘,
1232 1417 1665 1473 necdescendere
1683 1422 2016 1486 cogerentur;

433 1506 526 1560 sed
554 1521 769 1575 semper
788 1506 1238 1576 suspenderentur
1261 1508 1313 1562 in
1344 1508 1585 1571 Domino,
1606 1522 1711 1560 non
1731 1506 2022 1575 deponeret

430 1612 615 1651 eorum
659 1597 980 1653 intentiones
1025 1599 1317 1654 necessitas
1361 1597 1743 1653 fulciendarum
1782 1599 2021 1666 corporis

431 1686 745 1741 ruinarum?
769 1676 1045 1753 Quomodo
1065 1687 1255 1758 putatis
1273 1687 1444 1742 Etiam
1464 1695 1705 1743 sanctum
1725 1686 2015 1757 accepisse,

430 1777 646 1844 quando
672 1780 873 1847 accepit
901 1780 1121 1834 calicem
1151 1796 1302 1849 aquae
1325 1789 1378 1834 et
1406 1780 1714 1851 collyridam
1744 1780 1892 1850 panis
1917 1820 1933 1845 ,
1965 1789 2023 1835 ut

430 1868 559 1921 satis
620 1868 670 1922 ei
725 1877 867 1923 esset
929 1869 980 1922 in
1037 1870 1346 1925 alimentum
1407 1870 1750 1940 quadraginta
1814 1870 2018 1925 dierqu

434 1956 524 2024 (ΙΙΙ
558 1957 682 2028 Reg.
722 1974 841 2024 XII,
872 1957 1025 2030 6-8)?
1056 1959 1185 2014 Cum
1214 1975 1400 2029 magna
1430 1960 1614 2030 utique
1644 1960 1821 2015 l.rtitia
1857 1978 1869 2014 :
1897 1961 2020 2030 quia

430 2058 653 2119 propter
680 2049 914 2105 ofﬁcium
945 2051 1087 2118 vitm,
1120 2066 1225 2105 non
1254 2060 1468 2121 propter
1491 2051 1799 2107 servitutem
1826 2065 2022 2106 concu-

433 2140 723 2208 piscentiae,
747 2139 1168 2196 manducabatet
1186 2140 1417 2197 bibebat.
1438 2142 1601 2196 Tenta
1619 2140 1723 2198 hoc
1745 2151 2017 2212 praescire,

428 2230 474 2282 si
508 2230 698 2299 possis.
718 2230 918 2291 homini
939 2231 1424 2301 quibeatitudinem
1448 2240 1610 2288 totam
1637 2240 1694 2287 et
1717 2231 2021 2286 felicitatem

430 2323 484 2374 in
510 2320 681 2390 epulis
701 2361 715 2384 ,
748 2328 996 2391 tanquam
1028 2337 1189 2392 pecus
1218 2322 1270 2376 in
1296 2321 1520 2392 praesepi
1543 2364 1560 2388 ,
1582 2322 1873 2376 constituit.
1899 2321 2023 2376 Odit

428 2411 747 2467 beneﬁcium
781 2422 924 2468 tuum
951 2454 967 2480 ,
997 2413 1208 2483 repellit
1231 2428 1261 2467 a
1289 2429 1349 2468 se
1372 2452 1386 2478 ,
1415 2427 1628 2481 poenam
1658 2422 1823 2482 putat.
1854 2412 1942 2467 Sic
1969 2421 2024 2467 et

430 2503 485 2556 in
514 2503 603 2556 illo
629 2503 804 2556 officio
832 2503 1114 2573 conjugali,
1138 2503 1405 2558 libidinosi
1432 2502 1675 2557 homines
1701 2518 1894 2558 uxores
1917 2518 2021 2558 non

430 2602 650 2662 propter
673 2593 815 2648 aliud
844 2603 1084 2663 qumrunl
1118 2612 1130 2647 :
1159 2603 1214 2648 et
1238 2594 1359 2648 ideo
1383 2598 1465 2648 vix
1495 2594 1708 2649 tandem
1741 2595 1870 2664 ipsis
1894 2610 2023 2649 uxo-

434 2683 580 2737 ribus
605 2684 837 2738 contenti
866 2693 1008 2738 snnt.
1038 2686 1210 2754 Atque
1235 2685 1435 2740 utinam
1460 2686 1505 2740 si
1534 2684 1746 2740 auferre
1767 2700 1870 2740 non
1903 2702 2025 2755 pos-

427 2786 556 2830 sunt
590 2784 680 2830 aut
724 2777 907 2830 nolunt
937 2776 1230 2842 libidinem,
1282 2793 1386 2830 non
1434 2777 1572 2831 ultra
1611 2792 1729 2832 eam
1773 2778 2021 2848 progredi

434 2868 632 2931 sinant,
657 2882 814 2936 quam
838 2867 1130 2936 praescribit
1150 2867 1385 2923 debitum
1407 2867 1672 2933 uxorium,
1695 2868 1856 2922 etiam
1880 2867 2020 2938 quod

435 2956 741 3024 inﬁrmitati
757 2956 1085 3012 conceditur.
1108 2956 1211 3012 Sed
1231 2958 1385 3027 plane
1401 2958 1489 3011 tali
1510 2958 1709 3012 homini
1731 2959 1774 3011 si
1794 2957 2020 3022 diceres,

429 3046 608 3112 Quare
635 3045 786 3100 ducis
813 3046 1074 3100 uxorem?
1100 3045 1449 3116 responderet
1478 3046 1569 3100 tibi
1611 3045 1836 3103 fortasse
1864 3064 2021 3103 vere-

430 3136 696 3191 cnndatus
718 3175 734 3199 ,
764 3136 985 3205 Propter
1012 3136 1167 3191 ﬁlios.
1214 3135 1268 3192 Si
1294 3138 1414 3206 quis
1451 3137 1499 3192 ei
1526 3137 1763 3203 diceret,
1795 3140 1878 3193 cui
1906 3139 2022 3194 sine

432 3226 541 3280 ulla
564 3226 892 3282 dubitatione
942 3227 1208 3294 crederet,
1248 3228 1443 3284 Potens
1499 3239 1581 3284 est
1627 3229 1756 3285 dare
1805 3231 1920 3296 tibi,
1969 3240 2025 3285 ct

433 3319 654 3372 otnnino
679 3319 826 3373 dabit
848 3320 940 3374 tibi
969 3320 1104 3374 Deus
1128 3319 1284 3386 ﬁlios,
1311 3323 1470 3376 etiam
1499 3338 1603 3375 non
1631 3324 1867 3392 operanti
1891 3339 2022 3393 opus

432 3408 558 3463 illud
585 3424 707 3464 cum
735 3425 899 3465 uxore
930 3428 942 3463 :
984 3411 1053 3464 ibi
1095 3422 1241 3466 certe
1269 3412 1675 3467 concluderetur
1707 3425 1864 3483 atque
1889 3414 2021 3469 fate-

432 3512 577 3555 retur
596 3501 736 3571 quod
769 3518 872 3556 non
907 3510 1123 3571 propter
1153 3502 1289 3557 ﬁlios
1315 3503 1587 3573 quaerebat
1613 3519 1851 3558 uxorem.
1883 3504 2021 3559 Con-

426 3593 642 3648 litcatur
664 3609 793 3666 ergo
817 3594 1176 3649 inﬁrmitatem
1210 3612 1221 3647 :
1251 3596 1473 3666 accipiat
1498 3596 1638 3666 quod
1658 3596 1835 3651 ofﬁcio
1858 3612 1915 3652 sc
1935 3613 2020 3652 ac-

424 3686 610 3756 cipere
636 3686 999 3755 prmtendcbat
1024 3688 1065 3739 ¹.
1527 3671 1547 3685 ’

498 3776 724 3832 CAPUT
769 3776 884 3833 XV.
947 3807 1019 3817 —
1060 3777 1151 3831 23.
1201 3776 1439 3832 Patribus
1498 3796 1784 3834 concessum
1843 3781 2024 3837 habere

428 3866 613 3920 multas
656 3883 837 3922 uxores
874 3868 941 3920 ad
998 3868 1091 3923 hoc
1141 3878 1335 3922 tantum
1388 3879 1443 3921 ut
1491 3870 1625 3936 ﬁlios
1678 3880 2018 3939 procrearent.

429 3957 520 4013 Sic
545 3958 617 4012 illi
651 3958 855 4027 priores
881 3959 1071 4025 sancti,
1104 3959 1349 4015 homines
1377 3960 1492 4026 Dei,
1527 3961 1660 4015 lilios
1685 3962 2015 4031 qua-rebant,

422 4047 567 4102 ﬁlios
593 4049 865 4118 suscipere
897 4049 1163 4104 volebant.
1211 4049 1288 4104 Ad
1334 4050 1435 4104 hoc
1465 4066 1626 4104 unmn
1662 4050 2022 4120 jungebantur

428 4140 675 4207 feminis;
706 4141 771 4195 ad
815 4142 915 4197 hoe
958 4143 1168 4197 feminis
1200 4143 1560 4199 miscebantur
1582 4185 1597 4210 ,
1631 4151 1690 4198 ut
1726 4143 1864 4199 ﬁlios
1894 4159 2020 4213 pro-

425 4242 689 4288 rrearent.
720 4233 842 4307 Ideo
873 4235 979 4288 illis
1002 4236 1314 4303 permissum
1347 4242 1429 4290 est
1453 4245 1513 4289 ut
1539 4236 1715 4305 plures
1741 4235 2015 4291 baberent.

428 4323 557 4377 Nam
584 4326 625 4379 si
661 4323 822 4378 libido
853 4325 1199 4379 immoderata
1234 4327 1466 4394 placeret
1493 4327 1621 4392 Deo,
1649 4328 1726 4381 sic
1748 4332 2023 4397 permitte-

428 4426 574 4468 re'ur
596 4416 687 4470 illo
711 4426 967 4484 tempore,
990 4428 1047 4469 ut
1070 4432 1170 4469 una
1199 4416 1392 4471 femina
1416 4418 1633 4472 haberet
1656 4421 1833 4489 plures
1854 4421 2013 4485 viros,

426 4504 694 4571 (promodo
720 4521 860 4559 unus
881 4507 960 4559 vir
990 4507 1165 4575 plures
1191 4507 1436 4561 feminas.
1458 4508 1635 4575 Quare
1660 4525 1848 4566 omnes
1870 4512 2020 4566 femi-

427 4611 510 4649 nae
536 4605 698 4650 castae
734 4612 838 4651 non
871 4597 1137 4653 habebant
1177 4600 1404 4668 amplius
1436 4617 1542 4655 uno
1578 4603 1711 4668 viro,
1740 4604 1821 4657 vir
1842 4615 2017 4659 autem

422 4686 607 4765 plures
633 4685 857 4741 feminas
884 4706 897 4741 :
923 4688 1022 4743 nisi
1045 4689 1164 4758 quia
1191 4691 1366 4759 plures
1389 4689 1584 4746 habere
1610 4691 1833 4747 feminas
1856 4710 2017 4749 unum

423 4776 599 4843 pirum
623 4817 637 4840 ,
669 4778 896 4846 pertinet
918 4778 986 4833 ad
1016 4779 1183 4849 prolis
1222 4783 1685 4847 nmnerositatem;
1712 4799 1812 4837 una
1839 4796 2017 4840 autem

422 4866 620 4927 [etnina
650 4882 755 4925 non
785 4883 891 4938 quo
923 4869 1100 4939 plures
1132 4870 1375 4925 habuerit
1405 4872 1546 4927 viros
1572 4916 1585 4939 ,
1618 4874 1798 4944 plures
1829 4878 2020 4945 poterit

422 4974 613 5028 parere
657 4959 828 5015 ﬁlios?
871 4962 1233 5033 Quapropter,
1270 4962 1460 5019 fratres
1486 5007 1499 5029 ,
1542 4966 1585 5019 si
1632 4966 1815 5021 Patres
1852 4969 2016 5023 nostri

423 5069 535 5113 non
579 5054 649 5109 ob
689 5053 831 5111 aliud
877 5070 1035 5125 quam
1080 5054 1145 5108 ad
1191 5055 1384 5110 liberos
1425 5058 1784 5127 procreandos
1830 5059 2018 5129 junge-

423 5136 620 5202 bantur
662 5158 716 5202 et
753 5150 1114 5205 miscebantur
1157 5148 1401 5214 feminis;
1447 5166 1692 5219 magnum
1736 5150 1839 5205 illis
1878 5161 2021 5206 esset

421 5238 696 5307 gandimn,
729 5240 774 5292 si
805 5248 996 5308 praeter
1024 5255 1158 5310 opus
1185 5240 1312 5294 illud
1338 5241 1552 5295 carnale
1578 5249 1795 5309 possent
1821 5240 2019 5296 habere

423 5328 585 5392 ﬁlios,
610 5338 827 5398 propter
845 5342 977 5398 quos
998 5328 1272 5383 habendos
1296 5329 1361 5382 ad
1379 5330 1506 5384 illud
1528 5338 1631 5384 neu
1660 5329 1877 5384 libidine
1901 5345 2019 5384 rue-

424 5417 574 5482 baut,
607 5419 700 5475 sed
739 5418 912 5473 ofﬁcio
957 5418 1372 5474 descendebant.
1419 5420 1643 5490 I‘mpter
1682 5420 1782 5475 hoc
1817 5421 2014 5492 Joseph

426 5571 506 5674 εξ
522 5569 675 5678 (ἔξω
691 5570 806 5619 Lov.
827 5572 1002 5622 omissa
1047 5570 1206 5654 fuerat
1245 5573 1460 5635 negatio,
1498 5586 1607 5636 qum
1651 5574 1921 5623 restituitur
1942 5574 2018 5626 hic

494 5691 511 5719 ¹
539 5696 600 5738 tta
626 5692 674 5741 in
697 5698 801 5747 Mss.
831 5699 884 5744 Αι
903 5695 952 5744 in
984 5702 1114 5757 tetu,
1138 5693 1341 5759 oﬁiriose
1363 5695 1582 5759 accipere
1605 5695 1947 5760 prtrteudebnt.

1671 290 1729 346 S.
1772 288 2039 346 AUGUS'I
2053 286 2145 342 ιΝι
2174 288 2472 347 EPISCOI‘I

3607 299 3708 356 διε

2131 420 2237 460 non
2265 416 2375 461 erat
2406 416 2572 476 pater,
2601 408 2723 479 quia
2750 409 2863 464 sine
2883 410 3310 482 concupiscentia
3336 414 3509 468 carnis
3536 430 3717 472 susce-

2130 507 2279 565 perat
2308 498 2510 553 ﬁlium?
2540 497 2691 554 Absit
2719 508 2774 554 ut
2804 502 2904 556 hoc
2931 502 3125 557 sentiat
3150 503 3365 559 castitas
3392 503 3710 573 Christiana,

2126 587 2266 657 quod
2292 604 2391 645 nor.
2429 589 2645 647 Judaica
2682 592 2959 648 sentiebat.
3006 595 3214 665 Diligite
3252 611 3444 652 uxores
3485 608 3709 662 vestras.

2126 677 2222 733 sed
2247 689 2391 734 caste
2419 680 2637 752 diligite.
2672 682 2849 752 Usque
2870 684 2934 739 ad
2955 700 3078 741 eum
3104 686 3318 741 modum
3340 690 3554 744 carnale
3573 705 3708 760 opus

2126 770 2379 839 expetite,
2404 780 2459 825 ut
2483 772 2620 826 ﬁlios
2641 775 2947 842 procreetis.
2974 776 3039 830 Et
3055 777 3180 844 quia
3198 793 3307 832 non
3323 779 3476 834 aliter
3493 782 3715 850 potatis

2130 859 2323 915 habere
2364 862 2498 916 ﬁlios
2517 906 2532 928 ,
2562 864 2626 917 ad
2655 864 2782 918 illud
2812 850 2932 920 cum
2976 866 3164 921 dolore
3190 868 3517 923 descendite.
3550 862 3711 929 Praua

2125 960 2207 1006 est
2229 953 2370 1007 enim
2415 954 2554 1009 illius
2584 954 2749 1010 Adam
2772 998 2786 1022 ,
2816 958 2881 1011 de
2907 975 3011 1028 quo
3038 960 3206 1014 exorti
3234 975 3435 1015 sumus.
3473 961 3587 1017 Non
3615 979 3714 1019 ex-

2127 1045 2375 1100 tollamur
2403 1046 2470 1101 de
2519 1063 2671 1117 poena
2709 1060 2906 1103 nostra.
2940 1051 3102 1104 Pinna
3130 1062 3211 1106 est
3238 1052 3379 1105 illius
3404 1053 3493 1122 qui
3521 1056 3715 1108 meruit

2125 1137 2420 1192 mortaliter
2444 1138 2687 1208 gignere;
2718 1140 2835 1209 quia
2860 1152 3076 1210 peccato
3102 1144 3342 1197 mortalis
3359 1144 3581 1199 effectus
3607 1154 3711 1199 est.

2124 1225 2296 1296 Ipsam
2321 1242 2530 1296 poenam
2554 1242 2660 1283 non
2688 1230 2945 1284 subtraxit
2966 1231 3140 1295 Deus;
3172 1243 3225 1287 ut
3257 1234 3585 1289 meminisset
3608 1235 3711 1290 bo-

2122 1333 2214 1373 mo
2242 1318 2382 1374 unde
2403 1330 2699 1385 revocatur,
2730 1330 2783 1375 et
2803 1336 2908 1392 quo
2935 1333 3180 1388 vocatur;
3207 1333 3263 1378 et
3285 1336 3547 1394 quaereret
3564 1327 3713 1382 illum

2123 1411 2446 1480 amplexum,
2468 1411 2556 1466 ubi
2585 1412 2726 1466 nulla
2749 1422 2918 1481 potest
2945 1430 3065 1470 esse
3090 1418 3381 1486 corruptio.

2194 1500 2284 1555 ‘26.
2317 1500 2548 1573 Dignitas
2574 1503 2832 1574 virginalis
2860 1505 3006 1575 erepit
3030 1521 3061 1557 a
3082 1516 3240 1560 matre
3265 1505 3492 1561 Domini.
3516 1508 3713 1580 Ioseph

2118 1593 2372 1663 quomodo
2400 1609 2512 1647 vere
2532 1601 2671 1662 pater
2693 1591 2898 1648 Christi.
2916 1592 3134 1665 Adoptio
3150 1596 3391 1664 ﬁliorum.
3420 1595 3545 1652 Filii
3558 1608 3716 1653 natu-

2122 1683 2256 1738 rales
2273 1692 2320 1737 et
2343 1683 2439 1752 ﬁlii
2460 1684 2772 1755 conjagales.
2799 1682 2855 1738 In
2886 1684 2975 1739 illo
2995 1699 3123 1754 ergo
3148 1687 3346 1757 populo
3363 1686 3482 1756 quia
3499 1695 3719 1757 oporte-

2122 1773 2217 1829 bat
2253 1772 2367 1829 ﬁeri
2393 1773 2746 1831 abundantem
2788 1777 3217 1846 propagationem
3243 1792 3410 1847 usque
3429 1777 3495 1832 ad
3527 1778 3720 1835 Cirris.

2125 1871 2260 1931 tum,
2286 1879 2386 1937 per
2409 1866 2843 1921 numerositatem
2867 1867 3037 1936 plebis
3053 1868 3103 1920 in
3130 1883 3233 1937 qua
3252 1867 3718 1939 prmﬁgurarentnr

2123 1956 2300 2030 omnia
2329 1971 2447 2026 quae
2474 1955 2857 2027 prmﬁguranda
2897 1968 3049 2012 erant
3077 1958 3334 2014 Ecclesiae
3372 1959 3715 2024 documenta,

2126 2046 2390 2103 habebant
2412 2047 2647 2103 ofﬁcium
2684 2048 3048 2104 dueendarum
3077 2065 3300 2104 uxorum
3328 2065 3427 2121 per
3454 2067 3584 2122 quas
3617 2068 3721 2121 po-

2112 2139 2277 2207 .pulus
2294 2148 2583 2206 cresceret,
2605 2140 2659 2194 in
2677 2155 2782 2210 quo
2806 2140 3002 2211 populo
3023 2143 3429 2213 prmsignaretnr
3448 2143 3716 2199 Ecclesia.

2194 2229 2419 2285 CAPUT
2448 2229 2586 2286 XVI.
2609 2260 2681 2271 —
2699 2233 2769 2286 At
2794 2218 3061 2287 ubinatus
3089 2244 3171 2288 est
3198 2233 3308 2302 ipse
3335 2234 3446 2288 Rex
3471 2235 3718 2289 omnium

2123 2316 2358 2389 gentium
2386 2362 2401 2386 ,
2428 2321 2589 2390 coepit
2621 2320 2847 2392 dignitas
2874 2322 3147 2393 virginalis
3182 2338 3213 2377 a
3255 2324 3417 2379 Matre
3457 2325 3675 2379 Domini
3701 2367 3717 2388 ,

2124 2423 2244 2478 qua:
2295 2418 2350 2463 et
2391 2408 2553 2465 ﬁlium
2599 2411 2796 2466 habere
2836 2414 3063 2477 meruit,
3092 2423 3145 2467 ct
3170 2403 3435 2485 corrumpi
3465 2432 3568 2469 non
3600 2432 3722 2471 me-

2126 2501 2251 2555 ruit.
2280 2501 2426 2556 Sicut
2450 2517 2577 2573 ergo
2602 2511 2719 2559 erat
2742 2503 2867 2559 illud
2891 2505 3215 2575 conjugium,
3244 2515 3297 2561 et
3318 2507 3433 2561 sine
3453 2508 3558 2560 ulla
3589 2522 3722 2562 cor-

2125 2595 2370 2663 ruptione
2391 2595 2695 2664 coniugium
2726 2613 2739 2648 :
2767 2596 2843 2650 sic
2867 2595 3007 2666 quod
3034 2604 3181 2653 caste
3208 2612 3340 2653 uxor
3365 2600 3588 2668 peperit,
3618 2613 3722 2653 cur

2126 2698 2234 2737 non
2261 2695 2407 2739 caSIe
2432 2687 2650 2740 maritus
2678 2686 2977 2757 acciperet?
3002 2687 3147 2743 Sicut
3173 2688 3315 2742 enim
3342 2698 3487 2742 caste
3511 2689 3717 2757 conjnx

2127 2773 2213 2827 illa
2242 2815 2256 2836 ,
2291 2774 2369 2828 sic
2396 2774 2484 2830 ille
2511 2783 2658 2831 caste
2688 2776 2909 2831 maritus
2936 2793 2951 2830 :
2978 2785 3033 2832 et
3057 2778 3195 2832 sicut
3220 2778 3307 2832 illa
3332 2787 3475 2832 caste
3516 2789 3719 2844 mater,

2126 2864 2203 2919 sic
2229 2865 2318 2919 ille
2342 2872 2487 2919 caste
2513 2874 2680 2934 pater.
2707 2865 2808 2932 Qui
2828 2880 2955 2939 ergo
2976 2865 3122 2931 dicit,
3141 2864 3254 2921 Non
3280 2867 3459 2922 debuit
3488 2867 3591 2922 dici
3620 2884 3721 2938 pa-

2127 2966 2225 3021 ter,
2258 2958 2378 3027 quia
2409 2974 2511 3012 non
2538 2957 2616 3011 sic
2638 2967 2891 3027 genuerat
2921 2957 3114 3024 ﬁlium;
3143 2957 3412 3013 libidinem
3443 2960 3639 3027 quaerit
3666 2960 3718 3015 in

2127 3048 2471 3118 procreandis
2497 3048 2641 3114 liliis,
2666 3064 2770 3102 non
2800 3048 3076 3104 cbaritatis
3101 3048 3365 3104 affectum.
3389 3048 3570 3104 Melius
3600 3050 3719 3117 ille,

2125 3141 2266 3211 quod
2292 3142 2427 3196 alius
2463 3157 2623 3195 carne
2652 3141 2872 3210 implere
2899 3140 3200 3208 desiderat,
3227 3141 3404 3195 animo
3433 3141 3719 3211 implebat.

2125 3231 2257 3287 Nam
2286 3241 2339 3287 et
2367 3231 2457 3301 qui
2479 3231 2730 3300 adoptant
2759 3232 2916 3295 ﬁlios,
2939 3233 3136 3287 castius
3163 3246 3258 3287 eos
3276 3233 3438 3287 corde
3463 3232 3719 3303 gignunt,

2125 3338 2260 3394 quos
2285 3338 2443 3377 carne
2470 3337 2573 3376 non
2606 3332 2848 3391 possunt.
2874 3322 3059 3377 Videte
3083 3364 3098 3388 ,
3127 3322 3317 3377 fratres
3341 3364 3355 3390 ,
3388 3322 3563 3377 videte
3591 3323 3719 3392 jura

2125 3413 2443 3482 adoptionis,
2476 3413 2743 3483 quomodo
2770 3414 2827 3467 ﬁt
2852 3413 3013 3468 homo
3042 3414 3181 3468 ﬁlius
3208 3416 3357 3481 cujus
3381 3415 3591 3469 semine
3628 3431 3723 3468 na-

2128 3512 2212 3558 tus
2240 3520 2344 3557 non
2381 3512 2462 3557 est
2486 3520 2501 3568 ;
2533 3512 2588 3557 ut
2616 3504 2733 3574 plus
2760 3504 2809 3558 in
2838 3519 2903 3560 eo
2925 3504 3059 3574 juris
3087 3504 3279 3560 habeat
3314 3506 3557 3559 voluntas
3583 3506 3724 3559 adu-

2129 3594 2354 3663 ptantis,
2381 3609 2537 3663 quam
2569 3603 2753 3647 natura
2794 3594 3075 3663 gignentis.
3116 3595 3191 3648 Ita
3238 3610 3364 3665 ergo
3402 3611 3504 3649 non
3534 3598 3721 3651 solum

2125 3683 2308 3738 debuit
2332 3698 2449 3738 esse
2479 3691 2625 3753 pater
2652 3682 2873 3753 Joseph,
2896 3684 2992 3738 sed
3021 3684 3249 3737 maxime
3274 3683 3471 3738 debuit.
3497 3684 3639 3739 Nam
3666 3696 3723 3740 et

2126 3772 2194 3828 de
2218 3773 2429 3828 feminis
2450 3788 2568 3842 quae
2595 3787 2787 3827 uxores
2814 3788 2916 3826 non
2944 3783 3085 3837 sunt,
3112 3783 3365 3843 generant
3388 3775 3641 3830 homines
3663 3775 3726 3831 ﬁ-

2125 3865 2259 3929 lios,
2287 3873 2342 3919 et
2369 3864 2613 3919 dicuntur
2640 3864 2732 3919 ﬁlii
2775 3866 3075 3930 naturales;
3117 3875 3172 3921 et
3210 3877 3594 3937 praeponuntur
3637 3871 3721 3924 eis

2126 3958 2218 4012 ﬁlii
2265 3958 2585 4029 conjugales.
2635 3957 2899 4025 Quantum
2952 3960 3181 4027 pertinet
3225 3959 3290 4014 ad
3330 3975 3463 4029 opus
3508 3962 3717 4025 carnis,

2125 4049 2396 4118 aequaliter
2420 4050 2526 4103 nati
2551 4056 2675 4104 sunt
2705 4067 2718 4103 :
2752 4049 2891 4104 unde
2921 4050 3003 4103 isti
3033 4059 3424 4119 praeponuntur,
3457 4051 3555 4105 nisi
3591 4053 3721 4121 quia

2124 4139 2325 4193 castior
2351 4150 2434 4194 est
2458 4139 2640 4195 uxoris
2659 4140 2909 4206 Charitas,
2938 4141 3005 4195 de
3028 4157 3130 4211 qua
3150 4143 3298 4197 liberi
3323 4146 3722 4212 procreantur?

2125 4228 2239 4283 Non
2271 4230 2380 4285 illic
2419 4231 2697 4286 attenditur
2724 4232 3028 4287 commixtio
3050 4233 3243 4297 carnis,
3272 4249 3388 4303 qua:
3409 4234 3457 4287 in
3487 4243 3723 4305 utraque

2126 4320 2318 4375 femina
2349 4338 2444 4389 par
2469 4332 2568 4395 est.
2600 4321 2696 4377 Ubi
2725 4322 2889 4376 vincit
2915 4337 3066 4388 uxor,
3095 4324 3195 4378 nisi
3228 4324 3418 4380 alfectn
3451 4326 3572 4380 fidei
3597 4368 3613 4389 ,
3644 4329 3724 4379 af-

2125 4410 2261 4463 fectu
2284 4410 2535 4480 conjugii,
2562 4411 2751 4465 atl'ectu
2778 4411 3081 4466 sincerioris
3101 4414 3449 4484 castiorisque
3472 4414 3723 4470 Charita-

2125 4502 2234 4556 tis?
2264 4502 2320 4556 Si
2346 4517 2475 4573 ergo
2506 4512 2681 4572 posset
2709 4502 2775 4557 de
2800 4517 2965 4557 uxore
2986 4505 3263 4573 quisquam
3285 4506 3399 4559 sine
3423 4509 3723 4561 concubitu

2123 4595 2397 4664 suscipere
2427 4594 2563 4648 ﬁlios
2585 4635 2599 4655 ,
2633 4609 2737 4647 non
2767 4603 2913 4648 tanto
2956 4594 3141 4649 debuit
3180 4596 3368 4661 laetius,
3400 4605 3601 4665 quanto
3634 4608 3723 4653 est

2125 4688 2210 4741 illa
2231 4689 2450 4752 castior,
2481 4702 2636 4756 quam
2668 4687 2839 4757 diligit
2863 4688 3127 4756 amplius?

2194 4777 2417 4835 CAPUT
2446 4778 2607 4833 XVII.
2641 4808 2712 4820 ——
2744 4780 2832 4832 9.7.
2878 4778 2991 4832 Duo
3018 4789 3185 4849 patres
3215 4777 3405 4848 Ioseph
3441 4780 3511 4831 ad
3544 4781 3728 4835 conci-

2124 4871 2321 4924 liandos
2354 4868 2650 4922 Matthwum
2696 4878 2745 4922 et
2784 4868 2974 4922 Lucam
3008 4877 3140 4922 recte
3181 4870 3535 4922 admittuntur.
3581 4869 3728 4923 Hinc

2121 4962 2227 5029 jam
2257 4962 2414 5015 etiam
2448 4959 2574 5013 illud
2603 4958 2775 5014 videte
2809 4974 2967 5028 posse
2997 4960 3107 5014 ﬁeri
3140 4969 3198 5014 ut
3235 4976 3371 5014 unus
3412 4960 3570 5014 homo
3606 4976 3727 5016 non

2125 5053 2295 5107 solum
2319 5051 2450 5105 duos
2476 5052 2609 5105 ﬁlios
2631 5050 2840 5113 haheat,
2867 5052 2961 5105 sed
2984 5060 3037 5106 et
3053 5051 3187 5106 duos
3209 5062 3405 5122 patres.
3430 5051 3725 5107 Nominata

2122 5144 2265 5199 enim
2290 5143 2590 5212 adoptione,
2623 5152 2867 5197 occurrat
2897 5144 3305 5213 cogitationibus
3333 5144 3522 5198 vestris
3552 5158 3727 5210 posse

2122 5233 2261 5288 ﬁeri.
2316 5233 2518 5290 Dicitur
2550 5234 2690 5288 enim
2711 5274 2726 5299 ,
2762 5234 2904 5288 Duos
2935 5235 3071 5290 filios
3110 5245 3281 5303 potest
3311 5235 3503 5289 habere
3523 5234 3725 5299 homo,

2122 5322 2259 5377 duos
2276 5331 2451 5377 autem
2473 5331 2652 5393 patres
2672 5338 2778 5378 non
2802 5331 2993 5393 potest.
3020 5324 3129 5379 lmo
3155 5325 3419 5379 invenitur
3440 5338 3598 5393 posse
3622 5323 3731 5378 ha-

2125 5417 2250 5471 bere
2274 5417 2431 5471 etiam
2457 5417 2591 5471 duos
2619 5425 2794 5487 patres
2817 5434 2831 5480 ;
2863 5417 2906 5470 si
2939 5431 3074 5470 unus
3100 5416 3301 5471 semine
3327 5414 3505 5486 genuit
3528 5454 3542 5477 ,
3570 5415 3727 5470 alius

2123 5506 2403 5563 dilectione
2428 5506 2716 5577 adeptavit.
2752 5506 2806 5562 Si
2837 5522 2965 5577 ergo
2991 5516 3212 5576 possunt
3244 5507 3331 5560 uni
3361 5505 3556 5560 homini
3588 5520 3730 5562 esse

2123 5596 2229 5650 duo
2259 5606 2459 5665 patres,
2494 5597 2660 5666 potuit
2687 5604 2741 5651 et
2766 5597 2964 5666 Joscph
3006 5597 3140 5651 duos
3172 5606 3346 5666 patres
3382 5595 3580 5650 habere
3603 5636 3621 5659 ,
3654 5596 3731 5649 ab

2128 5688 2296 5745 alti-ro
2336 5688 2574 5757 generari
2603 5730 2615 5755 ,
2649 5688 2714 5741 ah
2753 5689 2922 5743 altero
2960 5688 3219 5757 adoptari.
3253 5685 3401 5755 Quod
3441 5685 3484 5740 si
3511 5685 3733 5756 potuit,
