1994 3095
131 142 183 171 349

131 199 190 235 quid
208 196 401 226 calumniantur
417 195 453 224 illi
464 216 470 226 ,
485 195 528 229 qui
543 193 633 221 dicunt
652 193 717 220 atlas
730 191 916 227 generationes

132 249 248 273 secutum
264 250 324 270 esse
337 241 500 273 Matii-zeum,
516 241 580 266 alias
593 239 709 266 Lucam?
723 238 757 265 Et
772 245 863 265 revera
881 238 918 263 ia-

133 290 249 317 venintus
260 309 267 321 ,
284 287 354 322 quod
370 287 433 312 alias
452 290 557 312 secutus
573 290 612 311 est
627 285 669 311 ille
680 305 686 315 ,
706 284 771 310 alios
786 283 838 309 illc.
854 283 872 308 Ν
884 291 917 307 un

131 335 267 363 Matthazus
280 332 362 360 Jacob
382 337 482 366 patrem
503 331 567 357 divit
588 330 686 363 .Ioseplt
704 349 709 354 .
727 329 811 355 Lucas
831 333 917 353 unum

133 380 198 408 Heli.
211 379 244 406 Et
258 382 344 413 potest
355 376 461 411 quidem
479 376 561 402 videri
577 383 642 401 unus
656 375 745 406 homo,
760 374 834 407 cujus
852 373 918 399 Illius

132 425 186 454 e'rat
199 424 297 459 Joseplt
307 443 314 454 ,
332 422 454 448 habuisse
469 421 521 447 duo
536 421 652 446 nomina.
667 419 719 445 Sed
735 418 803 452 quod
818 426 880 444 avos
894 422 919 443 et

133 477 243 507 proavos
255 475 281 496 et
293 469 360 495 alios
368 467 492 501 superius
501 472 715 500 progerit-ratores
728 464 846 490 diversos
857 472 921 489 em:-

133 520 234 544 nterant
245 535 253 547 ,
269 514 348 548 inque
364 513 420 547 ipso
434 520 544 538 numero
564 512 651 544 plures
669 511 736 536 alius
747 531 753 541 ,
775 510 840 535 alius
857 517 921 542 pan-

134 562 232 591 ciores;
245 558 384 586 manifeste
397 557 544 583 ostenditur
558 556 680 582 habuisse
694 556 759 581 dttos
775 560 860 588 patres
875 554 919 579 ,Ιο-

134 605 272 641 sephJam
283 607 384 631 remota
397 602 549 636 qutestionis
558 601 696 631 calumnia,
708 600 766 634 quia
778 599 832 625 lieri
845 607 921 632 posse
932 620 940 626 _

135 651 271 679 manifesta
284 649 352 676 ratio
364 647 550 674 demonstravit
566 667 572 678 ,
588 647 667 672 alium
691 651 789 679 patrem
804 653 862 671 esse
878 644 920 677 qui

134 697 239 731 genuit,
253 695 332 722 alium
344 694 389 728 qui
409 693 559 725 adoptavit;
578 691 680 717 duobus
693 691 810 724 patribus
822 690 905 716 (:Imsti
915 705 921 709 -

134 743 207 775 tutis,
217 750 269 769 non
279 745 320 768 est
331 741 426 767 mirum
440 740 461 765 si
475 739 516 764 avi
526 743 551 764 et
564 737 652 771 promi
662 742 687 763 et
700 737 786 763 txeteri
802 740 922 770 parentes

134 795 239 815 sursum
252 793 344 813 versus
357 793 371 811 a
386 784 497 811 diversis
507 782 726 817 patribnsditersi
741 786 920 807 nium-rentur.

166 831 282 858 CAPUT
305 829 396 857 XVIII.
412 843 447 848 —-—
464 828 507 855 28.
531 827 639 861 Adoptio
661 827 685 852 in
711 827 788 851 sttt'ris
813 826 920 851 Litteris.

136 877 300 911 Antiquorum
313 883 368 901 cum
381 873 479 900 ancillis
494 872 637 899 concubitus
649 872 772 905 quomodo
783 872 835 897 sine
849 871 923 896 adut-

135 923 206 949 terio.
227 921 282 949 Nec
306 920 381 947 vobis
404 918 524 946 videatur
549 918 592 951 jus
607 917 782 950 adoptionisa
805 916 921 950 St'l‘iplu-

135 969 169 995 ris
182 966 283 994 nostris
295 965 410 992 alienum
421 985 428 995 ,
442 969 467 990 et
486 963 559 997 quasi
578 962 603 988 in
619 970 707 988 coustu
720 961 809 987 tudine
830 961 922 987 buma-

135 1020 228 1040 narum
249 1012 335 1046 legunt
355 1009 584 1039 animadversum,
603 1007 639 1033 illi
659 1006 806 1033 auctoritati
822 1006 924 1032 (ll\lt|0-

136 1066 192 1086 rum
217 1057 355 1084 Librorum
379 1063 430 1082 non
452 1062 529 1088 posse
549 1060 704 1087 congruere.
719 1052 831 1086 Antiqua
853 1052 923 1077 enim

137 1112 177 1132 res
190 1108 248 1136 est,
264 1108 291 1130 et
305 1103 330 1129 in
354 1101 417 1136 ipsis
431 1100 541 1135 eloquiis
561 1099 745 1126 ecclesiasticis
766 1098 858 1123 usitata
870 1119 876 1128 ,
899 1102 925 1123 ιιι

136 1158 187 1177 non
208 1148 264 1176 sola
279 1147 353 1181 origo
365 1145 473 1173 seminis
491 1148 601 1179 generet
623 1143 718 1174 lilium,
736 1143 782 1169 Sed
805 1147 831 1169 et
843 1143 924 1176 gratia

137 1192 288 1222 voluntatis.
303 1191 368 1219 Nam
383 1195 407 1218 et
429 1190 553 1217 mulieres
569 1189 601 1216 de
620 1189 720 1215 semine
736 1189 850 1214 virorum
865 1195 925 1214 stto-

139 1247 195 1267 rum
208 1247 240 1266 ex
260 1237 364 1264 ancillis
381 1242 456 1263 natos
467 1256 473 1267 ,
487 1235 510 1262 si
526 1236 588 1269 ipsa;
604 1242 654 1260 non
669 1238 838 1268 pepererant,
860 1233 925 1259 lilio"

138 1284 318 1319 adoptabant;
334 1282 397 1317 quin
419 1281 498 1308 etiam
512 1285 539 1306 ιιι
558 1280 595 1306 cis
612 1280 782 1314 gignerentur
795 1300 801 1309 ,
827 1279 927 1304 maritis

138 1329 304 1364 imperabant
318 1337 325 1354 :
339 1327 406 1354 sicut
417 1326 480 1354 Sara
495 1325 568 1358 (Gen.
586 1333 628 1351 xw
638 1345 644 1356 ,
659 1324 725 1358 l-l),
736 1325 803 1351 sicut
818 1324 925 1354 llarln-l,

139 1377 206 1403 sicut
219 1374 268 1402 Lin
279 1373 333 1409 (ιιι.
343 1380 414 1403 xxx,
426 1371 495 1405 1-9).
508 1371 536 1397 ltt
551 1379 602 1404 quo
615 1370 701 1396 oflicio
714 1369 759 1395 viri
771 1369 926 1395 adulterium

139 1431 190 1450 non
206 1421 407 1450 comtnittebant
422 1427 431 1444 ι
444 1418 504 1453 quia
521 1417 645 1443 uxoribus
665 1416 690 1442 in
706 1424 745 1441 ezr
756 1423 783 1442 rc
796 1436 802 1445 ,
819 1424 876 1448 (μιίυ
896 1415 927 1440 ad

138 1467 278 1503 conjugalc
290 1465 406 1493 debitum
422 1464 546 1498 pertinet,
558 1461 730 1492 obcdiebant;
747 1460 890 1487 secundum
904 1460 928 1486 id

139 1514 206 1550 quod
221 1512 289 1541 dicit
303 1511 454 1546 Apostolus,
473 1509 621 1535 Muliernon
632 1507 704 1533 habet
719 1512 861 1541 potestatem
875 1515 927 1532 cor-

140 1559 207 1593 poris
217 1558 276 1590 sui,
291 1556 335 1584 sed
354 1556 391 1582 vir
407 1555 537 1581 :sintiliter
548 1558 570 1580 et
584 1554 620 1579 vir
641 1561 689 1579 non
701 1552 772 1578 habet
787 1557 929 1585 potestatem

141 1604 255 1639 corporis
268 1602 309 1629 sui
319 1622 327 1634 ,
341 1601 385 1628 sed
399 1601 487 1626 mulier
500 1600 521 1633 (ι
534 1598 592 1626 Cor.
608 1606 642 1625 vn
655 1619 661 1630 ,
682 1598 719 1632 4),
735 1597 836 1632 Moyses
851 1598 929 1623 etiam

141 1655 217 1677 natus
227 1656 262 1676 ex
275 1647 385 1675 Hebrzea
401 1650 483 1673 tnatre
494 1667 501 1678 ,
514 1650 540 1672 et
552 1644 687 1679 CXpOallUS
698 1664 704 1675 ,
721 1651 733 1669 a
749 1644 800 1669 tilia
817 1643 932 1669 Pharao-

141 1695 181 1722 nis
193 1699 236 1722 est
257 1693 398 1726 adoptatus
414 1690 509 1726 (Exod.
532 1690 570 1724 ιι).
586 1689 641 1715 Non
657 1694 731 1715 erant
748 1689 853 1722 quidem
870 1689 931 1722 ipsa:

141 1740 207 1774 juris
220 1738 345 1766 formula:
358 1745 416 1772 qum
430 1741 490 1763 sunt
511 1735 588 1761 modo
606 1744 611 1761 :
629 1735 673 1761 sed
688 1735 823 1760 arbitrium
838 1735 931 1760 volun-

143 1785 202 1812 tatis
215 1791 266 1819 pro
279 1790 370 1810 norma
385 1782 449 1815 legis
465 1781 622 1811 habebatur;
639 1781 705 1807 sicut
717 1785 742 1806 et
757 1780 808 1806 alio
824 1780 880 1806 loco
894 1779 933 1805 di-

143 1831 179 1858 cit
190 1829 347 1864 Apostolus,
363 1829 427 1860 Quia
441 1833 524 1862 gentes
540 1827 617 1861 legem
629 1835 677 1852 non
689 1826 804 1852 [tabentes
813 1846 819 1856 ,
835 1831 933 1851 natura-

144 1875 197 1902 liter
208 1883 267 1910 qui:
281 1874 341 1909 legis
355 1878 413 1900 sunt
427 1874 522 1907 faciunt
535 1872 621 1907 (Rom.
636 1880 661 1902 tt,
681 1872 732 1906 ιι).
748 1871 775 1898 Si
793 1875 879 1897 aulrnt
894 1871 933 1897 fc—

145 1921 224 1947 ntinis
243 1919 338 1947 licebat
353 1926 400 1945 eos
414 1918 480 1944 filios
496 1918 592 1948 facere,
604 1925 670 1951 qttos
683 1925 733 1942 non
748 1917 810 1950 ipsa:
826 1923 934 1950 pt-pete-

143 1970 220 1998 rant;
235 1971 284 1992 cur
303 1972 354 1990 ttott
379 1968 406 1990 et
421 1963 483 1989 viris
494 1983 501 1993 ,
517 1970 583 1996 quos
599 1970 650 1988 non
665 1961 712 1995 ipsi
736 1966 880 1995 genuerunt
902 1969 933 1987 ex

144 2011 248 2038 semine
261 2009 376 2041 carnali,
391 2008 436 2035 sed
451 2015 482 2034 ex
497 2007 637 2033 dilectione
649 2006 809 2039 adoptandi?
828 2005 892 2032 Nunt
909 2010 935 2032 et

144 2058 232 2090 ipsum
246 2055 327 2083 Jacob
343 2054 517 2088 patriat'cltatn
533 2058 662 2079 tantortuu
685 2053 795 2078 liliurunt
820 2056 933 2086 pult‘t‘ttt,

145 2103 260 2136 legimus
274 2105 361 2128 tamen
385 2100 434 2126 sibi
450 2099 517 2125 filios
540 2098 634 2124 fecisse
649 2103 756 2131 nepotes
772 2106 833 2123 suos
847 2118 852 2129 ,
870 2098 935 2123 llllttS

145 2147 247 2182 Ioseph
259 2167 267 2179 ,
280 2147 315 2174 ita
325 2146 457 2173 dicentem
473 2154 478 2170 :
492 2143 538 2170 Isti
549 2145 599 2169 (luo
613 2143 672 2169 ini/ti
685 2148 766 2174 crttnt,
780 2148 801 2168 et
816 2143 936 2176 accipient

147 2200 241 2221 terram
255 2201 312 2219 cum
330 2190 450 2227 fratribus
466 2191 536 2221 suis;
551 2198 612 2223 quos
625 2189 688 2215 alios
700 2189 813 2223 gentm-is
828 2189 869 2214 tibi
889 2188 937 2213 sint

147 2239 226 2275 (Gen.
243 2238 374 2270 xumﬁi,
385 2236 423 2271 6).
435 2235 489 2262 Nisi
506 2235 572 2260 forte
585 2235 644 2268 quis
664 2234 757 2260 dixerit
772 2234 855 2267 ipsum
876 2233 938 2259 ado-

147 2285 249 2319 ptionis
272 2282 461 2313 verbutn,non
488 2279 598 2306 inveniri
622 2280 646 2305 in
666 2278 807 2313 Scriptnris
830 2278 936 2304 sauttis.

147 2330 231 2364 Quasi
248 2336 311 2356 vero
324 2328 465 2363 quidquam
487 2327 596 2352 interest
615 2334 667 2359 qtto
683 2325 808 2351 vocabulo
823 2325 938 2358 appello-

149 2381 209 2408 tar,
222 2382 283 2402 cum
298 2381 343 2402 res
353 2373 409 2408 ipsa
420 2373 470 2403 sit,
488 2376 515 2398 ut
535 2371 629 2398 habeat
643 2371 723 2397 lilium
740 2370 844 2401 mulier,
862 2378 939 2404 quem

148 2427 232 2447 carne
253 2427 305 2446 non
318 2418 436 2453 peperit;
452 2421 496 2443 aut
508 2416 621 2450 aliquem
634 2416 689 2447 vir,
704 2423 781 2449 quem
795 2423 873 2441 carne
889 2422 939 2441 uoti

148 2465 255 2501 genuit.
268 2463 300 2491 Et
310 2470 352 2490 me
365 2462 471 2497 quidem
485 2468 535 2487 nun
549 2466 708 2494 repugnante
721 2468 771 2486 tton
788 2465 861 2485 vocet
876 2460 941 2485 ado-

150 2515 255 2546 ptatum
270 2508 367 2543 Ioseph
381 2529 388 2541 ,
404 2506 548 2534 dttmmodo
561 2505 687 2531 concedat
699 2513 757 2531 etttn
780 2505 859 2530 liliutn
883 2513 941 2530 esse

150 2557 273 2591 potuisse
291 2554 370 2582 etiam
384 2553 441 2588 ejus
454 2552 487 2579 dc
508 2551 583 2585 cujus
602 2559 681 2577 eunte
704 2559 754 2576 non
776 2555 831 2576 erat
855 2555 940 2576 natus.

150 2602 310 2636 Quanquam
323 2599 418 2627 Paulus
432 2597 570 2632 apostolus
584 2597 661 2622 etiam
676 2595 825 2629 adoptionis
846 2604 941 2622 nomen

149 2645 262 2674 assidue
273 2647 480 2675 commemoret,
493 2642 557 2670 etin
574 2649 667 2675 magno
683 2645 856 2667 sacramento.
878 2640 942 2667 Nam

151 2699 218 2720 cum
240 2690 379 2719 Dominum
393 2694 512 2716 nostrum
525 2688 613 2715 Jesum
628 2687 761 2713 Christum
776 2687 880 2713 unicum
899 2686 943 2712 llci

151 2738 254 2766 Filium
267 2736 402 2772 Scriptura
415 2739 540 2766 lestctttr,
557 2734 652 2761 fratres
672 2738 697 2759 et
712 2731 864 2759 colt-.credes
878 2739 944 2765 quos

151 2784 257 2812 habere
268 2783 392 2819 dignatus
402 2786 442 2809 est
452 2801 460 2814 ,
475 2781 615 2814 adoptione
623 2778 734 2814 quadam
749 2777 843 2804 divina:
855 2777 945 2812 gratio

152 2830 214 2857 ticri
229 2829 300 2857 dicit.
315 2829 377 2856 Cum
388 2833 471 2854 mitem
478 2827 542 2853 venit
552 2846 560 2856 ,
572 2825 665 2859 inqttil,
677 2824 804 2859 plenitudo
818 2824 944 2858 temporis,

866 134 979 162 SElUlO
998 135 1041 162 LI.

1707 136 1759 164 550

977 192 1042 218 misit
1056 190 1123 217 Dens
1139 190 1234 217 Filium
1246 200 1316 217 tuam
1329 194 1423 227 factum
1439 201 1468 219 ex
1482 193 1600 224 unt/iere,
1612 194 1704 227 fortuna
1714 193 1760 221 sub

974 237 1038 271 [πρε
1048 246 1057 269 ;
1067 242 1094 263 ut
1109 245 1149 264 eos
1160 238 1202 271 qui
1211 239 1256 264 sub
1265 238 1318 272 lege
1329 244 1399 265 erant
1408 240 1537 266 redimeret
1547 260 1554 271 ,
1566 245 1592 265 ιιι
1601 239 1760 275 adoptiuum!

972 283 1082 315 ﬁliarum
1102 283 1266 316 recipercntns
1286 283 1382 316 (Galat.
1398 292 1435 317 tv,
1449 285 1543 319 4015).
1560 285 1592 312 Et
1613 285 1665 312 alio
1677 285 1736 312 loco
1752 294 1759 311 :

975 326 1005 352 In
1029 327 1229 361 nobismetipsis,
1253 327 1354 361 inquit,
1376 329 1580 363 ingenuae-imus,
1602 330 1761 363 adoptionem

974 376 1144 404 (aspectante:
1153 393 1159 404 ,
1174 372 1368 406 redemptionem
1380 375 1492 408 corporis
1506 375 1583 401 nostri
1598 374 1683 409 (Rom.
1696 382 1741 401 vni
1752 395 1760 406 ,

973 416 1029 450 9.5).
1046 416 1148 443 Rursus
1160 421 1187 443 et
1201 417 1234 443 de
1252 417 1350 445 Judzeis
1362 426 1421 445 cum
1442 419 1544 446 diceret
1557 427 1563 445 :
1579 419 1703 453 Optabam
1715 428 1761 454 ego

974 463 1027 496 ipsa
1039 463 1172 489 artat/terna
1186 471 1238 490 esse
1251 472 1266 489 α
1279 463 1377 490 Christo
1391 473 1436 498 pro
1449 464 1567 499 fratribus
1586 466 1656 497 meis,
1671 473 1762 500 cogna-

975 508 1005 534 tis
1017 508 1151 535 secundum
1164 517 1263 535 carnem
1275 530 1282 542 ,
1297 510 1340 544 qui
1357 515 1415 536 sunt
1428 509 1553 537 Israelita
1564 519 1573 537 :
1586 519 1693 546 quarunt
1707 516 1743 537 ut
1755 532 1762 542 ,

975 552 1058 586 inquit
1068 573 1074 585 ,
1091 552 1209 587 adoptio,
1231 558 1253 580 et
1275 554 1356 588 gloria
1366 574 1375 586 ,
1388 560 1410 580 et
1425 553 1610 581 Testamentum
1623 576 1629 587 ,
1653 561 1675 582 et
1690 555 1764 590 Legi:

975 597 1131 630 conuitutio;
1143 606 1249 632 quorum
1262 603 1354 633 patres,
1370 604 1393 625 ct
1405 607 1436 625 ea:
1448 600 1538 634 quibus
1548 599 1662 626 Christus
1673 608 1761 627 utun-

976 642 1035 669 dum
1047 651 1157 675 carnem,
1169 644 1211 678 qui
1221 648 1256 670 est
1268 652 1343 678 super
1355 645 1439 670 omnia
1452 644 1518 671 Deus
1528 645 1670 671 benedictus
1681 646 1705 671 in
1716 653 1764 671 ιω·

976 687 1033 714 cuto
1052 687 1108 722 (Id.
1127 696 1172 721 ιι,
1193 688 1262 723 3-5).
1278 688 1327 716 Ubi
1348 689 1464 716 ostendit
1478 693 1609 717 vetustutn
1631 689 1700 723 apud
1719 690 1766 716 .lu~

977 733 1048 760 duros
1057 733 1139 760 fuisse
1147 733 1187 760 vel
1199 741 1295 760 nomen
1304 734 1463 768 adoptionis,
1472 735 1511 761 vel
1527 735 1609 769 ipsam
1621 742 1687 767 rem;
1697 735 1727 761 εἰ(
1738 740 1766 761 ιιι

977 778 1174 806 Testamentum
1196 783 1224 807 et
1237 779 1314 814 chis
1328 780 1496 813 constitutio,
1511 788 1569 814 qum
1591 780 1669 807 simul
1690 788 1765 807 eom-

977 829 1114 852 memorat.

1012 869 1124 897 CAPUT
1146 870 1218 897 XIX.
1242 885 1278 890 —
1292 871 1337 898 29.
1356 871 1418 897 Filii
1439 873 1541 906 propria
1563 872 1672 906 quodam
1693 873 1767 898 modo

976 914 1046 949 apud
1066 914 1181 942 Iudam.
1198 915 1375 943 Generationn
1395 915 1499 943 Domini
1515 918 1583 943 varie
1604 917 1636 943 ab
1654 916 1768 952 Evange-

978 960 1040 987 liatis
1058 961 1112 987 sine
1144 961 1276 988 mendacio
1301 966 1446 988 numerata.
1481 962 1536 989 Iluc
1565 963 1683 995 accedit,
1707 963 1767 997 quia

977 1010 1034 1032 erat
1047 1006 1114 1034 alius
1128 1006 1223 1033 modus
1242 1006 1364 1041 proprius
1379 1007 1530 1034 Judteorum
1542 1028 1549 1041 ,
1563 1016 1616 1042 quo
1630 1008 1705 1034 licret
1718 1009 1768 1034 ali-

978 1051 1036 1085 quis
1048 1051 1117 1078 filius
1127 1051 1185 1085 ejus
1197 1051 1231 1078 de
1242 1059 1295 1086 quo
1305 1060 1357 1078 nott
1367 1056 1440 1079 esset
1452 1053 1593 1079 carnaliter
1607 1058 1684 1079 natus
1703 1053 1768 1079 l‘ro-

980 1097 1071 1131 pinqui
1092 1097 1163 1124 enim
1183 1097 1391 1131 propinquorum
1411 1105 1520 1124 suorum
1540 1101 1599 1125 sine
1620 1098 1710 1125 litteris
1722 1099 1769 1124 de-

980 1142 1130 1169 functorum
1148 1141 1279 1169 dueebant
1291 1150 1402 1173 uxores,
1419 1147 1448 1170 ut
1458 1150 1547 1170 semen
1561 1143 1676 1170 defuncti
1687 1143 1771 1170 διιέυί-

981 1192 1065 1214 tarent
1080 1186 1168 1224 (Deut.
1184 1195 1247 1219 xxv,
1260 1187 1291 1220 5,
1303 1187 1334 1220 6;
1347 1186 1440 1215 Uouit.
1455 1196 1532 1221 xm,
1547 1188 1604 1224 24).
1619 1188 1655 1215 Ita
1670 1189 1715 1216 ille
1725 1190 1770 1223 qui

981 1233 1154 1265 nascebatur,
1165 1237 1192 1260 et
1206 1233 1274 1260 illius
1288 1238 1346 1260 erat
1358 1233 1429 1260 ﬁlius
1442 1233 1477 1261 de
1489 1242 1542 1268 qtto
1553 1234 1712 1261 nascebatur
1721 1254 1728 1264 ,
1744 1240 1771 1260 rt

981 1279 1051 1305 illius
1064 1278 1176 1315 incujus
1190 1278 1358 1306 successione
1369 1279 1536 1306 nascebatur.
1548 1280 1610 1307 Hmc
1619 1280 1688 1307 dicta
1699 1285 1769 1311 sunt,

982 1332 1014 1349 ne
1024 1324 1163 1358 quisquam
1174 1323 1330 1351 existimans
1341 1324 1398 1350 lieri
1414 1331 1466 1351 non
1474 1331 1564 1359 posse,
1574 1329 1603 1351 ut
1613 1329 1684 1352 recte
1695 1325 1772 1351 unius

983 1369 1096 1396 hominis
1126 1368 1179 1396 duo
1214 1374 1303 1403 patres
1336 1375 1601 1403 commemorentur,
1629 1371 1773 1405 quemlibet

983 1414 1208 1449 Evangelistarum
1234 1415 1278 1449 qui
1302 1415 1485 1450 generationes
1517 1416 1619 1442 Domini
1647 1423 1772 1443 narrave-

983 1464 1043 1486 ruttt
1056 1480 1063 1491 .
1087 1459 1213 1495 sacrilega
1230 1460 1362 1487 calumnia
1383 1460 1457 1495 quasi
1477 1460 1511 1487 de
1533 1460 1671 1488 mettdaeio
1683 1461 1773 1487 crimi-

984 1505 1098 1532 nandum
1127 1509 1200 1540 putet
1223 1513 1229 1531 :
1254 1506 1403 1540 pra-sertitn
1418 1513 1478 1533 cum
1503 1506 1567 1540 ipsis
1580 1514 1671 1534 eorunt
1686 1507 1776 1534 verbis

986 1558 1033 1577 nos
1054 1550 1190 1578 videamus
1211 1550 1370 1577 admonitos.
1384 1551 1523 1578 Matutinus
1535 1552 1642 1586 quippe,
1657 1552 1700 1587 qui
1714 1559 1776 1579 cum

984 1599 1085 1629 patrem
1107 1602 1316 1622 commemorare
1329 1596 1484 1631 intelligitur
1495 1617 1503 1629 ,
1516 1605 1530 1623 a
1552 1605 1605 1631 quo
1618 1598 1722 1632 genitus
1734 1603 1775 1625 est

984 1640 1094 1674 Joscpb,
1109 1641 1143 1667 ita
1155 1641 1341 1675 generationes
1354 1647 1504 1673 enumerat,
1518 1642 1563 1670 Ille
1584 1644 1673 1677 genuit
1687 1643 1772 1674 illuni,

986 1690 1013 1712 ut
1028 1686 1060 1713 ad
1075 1686 1125 1713 hoc
1142 1687 1278 1720 pervenire
1293 1688 1374 1721 possit
1388 1688 1458 1722 qttod
1471 1689 1506 1715 ait
1521 1689 1546 1715 in
1559 1689 1610 1716 line
1622 1710 1628 1721 ,
1640 1689 1720 1716 Iacob
1733 1698 1775 1724 gr

986 1731 1154 1766 nm'tloseplt.
1170 1732 1254 1760 Lucas
1268 1741 1345 1765 vero,
1358 1734 1417 1768 quia
1433 1742 1485 1760 non
1503 1735 1608 1769 proprie
1621 1735 1717 1762 dicitur
1728 1743 1775 1769 ge-

987 1776 1067 1810 nitus,
1081 1777 1125 1811 qui
1141 1777 1180 1803 vel
1195 1778 1336 1811 adoptione
1349 1778 1462 1805 efﬁcitur
1476 1779 1544 1805 ltlins
1556 1801 1563 1809 ,
1578 1780 1618 1806 vel
1633 1780 1658 1805 ιιι
1671 1787 1780 1806 succes-

986 1824 1061 1851 sione
1075 1824 1171 1850 mortui
1187 1831 1220 1850 ex
1238 1824 1279 1850 illa
1292 1832 1350 1858 qua:
1366 1832 1433 1850 tutor
1446 1825 1503 1858 ejus
1517 1824 1562 1851 fuit
1578 1825 1693 1852 nascitur
1703 1846 1709 1858 ,
1724 1834 1776 1852 nun

987 1868 1072 1901 dixit,
1090 1868 1146 1895 lleli
1169 1869 1260 1903 genuit
1272 1868 1388 1903 Josepli;
1403 1875 1464 1901 aut,
1481 1869 1578 1904 Joseplt
1592 1878 1669 1904 quem
1687 1871 1777 1906 genuit

988 1915 1044 1942 Heli
1061 1925 1067 1942 :
1081 1915 1142 1947 sed,
1157 1916 1200 1950 qui
1213 1915 1275 1950 fuit,
1288 1914 1385 1950 inquit,
1401 1916 1469 1949 ﬁlim
1487 1915 1544 1942 Ilrti
1565 1916 1639 1951 (Luc.
1655 1924 1696 1946 ttt.
1709 1916 1754 1951 '25)
1769 1925 1774 1948 ;

988 1962 1042 1987 sive
1057 1961 1206 1995 adoptando
1218 1982 1225 1994 ,
1243 1961 1298 1988 sive
1311 1969 1324 1987 a
1350 1962 1496 1996 propinquo
1512 1962 1615 1996 genitus
1635 1963 1659 1988 itt
1682 1964 1776 1989 mortui

988 2006 1157 2033 successione
1172 2006 1314 2033 nascendo.

1023 2050 1136 2079 CAPUT
1156 2051 1215 2077 XX.
1230 2066 1263 2070 —-
1276 2051 1320 2078 50.
1339 2051 1421 2084 Quare
1434 2060 1477 2085 per
1488 2051 1584 2085 Ioseph
1597 2059 1758 2079 numerantur
1770 2075 1776 2083 ,

990 2106 1038 2124 non
1052 2106 1096 2132 per
1118 2097 1237 2123 Marium.
1264 2097 1321 2123 Jam
1344 2105 1405 2124 vero
1426 2097 1488 2124 illttd
1512 2098 1573 2134 quia
1595 2106 1703 2125 movere
1727 2107 1778 2125 non

990 2142 1083 2173 debet,
1095 2150 1176 2176 quare
1187 2150 1235 2177 per
1249 2141 1347 2176 .losepb
1361 2162 1368 2173 ,
1382 2146 1409 2168 et
1424 2150 1475 2168 non
1488 2150 1534 2176 per
1545 2143 1651 2170 Mariam
1665 2151 1777 2178 genera-

991 2189 1077 2214 tiones
1092 2191 1263 2214 numerentur
1275 2208 1282 2217 ,
1306 2188 1369 2214 satis
1382 2187 1481 2214 dictum
1497 2192 1538 2214 est
1552 2196 1558 2213 :
1573 2189 1632 2222 quia
1654 2188 1721 2216 sicut
1736 2189 1779 2215 illa

991 2233 1049 2260 sine
1063 2233 1162 2259 carnali
1175 2234 1388 2267 concupiscentia
1401 2239 1495 2266 mater,
1507 2234 1545 2261 sic
1556 2234 1599 2262 ille
1610 2235 1667 2262 sine
1680 2236 1779 2262 carnali

991 2278 1179 2305 commixtione
1199 2283 1281 2312 pater.
1306 2278 1357 2305 Per
1379 2278 1453 2305 illunt
1475 2286 1539 2313 ergo
1552 2279 1732 2312 descendant,
1755 2285 1782 2307 et

993 2331 1040 2357 per
1053 2323 1126 2349 illuni
1137 2322 1281 2350 ascendant
1296 2324 1490 2357 generationes.
1503 2324 1556 2351 Nec
1568 2332 1627 2351 eutn
1644 2330 1784 2359 propterea

993 2376 1145 2403 separemus
1155 2389 1161 2399 .
1183 2369 1243 2403 quia
1265 2369 1349 2395 defuit
1366 2369 1479 2396 carnalis
1492 2370 1713 2403 concupiscentia.
1728 2369 1782 2396 Ma-

992 2414 1034 2449 jor
1048 2414 1147 2448 pttritas
1160 2414 1299 2441 conﬁrmet
1324 2414 1506 2448 paternitatem
1532 2424 1538 2440 :
1565 2423 1599 2442 ne
1613 2415 1668 2449 ipsa
1691 2420 1782 2445 sancta

995 2459 1075 2486 Maria
1091 2467 1138 2486 nos
1163 2459 1348 2492 reprehendat.
1366 2459 1410 2485 Illa
1422 2459 1492 2485 enim
1509 2467 1604 2486 nomen
1624 2467 1700 2486 suum
1715 2467 1771 2493 prae

996 2511 1093 2538 ponere
1116 2503 1199 2530 ttoluit
1215 2503 1309 2529 marito
1330 2511 1393 2534 suo;
1414 2504 1459 2530 scd
1485 2504 1568 2534 dixit.
1586 2504 1661 2530 Pater
1684 2509 1740 2529 tuus
1760 2510 1786 2530 et

994 2557 1040 2583 ego
1063 2548 1172 2574 dolentes
1195 2547 1364 2582 quwrrbmnus
1388 2552 1410 2574 te
1436 2548 1507 2582 (Luc.
1523 2556 1557 2580 ιι,
1573 2548 1627 2578 AS).
1643 2549 1699 2575 Non
1718 2557 1787 2584 ergo

996 2592 1093 2620 faciant
1108 2593 1224 2626 perversi
1248 2598 1474 2625 tnttrtttttratorcs,
1499 2594 1568 2628 quod
1592 2594 1686 2629 conjnx
1712 2600 1786 2621 casta

997 2645 1049 2664 non
1072 2637 1141 2664 fecit.
1166 2637 1338 2664 Numeremus
1359 2645 1422 2672 ergo
1437 2646 1482 2673 per
1502 2638 1598 2673 .losepb
1616 2648 1621 2666 :
1636 2639 1695 2674 quia
1717 2639 1784 2666 sicut

997 2687 1069 2709 caste
1091 2682 1199 2709 maritus
1211 2703 1218 2715 ,
1239 2683 1277 2709 sic
1291 2687 1364 2710 caste
1381 2689 1456 2718 pater
1468 2689 1517 2710 est.
1533 2684 1584 2711 Sed
1600 2692 1784 2718 pra-ponamus

998 2728 1081 2754 virum
1104 2728 1207 2755 femina:
1222 2728 1313 2755 ordine
1327 2733 1426 2755 natura:
1441 2734 1464 2756 et
1480 2730 1543 2763 legis
1558 2729 1613 2756 Dei.
1627 2729 1691 2757 Nam
1705 2730 1726 2756 si
1741 2737 1785 2756 re-

999 2777 1071 2800 ntoto
1083 2773 1126 2800 illo
1140 2773 1210 2800 illam
1224 2775 1414 2800 constituamus
1429 2775 1447 2802 ¹;
1462 2774 1526 2800 dicit
1546 2775 1589 2800 ille
1599 2795 1605 2802 .
1622 2781 1646 2800 ct
1662 2780 1731 2802 recte
1744 2776 1780 2801 (ll-

1033 2829 1040 2844 ¹
1056 2833 1117 2857 \tss.,
1135 2833 1188 2852 mm
1200 2829 1220 2852 si
1229 2833 1316 2853 remoto
1328 2829 1368 2853 illo
1380 2830 1429 2857 iam
1441 2830 1616 2855 rattslitmttntts.
