3938 6186
443 327 544 387 55!

445 439 536 501 cit,
560 435 736 504 Quare
761 449 847 491 me
870 432 1194 504 separastis?
1222 429 1398 498 Quare
1427 443 1530 483 non
1572 442 1666 497 per
1693 441 1777 480 me
1806 437 2029 494 genera-

447 516 620 583 tiones
648 526 730 582 vel
757 523 1052 579 ascendunt
1069 563 1083 587 ,
1110 522 1193 577 vel
1219 518 1589 576 descendunt?
1610 518 1689 571 An
1719 516 1914 570 dicitur
1941 514 1989 567 ei
2011 554 2027 579 ,

446 621 579 686 Quia
606 634 710 672 non
738 626 791 670 ιιι
814 614 1041 684 genuisti
1062 628 1225 684 opere
1248 613 1421 670 carnis
1448 610 1589 665 tum?
1610 608 1713 663 Sed
1737 605 2029 675 responde-

449 713 524 766 hit
543 753 557 773 ,
589 708 851 779 Numquid
883 717 936 763 et
965 708 1053 762 illa
1083 724 1245 778 opere
1272 707 1449 762 carnis
1474 720 1583 759 sua:
1614 703 1854 774 peperit?
1880 698 2032 768 Quod

1659 316 1719 369 S.
1761 306 2128 369 AUGUSTINI
2168 304 2469 363 EPISCOPI

3600 304 3713 362 35%

2138 417 2232 473 sed
2257 416 2323 472 ab
2343 431 2409 472 eo
2438 416 2555 472 loco
2574 459 2589 481 ,
2619 416 2705 472 ubi
2735 432 2854 473 eum
2879 426 3058 472 narrat
3084 431 3112 472 a
3138 416 3343 474 Joanne
3368 418 3708 489 baptizatum.

2135 509 2284 590 Sicut
2320 520 2496 567 autem
2528 512 2579 565 in
2621 510 2827 565 Domini
2874 512 3237 568 incarnatione
3262 514 3617 583 suscipiuntur
3643 518 3714 575 ab

2138 618 2202 656 eo
2231 604 2439 672 generis
2469 602 2683 656 humani
2714 604 2969 672 portanda
2992 614 3206 675 peccata
3228 648 3242 671 ,
3266 606 3343 660 sic
3383 607 3434 661 in
3465 605 3712 677 Baptismi

2139 693 2541 748 consecratione
2568 694 2856 763 purganda.
2887 694 3065 765 itaque
3092 696 3177 750 ille
3201 696 3606 753 descendentem
3645 700 3718 755 si-

2138 782 2393 853 gnificans
2428 785 2495 838 ad
2525 793 2739 853 peccata
2767 785 3023 854 portanda
3048 829 3062 852 ,
3089 788 3459 856 generationes
3495 789 3717 847 descen-

2140 874 2273 928 dens
2325 885 2601 930 enumerat
2649 894 2663 929 :
2706 878 2806 953 iste
2843 888 3016 933 autem
3056 879 3347 935 ascendens
3373 922 3388 947 ,
3418 881 3719 950 significans

2142 966 2509 1036 purgationem
2550 977 2918 1037 peccatorum,
2962 985 3066 1023 non
3112 971 3291 1041 utique
3334 988 3584 1043 suorum,
3624 977 3719 1032 sed

2144 1068 2484 1124 nostrorum,
2525 1060 2819 1116 ascendens
2858 1063 3226 1131 generationes
3275 1078 3567 1122 enumerat.
3616 1067 3720 1125 Sed

2145 1148 2234 1203 ille
2254 1148 2526 1203 descendit
2552 1166 2646 1220 per
2672 1151 3007 1207 Salomonem
3028 1194 3043 1219 ,
3077 1153 3127 1206 in
3155 1154 3304 1224 cujus
3330 1165 3498 1211 matre
3537 1173 3721 1226 peccaa

2145 1237 2238 1313 vit.
2260 1238 2423 1293 David
2464 1258 2477 1294 :
2507 1240 2606 1295 iste
2630 1241 2868 1296 ascendit
2909 1257 3002 1311 per
3028 1241 3234 1297 Natltan
3261 1286 3275 1310 ,
3309 1246 3531 1302 alterum
3560 1248 3723 1305 lilium

2146 1331 2385 1401 ejusdem
2418 1333 2603 1398 David,
2640 1350 2731 1402 per
2758 1349 2913 1403 quem
2938 1332 3012 1407 (a)
3043 1350 3072 1388 a
3104 1346 3321 1405 peccato
3345 1349 3596 1409 purgatus
3622 1351 3722 1397 est.

451 801 677 869 Spiritus
702 808 917 854 sanctus
954 808 1203 869 operatus
1227 807 1307 852 est
1332 839 1346 863 ,
1380 796 1614 865 utrisque
1656 801 1904 863 operatus
1930 800 2030 845 est.

450 891 574 945 Cum
598 900 759 955 esset,
782 890 985 960 inquit,
1016 890 1167 942 Immo
1181 890 1370 959 justus.
1396 876 1578 942 Justus
1604 900 1733 955 ergo
1759 884 1867 947 vir,
1893 883 2034 951 justa

452 979 666 1037 femina.
722 980 950 1048 Spiritus
997 988 1213 1035 sanctus
1265 980 1317 1033 in
1364 978 1642 1032 amborum
1692 974 1893 1044 justitia
1947 987 2035 1026 re-

422 1050 773 1140 iquiescens,
816 1071 1075 1125 ambobus
1115 1070 1279 1124 tilium
1332 1068 1496 1123 dedit.
1550 1066 1656 1121 Sed
1704 1064 1756 1118 in
1804 1077 1869 1118 eo
1907 1076 2037 1117 sexu

424 1168 611 1231 anem
645 1176 832 1231 parere
858 1161 1082 1216 decebat
1101 1202 1116 1224 ,
1149 1168 1398 1231 operatus
1426 1166 1508 1213 est
1548 1158 1677 1223 hoc,
1708 1155 1847 1227 quod
1877 1155 2038 1210 etiam

420 1268 427 1317 ε
457 1256 650 1307 marito
682 1262 1008 1308 nasceretur.
1041 1253 1219 1321 Itaque
1257 1250 1515 1304 ambobus
1557 1249 1684 1302 dicit
1722 1248 1940 1316 angelus
1983 1253 2042 1298 ιιι

417 1342 623 1431 έριιειο
668 1358 860 1397 ιιοιιιειι
919 1343 967 1395 ia
993 1351 1230 1411 ponant;
1286 1341 1370 1393 ubi
1425 1347 1698 1409 parentum
1745 1336 2043 1391 declaratur

455 1434 765 1488 auctoritas.
796 1432 927 1486 Nam
959 1444 1010 1487 et
1040 1432 1325 1487 Zacharias
1363 1446 1483 1485 cum
1528 1430 1700 1484 adhuc
1744 1439 1920 1483 mutus
1958 1443 2045 1482 es-

454 1534 577 1588 set,
610 1526 717 1579 tilio
761 1533 883 1578 nato
934 1534 1103 1578 mater
1129 1540 1317 1577 nomen
1366 1521 1684 1589 imponebat.
1718 1521 1925 1575 Etcum
1972 1517 2044 1571 illi

457 1618 548 1683 qui
578 1619 799 1671 aderant
846 1616 1127 1669 innuerent
1156 1614 1286 1683 patri
1317 1613 1440 1682 quid
1472 1627 1592 1665 cum
1633 1611 1791 1665 vellet
1829 1609 2000 1664 vocari
2028 1650 2043 1673 ,

461 1706 694 1773 acct'ptis
722 1705 1059 1774 pugillaribus
1083 1705 1183 1757 huc
1208 1703 1415 1771 scripsit
1442 1743 1457 1768 ,
1487 1700 1626 1772 quod
1659 1701 1744 1753 illa
1766 1700 1874 1771 jam
1901 1699 2049 1753 dive-

463 1807 544 1850 rat
566 1796 675 1862 (Id.
704 1813 753 1861 ι,
783 1797 991 1867 (30-63).
1019 1797 1219 1850 Dicitur
1238 1803 1290 1849 et
1318 1795 1493 1848 Maria:
1512 1837 1523 1857 ,
1555 1792 1687 1846 Ecce
1710 1793 1961 1861 concipics
1987 1792 2051 1858 li-

464 1890 589 1941 lium
613 1930 630 1953 ,
661 1898 706 1942 et
729 1888 923 1941 vocabis
950 1904 1125 1940 nomen
1153 1887 1260 1955 ejus
1283 1884 1459 1939 Iesum
1488 1883 1676 1951 (Ibid,
1703 1884 1795 1948 5|)
1826 1900 1837 1935 :
1861 1883 2053 1937 dicitur

467 1981 626 2033 etiam
668 1978 732 2032 ad
768 1978 964 2046 Joscph
986 1976 1212 2046 ,Joseplt
1243 1976 1319 2044 [ili
1356 1974 1546 2040 David,
1588 1991 1649 2027 uc
1671 1973 1898 2026 metuaris
1922 1972 2054 2025 acci-

471 2086 588 2139 pere
627 2067 848 2121 Marium
887 2070 1151 2137 conjugem
1176 2076 1312 2118 tuam
1364 2064 1510 2129 Quod
1549 2064 1676 2116 enim
1706 2062 1758 2115 in
1797 2078 1855 2115 ea
1881 2071 2053 2114 natum

472 2171 575 2225 est,
605 2162 667 2213 de
695 2160 893 2230 Spiritu
926 2166 1097 2212 sancto
1132 2166 1220 2209 est.
1267 2155 1435 2207 l’arirl
1477 2162 1640 2205 autem
1668 2152 1828 2219 ﬁlium
1848 2193 1861 2217 ,
1891 2158 1933 2203 et
1972 2166 2057 2203 vo-

470 2254 609 2309 cabis
632 2268 811 2306 nomen
852 2252 960 2323 ejus
987 2248 1163 2303 Iesum
1188 2248 1307 2305 :Itic
1339 2245 1547 2301 salrabit
1574 2245 1817 2315 populum
1853 2259 1999 2296 suum
2027 2258 2058 2294 a

473 2343 691 2412 peccatis
717 2357 887 2395 eorum
918 2338 1127 2407 (.ilaltlr.
1158 2353 1209 2403 t,
1240 2336 1340 2402 ει),
1371 2335 1483 2407 22).
1518 2334 1717 2388 Dicitur
1761 2333 1919 2388 etiam
1946 2374 1959 2398 ,
1994 2330 2059 2383 Et

474 2433 664 2503 peperit
708 2434 754 2485 ei
794 2430 960 2499 ﬁlium
986 2428 1136 2497 (Luc.
1183 2444 1253 2495 tt,
1281 2428 1339 2495 7)
1368 2445 1380 2481 :
1413 2427 1499 2480 ubi
1528 2425 1748 2480 omnino
1777 2434 1927 2495 pater
1952 2438 2058 2477 non

475 2538 655 2586 carne,
681 2521 773 2575 sed
795 2520 1050 2574 charitate
1082 2519 1337 2570 firmatur.
1359 2517 1446 2571 Sic
1467 2530 1593 2584 ergo
1617 2524 1764 2583 pater
1784 2514 1935 2567 sicuti
1958 2521 2057 2566 est.

477 2610 793 2665 (lautissimc
840 2609 981 2662 enim
1031 2608 1379 2676 Evangelistae
1422 2614 1476 2660 et
1521 2604 1930 2675 prudentissime
1969 2617 2064 2672 per

479 2704 629 2757 illum
657 2708 969 2763 numerant,
998 2688 1108 2754 sive
1133 2698 1409 2752 Matthteus
1450 2697 1783 2752 descendens
1812 2697 1877 2751 ab
1904 2696 2067 2750 Abra-

482 2796 604 2846 ham
655 2805 821 2860 usque
864 2789 930 2847 ad
978 2788 1245 2842 Christum
1271 2828 1285 2853 ,
1330 2786 1442 2841 sive
1490 2786 1659 2841 Lucas
1702 2785 1993 2840 ascendens
2034 2799 2065 2837 a

479 2880 694 2935 Christo
716 2895 810 2949 per
833 2878 1099 2934 Abraham
1125 2892 1291 2947 usque
1314 2876 1378 2931 ad
1410 2877 1596 2931 Deum.
1620 2876 1714 2930 llle
1738 2875 2067 2931 descendens

482 2980 760 3035 numerat,
794 2971 885 3025 ille
927 2970 1253 3035 ascendens,
1284 2969 1442 3023 ambo
1486 2984 1579 3038 per
1604 2967 1820 3038 Joseph.
1846 2968 2065 3035 Quare?

482 3063 613 3130 Quia
644 3072 813 3132 pater.
838 3062 1013 3130 Quare
1046 3061 1228 3130 pater?
1271 3059 1402 3126 Quia
1447 3066 1594 3113 tanto
1635 3058 1834 3113 firmius
1875 3066 2028 3130 pater
2050 3100 2066 3125 ,

484 3162 681 3224 quanto
724 3154 923 3207 castius
966 3162 1138 3222 pater.
1188 3152 1357 3206 Aliter
1398 3152 1608 3222 quidem
1649 3152 1819 3221 pntab.
1843 3160 1927 3205 tur
1954 3167 2071 3205 esse

486 3254 637 3315 pater
665 3244 875 3298 Domini
904 3243 1069 3298 nostri
1091 3242 1215 3298 Jesu
1238 3241 1434 3297 Christi
1461 3283 1475 3305 ,
1505 3242 1704 3296 scilicet
1731 3243 1868 3296 sicut
1894 3242 2069 3296 castcri

485 3345 665 3406 patres
689 3349 850 3390 carne
873 3342 1228 3404 generantes,
1275 3347 1378 3386 non
1423 3331 1538 3385 sola
1582 3332 1836 3401 spirituali
1882 3332 2071 3385 ali‘eetu

489 3428 685 3481 liberos
711 3427 1079 3496 suscipientes.
1117 3425 1247 3479 Nam
1277 3424 1405 3479 dixit
1432 3434 1484 3478 et
1511 3424 1677 3478 Lucas
1698 3466 1711 3487 ,
1742 3422 1842 3487 Qui
1863 3424 2074 3492 putaba-

490 3530 571 3572 tur
612 3535 718 3571 esse
762 3528 903 3587 pater
942 3516 1066 3571 Iesu
1111 3516 1220 3589 (Id.
1268 3532 1359 3581 Ill,
1387 3514 1501 3584 ‘23).
1534 3516 1710 3583 Quare
1756 3515 2075 3583 putabatur?

488 3609 619 3676 Quia
650 3608 877 3661 humana
925 3608 1127 3676 putatio
1155 3613 1209 3660 et
1260 3604 1578 3659 existimatio
1618 3603 1743 3658 illuc
1769 3603 2035 3657 ferebatur
2057 3644 2072 3668 ,

490 3698 629 3766 quod
672 3698 809 3751 solet
854 3696 922 3750 ab
951 3696 1253 3749 hominibus
1299 3694 1430 3748 fieri.
1464 3693 1577 3748 Non
1608 3709 1734 3763 ergo
1780 3693 1847 3747 de
1875 3694 2077 3747 semine

492 3786 688 3855 Joseph
724 3787 975 3840 Dominus
998 3826 1014 3851 ,
1052 3786 1292 3854 quamvis
1330 3783 1429 3838 hoc
1470 3793 1743 3853 putaretur
1776 3792 1869 3837 :et
1899 3793 2079 3837 tamen

493 3879 672 3949 pietati
702 3887 755 3932 et
783 3877 1026 3931 charitati
1056 3874 1257 3945 Joseph
1300 3884 1452 3929 natus
1477 3882 1561 3929 est
1596 3873 1661 3928 de
1686 3873 1848 3928 Maria
1876 3875 2078 3944 virgine

496 3970 634 4025 filius
654 4012 670 4033 ,
700 3970 945 4038 idemque
968 3968 1131 4023 Filius
1156 3967 1267 4022 Dei.

565 4061 648 4115 CA
660 4060 739 4115 PU
750 4062 788 4113 'l'
804 4058 1084 4115 XXl.—31
1098 4099 1109 4110 .
1120 4056 1221 4112 Cur
1233 4054 1504 4111 Matt/unus
1514 4056 1817 4111 descendens
1829 4066 2077 4122 numerat,

499 4149 665 4204 Lucas
698 4166 811 4204 vero
843 4148 1135 4203 ascendens.
1159 4149 1262 4206 Sed
1298 4162 1462 4218 quare
1500 4148 1590 4202 ille
1611 4144 1940 4201 descendens
1978 4161 2081 4200 nu-

498 4249 686 4304 met-at,
718 4255 881 4309 quare
911 4243 1009 4319 iste
1033 4238 1365 4295 ascendens?
1390 4237 1539 4306 Quod
1560 4279 1574 4304 ,
1601 4253 1783 4308 quaeso
1800 4278 1812 4301 ,
1845 4237 2045 4292 intente
2064 4278 2079 4302 ,

500 4339 754 4399 quantum
801 4330 1052 4383 Dominus
1094 4329 1393 4397 adjuverit,
1435 4328 1694 4395 audiatis,
1740 4328 1849 4398 jam
1896 4343 2084 4383 securo

500 4422 678 4474 auium
702 4461 717 4485 ,
742 4430 795 4473 et
820 4421 887 4473 ah
913 4420 1055 4471 tnnni
1080 4419 1320 4472 molestia
1351 4418 1733 4472 calumniarum
1762 4419 2082 4473 nodnsarttm

503 4509 690 4563 libero.
720 4508 996 4562 Mattiacas
1024 4507 1297 4562 dest-endit
1324 4523 1417 4577 per
1441 4511 1830 4577 generationes,
1856 4518 1912 4563 ut
1932 4510 2088 4578 signi-

507 4601 622 4653 iit'Ct
655 4599 1065 4653 descendentem
1114 4599 1393 4653 Dominum
1442 4609 1681 4652 nostrum
1725 4598 1903 4653 Jesnm
1930 4599 2086 4654 Chri-

504 4701 644 4748 stum
670 4691 734 4746 ad
769 4691 1019 4761 portanda
1050 4701 1228 4745 nostra
1255 4700 1468 4759 peccata
1491 4733 1506 4756 ,
1538 4700 1593 4743 ιιι
1615 4691 1666 4743 in
1689 4691 1891 4744 semine
1920 4692 2088 4744 Abra-

507 4783 628 4838 ham
676 4783 1114 4839 benedicerentnr
1160 4797 1348 4837 oniues
1392 4793 1597 4852 gentes.
1649 4781 1931 4849 Pmptcrea
1983 4797 2086 4835 non

509 4876 692 4946 incipit
718 4875 786 4930 ab
825 4875 991 4928 Adam
1035 4892 1048 4929 :
1091 4883 1256 4929 totum
1305 4874 1444 4928 enim
1492 4888 1659 4943 genus
1688 4872 1976 4926 lmmanum
2023 4872 2090 4927 ab

508 4966 618 5020 illo.
651 4967 832 5038 Neque
867 4982 896 5019 a
923 4966 1034 5021 Noe
1062 4985 1076 5022 :
1106 4967 1227 5036 quia
1263 4974 1317 5019 ct
1362 4966 1427 5019 ab
1455 4966 1565 5034 ipsa
1592 4964 1782 5018 familia
1817 4974 1932 5034 post
1955 4964 2095 5018 dilu-

512 5060 649 5113 vium
681 5075 840 5113 omne
865 5073 1032 5127 genus
1071 5059 1357 5111 humanum
1387 5068 1631 5111 exortum
1675 5066 1775 5110 est.
1807 5054 1991 5126 Neque
2025 5054 2093 5110 ad

510 5150 802 5222 prophetim
858 5149 1284 5219 adimpletionem
1352 5157 1557 5217 poterat
1617 5148 1881 5216 pertinere
1932 5146 2094 5201 homo

510 5239 750 5294 Christus
772 5237 927 5293 Jesus
947 5254 1012 5292 ex
1042 5238 1232 5302 Adam,
1254 5253 1318 5291 ex
1346 5252 1450 5306 quo
1477 5245 1599 5290 sunt
1624 5251 1809 5290 omnes
1832 5235 2091 5301 homines;

510 5340 602 5384 aut
627 5346 689 5385 ex
734 5328 843 5383 Noe
867 5368 881 5392 ,
909 5343 973 5382 ex
1022 5342 1127 5395 quo
1166 5342 1349 5381 rursus
1373 5341 1559 5380 omnes
1592 5325 1832 5380 homines
1861 5343 1872 5376 :
1907 5326 1999 5380 sed
2030 5341 2096 5381 ex

512 5421 777 5476 Abraham
800 5461 813 5487 ,
841 5420 929 5490 qui
957 5430 1083 5474 tunc
1117 5419 1316 5473 electus
1345 5427 1423 5471 est
1447 5419 1497 5471 in
1521 5418 1671 5485 cujus
1709 5418 1912 5472 semine
1933 5420 2097 5473 bene-

510 5512 812 5569 dici-rentur
851 5528 1037 5569 omnes
1083 5522 1305 5582 gentes,
1336 5526 1457 5564 cum
1502 5509 1610 5579 jam
1655 5509 1901 5579 gentibus
1943 5511 2097 5579 plena

512 5614 625 5656 erat
667 5614 822 5658 terra.
856 5603 1107 5658 Ascendit
1137 5613 1312 5655 autent
1364 5600 1531 5656 Lucns
1554 5642 1569 5666 ,
1600 5615 1703 5654 non
1748 5599 2004 5667 incipiens
2034 5599 2101 5657 ab

516 5693 634 5761 uno
688 5695 795 5748 nati
846 5694 1049 5749 Domini
1080 5694 1297 5749 exordio
1345 5692 1715 5764 generationes
1754 5707 2080 5749 enumerare

2148 1423 2396 1493 Legimus
2436 1428 2576 1479 enim
2614 1424 2755 1495 quod
2798 1425 3004 1479 Nathan
3032 1426 3097 1480 ad
3146 1443 3266 1481 eum
3298 1428 3491 1484 missus
3522 1439 3605 1485 est
3626 1474 3639 1495 ,
3670 1442 3728 1488 ut

2149 1530 2269 1568 eum
2314 1515 2686 1583 redargueret.
2730 1523 2784 1570 et
2824 1531 2917 1585 per
2957 1517 3319 1588 paenitentiam
3350 1531 3625 1575 sanarctur
3650 1521 3726 1592 (ll

2153 1605 2281 1675 Reg.
2317 1606 2434 1675 xu).
2468 1605 2821 1661 Occurz‘crunt
2864 1610 3021 1662 ambo
3050 1608 3149 1662 sibi
3181 1609 3231 1664 in
3258 1609 3454 1675 David;
3483 1613 3571 1667 ille
3613 1613 3731 1668 des-

2152 1697 2406 1762 cendens,
2432 1698 2530 1753 iste
2558 1699 2850 1754 ascendens
2882 1717 2894 1752 :
2922 1709 2974 1754 ct
3000 1700 3122 1755 inde
3149 1717 3313 1772 usque
3341 1703 3406 1758 ad
3433 1703 3730 1773 Abraham,

2155 1788 2237 1842 vel
2266 1789 2331 1841 ab
2358 1787 2620 1842 Abraham
2646 1804 2810 1859 usque
2836 1789 2901 1843 ad
2943 1790 3105 1845 David
3141 1792 3192 1845 in
3227 1793 3370 1846 nulla
3395 1796 3735 1863 generatione

2156 1878 2348 1933 diversi
2394 1887 2535 1934 sunt.
2586 1879 2660 1933 ita
2712 1880 2953 1936 Christus
2993 1892 3047 1936 et
3087 1883 3225 1937 lilius
3254 1883 3421 1938 David
3445 1926 3459 1949 ,
3499 1894 3557 1940 et
3601 1886 3737 1940 filius

2158 1969 2457 2032 Abraham,
2508 1972 2696 2025 transit
2732 1971 2799 2025 ad
2845 1972 3031 2026 Deum.
3061 1972 3141 2027 Ad
3186 1974 3350 2028 Deum
3394 1975 3593 2045 quippe
3643 1992 3737 2032 nos

2158 2066 2369 2127 oportet
2415 2060 2466 2113 in
2512 2060 2779 2130 Baptismo
2804 2072 3087 2117 renovatos
3127 2078 3155 2116 a
3200 2073 3539 2134 peccatorum
3570 2064 3737 2120 aboli-

2161 2152 2307 2206 tione
2336 2150 2537 2205 reduci.

2231 2240 2456 2297 CAPUT
2494 2240 2658 2295 XXII.
2687 2273 2755 2282 —
2780 2241 2867 2297 δε.
2900 2242 2978 2297 De
3000 2244 3399 2315 quadragenario
3437 2264 3649 2301 numero
3690 2249 3743 2303 in

2164 2333 2561 2402 generationibus
2583 2332 2808 2386 Domini.
2844 2333 3246 2406 Quadragenarii
3271 2338 3463 2390 numeri
3488 2337 3746 2409 signiﬁca-

2165 2435 2265 2479 tus.
2320 2425 2377 2480 In
2430 2426 2858 2496 generationibus
2915 2442 3043 2482 sane
3107 2443 3239 2497 quas
3296 2439 3574 2483 enumerat
3619 2430 3744 2484 Blat-

2168 2518 2357 2581 timus,
2384 2517 2829 2587 quadragenarius
2851 2534 3104 2573 numerus
3132 2520 3348 2575 eminet.
3382 2520 3589 2575 Habent
3610 2522 3744 2576 enim

2169 2609 2324 2665 istum
2356 2625 2556 2664 morem
2593 2610 2783 2665 divina:
2822 2610 3129 2680 Scriptum,
3176 2621 3233 2666 ιιι
3276 2612 3417 2682 quod
3462 2616 3748 2669 excesserit

2169 2711 2347 2757 certos
2393 2701 2648 2756 articulos
2690 2717 3032 2757 numerorum
3076 2702 3356 2773 aliquando
3398 2718 3501 2758 non
3531 2719 3748 2773 commto

2172 2802 2305 2847 teut.
2333 2791 2421 2847 Sic
2450 2793 2608 2847 etiam
2639 2792 3003 2862 quadringenti
3032 2793 3430 2884 anniodicuntur
3467 2805 3591 2864 post.
3625 2809 3749 2864 quos

2171 2899 2415 2949 egressus
2428 2892 2504 2937 est
2527 2884 2750 2953 populus
2776 2882 2934 2936 Israel
2957 2899 3022 2937 ex
3048 2882 3276 2952 :Egy‘pto
3304 2882 3455 2952 (Gen.
3476 2900 3568 2949 xv,
3597 2885 3681 2948 13,
3707 2894 3750 2938 ct

2171 2975 2287 3031 Act.
2311 2991 2401 3036 vn,
2426 2974 2505 3040 6);
2534 2989 2653 3028 cum
2675 2974 2782 3028 sint
2805 2973 3170 3044 quadringenti
3196 2974 3426 3044 triginta.
3454 2973 3542 3030 Sic
3574 2984 3631 3030 et
3658 2990 3752 3047 una

2173 3064 2444 3135 generatio
2494 3080 2611 3135 qua:
2661 3062 3132 3134 quadragenarium
3180 3079 3458 3119 numerum
3514 3061 3750 3133 excedit,

2176 3172 2279 3211 nou
2312 3155 2484 3211 aufert
2527 3157 2647 3209 huic
2674 3170 2895 3209 numero
2937 3154 3307 3224 principatum.
3335 3154 3429 3209 llic
3448 3164 3633 3209 autem
3659 3171 3752 3210 till-

2178 3262 2356 3303 merus
2399 3250 2558 3300 vitam
2587 3246 2869 3317 significat,
2902 3261 3003 3316 qua
3047 3247 3096 3299 in
3145 3246 3242 3301 hac
3283 3254 3420 3300 terra
3464 3247 3751 3313 laboratur,

2177 3337 2426 3408 quamdiu
2463 3337 2858 3405 peregrinantur
2885 3351 2913 3388 a
2950 3335 3193 3401 Domino,
3226 3337 3278 3389 in
3320 3351 3419 3406 qua
3460 3336 3754 3391 necessaria

2177 3437 2259 3480 est
2310 3425 2635 3494 diSpensatio
2683 3424 3045 3494 temporaliter
3096 3423 3445 3493 pra-dicundae
3499 3425 3753 3479 veritatis.

2183 3515 2439 3570 Denarius
2488 3515 2629 3569 enim
2677 3530 2950 3576 numerus,
2992 3530 3098 3584 quo
3145 3515 3467 3582 signiﬁcatur
3506 3515 3758 3584 perfectio

2180 3605 2549 3668 beatitudinis,
2598 3614 2786 3675 quater
2832 3605 3240 3674 multiplicatus,
3293 3616 3506 3673 propter
3555 3613 3760 3673 tempus

2182 3696 2640 3765 quadripartitum,
2676 3704 2730 3751 et
2756 3695 3005 3749 mundum
3042 3695 3500 3766 quadripartitunt,
3529 3697 3758 3767 quadra-

2183 3792 2454 3855 genarium
2487 3802 2765 3840 numerum
2794 3785 2933 3840 facit.
2970 3786 3253 3854 Propterea
3282 3787 3628 3856 quadraginta
3658 3786 3763 3841 die-

2184 3875 2590 3945 busjejnnatum
2613 3885 2710 3940 est,
2737 3884 2790 3930 et
2816 3891 2843 3928 a
2871 3876 3050 3947 Moyse
3072 3875 3247 3945 (Deut.
3277 3892 3349 3941 ις,
3372 3876 3452 3946 9),
3477 3886 3527 3931 ct
3557 3877 3629 3930 ab
3649 3876 3760 3931 Elia

2186 3965 2271 4040 (lll
2306 3969 2431 4038 Reg.
2463 3983 2571 4035 xix,
2599 3969 2678 4037 8),
2708 3978 2761 4021 et
2780 3969 2847 4023 ab
2874 3969 2988 4038 ipso
3013 3968 3300 4024 Mediatore
3323 3969 3547 4024 Domino
3577 3978 3758 4024 nostro

2184 4057 2310 4112 Jcsu
2330 4058 2545 4113 Clnisto
2572 4057 2782 4128 (Matth.
2812 4074 2883 4125 tv,
2912 4058 2967 4128 2)
3005 4075 3019 4114 :
3053 4060 3174 4128 quia
3198 4060 3248 4113 in
3272 4058 3373 4115 hoc
3401 4068 3644 4129 tempore
3670 4076 3761 4114 ne-

2185 4150 2415 4204 cessaria
2442 4158 2524 4203 est
2544 4164 2572 4202 a
2594 4149 2957 4218 corporalibus
2983 4149 3244 4204 illecebris
3263 4150 3610 4203 continentia.
3640 4149 3763 4216 Qua-

2187 4242 2426 4310 draginta
2452 4254 2661 4309 quoque
2686 4252 2854 4293 annos
2879 4239 2931 4292 in
2955 4254 3136 4293 eremo
3158 4238 3383 4308 populus
3404 4239 3763 4308 peregrinatus

2188 4340 2270 4387 est
2312 4330 2498 4403 (Nunt.
2546 4346 2709 4394 χχχιι,
2751 4327 2839 4399 15)
2879 4348 2892 4384 :
2929 4328 3271 4399 quadraginta
3301 4328 3487 4383 diebus
3511 4327 3763 4382 diluvium

2190 4424 2382 4479 factum
2409 4433 2489 4478 est
2519 4421 2667 4493 (Gen.
2697 4437 2787 4486 vn,
2813 4419 2889 4492 4).
2918 4419 3270 4489 Quadraginta
3310 4419 3424 4474 dies
3448 4428 3569 4489 post
3596 4434 3767 4473 resur-

2191 4515 2479 4569 rectionem
2527 4513 2777 4567 Dominus
2820 4526 2938 4565 cum
2980 4509 3251 4579 discipulis
3283 4519 3627 4563 conversatus
3666 4516 3763 4572 est,

2192 4604 2516 4675 persuadens
2550 4604 2628 4659 eis
2657 4602 2952 4658 resuscitati
2980 4602 3219 4671 corporis
3246 4601 3518 4655 veritatem
3562 4600 3697 4667 (Aet.
3726 4614 3759 4662 ι,

2192 4697 2245 4767 5)
2280 4714 2291 4750 :
2331 4696 2419 4750 ubi
2448 4695 2764 4766 significavit
2801 4695 2853 4747 in
2891 4693 2987 4746 hac
3033 4693 3160 4759 vita,
3192 4708 3293 4762 qua
3321 4692 3715 4761 peregrinantur
3737 4704 3765 4741 a

2192 4789 2437 4853 Domino,
2468 4787 2607 4858 quod
2640 4802 2889 4841 numerus
2918 4784 3381 4855 quadragenarins,
3410 4782 3545 4837 sicut
3573 4782 3763 4836 dictmn

2192 4891 2292 4946 est,
2342 4881 2561 4951 mystice
2602 4878 2831 4932 insinuat
2872 4876 3223 4930 necessariam
3269 4874 3420 4928 nobis
3463 4873 3766 4927 memoriam

2196 4969 2454 5023 Dominici
2498 4968 2769 5037 Corporis,
2797 4982 2954 5036 quam
2994 4966 3045 5018 in
3072 4964 3307 5019 Ecclesia
3338 4956 3574 5028 facimus,
3605 4962 3768 5015 donec

2195 5062 2370 5115 veniat
2400 5059 2443 5130 (l
2474 5058 2590 5114 Cor.
2632 5074 2707 5125 ιι,
2744 5057 2858 5129 '26).
2896 5057 2975 5112 Ad
3006 5055 3141 5110 hanc
3170 5072 3297 5127 ergo
3326 5057 3484 5110 vitam
3524 5052 3768 5125 quoniam

2196 5150 2469 5206 descendit
2511 5149 2763 5204 Dominus
2802 5157 3001 5214 noster,
3050 5156 3105 5201 et
3146 5147 3377 5202 Verbum
3412 5160 3535 5201 caro
3580 5144 3766 5198 factum

2198 5251 2302 5308 est,
2352 5252 2409 5295 ut
2454 5241 2754 5296 traderetur
2798 5251 3013 5310 propter
3052 5239 3241 5295 delicta
3280 5249 3482 5305 nostra,
3511 5247 3565 5293 et
3593 5250 3769 5292 resur-

2199 5343 2348 5405 geret
2378 5343 2595 5404 propter
2622 5332 3051 5403 justilicationem
3090 5340 3326 5387 nostram
3354 5330 3528 5403 (Rom.
3560 5346 3629 5395 tv,
3655 5324 3771 5396 25);

2202 5424 2674 5496 quadragenarium
2704 5438 2983 5478 numerum
3017 5422 3293 5479 Matthaaus
3334 5431 3545 5480 secutus
3569 5429 3648 5476 est
3674 5434 3689 5472 :
3718 5425 3773 5471 ut

2263 5577 2338 5639 (α)
2369 5579 2556 5643 va-ius,
2579 5577 2827 5643 perﬁdus
2846 5576 3050 5643 nominis
3071 5577 3366 5643 ρνοριιειαππ-
3396 5579 3510 5636 Qu“

2204 5633 2492 5763 ictgilpio'ésed
2514 5633 2639 5692 alter
2661 5633 2757 5693 fuif
2772 5641 2990 5704 ejusdem
3011 5633 3245 5701 nohuriis,
3281 5654 3343 5692 ex
3380 5633 3579 5691 ttetract.
3611 5639 3691 5688 ιιι).
3726 5633 3773 5695 2,
