1994 3095
162 139 218 168 553

161 207 215 228 una
228 199 365 235 generatio
377 206 436 234 quae
449 199 483 226 ibi
495 199 598 227 excedit
611 199 846 235 quadragenarinm
861 208 955 227 nume-

159 253 230 278 rum,
244 246 285 272 vel
309 253 361 272 non
378 245 513 279 impediat,
537 246 612 272 siculi
630 246 733 279 triginta
755 245 792 271 illi
816 245 885 272 anni‘
902 253 954 272 non

160 291 309 325 impediunt
331 291 581 325 quadringentorum
608 291 815 325 perfectionem;
839 291 879 317 vel
906 290 957 317 hoc

159 338 240 363 etiam
262 338 316 371 ipsa
339 337 477 371 significet,
494 337 554 371 quia
570 337 625 370 ipse
649 337 774 363 Dominus
795 344 846 371 quo
863 336 956 370 juncto

159 382 226 409 fiunt
240 382 413 416 quadraginta
431 390 509 408 nomn
520 403 526 415 ,
543 382 576 408 ita
590 382 727 409 descendit
745 383 776 408 ad
792 382 859 409 hanc
877 381 955 409 vitam

160 432 314 462 portaturus
331 433 437 462 peccata
453 432 552 458 nostra,
569 432 595 453 ut
611 432 695 453 tamen
713 428 745 453 ab
760 428 808 453 hac
820 427 882 460 vita,
896 435 957 462 pro-

160 473 217 506 pri-:1
233 478 258 499 et
268 472 393 506 singulari
406 472 569 503 execllentia,
584 480 633 506 qua
647 472 679 498 ita
694 472 772 498 homo
784 477 825 499 est
836 477 864 499 ut
875 472 955 499 etiam

162 518 230 544 Deus
247 517 290 549 sit,
306 518 455 543 inveniatur
468 523 602 550 exceptus.
621 518 655 543 De
670 517 719 544 hoc
739 518 808 543 enim
822 517 879 544 solo
892 517 957 544 dici-

154 563 213 598 ,‘tur,
233 563 302 597 quod
325 563 357 589 de
381 563 452 589 nullo
474 563 581 589 homine
606 567 707 594 sancto,
730 563 892 596 quantalibet
911 570 955 589 sa-

156 609 261 641 1pienlia
281 609 435 642 jusliliaque
454 608 580 642 perferto,
596 608 645 635 dici
666 609 750 642 potuit
772 612 817 635 aut
836 609 953 642 poterit:

164 653 275 679 Verbum
289 662 347 679 caro
360 656 453 688 factum
469 659 504 679 est
519 653 607 687 (Joan.
623 661 639 684 ι,
656 653 710 688 Η).

197 708 309 735 CAPUT
328 707 423 734 XXIII.
434 724 468 728 -—-
482 709 525 735 55.
542 708 591 735 Cur
610 709 779 743 generationes
796 709 956 744 septuaginta

157 759 255 788 septem
272 758 385 780 nutrierat
411 754 502 780 Lucas.
532 755 616 781 Lucas
638 759 724 781 autent
748 755 793 788 qui
820 762 851 782 ex
869 755 954 789 bapti-

156 807 219 826 smo
243 799 345 826 Domini
368 807 414 833 per
435 800 619 834 generationes
640 800 956 835 asrendit,septuagena—

156 844 229 871 rium
245 849 270 871 et
294 845 435 879 septimum
462 853 601 872 numerum
629 846 753 880 complet,
777 846 905 886 incipiens
919 847 954 873 ab

156 889 218 922 ipso
240 889 353 916 Domino
368 894 458 916 nostro
477 890 539 917 Jesu
554 890 659 917 Christo
680 899 726 924 per
744 890 842 925 .Ioseph
859 898 953 918 ascen-

154 934 235 967 dere,
247 940 272 961 et
286 936 444 969 perveniens
458 935 489 962 ad
506 936 585 962 Deum
605 944 651 970 per
667 936 749 962 Adam
764 944 770 961 :
785 936 811 963 id
826 941 881 969 est,
893 937 953 971 quia

156 980 185 1006 in
202 980 253 1007 hoc
276 988 386 1007 nutriere
407 981 515 1007 abolitio
539 981 701 1015 significatur
725 981 841 1008 omnium
865 989 954 1016 pecca-

156 1030 258 1058 turum,
274 1035 332 1061 qua:
356 1028 383 1053 lit
407 1027 431 1053 in
458 1027 602 1061 Baptismo,
628 1035 680 1053 non
700 1028 758 1061 quia
775 1028 823 1061 ipsi
841 1028 953 1055 Domino

154 1076 217 1098 erat
230 1072 297 1106 quod
310 1072 334 1098 in
352 1072 481 1105 baptismo
499 1072 693 1103 dimitteretur;
710 1072 754 1099 sed
771 1072 831 1107 quia
841 1080 888 1099 sua
902 1072 953 1100 hu-

154 1118 271 1143 nrilitate
283 1117 343 1150 quid
358 1118 432 1144 nobis
443 1122 514 1144 esset
524 1118 585 1143 utile
599 1117 804 1144 commendavit.
817 1118 851 1144 Et
861 1126 953 1153 quant—

153 1163 198 1188 τις
213 1167 282 1189 esset
302 1162 365 1188 illud
386 1162 544 1196 baptismum
560 1163 685 1193 Joannis;
703 1164 726 1189 in
743 1171 775 1190 eo
790 1168 877 1191 tamen
891 1172 953 1191 scn-

152 1196 269 1234 sibililer
282 1207 404 1242 apparuit
418 1207 534 1234 Trinitas
556 1208 639 1235 Patris
661 1213 687 1235 et
712 1209 768 1235 Filii
792 1213 819 1236 et
838 1209 951 1244 Spiritus

151 1253 253 1285 sancti,
274 1260 324 1287 qua
346 1257 514 1279 consecratus
530 1258 569 1279 cst
583 1254 663 1287 ipsius
677 1254 771 1280 Christi
791 1254 950 1289 baptismus,

154 1305 212 1331 quo
223 1297 371 1331 baptizandi
384 1302 459 1324 erant
475 1297 551 1324 futuri
565 1298 705 1325 Christiani
724 1308 729 1324 :
746 1299 833 1333 Pater,
847 1300 874 1327 in
888 1307 952 1328 voce

150 1350 218 1376 qua:
232 1342 298 1369 facta
314 1347 353 1369 cst
364 1343 396 1369 de
410 1343 494 1375 cmlo;
512 1343 603 1376 Filius,
618 1344 642 1370 in
656 1345 711 1378 ipso
730 1345 838 1372 homine
852 1345 950 1373 Media-

151 1392 213 1415 lore
224 1396 232 1419 ;
243 1387 356 1421 Spiritus
367 1393 483 1421 sanctus,
497 1389 522 1415 in
534 1389 653 1416 columba
669 1390 772 1424 (Matt/1.
786 1399 823 1424 ιιι,
839 1392 881 1425 l6,
894 1391 949 1428 I7).

193 1432 241 1459 54.
268 1431 377 1459 Numeri
394 1435 552 1468 septuaginta
565 1440 659 1468 stptcin
679 1436 845 1469 signiﬁcatus.
864 1435 951 1469 Quare

149 1481 243 1504 autem
266 1479 483 1512 septuagenarius
508 1484 533 1505 et
558 1480 685 1513 septimus
709 1489 835 1508 numerus
858 1481 947 1509 omnia

149 1527 264 1557 peccata
278 1523 411 1550 contineat
425 1532 482 1558 quze
497 1525 666 1552 dimittuntur
680 1526 704 1552 in
727 1527 873 1561 Baptismo,
892 1528 949 1555 lucc

151 1569 300 1602 probabilis
315 1570 380 1595 ratio
395 1570 497 1597 videtur
513 1578 670 1603 oecurrcre;
686 1573 744 1606 quia
759 1573 883 1600 denarius
896 1582 948 1601 nu-

151 1621 246 1640 merus
271 1614 459 1649 perfectionem
487 1616 566 1642 habet
583 1616 691 1650 justitia:
717 1623 743 1644 et
769 1618 947 1653 beatitudinis,

149 1667 213 1687 eum
229 1661 379 1694 septenaria
396 1666 515 1687 creatura
530 1661 662 1689 Creatoris
680 1663 790 1690 iniu‘ret
805 1664 946 1693 Trinitati:

150 1704 223 1731 unde
236 1705 316 1731 etiam
331 1705 472 1739 deealogus
486 1706 562 1740 Legis
577 1707 601 1733 in
620 1707 711 1734 dcccm
729 1709 868 1743 pra-copiis
882 1717 947 1737 Cull-

149 1754 274 1775 secratus
293 1754 342 1776 est.
359 1749 545 1784 Transgressio
567 1756 655 1777 autem
680 1752 779 1779 denarii
802 1753 947 1782 undenario

150 1802 265 1820 numero
290 1794 451 1828 significatur
473 1804 479 1821 :
499 1801 524 1822 et
550 1797 702 1831 intelligitur
728 1804 864 1831 peccatum
888 1808 947 1827 esse

150 1840 341 1874 transgressio,
366 1848 425 1866 cum
448 1841 545 1875 aliquid
569 1842 682 1875 amplius
705 1843 784 1870 homo
807 1850 945 1878 appetens,

147 1884 260 1917 justiti-.e
280 1885 398 1918 regulam
416 1886 529 1913 excedit.
547 1886 621 1913 Unde
635 1892 660 1914 et
675 1889 812 1915 avaritiam
830 1890 945 1917 radicem

149 1929 273 1955 omnium
292 1930 420 1958 malorum
434 1931 496 1957 dicit
511 1932 652 1966 Apostolus
668 1933 686 1967 (l
708 1933 774 1960 Tim.
795 1943 829 1967 vt,
845 1935 898 1971 I0).
914 1937 947 1964 Et

149 1973 249 2000 animm
262 1981 276 1999 a
291 1974 345 2001 Deo
359 1975 507 2009 fornicanti,
524 1984 555 2003 ex
576 1977 693 2011 ejusdem
710 1979 812 2006 Domini
833 1988 946 2014 persona

147 2019 249 2046 dicitur
265 2028 271 2046 :
287 2019 417 2054 Speraber
439 2022 460 2047 si
484 2029 498 2048 τι
521 2030 562 2048 me
582 2023 760 2056 discessisses,
776 2025 874 2059 aliquid
888 2034 946 2052 aln-

147 2065 221 2099 plius
246 2070 271 2092 te
295 2065 452 2093 habituram.
476 2067 542 2100 Quia
566 2075 629 2103 ergo
652 2071 898 2104 transgressionem,
919 2072 944 2099 id

148 2115 192 2137 est
206 2116 343 2145 peccaturo
360 2112 392 2138 ad
408 2120 436 2138 sc
451 2113 535 2146 ipsum
548 2114 627 2140 refert
643 2115 686 2148 qui
701 2120 802 2148 peccat,
818 2117 878 2150 quia
893 2118 945 2151 pri-

149 2160 213 2181 vato
231 2156 346 2190 quodam
363 2165 410 2182 suo
432 2157 513 2183 lzctari
532 2158 604 2189 vult;
627 2159 693 2185 unde
714 2161 944 2194 reprehenduntur

148 2200 231 2226 etiam
254 2200 297 2234 qui
320 2208 365 2226 sua
385 2207 516 2235 quau'tuit,
533 2211 584 2240 nini
600 2212 657 2236 qu:e
677 2204 738 2230 .lesu
754 2205 848 2232 Christi
866 2206 944 2241 (Piri-

149 2245 217 2279 lipp.
240 2254 268 2277 ιι,
281 2246 339 2278 2|),
356 2252 381 2273 et
399 2247 518 2274 laud-tur
532 2248 647 2275 charilas
669 2258 719 2276 non
740 2258 862 2284 tpircrcns
885 2260 944 2286 qua:

148 2299 199 2317 sua
213 2297 273 2318 sum
297 2292 317 2328 (I
332 2292 390 2318 Cor.
407 2301 461 2325 xm,
477 2294 503 2328 5)
522 2303 527 2319 :
551 2301 687 2328 propterea
709 2296 765 2329 ipse
785 2297 944 2325 undeuarius

149 2345 280 2364 numerus
305 2347 357 2372 quo
383 2339 545 2372 signiﬁcatur
569 2342 753 2374 transgressio,
781 2350 831 2368 non
855 2343 943 2370 deeics

149 2382 351 2416 multiplicatur,
364 2384 409 2410 sed
420 2385 528 2417 septies,
543 2391 566 2410 cl
580 2386 643 2411 titmt
654 2387 818 2420 septuaginta
829 2392 940 2421 septem.

146 2427 209 2455 Non
229 2428 299 2454 enim
320 2428 353 2454 ad
378 2428 526 2455 Conditoris
546 2430 711 2461 Ttinitalem,
734 2432 779 2458 sed
802 2432 834 2458 ad
859 2433 942 2467 ipsam

148 2479 312 2506 creaturam,
327 2474 352 2501 id
366 2479 415 2507 est,
431 2476 462 2501 ad
484 2477 567 2509 ipsum
582 2477 713 2502 hominem
730 2478 843 2510 pertinet
854 2483 942 2505 trans—

147 2519 262 2553 gressio,
276 2527 355 2554 quam
369 2524 515 2546 creaturam
537 2523 700 2555 septenarius
717 2531 841 2549 noun-rus
854 2529 942 2550 osten-

148 2564 201 2590 dit.
226 2564 287 2590 Tria
309 2570 418 2600 propter
440 2565 568 2598 animum,
591 2567 632 2592 ubi
655 2573 693 2593 cst
715 2568 833 2601 qltzedatn
857 2569 942 2603 imago

148 2609 291 2636 Trinitatis
305 2610 454 2642 Creatoris;
470 2611 503 2637 ibi
518 2611 588 2637 cnim
605 2612 683 2638 homo
697 2613 726 2638 ad
744 2613 882 2647 imagincm
896 2614 941 2640 Uci

148 2653 236 2681 factus
249 2658 308 2681 est:
322 2659 346 2681 et
359 2659 471 2688 quatunr
482 2661 588 2690 propter
601 2664 706 2690 corpus.
719 2657 858 2684 Notissima
870 2659 940 2685 enim

148 2703 212 2725 sunt
226 2704 340 2734 quatuor
355 2700 496 2733 primordia
510 2701 604 2735 quibus
618 2709 714 2736 Corpus
729 2707 841 2730 euastat.
855 2704 886 2730 Et
899 2705 940 2731 cui

148 2750 211 2771 nota
233 2753 286 2771 non
306 2749 377 2776 sunt,
392 2751 478 2780 potest
497 2746 572 2773 facile
591 2747 728 2774 advertere
748 2748 831 2781 ipsum
845 2756 941 2782 corpus

148 2790 253 2822 uulmli,
275 2791 301 2817 in
325 2799 378 2825 quo
398 2799 494 2826 corpus
518 2797 634 2818 nostrum
659 2801 704 2827 per
727 2793 782 2820 loca
809 2798 937 2827 meretur,

148 2841 263 2870 quum-nr
283 2836 382 2864 habere
402 2838 474 2872 quasi
492 2838 648 2873 principales
665 2844 759 2874 partes,
777 2847 844 2874 q:.as
860 2841 937 2869 etiam

895 145 1010 173 SEBHO
1030 145 1082 173 LII.

1749 153 1783 180 ὃς
1791 154 1801 182 ’t

1012 201 1147 236 Scriptura
1169 202 1256 230 divina
1275 203 1379 232 assidue
1400 209 1600 240 commemorat,
1621 205 1755 234 Orientem
1770 213 1797 235 et

1011 249 1193 281 Occidentem,
1209 249 1379 277 Meridianum
1393 255 1420 278 et
1434 251 1600 286 Aquilonem.

1045 295 1158 323 CAPUT
1178 295 1273 322 XXIV.
1287 296 1366 323 —Et
1381 298 1504 331 quoniam
1528 303 1632 332 peccata
1653 299 1693 326 vel
1712 300 1803 326 animo

1012 341 1086 373 ﬁunt,
1101 342 1169 369 sicut
1182 342 1208 369 in
1224 343 1280 370 sola
1293 343 1445 376 voluntate;
1461 345 1502 371 vel
1513 345 1591 372 etiam
1607 346 1730 381 operibus
1744 354 1804 373 eor-

1010 387 1092 421 poris,
1102 387 1156 421 jam
1169 387 1307 415 'visibiliter
1321 398 1327 415 :
1344 393 1480 423 propterea
1496 391 1578 417 Amos
1592 391 1722 425 propheta
1737 392 1804 418 assi-

1009 430 1061 458 due
1075 437 1266 459 cotmnemorat
1291 433 1373 460 Deum
1396 434 1540 461 minantem
1559 443 1590 462 ac
1612 436 1753 468 dicentem,
1770 435 1803 463 In

1009 477 1086 503 tribus
1108 482 1130 504 et
1149 483 1255 513 quatuor
1274 479 1442 513 intpielutibns
1460 489 1509 506 non
1528 481 1661 508 at'ersabor
1679 482 1765 517 (Amos
1792 491 1800 508 ι

1009 527 1035 549 et
1050 522 1090 558 ιι),
1106 523 1131 550 id
1146 528 1197 557 est,
1212 532 1264 551 non
1287 525 1469 553 dissimulabo.
1487 526 1593 560 Tribus,
1612 534 1719 563 propter
1741 530 1800 556 aui-

1009 567 1062 599 mi;
1074 572 1196 602 quatuor,
1212 573 1319 604 propter
1333 571 1451 604 cerporis
1464 576 1586 598 naturam
1602 580 1608 598 :
1623 573 1719 607 quibus
1733 573 1801 600 duo-

1008 612 1058 640 bus
1073 613 1153 641 bomo
1167 619 1280 642 constat.

1043 658 1087 685 35.
1103 659 1244 694 Scriptura:
1268 660 1393 696 quomodo
1419 661 1539 697 legendae.
1566 663 1656 698 Itaque
1677 664 1799 691 undecim

1008 703 1117 737 septies,
1131 704 1200 731 sicut
1219 705 1317 733 dictum
1337 710 1388 739 est,
1405 708 1580 742 transgressio
1592 708 1700 742 justiti-.e
1721 710 1801 736 relata

1009 747 1043 774 ad
1064 747 1198 776 hominem
1221 755 1386 784 peccatorem
1407 751 1471 779 facit
1484 760 1622 780 numerum
1637 756 1801 789 septuaginta

1008 797 1127 827 septem;
1144 802 1197 829 quo
1221 800 1327 829 peccata
1349 797 1437 824 omnia
1457 798 1587 826 contineri
1609 799 1799 834 significantur,

1007 845 1066 872 qua:
1092 846 1141 873 per
1163 840 1325 875 Baptismum
1352 841 1530 870 dimittuntur.
1557 843 1633 871 Unde
1647 845 1733 872 Lucas
1755 853 1801 880 per

1006 884 1172 918 septuaginta
1194 890 1295 920 septem
1315 888 1499 921 generationes
1519 890 1638 916 ascendit
1650 890 1682 916 ad
1699 891 1799 923 Deum;

1006 929 1149 957 ostendens
1163 932 1329 959 reconciliari
1344 933 1479 960 hominem
1494 934 1549 962 Deo
1563 942 1610 969 per
1627 934 1799 963 abolitionem

1006 975 1123 1006 omnium
1136 981 1314 1010 peccatorum.
1333 978 1395 1006 lude
1408 979 1465 1014 ipse
1479 980 1605 1008 Dominus
1621 982 1700 1008 Petro
1715 983 1798 1009 inter-

1006 1020 1106 1054 roganti
1120 1022 1223 1055 quoties
1237 1022 1310 1049 fratri
1321 1023 1417 1051 debeat
1431 1025 1568 1059 ignoscere
1585 1035 1591 1052 :
1605 1026 1669 1053 Dico
1688 1028 1741 1059 tibi,
1757 1029 1798 1054 in-

1005 1064 1072 1099 quit,
1089 1074 1138 1092 non
1157 1067 1257 1101 septies,
1278 1068 1322 1095 sed
1340 1077 1418 1104 usque
1433 1071 1574 1106 scptuagies
1587 1073 1677 1106 septies
1692 1072 1797 1107 (Matth.

1006 1118 1080 1144 xvut,
1099 1111 1157 1146 22).
1175 1113 1206 1139 Ει
1220 1114 1242 1140 si
1260 1114 1322 1148 quid
1339 1115 1411 1142 aliud
1427 1115 1460 1142 de
1474 1116 1513 1142 his
1526 1118 1637 1144 secretis
1650 1124 1676 1144 el
1692 1118 1799 1145 thesau-

1005 1156 1041 1183 ris
1060 1158 1247 1191 mysteriorum
1266 1159 1323 1192 Dei,
1337 1167 1352 1186 a
1368 1159 1578 1195 diligentioribus
1595 1167 1621 1189 et
1637 1162 1799 1198 dignioribus

1004 1203 1060 1229 erui
1085 1207 1179 1238 potest.
1200 1204 1253 1232 Nos
1276 1209 1363 1232 tamen
1384 1213 1431 1240 pro
1453 1211 1545 1234 nostro
1566 1214 1655 1243 captu,
1670 1215 1797 1244 quantum

1004 1247 1104 1282 adjuvit
1119 1253 1146 1276 et
1160 1254 1287 1284 quantum
1299 1250 1372 1277 dedit
1385 1251 1523 1284 Dominus,
1540 1261 1587 1287 pro
1601 1255 1719 1289 angustia
1734 1263 1799 1289 quo-

1004 1300 1055 1327 que
1079 1294 1215 1328 temporis,
1236 1302 1295 1329 quae
1319 1296 1461 1329 potuimus,
1479 1296 1605 1324 diximus.
1625 1298 1652 1326 Si
1672 1300 1732 1333 quis
1755 1308 1799 1327 ve-

1003 1342 1086 1364 strum
1112 1339 1225 1373 amplius
1246 1340 1326 1374 capit,
1349 1340 1382 1368 ad
1403 1341 1477 1369 illum
1494 1342 1590 1377 pulset,
1605 1351 1620 1370 a
1634 1352 1686 1379 quo
1706 1349 1732 1372 et
1748 1353 1797 1372 nos

1002 1382 1073 1416 quod
1089 1390 1194 1417 capere,
1209 1384 1279 1419 quod
1293 1385 1382 1413 dicere
1403 1394 1554 1421 possumus,
1571 1389 1710 1419 sumimus.
1733 1390 1798 1417 Illud

1002 1432 1064 1456 ante
1083 1430 1171 1457 omnia
1196 1430 1319 1463 retinete,
1344 1436 1372 1459 ut
1395 1432 1539 1467 Scripturis
1560 1436 1659 1462 sanctis
1679 1436 1797 1463 nondum

1002 1473 1145 1501 intellectis
1159 1482 1212 1502 non
1226 1476 1418 1510 perturbemini
1430 1487 1437 1511 ;
1452 1479 1630 1515 intelligentes
1641 1486 1728 1508 autem
1744 1491 1797 1509 non

1003 1517 1129 1546 intlcmini
1146 1528 1152 1546 :
1168 1520 1214 1547 sed
1230 1525 1256 1548 et
1277 1522 1349 1556 quod
1370 1530 1422 1550 non
1442 1523 1600 1560 intelligitis,
1616 1533 1675 1553 cum
1695 1526 1797 1562 honore

1000 1563 1143 1598 dilferatis;
1160 1570 1186 1593 et
1202 1566 1273 1601 quod
1287 1567 1444 1602 intelligitis,
1461 1576 1521 1597 cum
1532 1570 1662 1599 eharitate
1674 1573 1795 1600 teneatis.

1266 1611 1380 1639 SERMO
1398 1612 1463 1640 ιιι·
1481 1615 1530 1650 (α).

1000 1651 1135 1693 De_t'erbis
1159 1654 1291 1693 Evangelii
1313 1656 1439 1693 {Hau/nti,
1465 1668 1522 1693 rap.
1544 1668 1582 1693 ut,
1605 1662 1700 1692 1517.
1719 1662 1797 1693 Venit

1035 1688 1111 1733 Jesus
1125 1697 1140 1716 a
1155 1688 1261 1733 Glzliilti‘a
1273 1692 1298 1733 in
1311 1688 1454 1733 Jordaltem
1467 1688 1501 1721 ad
1512 1688 1652 1733 Joannem,
1661 1688 1700 1724 ut
1710 1688 1795 1733 bapti:

1036 1728 1141 1751 zaretur
1153 1725 1187 1751 ab
1200 1733 1242 1758 eo,
1257 1732 1319 1760 etc.,
1335 1727 1366 1754 de
1380 1727 1502 1756 Trinitate
1518 1730 1565 1764 (b).

1038 1767 1150 1796 CAPUT
1178 1770 1318 1798 PRIMUM.
1346 1786 1381 1791 -—
1405 1773 1430 1799 l.
1457 1773 1526 1800 Deus
1551 1774 1660 1803 Trinitas
1688 1777 1714 1803 in
1746 1777 1793 1804 ba-

1000 1814 1090 1849 ptismo
1107 1813 1201 1842 Christi
1219 1817 1418 1845 commendatur.
1444 1819 1601 1854 Evangelica
1624 1821 1703 1848 lectio
1731 1830 1793 1857 pro-

999 1859 1087 1893 posuit
1106 1860 1181 1887 nobis
1196 1861 1267 1888 unde
1282 1862 1420 1896 loquamur
1435 1864 1467 1890 ad
1483 1864 1645 1893 Charitatem
1667 1872 1791 1901 vestram,

1000 1908 1123 1938 tanquam
1145 1905 1248 1932 Domini
1272 1906 1393 1941 imperio,
1413 1912 1439 1935 et
1460 1917 1523 1937 vere
1545 1910 1647 1938 Domini
1667 1913 1789 1947 imperio.

998 1950 1039 1976 Ab
1060 1950 1105 1977 illo
1123 1950 1192 1977 enim
1213 1953 1376 1986 exspectavit
1391 1962 1438 1981 cor
1456 1963 1543 1982 meum
1561 1961 1683 1992 tanquam
1695 1959 1792 1993 jIlSSIH-

999 2002 1059 2022 nem
1083 1996 1231 2030 proferendi
1246 1999 1388 2032 sermonis,
1404 2003 1432 2026 ut
1454 2000 1516 2028 hinc
1535 2010 1594 2028 cum
1618 2003 1790 2039 intelligerent

999 2039 1071 2075 loqui
1093 2049 1136 2068 me
1151 2043 1227 2074 velle,
1243 2043 1313 2080 quod
1333 2045 1438 2071 recitari
1463 2046 1517 2080 ipsc
1538 2047 1672 2075 voluisset.
1695 2050 1792 2076 Audiat

998 2093 1061 2120 ergo
1073 2086 1188 2113 studium
1202 2092 1229 2114 et
1241 2078 1347 2116 devotio
1359 2095 1455 2123 vestra,
1468 2078 1608 2127 etadjuvct
1619 2095 1687 2128 apud
1704 2095 1788 2129 ipsam

998 2131 1138 2158 Dominum
1160 2133 1242 2160 Deum
1267 2140 1385 2162 nostrum
1409 2136 1526 2164 laborem
1546 2147 1645 2166 meum.
1664 2141 1789 2168 Videmus

997 2177 1067 2202 enim
1080 2182 1108 2204 et
1122 2182 1245 2211 tanquam
1261 2181 1396 2213 proposito
1409 2180 1499 2208 divino
1512 2185 1664 2217 spectaculo
1682 2191 1790 2213 contun-

998 2229 1068 2253 mur,
1082 2223 1151 2256 apud
1167 2222 1265 2250 fiumen
1285 2224 1407 2252 Jordanis
1420 2227 1600 2254 commendari
1616 2229 1691 2257 nobis
1706 2231 1788 2258 Deum

997 2270 1116 2293 nostrum
1129 2268 1153 2293 in
1167 2268 1306 2296 Trinitate.
1318 2269 1382 2296 Cum
1395 2272 1465 2302 enim
1478 2274 1580 2300 veniret
1593 2274 1682 2308 Jesus,
1701 2281 1727 2303 et
1741 2276 1788 2303 ba-

997 2311 1110 2345 ptizatus
1134 2317 1206 2339 esset
1228 2321 1242 2339 a
1265 2313 1378 2347 Joanne,
1405 2316 1532 2344 Dominus
1554 2326 1567 2344 a
1589 2326 1668 2346 servo
1689 2320 1699 2354 (
1718 2322 1788 2355 quod

996 2354 1059 2382 fecit
1071 2357 1103 2382 ad
1119 2356 1273 2385 humilitatis
1289 2361 1455 2394 exemplum;
1473 2362 1499 2389 in
1520 2363 1574 2397 ipsa
1591 2365 1687 2399 quippe
1700 2354 1787 2393 Inimi-

997 2401 1069 2428 litate
1083 2402 1198 2429 ostendit
1219 2404 1322 2437 impleri
1335 2405 1478 2439 justitiam,
1492 2408 1598 2441 quando
1614 2409 1718 2437 dicente
1738 2412 1786 2438 sibi

995 2445 1106 2478 Joanne,
1129 2447 1184 2482 ligo
1202 2448 1277 2474 debeo
1298 2457 1313 2475 a
1336 2454 1359 2475 te
1373 2450 1505 2485 baptizari,
1520 2458 1544 2478 et
1557 2457 1582 2479 tu
1596 2455 1662 2480 renis
1676 2456 1709 2481 ad
1729 2464 1786 2487 me;

1027 2492 1036 2500 '
1047 2492 1179 2526 castigatus
1191 2496 1228 2517 est
1239 2493 1268 2517 ad
1284 2497 1334 2526 tres
1346 2495 1386 2518 bn.
1398 2496 1427 2519 ad
1438 2500 1541 2526 quatuor
1557 2497 1587 2521 cl.
1601 2499 1629 2522 ad
1641 2506 1663 2523 a.
1676 2500 1714 2524 οὶ).
1729 2500 1744 2525 f.
1758 2502 1784 2525 tl.

994 2521 1024 2546 fs.
1040 2529 1065 2553 g.
1079 2521 1153 2553 trjm.
1165 2529 1200 2553 pr.
1213 2530 1256 2546 rm.
1275 2525 1312 2548 vd.
1325 2528 1374 2548 Am.
1388 2529 1424 2549 Er.
1436 2521 1484 2550 t‘ar.
1498 2530 1549 2552 Lov.

1027 2552 1062 2582 (tl)
1080 2552 1148 2581 Alias,
1160 2552 1190 2577 65
1199 2554 1230 2577 de
1244 2555 1326 2578 verbis
1337 2557 1437 2579 Domini.

1026 2582 1061 2613 (ὁ)
1077 2584 1165 2616 (litatur
1175 2590 1189 2607 a
1200 2584 1267 2608 Floro
1278 2586 1306 2609 ad
1317 2585 1389 2610 uolat.
1403 2594 1432 2613 iv.
1441 2586 1511 2611 titulo
1522 2590 1640 2613 sermonis
1655 2594 1699 2615 «ne
1711 2592 1786 2616 Trini-

999 2622 1009 2635 ι
1022 2617 1080 2648 tate.
1091 2621 1101 2634 ν
1115 2613 1237 2648 Plerisque
1249 2619 1330 2640 autem
1340 2620 1392 2641 Mss.
1402 2618 1547 2648 inscribitur,
1562 2623 1610 2644 «De
1620 2613 1785 2647 unarhﬁ'iuila-te

998 2653 1009 2666 al
1020 2644 1270 2679 uinaque‘uailatem
1286 2653 1364 2678 eaque.
1384 2649 1505 2679 iasztrhtio
1517 2644 1573 2674 alite
1593 2644 1785 2678 ιιιιιςιιιέιιιπιᾶξιζ

995 2678 1044 2711 t_em
1055 2675 1194 2711 obtinebat,
1208 2681 1235 2711 ut
1247 2675 1385 2703 ttinetuants
1404 2675 1537 2709 ipse'fateri
1550 2687 1645 2706 coactus
1663 2675 1709 2711 est,
1723 2675 1785 2707 libro

993 2706 1025 2744 de
1038 2712 1084 2729 non
1095 2712 1142 2730 una
1153 2707 1281 2744 trinitate,
1295 2715 1354 2744 pag:
1365 2706 1474 2744 -t:j.'i_‘.__ttic
1485 2712 1564 2736 obiter
1576 2706 1708 2738 observare
1718 2706 1786 2744 juvat

994 2737 1148 2774 ltinemaruur
1156 2738 1267 2762 eumdem
1277 2737 1301 2762 iu
1310 2737 1395 2774 eodem
1408 2740 1468 2765 libro
1479 2745 1551 2765 totam
1562 2744 1612 2767 fere
1622 2737 1729 2774 tagiuan'i
1739 2746 1753 2768 ὅ
1759 2737 1785 2769 ιλ

995 2771 1094 2805 tresque
1114 2770 1294 2805 subsequentes
1311 2770 1353 2805 ⁵ιιινιι
1364 2771 1416 2795 lere
1435 2774 1549 2805 excerpti
1574 2770 1694 2798 sermonis
1710 2782 1784 2805 quem

995 2801 1063 2835 vocat
1075 2799 1197 2835 Augustini
1214 2800 1264 2823 «de
1276 2799 1368 2835 tiuilttte
1381 2802 1454 2835 Patris
1465 2807 1490 2826 et
1502 2799 1549 2827 l-‘ilii
1570 2808 1596 2828 et
1613 2799 1783 2835 spiritus'sau;

998 2836 1009 2850 α
1021 2828 1051 2851 cti
1064 2833 1145 2853 contra
1157 2831 1268 2861 ari-mos;
1279 2839 1288 2853 η
1304 2832 1343 2862 qui
1356 2835 1435 2855 tamen
1446 2833 1508 2857 inter
1517 2828 1785 2866 Augustiiiiiinos’tuodo

996 2864 1043 2882 non
1054 2864 1184 2890 comparet.
