3988 6190
413 335 516 391 355

414 448 705 516 respondit,
726 447 848 501 Sine
870 442 1033 508 nwdu,
1052 453 1103 494 ut
1125 442 1392 511 impleatur
1419 439 1577 493 omnis
1595 434 1813 507 iustitia)
1840 451 1853 487 :
1877 449 1995 488 cum

414 555 541 610 ergo
575 538 868 608 baptizatus
897 543 1058 596 esset,
1100 533 1265 601 aperti
1306 541 1427 585 sunt
1465 529 1611 591 cteli,
1642 537 1695 580 ct
1722 525 1999 580 descendit

413 645 575 700 super
602 642 719 681 cum
747 624 972 694 Spiritus
995 635 1206 679 sanctus
1232 622 1284 676 in
1321 623 1495 691 specie
1520 617 1812 679 columbae;
1846 616 2000 669 deiu-

413 721 480 776 de
506 736 602 773 vox
630 718 853 785 desuper
879 724 1160 770 consecuta
1188 724 1286 775 est,
1322 712 1416 766 Hic
1448 721 1519 767 est
1559 710 1723 764 Filius
1757 718 1899 761 meus
1921 706 2000 758 di-

414 811 587 874 lectus,
616 809 668 860 in
710 794 808 876 quo
851 806 971 860 bene
1023 806 1174 860 sensi.
1217 804 1484 859 Habemus
1529 816 1655 871 ergo
1699 800 1998 853 distinctam

412 898 639 968 quodam
682 897 839 952 modo
866 897 1176 951 Trinitatem
1208 914 1220 948 :
1252 896 1303 948 in
1331 909 1459 948 voce
1486 893 1721 952 Patrem,
1750 890 1799 942 in
1832 887 2001 942 homi-

418 1004 481 1043 ne
509 987 723 1048 Filium,
746 988 795 1040 in
818 986 1059 1042 columba
1085 987 1336 1056 Spiritum
1365 994 1624 1038 sanctum.
1656 981 1765 1034 [ioc
1785 978 1996 1049 quidem

350 1122 356 1134 .
414 1093 835 1133 commemorare
861 1093 991 1146 opus
1020 1084 1170 1140 erat;
1204 1091 1323 1128 nam
1353 1072 1533 1127 videte
1564 1070 1868 1125 facillimum
1896 1076 1999 1123 est.

417 1170 699 1225 Evidenter
727 1170 893 1235 enim,
934 1184 1031 1222 nec
1060 1167 1171 1222 ullo
1210 1166 1550 1222 dubitationis
1590 1163 1837 1232 scrupulo
1863 1174 2003 1215 com-

417 1261 693 1315 mendatur
730 1261 843 1314 hare
868 1260 1116 1313 Trinitas.
1148 1257 1279 1312 Nam
1318 1257 1449 1329 ipse'
1471 1255 1723 1309 Dominus
1759 1250 2001 1308 Christus

417 1352 467 1402 in
492 1349 657 1403 forma
688 1349 825 1402 servi
854 1348 1072 1403 veniens
1096 1347 1158 1399 ad
1181 1346 1459 1409 Joannem,
1484 1344 1663 1411 utique
1691 1341 1855 1394 Filius
1880 1348 1961 1392 est
1983 1350 1996 1392 :

419 1456 519 1493 non
535 1439 674 1491 enim
692 1438 791 1492 dici
811 1448 983 1507 potest
1000 1437 1137 1507 quod
1158 1437 1311 1490 Pater
1327 1444 1428 1501 est,
1444 1443 1532 1487 aut
1550 1433 1651 1486 dici
1675 1440 1843 1501 potest
1860 1428 2001 1497 quod

414 1530 639 1598 Spiritus
660 1538 873 1582 sanetus
899 1536 995 1581 est.
1024 1526 1189 1591 Venit,
1214 1525 1399 1593 inquit,
1425 1522 1575 1576 Iesus
1600 1539 1611 1573 :
1638 1522 1817 1590 utique
1839 1518 2002 1572 Filius

419 1619 531 1673 Dei.
580 1619 654 1672 De
697 1617 939 1672 Columba
981 1616 1097 1685 quis
1137 1614 1369 1677 dubitet;
1402 1621 1492 1666 aut
1532 1612 1651 1682 quis
1676 1610 1833 1671 dicat,
1864 1605 2000 1674 Quid

415 1717 497 1761 est
531 1707 773 1762 columba
816 1722 934 1761 cum
988 1707 1156 1775 ipsum
1200 1704 1542 1773 Evangelinm
1584 1709 1808 1755 testetur
1844 1714 1999 1766 aper-

418 1796 648 1860 tissime,
672 1794 937 1848 Descendit
961 1811 1111 1864 super
1138 1810 1247 1847 eum
1277 1792 1497 1861 Spiritus
1525 1801 1725 1843 sanctus
1763 1788 1812 1839 in
1840 1787 2004 1854 specie

417 1885 701 1939 columbas?
733 1885 805 1938 De
829 1900 957 1938 voce
981 1894 1159 1937 autem
1187 1882 1273 1934 illa
1301 1881 1544 1934 similiter
1577 1880 1712 1932 unlla
1745 1876 2000 1930 dubitatio

417 1976 557 2045 quod
589 1977 758 2030 Patris
783 1977 870 2041 sit,
913 1990 1032 2029 cum
1063 1973 1208 2039 dicit,
1243 1970 1319 2026 Tu
1348 1989 1399 2026 es
1428 1970 1594 2025 Filius
1630 1986 1767 2024 meus
1806 1967 1997 2037 (Marc.

418 2085 456 2130 ι,
492 2068 601 2128 Η).
633 2067 896 2120 Habemus
924 2080 1049 2133 ergo
1074 2063 1373 2116 distinctam
1402 2060 1738 2114 Trinitatem.

488 2157 570 2210 CA
584 2155 713 2211 PUT
753 2154 815 2210 ll.
844 2184 919 2196 --
941 2153 997 2207 2.
1026 2152 1102 2205 De
1146 2151 1387 2204 Trinitate
1421 2149 1743 2220 inscparabili
1784 2147 1999 2217 digitul-

417 2258 514 2300 tas.
565 2247 628 2300 Et
680 2246 723 2299 si
777 2244 1180 2300 consideremus
1229 2244 1365 2308 loca,
1394 2242 1566 2294 audeo
1591 2241 1768 2294 dicere
1794 2241 2001 2310 (qnam-

416 2339 498 2393 vis
525 2337 705 2392 timide
731 2336 780 2391 id
808 2336 1001 2401 dicam,
1033 2345 1207 2389 tamen
1235 2333 1427 2405 audeo)
1455 2334 1607 2403 quasi
1649 2332 1999 2403 separabilem

416 2428 752 2482 Trinitatem.
784 2427 916 2480 Cum
946 2426 1102 2480 Jesus
1128 2426 1273 2479 venit
1295 2424 1359 2477 ad
1388 2422 1629 2491 ﬂuvium,
1658 2437 1725 2477 ex
1746 2422 1849 2475 alio
1876 2421 1999 2475 loco

418 2521 470 2572 in
492 2502 652 2571 alium
680 2519 888 2575 locum;
919 2517 1161 2570 columba
1187 2515 1255 2569 de
1283 2515 1421 2570 caelo
1464 2513 1740 2568 descendit
1782 2512 1846 2565 ad
1896 2510 1999 2566 ter-

420 2624 553 2670 ram,
586 2607 652 2660 de
686 2606 792 2659 alio
833 2607 951 2659 loco
977 2604 1044 2657 ad
1070 2605 1231 2658 alium
1276 2604 1481 2668 locum;
1522 2618 1623 2656 vox
1666 2602 1775 2671 ipsa
1798 2602 1996 2667 Patris,

419 2713 518 2753 nec
546 2696 613 2751 de
645 2704 782 2749 terra
804 2736 818 2761 ,
853 2709 949 2749 nec
974 2694 1045 2750 de
1065 2710 1199 2763 aqua
1240 2696 1447 2759 sonuit,
1480 2693 1573 2748 scd
1599 2693 1666 2748 de
1690 2686 1826 2748 coelo
1856 2711 1868 2746 :
1899 2693 2000 2747 tria

418 2788 533 2841 haec
562 2785 713 2856 quasi
745 2794 1059 2854 separantur
1079 2784 1210 2838 locis
1233 2826 1249 2849 ,
1276 2793 1588 2853 separantur
1610 2782 1822 2849 ofﬁciis,
1847 2796 2001 2853 sepa-

416 2887 604 2931 rantur
638 2875 903 2946 operibus.
955 2876 1102 2931 Dicat
1136 2875 1265 2930 mihi
1310 2876 1501 2945 aliquis
1533 2893 1546 2929 :
1587 2874 1821 2930 Ostende
1859 2873 1999 2930 insc-

417 2970 705 3040 parabilcm
736 2969 1068 3025 Trinitatem.
1107 2969 1370 3023 Memento
1395 2967 1712 3022 catholicum
1737 2976 1789 3023 te
1818 2968 1994 3038 loqui,

416 3060 690 3114 catholicis
714 3060 879 3129 loqui.
910 3057 1067 3113 Fides
1092 3058 1233 3112 enim
1258 3067 1459 3123 nostra,
1490 3058 1541 3111 id
1567 3066 1665 3123 est,
1695 3056 1825 3112 ﬁdes
1847 3072 1993 3124 vera,

417 3151 550 3205 ﬁdes
575 3159 739 3216 recta,
773 3149 904 3203 ﬁdes
923 3149 1201 3213 catholica,
1225 3164 1329 3201 non
1353 3149 1601 3218 opinione
1628 3149 1998 3217 prtesumptio-

418 3241 645 3308 nis,sed
691 3240 993 3295 testimonio
1034 3240 1275 3294 lectionis
1316 3241 1572 3305 collecta,
1610 3255 1709 3296 nec
1749 3240 1996 3296 haeretica

417 3335 714 3389 temeritate
751 3334 982 3397 inccrat,
1015 3332 1107 3388 sed
1154 3332 1442 3403 apostolica
1492 3332 1713 3388 veritate
1760 3332 1993 3397 fundata,

417 3425 517 3479 hoc
549 3425 816 3488 insinuat;
845 3425 946 3479 hoc
982 3424 1259 3489 novimus,
1284 3422 1384 3477 hoc
1425 3422 1713 3477 credimus.
1755 3423 1867 3477 Hoc
1894 3423 1993 3477 etsi

418 3531 522 3571 non
558 3516 797 3572 videmus
841 3516 1171 3580 oculis,nec
1206 3513 1380 3568 adhuc
1399 3512 1560 3568 corde
1606 3512 1854 3581 quamdiu
1895 3512 1997 3567 ﬁde

419 3608 768 3674 inundamur;
796 3608 906 3677 ipsa
944 3616 1119 3662 tamen
1151 3605 1254 3661 ﬁde
1291 3606 1585 3661 rectissime
1606 3646 1620 3670 ,
1642 3620 1705 3661 ac
1734 3606 1996 3662 robustis-

416 3701 550 3755 sime
576 3700 868 3755 retinemus
906 3699 1119 3753 Patrem
1136 3740 1151 3762 ,
1174 3697 1365 3752 Filium
1385 3738 1401 3764 ,
1435 3698 1690 3766 Spiritum
1717 3707 1955 3753 sanctum
1978 3738 1992 3763 ,

418 3790 824 3859 inseparabilem
844 3805 965 3844 esse
985 3789 1319 3855 Trinitatem,
1347 3804 1511 3844 unum
1547 3789 1733 3853 Deum,
1758 3804 1861 3844 non
1886 3798 1996 3844 tres

416 3879 570 3935 deos.
603 3878 677 3934 ita
707 3889 883 3935 tamen
911 3894 1072 3933 unum
1105 3879 1287 3945 Deum,
1321 3890 1376 3932 ut
1395 3878 1559 3933 Filius
1586 3894 1690 3932 non
1720 3878 1789 3932 sit
1809 3880 1988 3946 Pater,

417 3981 475 4025 ut
505 3971 661 4026 Pater
685 3986 788 4025 non
819 3971 889 4026 sit
912 3969 1075 4024 Filius
1094 4010 1107 4034 ,
1138 3979 1194 4023 ut
1218 3968 1447 4038 Spiritus
1475 3978 1688 4023 sanctus
1716 3983 1814 4023 nec
1840 3969 1996 4023 l'ater

417 4063 508 4127 sit,
537 4077 634 4117 nec
661 4061 844 4129 Filius,
866 4059 959 4116 sed
981 4060 1152 4115 Patris
1171 4067 1223 4114 et
1253 4059 1371 4113 Filii
1417 4059 1664 4128 Spiritus.
1694 4059 1839 4112 Hanc
1859 4059 1993 4113 inet-

418 4153 632 4207 fahilcm
650 4152 977 4206 divinitatem
1007 4150 1143 4220 apud
1172 4166 1232 4205 se
1262 4150 1429 4221 ipsam
1457 4157 1758 4205 manentem
1778 4192 1792 4217 ,
1818 4150 1996 4204 omnia

417 4246 757 4298 innovantem
779 4283 795 4308 ,
823 4254 1092 4298 crcantem
1114 4283 1128 4305 ,
1156 4251 1486 4297 recreantem
1511 4280 1528 4306 ,
1560 4242 1878 4305 mittentem,
1906 4256 1997 4294 re-

418 4344 714 4399 vocantem,
741 4334 1087 4403 judicautem,
1118 4332 1428 4387 liberantcm
1456 4348 1470 4396 ;
1501 4333 1638 4388 hanc
1656 4347 1783 4401 ergo
1819 4331 1997 4385 Trini-

417 4434 580 4479 tatem
602 4423 919 4478 ineffabilem
945 4422 1101 4475 simul
1124 4422 1365 4477 novimus
1394 4431 1450 4477 et
1475 4422 1897 4490 inseparabilem.

490 4515 544 4567 5.
572 4514 765 4566 Auxilii
785 4512 940 4565 divini
965 4510 1230 4564 necessitas
1265 4511 1332 4563 ad
1354 4511 1644 4586 solvendum
1664 4510 1850 4563 nodum
1889 4511 1997 4581 dif-

420 4602 678 4672 ficultatis.
727 4600 862 4668 Quid
915 4615 1042 4670 ergo
1094 4599 1342 4669 agimus?
1371 4599 1508 4654 Ecce
1552 4613 1791 4654 seorsum
1850 4602 1999 4655 venit

421 4693 587 4749 Filius
616 4693 668 4747 in
700 4693 913 4747 homine
934 4732 950 4755 ,
983 4707 1223 4747 seorsum
1265 4691 1493 4773 Spiritus
1513 4700 1725 4745 sanctus
1752 4694 1819 4748 de
1861 4695 1999 4749 cmlo

421 4784 699 4842 descendit
726 4786 776 4838 in
809 4785 986 4853 Specie
1012 4782 1311 4848 columbte‘,
1340 4796 1580 4837 seorsum
1606 4796 1707 4835 vox
1739 4782 1907 4837 Patris
1931 4783 2011 4838 de

422 4874 559 4934 emlo
585 4878 779 4938 sonuit,
814 4876 914 4929 llic
940 4885 1011 4930 est
1051 4873 1217 4929 Filius
1246 4891 1401 4928 meus.
1437 4873 1533 4930 Ubi
1562 4884 1644 4927 est
1676 4874 2002 4943 inseparabi-

422 4972 488 5027 lis
515 4969 788 5024 Trinitas?
815 4968 960 5024 Fecit
995 4981 1092 5021 vos
1128 4981 1221 5036 per
1241 4981 1328 5021 me
1362 4966 1501 5020 Dens
1553 4965 1801 5019 intentos.
1840 4963 2000 5018 Orate

424 5076 524 5130 pro
568 5059 755 5122 nobis,
784 5069 836 5113 et
862 5056 1013 5127 quasi
1051 5057 1354 5127 aperientes
1400 5056 1636 5122 sinum‘,
1694 5055 1855 5109 donet
1887 5055 2001 5123 ipse

421 5152 566 5207 unde
606 5150 747 5220 quod
786 5149 1069 5220 aperuistis
1110 5149 1410 5218 impleatur.
1455 5146 1789 5202 Collaborate
1826 5146 1997 5201 nobis.

427 5241 629 5298 Videtis
665 5243 806 5295 cnim
850 5240 972 5308 quid
1009 5240 1401 5309 susceperimus
1436 5254 1452 5303 ;
1483 5253 1589 5292 non
1627 5238 1797 5291 solum
1838 5238 1998 5307 quid,

426 5348 609 5387 verum
635 5331 791 5385 etiam
820 5330 944 5398 qui;
973 5328 1111 5382 unde
1145 5328 1390 5382 volumus
1426 5328 1602 5381 dicere
1624 5366 1641 5391 ,
1675 5327 1763 5381 ubi
1806 5328 2000 5396 positi,

421 5420 697 5489 quomodo
742 5419 894 5488 positi
927 5418 978 5470 in
1022 5430 1247 5485 corpore
1282 5415 1421 5485 quod
1457 5416 1812 5485 corrumpitur
1834 5422 1888 5470 et
1912 5431 2000 5485 ag.

421 5521 610 5581 gravat
638 5510 868 5565 animam
888 5552 901 5572 ,
936 5518 991 5565 et
1014 5507 1261 5578 deprimit
1303 5516 1512 5562 terrena
1541 5507 1853 5563 inhabitatio
1880 5521 2009 5562 scn-

422 5616 544 5656 smn
585 5602 745 5655 multa
788 5603 1103 5672 cogitantem
1145 5599 1296 5672 (δίῳ.
1352 5599 1575 5672 13,15).
1622 5598 1843 5667 Quando
1877 5615 2002 5670 ergo

491 5701 509 5731 ⁸
536 5706 628 5745 δελ
651 5703 781 5758 Mss,
802 5697 983 5763 aperite
1002 5698 1160 5750 sinum
1183 5706 1402 5751 rastrum.

1614 328 1668 384 S.
1711 323 2074 381 AUGUSTI.“
2117 321 2408 378 EPISCOPI

3584 324 3687 380 556

2110 433 2264 487 istum
2308 447 2524 488 sensum
2570 449 2600 487 a
2646 435 2824 489 multis
2869 433 3128 502 extraho,
3160 444 3213 489 ct
3236 435 3300 489 ad
3332 437 3689 491 unuchum

2106 523 2412 578 Trinitatem
2451 525 2855 593 inseparabilem
2899 525 3208 595 colligo,‘nt
3238 526 3433 595 aliquid
3476 525 3686 583 videam

2104 614 2242 683 quod
2275 613 2482 679 dicam;
2505 624 2726 681 putasne
2771 616 2821 668 in
2862 614 2961 669 hoc
3005 630 3229 683 corpore
3257 616 3398 685 quod
3438 626 3691 687 aggravat

2103 704 2354 771 animam,
2385 713 2441 757 nt
2465 705 2659 776 aliquid
2686 706 2834 760 vobis
2859 705 3014 775 digne
3035 705 3241 775 loquar,
3273 715 3457 774 potero
3481 707 3689 777 dicere,

2109 795 2357 860 Quoniam
2382 795 2450 847 ad
2480 805 2543 860 te,
2579 795 2812 861 Domine,
2837 797 3058 850 animam
3082 814 3241 851 meum
3269 798 3427 853 levavi
3462 798 3690 872 (Psalm.

2106 903 2302 953 Lxxxv,
2335 880 2434 957 4f?
2455 887 2683 958 Adjuvet
2711 904 2795 943 mc
2818 930 2833 955 ,
2866 889 3003 944 levet
3026 905 3143 944 eam
3175 905 3405 945 mecum.
3449 891 3579 946 Nam
3608 893 3693 947 iu-

2108 979 2289 1033 lirmns
2309 995 2426 1033 sum
2452 980 2548 1051 illi,
2576 990 2630 1034 et
2652 982 2825 1050 gravis
2843 992 2924 1036 est
2951 983 3102 1036 mihi.
3572 1014 3577 1017 ν

2174 1069 2400 1125 CAPUT
2437 1069 2521 1124 Ill.
2564 1101 2636 1110 —
2662 1073 2716 1126 4.
2750 1071 2919 1141 Opera
2962 1072 3130 1128 Patris
3170 1084 3220 1129 et
3260 1073 3386 1129 Filii
3427 1077 3692 1147 inseparao

2096 1161 2243 1229 Abilia.
2299 1162 2447 1216 Solet
2494 1162 2607 1218 haec
2655 1165 2880 1232 qurestio
2918 1163 2987 1218 ab
3010 1164 3411 1221 stndiosissimis
3434 1167 3693 1225 fratribus

2106 1251 2349 1320 proponi,
2377 1253 2512 1307 solet
2541 1253 2593 1306 in
2622 1263 2915 1307 amatorum
2944 1254 3088 1309 verbi
3114 1255 3204 1310 Dei
3232 1272 3478 1311 sermone
3504 1275 3692 1313 versa-

2105 1343 2170 1405 ri,
2200 1342 2335 1397 solet
2366 1359 2459 1412 pro
2489 1344 2587 1397 hac
2615 1345 2838 1398 multum
2869 1345 3061 1413 pulsari
3085 1346 3149 1399 ad
3173 1346 3355 1409 Deum,
3389 1348 3694 1406 dicentibus

2106 1431 2407 1487 hominibus
2436 1434 2622 1489 :Facit
2669 1437 2862 1505 aliquid
2910 1437 3092 1503 Pater,
3124 1438 3263 1508 quod
3307 1455 3411 1492 non
3443 1440 3565 1495 facit
3594 1441 3690 1496 Fi-

2106 1523 2239 1588 lius;
2278 1533 2368 1578 aut
2404 1524 2525 1577 facit
2553 1525 2747 1596 aliquid
2805 1526 2965 1580 Filius
2988 1526 3128 1596 quod
3171 1544 3276 1583 non
3321 1528 3445 1584 facit
3492 1531 3695 1587 Pater?

2094 1612 2317 1668 interim
2356 1615 2422 1669 de
2457 1615 2610 1670 Patre
2638 1627 2691 1670 et
2737 1617 2868 1671 Filio
2896 1618 3152 1674 dicamus.
3175 1618 3305 1674 Cum
3348 1632 3522 1677 autem
3564 1624 3693 1680 hinc

2104 1706 2401 1775 expedierit
2442 1717 2688 1762 conatum
2732 1721 2968 1764 nostrum
2994 1753 3008 1777 ,
3038 1714 3120 1765 cui
3158 1712 3410 1779 dicimus,
3467 1715 3696 1785 Adjutar

2104 1812 2244 1851 meus
2266 1805 2388 1859 esto,
2414 1814 2474 1851 ne
2499 1798 2813 1869 derelinquas
2836 1817 2912 1853 me
2935 1799 3104 1873 (Psal.
3140 1818 3282 1867 sxw,
3303 1804 3360 1874 9)
3388 1822 3402 1868 ;
3435 1806 3691 1868 intelligi-

2102 1890 2191 1940 tur
2217 1888 2374 1955 etiam
2400 1888 2627 1956 Spiritus
2655 1900 2869 1943 sanctus
2890 1890 2956 1945 ab
2976 1893 3283 1960 operatione
3305 1894 3473 1949 Patris
3490 1905 3545 1950 ct
3567 1896 3692 1952 Filii

2104 1989 2432 2045 nequaquam
2462 1976 2753 2032 discedere.
2779 1979 2853 2033 De
2882 1979 3040 2034 Patre
3060 1995 3185 2051 ergo
3206 1991 3259 2037 et
3283 1982 3439 2050 Filio,
3469 1984 3690 2054 fratres,

2103 2065 2299 2120 audite.
2333 2065 2479 2121 Facit
2502 2067 2698 2137 aliquid
2730 2068 2887 2122 Pater
2912 2070 3026 2126 sine
3054 2070 3227 2126 Filio?
3256 2072 3690 2143 Respondemus,

2097 2155 2238 2211 Non.
2295 2160 2374 2212 An
2424 2159 2713 2214 dubitatis?
2754 2160 2889 2226 Quid
2940 2150 3081 2217 enim
3128 2164 3251 2219 facit
3290 2169 3406 2220 sine
3436 2166 3560 2233 iilo,
3591 2183 3696 2237 per

2098 2258 2259 2318 quem
2288 2251 2418 2303 facta
2444 2258 2565 2304 sunt
2595 2251 2809 2304 omnia?
2839 2252 3022 2306 Omnia
3043 2295 3057 2319 ,
3090 2254 3276 2324 inquit,
3300 2272 3389 2325 per
3408 2258 3573 2327 ipsum
3605 2261 3696 2328 fa-

2103 2349 2180 2393 cta
2204 2350 2338 2393 sunt.
2364 2338 2430 2395 Et
2450 2343 2636 2399 satiate
2664 2344 2934 2400 inculcatis
2956 2346 3117 2400 tardis
3145 2347 3183 2411 ⁸,
3214 2347 3391 2414 duris,
3420 2347 3691 2419 litigiosis,

2102 2429 2321 2495 addidit,
2353 2430 2418 2484 Et
2438 2433 2547 2486 sine
2565 2434 2673 2505 ipso
2699 2438 2885 2505 factum
2908 2446 2981 2489 est
3004 2436 3133 2489 nihil
3158 2435 3333 2508 (Joan.
3364 2454 3400 2502 ι,
3423 2439 3503 2506 5).

2173 2521 2225 2576 5.
2260 2521 2415 2575 Pater
2453 2524 2619 2577 omnia
2660 2541 2750 2593 per
2775 2523 2963 2578 Filium
3006 2536 3052 2579 et
3093 2527 3209 2596 fecit
3269 2536 3318 2581 ct
3359 2530 3503 2597 regit.
3544 2529 3693 2597 Quid

2102 2612 2279 2682 igitur,
2306 2612 2533 2667 fratres?
2566 2613 2750 2669 Omnia
2780 2633 2865 2685 per
2893 2617 3057 2685 ipsum
3095 2621 3397 2688 petasum;
3431 2619 3653 2691 intelligi
3672 2651 3690 2662 -

2104 2719 2217 2758 mus
2251 2706 2428 2774 utique
2457 2707 2750 2761 universam
2781 2716 3077 2762 creaturam
3103 2707 3292 2762 factam
3325 2724 3419 2778 per
3446 2709 3643 2765 Filium
3668 2751 3688 2777 ,

2101 2794 2296 2850 fecisse
2322 2796 2530 2849 Patrem
2561 2811 2652 2866 per
2691 2797 2923 2853 \‘crbnm
2963 2814 3146 2865 suum,
3180 2798 3345 2853 Deum
3379 2814 3476 2870 per
3505 2801 3693 2856 Virtu-
3716 2838 3731 2849 ι

2102 2897 2206 2942 tem
2247 2898 2300 2942 et
2337 2889 2660 2957 Sapientiam
2694 2903 2843 2942 suam
2886 2907 2899 2941 :
2943 2889 3196 2959 numquid
3238 2889 3427 2945 dioturi
3471 2907 3691 2961 sumus,

2100 2978 2288 3032 Omnia
2314 2976 2528 3047 quidem
2552 3021 2566 3043 ,
2594 2977 2807 3047 quando
2833 2986 3009 3032 creata
3051 2986 3192 3043 sunt,
3223 2995 3317 3047 per
3350 2980 3519 3049 ipsum
3545 2981 3691 3034 facta

2101 3076 2243 3133 sunt,
2291 3068 2382 3122 sed
2450 3083 2589 3121 nunc
2636 3070 2933 3121 nonnmnia
2975 3085 3068 3137 per
3102 3069 3270 3139 ipsum
3315 3070 3440 3125 facit
3489 3070 3696 3126 Pater?

2102 3158 2272 3213 Absit.
2295 3157 2531 3212 Rccedat
2552 3158 2666 3212 lucc
2703 3158 2950 3227 cogitatio
2970 3174 3000 3211 a
3023 3159 3253 3213 ﬁdelium
3276 3161 3544 3229 cordibus,
3565 3162 3691 3216 abi-

2101 3258 2254 3319 gatnr
2279 3266 2307 3301 a
2335 3263 2492 3302 sensu
2523 3248 2857 3315 devotornm,
2889 3250 2956 3303 ab
2985 3250 3253 3304 intellectu
3286 3251 3510 3321 piorum.
3534 3252 3685 3308 Fieri

2100 3356 2204 3394 non
2232 3349 2401 3409 potest
2424 3347 2481 3392 ut
2510 3354 2602 3407 per
2637 3340 2806 3408 ipsum
2845 3341 3131 3407 creaverit,
3160 3350 3213 3396 ct
3236 3356 3338 3397 non
3386 3359 3479 3413 per
3505 3344 3688 3413 ipsum

2099 3430 2376 3498 gubernet.
2405 3431 2555 3485 Absit
2581 3440 2634 3484 ut
2659 3433 2773 3485 sine
2800 3432 2912 3501 ipso
2939 3442 3152 3502 regatur
3177 3433 3317 3502 quod
3338 3444 3440 3502 est,
3468 3436 3691 3506 quando

2100 3536 2196 3591 per
2225 3522 2393 3592 ipsum
2422 3523 2616 3575 factum
2644 3532 2725 3577 est
2751 3532 2806 3575 ut
2844 3533 3006 3577 esset.
3039 3523 3145 3578 Sed
3180 3532 3234 3578 et
3253 3523 3353 3579 hoc
3378 3526 3689 3582 testimonio

2098 3613 2382 3683 Scriptura:
2419 3614 2738 3680 doceamus,
2769 3629 2872 3669 non
2911 3615 3084 3669 stilum
3121 3632 3216 3687 per
3242 3617 3414 3687 ipsum
3462 3617 3596 3673 facta
3623 3631 3690 3676 et

2098 3713 2277 3759 creata
2304 3705 2503 3771 omnia,
2526 3706 2661 3763 sicut
2697 3720 2759 3759 ex
2801 3705 3082 3776 Evangelio
3120 3710 3685 3775 commemoravimus.

2103 3793 2287 3848 Omnia
2333 3811 2422 3865 per
2451 3795 2618 3864 ipsum
2664 3798 2799 3865 facta
2830 3806 2968 3862 sunt,
3000 3806 3046 3849 ct
3083 3797 3188 3850 sine
3223 3798 3334 3866 ipso
3372 3800 3558 3871 factum
3606 3811 3687 3854 est

2099 3887 2227 3940 nihil
2250 3901 2269 3939 :
2294 3884 2388 3940 sed
2409 3901 2504 3956 per
2534 3886 2703 3955 ipsum
2731 3888 2889 3941 etiam
2928 3888 3035 3959 regi
3062 3898 3115 3943 et
3151 3889 3360 3959 disponi
3390 3907 3506 3962 qua:
3536 3891 3682 3949 facta

2099 3986 2242 4031 sunt.
2271 3977 2570 4047 Agnuscitis
2613 3992 2740 4047 ergo
2765 3974 3032 4033 Christum
3071 3979 3160 4034 Dei
3190 3979 3449 4038 Virtutem
3487 3991 3542 4039 et
3582 3983 3684 4041 Dei

2099 4066 2420 4131 Sapientiam
2447 4084 2460 4120 :
2504 4067 2777 4136 agnoscite
2804 4064 3002 4122 dictum
3019 4078 3073 4123 et
3097 4069 3164 4124 de
3190 4068 3477 4140 Sapientia,
3509 4074 3687 4129 Attin-

2099 4159 2170 4228 git
2191 4175 2223 4210 a
2243 4157 2344 4225 [ine
2370 4170 2527 4227 usque
2550 4157 2619 4210 ad
2642 4158 2793 4226 liuent
2810 4158 3005 4226 fortiter
3020 4200 3035 4225 ,
3058 4168 3103 4213 et
3124 4160 3346 4230 disponit
3366 4164 3533 4216 omnia
3556 4181 3686 4218 sua-

2100 4249 2224 4302 riter
2263 4248 2417 4319 (δαν.
2455 4263 2583 4314 vut,
2615 4249 2686 4318 l).
2713 4247 2830 4303 Non
2875 4263 3001 4320 ergo
3041 4249 3342 4306 dubitemus
3386 4268 3481 4323 per
3507 4254 3684 4323 ipsum

2102 4339 2211 4409 regi
2234 4338 2429 4402 omnia,
2462 4354 2555 4405 per
2579 4355 2735 4409 quem
2775 4338 2910 4394 facta
2943 4349 3067 4395 sunt
3093 4342 3288 4396 omnia.
3320 4343 3459 4399 Nihil
3501 4347 3687 4417 itaque

2100 4428 2258 4483 Pater
2284 4430 2397 4483 sine
2420 4429 2575 4494 Filio,
2607 4430 2733 4482 nihil
2766 4430 2932 4486 Filius
2957 4432 3072 4486 sine
3102 4432 3256 4488 Patre
3285 4432 3424 4489 facit.

2173 4523 2225 4575 6.
2258 4521 2547 4594 Difﬁcultas
2583 4539 2600 4577 :
2637 4540 2702 4576 an
2726 4521 2850 4577 Filii
2885 4525 3113 4578 nativitas
3150 4535 3197 4579 et
3232 4528 3400 4596 passio
3436 4530 3499 4582 sit
3529 4532 3685 4585 client

2108 4611 2294 4667 Patris.
2360 4612 2856 4684 Patripussianorum
2918 4615 3137 4670 Itwresis.
3197 4615 3438 4673 Occurrit
3506 4623 3689 4691 itaque

2102 4706 2358 4777 quaestio,
2387 4721 2543 4775 quam
2589 4707 2640 4759 in
2683 4707 2896 4760 nomine
2932 4707 3139 4761 Domini
3177 4715 3232 4761 ct
3267 4708 3379 4777 ejus
3408 4711 3687 4768 voluntate

2104 4788 2409 4853 solvendam
2431 4799 2782 4867 suscepimus.
2810 4799 2864 4853 Si
2887 4798 3016 4853 nihil
3043 4799 3167 4853 facit
3191 4799 3351 4856 Pater
3368 4803 3482 4858 sine
3509 4801 3644 4857 Filio
3664 4845 3683 4868 ,

2105 4901 2158 4943 ct
2186 4889 2311 4943 nihil
2356 4888 2520 4942 Filius
2568 4888 2682 4942 sine
2722 4888 3306 4958 Patre;nonne-quasi
3345 4906 3685 4961 consequens

2105 4983 2207 5033 crit
2250 4990 2303 5032 ut
2340 4988 2393 5032 et
2429 4978 2638 5032 Patrem
2666 4977 2905 5032 dicamus
2943 4987 3120 5032 natum
3157 4980 3222 5034 de
3252 4981 3456 5053 virgine
3496 4981 3681 5049 Maria,

2105 5070 2314 5124 Patrem
2364 5083 2573 5137 passum
2630 5069 2728 5122 sub
2781 5068 2969 5122 Pontio
3023 5069 3223 5135 Pilato,
3254 5070 3461 5126 Patrem
3506 5086 3685 5127 resur-

2109 5160 2309 5213 rexisse
2336 5167 2389 5211 ct
2418 5158 2467 5210 in
2490 5158 2681 5212 C(Blum
2712 5158 3015 5214 ascendisse
3035 5159 3060 5211 ἳ
3080 5160 3248 5213 Absit.
3277 5160 3391 5215 Non
3422 5160 3522 5217 hoc
3549 5163 3683 5217 dici-

2108 5269 2246 5315 mus,
2278 5252 2399 5321 quia
2449 5266 2552 5302 non
2603 5249 2703 5303 hoc
2741 5249 3025 5304 credimus.
3069 5248 3276 5305 Credidi
3314 5254 3453 5307 enim
3478 5264 3682 5322 propter

2107 5344 2240 5413 quod
2264 5343 2458 5396 locutus
2481 5357 2593 5394 sum
2618 5357 2636 5394 :
2662 5351 2707 5394 et
2733 5358 2823 5394 nos
2862 5342 3109 5397 credimus
3148 5353 3350 5414 prapter
3381 5344 3515 5413 quod
3534 5353 3579 5396 et
3606 5345 3681 5397 loc

2108 5434 2306 5505 quintur
2327 5431 2495 5503 (Psal.
2516 5448 2637 5496 cxv,
2674 5431 2759 5495 i0,
2783 5441 2830 5484 ct
2867 5430 2910 5485 ll
2936 5430 3052 5486 Cor.
3080 5447 3156 5495 tv,
3192 5434 3300 5504 t5).
3331 5433 3466 5501 Quid
3505 5444 3589 5488 est
3627 5434 3678 5485 in

2112 5526 2211 5580 lide
2228 5522 2342 5596 (a)?
2367 5524 2498 5591 Quia
2522 5521 2686 5576 Filius
2712 5522 2778 5577 de
2803 5522 3013 5594 Virgine
3058 5533 3209 5577 natus
3238 5534 3348 5581 est.
3378 5540 3479 5579 non
3505 5525 3675 5579 Pater.

2176 5640 2193 5708 ξ
2213 5645 2401 5708 ompes
2412 5648 2562 5708 prope
2584 5642 2789 5708 usam}?
2808 5636 3075 5689 societatem
3098 5637 3340 5690 itmtlcans
3362 5636 3539 5689 tardis.

2173 5699 2245 5761 (α)
2264 5699 2311 5747 td
2335 5695 2797 5760 cst,sy1‘nboloﬁdei.
2832 5730 2837 5733 -
