3938 6186
249 310 348 371 337

252 423 380 494 Quid
428 429 511 476 est
558 418 611 473 in
656 417 800 473 fide?
829 414 957 484 Quia
1003 413 1165 468 Filius
1194 428 1379 481 passus
1431 416 1509 465 est
1554 411 1652 465 sub
1698 411 1834 465 Pon-

255 518 325 571 tio
361 513 568 573 Pilato,
624 518 680 563 et
730 516 988 570 mortuus,
1014 520 1120 559 non
1177 503 1350 558 Pater.
1402 503 1611 557 Excidit
1658 500 1832 565 nobis,

251 603 502 675 quosdam
549 599 692 654 male
750 597 1107 666 intelligentcs
1148 594 1326 648 vocari
1376 592 1830 662 l’ulripassianos,

250 697 334 767 qui
372 694 561 749 dicunt
610 692 788 764 ipsum
832 689 1044 743 Patrem
1081 694 1262 739 natum
1307 699 1372 739 ex
1413 683 1629 751 femina,
1662 684 1831 751 ipsum

251 788 456 842 Patrem
496 799 750 855 passum,
784 782 955 850 ipsum
999 793 1120 834 esse
1155 778 1366 833 Patrem
1415 778 1501 847 qui
1532 786 1615 832 est
1647 776 1829 841 Filius,

228 880 349 949 duo
375 894 498 933 esse
535 876 753 931 nomina
771 916 784 939 ,
814 891 919 928 non
943 888 1029 929 res
1048 872 1203 929 duas.
1236 873 1300 926 Et
1322 873 1544 926 removit
1572 872 1703 925 istos
1732 872 1831 924 Ec-

228 952 405 1028 lclesia
430 968 690 1037 catholica
718 986 746 1021 a
768 966 1142 1023 communione
1165 976 1490 1030 sanctorum,
1516 980 1579 1017 ne
1600 964 1829 1033 aliquem

250 1065 573 1132 deciperent,
599 1070 653 1114 ut
680 1057 912 1127 separati
941 1057 1225 1127 litigarem.

314 1156 363 1207 7.
414 1152 742 1224 υἱαῖαιιταιίδ
795 1149 975 1202 nodus.
1028 1146 1356 1202 Revocemus
1430 1159 1557 1215 ergo
1600 1142 1830 1199 difficul-

250 1256 404 1300 tatem
433 1242 745 1314 quzcstiouis
767 1241 1012 1296 sensibus
1042 1239 1249 1293 vestris.
1277 1238 1425 1292 Dicat
1450 1237 1640 1305 aliquis
1663 1235 1825 1288 mihi:

248 1337 318 1391 Tu
348 1335 554 1399 dixisti,
586 1334 714 1389 nihil
744 1333 957 1386 Patrem
990 1329 1163 1387 facere
1190 1330 1303 1384 sine
1333 1327 1467 1382 Filio
1488 1369 1501 1391 ,
1536 1341 1705 1395 neque
1736 1325 1827 1379 Fi-

247 1429 364 1482 lium
406 1428 526 1481 sine
553 1426 746 1486 Patre;
779 1432 833 1477 et
871 1420 1170 1476 testimonia
1221 1419 1288 1474 de
1336 1418 1629 1486 Scripturis
1672 1416 1828 1469 adlui-

247 1518 424 1582 lmisti,
456 1515 589 1568 nihil
621 1513 798 1567 facere
828 1513 1039 1565 Patrem
1066 1511 1183 1564 sine
1205 1508 1359 1571 Filio,
1390 1508 1509 1577 quia
1535 1508 1708 1558 omnia
1738 1520 1831 1572 per

246 1611 412 1675 ipsum
446 1606 583 1660 facta
630 1612 784 1665 sunt;
818 1618 916 1656 nec
956 1600 1096 1670 quod
1135 1599 1329 1653 faetum
1359 1608 1442 1653 est
1471 1598 1578 1667 regi
1606 1597 1718 1651 sine
1743 1595 1828 1649 Fi-

246 1702 338 1763 lio,
367 1699 495 1767 quia
536 1697 649 1767 ipse
689 1704 772 1750 est
814 1692 1079 1761 Sapientia
1122 1690 1321 1754 Patris,
1351 1690 1617 1757 attingens
1652 1704 1679 1739 a
1723 1685 1826 1740 line

250 1805 414 1857 usque
437 1787 503 1841 ad
541 1787 695 1840 linem
718 1783 943 1847 fortiter,
972 1792 1024 1837 et
1048 1782 1334 1849 disponens
1373 1781 1546 1834 omnia
1574 1781 1821 1832 suaviter.

244 1878 390 1932 lliqu
445 1875 576 1929 mihi
619 1875 750 1929 dicis
801 1876 948 1943 quasi
1003 1881 1191 1926 contra
1235 1880 1284 1925 te
1333 1871 1501 1938 ipsum
1559 1869 1820 1939 loquens:

244 1971 402 2024 Filius
423 1976 583 2022 natus
611 1975 693 2021 est
726 1966 791 2019 de
826 1966 1044 2034 virgine,
1078 1978 1183 2016 non
1232 1961 1415 2024 Pater;
1446 1960 1609 2014 Filius
1640 1975 1825 2030 passus

243 2072 331 2125 est,
388 2075 498 2113 non
540 2057 737 2121 Pater;
776 2055 946 2110 Filius
983 2061 1306 2120 resurrexrt,
1337 2067 1442 2107 non
1471 2054 1645 2108 Pater.
1686 2053 1825 2108 Ecce

243 2162 392 2207 teneo
422 2149 621 2220 aliquid
642 2150 813 2203 facere
843 2146 1056 2211 Filium,
1084 2144 1226 2215 quod
1247 2160 1350 2198 tton
1372 2142 1498 2199 fztcit
1523 2145 1696 2199 Pater.
1723 2146 1827 2198 Aut

245 2257 360 2313 ergo
385 2241 671 2304 confitere,
701 2239 873 2293 facere
906 2235 1103 2307 aliquid
1139 2235 1334 2291 Filium
1352 2235 1468 2289 sine
1499 2234 1685 2296 Patre;
1732 2244 1825 2289 aut

245 2334 494 2387 conﬁtere
539 2331 700 2385 etiam
754 2331 963 2384 Patrem
1012 2336 1218 2390 natum,
1251 2342 1488 2396 passum,
1526 2336 1821 2390 mortuum,

245 2423 618 2478 rcsurrexisse.
653 2422 759 2477 Aut
785 2420 934 2484 illud,
959 2429 1049 2474 aut
1071 2419 1198 2474 illud
1228 2418 1315 2473 die
1347 2436 1359 2470 :
1393 2418 1532 2488 elige
1564 2434 1725 2471 unum
1753 2418 1826 2473 de

244 2515 464 2570 duolms.
501 2514 616 2582 Ego
642 2522 888 2566 neutrum
919 2511 1056 2581 eligo
1074 2552 1090 2577 ,
1118 2525 1215 2564 nec
1236 2510 1359 2575 hoc,
1389 2523 1489 2563 nec
1518 2509 1649 2562 illud
1680 2510 1820 2563 dion.

241 2604 337 2660 Nec
366 2602 572 2675 aliquid
592 2602 767 2657 facere
795 2602 984 2656 Filium
1022 2602 1137 2654 sine
1162 2601 1320 2655 Patre
1348 2599 1499 2664 dico;
1530 2601 1649 2669 quia
1676 2617 1824 2654 mcu-

244 2696 365 2761 tior,
397 2697 441 2750 si
504 2696 606 2748 hoc
649 2693 838 2748 dixero
868 2711 880 2745 :
914 2707 1012 2747 nec
1051 2692 1264 2747 Patrem
1313 2699 1517 2757 natum,
1581 2707 1817 2759 passum,

244 2798 528 2852 niortuum,
554 2783 915 2839 resurresisse
952 2782 1072 2837 dico
1101 2799 1115 2848 ;
1146 2784 1265 2853 quia
1295 2782 1639 2837 nihilominus
1672 2798 1821 2837 men—

242 2879 348 2942 tior,
373 2878 417 2931 si
442 2879 546 2931 hoc
576 2876 788 2931 dixero.
814 2874 1115 2943 Quomodo,
1144 2874 1333 2944 inquit,
1363 2872 1714 2945 explieaberis
1754 2875 1821 2930 ait

242 2970 311 3025 his
327 2970 591 3039 angustiis
612 2970 636 3022 3

297 3058 528 3116 CAPUT
567 3059 656 3113 IV.
683 3088 756 3098 —-
775 3064 827 3113 8.
863 3057 987 3112 Filii
1004 3058 1160 3111 solius
1181 3066 1251 3111 est
1277 3059 1508 3110 nativitas
1528 3074 1591 3111 ea:
1610 3059 1816 3128 virgine,

242 3150 476 3219 sedfacta
497 3158 574 3202 est
604 3165 635 3200 a
691 3147 848 3201 Patre
883 3158 927 3200 et
976 3146 1133 3200 Filio.
1182 3146 1360 3200 Placet
1410 3146 1558 3201 vobis
1597 3150 1818 3218 qttmstio

241 3242 543 3309 proposita:
580 3239 725 3294 Deus
771 3238 1001 3307 adjuvet,
1028 3247 1081 3291 ιιι
1122 3236 1326 3307 placeat
1351 3246 1405 3292 et
1444 3240 1636 3292 soluta.
1678 3240 1818 3295 Ecce

241 3333 362 3402 quod
385 3333 534 3395 dico,
564 3341 627 3385 ut
651 3332 855 3395 liberet
885 3341 937 3386 et
963 3346 1049 3385 me
1073 3340 1128 3385 et
1157 3345 1268 3384 vos.
1317 3330 1371 3384 ln
1417 3347 1517 3385 una
1547 3333 1686 3387 enim
1717 3333 1818 3389 fide

239 3432 423 3476 stamus
452 3424 508 3475 in
549 3424 769 3475 nomine
802 3421 1033 3488 Christi,
1061 3429 1115 3475 et
1143 3422 1194 3474 in
1238 3436 1341 3475 una
1377 3421 1537 3476 dumo
1578 3423 1677 3477 sub
1712 3438 1817 3477 uno

239 3513 449 3569 Donrino
479 3516 731 3579 vivimus,
764 3523 818 3568 et
847 3516 898 3568 in
943 3528 1048 3568 uno
1075 3529 1298 3583 corpore
1324 3515 1562 3569 membra
1588 3516 1687 3571 sub
1712 3529 1817 3569 uno

237 3608 394 3677 capite
413 3623 626 3672 sumus,
651 3617 707 3660 et
740 3621 845 3660 uno
864 3606 1052 3676 spiritu
1094 3615 1417 3676 vegetamur.
1458 3605 1527 3661 Ut
1565 3621 1691 3676 ergo
1715 3606 1819 3660 Do-

240 3699 399 3754 minus
422 3700 496 3752 ab
519 3698 605 3752 his
633 3697 891 3767 angustiis
917 3695 1304 3752 molestissima:
1347 3695 1652 3766 quaestionis
1681 3695 1813 3751 Iibe-

238 3800 328 3852 ret,
356 3798 404 3843 et
436 3803 523 3843 me
561 3787 653 3857 qui
698 3788 887 3856 loquor
908 3827 922 3850 ,
955 3796 1009 3841 et
1034 3800 1129 3840 vos
1152 3785 1242 3854 qui
1267 3784 1462 3839 auditis
1483 3826 1499 3850 ,
1526 3784 1630 3838 hoc
1655 3784 1772 3839 dico
1796 3802 1810 3839 :

239 3878 389 3942 Fdios
417 3877 637 3948 quidem
661 3919 677 3942 ,
701 3891 806 3930 non
835 3876 990 3931 Pater
1009 3918 1023 3940 ,
1052 3884 1210 3929 natus
1237 3885 1318 3930 est
1346 3875 1412 3929 de
1457 3875 1661 3945 virgine
1702 3875 1813 3930 Ma-

238 3972 341 4032 ria;
372 3972 467 4027 sed
496 3971 665 4041 ipsam
712 3968 1038 4022 nativitatem
1072 3966 1223 4031 Filii,
1254 3983 1361 4022 non
1389 3967 1579 4034 Patris,
1604 3967 1671 4022 de
1701 3967 1812 4022 vir-

234 4062 346 4129 gine
373 4060 570 4125 “aria,
602 4069 658 4114 et
680 4059 838 4114 Pater
880 4065 936 4113 et
966 4057 1132 4112 Fdius
1168 4065 1416 4127 operatus
1439 4066 1541 4113 est.
1573 4056 1685 4111 Non
1730 4067 1814 4113 est

235 4152 439 4219 quidem
486 4166 677 4221 passus
702 4149 861 4204 Pater
882 4189 898 4215 ,
927 4147 1019 4203 sed
1048 4147 1214 4202 Filius
1242 4163 1257 4201 :
1283 4148 1581 4218 passionem
1633 4157 1809 4203 tamen

238 4242 344 4299 t-‘ilii
385 4255 443 4299 et
484 4244 644 4298 Pater
672 4251 727 4298 et
756 4242 918 4296 Filius
953 4249 1204 4311 operatus
1243 4251 1344 4297 est.
1373 4241 1485 4297 Non
1525 4244 1813 4300 resurrexit

236 4334 401 4401 Pater,
434 4334 533 4390 sed
557 4334 726 4389 Filius
754 4351 768 4387 :
796 4333 1245 4389 resurrectionem
1288 4343 1463 4387 tamen
1486 4333 1605 4387 Filii
1630 4342 1684 4387 et
1714 4334 1813 4389 Pa-

237 4434 309 4479 ter
324 4436 378 4481 et
399 4425 571 4480 Filius
600 4432 851 4494 operatus
875 4434 976 4478 est.
1019 4423 1095 4478 De
1117 4424 1408 4494 quaestione
1443 4424 1543 4478 ista
1570 4423 1812 4480 videmur

229 4515 329 4586 jam
348 4517 585 4587 expediti
609 4534 625 4583 ;
656 4516 750 4572 sed
776 4516 911 4572 forte
948 4516 1123 4571 verbis
1148 4517 1281 4571 meis
1299 4558 1314 4580 ,
1343 4517 1615 4572 videamus
1650 4518 1807 4573 etiam

235 4620 401 4664 utrum
430 4610 609 4665 verbis
627 4608 839 4665 divinis.
872 4608 1109 4664 Pertinet
1143 4623 1270 4679 ergo
1297 4608 1363 4663 ad
1386 4625 1472 4664 me
1502 4618 1808 4666 sanctorum

235 4698 508 4755 labrorum
540 4699 859 4755 testimoniis
897 4699 1298 4767 demonstrare,
1331 4701 1657 4767 nativitatem
1689 4702 1807 4756 Filii

231 4800 281 4842 rt
308 4790 520 4845 Patrem
555 4801 833 4859 operatum
871 4800 923 4846 et
961 4790 1188 4856 Filium;
1236 4793 1304 4845 ita
1347 4793 1686 4862 passionem;
1736 4795 1807 4849 ita

232 4883 671 4938 resurrectionem
706 4900 719 4935 :
754 4894 811 4936 ut
851 4897 973 4937 cum
1008 4882 1129 4936 Filii
1158 4891 1359 4936 tantum
1385 4884 1454 4937 sit
1480 4892 1533 4938 et
1560 4885 1807 4940 nativitas

230 4980 280 5024 et
296 4973 477 5042 passio
500 4984 551 5027 et
581 4973 938 5039 resurrectio;
968 4974 1082 5029 lucc
1124 4982 1299 5029 tamen
1342 4975 1439 5029 tria
1464 4991 1583 5046 qua:
1616 4976 1682 5031 ad
1720 4977 1807 5032 Fi-

231 5062 350 5115 lium
372 5063 546 5119 solum
568 5065 861 5133 pertinent,
886 5079 985 5118 nec
1008 5079 1038 5117 a
1064 5063 1218 5118 Patre
1243 5064 1359 5119 solo
1385 5064 1519 5121 faeta
1551 5066 1677 5131 sint,
1704 5083 1803 5123 nec

228 5167 256 5203 a
296 5155 413 5208 solo
452 5154 587 5209 Filio
610 5196 625 5221 ,
650 5155 747 5210 sed
779 5170 808 5208 a
849 5155 1008 5210 Patre
1035 5156 1214 5226 utique
1239 5166 1293 5211 et
1331 5156 1482 5211 Filio.
1508 5158 1803 5214 Probemus

232 5244 465 5316 singula,
495 5247 704 5318 judices
736 5245 965 5320 auditis,
993 5261 1148 5300 causa
1185 5250 1455 5317 preposita
1484 5258 1595 5315 est,
1643 5260 1806 5305 testes

229 5336 533 5405 procedant.
564 5339 717 5394 Dicat
745 5337 873 5391 mihi
892 5337 1148 5407 judicium
1196 5348 1424 5394 vestrum
1452 5382 1465 5406 ,
1497 5342 1639 5410 quod
1671 5342 1807 5397 solet

227 5441 414 5483 causas
448 5432 726 5501 agentibus
744 5431 850 5487 dici
878 5448 891 5484 :
921 5431 1062 5487 Doce
1104 5432 1241 5502 quod
1267 5435 1533 5503 promittis
1575 5434 1672 5505 (a).
1701 5435 1805 5490 Do-

229 5532 323 5574 eeo
339 5520 502 5591 plane
518 5522 804 5594 adjuvante
829 5522 1056 5580 Domino
1074 5564 1089 5590 ,
1117 5532 1174 5580 et
1200 5525 1431 5580 caelestis
1466 5525 1602 5596 juris
1640 5529 1812 5585 recito

284 5652 359 5743 is)
374 5654 675 5743 Ecl-used
694 5666 829 5707 oram
850 5656 926 5707 sui
949 5655 1059 5706 libri
1081 5660 1325 5710 annotavit
1366 5658 1649 5743 legendum,
1683 5671 1810 5716 Doce

228 5718 570 5782 Μηνυκίου

1734 295 1964 355 SERMO
2004 300 2089 355 Lll
2101 341 2114 355 .

3423 325 3557 383 558'

1946 408 2245 466 lectionem.
2290 413 2492 472 intente
2525 420 2745 477 audistis
2782 428 3164 494 prominentem
3184 470 3197 493 ,
3230 432 3408 487 audite
3441 432 3527 489 ita-

1945 502 2140 555 lentius
2157 504 2265 570 jam
2291 507 2627 574 probantem.

2012 592 2063 647 9.
2108 591 2232 646 Filii
2261 598 2565 653 nativitatem
2587 617 2692 655 esse
2710 603 2898 671 [actam
2920 624 2952 659 a
2977 607 3148 663 Patre.
3180 610 3374 667 Paulus
3384 615 3526 685 juris

1940 684 2095 739 divini
2140 690 2419 746 consultus.
2482 695 2554 749 De
2596 697 2791 754 Christi
2847 703 3120 778 nativitate
3163 706 3291 761 mihi
3348 684 3521 778 primo

1938 775 2231 869 docendum
2258 792 2360 847 est,
2390 788 2804 869 quomodo.eam
2837 801 2891 846 et
2930 774 3086 849 Pater
3113 797 3324 864 fecerit,
3348 774 3400 856 et
3431 801 3520 856 Fi-

1938 867 2037 922 lius
2066 867 2269 938 fecerit,
2295 878 2537 942 quamvis
2558 867 2766 934 nonnisi
2785 883 2849 935 ad
2873 883 3062 939 Filium
3088 890 3346 957 pertineat
3375 894 3518 962 quod

1938 959 2060 1013 fecit
2089 961 2247 1018 Pater
2287 974 2341 1020 et
2370 967 2554 1022 Filius.
2603 970 2820 1026 Paulum
2867 976 3065 1040 recito,
3099 979 3346 1036 idoneum
3383 959 3520 1052 juris

1934 1052 2097 1107 divini
2126 1058 2445 1115 consultum.
2474 1061 2601 1115 Nam
2622 1073 2675 1118 et
2696 1066 2947 1121 causidici
2979 1069 3169 1125 habent
3198 1073 3355 1129 hodie
3378 1076 3516 1130 Pau-

1936 1143 2042 1197 lum
2074 1145 2357 1203 dictantent
2383 1152 2499 1221 jura
2549 1155 2898 1224 litigatorum,
2927 1177 3031 1215 non
3070 1163 3513 1224 Cltrisuanorum.

1935 1232 2140 1301 Recito,
2190 1238 2423 1308 inquam,
2467 1243 2683 1298 Paulum
2722 1247 3011 1305 dictantem
3050 1256 3193 1322 pacis
3225 1256 3364 1325 jura.
3411 1274 3517 1313 non

1934 1324 2060 1416 litis.
2087 1325 2341 1385 Ostendat
2367 1333 2518 1388 nobis
2543 1347 2756 1392 sanctus
2794 1341 3097 1410 Apostolus,
3130 1324 3396 1416 quomodo
3422 1366 3516 1403 ua-

1936 1415 2186 1472 tivitatem
2236 1420 2349 1475 Filii
2392 1424 2548 1478 Pater
2586 1439 2837 1497 oneratus
2882 1433 2967 1508 sit.
2998 1433 3122 1489 Cum
3150 1415 3321 1492 autem
3360 1443 3513 1505 venit,

1932 1506 2119 1576 inquit,
2151 1510 2407 1579 plenitudo
2431 1521 2686 1585 temporis,
2719 1522 2853 1575 misit
2884 1506 3021 1578 Deus
3048 1524 3240 1581 Filium
3266 1548 3411 1582 suum
3438 1536 3516 1601 [in

1931 1606 2063 1650 ctum
2085 1615 2146 1652 ea:
2169 1602 2395 1669 muliere,
2418 1607 2605 1676 fectant
2626 1615 2714 1662 sub
2749 1610 2879 1682 Lege
2902 1657 2916 1677 ,
2946 1626 2998 1668 ut
3017 1632 3101 1671 eos
3143 1620 3228 1686 qui
3267 1621 3357 1673 sub
3387 1621 3519 1688 Lege

1931 1699 2073 1741 erant
2098 1691 2356 1746 redimeret
2383 1694 2575 1765 (Galat.
2594 1715 2664 1761 tv,
2687 1702 2779 1754 let
2801 1704 2874 1771 5).
2906 1706 3161 1774 Audistis,
3189 1719 3243 1762 et
3260 1711 3380 1779 quia
3406 1713 3515 1780 pli-

1932 1794 2054 1831 uum
2099 1789 2152 1833 et
2193 1792 2431 1850 apertum
2473 1795 2587 1854 est,
2620 1789 2973 1846 intellexistis.
3017 1797 3154 1852 Ecce
3186 1799 3341 1852 Pater
3391 1803 3512 1855 fecit

1929 1867 2119 1922 Filium
2149 1873 2290 1926 nasci
2316 1874 2382 1928 de
2410 1876 2626 1945 virgine.
2657 1880 2785 1934 Cum
2813 1884 2955 1937 enim
2980 1887 3215 1943 venisset
3238 1890 3516 1957 plenitudo

1931 1963 2203 2030 temporis,
2231 1967 2363 2018 misit
2392 1966 2528 2023 Deus
2544 1969 2593 2022 F
2593 1972 2734 2024 ilium
2761 1990 2928 2043 suum,
2960 1980 3140 2049 utique
3166 1982 3323 2036 Pater
3362 1984 3515 2038 Chri-

1928 2058 2087 2104 stum.
2113 2055 2392 2120 Quomodo
2420 2073 2542 2114 eum
2566 2061 2707 2115 misit
2723 2063 2746 2116 ’ἱ
2760 2062 2974 2119 Factum
2996 2084 3059 2121 ea:
3073 2071 3298 2136 muliere,
3320 2059 3514 2141 factum

1927 2141 2017 2194 sub
2040 2141 2188 2212 Lege.
2224 2144 2371 2200 Fecit
2399 2163 2526 2217 ergo
2548 2166 2668 2204 eum
2703 2152 2858 2207 Pater
2886 2171 2951 2208 ex
2982 2159 3201 2213 muliere
3222 2163 3321 2216 sub
3350 2163 3510 2233 Lege.

1999 2233 2085 2289 10.
2126 2234 2292 2291 Locus
2323 2239 2550 2306 Apostoli
2592 2258 2689 2311 quo
2720 2245 2905 2298 dicitur
2944 2246 3172 2303 Christus
3200 2252 3264 2305 de
3306 2257 3515 2310 muliere

1928 2337 2096 2379 natus.
2147 2330 2226 2382 An
2277 2331 2409 2386 forte
2461 2334 2560 2388 hoc
2613 2346 2805 2403 movet,
2850 2339 2973 2408 quia
3023 2340 3089 2395 de
3139 2346 3340 2412 virgine
3365 2347 3507 2409 disi,

1927 2428 1981 2473 et
2002 2420 2199 2476 Paulus
2225 2421 2354 2477 dicit
2382 2441 2444 2478 ex
2471 2427 2720 2496 muliere?
2741 2429 2855 2484 Non
2881 2444 3108 2499 moveat,
3138 2451 3241 2490 nou
3271 2438 3512 2493 immore-

1928 2526 2083 2565 mur:
2123 2529 2295 2583 neque
2329 2515 2469 2570 enim
2516 2517 2737 2573 rudibus
2781 2521 2989 2590 loquor.
3034 2524 3325 2596 Utrumque
3369 2527 3514 2585 Safi-

1928 2611 2079 2671 ptura
2106 2604 2254 2669 dicit,
2285 2614 2340 2660 et
2369 2623 2431 2661 ex
2481 2609 2716 2679 virgine,
2749 2621 2803 2665 ct
2860 2630 2923 2668 ex
2989 2618 3231 2673 muliere.
3278 2619 3355 2674 Ex
3400 2623 3505 2674 vir-

1925 2696 2047 2764 gine
2085 2698 2386 2766 quomodo?
2432 2699 2561 2753 Ecce
2588 2698 2725 2772 uirgo
2756 2704 2807 2757 in
2845 2716 2986 2759 utero
3010 2708 3230 2777 accipet,
3267 2722 3315 2764 et
3346 2714 3507 2781 pariet

1928 2784 2119 2839 Filium
2145 2786 2301 2858 (Isai.
2329 2804 2423 2855 vtt,
2454 2791 2566 2862 14).
2608 2791 2685 2846 Ex
2733 2795 2959 2851 muliere
2987 2808 3163 2852 autem
3184 2840 3199 2864 ,
3237 2800 3375 2855 sicut
3412 2817 3495 2855 att-

1924 2876 2076 2932 distis
2102 2896 2114 2933 :
2151 2895 2256 2932 non
2285 2890 2366 2935 est
2392 2884 2739 2938 contrarium.
2782 2886 3087 2955 Proprietas
3116 2890 3259 2944 enim
3287 2891 3513 2947 locutio-

1926 2970 2006 3022 nis
2037 2970 2262 3026 hebraeae
2303 2973 2575 3042 mulieres,
2614 2992 2719 3030 non
2755 2988 3033 3048 corruptas
3063 2980 3382 3051 virginitate,
3413 2984 3508 3038 sed

1886 3112 1889 3115 .
1925 3059 2147 3116 feminas
2175 3064 2429 3132 appellat.
2449 3064 2626 3120 Habes
2649 3068 2950 3123 evidentem
2976 3070 3303 3141 Seripturam
3334 3072 3508 3129 Gene-

1922 3165 2063 3214 Scos,
2094 3154 2304 3222 quando
2330 3155 2441 3223 ipsa
2472 3156 2643 3224 primo
2667 3157 2773 3211 Eva
2802 3157 2942 3215 facta
2964 3171 3045 3215 est
3071 3180 3083 3214 :
3117 3162 3373 3217 Formaoit
3397 3181 3511 3218 eain

1922 3243 1973 3297 in
2005 3246 2263 3298 mulierem
2289 3245 2440 3315 (Gen.
2468 3258 2528 3310 tt,
2555 3248 2626 3301 2‘2
2646 3249 2687 3318 ).
2732 3249 2864 3304 Dicit
2898 3252 3057 3306 etiam
3088 3254 3192 3307 alio
3219 3254 3337 3310 loco
3365 3255 3507 3312 Scri-

1922 3344 2092 3402 ptura,
2107 3335 2292 3404 jubere.
2318 3337 2480 3390 Deum
2500 3341 2731 3407 separari
2751 3341 3022 3405 mulieres,
3044 3357 3163 3411 qua:
3183 3358 3287 3398 non
3311 3360 3510 3415 cogno-

1921 3435 2109 3478 Veruut
2137 3425 2310 3479 cubile
2340 3426 2435 3480 viri
2479 3426 2683 3498 (Num.
2719 3445 2845 3483 xm
2869 3472 2883 3493 ,
2916 3433 3003 3497 l7,
3051 3433 3148 3496 l8,
3183 3444 3230 3486 et
3257 3433 3502 3488 Iudicum

1923 3531 2035 3581 XXI,
2072 3516 2129 3569 ll
2157 3519 2200 3585 ).
2231 3516 2342 3570 lloc
2378 3532 2508 3587 ergo
2543 3518 2653 3588 jam
2683 3529 2864 3574 notum
2898 3536 3020 3576 esse
3047 3522 3236 3588 debet;
3280 3540 3379 3580 nec
3421 3535 3503 3581 te-

1920 3617 2043 3661 neat
2069 3620 2185 3670 uos,
2216 3616 2273 3660 ut
2300 3606 2423 3672 alia,
2465 3623 2584 3679 quae
2626 3610 2818 3665 merito
2849 3613 3120 3677 tenebunt,
3151 3614 3377 3670 Domino
3403 3618 3500 3671 ad.

1913 3698 2154 3768 juvante,
2178 3698 2448 3767 explicare
2473 3700 2758 3768 possimus.

1991 3790 2078 3844 Η.
2120 3789 2336 3843 Factam
2363 3808 2396 3844 a
2421 3790 2563 3846 Filio
2604 3808 2799 3863 quoque
2845 3796 3151 3851 nativitatem
3188 3798 3333 3856 Filii.
3368 3802 3503 3859 Pro.

1918 3881 2158 3937 bavimus
2184 3897 2310 3952 ergo
2335 3884 2662 3940 nativitatem
2691 3885 2805 3941 Filii
2834 3902 2864 3940 a
2894 3888 3051 3944 Patre
3073 3888 3284 3959 factam,
3315 3897 3501 3964 probe-

1918 3989 2036 4028 mus
2094 3983 2148 4029 et
2186 3990 2216 4029 a
2247 3974 2383 4029 Filio
2421 3973 2636 4030 factam.
2678 3975 2815 4044 Quid
2858 3987 2944 4033 est
2984 3982 3228 4037 nativitas
3270 3984 3389 4039 Filii
3433 3987 3504 4042 ds

1917 4066 2119 4136 virgine
2153 4065 2356 4121 Maria?
2395 4063 2552 4121 Certe
2592 4070 2893 4138 assumptio
2923 4068 3107 4126 forma:
3134 4074 3272 4127 servi
3304 4075 3356 4128 in
3387 4078 3497 4130 vir-

1916 4160 2053 4230 ginis
2082 4168 2252 4215 utero.
2283 4158 2673 4229 Numquidnam
2700 4171 2781 4216 est
2817 4162 2957 4217 aliud
3000 4165 3146 4220 nasci
3187 4166 3355 4235 Filio,
3398 4170 3499 4224 nisi

1914 4251 2157 4321 accipere
2186 4252 2404 4306 formam
2444 4252 2582 4307 servi
2627 4254 2679 4306 iu
2722 4254 2940 4326 virginis
2970 4258 3158 4312 utero?
3199 4261 3330 4315 Audi
3375 4265 3499 4331 quia

1915 4345 2016 4396 hoc
2031 4351 2085 4398 et
2106 4341 2268 4396 Filius
2284 4343 2432 4397 fecit:
2456 4343 2556 4409 Qui
2575 4360 2689 4397 cum
2708 4346 2761 4398 in
2778 4349 2944 4417 forma
2965 4346 3054 4402 Dei
3072 4362 3217 4415 esset,
3234 4368 3332 4405 non
3355 4355 3501 4423 rapi-

1860 4494 1865 4509 .
1913 4450 2030 4487 nam
2052 4434 2323 4488 arbitratus
2348 4444 2419 4488 est
2437 4451 2546 4489 esse
2562 4437 2773 4505 a’qualis
2794 4435 2929 4504 Deo;
2941 4439 3031 4492 sed
3055 4442 3371 4511 semetipsum
3391 4446 3501 4497 exi.

1913 4527 2122 4587 nanivit,
2138 4528 2353 4597 formam
2369 4526 2496 4582 servi
2526 4527 2779 4597 accipiens
2814 4527 3072 4600 (Philipp.
3090 4547 3148 4599 tt,
3164 4533 3197 4587 6
3213 4543 3260 4585 et
3281 4534 3359 4604 7).
3374 4532 3500 4588 Cum

1911 4618 2044 4695 venit
2062 4617 2319 4688 plenitudo
2337 4618 2592 4687 temporis,
2614 4618 2745 4671 misit
2762 4617 2902 4672 Deus
2924 4618 3112 4675 Filium
3139 4638 3283 4676 suum
3310 4627 3498 4695 factum

1912 4724 1975 4762 ex
2000 4694 2248 4772 muliere;
2278 4708 2362 4774 qui
2391 4710 2554 4778 factus
2578 4717 2649 4761 est
2678 4709 2724 4761 ei
2743 4724 2805 4761 ex
2821 4705 3010 4763 semine
3033 4710 3200 4764 David
3222 4694 3498 4767 secundum

1912 4817 2111 4854 carnent
2136 4800 2311 4872 (Rom.
2343 4815 2378 4864 ι,
2411 4798 2466 4867 3)
2502 4816 2516 4851 :
2548 4798 2788 4853 videmus
2813 4815 2940 4869 ergo
2968 4802 3294 4857 nativitatem
3321 4804 3438 4858 Filii
3467 4822 3496 4857 a

1912 4893 2067 4947 Patre
2089 4891 2280 4946 factam
2304 4909 2316 4955 ;
2339 4891 2432 4945 sed
2455 4892 2575 4960 quia
2600 4892 2713 4960 ipse
2740 4891 2900 4946 Filius
2919 4895 3240 4963 sentetipsum
3258 4897 3494 4950 exinani-

1910 4985 1995 5048 νει,
2021 4986 2235 5053 foratum
2254 4981 2384 5033 servi
2400 4981 2666 5049 arripiens,
2690 4980 2928 5035 videmus
2950 4983 3277 5038 nativitatem
3302 4985 3419 5040 Filii
3442 4997 3496 5040 et

1910 5073 1977 5128 ab
2005 5074 2117 5141 ipso
2144 5070 2276 5125 Filio
2313 5069 2526 5125 factam.
2563 5071 2850 5125 Probatum
2887 5081 2969 5127 est
3007 5073 3134 5139 hoc;
3166 5083 3497 5133 transeamus

1912 5164 2036 5218 hinc
2063 5181 2075 5217 :
2106 5162 2292 5217 intenti
2320 5161 2461 5215 aliud
2487 5162 2731 5231 accipite,
2760 5162 2901 5232 quod
2926 5179 2989 5219 ex
3019 5165 3206 5222 ordine
3235 5168 3492 5238 sequitur.

1984 5256 2068 5309 12.
2117 5253 2293 5308 Passio
2317 5255 2468 5308 etiam
2490 5252 2616 5307 Filii
2640 5271 2671 5306 a
2702 5253 2858 5311 Patre
2895 5266 2942 5310 et
2993 5256 3150 5313 Filio.
3202 5259 3495 5318 Probemus

1912 5357 1967 5402 et
1996 5348 2292 5417 passionem
2320 5346 2461 5412 Filii,
2496 5355 2547 5402 et
2578 5362 2607 5400 a
2635 5346 2791 5403 Patre
2823 5346 3036 5415 factam,
3064 5361 3119 5405 et
3155 5367 3183 5404 a
3224 5352 3360 5409 Filio
3413 5352 3495 5409 fa-

1912 5437 2269 5494 ctam.Faeiat
2296 5438 2452 5493 Pater
2480 5440 2782 5507 passionem
2812 5439 2931 5494 Filii
2957 5458 2972 5497 :
3003 5441 3321 5515 Quiproprt'o
3350 5444 3490 5501 Filio

1913 5547 2013 5585 non
2046 5530 2284 5601 pepercit,
2321 5533 2409 5583 sed
2438 5546 2529 5600 pro
2556 5530 2697 5584 nobis
2724 5530 2951 5585 omnibus
2975 5534 3183 5588 tradidit
3210 5535 3352 5588 illum
3375 5534 3488 5608 (Id.

1916 5637 2032 5685 rtn,
2067 5621 2181 5692 32).
2208 5620 2389 5677 Faciat
2426 5630 2479 5675 et
2515 5620 2680 5674 Filius
2720 5623 3017 5691 paSsiouem
3057 5639 3244 5681 suam:
3291 5627 3391 5695 Qui
3421 5647 3499 5685 me

1916 5715 2117 5779 dilexit,
2138 5721 2182 5765 et
2212 5710 2419 5764 tradidit
2444 5710 2757 5782 semetipsum
2787 5731 2878 5783 pro
2908 5732 2985 5771 me
3023 5716 3041 5775 l
3068 5714 3237 5772 Galat.
3278 5734 3392 5789 vut,
3424 5716 3482 5782 2,
