3938 6186
435 240 541 298 359

432 354 506 410 20
532 355 573 423 ).
607 352 844 409 Tradidit
876 353 1032 407 Pater
1051 351 1239 407 Filium
1259 393 1275 418 ,
1298 349 1516 406 tradidit
1543 350 1708 406 Filius
1738 367 1797 407 se
1825 353 2020 423 ipsum.

439 444 624 500 l'assio
655 445 766 499 lucc
804 443 891 497 ttni
924 441 1056 496 facta
1088 450 1197 507 est,
1240 442 1334 497 sed
1372 442 1439 496 ab
1476 451 1702 512 utroque
1743 443 1876 496 facta
1919 451 2019 497 est.

437 534 590 590 Sicut
634 548 763 603 ergo
805 532 1171 597 nativitatem,
1221 533 1290 587 ita
1336 533 1635 601 passionem
1685 532 1882 586 Christi
1926 548 2023 587 nec

433 624 595 679 Pater
616 625 734 678 sine
760 622 897 677 Filio
927 623 1070 690 fecit,
1103 638 1201 678 nec
1228 622 1393 677 Filius
1423 624 1538 677 sine
1565 624 1739 677 Patre.
1786 622 2027 678 Tradidit

439 715 599 772 Pater
618 715 832 781 leinm,
867 715 1083 769 tradidit
1109 714 1274 769 Filius
1301 729 1360 768 se
1387 714 1578 784 ipsum.
1612 714 1749 782 Quid
1789 714 1875 768 hic
1903 714 2026 768 fecit

434 807 618 872 ludas,
644 808 744 862 nisi
773 807 1086 878 peccatum?
1114 807 1492 873 Transeamus,
1521 815 1575 860 et
1606 805 1731 861 hinc
1749 805 2025 861 veniamus

437 901 504 956 ad
530 902 1002 956 resurrectionem.

506 994 596 1048 15.
635 991 784 1047 Idem
811 991 873 1047 de
929 990 1118 1047 Christi
1169 991 1530 1046 resurrectione
1586 990 1848 1062 probatur.
1923 989 2021 1044 Vi-

436 1087 657 1142 deamus
683 1086 874 1141 Filium
917 1084 1168 1155 quidem,
1213 1099 1318 1138 non
1358 1083 1602 1148 Patrem,
1636 1090 2022 1152 resurgentem,

439 1178 535 1234 sed
565 1176 1014 1232 resurrectionem
1048 1174 1168 1230 Filii
1195 1183 1250 1228 et
1274 1174 1485 1228 Patrem
1516 1183 1569 1226 et
1596 1172 1786 1227 Filium
1821 1171 2025 1227 facien-

438 1280 566 1324 tem.
595 1269 857 1338 Operetur
880 1267 1035 1322 Pater
1060 1265 1502 1321 resurrectionem
1529 1263 1667 1318 Filii.
1692 1261 1911 1332 Pmpter
1931 1262 2025 1315 hoc

436 1361 581 1418 enim
608 1361 841 1414 exultavit
872 1376 1005 1423 eum,
1033 1367 1080 1411 et
1105 1356 1306 1411 donavit
1337 1356 1381 1408 ei
1410 1371 1590 1409 nomen
1617 1354 1750 1424 quod
1775 1362 1845 1407 est
1873 1369 2026 1421 super

439 1470 589 1507 omne
615 1470 795 1507 nomen
824 1450 1084 1522 (Philipp.
1112 1466 1172 1516 ιι,
1203 1448 1300 1521 9).
1333 1446 1687 1502 Resuscitavit
1711 1461 1839 1515 ergo
1869 1445 2026 1500 Pater

441 1542 658 1606 Filium,
682 1540 965 1597 exaltando
994 1555 1116 1594 eum
1144 1546 1198 1594 et
1235 1536 1515 1592 excitando
1550 1550 1673 1590 eum
1710 1549 1741 1589 a
1779 1534 2024 1590 mortuis.

440 1631 703 1701 Numquid
733 1641 787 1685 et
815 1630 980 1685 Filius
1005 1627 1340 1685 resuscitavit
1368 1626 1752 1695 semetipsum?
1780 1624 2026 1679 Resusci-

443 1724 573 1776 tavit
600 1722 777 1790 plane.
811 1721 867 1774 Ιιι
909 1721 1073 1788 figura
1112 1719 1193 1774 sui
1234 1718 1476 1787 corporis
1513 1717 1580 1770 de
1619 1715 1818 1784 templo
1841 1715 1975 1769 dixit
2007 1732 2022 1769 :

442 1816 635 1871 Solvite
654 1827 748 1867 tem
754 1813 895 1885 plum
915 1816 1028 1875 hoc,
1053 1822 1097 1864 et
1118 1812 1169 1864 in
1192 1810 1359 1863 triduo
1375 1809 1676 1862 resuscitabo
1696 1806 1824 1859 illud
1844 1804 2020 1878 (Joau.

440 1923 499 1973 ιι,
527 1905 657 1975 19).
693 1906 966 1959 Postremo
1002 1904 1140 1959 sicut
1175 1902 1242 1955 ad
1291 1900 1591 1971 passionem
1640 1899 1869 1969 pertinet
1910 1900 2027 1953 ani-

440 2012 580 2050 mam
614 2010 832 2063 ponere,
858 1995 935 2049 sic
968 1995 1032 2047 ad
1074 1992 1518 2046 resurrectionem
1558 1991 1788 2045 animam
1831 1989 2023 2043 iterum

440 2105 651 2143 sumere
675 2104 689 2141 :
714 2087 987 2142 videamus
1011 2086 1055 2139 si
1083 2084 1122 2139 F
1127 2085 1247 2138 ilius
1267 2084 1479 2153 quidem
1500 2082 1730 2136 animam
1753 2098 1900 2137 suam
1927 2098 2021 2151 po-

441 2182 570 2249 suit,
592 2190 647 2236 et
670 2181 718 2234 ei
744 2180 974 2233 animam
1001 2192 1149 2231 suam
1176 2176 1332 2230 Pater
1351 2174 1598 2242 reddidit,
1628 2191 1732 2228 non
1761 2175 1874 2244 ipse
1899 2175 2020 2230 sibi.

440 2272 598 2327 Pater
626 2272 767 2325 enim
796 2269 918 2339 quia
948 2267 1197 2329 reddidit,
1226 2265 1563 2320 manifestmn
1593 2273 1693 2318 cst.
1724 2265 1850 2319 lude
1878 2265 2020 2318 enim

440 2364 683 2419 Psalmus
706 2362 857 2427 dicit,
889 2360 950 2414 Et
972 2359 1211 2414 resuscita
1239 2374 1336 2425 me,
1362 2367 1410 2412 et
1436 2359 1644 2411 reddam
1682 2357 1785 2412 illis
1827 2358 1845 2429 (
1873 2357 2019 2412 Psal.

439 2470 528 2520 xc,
558 2455 617 2508 11
646 2452 686 2523 ).
717 2452 822 2506 Sed
853 2452 973 2520 quia
999 2460 1054 2504 et
1080 2450 1245 2504 Filius
1270 2448 1499 2502 animam
1530 2463 1681 2501 suam
1707 2448 1806 2502 sibi
1847 2447 2023 2502 reddi-

438 2548 539 2613 dit,
571 2545 694 2616 quid
719 2560 748 2599 a
780 2544 934 2598 nobis
962 2540 1317 2611 exspectatis?
1345 2539 1463 2609 Ipse
1504 2540 1645 2595 dicat
1672 2557 1685 2591 :
1717 2538 2019 2594 Potestatem

441 2638 598 2692 habeo
627 2635 843 2706 ponendi
871 2634 1094 2687 animant
1113 2648 1293 2686 meam.
1326 2630 1569 2686 Nondum
1596 2630 1702 2685 dixi
1732 2630 1871 2700 quod
1899 2646 2023 2700 pro-

438 2727 581 2781 misi.
616 2725 843 2780 Ponendi
868 2723 977 2778 dixi
1003 2741 1016 2777 :
1040 2722 1133 2777 sed
1156 2722 1263 2791 jam
1289 2721 1528 2777 clamatis
1551 2720 1590 2784 ⁸,
1619 2720 1737 2789 quia
1767 2721 2021 2790 praevola-

438 2818 527 2872 tis.
556 2815 765 2871 Eruditi
790 2814 997 2885 quippe
1039 2813 1091 2867 in
1136 2811 1318 2867 schola
1350 2810 1586 2881 magistri
1623 2811 1874 2877 cmlestis,
1906 2819 2021 2866 tan-

438 2926 597 2980 quam
624 2909 881 2964 lectiones
902 2908 1104 2961 intente
1124 2892 1419 2970 audientes,
1446 2905 1530 2973 pie
1562 2905 1861 2968 reddentes,
1892 2904 2019 2975 quid

441 3009 697 3072 sequatur
724 3016 826 3053 non
857 2998 1130 3069 ignoratis.
1160 2995 1487 3062 Potestatem,
1522 2994 1710 3065 inquit,
1743 2995 1897 3049 habeo
1923 3012 2017 3065 po-

436 3090 589 3144 nendi
631 3090 855 3142 animam
897 3103 1078 3153 meam,
1121 3095 1166 3139 ct
1210 3094 1501 3155 potestate»:
1536 3084 1692 3138 habeo
1728 3085 1909 3139 iterum
1934 3102 2020 3139 su-

437 3184 606 3238 mendi
625 3200 758 3237 eam.
787 3179 950 3235 Nemo
974 3180 1103 3235 tollit
1132 3195 1243 3233 eam
1267 3195 1298 3231 a
1325 3194 1402 3232 me
1424 3193 1442 3231 :
1466 3178 1554 3232 sed
1578 3194 1667 3248 ego
1690 3193 1821 3248 pono
1848 3194 1957 3231 eam
1984 3195 2016 3232 α

435 3293 536 3342 me,
559 3285 604 3329 et
630 3276 811 3327 iterum
831 3289 973 3327 sumo
993 3288 1103 3325 eam
1132 3269 1306 3343 (Joau.
1334 3285 1391 3335 χ,
1422 3268 1548 3341 18).

502 3365 730 3421 CAPUT
763 3365 827 3416 ν.
844 3365 1014 3418 -14.
1037 3363 1318 3432 Βεριὲοαιίο
1343 3361 1586 3415 docti-inte
1609 3360 1892 3430 explicatur.
1914 3359 2018 3413 Ex-

431 3457 690 3511 solvimus
715 3470 833 3523 qua:
860 3452 1203 3523 promisimus
1229 3469 1242 3504 :
1273 3450 1661 3519 prepositioncs
1686 3459 1896 3503 nostras
1925 3447 2015 3502 lir-

433 3546 709 3611 missimis,
736 3553 792 3599 ut
812 3543 1061 3607 arbitror,
1089 3541 1511 3596 testimoniorum
1537 3540 1870 3595 documentis
1893 3555 2018 3610 pro-

433 3638 691 3691 bavimus.
738 3635 940 3690 Tenete
977 3632 1117 3704 quod
1150 3632 1390 3687 audistis.
1432 3632 1670 3685 Breviter
1710 3632 1928 3699 replico,
1960 3640 2016 3685 et

435 3746 552 3787 rem
584 3729 940 3793 utilissimam,
965 3736 1218 3797 quantum
1246 3725 1513 3789 existimo,
1537 3725 1803 3779 mentibus
1827 3724 2016 3778 vestris

435 3820 803 3876 collocandam
843 3815 1178 3873 commendo.
1209 3815 1365 3869 Pater
1391 3830 1493 3867 non
1520 3822 1603 3868 est
1633 3824 1787 3866 natus
1811 3813 1880 3868 de
1906 3812 2013 3866 vir-

431 3914 594 3985 gine:
625 3911 953 3967 nativitatem
987 3910 1161 3962 taméu
1207 3907 1360 3960 istam
1406 3904 1526 3959 Filii
1565 3914 1620 3959 et
1661 3904 1817 3959 Pater
1840 3914 1894 3958 et
1922 3903 2011 3958 Fi-

436 4007 538 4059 lius
570 4012 823 4073 operatus
850 4011 1021 4055 estex
1051 3998 1274 4069 virgine.
1302 3997 1456 4052 Pater
1484 4011 1586 4050 non
1614 4005 1696 4050 est
1736 4010 1922 4065 passus
1961 3997 2011 4050 in

433 4114 591 4153 cruce
618 4117 631 4153 :
663 4097 962 4168 passionem
994 4104 1167 4148 tamen
1203 4092 1319 4147 Filii
1343 4102 1398 4145 et
1426 4091 1582 4145 Pater
1610 4100 1663 4144 et
1693 4088 1857 4143 Filius
1881 4104 2011 4158 ope-

430 4197 580 4243 ratus
608 4196 710 4242 est.
736 4186 853 4241 Non
887 4183 1174 4238 resurrexit
1200 4182 1355 4235 Pater
1391 4197 1418 4231 a
1472 4180 1733 4234 mortuis;
1769 4194 2012 4235 resurre-

428 4281 661 4335 ctionem
684 4288 858 4332 tamen
884 4276 1067 4331 Filiiet
1094 4275 1246 4329 Pater
1263 4284 1316 4326 et
1339 4273 1497 4325 Filius
1520 4280 1880 4341 operatusest.
1907 4270 2010 4322 lla-

428 4370 564 4425 betis
587 4384 931 4439 personarum
951 4366 1432 4428 distinctionem,ct
1451 4362 1772 4430 operationis
1800 4363 2011 4430 insepa-

427 4461 767 4516 rabilitatem.
792 4458 904 4512 Non
926 4473 1055 4527 ergo
1081 4457 1321 4512 dicamus
1342 4455 1537 4524 aliquid
1561 4457 1768 4508 Patrem
1799 4454 2009 4523 operari

428 4555 546 4607 sine
570 4552 721 4617 Filio,
742 4551 936 4620 aliquid
958 4550 1147 4604 Filium
1175 4550 1289 4602 sine
1307 4548 1483 4601 Patre.
1500 4548 1577 4600 An
1598 4544 1734 4600 forte
1762 4548 2010 4600 miracula

427 4662 546 4718 qua:
576 4645 698 4700 fecit
726 4644 899 4709 Jesus,
932 4652 1144 4697 movent
1180 4658 1295 4705 vos,
1323 4656 1390 4694 ne
1418 4639 1552 4693 forte
1584 4639 1757 4707 aliqua
1787 4639 1898 4707 ipse
1929 4640 2008 4693 fe-

425 4740 580 4804 cerit,
609 4754 726 4808 qua:
758 4753 861 4791 non
890 4738 1011 4790 fecit
1039 4735 1225 4788 Patet"!
1255 4734 1317 4787 Et
1348 4732 1432 4787 ubi
1460 4742 1562 4795 est,
1593 4731 1744 4783 Pater
1771 4742 1935 4784 autem
1957 4733 2009 4785 in

425 4847 508 4885 me
522 4847 746 4893 manens,
762 4830 866 4899 ipse
882 4828 1002 4898 facit
1023 4841 1173 4896 opera
1198 4823 1248 4894 (.1
1255 4839 1372 4877 οαιι.
1392 4837 1504 4887 Juv,
1524 4822 1637 4890 10)?
1651 4821 1772 4874 litec
1786 4836 1903 4890 qua:
1924 4821 2009 4875 di-

429 4927 605 4979 ximus
628 4924 780 4994 plana
807 4929 986 4986 erant,
1012 4927 1214 4973 tantum
1245 4915 1469 4975 dicenda
1503 4922 1655 4970 erant
1681 4933 1694 4967 :
1729 4928 1831 4968 non
1863 4913 2005 4968 labo-

424 5018 650 5071 randum
686 5022 741 5068 ut
773 5011 1212 5080 intelligerentur,
1244 5006 1336 5062 sed
1364 5006 1656 5061 curandum
1684 5015 1740 5059 ut
1770 5019 2006 5059 comme-

425 5117 780 5163 morarentur.

505 5199 593 5253 15.
611 5197 748 5251 Deus
768 5195 836 5247 ad
854 5174 1059 5248 moduni
1076 5192 1298 5262 corporis
1312 5192 1365 5245 in
1381 5191 1546 5259 spatio
1570 5206 1667 5242 non
1688 5187 2004 5259 cogitandus.

424 5290 633 5361 Aliquid
686 5288 861 5343 adhuc
918 5288 1040 5341 volo
1080 5285 1296 5349 dicere,
1340 5285 1427 5338 ubi
1466 5299 1592 5337 vere
1649 5293 1700 5337 ct
1744 5282 2004 5336 acriorem

422 5384 773 5437 intentionem
814 5390 1044 5434 vestram
1090 5377 1345 5446 requiro,
1391 5384 1444 5429 et
1485 5374 1819 5430 devotionem
1865 5373 2005 5443 apud

429 5473 595 5529 [leum
664 5474 873 5529 Etenim
912 5472 1042 5527 locis
1079 5467 1443 5539 corporalibus
1472 5481 1578 5520 non
1620 5473 1864 5520 tenentur
1907 5478 2005 5518 nec

488 5608 504 5638 ⁸
531 5616 631 5655 .tm.
657 5615 751 5666 tua,
800 5604 1062 5658 clamastis.
1108 5606 1181 5655 Sic
1204 5603 1349 5653 etiam
1368 5606 1478 5651 Mss.
1506 5607 1556 5651 et
1579 5612 1641 5648 ex
1667 5597 1743 5646 bis
1768 5594 2012 5657 nonnulli,

420 5666 739 5732 praeolastis.

1665 236 1721 292 S.
1764 236 2130 294 AUGUSTINI
2173 238 2475 295 EPISCOPI
3556 261 3641 321 δοο

2135 365 2460 424 occupantur
2503 355 2604 410 nisi
2642 370 2883 427 corpora.
2927 358 3073 416 Ultra
3104 360 3243 420 locos
3283 370 3550 438 corporales
3578 386 3645 431 est

2133 445 2381 501 divinitas
2407 465 2420 501 :
2448 461 2607 503 nemo
2637 463 2754 502 eam
2783 459 3029 521 tanquam
3055 452 3105 506 in
3128 458 3289 521 spatio
3306 462 3645 530 requirat.llbi-

2131 552 2235 606 que
2275 538 2553 591 invisibilis
2590 546 2645 592 et
2681 539 3104 609 inseparabiliter
3126 546 3306 602 adest:
3336 552 3500 607 nonin
3526 566 3647 623 parte

2131 625 2321 695 major,
2371 627 2420 680 in
2470 638 2618 696 parte
2657 629 2858 695 minor;
2908 631 3004 689 sed
3041 634 3227 703 ubique
3268 645 3387 706 tota,
3430 657 3644 712 nusquam

2129 714 2320 770 divisa.
2365 717 2495 783 Quis
2523 718 2669 773 videt
2698 718 2838 774 hoc?
2876 721 2994 791 quis
3034 724 3172 792 capit
3215 725 3343 780 hoc?
3375 730 3647 801 Compesca.

2131 820 2255 859 mus
2281 821 2377 861 nos
2401 824 2415 859 :
2446 807 2847 863 meminerimus
2871 811 2980 880 qui,
3012 811 3151 868 unde
3173 813 3450 884 loquamur.
3474 820 3586 877 Illud
3607 831 3651 879 et

2129 897 2283 964 illud,
2305 897 2559 969 quidquid
2585 908 2666 953 est
2692 900 2831 970 quod
2858 901 2994 956 Deus
3014 912 3117 969 est,
3133 904 3215 974 pie
3233 907 3479 977 credatur,
3501 924 3650 970 sancte

2129 989 2424 1058 Cogitetur;
2454 998 2792 1060 et‘quantum
2819 991 2995 1059 datur,
3028 1003 3276 1064 quantum
3301 1008 3479 1066 potest,
3498 1001 3653 1057 inetia-

2130 1078 2309 1134 bilitcr
2331 1080 2671 1151 intelligatur.
2692 1084 2976 1150 Quiescant
2996 1086 3176 1149 verba,
3196 1098 3362 1143 cesset
3377 1091 3558 1162 lingua;
3578 1111 3652 1150 cor

2129 1170 2418 1235 excitetur,
2450 1186 2543 1225 cor
2580 1172 2706 1226 illuc
2737 1173 2959 1228 levetur.
2991 1174 3104 1229 Non
3148 1178 3286 1232 enim
3315 1188 3394 1233 est
3415 1181 3528 1235 illud
3552 1185 3653 1246 tale.

2128 1260 2268 1330 qttod
2300 1261 2353 1316 in
2381 1277 2474 1317 cor
2504 1263 2734 1317 hominis
2764 1265 3057 1331 ascendat,
3100 1267 3193 1323 sed
3232 1285 3333 1338 quo
3358 1287 3444 1327 cor
3466 1273 3656 1332 hominis

2129 1351 2760 1409 ascendat.Attendamus
2781 1366 3081 1412 creaturam
3098 1375 3110 1410 :
3136 1356 3407 1415 luvisibilia
3421 1365 3535 1417 enim
3552 1367 3655 1435 ejus.

2132 1458 2164 1495 a
2192 1453 2422 1497 creatura
2446 1445 2640 1509 mundi,
2678 1463 2766 1515 per
2784 1463 2842 1500 ea
2867 1464 2982 1517 qua:
3002 1448 3139 1517 facta
3163 1460 3297 1515 sunt,
3320 1452 3546 1508 intellecta
3563 1473 3659 1511 con-

2128 1533 2414 1602 spiciuntur
2442 1536 2463 1607 (
2487 1534 2636 1590 flatu.
2670 1552 2709 1604 ι,
2735 1537 2806 1593 20
2832 1537 2851 1608 )
2880 1556 2893 1591 :
2935 1554 3004 1594 ne
3045 1540 3183 1596 forte
3218 1542 3270 1598 in
3314 1542 3394 1597 his
3431 1562 3536 1615 qua:
3562 1547 3662 1603 fecit

2130 1625 2290 1688 Deus,
2319 1626 2370 1680 in
2401 1627 2594 1697 quibus
2621 1629 2873 1685 habemus
2895 1632 3181 1702 quamdam
3208 1637 3572 1693 consuetudinis
3596 1640 3660 1693 fa-

2129 1717 2514 1786 miliaritatem,
2533 1720 2865 1777 inveniamus
2884 1722 3115 1793 aliquam
3137 1724 3664 1795 similitudinem,unde

2129 1809 2415 1877 probemus
2441 1826 2560 1867 esse
2585 1813 2757 1882 aliqua
2788 1815 2906 1881 tria,
2933 1830 3054 1885 qua:
3083 1817 3185 1870 tria
3211 1819 3554 1888 separabiliter
3571 1835 3664 1890 pro-

2128 1898 2385 1967 ferantur,
2414 1903 2841 1973 inseparabiliter
2869 1918 3181 1976 operentur.
3306 1956 3309 1959 η

2197 1994 2423 2050 CAPUT
2453 1994 2537 2049 Vl.
2554 2026 2626 2035 —
2644 1996 2730 2051 16.
2751 1996 2887 2051 Deus
2907 1999 3435 2070 incomprehensibilis.
3460 2001 3559 2067 Eia,
3581 2002 3666 2057 fra-

2128 2094 2258 2150 tres,
2272 2086 2508 2141 adestote
2529 2095 2641 2142 toto
2661 2088 3052 2145 animo.Videte
3072 2091 3220 2160 prius
3235 2090 3356 2161 quid
3378 2092 3663 2160 promittam;

2127 2194 2195 2234 ne
2224 2180 2357 2235 forte
2400 2181 2452 2235 in
2482 2191 2722 2236 creatura
2754 2182 3040 2248 inveniam,
3068 2184 3196 2252 quia
3228 2184 3440 2239 Creator
3474 2200 3500 2238 a
3539 2185 3666 2239 nobis

2124 2271 2366 2327 excelsus
2404 2282 2505 2328 est.
2539 2273 2606 2327 Et
2642 2272 2777 2328 forte
2812 2274 2971 2329 verba
3016 2277 3301 2346 quisquam
3328 2286 3569 2341 nostrum,
3595 2274 3664 2330 cui

2125 2361 2299 2432 fulgor
2318 2363 2555 2418 veritatis
2575 2364 2751 2434 aliqua
2774 2373 3003 2419 mentem
3026 2367 3181 2435 quasi
3200 2367 3548 2422 coruscatiune
3566 2382 3669 2435 pcr-

2125 2454 2356 2523 stringit,
2376 2462 2552 2523 potest
2565 2454 2742 2510 dicere
2759 2455 2917 2510 verba
2935 2455 3041 2510 illa:
3062 2456 3180 2527 Ego
3196 2457 3366 2511 dixiin
3384 2458 3547 2512 ecstasi
3559 2473 3667 2511 mea.

2125 2541 2184 2597 ln
2213 2546 2404 2599 ccstasi
2429 2554 2513 2599 tua
2539 2545 2663 2615 quid
2684 2544 2897 2601 dixisti?
2917 2545 3187 2618 Projectus
3205 2565 3319 2603 sum
3337 2565 3369 2601 a
3387 2549 3509 2618 [acie
3529 2547 3672 2602 οειιιοο

2123 2649 2236 2686 rum
2263 2642 2463 2687 tuorum
2488 2633 2658 2697 (Psal.
2684 2652 2820 2701 xxx,
2846 2635 2960 2708 23).
2981 2637 3198 2691 Etenim
3227 2637 3428 2693 videtur
3454 2637 3567 2692 mihi
3591 2639 3670 2692 iste

2123 2724 2210 2791 qui
2239 2721 2340 2778 hoc
2365 2723 2517 2790 dixit,
2541 2724 2746 2781 levasse
2770 2726 2836 2780 ad
2862 2727 3024 2781 Deum
3051 2728 3289 2783 animam
3312 2744 3474 2791 suam,
3496 2738 3545 2784 et
3565 2726 3673 2783 cffu-

2122 2813 2268 2871 disse
2286 2830 2447 2886 super
2466 2832 2526 2873 se
2546 2818 2777 2872 animam
2822 2833 3003 2883 suam,
3028 2834 3151 2874 cum
3178 2822 3226 2875 ei
3252 2820 3507 2876 diceretur
3527 2819 3673 2890 quoti~

2120 2905 2229 2973 die,
2257 2906 2355 2963 Ubi
2382 2917 2454 2963 est
2482 2908 2617 2963 Deus
2644 2918 2761 2963 tuus
2791 2907 2969 2981 (Psal.
2992 2926 3101 2975 xu,
3136 2913 3196 2979 4,
3232 2913 3290 2966 ll
3319 2911 3378 2982 )?
3406 2912 3675 2982 pervenisse

2122 2999 2380 3069 spirituali
2409 2998 2638 3070 quodam
2676 3010 2922 3055 contactu
2946 3000 3014 3055 ad
3043 3002 3192 3056 illam
3229 3001 3672 3057 incommutabilem

2121 3091 2316 3156 lucem,
2340 3106 2565 3160 eamque
2602 3090 2907 3147 infirmitate
2934 3104 3264 3162 conSpectus
3295 3093 3432 3149 ferre
3470 3106 3566 3146 non
3599 3106 3676 3143 va-

2122 3182 2319 3249 luisse;
2359 3192 2415 3237 et
2452 3184 2505 3238 in
2536 3198 2685 3237 suam
2718 3184 2867 3254 quasi
2897 3183 3271 3253 mgritudinem
3302 3193 3458 3254 atque
3484 3183 3675 3252 languo-

2122 3287 2234 3326 rem
2263 3272 2455 3326 iterum
2489 3271 2767 3338 recidisse,
2797 3280 2851 3326 ct
2878 3287 3224 3342 comparasse
3254 3289 3313 3326 se
3342 3273 3452 3338 illi,
3492 3280 3542 3326 et
3577 3285 3677 3323 sen-

2120 3360 2254 3415 sisse
2281 3360 2454 3414 adhuc
2475 3362 2860 3430 contemperari
2890 3378 2992 3415 non
3036 3376 3205 3432 posse
3251 3364 3266 3394 ¹
3311 3363 3476 3417 aciem
3514 3359 3678 3414 mentis

2120 3464 2231 3503 sua:
2252 3450 2354 3503 luci
2379 3451 2651 3518 sapienti-.e
2683 3452 2793 3505 Dei.
2822 3450 2889 3505 Et
2912 3451 3032 3520 quia
3061 3454 3166 3507 hoc
3191 3454 3243 3505 in
3269 3452 3456 3506 ccstasi
3486 3450 3677 3513 fecerat,

2119 3541 2376 3608 abreptus
2404 3555 2435 3593 a
2478 3541 2726 3595 sensibus
2764 3542 3004 3610 corporis
3029 3550 3082 3595 et
3110 3543 3408 3614 subreptus
3433 3543 3481 3595 in
3510 3542 3677 3599 Deum;

2120 3630 2208 3684 ubi
2238 3630 2467 3700 quodam
2496 3630 2655 3686 modo
2684 3646 2712 3685 a
2748 3631 2856 3686 Deo
2900 3631 2965 3684 ad
3008 3632 3284 3688 hominem
3308 3642 3573 3688 revocatus
3593 3637 3679 3691 est,

2119 3722 2216 3788 ait,
2246 3721 2359 3793 Ego
2397 3722 2504 3776 dixi
2534 3722 2586 3776 in
2616 3723 2793 3777 ecstasi
2819 3740 2947 3778 mea.
2975 3722 3095 3777 Vidi
3120 3726 3270 3780 enim
3303 3726 3483 3780 nescio
3506 3722 3616 3793 quid
3641 3722 3682 3774 in

2120 3812 2340 3880 ecstasi,
2372 3813 2513 3882 quod
2544 3812 2631 3867 diu
2661 3812 2799 3868 ferre
2827 3830 2927 3867 non
2966 3815 3143 3883 potui;
3173 3826 3228 3872 et
3256 3817 3494 3872 redditus
3513 3826 3661 3869 morta

2119 3902 2254 3956 libus
2279 3904 2552 3968 membris,
2583 3914 2637 3958 et
2662 3904 2842 3959 nmltis
2879 3908 3182 3961 mortalium
3226 3907 3626 3979 cogitationibus
3658 3919 3681 3955 ιι

2116 4009 2343 4063 Corpore
2363 3995 2504 4064 quod
2532 4006 2778 4067 aggravat
2803 3996 3056 4064 animam,
3079 3999 3214 4053 dixi.
3241 4000 3420 4069 Quid?
3442 4000 3686 4069 Projecttts

2115 4101 2226 4137 sum
2251 4102 2281 4136 a
2303 4085 2432 4156 {acie
2450 4087 2711 4139 oculorum
2740 4098 2955 4140 tuorum.
2989 4088 3172 4160 Longe
3196 4106 3419 4145 sursum
3447 4106 3525 4155 cs,
3554 4092 3688 4156 Iunge

2116 4174 2368 4229 deorsum
2399 4188 2538 4228 sum.
2580 4175 2715 4244 Quid
2747 4192 2872 4246 ergo
2914 4177 3176 4242 dicamus,
3230 4182 3446 4246 fratres,
3474 4179 3537 4232 de
3566 4174 3687 4231 Deo?

2115 4263 2170 4317 Si
2200 4264 2341 4317 enim
2372 4264 2512 4334 quod
2555 4266 2632 4317 vis
2670 4265 2867 4327 dicere,
2897 4268 2938 4321 si
2970 4269 3156 4335 cepisti
3183 4271 3229 4333 ³,
3264 4286 3373 4323 non
3404 4278 3486 4324 est
3529 4268 3652 4322 Deus
3676 4280 3709 4351 τί

2115 4356 2159 4407 si
2186 4354 2642 4422 comprehendere
2667 4356 2903 4425 potuisti,
2928 4357 3067 4411 aliud
3093 4375 3190 4427 pro
3217 4361 3332 4414 Deo
3362 4357 3691 4428 comprehen-

2115 4442 2258 4499 disti.
2306 4444 2358 4500 Si
2400 4448 2550 4515 quasi
2580 4447 3036 4516 comprehendere
3076 4452 3346 4519 potuisti,
3394 4448 3689 4521 cogitationi

2116 4545 2203 4591 tua
2235 4546 2284 4591 te
2320 4537 2595 4607 decepisti.
2632 4538 2741 4592 lloc
2770 4555 2897 4609 ergo
2935 4556 3038 4593 non
3079 4550 3205 4607 est,
3256 4544 3303 4595 si
3356 4539 3690 4609 comprehen-

2114 4627 2234 4681 (iisti
2263 4645 2273 4679 :
2304 4628 2346 4680 si
2396 4638 2573 4682 autem
2618 4631 2718 4682 hoc
2745 4639 2856 4694 est,
2893 4644 2997 4683 non
3044 4631 3529 4701 comprehendisti.
3573 4622 3693 4696 Quid

2115 4733 2240 4784 ergo
2272 4718 2348 4770 vis
2380 4717 2543 4786 loqui,
2568 4718 2706 4787 quod
2737 4719 3190 4787 comprehendere
3220 4736 3331 4773 non
3364 4718 3610 4789 potuisti?

2223 4808 2271 4859 7.
2315 4806 2378 4859 lu
2407 4808 2547 4860 nobis
2602 4810 2871 4877 quwrenda
2927 4807 3024 4862 Dei
3067 4809 3381 4863 similitudo.
3426 4808 3697 4862 Videamus

2113 4912 2259 4966 ergo,
2294 4912 2361 4951 ne
2400 4897 2539 4952 forte
2578 4900 2627 4952 in
2667 4909 2909 4954 creatura
2951 4901 3291 4955 inveniamus
3332 4900 3534 4969 aliquid
3558 4942 3573 4965 ,
3621 4896 3696 4950 ubi

2084 4985 2403 5057 "probemus
2428 4988 2601 5059 aliqua
2631 4991 2725 5043 tria
2752 5000 2807 5044 et
2831 4992 3200 5061 separabiliter
3230 4991 3620 5052 demonstrari,
3650 4993 3700 5039 ct

2113 5079 2538 5148 inseparabiliter
2566 5082 2793 5152 operari.
2824 5082 2939 5148 Quo
2970 5081 3203 5135 ibimus?
3236 5082 3320 5137 Ad
3351 5085 3545 5138 caelum
3570 5088 3621 5133 ut
3641 5078 3699 5131 de

2112 5172 2225 5225 sole
2255 5182 2308 5225 et
2335 5173 2452 5225 luna
2483 5182 2535 5226 et
2560 5172 2819 5227 sideribus
2848 5173 3222 5242 disputemus?
3251 5174 3335 5227 Ad
3381 5184 3576 5228 terram
3596 5209 3611 5234 ,
3649 5175 3699 5219 ιιι

2110 5261 2249 5317 forte
2278 5263 2343 5316 de
2370 5263 2597 5327 frutetis,
2628 5263 2694 5318 de
2733 5265 3029 5329 arboribus,
3059 5265 3124 5319 de
3151 5264 3488 5319 animalibus
3517 5272 3699 5343 terram

2113 5358 2491 5428 implentibus?
2516 5359 2595 5411 An
2624 5358 2689 5413 dc
2714 5360 2827 5429 ipso
2857 5357 3015 5426 caelo,
3043 5373 3109 5412 an
3135 5356 3206 5410 de
3240 5358 3362 5428 ipsa
3393 5365 3559 5417 terra,
3590 5363 3699 5421 qua:

2175 5535 2190 5566 ι
2219 5530 2386 5598 t-lures
2408 5542 2534 5594 “59.,
2565 5538 2611 5582 et
2642 5531 2968 5598 sensuadlmc
3000 5527 3174 5597 puerili
3190 5525 3577 5598 cattlemgntmri,
3609 5530 3701 5575 οισι

2110 5602 2173 5645 Ex
2202 5596 2371 5642 iisdem
2395 5609 2538 5654 unus,
2556 5607 2648 5643 non
2675 5593 2895 5655 potuisse.

2174 5659 2192 5687 ι
2216 5655 2383 5706 Plures
2404 5663 2531 5718 Mss,
2556 5654 2816 5718 suscepisti.
