3938 6186
362 376 453 431 an
1676 396 1685 401 -
1810 338 2041 424 sentio
2080 368 2184 424 Lit.

361 493 635 548 cornicem
665 489 845 545 omnia
870 504 985 559 qua:
1015 500 1137 544 sunt
1162 489 1212 543 in
1242 489 1380 544 (mlo
1400 496 1450 542 et
1482 489 1532 542 in
1557 485 1732 541 rem?
1752 483 1949 553 Quam-

360 584 447 639 diu
474 584 643 638 homo
671 584 868 638 circnis
893 583 1226 637 creaturam?
1252 579 1331 635 Ad
1359 587 1412 635 te
1431 580 1544 634 redi
1570 620 1583 642 ,
1613 588 1666 635 tc
1698 577 1817 633 vide
1839 619 1854 642 ,
1894 585 1950 632 te

360 677 582 745 ἰοςυίρο,
616 684 674 731 te
699 675 928 729 discute.
960 675 1017 729 in
1045 682 1286 728 creatura
1315 672 1507 742 qmcris
1544 672 1718 740 aliqua
1756 670 1858 723 tria
1895 675 1948 722 et

360 768 649 837 separatim
694 764 1133 821 demonstranda.
1174 773 1228 819 et
1272 761 1695 832 inseparabiliter
1717 774 1947 831 operan-

359 860 464 914 tia:
497 858 543 912 si
576 860 631 913 in
664 869 909 913 creatura
941 856 1166 926 quatris,
1211 855 1263 911 in
1304 860 1355 908 te
1396 853 1540 921 prius
1582 866 1782 922 quam.
1828 848 1945 904 Non

357 951 497 1006 enim
526 961 582 1005 tn
609 966 722 1005 non
752 967 811 1004 es
836 958 1098 1004 creatura.
1123 945 1531 1002 Similitudincm
1559 944 1773 1014 qureris.
1791 942 1947 1011 Qua:-

355 1044 558 1097 sitnrus
587 1056 651 1096 es
684 1041 737 1094 in
779 1039 1014 1112 pecore?
1058 1039 1135 1092 De
1166 1037 1275 1092 Deo
1299 1035 1438 1090 enim
1468 1033 1792 1105 loquebaris,
1821 1047 1945 1087 cum

353 1147 631 1206 qnzercrcs
650 1130 937 1203 quamdam
952 1128 1373 1185 similitudinem.
1402 1124 1742 1180 DeTriniIatc
1761 1124 1947 1178 inclia-

351 1228 476 1280 bilis
498 1223 794 1294 Majestatis
812 1220 1153 1292 loquebaris;
1174 1228 1229 1273 et
1252 1218 1371 1289 quia
1390 1216 1630 1272 deiecisti
1658 1216 1709 1268 in
1726 1215 1940 1274 divinis,

352 1327 608 1388 tuaniqne
622 1314 982 1371 inﬁmitatem
997 1311 1170 1368 debita
1191 1310 1483 1365 humilitate
1495 1307 1770 1363 confessus
1783 1321 1861 1371 cs,
1878 1306 1942 1359 ad

354 1410 590 1464 humana
612 1406 846 1469 venisti;
877 1406 947 1460 ibi
976 1404 1197 1460 discute.
1226 1403 1430 1472 Quatris
1449 1401 1501 1456 in
1521 1398 1944 1470 pecore,qu:eris

350 1501 407 1555 in
429 1501 568 1562 sole,
586 1499 640 1553 in
666 1497 858 1553 stella?
874 1496 1009 1565 Quid
1032 1495 1171 1551 enim
1193 1494 1383 1549 borum
1408 1494 1599 1547 iactum
1618 1498 1701 1546 est
1717 1505 1746 1544 a
1770 1492 1780 1541 ι
1809 1489 1941 1542 ima-

348 1589 534 1660 ginem
552 1598 605 1644 et
624 1587 1026 1642 similitudinem
1045 1586 1174 1640 Dei?
1189 1585 1416 1640 Prorsus
1433 1581 1746 1637 familiarius
1760 1589 1813 1636 et
1830 1593 1941 1635 me-

350 1683 458 1734 lius
481 1679 685 1750 aliquid
713 1678 905 1734 horum
933 1678 1129 1748 qumris
1149 1677 1202 1731 in
1224 1685 1296 1731 te.
1321 1673 1602 1730 Hominem
1629 1674 1770 1728 enim
1801 1671 1942 1728 Deus

349 1773 483 1827 fecit
499 1773 565 1826 ad
586 1771 868 1842 imaginem
892 1779 947 1824 et
974 1767 1374 1823 similitudinem
1401 1781 1571 1819 suam.
1597 1763 1651 1817 in
1675 1774 1937 1833 tequzrro,

349 1882 422 1917 ne
453 1864 592 1917 forte
636 1863 810 1932 imago
855 1859 1132 1914 Trinitatis
1169 1859 1363 1911 habeat
1409 1854 1620 1926 aliquod
1660 1854 1939 1924 vestigium

345 1954 655 2009 Trinitatis.
683 1953 752 2007 Et
774 1951 930 2022 (pne?
954 1951 1132 2021 imago
1157 1949 1290 2003 facta
1322 1948 1478 2015 longe
1500 1947 1733 2002 distans:
1755 1945 1942 1999 simili-

346 2045 485 2100 tudo
527 2056 702 2099 tamen
743 2053 795 2098 et
831 2044 1008 2113 imago
1054 2042 1209 2113 longe
1247 2041 1486 2105 distans,
1528 2052 1631 2093 non
1674 2038 1939 2108 quomodo

347 2140 534 2208 imago
559 2136 724 2192 Filius
752 2137 854 2190 hoc
894 2135 1033 2204 quod
1079 2132 1253 2188 Pater.
1284 2133 1452 2187 Aliter
1479 2132 1619 2185 enim
1667 2132 1839 2199 imago
1886 2130 1937 2183 in

348 2230 487 2293 ﬁlio,
517 2229 675 2283 aliter
702 2228 764 2282 in
806 2226 1042 2296 spiculo.
1077 2223 1291 2278 Mullum
1321 2223 1498 2277 distat.
1530 2221 1584 2275 ln
1616 2221 1723 2274 lilio
1766 2220 1940 2289 imago

346 2331 468 2389 tua,
499 2333 557 2377 tu
582 2320 695 2391 ipse
725 2335 804 2376 es.
845 2320 956 2373 lloc
984 2327 1066 2373 est
1092 2316 1232 2372 enim
1270 2315 1405 2369 illius
1448 2313 1587 2384 quod
1635 2323 1687 2366 tu
1728 2323 1935 2366 natura.

344 2404 665 2483 Substantia
693 2410 797 2466 hoc
824 2409 964 2481 quod
997 2420 1071 2475 tu,
1104 2422 1329 2478 persona
1354 2406 1489 2461 alius
1512 2420 1669 2475 quam
1701 2413 1777 2458 tu.
1820 2403 1937 2459 Non

508 2500 675 2579 ionio
710 2503 885 2574 imago
925 2510 1173 2570 tanquam
1204 2498 1505 2568 unigenitus
1532 2496 1722 2557 Filius,
1747 2495 1840 2550 sed
1871 2494 1937 2549 ad

673 2591 957 2663 quamdam
999 2600 1052 2645 et
1091 2589 1371 2659 quamdam
1416 2585 1814 2642 similitudinem
1854 2584 1936 2637 fa-

344 2680 737 2767 αιςέᾩίιωὴι
763 2684 817 2739 in
846 2699 906 2740 se
930 2682 1147 2751 aliquid,
1179 2680 1221 2735 si
1253 2681 1419 2751 possit
1465 2679 1722 2743 invenire,
1755 2686 1808 2732 et
1838 2677 1935 2731 tria

346 2766 605 2852 “om
625 2784 745 2845 quae
759 2773 1123 2845 separabiliter
1139 2771 1586 2843 pronuntientur‘,
1607 2766 1935 2838 inseparabi-

503 2858 816 2941 Gperentnr.
844 2867 1087 2935 Quatram
1109 2906 1124 2928 ,
1155 2866 1377 2934 quaerite
1390 2868 1630 2920 ‘mccum.
1677 2862 1793 2917 Non
1838 2874 1938 2933 ego

345 2958 656 3027 hirtis",
682 2956 779 3016 sed
802 2970 899 3013 vos
927 2957 979 3012 in
1008 2956 1177 3021 vobis,
1207 2965 1260 3010 ct
1285 2970 1384 3026 ego
1409 2955 1460 3012 in
1492 2970 1593 3010 mc.
1627 2955 1937 3022 Quaeramus

771 3060 826 3107 et
852 3062 1187 3107 communem
1222 3058 1457 3103 naturam
1494 3056 1650 3117 atque
1688 3047 1935 3102 substan-

342 3136 868 3215 Iﬂi'couimuniter
894 3148 1300 3211 pertractemus.

690 3226 800 3289 ﬁl,
853 3264 924 3274 —
988 3232 1073 3288 18.
1122 3232 1305 3286 Anima
1355 3241 1524 3286 nostra
1567 3233 1634 3285 ad
1670 3233 1934 3304 imaginem

478 3324 652 3390 facta.
686 3318 869 3390 ‘Yide,
922 3342 954 3376 υ
1001 3319 1163 3376 homo
1193 3363 1209 3389 ,
1259 3322 1475 3378 adverte
1532 3323 1579 3380 si
1625 3338 1804 3378 verum
1853 3332 1936 3379 est

412 3402 663 3473 “dim.
692 3412 937 3470 llabesne
975 3429 1168 3483 corpus
1189 3456 1203 3476 ,
1238 3413 1402 3468 habes
1440 3413 1691 3467 carnem?
1720 3413 1898 3469 llabco
1918 3457 1931 3478 ,

604 3496 736 3565 Nam
784 3507 925 3561 unde
972 3515 1088 3571 cst,
1144 3505 1284 3560 unde
1345 3504 1395 3559 in
1453 3505 1571 3560 loco
1600 3521 1752 3569 sum,
1793 3506 1935 3562 unde

343 3580 592 3655 ὰἿὸω
651 3598 703 3653 in
760 3596 933 3652 locum
984 3597 1244 3651 moveor?
1299 3595 1449 3652 Unde
1500 3596 1656 3651 verba
1714 3598 1935 3667 loquen-

670 3684 789 3743 nisi
815 3704 908 3759 per
935 3698 1116 3743 aurem
1160 3688 1373 3742 carnis?
1399 3687 1553 3743 Unde
1578 3704 1638 3742 os
1664 3686 1933 3757 loquentis

578 3778 677 3835 nisi
704 3796 798 3852 per
823 3780 1005 3835 oculos
1043 3780 1260 3835 carnis?
1310 3778 1515 3843 liabes,
1565 3789 1801 3840 constat,
1835 3795 1933 3833 nec

342 3872 443 3929 Ilia
492 3860 836 3944 inligandam
878 3880 961 3927 est
998 3870 1065 3925 dc
1118 3868 1508 3926 re'manilcsta.
1562 3870 1692 3926 \‘ide
1733 3866 1930 3940 aliquid

342 3963 495 4018 aliud
512 4005 526 4025 ,
554 3964 674 4018 vide
701 3962 842 4034 quod
887 3970 1138 4032 operatur
1167 3977 1261 4030 per
1288 3975 1525 4016 carnem.
1573 3961 1740 4015 Audis
1787 3960 1931 4016 enim

344 4070 483 4109 aure
502 4096 516 4117 ,
539 4054 632 4109 sed
663 4071 768 4109 non
796 4052 863 4107 ab
888 4068 1017 4108 aure
1042 4052 1211 4109 audis.
1252 4052 1407 4108 Alius
1427 4062 1512 4108 est
1549 4053 1688 4107 intus
1720 4054 1807 4124 qui
1838 4068 1931 4107 an-

341 4146 429 4205 di
809 4145 969 4213 Vides
988 4160 1081 4215 per
1103 4145 1347 4211 oculum,
1377 4145 1545 4214 ipsum
1582 4145 1806 4201 intuere.
1846 4146 1929 4203 An

340 4238 852 4310 “amovisti
872 4277 891 4304 ,
920 4238 1271 4295 habitatorem
1292 4237 1605 4307 neglexisti?
1635 4236 1928 4307 Numquid-

343 4342 475 4384 nam
497 4329 641 4383 ridet
661 4328 845 4383 oculus
872 4343 967 4397 per
992 4342 1051 4383 se
1077 4327 1285 4397 ipsum?
1311 4326 1499 4383 Nonne
1541 4327 1680 4381 alius
1715 4339 1798 4387 est
1838 4328 1927 4397 qui

337 4422 491 4476 videt
518 4436 609 4490 per
635 4420 885 4477 oculum?
914 4419 1028 4476 Non
1075 4419 1196 4477 dico
1214 4459 1229 4482 ,
1265 4418 1379 4475 Non
1407 4420 1546 4475 videt
1572 4420 1759 4487 oculus
1788 4436 1930 4475 mor-

340 4513 419 4565 tui
436 4553 452 4575 ,
477 4511 547 4565 de
569 4527 673 4581 quo
698 4519 903 4566 constat
926 4525 1150 4583 corpore
1177 4509 1527 4565 habitatorem
1559 4510 1882 4566 abscessisse
1907 4531 1922 4570 :

338 4603 438 4657 sed
486 4603 671 4657 oculus
709 4601 775 4656 de
826 4617 885 4656 re
915 4601 1017 4657 alia
1056 4602 1368 4673 cogitantis,
1412 4618 1519 4658 non
1558 4602 1699 4658 videt
1738 4602 1923 4659 faciem

338 4692 645 4762 prmsentis.
671 4692 892 4761 Respice
926 4708 1053 4762 ergo
1099 4691 1402 4747 interiorem
1435 4692 1700 4748 hominem
1754 4704 1921 4750 tuum.

343 4784 418 4839 Ibi
449 4783 592 4837 cnim
621 4784 787 4853 magis
811 4783 984 4852 aliqua
1032 4781 1322 4838 similitudo
1360 4785 1642 4854 qumrenda
1683 4794 1765 4840 est
1793 4802 1924 4856 (ιιιοο

339 4873 760 4929 rutndamlrium
774 4876 1057 4942 separatim
1075 4873 1579 4938 demonstraturum,
1601 4876 1924 4947 inseparabi-

337 4962 468 5018 liter
493 4964 841 5033 operantium.
866 4962 1001 5032 Qnid
1029 4963 1185 5017 habet
1212 4979 1360 5016 mens
1387 4964 1505 5017 tua?
1532 4963 1691 5020 Forte
1716 4965 1759 5020 si
1778 4982 1922 5037 qua:-

338 5071 455 5110 ram
477 5098 493 5120 ,
525 5057 687 5110 multa
717 5057 929 5112 invenio
954 5075 968 5111 :
992 5056 1084 5111 sed
1104 5057 1297 5127 aliquid
1327 5058 1624 5127 proximum
1649 5070 1752 5125 est,
1779 5059 1918 5131 quod

343 5146 556 5202 facilius
605 5147 938 5217 intelligitur.
991 5146 1127 5214 Quid
1174 5146 1334 5203 habet
1381 5148 1557 5204 anima
1600 5151 1730 5205 tua?
1775 5151 1921 5205 lotus

341 5250 728 5303 commemora,
760 5238 937 5292 recole
965 5237 1005 5290 ³.
1034 5237 1147 5291 Non
1177 5237 1315 5292 enim
1341 5239 1481 5309 quod
1511 5240 1749 5296 dicionis
1780 5256 1918 5307 smn,

336 5328 394 5384 id
424 5342 588 5397 posco
625 5335 686 5382 ut
718 5327 969 5384 credatur
1012 5330 1178 5384 mihi:
1210 5330 1312 5385 noli
1342 5343 1649 5401 acceptare,
1679 5333 1723 5386 si
1772 5333 1825 5387 in
1870 5342 1920 5388 te

336 5421 755 5503 amt-inveneris.
779 5421 988 5477 Intuere
1008 5436 1154 5492 ergo,
1172 5422 1265 5478 sed
1285 5422 1452 5492 primo
1470 5423 1606 5495 quod
1628 5424 1916 5490 exciderat,

376 5508 419 5598 ’.ξ
444 5538 549 5598 φο
564 5539 696 5598 at...
716 5532 1170 5598 “mobiliter
1191 5536 1583 5588 «nummum

330 5594 527 5705 ﬁgite
546 5594 674 5657 apud
696 5594 807 5644 the.
829 5594 1037 5652 militum,
1054 5604 1096 5645 ct
1122 5611 1198 5647 ma
1219 5598 1269 5646 in
1292 5609 1398 5655 nte;
1419 5600 1546 5662 qian
1570 5598 1631 5647 ab
1647 5598 1754 5650 aliis
1784 5599 1920 5651 libris

396 5715 423 5749 ‘
442 5725 545 5765 am.
570 5720 649 5765 Fr.
670 5721 726 5780 et
743 5714 927 5780 aliquot
950 5723 1077 5775 35s.,
1108 5731 1436 5775 canunrmoro,
1471 5719 1639 5770 male.
1665 5728 1916 5775 Fussalen-

331 5776 399 5824 ὡ
425 5784 489 5823 \Ls
511 5812 525 5833 ,
552 5776 725 5832 recole.
752 5776 1075 5828 rmitmetmnn.

592 5856 865 5918 ΡΑτιιοιμ
912 5855 1084 5918 XXX
1109 5864 1264 5930 \‘ill.

3527 392 3631 445 3ὴέ

2060 483 2351 550 videamus,
2380 486 2423 538 si
2454 485 2612 539 homo
2656 502 2765 543 non
2793 489 2908 546 Filii
2939 500 3138 547 imiimi
3186 494 3359 566 ini:th
3399 509 3475 553 est
3503 546 3513 555 .
3545 517 3629 557 aut

2058 572 2228 629 Patris
2255 584 2455 630 tantum
2486 579 2660 648 imago
2688 591 2770 635 est
2789 622 2804 644 ,
2853 583 2945 637 sed
2975 583 3146 639 Patris
3186 597 3237 640 et
3267 586 3415 655 Filii;
3446 603 3499 646 et
3529 608 3632 647 nu-

2053 678 2157 731 qnc
2175 665 2285 733 jam
2310 678 2704 737 consequenter
2728 681 2783 727 et
2814 673 3048 742 Spiritus
3079 678 3268 732 sancti.
3309 679 3533 737 Genmis
3558 686 3632 735 to-

2053 760 2271 825 quitur:
2300 759 2595 826 Faciamus,
2640 763 2840 835 inquit,
2873 770 3127 823 hominem
3171 772 3240 824 ad
3277 773 3547 843 imaginem
3588 789 3633 830 rt

2051 848 2428 905 similitudinem
2450 863 2676 907 nostram
2702 854 2854 925 (Gen.
2885 857 3037 927 t.‘26).
3066 859 3181 914 Non
3210 877 3338 932 ergo
3380 864 3506 921 facit
3534 867 3631 921 Pa-

2054 946 2135 992 ter
2156 940 2275 995 sine
2294 940 2456 1005 Filiox
2488 958 2584 997 nec
2608 945 2782 999 Filius
2810 947 2926 1001 sine
2953 949 3126 1003 Patre.
3172 950 3445 1009 Faciamus
3468 957 3628 1010 homi-

2051 1045 2162 1082 nem
2187 1030 2259 1083 ad
2282 1032 2554 1103 imaginem
2578 1045 2626 1089 et
2647 1036 3029 1092 similitudinem
3048 1053 3291 1097 nostram.
3320 1044 3628 1111 Faciamus;

2051 1134 2178 1184 non,
2200 1120 2431 1188 Faciam;
2448 1132 2560 1187 aut,
2578 1125 2664 1181 fac
2680 1143 2694 1191 ;
2713 1136 2823 1193 aut,
2843 1130 2998 1187 iaciat
3016 1132 3102 1189 ille
3121 1135 3269 1202 :sed,
3292 1137 3540 1206 [adamas
3557 1142 3632 1193 ad

2053 1209 2320 1279 imaginem
2339 1231 2358 1277 ς
2380 1230 2505 1280 non,
2540 1216 2707 1273 Tuam
2730 1230 3087 1283 ;-ant,.meam
3110 1242 3124 1289 ;
3147 1228 3260 1289 δρᾶ,
3284 1231 3354 1285 ad
3383 1240 3632 1287 nostram.

2126 1302 2210 1355 i9.
2270 1302 2531 1360 Trinitatis
2572 1309 2853 1365 similitudo
2894 1314 2949 1367 in
2991 1316 3212 1372 nomine.
3266 1320 3406 1390 Ergo
3439 1324 3629 1378 ληιστ-

2051 1408 2210 1457 rugo,
2235 1394 2543 1452 dissimilem
2572 1416 2682 1455 rem
2712 1401 2853 1458 dico.
2893 1404 3061 1460 Nemo
3093 1407 3236 1464 dicat
3266 1428 3278 1463 :
3311 1412 3446 1467 Ecce
3487 1416 3627 1485 quod

2049 1488 2369 1552 continuavit
2394 1487 2663 1544 DeoIJam
2690 1491 2895 1549 locutus
2919 1511 3034 1551 sum
3063 1540 3077 1564 ,
3110 1510 3169 1554 et
3195 1503 3547 1569 prrrlocutus,
3573 1519 3627 1559 et

2048 1582 2237 1629 cautos
2260 1577 2504 1643 reddidi,
2546 1591 2603 1637 et
2639 1594 2826 1638 cautus
2860 1586 2953 1639 fui.
2987 1588 3170 1660 Lotige
3206 1593 3306 1646 ista
3339 1593 3567 1655 distant.
3595 1613 3624 1650 a

2048 1669 2269 1722 summis
2288 1669 2411 1737 ima,
2431 1673 2497 1725 ab
2520 1674 3038 1735 incommutabilibns
3063 1685 3356 1750 nmtabilia,
3384 1700 3411 1738 a
3441 1701 3627 1740 crean-

2049 1758 2185 1811 tibus
2207 1768 2407 1825 creata,
2430 1779 2463 1817 a
2486 1763 2678 1818 divinis
2709 1767 2961 1823 humana.
2990 1771 3124 1826 Ecce
3164 1775 3336 1843 primo
3365 1776 3628 1832 hoccona-

2047 1848 2260 1913 mendo,
2300 1851 2421 1920 quia
2449 1854 2589 1922 quod
2619 1854 2856 1911 dicturus
2883 1874 3002 1914 sum
3042 1861 3200 1932 longe
3240 1865 3436 1933 distat,
3468 1883 3627 1924 nemo

2047 1937 2173 2027 mihi
2198 1939 2569 1996 calumnietur.
2606 1943 2683 1999 No
2716 1947 2851 2003 forte
2869 1960 2998 2020 ergo
3040 1961 3094 2007 ct
3143 1966 3244 2023 ego
3293 1971 3450 2013 aures
3475 1975 3625 2030 qua--

2045 2036 2157 2082 ram
2177 2064 2194 2093 ,
2219 2038 2279 2084 et
2302 2030 2391 2087 ille
2409 2033 2597 2090 dentes
2637 2046 2805 2105 paret,
2833 2038 2936 2094 hoc
2965 2057 3052 2097 me
3092 2047 3309 2114 promisi
3354 2048 3623 2105 exhibitu-

2045 2135 2193 2185 rnm,
2216 2123 2386 2193 aliqua
2414 2128 2511 2179 tria
2534 2127 2895 2186 demonstrata
2928 2138 3213 2204 separatim
3233 2181 3248 2203 ,
3281 2152 3496 2209 operata
3539 2145 3622 2198 in-

2044 2213 2430 2279 separabiliter.
2484 2216 2653 2283 Quam
2702 2220 2810 2274 sint
2850 2222 2945 2276 ista
2987 2224 3177 2279 similia
3223 2230 3305 2286 vel
3346 2232 3624 2290 dissimilia

2049 2299 2293 2391 Trinitati
2338 2308 2700 2378 ,omnipotenti
2730 2352 2746 2377 ,
2821 2328 2928 2368 non
2986 2330 3131 2373 unite
3195 2335 3297 2391 ago
3343 2339 3361 2375 :
3402 2325 3493 2379 sed
3572 2329 3623 2381 in

2048 2390 2158 2458 ipsa
2189 2404 2429 2450 creatura
2461 2397 2562 2451 ima
2589 2409 2642 2454 et
2676 2403 2914 2458 mutabili
2955 2406 3254 2465 invenimus
3279 2413 3452 2485 aliqua
3498 2419 3623 2480 tria,

2220 2487 2422 2554 possint
2460 2492 2836 2560 separabilitcr
2877 2495 3229 2577 demonstrari
3252 2545 3265 2566 ,
3307 2514 3362 2559 et
3392 2507 3625 2577 'insepa-

2046 2573 2282 2630 rabiliter
2330 2581 2562 2648 operari.
2615 2582 2663 2636 0
2697 2586 2932 2641 carnalis
2956 2575 3237 2659 cogitatio,
3266 2603 3321 2648 ct
3349 2573 3626 2653 conscii-n-

2047 2665 2114 2756 tia
2138 2667 2376 2733 pertinax
2404 2670 2853 2739 atqueinlidclis!
2909 2676 3046 2747 Quid
3100 2680 3167 2735 de
3212 2684 3299 2736 illa
3345 2679 3620 2756 Maiestate

2046 2755 2291 2849 incliabili
2322 2759 2373 2812 in
2421 2775 2480 2815 ea
2512 2778 2569 2817 re
2600 2762 2812 2818 dubitas
2833 2806 2848 2826 .
2895 2781 3050 2837 quam
3079 2771 3131 2824 in
3161 2781 3213 2826 tc
3257 2774 3497 2833 invenire
3526 2795 3625 2849 po-

2045 2847 2232 2904 tuisti?
2262 2850 2397 2905 Ecce
2417 2851 2555 2918 dico,
2584 2869 2709 2911 ecce
2731 2857 3039 2930 interrogo:
3076 2861 3279 2929 Homo,
3314 2866 3478 2924 habes
3511 2847 3625 2924 si..-

2044 2938 2380 2997 moriam?8l
2400 2959 2509 3001 non
2535 2945 2719 3013 habes,
2752 2949 2895 3019 quod
2922 2950 3029 3007 dixi
3071 2956 3338 3025 quomodo
3366 2962 3616 3018 tenuisti?

2043 3029 2150 3087 Sed
2176 3032 2313 3091 forte
2340 3035 2472 3106 jam,
2496 3039 2636 3104 quod
2663 3042 2822 3109 paulo
2848 3050 2977 3099 ante
2998 3042 3106 3099 dixi
3129 3068 3155 3114 ,-
3173 3047 3370 3105 oblitus
3405 3067 3483 3109 es.
3514 3054 3625 3111 lloc

2042 3125 2214 3197 ipsum
2245 3128 2384 3199 quod
2411 3128 2550 3197 dico,
2579 3132 2720 3197 Dixi;
2752 3134 2883 3189 duas
2915 3137 3041 3190 istas
3080 3140 3313 3210 syllabas
3338 3158 3444 3200 non
3470 3152 3623 3202 tene-

2041 3233 2156 3285 res,
2189 3220 2291 3275 nisi
2317 3236 2411 3291 per
2433 3224 2768 3280 memoriam.
2800 3226 2949 3281 [inde
2965 3229 3105 3284 enim
3130 3233 3299 3287 scires
3327 3235 3463 3292 duas
3478 3253 3620 3303 esse.

2041 3308 2087 3397 si
2111 3319 2334 3366 sonante
2359 3311 2587 3367 secunda
2617 3313 2817 3367 oblitus
2858 3330 3005 3371 esses
3032 3322 3299 3388 primam?
3322 3325 3458 3393 Quid
3492 3343 3620 3397 ergo

2041 3396 2241 3453 diutius
2287 3400 2576 3457 immorer?
2600 3418 2765 3472 quare
2805 3405 2880 3460 sic
2914 3411 3145 3477 urgeor?
3168 3428 3335 3481 quare
3359 3415 3436 3470 sic
3459 3431 3621 3487 cogor

2041 3490 2355 3545 convincere
2371 3493 2399 3545 τ’
2422 3492 2751 3549 Manifestum
2777 3506 2880 3559 est,
2906 3497 3069 3554 babes
3094 3506 3425 3560 memorimn.
3448 3508 3609 3574 Quae.

2042 3592 2103 3630 ro
2129 3573 2271 3632 aliud
2304 3579 2510 3635 :liabes
2537 3580 2861 3639 ittlclieclum
2882 3585 3135 3653 ?l~iabeo,
3168 3591 3364 3661 inquis.
3392 3594 3448 3651 Si
3470 3573 3612 3651 enim

2041 3683 2149 3723 non
2194 3667 2420 3725 haberes
2447 3675 2790 3739 memoriam,
2831 3691 2936 3731 non
2964 3687 3177 3735 teneres
3211 3683 3354 3753 quod
3383 3685 3492 3743 dixi
3523 3706 3536 3742 :
3571 3691 3614 3744 si

2041 3775 2144 3812 non
2160 3759 2382 3815 haberes
2405 3763 2748 3832 intellectum,
2768 3780 2873 3821 non
2892 3782 3211 3838 agnosceres
3221 3775 3361 3845 quod
3382 3781 3615 3834 tenuisti.

2042 3851 2215 3907 llabcs
2238 3853 2433 3908 ethoc.
2468 3854 2795 3915 intellectum
2826 3864 2970 3913 tuum
2997 3860 3067 3914 ad
3108 3862 3157 3916 id
3200 3866 3343 3935 quod
3366 3868 3508 3924 intus
3535 3881 3616 3925 te-

2041 3960 2135 4000 nes
2158 3987 2173 4007 ,
2197 3960 2435 4013 revocas,
2456 3958 2510 4003 et
2536 3949 2702 4015 vides,
2734 3960 2788 4006 et
2817 3952 3045 4009 videndo
3067 3953 3333 4025 l‘onnaris,
3362 3969 3421 4015 ut
3438 3963 3617 4018 sciens

2038 4039 2248 4093 dicaris.
2281 4039 2515 4093 Tertium
2553 4054 2736 4110 qurere
2761 4042 2982 4098 :‘llabes
3010 4053 3351 4114 memoriam,
3395 4066 3498 4120 qua
3539 4063 3619 4109 te-

2039 4143 2166 4183 neas
2191 4129 2331 4199 quod
2368 4130 2592 4193 dicitur;
2628 4130 2793 4187 habes
2832 4132 3186 4201 intellectum,
3222 4152 3331 4207 quo
3357 4141 3618 4211 intelligas

2036 4218 2174 4287 quod
2202 4227 2439 4285 tenetur;
2471 4217 2538 4274 de
2580 4219 2665 4276 his
2712 4219 2920 4275 duobus
2950 4226 3164 4294 requiro
3186 4226 3283 4283 abs
3313 4238 3395 4296 te,
3432 4233 3616 4288 volens

2039 4310 2251 4364 tenuisti
2272 4319 2335 4364 et
2368 4306 2714 4366 intellexisti?
2757 4312 2953 4369 Veiens
2984 4315 3142 4385 plane
3164 4360 3179 4384 ,
3210 4319 3403 4390 inquis.
3440 4323 3616 4381 Habes

2035 4416 2162 4470 ergo
2176 4401 2525 4457 voluntatem.
2542 4401 2666 4457 liaac
2685 4412 2809 4458 sunt
2826 4404 2950 4473 tria,
2975 4422 3093 4478 qua:
3108 4418 3194 4464 me
3212 4409 3477 4471 dicturum
3493 4430 3614 4473 esse

2033 4494 2381 4564 promiseram
2397 4494 2612 4550 auribus
2626 4503 2681 4550 et
2701 4496 2969 4551 mentibus
2987 4500 3198 4554 vestris.
3216 4501 3341 4558 Tria
3366 4505 3615 4565 hmcsunt

2036 4585 2087 4637 in
2115 4593 2191 4648 lc,
2217 4598 2335 4654 qum
2364 4598 2515 4653 porcs
2555 4600 2865 4654 numerare,
2909 4598 2963 4643 ct
3005 4601 3305 4662 nonpotes
3343 4610 3608 4667 separare.

2037 4675 2159 4731 limo
2178 4689 2305 4745 ergo
2332 4675 2454 4741 tria,
2498 4680 2846 4743 memoriam,
2887 4680 3246 4750 intellectum,
3284 4696 3340 4741 et
3376 4690 3644 4757 volunta-t

2032 4775 2174 4834 tem;
2203 4768 2319 4822 htee
2338 4810 2353 4834 ,
2386 4769 2621 4840 inquam,
2654 4769 2751 4823 tria
2782 4769 3149 4829 animadverte
3176 4780 3459 4845 separatim
3492 4796 3610 4852 pro.

2033 4860 2293 4924 nuntiari,
2324 4860 2745 4927 inseparabiliter
2757 4861 2985 4929 operari.
3304 4894 3319 4909 π

2099 4951 2183 5005 CA
2195 4949 2326 5007 NJT
2364 4949 2573 5004 Villu—
2587 4948 2677 5004 20.
2708 4948 2974 5011 Memoria.
3002 4953 3281 5009 intellectas
3295 4966 3345 5010 ει
3356 4959 3606 5031 voluntas,

2030 5054 2077 5099 et
2099 5042 2445 5114 separabiliter
2468 5042 2894 5108 demonstrantur,
2916 5044 3382 5112 «inseparabiliter
3396 5065 3606 5121 ορεναη.

2031 5147 2130 5190 (nr.
2165 5135 2349 5191 Aderit
2403 5133 2688 5195 Dominus,
2735 5142 2787 5187 et
2823 5134 2980 5187 video
3015 5134 3159 5204 quod
3208 5132 3350 5192 adsit
3386 5157 3491 5199 :ex
3525 5146 3604 5198 in-

2030 5227 2244 5280 teilcctu
2273 5234 2455 5278 vestro
2481 5222 2718 5293 intelligo
2742 5237 2864 5277 cum
2890 5222 3096 5279 adesse.
3146 5223 3223 5280 Ex
3248 5225 3329 5283 his
3350 5230 3492 5286 enim
3517 5249 3601 5289 vo-

2028 5320 2178 5375 cibus
2198 5318 2395 5389 ycstris
2413 5359 2428 5382 ,
2458 5315 2901 5386 quemadmodum
2934 5316 3321 5385 intellexeritis,
3345 5319 3594 5393 adverto;

2029 5424 2296 5484 praesumo
2319 5424 2440 5464 cum
2461 5407 2796 5478 adiuturum,
2839 5415 2897 5461 ut
2924 5408 3099 5461 omnia
3126 5407 3451 5481 intelligetis.
3480 5413 3603 5472 Tria

2028 5503 2244 5572 promisi
2309 5498 2681 5572 separabilitcr
2737 5499 3122 5563 demimstrari,
3177 5500 3601 5571 inseparabiliter

2027 5593 2257 5664 operari.
2314 5593 2451 5648 Ecce
2488 5591 2807 5647 nesciebam
2836 5589 2961 5661 quid
3007 5599 3153 5645 esset
3188 5590 3451 5649 inanimo
3477 5606 3569 5652 tuo

2025 5684 2401 5739 demonstrasti
2439 5683 2569 5738 mihi
2597 5681 2825 5737 dicendo
2848 5723 2862 5743 ,
2892 5681 3164 5736 Memoria.
3209 5683 3318 5739 Hoc
3343 5686 3593 5757 verbum,

2029 5789 2190 5832 sonus
2218 5775 2337 5835 iste,
2361 5790 2461 5829 vox
2484 5776 2578 5827 ista
2603 5776 2856 5845 pret-essit
2881 5773 2945 5826 ad
2975 5787 3130 5833 aures
3157 5789 3304 5829 meas
3330 5777 3397 5832 ab
3415 5780 3594 5837 animo

2987 5867 3297 5939 (Dousa)
