3938 6186
360 330 466 384 363

365 458 474 498 tuo.
504 444 613 498 lloe
647 443 789 496 enim
817 439 955 509 quod
1000 447 1081 492 est
1125 433 1399 499 momoria,
1429 435 1594 488 tacite
1637 433 1935 503 cogitabas,

361 512 419 588 et
441 549 546 588 non
572 531 804 588 dicebas.
833 530 958 584 Erat
985 528 1037 582 in
1061 537 1132 594 te,
1161 525 1478 582 et-noudum
1507 533 1725 580 venerat
1743 522 1810 580 ad
1833 540 1935 578 me.

366 625 437 679 Ut
461 633 635 678 autem
667 619 808 692 quod
833 628 946 674 erat
973 618 1025 672 in
1057 625 1110 673 te
1138 615 1464 686 proferretur
1509 613 1577 669 ad
1617 629 1725 680 me,
1753 613 1937 669 dixisti

364 718 536 786 ipsum
567 726 762 768 nomen
782 752 796 778 ,
825 709 878 765 id
903 717 1004 775 est,
1028 708 1299 764 Memoria.
1331 705 1561 762 Audivi:
1593 714 1822 775 quatuor
1843 705 1940 760 bas

366 804 597 876 syllabas
621 802 674 858 in
704 800 918 857 nomine
938 799 1208 855 memoria:
1230 797 1426 854 audivi.
1450 797 1686 864 Quatuor
1713 795 1942 867 syllaba-

367 910 485 949 rum
515 908 708 949 nomen
755 902 859 958 est,
903 905 1008 945 vox
1046 898 1155 955 est,
1185 889 1394 956 sonuit,
1434 888 1501 943 ad
1543 902 1728 944 aurem
1765 902 1938 942 meam

366 985 646 1054 processit,
662 980 828 1038 menti
847 979 1046 1051 aliquid
1067 979 1368 1034 insinuavit.
1391 977 1544 1046 Quod
1567 978 1748 1034 sonuit
1767 987 1939 1032 trans-

364 1078 458 1142 iit,
485 1075 626 1130 unde
655 1074 977 1130 insinuatum
1001 1080 1057 1128 et
1085 1070 1226 1141 quod
1260 1070 1589 1126 insinuatum
1614 1078 1699 1126 est
1737 1079 1936 1125 manet.

365 1168 469 1222 Sed
500 1167 602 1222 hoc
622 1181 820 1236 qurere,
849 1163 1061 1235 quando
1083 1162 1266 1218 dixisti
1306 1164 1407 1218 hoc
1433 1177 1626 1218 nomen
1660 1162 1936 1228 Memoria,

363 1261 512 1316 vides
541 1268 686 1314 certe
709 1258 832 1328 quia
859 1257 962 1311 hoc
991 1271 1185 1310 nomen
1211 1269 1318 1309 non
1342 1255 1571 1325 pertinet
1599 1253 1701 1309 nisi
1723 1253 1790 1308 ad
1819 1269 1938 1308 me-

363 1353 608 1406 moriam.
639 1349 841 1404 Caztera
871 1349 1015 1404 enim
1043 1347 1150 1403 duo
1175 1347 1370 1402 habent
1393 1346 1609 1402 nomina
1639 1359 1755 1401 sua.
1781 1345 1940 1400 Nam-

363 1458 465 1510 que
509 1439 652 1496 aliud
700 1451 918 1495 vocatur
956 1438 1276 1504 intellectus,
1318 1437 1462 1493 aliud
1511 1437 1790 1500 voluntas,
1833 1451 1939 1490 non

363 1531 617 1586 memoria
651 1549 663 1584 :
695 1529 826 1585 illud
865 1538 1041 1585 autem
1078 1543 1240 1583 unum
1271 1536 1489 1583 vocatur
1525 1527 1804 1582 memoria.
1835 1526 1938 1581 Sed

362 1632 421 1676 ut
448 1623 548 1676 hoc
568 1621 794 1686 diceres,
827 1628 885 1674 ut
925 1629 1152 1690 quatuor
1180 1619 1310 1674 istas
1335 1618 1567 1690 syllabas
1602 1617 1901 1688 operarcris
1922 1655 1936 1678 .

359 1711 504 1767 unde
531 1719 784 1782 speratus
811 1711 908 1766 es?
951 1711 1063 1766 Iloc
1099 1725 1294 1766 nomen
1338 1709 1479 1780 quod
1513 1711 1740 1779 pertinet
1762 1708 1828 1762 ad
1851 1723 1937 1763 so.

360 1803 464 1857 lam
495 1802 835 1867 memoriam,
863 1809 1079 1871 operata
1099 1809 1184 1856 est
1213 1801 1266 1854 in
1293 1809 1344 1854 te
1361 1810 1417 1855 et
1451 1799 1728 1864 memoria,
1764 1807 1823 1852 ut
1860 1808 1941 1853 te-

360 1908 515 1948 neres
535 1891 675 1962 quod
695 1891 944 1957 dicebas;
973 1900 1028 1945 et
1050 1890 1370 1956 intellectus,
1401 1899 1458 1944 ut
1481 1889 1648 1944 scires
1675 1887 1816 1959 quod
1857 1896 1938 1942 te-

361 1983 558 2046 nebas;
587 1992 641 2038 et
671 1983 935 2048 voluntas,
983 1990 1042 2036 ut
1071 1981 1337 2051 proferres
1370 1980 1512 2050 quod
1553 1979 1781 2035 sciebas.
1808 1978 1941 2034 Gra-

359 2077 462 2129 tias
493 2075 718 2130 Domino
757 2074 866 2128 Deo
893 2083 1096 2127 nostro.
1132 2071 1349 2141 Adjuvit
1379 2084 1494 2136 nos,
1525 2077 1579 2124 et
1607 2071 1660 2124 iu
1707 2069 1858 2124 vobis
1883 2079 1940 2124 et

359 2169 413 2221 in
455 2166 628 2224 nobis.
664 2165 802 2221 Vere
829 2164 949 2220 dico
973 2162 1234 2219 Charitati
1263 2169 1479 2229 vestrae,
1509 2161 1612 2216 hoc
1649 2161 1939 2216 discutieno

357 2259 483 2312 dum
511 2265 566 2313 et
607 2255 985 2312 iusinuandum
1035 2253 1391 2324 trepidissime
1442 2266 1722 2323 aggressus
1765 2266 1932 2306 erant.

357 2348 652 2404 Metuebam
681 2346 823 2402 enim
852 2359 921 2400 ne
953 2343 1090 2400 forte
1121 2344 1445 2399 laetiﬁcarem
1478 2343 1752 2412 capacium
1787 2343 1936 2412 iugc-

357 2441 542 2505 nium,
573 2447 627 2493 et
654 2435 888 2491 facerem
930 2448 1093 2506 grave
1141 2434 1464 2489 tardioribus
1508 2433 1744 2488 tindium.
1788 2432 1938 2486 Nunc

357 2538 535 2582 autem
564 2525 718 2582 video
749 2518 843 2580 vo's
868 2534 924 2579 et
948 2524 1244 2580 attentione
1270 2521 1554 2589 audiendi,
1584 2531 1639 2578 et
1662 2523 1935 2578 celeritate

357 2616 719 2690 intelligendi,
755 2630 864 2670 non
897 2614 1066 2670 solum
1103 2615 1408 2684 percepisse
1433 2612 1656 2679 dictum,
1687 2613 1780 2668 sed
1803 2629 1932 2682 pra:-

355 2709 564 2764 volasse
591 2707 855 2762 dicturum
891 2723 905 2760 :
931 2704 1139 2760 Gratias
1163 2705 1407 2759 Domino.

423 2798 649 2856 CAPUT
687 2796 776 2852 IX.
808 2825 882 2837 —
921 2795 1011 2850 2i.
1042 2794 1125 2850 Ea:
1161 2794 1240 2850 his
1289 2794 1444 2848 tribus
1491 2793 1775 2848 illustratur
1820 2792 1938 2847 Tri-

354 2890 528 2945 nitatis
574 2887 884 2958 mysterium.
933 2884 1121 2940 Videte
1161 2899 1320 2953 ergo,
1361 2883 1470 2953 jam
1515 2896 1735 2940 securus
1784 2897 1933 2939 conio

356 2981 548 3038 mendo
571 2979 710 3050 quod
752 2977 1127 3042 intellexistis;
1176 2990 1282 3030 non
1331 2975 1540 3030 inculco
1588 2975 1932 3045 incognitum,

354 3071 453 3126 sed
479 3079 723 3140 repetens
771 3065 1089 3124 commendo
1119 3073 1444 3135 perceptum.
1490 3065 1628 3121 Ecce
1669 3065 1737 3121 de
1765 3067 1936 3121 tribus

355 3167 457 3220 illis
481 3179 583 3219 una
605 3177 692 3217 res
722 3161 988 3216 nominata
1033 3167 1150 3225 est,
1188 3159 1344 3212 unius
1387 3158 1462 3211 rei
1510 3173 1706 3212 nomen
1735 3157 1932 3213 dictum

352 3266 435 3310 t-st
464 3274 476 3310 :
506 3254 757 3310 Memoria
785 3265 979 3306 nomen
1024 3259 1106 3306 est
1133 3248 1288 3304 unius
1309 3264 1370 3302 ex
1400 3247 1504 3302 illis
1526 3248 1724 3315 tribus,
1769 3257 1820 3302 et
1850 3257 1932 3302 ta-

351 3363 473 3403 men
493 3361 686 3401 nomen
715 3345 868 3398 unius
891 3357 959 3398 ex
979 3342 1082 3397 illis
1111 3341 1281 3396 tribus
1303 3341 1400 3396 tria
1423 3341 1535 3411 ipsa
1555 3349 1772 3410 operata
1787 3350 1928 3395 sunt.

349 3439 466 3493 Non
490 3438 657 3508 potuit
682 3435 782 3490 dici
804 3434 915 3489 sola
937 3433 1216 3499 memoria,
1236 3432 1335 3488 nisi
1359 3440 1611 3502 operante
1636 3433 1926 3497 voluntate,

351 3528 623 3584 intellectu
652 3534 705 3581 et
732 3527 1007 3580 memoria.
1031 3523 1146 3578 Non
1188 3533 1362 3593 potest
1399 3522 1502 3578 diei
1546 3523 1692 3578 solus
1719 3523 1929 3578 intelle—

348 3632 466 3674 etus
485 3661 501 3685 ,
531 3619 628 3673 nisi
659 3626 914 3687 operante
940 3615 1216 3682 memoria,
1245 3615 1514 3670 voluntate
1547 3623 1601 3669 et
1621 3615 1924 3670 intellectu:

349 3728 448 3769 nec
477 3719 648 3781 potest
669 3709 773 3764 dici
797 3708 910 3764 sola
938 3707 1182 3763 voluntas
1209 3748 1223 3772 ,
1256 3705 1359 3760 nisi
1381 3714 1639 3774 operante
1668 3706 1924 3762 memoria

349 3815 402 3858 et
431 3802 699 3857 intellectu
725 3807 780 3856 et
803 3798 1090 3854 voluntate.
1116 3796 1394 3868 Explicata
1415 3804 1557 3863 sunt,
1589 3806 1647 3851 ut
1670 3797 1924 3864 arbitror,

348 3909 466 3962 qua:
493 3891 750 3963 promissa
779 3895 904 3946 sunt
930 3906 944 3942 :
968 3887 1108 3960 quod
1133 3886 1418 3957 separatim
1447 3886 1818 3956 pronuntiavi,
1842 3887 1923 3940 iu-

347 3987 711 4057 separabiliter
728 3984 974 4056 cogitavi.
1013 3982 1188 4039 Unum
1217 3982 1405 4038 horum
1444 3982 1682 4036 omnium
1724 3982 1820 4034 tria
1851 3980 1926 4036 fe-

346 4087 534 4133 cerunt
558 4096 570 4131 :
594 4077 690 4134 sed
715 4087 889 4132 tamen
911 4074 1012 4131 hoc
1033 4089 1194 4130 unum
1219 4073 1359 4144 quod
1385 4073 1484 4127 tria
1511 4071 1746 4127 fecerunt
1767 4112 1784 4137 ,
1819 4088 1922 4126 non

346 4168 412 4223 ad
440 4168 535 4222 tria
559 4167 801 4236 pertinet,
833 4164 928 4222 sed
956 4163 1023 4219 ad
1067 4179 1250 4218 unum.
1297 4161 1420 4217 Tria
1447 4160 1688 4217 fecerunt
1728 4177 1923 4216 nomen

348 4257 656 4312 inemorizcz
691 4254 784 4311 sed
825 4254 926 4308 hoc
952 4267 1058 4308 non
1093 4252 1323 4321 pertinet
1343 4251 1441 4304 nisi
1485 4249 1553 4304 ad
1595 4250 1763 4306 solam
1810 4267 1923 4304 mc-

348 4348 594 4403 nioriam.
623 4346 745 4402 Tria
785 4345 1024 4400 fecerunt
1049 4358 1241 4396 nomen
1288 4341 1592 4397 intellectus
1624 4360 1638 4396 :
1679 4342 1772 4397 sed
1819 4359 1924 4397 non

348 4437 578 4505 pertinet
597 4435 695 4490 nisi
721 4434 788 4488 ad
817 4433 988 4488 solum
1025 4431 1368 4487 intellectum.
1401 4431 1523 4485 Tria
1562 4432 1800 4488 fecerunt
1827 4449 1923 4487 no-

353 4544 476 4584 men
503 4525 787 4581 voluntatis
816 4543 828 4580 :
862 4522 958 4598 sed
1004 4537 1111 4578 non
1141 4522 1369 4592 pertinet
1403 4521 1502 4576 nisi
1528 4521 1593 4576 ad
1624 4523 1789 4576 solam
1836 4540 1927 4576 vo-

347 4622 626 4674 luntatem.
651 4615 724 4670 Ita
753 4615 985 4670 Trinitas
1025 4612 1148 4668 fecit
1185 4626 1400 4666 carnem
1429 4609 1625 4667 Christi
1655 4630 1668 4665 :
1698 4613 1789 4668 sed
1819 4630 1925 4669 non

349 4711 579 4782 pertinet
605 4709 702 4766 nisi
748 4707 814 4762 ad
859 4706 1029 4763 solum
1078 4704 1371 4760 Christum.
1415 4703 1646 4759 Trinitas
1696 4703 1820 4759 fecit
1859 4707 1926 4762 de

348 4802 486 4860 male
515 4799 813 4856 columbam
845 4816 857 4852 :
887 4796 978 4852 sed
1003 4811 1110 4852 non
1131 4795 1364 4866 pertinet
1395 4794 1494 4849 nisi
1521 4793 1586 4848 ad
1613 4794 1784 4849 solum
1808 4794 1926 4864 Spi-

353 4896 512 4950 ritum
556 4899 820 4948 sanctum.
849 4888 1083 4944 Trinitas
1111 4885 1235 4942 fecit
1282 4884 1347 4940 de
1391 4885 1528 4940 ccelo
1576 4899 1760 4940 vocem
1790 4903 1802 4938 :
1833 4886 1925 4940 sed

351 5001 456 5040 non
486 4983 716 5054 pertinet
738 4996 840 5036 vos
869 4980 967 5035 nisi
992 4977 1059 5034 ad
1083 4977 1252 5034 solum
1283 4977 1516 5032 Patrem.

419 5075 510 5130 22.
542 5075 678 5140 Quid
700 5089 763 5130 ea:
776 5073 878 5128 illis
892 5072 959 5126 ad
981 5069 1212 5136 Patrem,
1242 5069 1363 5140 quid
1387 5070 1455 5123 ad
1480 5068 1667 5124 Filium
1688 5081 1734 5124 et
1755 5070 1927 5143 Spiri-

349 5174 700 5220 tumsanetttnt
725 5164 987 5234 pertineat,
1037 5161 1362 5234 cogitandum
1404 5162 1722 5230 relinquitur.
1762 5163 1927 5219 Nemo

347 5269 474 5326 ergo
505 5255 647 5311 dicat
666 5253 823 5319 mihi,
861 5266 1019 5306 nemo
1047 5251 1406 5306 calumniosus
1433 5267 1516 5306 me
1552 5254 1816 5308 inﬁrmum
1841 5271 1929 5309 ur-

347 5365 474 5415 gere
519 5358 763 5406 conetur.
813 5345 948 5412 Quid
977 5357 1102 5412 ergo
1130 5343 1183 5398 in
1203 5342 1285 5397 his
1336 5343 1501 5397 tribus
1531 5361 1646 5413 quae
1677 5346 1732 5399 iu
1751 5356 1929 5401 mente

353 5427 535 5496 nostra
560 5441 642 5496 vel
664 5441 716 5495 in
741 5439 915 5494 anima
946 5452 1066 5493 esse
1113 5435 1426 5498 ostendisti,
1472 5437 1596 5506 quid
1632 5452 1694 5492 ex
1727 5438 1808 5493 his
1833 5439 1927 5493 tri-

353 5535 366 5585 l
391 5547 452 5586 us
478 5533 707 5601 pertinet
731 5531 797 5586 ad
821 5531 1032 5586 Patrem
1055 5570 1070 5594 ,
1095 5527 1148 5583 id
1189 5539 1267 5583 est
1289 5569 1302 5591 ,
1337 5529 1484 5596 quasi
1529 5528 1593 5582 ad
1623 5529 1926 5586 similitudi-

352 5635 472 5676 ιιι-ιιι
501 5621 691 5684 Patris,
719 5621 842 5691 quid
873 5621 1058 5674 horum
1088 5618 1153 5673 ad
1177 5618 1317 5686 Filii,
1345 5619 1469 5688 quid
1503 5622 1688 5674 horum
1715 5621 1778 5674 ad
1804 5620 1926 5691 Spi-

351 5712 483 5767 ritus
512 5712 716 5765 sancti?
741 5710 854 5764 Non
886 5726 1097 5780 possum
1118 5711 1295 5766 dicere
1320 5754 1332 5768 .
1373 5729 1474 5767 non
1515 5730 1726 5785 possunt
1755 5718 1925 5790 expli-

1591 319 1648 373 s.
1692 293 2050 373 atansum
2094 318 2394 375 liPlSCOl’l

3484 339 3575 391 alii

2049 448 2189 489 care.
2220 433 2432 504 Aliquid
2486 434 2837 505 cogitantibus
2887 435 3283 508 relinquamus,
3329 444 3503 514 aliquid
3536 463 3578 506 et

2048 523 2259 579 silentio
2285 524 2589 595 largiamur.
2621 525 2752 580 Redi
2796 525 2864 581 ad
2904 535 2992 595 te,
3022 536 3078 582 et
3124 529 3190 583 ab
3213 536 3341 590 omni
3385 540 3581 606 strepitu

2050 617 2173 670 tolle
2197 627 2267 671 te.
2293 617 2431 672 Intra
2462 627 2514 673 te
2545 617 2664 674 vide
2686 661 2700 681 ,
2731 619 2774 673 si
2807 619 2969 674 habes
3015 619 3122 675 illic
3150 621 3350 692 aliquod
3374 639 3580 681 secreta-

2047 707 2182 760 rium
2219 706 2376 763 dulce
2423 709 2760 764 conscientia:
2807 719 2938 775 tuzn,
2993 709 3082 764 ubi
3129 726 3232 766 non
3277 725 3581 790 pcrstrepas.

2047 795 2132 850 ubi
2167 813 2269 851 non
2294 797 2465 868 litiges
2487 839 2501 865 ,
2533 809 2624 853 aut
2651 800 2770 854 lites
2796 815 2949 869 pares
2967 842 2982 868 ,
3006 801 3092 856 ubi
3118 817 3221 868 non
3259 802 3586 863 dissenswnes

2046 897 2100 942 et
2127 889 2476 956 pervicaciam
2501 890 2789 946 mediteris.
2822 891 2952 946 Esto
2977 903 3277 949 mansuetus
3303 893 3366 949 ad
3390 896 3583 953 audien-

2045 979 2170 1034 dutn
2202 980 2451 1049 verbum,
2485 991 2541 1036 ut
2561 983 2841 1052 intelligas.
2872 982 3032 1037 Forte
3051 983 3289 1040 dicturus
3335 1001 3423 1053 cs,
3450 989 3587 1042 Audi-

2049 1071 2122 1124 tni
2143 1087 2250 1124 meo
2269 1071 2413 1125 dabis
2436 1074 2818 1127 exsultationem
2863 1083 2909 1127 et
2950 1073 3194 1140 lanitium,
3224 1083 3270 1128 et
3293 1076 3586 1131 exsultabant

2046 1175 2176 1224 ossa,
2204 1160 2297 1214 sed
2322 1162 2587 1216 humiliata
2610 1161 2778 1233 (Psal.
2804 1180 2855 1230 ι,
2886 1163 2991 1235 l0),
3025 1180 3131 1220 non
3156 1165 3312 1220 elata.

2033 1319 2052 1332 .
2115 1253 2337 1310 CAPUT
2378 1254 2444 1310 Χ.
2471 1285 2541 1296 -
2563 1255 2650 1309 9.3.
2683 1255 2818 1309 Hinc
2864 1258 2987 1312 satis
3017 1257 3313 1330 intelligitur
3353 1251 3588 1312 Trinitatis

2045 1360 2286 1414 personas
2312 1362 2456 1414 posse
2476 1356 2523 1402 et
2546 1348 2890 1416 separabilitcr
2917 1348 3248 1402 demonstrari
3278 1360 3321 1403 et
3355 1349 3588 1419 ittSt’pttru-

2045 1436 2210 1490 biliter
2252 1438 2473 1506 operari.
2516 1438 2723 1494 Sufﬁcit
2785 1455 2912 1508 etgo
2987 1440 3109 1509 quia
3155 1439 3470 1495 ostendimus
3507 1444 3589 1494 tria

2043 1526 2284 1596 qua-dam
2344 1528 2709 1598 separabiliter
2762 1528 3151 1594 demonstrari,
3204 1529 3592 1600 inseparabiliter

2045 1616 2272 1684 operari.
2300 1615 2354 1672 Si
2379 1616 2481 1672 hoc
2509 1617 2558 1671 in
2605 1627 2656 1672 te
2693 1619 2936 1673 invenisti
2959 1661 2973 1683 ,
3005 1620 3048 1672 si
3093 1619 3192 1674 hoc
3224 1621 3272 1673 in
3303 1621 3532 1688 homine,
3555 1622 3590 1673 si

2047 1706 2220 1762 hocin
2251 1707 2477 1777 quadam
2508 1708 2732 1779 persOua
2773 1711 2822 1764 in
2863 1721 3000 1765 terra
3043 1713 3381 1779 ambulante,
3423 1728 3594 1782 corpus

2046 1797 2228 1866 fragile
2249 1838 2266 1863 ,
2285 1799 2433 1868 quod
2476 1811 2723 1871 aggravat
2751 1801 3002 1866 animam,
3031 1813 3305 1873 portante;
3336 1804 3483 1856 crede
3509 1802 3593 1857 Pa‘

2047 1895 2178 1942 trem
2205 1899 2256 1944 et
2281 1889 2470 1943 Filium
2492 1901 2546 1944 ct
2570 1891 2821 1961 Spiritum
2850 1903 3091 1947 sanctum
3124 1910 3218 1963 per
3245 1893 3439 1962 singula
3464 1908 3592 1962 qum—

2043 1976 2164 2031 dznu
2193 1978 2413 2062 visibilia
2438 2019 2451 2042 ,
2487 1995 2584 2049 per
2610 1982 2815 2050 species
2849 1983 3107 2052 quasdam
3153 1993 3428 2054 assumpta:
3465 1997 3594 2038 creao

2043 2078 2176 2124 tum:
2204 2085 2359 2142 posse
2381 2077 2435 2124 et
2462 2072 2827 2140 separabiliter
2848 2073 3201 2129 demonstrari
3225 2116 3240 2141 ,
3268 2083 3320 2128 et
3349 2076 3592 2145 insepara-

2044 2159 2218 2216 hiliter
2243 2161 2468 2230 operari.
2498 2161 2702 2216 Sufﬁcit
2727 2163 2847 2217 hoc.
2878 2163 2992 2217 Non
3015 2164 3160 2231 dico,
3191 2165 3344 2220 Pater
3367 2167 3595 2219 tnemnrla

2056 2261 2158 2317 est,
2190 2251 2355 2306 Filius
2383 2252 2679 2308 intellectus
2715 2264 2828 2321 est,
2858 2253 3089 2324 Spiritus
3121 2257 3359 2311 voluntas
3381 2266 3484 2310 est:
3506 2272 3595 2307 non

2045 2339 2186 2408 dico,
2206 2343 2472 2412 quomodo
2493 2344 2619 2399 libet
2639 2345 2979 2415 intelligatur,
2999 2364 3105 2400 non
3130 2347 3317 2401 audeo.
3339 2347 3598 2401 Servetuns

2047 2433 2248 2503 majora
2277 2435 2636 2505 capientibus,
2666 2437 2886 2492 inﬁrmis
2923 2439 3120 2493 inﬁrmi
3157 2439 3228 2511 (a)
3263 2439 3396 2509 quod
3430 2453 3592 2508 possu-

2040 2539 2179 2578 mus.
2207 2523 2319 2578 Non
2347 2526 2464 2581 dico
2486 2527 2583 2580 ista
2616 2527 2687 2582 illi
2715 2528 2953 2583 Trinitati
2991 2531 3137 2585 velut
3166 2530 3438 2601 aequanda,
3466 2533 3597 2600 quasi

2039 2611 2106 2667 ad
2135 2615 2427 2684 analogiam
2450 2658 2465 2679 ,
2490 2617 2538 2671 id
2559 2625 2659 2685 est,
2674 2618 2738 2672 ad
2755 2619 3012 2674 rationem
3039 2621 3331 2690 quamdam
3353 2635 3603 2688 compara.

2043 2705 2200 2758 tionis
2223 2705 2492 2776 dirigenda
2524 2725 2537 2762 :
2570 2726 2674 2764 non
2705 2709 2808 2766 hoc
2835 2710 2970 2766 dico.
3005 2712 3109 2767 Sed
3153 2712 3280 2785 quid
3303 2713 3417 2768 dico
3437 2712 3459 2767 ?
3482 2712 3602 2767 Ecce

2039 2794 2093 2849 in
2125 2806 2176 2850 te
2213 2797 2385 2852 inveni
2416 2800 2511 2854 tria
2551 2803 2914 2871 separabiliter
2964 2802 3370 2869 demonstrata,
3417 2804 3612 2872 insepa-t

2039 2887 2274 2943 rabiliter
2315 2901 2562 2959 operata;
2595 2904 2858 2949 eteorum
2889 2895 3048 2950 trium
3081 2897 3492 2969 unumquodque
3517 2911 3600 2951 uo.

2039 2993 2163 3033 men
2183 2994 2214 3033 a
2238 2981 2404 3036 tribus
2429 2980 2623 3038 factum
2639 3025 2656 3051 ,
2686 2985 2828 3056 quod
2855 2995 3029 3042 tamen
3053 3002 3174 3044 non
3194 2989 3258 3043 ad
3289 2988 3401 3056 tria,
3432 2987 3516 3042 sed
3539 2987 3595 3040 ad

2040 3070 2196 3123 trium
2238 3070 2424 3149 horum
2455 3089 2616 3128 unum
2640 3075 2836 3146 aliquid
2864 3079 3181 3146 pertineret.
3215 3079 3383 3136 Crede
3403 3079 3505 3149 jam
3537 3077 3596 3133 ibi

2038 3159 2177 3230 quod
2227 3177 2330 3216 non
2364 3173 2514 3234 potes
2544 3165 2742 3233 videre,
2793 3169 2838 3220 si
2866 3167 2953 3222 hic
2987 3168 3192 3224 audisti
3233 3179 3291 3226 et
3340 3169 3508 3224 vidisti
3552 3177 3597 3222 et

2041 3249 2276 3305 tenuisti.
2299 3251 2355 3306 In
2387 3263 2436 3307 te
2461 3255 2599 3308 enim
2628 3254 2767 3326 quod
2797 3266 2874 3312 est
2894 3299 2908 3323 ,
2947 3268 3096 3328 potes
3144 3275 3339 3316 nosse:
3369 3261 3496 3315 ineo
3520 3258 3597 3329 qui

2038 3348 2089 3393 te
2129 3339 2251 3394 fecit
2285 3341 2423 3411 quod
2463 3352 2573 3408 est,
2600 3344 2850 3415 quidquid
2877 3355 2991 3413 est,
3019 3349 3241 3418 quando
3262 3360 3408 3420 potes
3429 3348 3601 3404 nosse?

2036 3428 2101 3484 Et
2121 3430 2162 3483 si
2188 3431 2385 3500 poteris
2403 3473 2419 3499 ,
2449 3433 2678 3487 nondum
2711 3445 2879 3504 potes.
2923 3437 2985 3490 Et
3015 3446 3196 3493 tamen
3225 3454 3344 3494 cum
3373 3438 3554 3508 poteris
3574 3476 3589 3500 ,

2035 3521 2286 3590 numquid
2313 3522 2388 3576 sic
2415 3523 2612 3592 poteris
2633 3539 2790 3579 nosse
2823 3527 2990 3582 Deum
3021 3535 3074 3582 tu
3095 3569 3108 3594 ,
3139 3530 3410 3601 quomodo
3433 3543 3488 3584 se
3509 3543 3594 3581 no-

2034 3611 2106 3664 vit
2139 3612 2312 3666 Deus?
2333 3612 2568 3669 Sufﬁciat
2592 3629 2718 3686 ergo
2737 3616 2989 3672 Charitati
3013 3629 3211 3677 vestra:
3242 3641 3253 3675 :
3282 3621 3418 3692 quod
3438 3619 3594 3690 potui-

2032 3717 2183 3764 mus,
2233 3702 2499 3770 diximus;
2549 3705 2881 3776 exigentibus
2928 3711 3195 3778 promissa
3246 3712 3595 3767 reddidimus:

2031 3801 2219 3846 cetera
2250 3810 2365 3862 qua:
2390 3794 2629 3850 addenda
2651 3805 2793 3863 sunt,
2829 3807 2884 3852 ut
2905 3798 3188 3869 proﬁciant
3210 3816 3399 3856 sensus
3425 3799 3598 3874 vestri,

2029 3896 2057 3938 a
2087 3882 2307 3938 Domino
2330 3886 2572 3954 qumrite.

2518 4020 2754 4080 SERIIO
2793 4024 2898 4079 LIII
2922 4031 2936 4048 ‘
2967 4026 3062 4097 (6).

2031 4124 2107 4178 De
2121 4125 2276 4178 tnn‘bis
2300 4123 2560 4196 Evangelii
2584 4127 2834 4195 Mutthart',
2850 4130 2996 4185 Beati
3019 4145 3284 4202 pauperes
3299 4132 3601 4202 spiritu,etc.

2101 4218 2187 4271 sed
2212 4217 2273 4269 de
2293 4217 2384 4270 hoc
2409 4219 2626 4272 maxime
2643 4220 2778 4290 quod
2809 4221 2995 4275 dictum
3017 4233 3110 4290 cst,
3141 4223 3290 4278 Beati
3320 4222 3604 4278 mundicor-

2098 4309 2217 4376 des,
2233 4310 2481 4379 quoniam
2500 4308 2599 4380 ipsi
2616 4311 2784 4367 Deum
2803 4313 3076 4368 videbunt.
3095 4314 3222 4386 Cap.
3241 4332 3294 4384 v,
3326 4317 3361 4387 y
3385 4315 3506 4371 .3-8
3522 4314 3612 4383 (τ).

2097 4419 2320 4476 CAPUT
2359 4422 2642 4479 PRIMUM.
2686 4455 2758 4466 -
2789 4427 2840 4481 l.
2893 4426 3079 4481 Omnes
3118 4431 3295 4482 volunt
3339 4445 3444 4483 esse
3489 4429 3607 4482 beati

2031 4509 2238 4582 Pauper
2291 4513 2473 4582 spiritu
2523 4515 2653 4585 quis.
2713 4516 3057 4572 Solemnitate
3114 4530 3315 4575 sanetae
3367 4519 3606 4587 virginis,

2027 4617 2145 4671 qua:
2211 4603 2567 4659 testimonium
2622 4605 2754 4661 dixit
2807 4607 2873 4662 de
2927 4606 3178 4675 Christo,
3250 4620 3305 4666 et
3379 4611 3610 4666 testimo~

2017 4691 2370 4748 niummeruit
2407 4710 2435 4748 a
2476 4694 2719 4762 Christo,
2759 4698 2928 4768 palam
2961 4701 3178 4767 oecism,
3217 4702 3427 4756 occulte
3463 4714 3611 4754 coro-

2029 4794 2187 4851 natae,
2240 4784 2590 4841 admonemur
2633 4788 2884 4844 Charitati
2918 4801 3108 4845 vestrm
3136 4793 3203 4847 de
3237 4793 3324 4848 illa
3369 4791 3610 4847 exhorta-

2027 4869 2172 4927 tione
2191 4874 2359 4945 loqui,
2387 4891 2542 4946 quam
2562 4876 2719 4932 modo
2747 4879 3001 4936 Dominus
3027 4897 3090 4936 ex
3118 4881 3420 4953 Evangelio
3445 4880 3612 4956 profe-

2030 4964 2200 5031 rebat,
2226 4965 2410 5022 dicens
2445 4969 2636 5024 multas
2664 4985 2851 5026 causas
2897 4972 3065 5027 beata:
3090 4975 3238 5040 vitm,
3271 4993 3431 5045 quant
3464 4990 3610 5029 nemo

2093 5118 2114 5186 '_
2138 5119 2201 5186 ad
2225 5120 2302 5168 cb.
2330 5120 2379 5186 ρ.
2414 5127 2519 5186 tfar.
2541 5129 2593 5172 et
2613 5127 2721 5171 Iov.
2743 5123 3036 5186 recognitus.

2097 5180 2170 5251 tu
2202 5180 2737 5251 εμι›ιιιε,,,ίτιείηιιαηιρρεο

2095 5240 2168 5363 Eb)
2202 5240 2342 5300 Alias,
2369 5243 2426 5314 tot
2439 5245 2570 5314 inter
2586 5243 2770 5295 additos
2792 5257 2820 5294 a
2844 5246 3201 5296 Parisiensibus

2116 5303 2166 5363 e)
2200 5309 2246 5350 In
2274 5304 2468 5352 Posstdti
2508 5304 2715 5354 tndiculo
2745 5307 2842 5355 duo
2866 5307 2912 5353 in
2944 5307 3066 5355 istud
3093 5315 3198 5356 Evat

2116 5303 2166 5364 e)
2200 5309 2246 5350 In
2274 5304 2468 5352 Possidii
2508 5304 2715 5369 Indiculo
2745 5307 2842 5355 duo
2853 5307 2912 5369 _in
2944 5307 3066 5355 istud
3093 5306 3341 5369 Evangelii
3365 5305 3614 5369 capitulat-

2031 5375 2285 5436 serutones
2303 5372 2556 5436 notantur:
2579 5365 2701 5436 alter
2719 5380 2827 5436 cap.
2845 5367 2893 5436 β,
2928 5386 2949 5412 α
2966 5375 3035 5436 De
3053 5378 3160 5436 octo
3181 5365 3446 5436 sententiis
3468 5365 3612 5436 beati:

2039 5441 2065 5489 ς
2081 5423 2322 5489 tudinum;
2347 5443 2368 5489 η
2393 5423 2516 5474 alter
2538 5439 2642 5488 cap.
2668 5427 2700 5476 9
2718 5423 2991 5489 inscriptus,
3007 5429 3069 5478 de
3091 5427 3516 5486 heatitudiuihus,‘
3537 5427 3615 5488 qui

2033 5484 2207 5557 titulus
2241 5487 2398 5557 inagis
2419 5484 2994 5557 congruitsubseqtieuti:
3015 5491 3226 5540 sermoni
3250 5523 3266 5548 ,
3309 5504 3402 5539 sex
3440 5484 3618 5557 tantum

2031 5547 2220 5619 priores
2234 5547 2588 5619 _l.tea_t.itudines_
2602 5547 2878 5619 attingent'i.
2913 5555 3060 5619 Hujus
3084 5564 3234 5619 porro
3253 5547 3550 5619 excerptum
3573 5552 3617 5598 in

2031 5605 2150 5656 Plori
2174 5606 2459 5673 collectione
2477 5605 2822 5673 adrEphesftn,
2845 5605 3094 5673 reperitur:
3109 5615 3197 5662 sub
3223 5613 3318 5673 isto
3337 5605 3496 5665 tittilo.
3521 5627 3542 5656 α
3558 5617 3616 5658 Ex

2039 5685 2061 5714 ι
2084 5679 2312 5738 sermone
2333 5671 2379 5738 in
2417 5670 2617 5720 basilica
2641 5670 2932 5723 'l‘ricillaruui
2953 5688 2964 5722 :
2984 5692 3006 5719 ν
3036 5688 3146 5738 qua:
3168 5671 3401 5723 videlicet
3433 5673 3617 5722 basilica

2033 5736 2140 5778 erat
2165 5729 2465 5792 Carthagine.
