3954 6186
274 368 378 425 5·ρῖ

276 500 439 552 parca
466 481 628 540 facies
656 483 940 553 cogitetur.
973 481 1103 536 Nam
1136 484 1179 533 st
1217 493 1471 534 accensus
1496 478 1764 535 desiderio
1790 479 1870 535 vi-

274 575 437 631 dendi
474 574 662 638 Deum,
708 572 894 627 faciem
941 581 1083 627 tuam
1132 568 1514 640 prcharaveris
1538 572 1872 640 corporalem

276 668 342 721 ad
378 663 662 720 videndum
687 680 702 728 ;
736 662 890 717 talem
911 662 1098 718 l‘acicm
1120 660 1449 716 desiderabis
1479 670 1532 715 et
1552 660 1669 714 Dei.
1696 660 1749 715 Si
1777 675 1878 715 au-

279 772 386 813 tem
414 758 521 825 jam
544 755 730 809 saltem
781 754 1129 824 spiritualitcr
1156 752 1223 807 de
1251 753 1358 807 Deo
1404 751 1566 823 sapis,
1599 763 1656 806 ut
1710 751 1874 809 Deum

286 867 389 904 nun
418 847 617 916 rogites
645 861 766 900 esse
806 860 1126 914 corporeum
1157 843 1176 916 (
1209 842 1348 898 unde
1374 841 1569 897 diutius
1605 841 1718 896 heri
1763 844 1876 911 egi-

279 936 514 1009 Inus(a),
533 937 579 991 si
608 947 785 991 tamen
810 934 1008 1005 aliquid
1040 934 1407 1005 peregimus);
1432 932 1477 987 si
1509 933 1559 987 in
1589 931 1750 987 corde
1795 948 1882 988 ve-

279 1042 414 1097 stro,
433 1035 680 1097 tanquam
710 1027 760 1080 in
792 1026 988 1096 templo
1015 1025 1129 1089 Dei,
1154 1024 1336 1080 l'oruun
1368 1023 1609 1078 humana:
1630 1022 1880 1093 fregimus

280 1120 655 1183 siumlaerum;
686 1117 729 1171 si
781 1116 893 1187 jam
945 1115 1095 1170 vobis
1143 1115 1281 1171 bene
1335 1113 1480 1168 venit
1519 1113 1571 1168 in
1625 1123 1878 1177 mentem,

282 1220 339 1266 et
381 1210 586 1267 viscera
638 1217 810 1263 vestra
865 1206 1113 1261 interiora
1160 1204 1412 1278 possedit,
1459 1202 1545 1259 ubi
1588 1204 1882 1260 detestatur

285 1302 573 1374 Apostolus
602 1315 695 1356 eos
720 1301 808 1370 qui
848 1298 1063 1354 dicentes
1087 1315 1140 1352 se
1167 1314 1273 1353 esse
1296 1298 1564 1367 sapientes,
1591 1297 1734 1353 stulti
1758 1296 1882 1367 [arti

281 1404 398 1449 sunt
413 1412 434 1461 ;
450 1405 496 1448 et
517 1394 897 1447 immutaverunt
906 1390 1119 1462 gloriam
1140 1389 1533 1461 iucorruptibilis
1549 1387 1644 1443 Dei
1660 1398 1705 1442 et
1734 1390 1879 1442 simi«

284 1487 548 1542 litudinem
570 1484 802 1555 imaginis
819 1482 1157 1553 corruptibilis
1179 1480 1394 1534 hominis
1410 1478 1627 1552 (RomJ,
1652 1478 1744 1544 22,
1758 1478 1873 1550 23).

359 1575 586 1633 CAPUT
616 1573 977 1643 \'|l.——Sij:un
1001 1573 1104 1628 tale
1122 1572 1318 1625 malum
1336 1570 1692 1637 detestamini,
1721 1570 1766 1623 si
1786 1568 1881 1623 atl-

290 1666 579 1721 versamini
614 1664 708 1738 (tr),
743 1664 788 1718 si
816 1662 1054 1719 Creatori
1082 1660 1347 1727 uulndatjs
1372 1660 1625 1727 templum
1652 1659 1878 1725 suom,si

290 1758 454 1813 vultis
480 1767 536 1812 ut.
557 1758 727 1811 veniat
750 1766 802 1810 et
829 1756 1158 1810 mansionem
1180 1754 1316 1824 apud
1333 1767 1426 1809 vos
1453 1752 1612 1808 faciat
1636 1770 1648 1805 :
1681 1752 1879 1807 Sentite

288 1853 356 1905 de
382 1849 597 1903 Domino
619 1850 668 1902 in
687 1848 927 1910 bonitate,
948 1859 991 1901 et
1018 1848 1069 1900 in
1095 1847 1415 1915 simplicitate
1458 1846 1626 1900 cordis
1669 1844 1878 1916 quwrite

284 1941 428 1994 illum
457 1940 475 2011 (
507 1939 634 2008 Sap.
660 1955 696 2006 ι,
729 1940 747 1992 l
773 1938 811 2008 ).
847 1937 1029 1993 Videte
1050 1937 1135 1991 cui
1164 1936 1371 2001 dicatis,
1409 1935 1452 1990 si
1474 1943 1652 1991 tamen
1678 1934 1873 2011 dicitis,

285 2032 328 2084 si
363 2010 488 2085 vere
537 2027 711 2084 dicitis-
743 2046 754 2080 :
786 2025 897 2082 Tibi
926 2029 1053 2080 dixit
1080 2043 1166 2080 cor
1211 2042 1394 2092 meum,
1424 2025 1661 2091 Quaram

286 2134 445 2175 (itam.
466 2121 625 2176 'Dicat
669 2132 722 2174 et
757 2137 851 2174 cor
880 2129 1049 2186 tuum,
1080 2129 1133 2174 et
1155 2118 1311 2182 adde,
1339 2117 1543 2172 Vultum
1568 2129 1728 2183 tuum,
1769 2116 1875 2173 Do-

287 2202 441 2275 mine,
470 2214 720 2282 requiram
744 2212 761 2283 (
788 2209 933 2264 Psal.
982 2226 1124 2275 xxt't,
1154 2212 1187 2265 8
1284 2209 1426 2264 liene
1453 2211 1593 2264 enim
1626 2211 1870 2280 requiris,

288 2307 405 2374 quia
451 2308 611 2362 cot'dc
660 2306 905 2376 requiris.
952 2304 1151 2359 Dicitur
1195 2303 1288 2358 Dei
1331 2303 1530 2368 vultus,
1559 2302 1756 2363 dicitur
1781 2304 1872 2358 Dei

285 2397 585 2462 brachium,
622 2397 814 2453 dicitur
857 2396 946 2450 Dei
978 2412 1186 2457 manus,
1241 2395 1490 2449 dicuntur
1539 2395 1627 2450 Dei
1686 2394 1868 2464 pedes,

284 2489 481 2543 dicitur
502 2488 592 2542 Dei
613 2487 791 2551 sedes,
818 2486 1011 2541 dicitur
1041 2484 1332 2541 seabellum
1370 2486 1562 2555 pedum
1586 2484 1701 2552 ejus
1732 2504 1745 2539 :
1777 2486 1870 2541 sed

288 2578 392 2633 noli
444 2577 679 2631 membra
714 2577 939 2629 humana
975 2575 1227 2646 cogitare.
1261 2574 1316 2630 Si
1344 2576 1422 2628 vis
1451 2590 1570 2630 esse
1616 2576 1869 2645 templum

286 2666 542 2732 veritatis,
569 2664 752 2736 frange
779 2664 977 2719 idolum
998 2664 1260 2719 falsitatis.
1286 2664 1470 2719 Manus
1500 2664 1617 2726 Dei,
1639 2668 1868 2734 potentia

285 2758 400 2813 Dei.
423 2756 608 2812 Facies
626 2756 738 2823 Dei,
762 2754 944 2812 ualitia
968 2756 1083 2811 Dei.
1114 2755 1283 2811 Pedes
1308 2755 1423 2817 Dei,
1444 2758 1722 2824 pra-sentin
1753 2758 1866 2813 Dei.

284 2848 450 2903 Sedes
472 2847 585 2917 Dei,
610 2848 652 2901 si
680 2846 779 2911 vis,
805 2856 857 2901 tn
882 2862 957 2902 es.
982 2848 1060 2901 An
1083 2845 1218 2902 forte
1244 2862 1439 2918 negare
1464 2845 1683 2905 audebis
1704 2847 1868 2902 Deum

283 2955 404 2997 esse
434 2938 750 2998 Christum?
793 2938 932 3001 Non,
965 2939 1160 3010 inquis.
1187 2937 1447 2994 Concedis
1467 2948 1518 2993 et
1561 2937 1682 3004 hoc,
1713 2940 1869 2995 (ibri-

284 3043 425 3088 stum
458 3034 549 3089 Dei
578 3032 827 3089 virtutem
856 3041 909 3088 et
940 3030 1033 3086 Dei
1077 3028 1388 3100 sapientiam
1417 3028 1434 3101 (
1467 3029 1484 3085 l
1515 3028 1632 3085 Cor.
1666 3046 1702 3093 ι.
1733 3030 1871 3104 Si)?

282 3123 554 3189 Concedo,
585 3122 777 3195 inquis.
812 3120 947 3176 Audi
984 3138 997 3174 :
1030 3122 1212 3174 Anima
1228 3119 1360 3193 justi
1396 3119 1534 3175 sedes
1563 3130 1635 3174 est
1664 3121 1870 3187 sapien-

285 3214 413 3282 ιῐω(
447 3210 576 3285 Sap.
605 3210 687 3284 ι).
718 3211 817 3266 Ubi
862 3211 1004 3265 enim
1033 3209 1212 3265 sedem
1247 3210 1408 3264 habet
1456 3210 1615 3277 Deus,
1660 3212 1759 3265 nisi
1784 3212 1869 3267 ubi

286 3305 522 3360 habitat?
551 3301 647 3360 Ubi
666 3313 844 3358 autem
872 3298 1090 3367 habitat,
1110 3302 1218 3356 nisi
1252 3301 1303 3357 in
1328 3302 1526 3372 templo
1552 3300 1688 3356 suo?
1726 3300 1875 3359 Tem-

285 3397 429 3467 plum
466 3396 597 3450 enim
627 3393 722 3449 Dei
741 3406 971 3449 sanetum
1006 3403 1099 3459 est,
1133 3393 1267 3464 quod
1296 3394 1411 3447 estis
1440 3409 1523 3448 ros
1555 3392 1573 3467 (
1605 3392 1759 3448 ICor.
1792 3410 1869 3461 tu,

286 3489 352 3543 l7
456 3486 588 3543 Vide
633 3502 761 3558 ergo
815 3483 1083 3557 quomodo
1130 3484 1364 3554 excipias
1411 3484 1595 3539 Deum.
1648 3485 1874 3552 Spiritus

284 3590 355 3635 nst
389 3578 523 3634 Deus
551 3598 569 3645 ;
606 3580 656 3632 in
694 3578 875 3648 spiritu
902 3588 947 3631 et
993 3577 1199 3631 veritate
1225 3586 1419 3642 oportet
1466 3576 1683 3632 adorare
1714 3575 1874 3631 Deum

289 3673 310 3744 (
332 3671 491 3725 Juau.
536 3686 609 3736 tv,
641 3667 710 3726 2-5
740 3670 778 3739 ).
822 3668 939 3724 iam
991 3669 1041 3723 in
1093 3682 1187 3723 eor
1224 3677 1389 3728 tuum,
1424 3669 1466 3721 si
1499 3668 1687 3738 placet,
1714 3668 1875 3724 intret

287 3778 409 3818 arca
461 3761 786 3829 testamenti,
820 3771 875 3817 ct
900 3772 1017 3816 ruat
1061 3761 1237 3831 Dagon
1271 3762 1289 3830 (
1322 3760 1340 3815 ι
1372 3762 1495 3831 (leg.
1526 3777 1578 3823 v,
1601 3761 1634 3815 ὅ
1664 3761 1705 3831 ).
1737 3762 1874 3816 Audi

286 3868 415 3924 ergo
431 3867 589 3919 nunc,
609 3852 819 3909 etdisce
840 3852 1003 3907 Deum
1027 3851 1355 3917 desiderare,
1374 3851 1522 3907 disce
1545 3852 1682 3907 unde
1704 3852 1868 3909 Deum

200 4009 207 4015 '
298 3943 480 3999 videre
498 3944 668 4013 possis
708 3956 1029 4014 praeparate.
1073 3940 1240 4006 Beati,
1273 3941 1461 4012 inquit,
1496 3940 1872 4009 Mundicordes,

293 4036 537 4108 quoniam
567 4033 664 4106 ipsi
695 4032 856 4089 Deum
876 4033 1129 4088 videbunt.

330 4124 584 4181 -CAPUT
623 4122 757 4179 Vill.
795 4154 864 4166 —
889 4123 1025 4193 Quid
1074 4139 1339 4194 pra-paras
1378 4125 1561 4180 oculos
1600 4125 1876 4195 corporis?

286 4213 341 4270 Si
373 4214 449 4269 sic
477 4212 758 4281 videbitur,
787 4214 837 4269 iu
863 4215 980 4269 loco
1005 4214 1104 4268 erit
1131 4214 1270 4284 quod
1313 4214 1593 4269 videbitur.
1636 4214 1753 4269 Non
1795 4225 1877 4271 est

290 4306 345 4361 iu
375 4304 494 4361 loco
520 4303 608 4377 qui
651 4303 847 4374 ubique
888 4313 1027 4359 totus
1060 4315 1161 4358 cst.
1209 4300 1398 4357 Munda
1439 4304 1578 4359 unde
1618 4305 1873 4360 videatur.

363 4398 418 4455 8.
461 4394 686 4453 Prwmia
716 4396 949 4466 operibus
974 4412 1194 4465 congrua
1231 4396 1281 4449 in
1317 4397 1572 4449 sententiis
1615 4396 1880 4450 beatitudi-

292 4504 437 4543 num.
485 4486 644 4554 Audi,
675 4497 726 4543 et
770 4485 1040 4553 intelligo,
1081 4486 1123 4538 si
1167 4485 1280 4555 ipso
1311 4484 1528 4554 jnvantc
1558 4496 1742 4555 potero
1781 4503 1878 4542 cs-

292 4581 533 4655 plicare:
567 4579 781 4649 adjuvet
805 4592 903 4632 nos
930 4575 995 4631 ad
1042 4575 1436 4655 intelligendum
1477 4579 1652 4631 omnia
1689 4593 1878 4647 supra-

289 4654 431 4733 dicta
454 4689 613 4745 opera
645 4680 700 4731 ct
735 4686 976 4733 numera,
1003 4654 1448 4743 quemadmodum
1466 4672 1880 4739 congruentibus

292 4746 533 4842 apposita
559 4765 684 4820 sint.
715 4764 815 4822 Ubi
840 4763 983 4819 enim
1010 4762 1207 4817 dictum
1243 4770 1325 4818 cst
1349 4761 1416 4817 de
1445 4762 1699 4832 prxmio,
1737 4764 1877 4832 quod

293 4877 402 4917 nou
433 4864 752 4929 congrueret
798 4854 971 4926 Operi,
1021 4851 1163 4924 quod
1206 4869 1308 4907 non
1357 4854 1706 4907 consunaret?
1745 4853 1879 4921 Quia

293 4951 525 5008 humiles
545 4949 694 5022 quasi
722 4963 752 5003 a
782 4960 946 5018 regno
971 4945 1215 5011 videntur
1237 4944 1396 5001 alieni
1419 4962 1435 4999 :
1456 4942 1605 5013 Beati
1627 4986 1640 5009 ,
1675 4946 1876 5017 inquit,

212 5086 218 5092 .
291 5060 541 5116 pauperes
563 5042 772 5110 spiritu,
819 5039 937 5110 quia
978 5039 1203 5111 ipsarum
1246 5048 1320 5093 est
1359 5055 1567 5110 regnum
1617 5039 1877 5095 calorum.

289 5136 423 5202 Quia
445 5132 601 5191 mites
631 5131 873 5189 homines
892 5127 1046 5187 facile
1075 5129 1425 5187 excluduntur
1450 5128 1517 5183 dc
1540 5140 1677 5187 terra
1727 5146 1821 5184 sua
1860 5147 1875 5184 :

293 5226 436 5280 Beati
448 5266 473 5292 π
504 5224 704 5295 inquit,
740 5222 903 5285 mites,
932 5220 1170 5290 quoniam
1196 5221 1294 5291 ipsi
1320 5221 1611 5275 haereditate
1650 5223 1879 5290 posside-

291 5317 416 5372 bunt
466 5324 673 5372 terram.
712 5312 831 5369 iam
880 5322 1072 5367 caetera
1112 5322 1294 5382 aperta
1343 5320 1505 5377 sunt,
1549 5312 1728 5378 clara,
1785 5328 1878 5371 sua

295 5418 485 5480 sponte
509 5413 901 5479 cognoscuntur
925 5419 938 5454 :
965 5403 1295 5476 disputatorc
1312 5420 1422 5469 non
1449 5413 1627 5473 eguit.
1642 5416 1877 5477 contine:

296 5510 563 5567 inoratare
600 5511 734 5567 opus
764 5495 977 5551 habent.
1010 5491 1156 5549 Beati
1187 5494 1272 5564 qui
1300 5493 1494 5565 lugent.
1526 5495 1655 5560 Quis
1690 5496 1878 5566 lugens

356 5612 432 5671 (tt)
463 5610 659 5672 trulicat.
680 5610 950 5672 opittmmr.
965 5619 1245 5672 set-tucceta
1261 5607 1340 5668 23,
1363 5607 1428 5672 de
1452 5607 1691 5672 versiculo
1709 5610 1878 5662 Psalml

293 5669 374 5729 72,
396 5669 486 5720 seu
510 5673 574 5735 de
599 5669 784 5735 visione
802 5672 905 5723 Dei.
928 5669 1011 5735 qui
1032 5670 1176 5720 etiam
1192 5671 1474 5735 (χιι-ιιηείηο
1493 5669 1683 5725 lrtbiltls
1699 5674 1746 5724 in
1774 5681 1875 5734 uss.

297 5741 510 5785 notatur.
534 5730 582 5777 lu
602 5730 726 5778 basil
744 5744 797 5778 ea
820 5730 990 5781 Fausti.

357 5792 430 5858 ιιι
463 5794 618 5851 ἕαται,
636 5791 945 5846 arersautim'.
994 5840 1023 5849 _

1521 365 1576 421 S.
1618 364 1986 443 AUGU$TINI
2026 364 2323 441 EPISCOPI

3459 370 3563 429 568

1984 495 2089 535 non
2117 481 2533 537 consolationem
2577 481 2881 537 desiderat?
2920 481 3067 553 Ipsi,
3097 483 3295 554 inquit,
3334 489 3564 543 consola-

1982 572 2187 626 buntur.
2218 570 2360 629 Beati
2379 573 2464 642 qui
2485 574 2711 628 esuriant
2743 583 2792 628 et
2808 574 2984 628 sitiunt
3000 575 3274 645 justitiam.
3297 577 3427 645 Quis
3446 594 3566 634 esu-

1983 662 2129 718 riens
2154 673 2207 719 et
2234 663 2421 718 sitiens
2450 679 2554 717 non
2578 665 2876 720 satietatem
2907 666 3166 736 requirit?
3204 667 3273 722 Et
3307 669 3434 739 ipsi.
3483 673 3561 725 in-

1981 753 2115 822 quit,
2143 756 2519 825 saturalmntur.
2541 754 2683 808 Beati
2705 756 3063 810 misericordes.
3088 756 3220 823 Quis
3239 758 3565 827 misericors,

1983 843 2083 898 nisi
2108 832 2197 915 qui
2226 853 2373 914 optat
2398 860 2461 900 es
2495 846 2609 916 ipso
2637 860 2799 914 apere
2824 845 2974 900 reddi
3000 845 3101 900 sibi
3135 862 3167 902 a
3209 847 3319 902 Deo
3361 850 3561 917 vicem,

1983 944 2042 990 ut
2060 937 2199 991 circa
2227 951 2286 992 se
2316 939 2422 1001 tiat,
2453 936 2592 1008 quod
2622 938 2760 992 circa
2787 953 3067 1009 pauperem
3092 939 3255 995 facit?
3280 940 3446 1006 Beati,
3476 944 3563 998 in-

1982 1027 2117 1097 quit,
2146 1027 2505 1091 misericordes,
2536 1029 2772 1099 quom'am
2793 1031 3018 1098 ipsorum
3050 1031 3364 1087 miserebitur
3404 1033 3567 1094 Deus.

1984 1116 2265 1182 Quomodo
2287 1132 2381 1187 per
2423 1117 2534 1188 ipsa
2571 1118 2775 1188 singula
2813 1118 3033 1188 singulis
3076 1123 3287 1190 propria
3326 1126 3568 1194 apposita

1983 1217 2126 1274 sunt,
2156 1216 2212 1262 et
2244 1208 2375 1263 nihil
2400 1208 2707 1280 {adhibitum
2743 1218 2826 1266 est
2875 1210 2928 1265 in
2968 1212 3220 1280 pnemio,
3276 1216 3416 1284 quod
3461 1234 3568 1272 non

1982 1305 2298 1363 cnngrucret
2323 1298 2623 1369 pra-cepto?
2650 1308 2975 1370 prmeeptum
3001 1311 3082 1355 est
3106 1302 3246 1355 enim
3266 1313 3319 1357 ut
3343 1306 3414 1358 sis
3432 1322 3565 1377 pau-

1984 1401 2078 1455 per
2100 1384 2287 1456 spiritu
2322 1390 2631 1457 :prmmium
2666 1398 2750 1444 est
2803 1400 2861 1445 ut
2905 1389 3099 1446 habeas
3140 1409 3361 1462 regnum
3403 1401 3572 1453 emto-

1983 1492 2119 1530 rum.
2149 1475 2476 1549 Praeceptum
2504 1489 2669 1535 estut
2701 1479 2775 1535 sis
2801 1481 2945 1536 mitis
2986 1500 2999 1536 :
3055 1486 3331 1553 praemium
3376 1500 3458 1542 est
3511 1501 3575 1543 ut

1985 1567 2257 1643 possideas
2282 1578 2499 1625 terram.
2530 1570 2857 1642 Pneceptum
2878 1582 2961 1625 est
2986 1583 3041 1626 ut
3066 1574 3141 1627 sis
3171 1575 3357 1645 lugens
3386 1596 3400 1627 :
3436 1595 3577 1646 ιιι-,ιι-

1982 1659 2167 1723 mium,
2193 1668 2250 1713 ut
2266 1660 2577 1716 consoleris.
2602 1661 2932 1731 Pneceptum
2949 1670 3028 1717 est
3056 1673 3110 1717 ut
3127 1664 3327 1723 esurias
3348 1677 3403 1721 ct
3417 1670 3569 1723 sitias

1975 1748 2234 1817 justitiam
2261 1768 2274 1803 :
2301 1751 2609 1819 prtemium,
2636 1760 2694 1806 ut
2726 1753 3002 1809 satureris.
3024 1753 3355 1826 Prmceptum
3398 1772 3473 1815 est
3511 1772 3569 1816 ut

1980 1839 2055 1917 sis
2081 1840 2384 1895 misericors
2418 1857 2430 1893 :
2464 1841 2740 1911 puerilium
2763 1884 2777 1909 ,
2815 1852 2872 1898 ut
2913 1845 3333 1922 misericordiam
3372 1865 3568 1906 conse-

1978 1930 2177 2001 quaris.
2206 1929 2295 1986 Sic
2321 1944 2642 2004 praeceptum
2670 1944 2754 1990 est
2781 1942 2838 1990 ut
2858 1935 3083 1992 mundes
3103 1952 3196 1993 cor
3223 1956 3236 1992 :
3266 1944 3565 2011 praemium,

1979 2030 2036 2076 ut
2062 2020 2238 2077 rideas
2266 2020 2452 2078 Deum.

2047 2111 2272 2169 CAPUT
2302 2111 2388 2168 IX.
2428 2114 2573 2170 —9.
2611 2112 2747 2168 l’isio
2793 2114 2882 2170 Dei
2926 2119 3175 2190 quomodo
3215 2123 3565 2177 mundicordi-

1977 2205 2068 2259 bus
2094 2204 2353 2274 speciatim
2374 2208 2642 2276 promissa.
2664 2206 2779 2263 Non
2800 2223 2927 2278 ergo
2954 2211 3024 2266 ita
3042 2211 3214 2281 sapias
3235 2213 3287 2268 in
3319 2214 3404 2275 his
3428 2232 3567 2286 pnu-

1975 2297 2143 2367 ceptis
2169 2306 2223 2352 et
2252 2299 2513 2368 prgcmiis,
2553 2307 2611 2356 ut
2649 2314 2769 2355 cum
2798 2300 2967 2367 audis,
2997 2301 3144 2357 Beati
3170 2306 3522 2362 muadicordes
3545 2350 3563 2374 ,

1974 2392 2213 2459 quoniam
2242 2391 2343 2461 ipsi
2372 2390 2534 2446 Deum
2570 2391 2834 2461 videbunt,
2875 2404 3028 2463 putes
3078 2411 3336 2470 pauperes
3374 2400 3564 2471 spiritu

1976 2497 2083 2536 non
2104 2482 2333 2549 visuros,
2362 2493 2453 2539 aut
2480 2500 2585 2540 non
2613 2487 2821 2540 visuros
2852 2485 3008 2542 mites
3029 2527 3044 2550 ,
3078 2503 3182 2544 non
3230 2490 3436 2548 visuros
3480 2494 3565 2546 Iu-

1973 2581 2177 2643 gentes,
2209 2589 2313 2629 non
2343 2574 2549 2631 visuros
2570 2576 2867 2632 esurientes
2902 2588 2956 2632 et
2998 2578 3240 2643 sitientes
3278 2579 3560 2652 justitiam.

1973 2680 2083 2718 non
2116 2664 2321 2720 visuros
2347 2667 2740 2743 misericordes.
2770 2667 2885 2724 Non
2910 2656 3318 2731 arbitreris.eos
3358 2684 3563 2731 tantum

1972 2755 2122 2824 quasi
2150 2756 2354 2810 visuros
2391 2758 2481 2827 qui
2512 2757 2711 2814 mundo
2739 2769 2863 2814 sunt
2886 2760 3085 2828 corde,
3141 2763 3246 2818 illis
3280 2779 3309 2818 a
3356 2766 3562 2825 visione

1974 2848 2251 2916 soparatis.
2275 2848 2460 2904 Omnia
2488 2850 2628 2905 enim
2661 2849 2775 2907 lucc
2796 2851 2953 2907 iidem
2983 2853 3081 2923 ipsi
3117 2863 3260 2911 sunt.
3284 2854 3385 2926 Ipsi
3406 2858 3560 2912 vide-

1973 2938 2139 3006 bunt,
2171 2950 2225 2996 et
2261 2957 2364 2997 non
2397 2941 2516 2998 ideo
2553 2942 2836 3010 videbunt,
2891 2946 3014 3017 quia
3061 2962 3322 3018 pauperes
3367 2952 3558 3018 spiritu

1973 3038 2117 3098 sunt,
2150 3031 2271 3101 quia
2301 3031 2458 3088 mites
2479 3044 2621 3098 sunt,
2649 3034 2768 3104 quia
2794 3034 3034 3105 lugentes
3054 3077 3067 3102 ,
3092 3038 3213 3108 quia
3256 3041 3558 3098 esurientes

1975 3120 2320 3192 sitientesqne
2343 3120 2631 3193 justitiam,
2672 3125 2793 3193 quia
2836 3124 3211 3185 misericordes
3250 3145 3264 3182 :
3303 3131 3396 3186 scd
3439 3133 3563 3202 quia

1975 3208 2159 3269 mundi
2235 3224 2360 3267 sunt
2409 3214 2591 3269 corde.
2644 3215 3099 3284 Quemadmodum
3166 3220 3211 3275 si
3266 3224 3564 3292 corporalia

1977 3318 2138 3374 opera
2167 3304 2421 3359 membris
2459 3307 2825 3376 corporalibus
2866 3320 3261 3377 coaptarentur,
3310 3329 3372 3369 ac
3418 3315 3565 3372 dico-

1980 3405 2079 3461 rct,
2112 3396 2257 3451 verbi
2283 3399 2473 3468 gratia,
2499 3399 2816 3470 quisquam:
2846 3400 2989 3458 Beati
3016 3405 3104 3475 qui
3147 3406 3311 3476 pedes
3344 3408 3563 3476 habent,

1978 3487 2102 3557 quia
2130 3488 2226 3557 ipsi
2254 3488 2597 3543 ambulabunt
2622 3506 2633 3541 :
2668 3491 2807 3545 beati
2837 3492 2926 3561 qui
2954 3509 3144 3549 manus
3173 3496 3388 3562 habent,
3440 3502 3564 3569 quia

1978 3575 2076 3645 ipsi
2098 3577 2495 3645 Operabuntur:
2528 3579 2665 3643 beati
2690 3581 2777 3651 qui
2819 3596 3002 3637 vocem
3034 3583 3265 3648 habent,
3311 3592 3566 3658 quoniam

1981 3669 2080 3739 ipsi
2108 3670 2412 3726 clamabunt
2439 3688 2451 3723 :
2483 3670 2619 3726 beati
2645 3673 2733 3743 qui
2762 3689 2822 3727 os
2845 3683 2899 3727 et
2925 3675 3153 3746 linguam
3187 3677 3399 3743 habent,
3428 3697 3565 3749 qm-

1980 3760 2121 3815 niam
2149 3759 2244 3830 ipsi
2274 3761 2553 3831 loquentur
2599 3780 2610 3815 :
2658 3761 2798 3817 beati
2843 3764 2931 3835 qui
2974 3766 3161 3821 oculos
3217 3768 3433 3837 habent,
3463 3771 3565 3841 ipsi

1977 3852 2119 3905 enim
2148 3851 2421 3907 videbunt.
2446 3852 2536 3908 Sic
2564 3863 2808 3924 tanquam
2837 3856 3125 3924 Spiritualia
3153 3860 3388 3915 membra
3413 3878 3567 3917 cmu-

1978 3959 2203 4016 poncns,
2234 3944 2413 3998 docuit
2439 3946 2562 4016 quid
2598 3946 2662 4000 ad
2703 3945 2828 4018 quid
2860 3949 3138 4017 pertineat.
3171 3952 3303 4022 Apta
3348 3964 3427 4007 est
3468 3954 3568 4007 hu-

1980 4034 2174 4090 militas
2195 4034 2258 4089 ad
2284 4034 2584 4090 habendum
2612 4053 2830 4108 regnum
2858 4038 3148 4105 ccelnrum;
3176 4053 3296 4113 apta
3320 4060 3568 4102 mansne-

1981 4124 2107 4181 tudo
2126 4125 2190 4181 ad
2231 4126 2600 4196 possidendam
2632 4138 2822 4183 terram
2849 4146 2862 4195 ;
2897 4140 3051 4201 aptus
3080 4131 3251 4189 luctus
3276 4136 3341 4190 ad
3369 4152 3566 4193 conso~

1981 4215 2266 4282 lationem;
2289 4228 2409 4288 apta
2433 4218 2598 4275 fames
2639 4230 2691 4274 et
2717 4218 3064 4291 sitisjustitize
3098 4222 3164 4278 ad
3196 4227 3564 4292 saturitatem;

1981 4316 2101 4377 apta
2138 4309 2499 4363 misericordia
2533 4309 2597 4364 ad
2676 4310 3057 4381 impetrandam
3110 4316 3565 4387 miscricordiam;

1981 4409 2160 4470 aptum
2199 4399 2451 4455 mundum
2501 4416 2594 4456 cor
2647 4400 2711 4456 ad
2755 4402 3040 4458 videndum
3071 4403 3256 4461 Deum.

2053 4484 2279 4546 CAPUT
2318 4490 2387 4547 Χ.
2417 4522 2486 4532 —-
2516 4492 2601 4547 10.
2638 4490 2765 4546 Fide
2788 4510 2875 4546 cor
2901 4496 3171 4549 mundatur
3197 4498 3264 4551 ad
3300 4498 3566 4555 ridendruu

1986 4579 2166 4633 Deum.
2211 4580 2265 4635 Si
2315 4596 2441 4651 ergo
2490 4582 2855 4638 desideramus
2903 4585 3082 4641 videre
3120 4587 3324 4655 Dwm,
3375 4591 3565 4647 oculus

1985 4670 2083 4725 istc
2107 4671 2244 4725 unde
2289 4672 2667 4726 inutidabitur?
2706 4674 2836 4741 Quis
2879 4676 3019 4731 enim
3068 4692 3170 4757 non
3216 4690 3399 4749 curet,
3447 4685 3569 4752 quis

1985 4776 2089 4815 non
2121 4770 2320 4829 qiucrat
2352 4762 2489 4816 unde
2515 4763 2766 4830 mundvt,
2814 4782 2917 4834 «μω
2964 4766 3144 4822 videre
3186 4772 3358 4839 possit
3407 4787 3567 4843 quem

1984 4859 2096 4906 toto
2125 4849 2312 4909 all‘cclu
2342 4848 2649 4907 desiderat?
2683 4852 2954 4924 Expressit
2984 4856 3083 4911 hoc
3106 4859 3284 4915 divina
3310 4865 3524 4919 testatio
3548 4885 3567 4923 ;

1985 4940 2117 4996 Fide
2145 4985 2159 5007 ,
2214 4940 2415 5014 inquit.
2471 4946 2721 4999 nmndans
2772 4947 2927 5001 corda
2976 4936 3147 5002 eorum
3198 4952 3336 5021 (Act.
3364 4969 3452 5020 xv,
3485 4955 3567 5021 9).

1985 5033 2196 5089 Mundat
2227 5049 2319 5089 eor
2346 5033 2475 5089 ﬁdes
2507 5035 2620 5101 Dei,
2651 5034 2906 5091 mtmdum
2936 5053 3030 5093 cor
3060 5038 3201 5095 viJet
3230 5042 3418 5098 Deum.
3460 5041 3569 5099 Sed

1984 5127 2107 5198 quia
2136 5128 2248 5199 ipsa
2280 5124 2408 5181 lich
2433 5126 2716 5198 aliquando
2753 5128 2819 5182 ab
2855 5128 3157 5187 hominibus
3179 5175 3193 5196 ,
3220 5133 3310 5202 qui
3342 5148 3401 5209 se
3424 5134 3572 5205 ipsos

1985 5218 2194 5286 fallunt,
2238 5219 2355 5274 talis
2412 5219 2812 5288 determinatur,
2868 5224 3017 5292 quasi
3062 5218 3287 5279 suiticiat
3339 5235 3571 5282 tantum-

1985 5302 2143 5365 modo
2171 5309 2390 5366 credcre
2433 5311 2773 5381 (promittunt
2803 5313 2944 5366 enim
2992 5314 3091 5368 sibi
3139 5315 3353 5385 quidam
3403 5320 3568 5373 etinn

1984 5411 2327 5472 conspectum
2369 5403 2458 5457 Dei
2511 5417 2837 5474 regnumque
2891 5405 3146 5460 cmlorum
3195 5405 3477 5463 credentes
3516 5420 3570 5463 ct

1989 5494 2126 5550 male
2171 5490 2458 5566 viventes);
2503 5505 2685 5561 contra
2729 5495 2827 5550 hos
2866 5512 3154 5554 succensus
3202 5509 3254 5553 et
3306 5500 3571 5569 spirituali

1984 5585 2240 5640 clm-itote
2266 5585 2657 5654 quodammodo
2698 5586 3037 5643 stomachans
3066 5588 3297 5646 Jacohus
3348 5602 3569 5661 aposto-

1986 5675 2066 5728 lus
2097 5677 2145 5730 in
2175 5675 2409 5745 Epistula
2432 5694 2522 5731 sua
2559 5676 2705 5742 dicit,
2755 5676 2828 5732 Tu
2881 5682 3042 5735 credis
3074 5684 3308 5751 quoniam
3336 5699 3466 5737 unus
3496 5694 3569 5737 est

1988 5766 2142 5823 Deus.
2176 5767 2506 5823 Plaudistibi
2529 5768 2597 5824 dc
2628 5770 2726 5823 tida
2754 5789 2773 5822 τ·
2795 5772 3020 5827 attendi;
3052 5777 3188 5829 enim
3222 5775 3416 5830 multos
3458 5775 3561 5832 itu-
