3954 6186
378 366 479 423 569

379 490 493 557 plus
521 483 790 539 :estimare
812 479 1005 536 multos
1032 495 1149 537 esse
1170 480 1321 544 deos,
1350 488 1402 535 ct
1425 489 1475 532 ιιι
1500 478 1589 535 libi
1616 477 1813 550 gaudes
1836 493 1955 534 cre-

375 575 554 630 dendo
581 575 705 644 quia
733 568 867 626 unus
916 581 997 627 est
1034 570 1192 625 Dens.
1231 569 1367 625 Bene
1401 570 1549 640 facis.
1605 569 1670 625 Et
1708 572 1959 627 diemoncs

371 669 604 730 credunt,
633 676 682 720 et
708 664 1092 719 contremiscunt
1115 660 1319 733 (Jacobi
1345 679 1403 729 ιι,
1440 662 1550 734 19).
1595 661 1859 732 Numquid
1902 672 1959 718 et

372 759 404 811 ii
440 758 605 813 Deum
657 752 945 811 videbunt?
970 750 1235 808 Videbunt
1262 755 1351 824 qui
1390 753 1586 808 mundo
1621 763 1744 809 sunt
1772 754 1955 810 corde.

368 850 503 916 Quis
529 857 707 903 autem
733 844 1106 900 mundicordcs
1131 844 1269 900 dicat
1289 844 1504 914 spiritus
1532 844 1865 900 immundos?
1891 846 1958 903 Et

371 952 554 997 tamen
584 942 812 1008 credunt,
845 951 888 994 et
910 939 1316 993 contremisrnnt.

444 1035 531 1090 ll.
576 1031 730 1087 Fides
756 1030 1155 1087 Christianorum
1178 1030 1505 1084 discernenda
1546 1047 1577 1083 a
1608 1030 1709 1099 ﬁde
1760 1032 1955 1085 diente-

366 1143 509 1179 rmm.
574 1123 724 1178 Fidei
780 1123 982 1177 comites
1026 1140 1140 1192 spes
1195 1132 1240 1177 et
1301 1121 1539 1175 Charitas.
1599 1121 1956 1178 Discernenda

365 1226 454 1271 est
491 1215 624 1271 ﬁdes
663 1224 843 1269 nostra
873 1229 902 1268 a
934 1213 1036 1269 ﬁde
1064 1213 1385 1266 daemonum.
1415 1211 1574 1266 Fides
1606 1212 1746 1266 enim
1773 1221 1953 1267 nostra

367 1308 595 1364 mundat
633 1323 726 1361 cor
780 1322 795 1359 :
848 1306 979 1360 ﬁdes
1023 1312 1200 1359 autem
1245 1304 1454 1359 illorum
1480 1318 1602 1358 reos
1642 1303 1781 1358 facit.
1819 1304 1955 1363 Male

365 1401 570 1471 quippe
598 1407 911 1470 operantur,
943 1406 996 1453 et
1022 1396 1139 1451 ideo
1163 1397 1386 1451 Domino
1424 1396 1606 1451 dicunt
1642 1415 1655 1451 :
1686 1395 1819 1465 Quid
1860 1414 1953 1450 no-

365 1494 446 1548 bis
473 1503 520 1546 et
546 1492 632 1545 tibi
661 1492 772 1545 est?
794 1489 925 1545 Cum
947 1489 1097 1543 audis
1123 1489 1224 1544 hoc
1246 1489 1516 1544 darmones
1541 1489 1720 1544 dicere
1741 1532 1763 1556 ,
1801 1499 1953 1559 putas

363 1600 464 1638 cos
486 1599 587 1638 non
617 1581 940 1654 agnoscere?
977 1579 1175 1636 Scimus
1195 1622 1209 1646 ,
1238 1581 1510 1651 inquiunt,
1548 1581 1635 1651 qui
1653 1582 1742 1635 sis.
1784 1581 1861 1635 Tu
1901 1598 1952 1637 es

363 1676 538 1732 Filius
563 1676 653 1731 Dei
680 1675 831 1747 (Luc.
862 1691 933 1740 tv,
958 1672 1067 1746 54).
1093 1674 1229 1728 Dicit
1247 1673 1348 1728 hoc
1367 1673 1577 1740 Petrus,
1618 1683 1672 1727 et
1710 1673 1953 1730 laudatur

363 1767 581 1839 (Manli.
609 1783 723 1834 xvr,
751 1767 835 1833 lﬁ,
870 1767 958 1837 l7)
993 1784 1005 1817 :
1039 1765 1288 1820 dicit'hoc
1314 1765 1545 1831 daemon,
1573 1773 1626 1818 et
1646 1763 1945 1819 damnatur.

364 1862 521 1919 Unde
544 1862 665 1923 hoc.
696 1858 797 1915 nisi
827 1861 947 1929 quia
970 1875 1070 1913 vox
1103 1873 1215 1928 par,
1246 1868 1299 1912 et
1325 1873 1419 1912 cor
1442 1857 1644 1927 impar?
1677 1858 1951 1912 Discerna-

363 1969 487 2008 mus
513 1970 642 2023 ergo
666 1951 825 2007 ﬁdem
856 1961 1090 2006 nostram
1118 1992 1132 2015 ,
1160 1965 1259 2005 nec
1287 1942 1504 2005 credere
1541 1950 1785 2004 sufficiat.
1833 1949 1947 2004 Non

359 2056 450 2099 cst
480 2043 599 2098 talis
627 2043 757 2098 ﬁdes
784 2057 902 2113 qua:
925 2041 1145 2097 mundat
1172 2057 1283 2097 cor.
1336 2040 1495 2106 Fide,
1548 2041 1715 2113 inquit
1736 2082 1750 2103 .
1797 2059 1947 2098 mun-

358 2139 493 2190 dun:
514 2133 669 2189 corda
698 2151 889 2188 eorum.
919 2132 1023 2188 Sed
1046 2149 1147 2204 qua
1176 2131 1298 2207 ﬁde,
1327 2132 1467 2202 quali
1497 2132 1630 2199 ﬁde,
1659 2133 1758 2187 nisi
1789 2149 1944 2203 quam

359 2225 551 2281 deﬁnit
569 2224 765 2281 Paulus
788 2222 1083 2292 apostolus,
1114 2221 1200 2275 ubi
1231 2223 1303 2275 ait
1337 2240 1349 2275 :
1385 2220 1536 2275 Fides
1576 2238 1689 2291 qua:
1727 2240 1820 2294 per
1863 2223 1946 2276 di-

361 2316 629 2370 lectionem
653 2322 891 2386 operatur
920 2312 1117 2383 (Galat.
1149 2328 1204 2378 v,
1228 2312 1320 2384 6)?
1349 2312 1451 2366 Ista
1475 2311 1607 2367 ﬁdes
1636 2311 1892 2366 discernit
1915 2327 1946 2366 a

359 2406 467 2463 ﬁde
492 2407 794 2462 dxmonum
816 2446 832 2470 ,
862 2404 1116 2459 discernit
1143 2404 1210 2458 ab
1252 2402 1525 2458 hominum
1569 2402 1841 2473 ﬂagitiosis
1883 2419 1947 2460 ac

360 2496 585 2567 perditis
610 2496 870 2552 moribus.
898 2493 1072 2561 Fides,
1100 2495 1291 2564 inquit.
1315 2494 1446 2561 Qua:
1480 2494 1646 2549 fides?
1686 2494 1815 2558 Qua
1857 2511 1946 2563 per

354 2589 679 2643 dilationes»
697 2596 958 2657 operatur,
986 2593 1168 2655 sperat
1191 2583 1332 2654 quod
1365 2585 1503 2640 Deus
1524 2585 1819 2654 pollicetur.
1849 2585 1946 2641 Ni-

360 2679 442 2733 hil
466 2681 568 2734 ista
598 2678 910 2734 deﬁnitione
938 2677 1273 2747 perpensius,
1294 2674 1425 2729 nihil
1454 2674 1757 2745 perfectius.
1804 2677 1944 2748 Ergo

357 2771 462 2827 tria
491 2780 621 2828 sunt
642 2770 752 2826 illa.
779 2769 1010 2826 Necesse
1029 2778 1113 2824 est
1140 2777 1197 2823 ut
1222 2768 1400 2838 inquo
1428 2780 1510 2823 est
1534 2769 1692 2838 ﬁdes,
1719 2786 1831 2840 quin
1854 2787 1945 2841 per

352 2861 677 2917 dilectionem
695 2870 951 2932 operum,
983 2870 1162 2930 speret
1179 2859 1318 2930 quod
1343 2860 1483 2916 Deus
1512 2861 1804 2930 pollicetur.
1836 2862 1942 2918 Co-

353 2967 475 3008 mes
499 2962 582 3008 est
607 2966 736 3023 ergo
760 2951 879 3008 ﬁdei
909 2966 1052 3022 spes.
1093 2949 1405 3006 Necessaria
1446 2951 1641 3022 quippe
1669 2966 1793 3020 spes
1819 2962 1900 3008 est
1922 2996 1939 3021 ,

352 3045 614 3115 quamdiu
639 3060 745 3101 non
773 3045 1015 3101 videmus
1040 3044 1183 3113 quod
1206 3043 1512 3110 credimus;
1557 3060 1624 3099 ne
1654 3045 1790 3102 forte
1834 3062 1940 3103 non

353 3137 592 3194 videndo
618 3148 673 3193 et
715 3137 1046 3207 desperando
1087 3137 1421 3192 deﬁciamus.
1469 3137 1760 3193 Contristat
1800 3155 1937 3205 nos,

358 3229 487 3299 quia
511 3244 617 3283 non
646 3228 921 3285 videmus:
948 3227 1045 3283 sed
1073 3228 1379 3283 constilatur
1399 3245 1499 3284 suis
1519 3271 1534 3293 ,
1562 3230 1687 3300 quia
1733 3230 1941 3287 visuros

358 3336 461 3376 nos
486 3337 786 3391 speramus.
813 3321 979 3377 Adest
1005 3337 1136 3390 ergo
1162 3335 1287 3390 spes
1309 3361 1325 3387 ,
1357 3330 1415 3379 ct
1437 3331 1521 3376 est
1564 3337 1751 3378 eomes
1792 3324 1936 3379 ﬁdei.

360 3412 564 3467 Deinde
585 3421 642 3466 et
654 3412 912 3477 charitas,
937 3427 1043 3483 qua
1071 3412 1462 3476 desideramus,
1494 3429 1595 3482 qua
1640 3416 1941 3487 pertingere

352 3516 632 3567 cuiauis",
663 3517 766 3572 quia
786 3502 1190 3569 inardescimus,
1210 3519 1314 3573 qua
1340 3504 1605 3561 esurimus
1630 3515 1685 3561 et
1706 3508 1935 3561 sitiam.

354 3595 656 3650 Adhibetur
672 3610 805 3664 ergo
826 3606 884 3650 et
909 3594 1058 3650 huic:
1086 3605 1142 3649 et
1161 3596 1266 3651 erit
1279 3595 1431 3662 ﬁdes,
1453 3610 1581 3666 spes
1603 3605 1658 3653 et
1684 3598 1934 3654 charitas.

350 3688 639 3753 Quomodo
663 3688 809 3744 enim
839 3703 945 3743 non
968 3688 1070 3742 erit
1094 3688 1170 3742 ibi
1204 3688 1476 3755 charitas,
1523 3704 1651 3744 ctam
1689 3689 1821 3745 nihil
1864 3692 1939 3746 sit

351 3781 496 3836 aliud
523 3781 757 3836 ellaritas
779 3795 940 3851 quam
957 3780 1208 3837 dilectio?
1236 3780 1350 3850 Ipsa
1401 3790 1579 3836 autem
1617 3781 1750 3837 ﬁdes
1799 3783 1940 3840 deﬁ-

352 3874 467 3926 nita
488 3883 592 3939 est,
624 3888 739 3943 cpta
766 3890 857 3944 per
899 3872 1218 3928 dilectionem
1261 3884 1519 3943 operatur.
1548 3873 1701 3931 Tolle
1752 3875 1930 3942 ﬁdem,

353 3966 494 4031 perit
518 3965 661 4036 quod
690 3965 895 4031 credis;
920 3964 1051 4021 tolle
1086 3963 1422 4031 alacritatem,
1452 3966 1593 4035 perit
1615 3967 1757 4037 quod
1795 3968 1932 4038 agis.

350 4053 503 4111 Fidei
524 4056 673 4110 enim
696 4055 929 4127 pertinet
959 4064 1017 4110 ut
1040 4055 1257 4121 credes;
1306 4057 1570 4123 eharitati,
1600 4067 1659 4113 ut
1684 4073 1831 4128 agas.
1876 4059 1933 4117 Si

352 4145 493 4200 enim
520 4146 718 4212 credis,
745 4154 803 4201 et
827 4161 933 4201 non
962 4160 1132 4214 amas,
1161 4161 1273 4202 non
1292 4156 1345 4202 te
1387 4163 1576 4204 moves
1620 4149 1689 4204 ad
1731 4149 1933 4208 bonum

358 4250 493 4303 opus
523 4254 537 4289 :
569 4245 627 4291 et
647 4236 694 4289 si
732 4250 940 4303 moves,
972 4245 1244 4291 ut-servus
1271 4253 1456 4294 mora
1479 4280 1493 4302 ,
1524 4254 1631 4294 non
1654 4249 1713 4295 ut
1758 4240 1931 4298 ﬁlius:

360 4324 593 4381 timendo
618 4318 864 4394 plenam,
916 4340 1023 4381 non
1062 4326 1294 4382 amando
1320 4326 1600 4397 justitiam.
1639 4330 1731 4386 Illa
1781 4346 1931 4404 ergo,

356 4416 590 4486 inimum,
619 4416 753 4473 ﬁdes
776 4416 996 4473 mundat
1017 4432 1133 4484 cor,
1157 4434 1278 4489 qua:
1314 4433 1409 4489 per
1434 4419 1777 4479 dilectioan
1803 4439 1935 4495 ope-

352 4520 517 4563 ratur.

419 4598 648 4654 CAPUT
687 4598 779 4653 XI.
804 4629 877 4641 --
900 4600 988 4655 η
1015 4599 1150 4655 Deus
1177 4618 1278 4655 non
1317 4603 1611 4673 cogitandus
1646 4615 1699 4660 ut
1724 4623 1926 4676 corpus.

350 4690 415 4745 Et
459 4689 622 4745 modo
669 4689 779 4759 ipsa
834 4688 970 4746 ﬁdes
1017 4692 1145 4762 quid
1195 4693 1340 4763 agit?
1383 4694 1567 4749 Tantis
1618 4698 1931 4755 testimoniis

348 4784 766 4852 Scriptura-um,
796 4794 903 4841 tam
924 4786 1204 4856 multiplici
1231 4788 1474 4853 lectione,
1508 4798 1616 4845 tam
1657 4792 1801 4847 varia
1837 4808 1932 4848 cm

348 4875 602 4944 pineaque
635 4876 1005 4932 exhortatione
1047 4877 1175 4948 quid
1212 4877 1355 4949 agit,
1411 4879 1511 4935 nisi
1556 4888 1615 4934 ut
1653 4881 1930 4939 videamus

346 4980 487 5019 nunc
512 4981 607 5034 per
628 4965 903 5035 speculum
924 4967 977 5021 in
1004 4968 1286 5038 aenigmate
1305 5010 1321 5032 ,
1355 4978 1537 5039 postea
1567 4969 1699 5027 facie
1744 4973 1810 5027 ad
1853 4972 1928 5027 fa-

345 5055 518 5109 ciem?
556 5055 665 5112 Sed
715 5072 821 5112 non
870 5050 1062 5113 iterum
1097 5066 1153 5111 ιιι
1198 5060 1387 5115 redeas
1423 5061 1491 5114 ad
1538 5062 1691 5117 istam
1733 5063 1924 5119 faciem

348 5156 484 5200 luam
509 5149 550 5201 ί.
580 5148 791 5203 Faciem
819 5149 995 5207 cordis
1021 5151 1212 5220 cogita.
1241 5149 1382 5222 Coge
1407 5167 1501 5208 cor
1522 5161 1666 5208 tuum
1688 5156 1925 5226 cogitare

342 5238 540 5299 divina,
562 5238 845 5309 compelle,
875 5256 1020 5311 urge.
1043 5240 1308 5312 Quidquid
1339 5244 1514 5301 simile
1551 5248 1790 5315 corporis
1833 5263 1926 5303 eoo

343 5329 527 5396 gilanti
554 5336 866 5393 occurrerit,
889 5332 1078 5402 abjicc.
1108 5331 1351 5388 Nondum
1376 5344 1524 5403 potes
1569 5335 1780 5403 dicere,
1811 5337 1922 5393 lloc

342 5420 681 5475 eatzsaltem
707 5421 825 5486 dic,
861 5420 976 5476 Non
997 5431 1081 5477 est
1118 5421 1239 5477 hoc.
1290 5424 1512 5490 Quando
1564 5427 1707 5482 enim
1751 5428 1921 5497 dices,

344 5511 452 5567 lloc
472 5523 558 5568 est
584 5514 762 5569 Deus?
783 5515 891 5570 Nec
934 5532 1057 5571 cum
1079 5517 1285 5571 videbis
1317 5533 1329 5570 :
1372 5518 1493 5588 quia
1543 5518 1807 5575 ineﬂabile
1842 5532 1926 5577 cst

344 5606 481 5675 quod
509 5604 732 5661 videbis.
763 5607 991 5679 Raptum
1013 5625 1072 5664 se
1104 5608 1232 5664 dicit
1272 5609 1558 5680 Apostolus
1608 5612 1659 5665 in
1710 5611 1922 5669 tertium

375 5717 415 5785 ᾖ
442 5718 751 5770 Ctrrbcicusls
771 5726 873 5780 t:s.,
899 5718 988 5771 red
1014 5732 1103 5772 non
1126 5726 1192 5771 απ
1212 5723 1387 5771 uerunt
1411 5728 1460 5771 at
1484 5722 1652 5773 redeas
1671 5729 1723 5775 tn
1757 5724 1824 5777 ad
1845 5725 1922 5791 (a-

341 5788 457 5828 rtem
475 5786 623 5829 tutan.
1720 5805 1722 5807 ‘

1844 362 2074 424 SERMO
2112 367 2244 423 Lm.

3436 395 3654 451 ‘370

2066 481 2282 549 coelum,
2305 492 2360 539 et
2377 486 2588 544 audisse
2609 482 2890 551 ineffabilia
2914 497 3072 553 verba
3097 498 3164 571 (ll
3186 496 3302 557 Cor.
3324 519 3419 572 xu,
3442 502 3478 559 Ξ
3501 516 3549 579 et
3567 507 3645 579 ὁ).

2065 568 2120 626 Si
2149 581 2272 630 sunt
2300 575 2584 655 ineffabilia
2611 584 2791 651 verba,
2817 588 2941 658 quid
2965 599 3046 644 est
3092 568 3243 663 ciuus
3284 568 3413 653 sunt
3437 568 3643 655 verba?

2065 661 2321 732 Cogitanti
2346 682 2474 739 ergo
2501 670 2592 726 tibi
2622 674 2688 730 de
2712 676 2841 746 Deo,
2872 684 3105 739 occurrit
3124 661 3298 756 aliqua
3321 686 3548 746 fortasse
3592 692 3644 746 in
3728 706 3731 709 ‘

2063 749 2293 809 humana
2340 760 2516 828 specie
2541 763 2672 818 mira
2701 776 2755 821 et
2787 769 3111 839 amplissima
3142 778 3447 845 magnitudo
3476 795 3646 837 :con-

2063 841 2276 898 stituiin
2307 862 2422 902 cam
2450 850 2500 904 in
2531 866 2818 925 conspectu
2844 861 3179 929 cogitationis
3217 841 3340 933 tum,
3390 877 3657 941 tanquam.

2063 947 2308 1004 nlagnum
2333 938 2551 1010 aliquid,
2584 946 2992 1018 amplissimum,
3026 954 3246 1022 grande,
3280 938 3645 1028 ingentissima

2062 1023 2203 1077 unde
2230 1023 2496 1082 diffusum.
2521 1030 2708 1088 Finisti
2747 1036 2960 1093 alicubi.
3010 1041 3065 1096 Si
3104 1042 3298 1111 ﬁnisti,
3336 1023 3489 1104 Deus
3536 1066 3643 1106 llott

2060 1121 2161 1167 est.
2190 1114 2245 1170 Si
2273 1130 2377 1172 non
2401 1118 2583 1187 ﬁnisti,
2610 1122 2773 1180 facies
2802 1127 2891 1182 ubi
2911 1131 3036 1185 est?
3082 1130 3295 1204 Cogitas
3329 1138 3524 1195 molem
3548 1181 3565 1208 ,
3592 1150 3646 1197 et

2059 1212 2117 1256 ut
2142 1206 2379 1261 membra
2419 1209 2743 1286 distinguas,
2778 1216 2967 1277 deﬁnis
3020 1224 3234 1280 molem.
3287 1228 3458 1285 Aliter
3499 1206 3641 1288 enim

2058 1296 2295 1352 membra
2325 1297 2656 1373 distinguere
2678 1322 2783 1362 non
2813 1321 2985 1380 potes,
3019 1316 3121 1371 nisi
3147 1317 3276 1374 moli
3318 1319 3529 1379 dederis
3579 1328 3643 1381 ιίο

2058 1401 2200 1441 nem.
2233 1389 2368 1457 Quid
2396 1394 2528 1464 agis,
2562 1396 2717 1452 stulta
2740 1410 2793 1455 ct
2817 1404 3045 1461 carnalis
3065 1407 3352 1478 cogitatio?
3373 1411 3640 1471 Grandem

2057 1477 2251 1532 molem
2282 1479 2479 1550 fecisti;
2505 1493 2560 1540 et
2585 1495 2733 1543 tanto
2750 1492 3111 1564 grandiorem,
3140 1477 3342 1569 quanto
3368 1510 3421 1558 te
3446 1505 3641 1574 putasti

2057 1566 2223 1623 Deum
2255 1575 2477 1642 amplius
2502 1576 2784 1635 honorare.
2810 1583 3121 1643 Additalius
3162 1607 3321 1647 unum
3362 1593 3594 1650 cubitum
3622 1636 3638 1662 ,

2055 1666 2109 1729 et
2134 1658 2258 1715 facit
2283 1665 2556 1733 majorem.

2123 1752 2351 1812 CAPUT
2389 1758 2509 1815 ΧΗ.
2537 1793 2607 1803 —-
2644 1765 2731 1820 l3.
2776 1766 2941 1824 Locus
2968 1769 3123 1826 Isaiae
3158 1775 3212 1829 in
3253 1776 3467 1844 speciem
3518 1796 3639 1835 m-

2053 1836 2258 1900 έναι-ἔμε.
2314 1847 2418 1904 Sed
2468 1851 2588 1923 legi,
2617 1854 2812 1925 inquis.
2837 1859 2974 1925 Quid
3028 1862 3224 1933 legisti,
3253 1836 3342 1935 qui
3387 1867 3522 1923 nihil
3559 1869 3639 1925 iu-

2055 1934 2302 1991 lellexisti
2326 1938 2348 1993 ?
2376 1940 2442 1994 Et
2472 1952 2645 1999 tamen
2671 1946 2779 2013 dic,
2815 1949 2942 2020 quid
2983 1950 3198 2023 legisti?
3239 1934 3355 2011 Non
3407 1960 3637 2029 repella-

2056 2039 2174 2079 mus
2201 2030 2475 2095 pnrvulum
2499 2032 2661 2090 corde
2691 2036 2986 2094 ludentem.
3014 2041 3106 2097 Dic
3127 2043 3252 2114 quid
3280 2045 3496 2117 legisti?
3523 2047 3634 2103 Cc-

2052 2116 2157 2169 lnm
2197 2118 2321 2172 mihi
2360 2121 2568 2178 tln'onus
2605 2135 2704 2194 cst,
2758 2138 2891 2184 terra
2928 2140 3097 2187 autem
3144 2116 3412 2193 scabellum
3444 2138 3633 2210 pedum

2051 2224 2274 2262 meorum
2304 2210 2452 2274 (lsai.
2486 2231 2633 2285 ιιιί,
2663 2218 2740 2290 ϐ).
2788 2221 2888 2276 Aio
2928 2222 3027 2296 (a),
3055 2224 3182 2297 Legi
3205 2238 3259 2283 et
3281 2244 3382 2302 ego
3407 2247 3419 2283 :
3449 2231 3549 2288 sed
3582 2242 3636 2290 tu

2052 2297 2185 2354 forte
2223 2304 2482 2372 potiorem
2524 2318 2574 2364 te
2608 2321 2800 2380 putas,
2842 2315 2962 2384 quia
3009 2317 3181 2388 legisti
3228 2329 3284 2376 et
3317 2297 3627 2380 vet-edidisti.

2048 2389 2223 2446 Credo
2251 2405 2304 2448 et
2349 2411 2448 2468 ego
2486 2401 2627 2469 quod
2672 2403 2881 2461 dixisti.
2929 2407 3098 2464 Simul
3143 2410 3442 2471 credamus.
3497 2416 3637 2485 Quid

2048 2480 2215 2538 dico?
2244 2485 2410 2543 Simul
2443 2507 2765 2560 quaeramus.
2797 2497 2935 2553 Ecce
2966 2509 3088 2557 tene
3132 2505 3274 2575 quod
3325 2480 3543 2579 legisti,
3581 2519 3636 2566 et

2048 2576 2319 2633 credidisti
2349 2598 2362 2633 :
2397 2579 2587 2637 Caelum
2625 2586 2750 2642 mihi
2786 2589 2997 2648 thronus
3026 2605 3134 2664 est,
3190 2597 3243 2654 id
3275 2609 3357 2656 est
3370 2576 3399 2667 ,ν
3438 2603 3633 2675 sedes;

2051 2664 2268 2722 thronus
2290 2671 2432 2728 enim
2469 2691 2660 2747 grwcc,
2686 2680 2857 2741 latine
2902 2685 3058 2747 sedes
3100 2699 3185 2745 est
3225 2709 3238 2745 :
3290 2664 3424 2751 terra
3465 2703 3633 2751 autem

2046 2759 2315 2814 seabellum
2343 2765 2525 2833 pedum
2555 2785 2797 2825 meorum.
2825 2772 2941 2829 Non
2972 2775 3144 2847 legisti
3186 2789 3242 2837 et
3266 2781 3403 2839 illud
3444 2800 3458 2837 :
3509 2783 3634 2852 Quis

2047 2850 2216 2918 palmo
2237 2869 2433 2911 mensus
2454 2867 2525 2912 est
2549 2860 2730 2923 caelum
2759 2862 2911 2936 (lsat'.
2955 2884 3041 2934 ιι,
3088 2871 3223 2941 i2)?
3275 2873 3411 2933 Bato
3453 2885 3506 2934 te
3534 2850 3631 2937 Vle-

2046 2939 2221 3009 gisse:
2255 2947 2559 3017 cognoscis,
2580 2960 2632 3005 et
2664 2960 2716 3006 te
2759 2956 2980 3014 credere
3020 2939 3310 3020 conﬁteris.
3370 2964 3445 3022 lbi
3486 2969 3633 3024 enim

2046 3039 2325 3105 utrumque
2366 3036 2611 3110 legimus,
2653 3053 2936 3118 utrumque
2982 3051 3277 3111 credimus.
3320 3054 3479 3113 Modo
3513 3058 3629 3129 jam

2044 3123 2235 3191 cngita,
2263 3135 2317 3181 et
2342 3127 2474 3185 doce
2501 3145 2585 3187 me
2616 3149 2629 3187 :
2659 3132 2889 3192 adhibeo
2915 3148 2965 3195 te
2990 3139 3285 3211 doctorem,
3317 3154 3374 3202 et
3391 3161 3477 3205 me
3506 3123 3625 3219 pit-

2043 3213 2221 3269 vnlum
2255 3215 2411 3273 facio.
2440 3220 2581 3278 Doce
2608 3240 2714 3294 me,
2756 3226 2979 3285 obsecro
3007 3242 3074 3288 te.
3109 3232 3240 3301 Quis
3260 3239 3449 3311 estqui
3475 3241 3626 3301 sedet

2043 3304 2094 3358 in
2126 3307 2297 3374 palmo
2317 3313 2452 3366 suo?

2111 3396 2337 3455 CAPUT
2367 3402 2503 3457 Xlll.
2525 3436 2595 3445 —
2614 3407 2696 3463 li.
2724 3408 2996 3470 Excutitur
3016 3416 3154 3474 locus
3176 3421 3382 3478 allatus.
3405 3423 3632 3495 (Erulum,
3728 3468 3729 3471 η

2041 3490 2218 3541 sancti.
2261 3489 2446 3561 Terra,
2492 3500 2694 3552 terreni.
2738 3500 2956 3557 Sursum
3001 3522 3108 3564 cor.
3162 3509 3301 3566 Ecce
3346 3512 3542 3584 ﬁguras
3569 3530 3627 3575 ct

2043 3577 2359 3637 lineamenta
2393 3588 2753 3647 membrorum
2785 3592 2877 3650 Dei
2904 3613 2934 3650 a
2961 3614 3184 3669 corpore
3210 3600 3443 3660 huinano
3467 3605 3619 3670 duxi-

2040 3670 2125 3723 sti.
2159 3670 2260 3726 Sed
2291 3673 2425 3731 forte
2450 3678 2716 3750 subrepsit
2742 3683 2864 3754 tibi,
2894 3694 2953 3741 ut
2980 3691 3271 3749 secundum
3300 3709 3495 3768 corpus
3525 3715 3623 3768 pur

2040 3767 2181 3817 tares
2224 3780 2320 3820 nos
2363 3765 2532 3824 factos
2569 3770 2636 3826 ad
2680 3773 2962 3847 imaginem
3003 3780 3117 3836 Dei.
3162 3765 3622 3862 Interim—accipio

2040 3852 2514 3926 considerandum,
2544 3862 2960 3935 discutiandum,
2993 3872 3404 3945 requirendum,
3435 3852 3623 3952 dispu‘

2041 3944 2201 3999 tando
2224 3950 2620 4007 excutiendum.
2667 3953 2723 4010 Si
2763 3956 2934 4026 placet
2964 4000 2983 4026 ,
3009 3963 3130 4020 audi
3166 3981 3251 4022 me
3283 3985 3294 4020 ε
3324 3969 3445 4040 quia
3477 3944 3537 4026 in
3557 3986 3624 4027 eo

2038 4036 2180 4105 quod
2217 4038 2309 4093 tibi
2349 4040 2570 4110 placuit,
2607 4045 2783 4103 audivi
2820 4058 2889 4105 te.
2931 4050 3093 4108 Sedet
3123 4052 3264 4110 Deus
3288 4036 3537 4127 invetelo,
3568 4071 3622 4118 et

2037 4127 2218 4196 palmo
2258 4132 2472 4188 metitur
2505 4135 2724 4191 caelum.
2756 4137 2899 4195 Idem
2937 4144 3130 4229 caelum
3169 4146 3225 4201 lit
3263 4148 3459 4218 latum,
3497 4166 3621 4237 cum

2038 4217 2220 4285 sedet;
2251 4233 2301 4276 et
2327 4234 2606 4294 angustum
2626 4270 2641 4295 ,
2669 4243 2787 4284 cum
2811 4214 3064 4290 metitur?
3088 4237 3169 4295 An
3196 4237 3308 4309 ipse
3335 4241 3477 4303 Deus
3502 4226 3617 4300 tan;

2039 4318 2123 4366 tus
2154 4314 2311 4371 estin
2343 4317 2598 4385 sedendo,
2630 4334 2859 4391 quantus
2886 4326 2937 4379 in
2966 4329 3181 4397 palmo?
3207 4332 3261 4387 Si
3289 4332 3390 4389 hoc
3416 4319 3487 4391 ita
3514 4347 3618 4405 est,

2038 4418 2142 4458 non
2171 4405 2236 4461 ad
2265 4407 2661 4468 similitudinem
2691 4430 2840 4472 suam
2868 4433 2967 4475 nos
2992 4420 3115 4477 fecit
3139 4422 3278 4481 Deus
3305 4445 3318 4480 :
3349 4443 3448 4484 nos
3475 4428 3621 4489 enim

2036 4495 2266 4563 palmum
2296 4498 2652 4569 angustiorem
2693 4506 2845 4564 valde
2884 4509 3172 4582 habemus,
3216 4531 3372 4587 quam
3414 4529 3618 4589 partem

2035 4591 2271 4659 corporis
2300 4608 2402 4663 qua
2428 4595 2695 4655 sedemus.
2737 4601 2831 4658 llle
2865 4615 3044 4664 autem
3074 4610 3118 4666 si
3150 4619 3256 4667 tam
3286 4615 3423 4672 latus
3451 4626 3535 4673 est
3563 4620 3617 4675 in

2037 4679 2211 4747 palmo
2236 4698 2352 4750 suo,
2375 4701 2532 4756 quam
2560 4688 2696 4746 latus
2718 4692 2771 4747 in
2797 4697 3037 4754 sessione
3057 4714 3174 4768 sua,
3196 4703 3426 4777 diSparia
3447 4724 3619 4765 mem-

2034 4767 2126 4823 bra
2173 4773 2323 4828 nobis
2362 4774 2502 4830 fecit.
2544 4779 2659 4836 Non
2702 4792 2783 4853 est
2828 4785 2926 4841 ista
2967 4767 3298 4850 similitude
3324 4798 3618 4863 Erubescat

2033 4876 2159 4933 ergo
2191 4865 2293 4919 tale
2321 4866 2520 4931 idolum
2552 4871 2602 4925 in
2632 4873 2795 4931 corde
2819 4875 3126 4938 christiano.
3161 4884 3392 4944 Proinde
3419 4892 3616 4948 emtum

2032 4955 2213 5024 accipe
2244 4972 2337 5025 pro
2367 4958 2614 5015 omnibus
2638 4965 2856 5020 sanctis.
2888 4967 3019 5034 Quia
3050 4980 3103 5027 et
3131 4979 3269 5030 terra
3298 4975 3494 5034 dicitur
3522 4998 3618 5051 pro

2031 5044 2277 5099 caulibus
2297 5046 2384 5115 qui
2408 5058 2531 5101 sunt
2550 5050 2604 5104 in
2626 5059 2763 5108 terra
2788 5071 2801 5105 :
2829 5055 3005 5113 Omnis
3026 5070 3158 5115 terra
3177 5065 3351 5120 adoret
3370 5076 3418 5123 te
3439 5044 3621 5139 (Pici.

2035 5147 2151 5196 va,
2185 5132 2275 5203 4).
2306 5134 2358 5189 Si
2394 5137 2527 5194 bene
2555 5139 2780 5200 dicimus
2809 5147 3099 5204 secundum
3127 5166 3222 5208 cos
3249 5156 3343 5225 qui
3373 5132 3617 5220 habitant

2032 5225 2080 5277 in
2124 5235 2260 5281 terra
2285 5269 2301 5294 ,
2344 5227 2519 5287 Omnis
2549 5242 2681 5289 terra
2708 5236 2882 5291 adoret
2912 5248 2957 5293 te
2988 5257 3007 5294 :
3040 5242 3175 5300 bene
3200 5246 3423 5305 dicimus
3452 5253 3611 5310 etiam

2029 5317 2317 5372 secundum
2356 5336 2449 5376 eos
2486 5324 2573 5394 qui
2621 5325 2858 5385 habitant
2899 5331 2949 5387 in
2991 5335 3162 5403 caelo,
3208 5337 3375 5395 Omne
3416 5344 3612 5404 cmlnm

2030 5418 2202 5477 portet
2240 5419 2309 5465 te.
2350 5412 2480 5469 Nam
2520 5425 2574 5471 ct
2614 5421 2781 5476 sancti
2823 5422 2921 5492 ipsi
2959 5414 3048 5495 qui
3084 5428 3135 5482 in
3167 5437 3306 5483 terra
3337 5429 3600 5509 habitant,

2030 5512 2188 5555 carne
2217 5511 2412 5558 terram
2437 5507 2680 5575 calcant,
2728 5512 2889 5568 corde
2929 5514 2979 5568 in
3023 5518 3159 5574 caelo
3199 5518 3457 5581 habitant.
3494 5507 3609 5583 Non

2027 5590 2168 5643 enim
2202 5590 2390 5646 frustra
2422 5595 2776 5654 admonentur
2800 5618 3009 5658 sursum
3042 5605 3237 5665 habere
3265 5624 3377 5677 Cor,
3408 5624 3463 5668 et
3489 5630 3612 5679 cum

2028 5680 2281 5735 admoniti
2330 5681 2562 5751 fuerint,
2611 5689 2679 5744 ita
2725 5688 3207 5767 esSc'respondcnt
3242 5720 3254 5756 :
3285 5712 3376 5759 aut
3415 5703 3627 5764 frustra.

2095 5791 2165 5854 (ο)
2187 5798 2344 5855 Forte,
2368 5795 2530 5847 audio.
2610 5776 2613 5781 ~
