3954 6186
259 328 357 393 3⁵71

259 464 471 519 sursum
513 456 696 502 versus
735 437 799 499 ad
837 444 994 512 caput
1031 441 1229 497 eminet
1270 458 1281 493 :
1325 447 1379 495 et
1416 454 1476 494 ea
1516 434 1842 509 significatur

259 532 473 599 dicitur.
498 536 558 594 Si
582 533 960 591 consurrexistis
980 524 1100 586 cum
1127 529 1346 596 Christo,
1371 546 1482 601 qua:
1506 545 1705 584 sursum
1726 537 1843 584 sunt

257 629 490 700 qrueritb,
534 622 618 681 ubi
651 623 879 678 Christus
916 632 987 678 est
1018 623 1070 677 in
1109 621 1314 677 dextera
1354 619 1448 674 Dei
1485 620 1692 682 sedens;
1732 633 1845 690 qui!

260 733 458 773 sursum
486 725 600 770 sunt
624 715 785 786 sapite
802 757 816 782 ,
849 731 949 769 non
977 723 1089 783 qua
1114 728 1266 783 super
1291 722 1475 767 terram
1503 709 1718 780 (Coloss.
1748 725 1800 764 ιιι
1826 750 1841 776 ,

264 811 288 866 Ι
313 819 358 865 et
372 808 454 879 Ξ).
481 808 535 863 in
558 818 811 878 quantum
833 816 959 877 ergo
980 806 1051 860 ibi
1070 814 1465 869 conversantur,
1487 804 1542 857 et
1558 802 1663 873 ipsi
1676 801 1844 857 Deum

260 886 581 973 portam-et
608 898 800 954 malum
828 908 981 963 sunt;
1009 898 1128 968 quia
1158 896 1247 952 Dei
1275 894 1429 952 sedes
1452 904 1611 958 sunt;
1646 905 1699 950 et
1724 911 1843 949 cum

260 992 575 1047 annu‘utiatlt
593 990 753 1046 verba
768 988 882 1054 Dei,
903 988 1029 1045 σα»ιί
1053 997 1288 1045 enarrant
1328 988 1541 1060 gloriam
1566 985 1656 1041 Dei
1674 982 1843 1056 (Psal.

261 1093 410 1148 xvm,
437 1081 518 1150 2).

333 1168 560 1228 CAPUT
598 1168 737 1226 XIV.
765 1192 838 1211 --
862 1170 947 1225 15.
978 1159 1216 1223 Latitudo
1237 1212 1251 1238 ,
1291 1156 1595 1240 longitudo,
1632 1166 1847 1222 altitudo

263 1273 312 1316 et
338 1263 667 1334 profundunt.
708 1263 839 1317 Redi
862 1276 989 1333 ergo
1032 1270 1238 1317 mecum
1281 1261 1347 1315 ad
1396 1260 1580 1316 faciem
1629 1260 1844 1315 cordis:

265 1357 433 1424 ipsam
470 1368 729 1425 prmpara.
770 1350 916 1408 lntus
954 1361 1036 1409 est
1072 1353 1155 1408 cui
1196 1352 1427 1423 loquitur
1464 1352 1623 1407 Deus.
1654 1352 1844 1417 Aures,

264 1446 404 1501 oeuli
427 1489 440 1509 ,
482 1455 673 1500 caetera
713 1444 952 1501 membra
992 1440 1217 1501 visibilia
1239 1488 1254 1512 ,
1283 1444 1550 1515 interioris
1576 1442 1849 1513 cujusdam

263 1536 349 1591 vel
381 1535 734 1590 habitaculum
766 1535 847 1590 vel
873 1549 1128 1606 organum
1159 1542 1301 1589 sunt.
1335 1534 1557 1590 interior
1582 1542 1663 1589 est
1687 1528 1851 1587 homo

264 1627 352 1682 ubi
387 1626 584 1682 habitat
611 1625 855 1683 Christus
884 1627 1093 1682 interim
1124 1638 1219 1696 per
1258 1624 1415 1681 ﬁdem
1449 1644 1462 1680 :
1491 1625 1559 1681 ibi
1591 1624 1854 1680 habitatu-

263 1730 357 1773 rus
372 1719 650 1787 praesentia
661 1718 947 1773 divinitatis
959 1733 1089 1784 sum,
1107 1731 1226 1772 eum
1238 1718 1641 1789 cognoverimus
1652 1731 1770 1788 qua;
1782 1717 1853 1770 sit

262 1806 504 1873 latitudo,
518 1807 811 1878 longitudo,
826 1806 1067 1873 altitudo,
1085 1807 1403 1877 profundum
1418 1823 1434 1873 ;
1448 1807 1851 1878 cognoverimus

263 1898 422 1969 etiam
461 1897 944 1967 supercminentem
986 1897 1224 1954 scientiae
1264 1897 1580 1954 charitatem
1618 1897 1846 1965 Christi,

264 1996 323 2041 ιιι
347 1986 661 2059 impleamur
682 1986 731 2041 in
758 1996 972 2042 omnem
1003 1986 1382 2057 plenitudinem
1407 1987 1499 2042 Dei
1527 1982 1739 2057 (Bp/tes.
1770 2000 1846 2053 III,

264 2081 473 2147 17-19).
506 2078 659 2134 Nunc
684 2093 812 2149 ergo
830 2080 871 2133 si
901 2080 990 2133 tibi
1019 2079 1321 2134 intellectus
1347 2076 1433 2133 hic
1456 2094 1559 2133 non
1585 2070 1846 2146 displicet,

264 2172 461 2227 advoca
492 2180 543 2227 te
571 2164 1023 2241 comprehendere
1055 2171 1405 2236 latitudinem,
1440 2169 1847 2240 longitudinem,

263 2264 628 2330 altitudinem,
660 2261 1000 2334 profundum.
1033 2263 1146 2317 Non
1178 2262 1446 2317 discurras
1476 2261 1851 2339 imaginatione

263 2354 598 2425 cogitationis
628 2368 727 2426 per
760 2356 928 2424 spatia
966 2354 1229 2408 mundana
1250 2396 1264 2418 ,
1305 2364 1354 2409 et
1387 2368 1482 2424 per
1511 2353 1663 2406 molis
1694 2351 1850 2422 hujus

262 2454 371 2499 tam
418 2433 1192 2522 ntagntecomprchettsibilcm
1221 2446 1236 2475 ¹
1276 2444 1648 2515 granditatcm.
1693 2443 1747 2497 In
1800 2453 1851 2499 te

265 2535 479 2591 attende
502 2534 644 2607 quod
683 2533 821 2591 dico.
863 2528 1111 2590 Latitudo
1149 2545 1232 2591 est
1269 2536 1321 2589 in
1366 2534 1521 2589 hortis
1563 2536 1847 2605 operibus;

264 2624 539 2699 longitudo
566 2636 649 2685 est
672 2628 723 2683 in
751 2627 1149 2698 lenganimitatc
1175 2636 1227 2682 ct
1257 2628 1646 2697 perseverantia
1676 2627 1846 2682 bono-

263 2727 385 2775 rum
400 2728 617 2789 operum
635 2735 648 2784 ;
668 2718 891 2773 altitudo
915 2727 996 2774 est
1021 2719 1071 2773 in
1088 2732 1438 2789 supernorum
1456 2719 1849 2787 exspectatione

265 2798 643 2881 praemiorum;
676 2818 894 2881 propter
917 2824 1072 2880 quam
1099 2801 1428 2864 altitudinem
1458 2809 1549 2863 tibi
1576 2808 1766 2863 dicitur
1792 2818 1847 2864 ut

265 2914 477 2958 sursum
504 2909 599 2979 eor
626 2900 841 2956 habeas.
877 2896 1017 2956 Bene
1048 2913 1295 2971 operare,
1328 2909 1381 2956 et
1405 2900 1456 2954 in
1489 2900 1642 2956 bonis
1672 2904 1847 2971 operis

265 2988 366 3053 bus
395 3004 714 3068 persevera,
763 3000 979 3065 propter
1016 2994 1270 3051 beneﬁcia
1317 2994 1432 3049 Dei.
1480 2991 1727 3067 Terrena
1751 3008 1850 3064 pro

268 3088 435 3144 nihilo
460 3089 712 3154 aestimes,
743 3102 809 3143 ne
832 3078 951 3142 cum
984 3087 1072 3142 tibi
1101 3087 1280 3158 aliquo
1307 3086 1561 3156 sapientis
1585 3086 1725 3145 illius
1751 3086 1850 3142 ila-

267 3178 408 3253 gello
438 3184 575 3234 terra
607 3180 704 3233 ista
736 3177 892 3249 fuerit
916 3177 1251 3252 perturbata,
1291 3178 1437 3233 dicas
1465 3185 1514 3233 te
1542 3179 1658 3234 sine
1690 3191 1850 3235 causa

267 3260 436 3327 Deum
466 3269 729 3337 coluisse,
769 3258 883 3325 sine
921 3284 1077 3324 causa
1118 3270 1252 3326 bona
1280 3284 1440 3340 opera
1470 3268 1657 3325 fecisse
1679 3309 1697 3336 ,
1735 3269 1851 3345 sine

267 3374 429 3439 causa
459 3363 511 3435 in
539 3361 694 3419 benis
721 3361 969 3432 operibus
996 3376 1386 3433 perseverasse.
1414 3361 1682 3418 Faeieudo
1707 3363 1849 3421 enim

266 3451 404 3511 bona
426 3459 605 3524 opera,
636 3451 785 3523 quasi
813 3451 1039 3506 habuisti
1063 3451 1393 3507 latitudinem
1418 3468 1431 3506 :
1460 3451 1851 3522 perseverando

266 3542 320 3605 in
347 3547 444 3615 eis,
472 3547 619 3619 quasi
646 3543 874 3601 habuisti
903 3544 1281 3615 lungitudinem
1313 3564 1325 3598 :
1358 3545 1450 3601 sed
1481 3554 1688 3601 terrena
1718 3561 1850 3603 con-

266 3637 560 3709 quirendo,
582 3644 705 3693 non
743 3634 967 3693 habuisti
997 3636 1346 3693 altitudinem.
1375 3638 1604 3692 Attende
1635 3637 1851 3707 profun-

266 3731 393 3785 dum
425 3746 438 3782 :
466 3729 630 3800 gratia
669 3727 763 3797 Dei
802 3736 884 3782 est
922 3728 972 3782 in
1008 3720 1217 3782 occulto
1254 3726 1538 3791 voluntatis
1563 3728 1696 3798 ejus.
1726 3728 1852 3795 Quis

267 3825 401 3880 enim
448 3816 676 3894 cognouit
714 3830 913 3887 sensum
957 3810 1204 3875 Domini?
1246 3824 1334 3874 aut
1372 3820 1484 3888 quis
1536 3818 1852 3874 consiliarius

267 3918 378 3986 ejus
406 3915 503 3986 fuit
527 3904 703 3982 illam.
746 3928 829 3976 χι,
861 3910 990 3981 διν
1027 3911 1124 3975 Ει,
1163 3909 1371 3993 Iudicia
1408 3917 1495 3962 tua
1537 3897 1665 3963 sicut
1694 3909 1851 3967 multa

266 4007 478 4078 abyssus
512 4004 680 4076 (Psal.
709 4010 881 4070 xxxv,
911 4000 988 4076 7).

338 4086 566 4155 CAPUT
604 4090 722 4152 XV.
761 4126 834 4136 —
872 4095 957 4150 i6.
1007 4093 1184 4151 Crucis
1235 4102 1448 4165 quatuor
1498 4092 1849 4147 dimensiones.

266 4188 418 4245 lianc
449 4187 906 4261 cooVersittionem
946 4184 1080 4240 bene
1114 4183 1364 4255 cperandi
1384 4226 1396 4247 ,
1431 4183 1481 4255 in
1512 4199 1571 4237 ea
1600 4198 1849 4252 persevc-

268 4278 443 4344 raudi,
471 4282 698 4348 su'pemtt
725 4274 1089 4345 exspectandi,
1117 4270 1337 4342 gratiam
1369 4274 1458 4328 Dei
1490 4272 1696 4329 occulte
1723 4272 1854 4327 dan-

268 4370 353 4439 di,
383 4369 671 4440 sapientia,
704 4382 808 4435 non
834 4367 1089 4430 stultitia:
1118 4381 1214 4420 nec
1238 4358 1657 4434 reprehendendi
1688 4379 1852 4436 quare

268 4461 406 4516 alius
446 4460 555 4523 sic,
606 4452 741 4514 alius
777 4465 954 4512 autem
996 4457 1108 4521 sic;
1157 4468 1258 4510 non
1302 4456 1445 4511 enim
1484 4460 1567 4510 est
1604 4456 1852 4527 iniquitas

271 4550 410 4623 apud
450 4548 619 4605 Deum
662 4540 744 4620 (ll
777 4547 901 4601 Par.
937 4554 1055 4612 xIx,
1084 4547 1117 4600 7
1138 4589 1152 4614 ,
1183 4556 1228 4600 et
1248 4547 1404 4601 'Rom.
1433 4559 1511 4610 ιχ,
1545 4548 1645 4614 M)
1674 4565 1687 4599 :
1713 4548 1852 4604 hanc

271 4657 400 4713 ergo
425 4640 918 4708 conversationem,
962 4639 1006 4693 si
1041 4638 1248 4711 placet,
1289 4647 1475 4710 eoapta
1514 4640 1673 4693 etiam
1709 4643 1853 4696 cruci

270 4729 484 4789 Domini
520 4732 613 4805 tui.
643 4728 758 4787 Non
798 4729 940 4785 enim
981 4722 1172 4805 frustra
1213 4730 1368 4785 talem
1408 4740 1630 4786 mortem
1670 4731 1849 4801 elegit,

272 4824 329 4881 in
367 4823 520 4893 cujus
556 4824 817 4897 potestate
851 4830 966 4877 erat
1000 4821 1079 4875 vel
1121 4821 1255 4889 mori
1286 4822 1368 4876 vel
1398 4836 1500 4876 non
1531 4821 1687 4876 mori.
1717 4822 1771 4877 Si
1801 4823 1851 4877 in

273 4920 538 4987 potestate
565 4922 679 4969 erat
706 4913 841 4969 mori
871 4922 925 4968 et
952 4922 1055 4968 nun
1085 4913 1250 4978 mori,
1289 4916 1454 4985 quare
1479 4921 1586 4967 non
1616 4912 1667 4967 in
1700 4924 1855 4984 pote—

271 5017 409 5063 state
433 5007 511 5061 sic
531 5006 614 5061 vel
640 5005 719 5061 sic
744 5004 913 5060 mori?
933 4992 1048 5059 Non
1072 5003 1264 5059 fruStra
1286 5017 1413 5074 ergo
1438 5018 1649 5059 crucem
1674 5002 1851 5076 elegit,

273 5105 361 5159 ubi
403 5109 455 5159 te
488 5094 612 5171 huic
652 5099 850 5156 mundo
883 5099 1235 5171 crueiiigcret.
1278 5097 1407 5157 Nam
1448 5097 1669 5154 latitudo
1694 5109 1776 5155 est
1801 5097 1853 5153 in

272 5184 434 5250 cruce
461 5199 821 5248 transversum
852 5191 1073 5260 lignum,
1101 5190 1189 5244 ubi
1218 5188 1447 5260 figuntur
1470 5204 1657 5244 manus
1685 5207 1697 5241 :
1727 5200 1855 5259 pro-

271 5291 392 5355 pter
418 5285 676 5337 bonorum
708 5292 930 5351 operum
959 5280 1418 5350 significationem.
1450 5279 1747 5350 Longitudo
1775 5289 1858 5335 est

275 5376 328 5431 in
357 5392 419 5433 ca
445 5376 597 5446 parte
627 5374 752 5445 ligni
771 5414 785 5438 ,
825 5384 943 5443 qua:
980 5372 1048 5426 ab
1085 5372 1200 5441 ipso
1240 5380 1541 5425 transverso
1566 5371 1631 5424 ad
1663 5382 1856 5441 terram

278 5468 463 5521 tendit.
493 5466 566 5521 lbi
596 5466 736 5522 enim
766 5468 963 5533 corpds
990 5460 1331 5531 crltciilgitur,
1361 5469 1416 5514 et
1442 5460 1670 5529 quodam
1699 5462 1859 5518 modo

280 5570 384 5614 stat
408 5579 420 5614 :
443 5571 496 5615 et
522 5561 633 5630 ipsa
662 5541 818 5613 statio
842 5555 1286 5631 perseverantiam
1314 5552 1593 5631 signiﬁcat.
1624 5553 1859 5631 Altitudo

282 5657 457 5704 autem
503 5650 555 5703 in
602 5648 694 5703 illo
733 5642 877 5733 ligno
917 5655 1032 5709 est.
1078 5644 1223 5725 quod
1244 5643 1312 5717 ab
1339 5642 1527 5731 eodem
1558 5652 1859 5721 transverso

350 5754 362 5793 i
392 5766 458 5808 tta
479 5737 881 5807 mrbeieasis‘is.
900 5758 1017 5807 είιιιι
1042 5770 1173 5818 vero,
1200 5751 1735 5823 incomprehettsibilem.

1482 317 1537 380 S.
1582 313 1945 380 AUCL'STINI
1986 315 2285 380 EPISCOPI

3425 332 3532 395 37'!

1949 447 2301 505 supernorum
2341 440 2683 509 exspectatio.
2716 441 2814 499 Ubi
2854 436 3204 514 profundum,
3246 448 3346 505 nisi
3381 451 3435 506 in
3467 468 3531 507 ea

1950 538 2103 597 parte
2130 543 2247 599 qua:
2275 537 2428 586 terra-
2453 530 2622 588 dciixa
2652 536 2769 590 est?
2806 535 3024 599 Occulta
3049 548 3133 595 est
3158 539 3300 595 enim
3330 544 3497 613 gratia
3516 587 3530 605 ,

1949 629 2002 675 et
2041 622 2094 677 in
2136 624 2316 681 abdito
2340 626 2486 684 latet.
2509 626 2622 685 Non
2645 630 2871 700 videtur,
2900 632 2993 689 sed
3022 634 3142 690 inde
3167 638 3366 696 eminet
3391 640 3533 710 quod

1949 714 2176 770 videtur.
2210 716 2335 772 Post
2360 716 2475 774 haec
2500 721 2543 775 si
2569 716 3032 794 comprehenderis
3059 725 3175 784 haec
3194 731 3395 797 omnia,
3425 747 3533 785 non

1951 802 2125 860 solum
2153 800 2527 881 intelligendo,
2569 828 2753 871 verum
2783 816 2942 872 etiam
2968 819 3176 889 agendo
3216 819 3537 893 (intellectus

1951 898 2094 952 ettim
2123 897 2280 954 bonus
2303 901 2532 957 omnibus
2555 904 2641 973 qui
2667 906 2858 977 faciunt
2885 925 2998 963 eum
3039 906 3218 983 [PsaL
3247 927 3336 978 cx,
3370 911 3532 987 10]);

1954 999 2077 1045 huic
2098 990 2206 1061 jam
2236 995 2460 1050 extende
2489 1000 2560 1056 te.
2589 997 2632 1051 si
2665 1003 2834 1068 potes,
2865 999 2931 1054 ad
2960 1002 3349 1072 agnoscendum
3375 1006 3532 1076 agni-

1954 1083 2149 1138 tionem
2192 1083 2466 1141 charitatis
2505 1087 2703 1145 Christi
2745 1095 3230 1162 superemineutem
3273 1099 3532 1155 scientiae.

1952 1170 2081 1227 Cum
2120 1178 2424 1244 perveneris
2443 1219 2458 1241 ,
2497 1179 2799 1250 impleberis
2828 1182 2878 1237 in
2908 1199 3120 1241 omnem
3151 1188 3534 1258 plenitudinem

1954 1264 2068 1322 Dei.
2099 1267 2248 1324 Tunc
2284 1270 2387 1325 erit
2425 1271 2550 1327 illud
2591 1272 2723 1330 faeie
2759 1274 2826 1329 ad
2862 1273 3071 1333 faciem.
3103 1277 3411 1351 lmpleberis
3434 1298 3535 1338 au-

1957 1364 2059 1410 tem
2089 1358 2138 1413 iu
2166 1374 2376 1417 onmem
2406 1361 2783 1437 plenitudinem
2811 1366 2939 1435 Dei,
2982 1383 3087 1427 non
3129 1380 3187 1425 ut
3228 1371 3301 1427 tui
3343 1373 3535 1444 plenus

1953 1446 2024 1500 sit
2066 1447 2239 1515 Deus,
2279 1450 2372 1509 sed
2410 1461 2466 1506 ut
2506 1462 2559 1507 tu
2596 1454 2670 1513 sis
2705 1455 2893 1524 plenus
2925 1458 3034 1514 Deo
3062 1460 3102 1513 ί.
3131 1457 3322 1528 Quaere
3351 1464 3421 1518 ibi
3443 1505 3457 1527 ,
3489 1466 3535 1518 si

1957 1549 2125 1610 petes,
2149 1539 2335 1598 faciem
2366 1545 2721 1614 corporalem.
2746 1544 2860 1602 1am
2889 1551 3140 1611 tollantur
3164 1570 3315 1624 nugze
3334 1570 3363 1607 a
3386 1571 3537 1611 mem

1957 1633 2023 1684 tis
2059 1642 2299 1702 aspectu.
2345 1633 2569 1711 Abjieiat
2613 1652 2743 1707 puer
2789 1640 3039 1709 parvulus
3084 1643 3318 1711 ludicra,
3363 1644 3537 1701 discat

1958 1729 2184 1778 tractare
2221 1725 2443 1794 majora.
2475 1726 2545 1781 Et
2573 1744 2669 1783 nos
2697 1730 2747 1784 in
2779 1732 2955 1786 multis
2991 1734 3191 1803 parvuli
3221 1750 3406 1790 sumus
3437 1756 3449 1790 :
3483 1726 3536 1792 et

1955 1828 2072 1866 cum
2100 1812 2221 1884 plus
2245 1826 2401 1887 quam
2429 1832 2613 1874 sumus
2642 1835 2911 1888 essemus,
2942 1838 2972 1877 a
3003 1826 3293 1894 majoribus
3327 1828 3534 1884 tolerati

1954 1916 2154 1960 sumus.
2190 1904 2376 1962 Pacem
2400 1912 2659 1966 sectamini
2685 1929 2797 1967 cum
2826 1914 3073 1987 omnibus,
3104 1930 3151 1973 et
3174 1921 3535 1988 sanctiﬁcatio-

1954 2010 2088 2062 nem,
2112 1997 2219 2052 sine
2235 2009 2335 2070 qua
2355 2017 2499 2056 nemo
2525 2004 2706 2071 poterit
2727 2005 2891 2060 videre
2909 2003 3070 2061 Deum
3095 2008 3275 2078 (Hebr.
3301 2028 3390 2076 xu,
3421 2013 3532 2082 ii).

1958 2085 2065 2142 liae
2089 2089 2230 2143 enim
2257 2098 2310 2144 et
2333 2106 2426 2145 cor
2452 2093 2771 2149 mandatur:
2795 2096 2915 2166 quia
2943 2095 3012 2153 ibi
3038 2108 3119 2154 est
3149 2098 3279 2156 fides
3298 2118 3415 2172 qua:
3442 2119 3538 2172 per

1954 2178 2290 2235 dilectionem
2320 2192 2588 2252 operatur.
2626 2184 2789 2253 Hinc,
2821 2184 2967 2247 Beati
2994 2190 3344 2245 mundicordes
3363 2234 3377 2257 ,
3408 2210 3534 2263 quo-

1956 2270 2091 2324 uiam
2123 2272 2219 2340 ipsi
2248 2265 2410 2327 Deum
2438 2273 2691 2329 uidebunt.
3374 2276 3381 2281 ’

2483 2384 2714 2444 senato
2751 2381 2862 2447 LIV
2892 2395 2909 2413 ο
2933 2388 3032 2465 (α).

1959 2488 2035 2550 De
2060 2511 2119 2551 eo
2141 2498 2276 2567 quod
2297 2499 2541 2569 scriptum
2566 2510 2639 2555 est
2664 2500 3016 2575 iu.Euangeliu
3047 2504 3296 2572 lauta,
3326 2524 3442 2580 cap.
3472 2526 3529 2576 ν,

2026 2588 2113 2644 16.
2141 2586 2233 2644 Sic
2258 2589 2432 2647 luceat
2456 2591 2631 2646 lumen
2658 2603 2891 2649 vestrum
2918 2610 3099 2653 coram
3127 2596 3455 2665 hominibus,
3480 2609 3538 2655 ut

2027 2677 2240 2734 videant
2279 2680 2416 2735 bona
2456 2697 2615 2751 opera
2656 2695 2829 2740 vestra
2851 2727 2866 2752 ,
2902 2695 2959 2742 et
2996 2688 3294 2759 glorificent
3328 2691 3539 2748 Patrem

2026 2778 2259 2827 vestrum
2288 2772 2375 2841 qui
2406 2772 2463 2827 in
2486 2774 2638 2830 cmlls
2665 2784 2749 2831 est
2776 2795 2791 2832 :
2817 2788 2867 2832 et
2895 2789 3092 2845 contra,
3125 2798 3242 2851 cap.
3271 2784 3410 2849 νηί,
3437 2785 3540 2840 At-

2027 2859 2226 2917 tendite
2262 2876 2329 2919 ne
2358 2863 2614 2931 justitiam
2648 2877 2878 2924 vestram
2912 2868 3122 2926 faciatis
3152 2888 3334 2928 eorum
3363 2873 3541 2929 Itoni-

2025 2948 2144 3016 bus,
2174 2959 2226 3005 ut
2254 2951 2536 3023 videamini
2561 2955 2629 3010 ab
2651 2956 2730 3012 eis
2757 2957 2877 3029 (6).
3326 3000 3331 3009 ι

2020 3053 2251 3111 caeo“:
2289 3055 2570 3113 PRIMUM.
2601 3088 2672 3099 --
2696 3062 2747 3115 ι.
2782 3061 3047 3134 Praecepta
3083 3066 3137 3120 in
3176 3067 3395 3137 speciem
3419 3081 3544 3122 coss-

1953 3145 2129 3201 traria.
2169 3146 2318 3202 Solet
2359 3149 2555 3205 multos
2595 3165 2841 3215 movere,
2880 3152 3210 3221 clarissimi,
3252 3158 3393 3227 quod
3432 3158 3542 3213 Do‘

1954 3237 2130 3293 minus
2168 3247 2355 3294 noster
2384 3238 2543 3295 Iesus
2575 3240 2819 3297 Christus
2844 3242 3180 3301 inﬁcrmone
3209 3248 3540 3318 evangelica,

1955 3343 2079 3383 cum
2099 3329 2249 3398 prius
2276 3329 2532 3397 dixisset,
2572 3330 2762 3387 Luceat
2797 3334 2968 3389 tamen
3004 3347 3221 3391 oestrum
3244 3354 3417 3394 eorum
3443 3340 3541 3394 hoc

1954 3420 2189 3486 oscinibus,
2217 3430 2272 3475 ιιι
2293 3421 2491 3477 rideant
2513 3421 2644 3477 bona
2666 3439 2822 3495 opera
2845 3436 3025 3492 uestra,
3051 3437 3098 3481 et
3116 3429 3398 3499 gloriﬁcent
3427 3427 3539 3483 Ρασ

1956 3519 2082 3566 trem
2107 3521 2321 3567 oestrum
2343 3550 2360 3581 ,
2389 3515 2474 3583 qui
2498 3515 2554 3569 in
2580 3516 2719 3570 satis
2740 3526 2817 3571 est
2837 3559 2853 3584 ,
2884 3527 3069 3588 postea
3092 3518 3226 3575 dixit
3242 3562 3258 3587 ,
3290 3520 3545 3575 Attendite

1956 3618 2019 3657 ue
2033 3603 2286 3673 justitiam
2304 3612 2516 3659 uestram
2542 3605 2743 3677 faciatis
2761 3623 2934 3661 coram
2956 3608 3261 3676 hominibus,
3288 3620 3343 3663 ut
3363 3611 3541 3666 videa-

1955 3696 2080 3750 mini
2105 3696 2168 3750 ab
2195 3697 2285 3751 eis.
2314 3692 2576 3752 Turbatur
2594 3699 2739 3754 enim
2766 3712 2920 3754 mens
2948 3711 3134 3770 parum
3163 3701 3538 3772 intelligentia.

1955 3793 2008 3839 et
2037 3794 2303 3855 prmcepto
2322 3786 2509 3857 utique
2533 3787 2789 3844 obaudire
2811 3789 3071 3858 cupientis
3087 3830 3104 3857 ,
3135 3800 3189 3846 et
3216 3790 3540 3860 perdivcrsa

1955 3884 2011 3935 et
2028 3875 2255 3931 adversa
2276 3875 2617 3932 distenditur.
2641 3877 2772 3932 Tam
2796 3879 2941 3934 enim
2965 3894 3125 3935 nemo
3154 3888 3329 3950 potest
3349 3896 3541 3951 quam

1955 3968 2038 4026 vis
2085 3966 2176 4024 uni
2223 3966 2440 4023 domino
2489 3967 2861 4038 obtemperare
2905 3971 3251 4041 repugnantia
3287 3972 3497 4042 jube-ti
3522 4013 3540 4039 ,

1956 4074 2113 4129 quam
2153 4074 2310 4115 nemo
2353 4067 2527 4127 potest
2567 4061 2727 4115 etiam
2769 4062 2976 4118 duobus
3017 4063 3249 4131 domiuis
3288 4066 3538 4124 servire:

1956 4151 2097 4227 quod
2114 4151 2302 4207 eodem
2328 4166 2579 4208 sermone
2592 4151 2834 4208 Salvator
2852 4152 2969 4225 ipse
2979 4164 3299 4235 testatus-est
3318 4157 3536 4231 (lauit.

1957 4256 2039 4307 νι,
2065 4242 2135 4299 ει
2155 4242 2194 4312 ).
2223 4242 2361 4310 Quid
2383 4258 2512 4315 ergo
2533 4241 2693 4300 faciet
2719 4246 2926 4301 aui-tus
2954 4256 3178 4315 amans,
3206 4262 3330 4304 cum
3354 4264 3414 4306 se
3432 4251 3542 4306 ob-

1959 4340 2256 4404 temperare
2282 4349 2390 4389 non
2419 4349 2575 4405 posse
2600 4331 2901 4406 existimat,
2938 4348 2994 4394 et
3027 4355 3133 4396 non
3166 4343 3541 4413 obtemperare

1957 4426 2246 4484 fumidus?
2272 4429 2328 4485 Si
2365 4431 2509 4485 enim
2546 4430 2682 4487 bona
2722 4447 2883 4502 opera
2923 4448 3018 4489 sua
3059 4436 3113 4491 in
3148 4437 3267 4493 luce
3301 4439 3542 4508 timuerit

1960 4517 2262 4574 hominibus
2291 4520 2537 4575 intuenda
2558 4562 2575 4589 ,
2618 4532 2674 4577 ut
2715 4522 2869 4578 faciat
2904 4525 3043 4595 quod
3072 4536 3393 4598 prameptum
3417 4538 3504 4584 est
3522 4570 3539 4595 ,

1961 4608 2051 4665 Sic
2078 4609 2239 4664 luceat
2266 4610 2434 4665 tmen
2459 4621 2677 4666 vestrum
2704 4629 2877 4668 coram
2905 4615 3187 4671 handnibus
3203 4659 3219 4683 ,
3257 4628 3312 4671 ut
3338 4619 3542 4674 videant

1960 4699 2092 4754 bona
2114 4716 2270 4765 opem
2294 4710 2475 4768 vestra,
2508 4713 2554 4756 et
2578 4704 2861 4774 gloriﬁcent
2882 4703 3087 4759 Patrem
3113 4715 3350 4773 vestrm,
3378 4708 3465 4779 qui
3485 4710 3543 4764 in

1959 4794 2097 4848 cretis
2135 4804 2244 4858 est;
2283 4808 2431 4850 reum
2472 4809 2532 4849 sc
2571 4795 2736 4849 teneri
2779 4796 3139 4862 arbitrabitur,
3183 4800 3307 4868 quia
3352 4810 3541 4855 contra

1961 4896 2280 4955 prteceptum
2324 4887 2478 4951 fecit,
2523 4885 2617 4942 ubi
2657 4886 2868 4951 dicitur,
2900 4888 3154 4943 Attendite
3189 4905 3256 4944 ne
3283 4890 3543 4962 justitiam

1961 4988 2171 5031 uestram
2202 4978 2400 5048 («dotis
2424 4993 2598 5032 coram
2626 4977 2910 5033 [tonsiuihts
2927 5018 2942 5044 ,
2977 4989 3034 5033 ut
3060 4980 3330 5037 videamini
3354 4981 3419 5035 ob
3446 4982 3541 5035 eis.

1964 5069 2273 5140 Rursusque
2298 5070 2345 5123 si
2376 5068 2476 5124 hoc
2502 5070 2694 5125 timens
2717 5077 2772 5125 et
2796 5060 3009 5138 cavens,
3032 5087 3095 5127 ea
3115 5087 3235 5143 qua:
3251 5073 3390 5129 bene
3415 5073 3546 5129 facit

2027 5206 2043 5237 ι
2078 5202 2260 5270 Florus,
2279 5214 2371 5270 non
2389 5210 2443 5270 ut
2465 5209 2517 5270 tu
2537 5201 2604 5255 sis
2626 5203 2792 5270 plenus
2812 5211 2956 5270 Deus,
2976 5188 3216 5270 uisis
3238 5206 3404 5270 pimus
3425 5215 3542 5257 nec.

1961 5266 2035 5315 sic
2055 5266 2201 5330 etiam
2231 5266 2537 5316 corbeiensis
2555 5266 2732 5325 codex,
2755 5266 2845 5317 sed
2875 5267 2989 5327 (nisi
3011 5268 3181 5319 fallant
3200 5266 3350 5330 oculi)
3396 5281 3425 5318 a
3457 5283 3545 5320 sc-

2028 5334 2427 5455 maxiem
2450 5395 2501 5438 et
2522 5389 2585 5439 53
2623 5388 2865 5455 emendati
2893 5399 3006 5441 sunt
3027 5391 3088 5442 ad
3116 5391 3307 5442 codices
3345 5392 3546 5443 eosdem

1963 5462 2072 5501 eum
2092 5460 2321 5499 sermone
2333 5448 2411 5500 52.

2048 5511 2099 5569 (ι)
2134 5510 2286 5569 Alias,
2308 5512 2373 5561 de
2397 5513 2567 5561 verbis
2585 5512 2765 5565 Donum
2787 5511 2834 5562 2.

2048 5526 2078 5560 (ι
2134 5511 2286 5569 Alias,
2308 5512 2373 5561 de
2397 5513 2567 5561 verbis
2585 5512 2765 5565 Donum
2787 5511 2834 5562 2.

2026 5511 2228 5683 ξῡὶςίιθι
2249 5571 2412 5645 Florus
2433 5573 2491 5637 ad
2511 5580 2541 5620 Il
2564 5580 2668 5624 Cor.
2692 5590 2755 5624 tv.
2775 5580 2826 5623 Et
2848 5575 3099 5647 ςιῐξοεεὶᾶιο
3117 5575 3166 5627 in
3190 5576 3346 5639 capite
3363 5574 3395 5623 8
3416 5571 3545 5624 Indi.

2046 5635 2060 5683 i
2119 5634 2163 5683 ie
2184 5645 2291 5683 use
2311 5639 2433 5683 torte
2450 5640 2612 5683 sermo
2634 5640 2825 5683 notatur
2847 5644 2955 5683 usus
2975 5637 3155 5683 verbis.
3187 5654 3209 5681 ι
3231 5643 3297 5683 De
3314 5638 3545 5683 placenda

1964 5634 2071 5684 culi
2084 5634 2163 5683 hie
2184 5636 2291 5696 ipse
2311 5637 2433 5683 Ione
2450 5634 2612 5685 sermo
2634 5640 2825 5685 notatur
2847 5636 2955 5686 istis
2975 5637 3155 5694 verbis,
3187 5654 3209 5681 ι
3231 5634 3297 5686 tie
3314 5638 3551 5700 placenda

1975 5713 1994 5729 ι
2022 5705 2067 5729 ιιι
2104 5708 2195 5729 nm
2223 5694 2454 5729 ulannnrln
2489 5696 2756 5729 Ian-ninian
2792 5714 2815 5729 η.
2847 5699 3067 5729 Phintiam
3097 5697 3427 5729 ιιίηιιςιιιισιοηηι
3450 5706 3543 5729 ora-

1975 5713 1997 5740 ι
2022 5705 2074 5755 et
2104 5694 2454 5757 nop'placendo
2488 5696 2772 5754 hominibus.
2792 5714 2815 5740 ν
2847 5699 3068 5749 Eamdem
3097 5694 3427 5751 difilcultatem
3450 5706 3544 5746 tra-

1970 5756 2115 5807 ctavit
2138 5759 2427 5819 august‘lnus
2449 5770 2521 5819 sui
2539 5771 2609 5816 ra,
2634 5758 2681 5807 id
2706 5771 2850 5808 set-in.
2887 5760 2955 5821 t7,
2981 5773 3063 5809 nn.
3095 5758 3163 5821 13,
3197 5758 3265 5809 i3.
