1969 3093
171 157 226 187 5ῗὸ

171 214 339 245 ιιιηεοικιονίι
350 233 358 244 ,
378 219 430 239 non
448 218 478 238 se
496 208 599 244 putabit
613 207 712 235 seri-ire
728 205 866 239 imperanti
880 209 907 231 ct
921 203 961 232 di-

169 250 257 294 centi,
274 260 370 288 Luem!
385 258 470 285 lumen
486 259 594 282 oestrum
610 261 695 281 coram
713 251 868 283 hominibus,
886 255 911 277 ut
925 250 962 277 oi-

170 311 244 337 W
257 306 325 334 bona
331 311 411 338 opta
422 307 512 330 ucstra.
836 311 838 315 ·

204 350 318 380 CAPUT
338 348 371 376 Il.
383 363 420 370 -—
429 347 457 375 2.
473 346 613 380 Utrumque
626 347 776 379 praestitum
791 342 877 376 implet
891 342 961 376 Apo-

167 398 258 426 stolus.
276 395 331 429 Qui
351 398 425 423 recte
446 397 535 420 autem
553 389 684 424 intelligit,
706 392 845 422 utrumque
859 387 960 422 implet,

167 450 195 472 et
208 441 310 471 serviet
319 438 520 468 universissimo
534 435 648 464 Domino
658 455 665 466 ,
679 434 726 467 qui
739 440 844 461 servum
860 433 961 467 pigrum

167 496 222 517 non
234 488 377 516 damnaret
387 505 395 517 ,
410 483 434 510 si
448 490 479 511 ea
491 490 552 517 qua:
567 480 623 508 ﬁeri
639 480 711 506 nullo
727 478 806 506 modo
822 482 958 512 poterant,

167 537 322 571 imperaret.
337 531 435 559 Audite
446 529 518 558 enim
532 527 642 555 Paulum
655 532 761 552 servum
775 524 871 571 Christi
886 523 959 571 lesu,

165 569 289 608 caestum
306 576 478 613 Apostolum,
492 577 658 608 segregatum
673 571 699 597 in
715 569 884 605 Evangeiium
901 569 958 600 Dei,

163 630 310 660 atrumque
323 627 351 651 et
364 621 504 649 facicntem
518 623 546 646 et
559 618 707 645 docentem.
723 616 817 643 Videte
831 614 961 650 quemad—

164 671 275 700 modum
291 668 479 697 luceatlumcn
495 665 553 700 ejus
572 671 662 692 coram
683 662 834 689 hominibus
846 682 852 692 ,
874 665 902 687 ut
921 661 959 687 vi-

164 718 246 745 deant
257 712 330 743 bona
345 719 426 748 opera
441 711 508 746 ejus.
527 708 738 737 Commendamus
748 728 755 738 ,
777 706 877 740 inquit,
901 714 959 732 nos-

165 762 286 797 metipsos
297 759 332 787 atl
342 765 441 786 onmem
455 755 632 783 conscientiam
645 753 774 779 hominum
788 752 813 778 in
828 756 960 785 conspectu

165 810 215 838 Dei
229 807 264 845 (ll
277 808 338 836 Cor.
353 814 389 839 tv,
402 806 432 839 Ξ)
445 815 452 832 :
465 808 491 832 ct
505 804 611 835 iterum,
628 800 790 828 Providentia
804 798 869 845 enirn
884 797 958 845 bona,

164 865 216 884 non
325 861 411 881 coram
427 851 488 883 Deo,
503 850 547 877 sed
561 850 636 876 etiam
651 855 737 874 coram
749 844 889 872 hominibus
905 842 958 879 (Id.

165 909 228 935 vttt,
239 901 290 935 Si)
303 909 309 927 :
322 904 350 927 et
364 899 470 930 iterum,
489 895 591 923 Placete
603 893 717 921 omnibus
731 900 775 927 per
787 890 881 922 omnia,
897 890 960 935 sicut

164 952 189 975 et
199 934 248 982 ego
260 934 378 973 omnibus
390 951 436 979 per
448 942 532 968 omnia
544 941 631 975 placeo
643 939 664 974 (Ι
679 937 737 965 Cor.
753 945 782 967 Χ,
797 936 853 982 55).
867 934 960 982 Videte

164 980 261 1020 rursus
277 987 500 1025 quemadmodum
522 984 658 1016 attendat,
679 990 712 1010 ne
734 982 812 1009 faciat
830 980 958 1015 justitiam

164 1044 244 1065 suam
253 1042 345 1063 coram
359 1032 520 1064 hominibus,
536 1035 566 1057 ut
579 1029 698 1057 videatur
710 1028 743 1055 ab
757 1027 806 1055 eis.
824 1026 896 1061 Opus
911 1033 958 1052 au-

164 1089 217 1111 tem
229 1089 306 1110 sum
320 1078 406 1115 probet
417 1100 424 1111 ,
444 1076 526 1112 inquit
537 1097 544 1108 ,
560 1075 745 1109 unusquisque;
765 1078 788 1099 et
807 1077 865 1098 tunc
877 1072 904 1097 itt
917 1078 959 1097 se-

165 1128 272 1163 metipso
285 1124 384 1152 habebit
395 1122 512 1159 gloriam,
526 1126 549 1148 ct
562 1129 611 1147 non
623 1120 649 1146 in
662 1119 741 1146 altero
754 1117 851 1152 (Galat.
863 1124 899 1148 vt,
913 1115 940 1151 ι)
951 1124 957 1142 :

164 1177 194 1202 et
202 1174 312 1205 iterum,
327 1170 396 1198 Nam
408 1169 489 1205 gloria
499 1172 584 1195 ucstra
596 1167 649 1193 hazc
661 1170 707 1198 est,
722 1163 889 1192 testimonium
901 1170 960 1189 cou-

165 1218 278 1247 uiutriot
291 1222 385 1245 nostra
397 1215 432 1251 (ll
444 1214 503 1243 Cor.
519 1222 544 1245 t,
558 1213 603 1248 12)
620 1221 626 1239 2
643 1217 669 1239 et
681 1211 745 1238 illud
758 1210 827 1245 quod
841 1209 905 1236 nihil
920 1213 961 1236 est

165 1263 353 1296 dimicatios,
370 1262 405 1290 Si
414 1261 512 1292 adhuc,
534 1259 637 1295 inquit,
655 1257 799 1285 hominibus
818 1256 958 1291 placerem,

164 1308 262 1339 Orﬁti
273 1316 361 1338 mu
373 1316 424 1335 non
439 1316 517 1334 essent
533 1305 637 1341 (Galat.
654 1313 680 1337 t,
696 1303 756 1339 10).
771 1302 824 1331 Sed
838 1310 873 1330 ne
885 1301 960 1337 quis-

159 1351 247 1393 quam
264 1357 361 1384 contra
381 1354 425 1390 qui
447 1353 480 1380 de
500 1351 640 1387 praeceptis
659 1349 734 1385 quasi
754 1348 961 1383 repugnantibus

165 1401 250 1437 ipsius
262 1399 372 1429 Domini
385 1402 536 1430 moventur,
557 1396 641 1424 multo
658 1395 741 1430 magis
759 1394 886 1429 Apnslolo
903 1393 961 1428 ejus

164 1448 271 1485 niger-at
281 1445 468 1482 qttzestionem,
480 1448 508 1471 et
519 1443 598 1475 dicat,
612 1441 752 1475 Quomodo
765 1445 792 1468 tu
806 1440 883 1472 dicis,
900 1438 961 1465 Pla-

163 1497 217 1521 ceto
226 1491 347 1521 omnibus
359 1499 404 1527 per
415 1490 510 1522 omnia,
523 1489 587 1515 sicut
600 1492 621 1514 et
635 1495 679 1522 ego
693 1485 806 1513 omnibus
820 1493 865 1521 per
877 1485 961 1512 omnia

164 1539 257 1574 Μ
264 1544 278 1566 ':
287 1542 317 1565 et
325 1542 354 1565 tu
367 1537 436 1564 idem
447 1535 523 1569 dicis,
537 1535 567 1562 Si
577 1534 660 1561 adhuc
670 1532 810 1560 hominibus
824 1531 959 1567 placerem,

163 1583 262 1612 Christi
278 1588 366 1611 ursus
386 1590 441 1609 non
455 1581 552 1608 essent?
573 1579 649 1606 Adsit
671 1579 728 1613 ipse
750 1577 895 1609 Dominus,
917 1576 962 1611 qui

164 1630 246 1658 utat-
257 1629 289 1657 in
303 1634 382 1656 sum
394 1635 444 1655 suo
457 1632 485 1655 et
499 1626 624 1661 Apostolo
636 1624 803 1660 loquebatur.
819 1627 845 1650 et
859 1622 961 1658 aperiat

165 1674 421 1703 nubitvoltmtatcm
438 1679 530 1704 suam,
555 1675 582 1699 et
601 1670 698 1698 tribuat
717 1668 858 1697 obediendi
876 1668 961 1696 iacui-

165 1723 258 1748 Μ.

176 1764 424 1793 “54·εοπάιίαπωι·
460 1763 511 1790 duo
545 1761 591 1788 illa
624 1765 758 1796 prmcepta.
783 1759 840 1795 Ipsa
864 1759 961 1794 quippe

164 1810 248 1840 iniu
262 1809 417 1845 evangelica
441 1815 533 1836 secum
550 1811 659 1843 portant
683 1806 861 1841 expositiones
881 1812 959 1838 suas;

167 1858 217 1886 nee
226 1855 414 1885 intercidunt
423 1861 470 1882 ora
484 1853 666 1885 esurientium,
682 1853 741 1887 quia
757 1854 867 1886 pascunt
880 1850 960 1877 corda

356 1900 472 1928 Intentio
487 1899 586 1935 quippe
608 1898 696 1925 cordis
710 1896 818 1924 humani
831 1904 884 1931 quo
897 1896 961 1923 diri-

167 1953 254 1983 ρων,
272 1951 301 1975 et
319 1953 374 1981 quo
392 1945 521 1981 spectet‘,
537 1943 691 1972 intuendum
706 1946 757 1970 est.
781 1941 810 1970 Si
830 1942 901 1969 enim
915 1941 961 1976 qui

167 1992 323 2021 vttlt'ﬂdefl
343 1991 378 2020 ab
388 1991 545 2019 hominibus
557 1990 625 2017 bona
643 1997 723 2024 opera
737 1996 794 2021 sua,
810 1988 920 2023 gloriam
934 1991 961 2015 et

167 2036 310 2067 atthica!
327 2044 404 2065 stram
421 2035 496 2072 ponit
510 2039 571 2063 ante
583 2035 715 2067 homines,
733 2038 760 2061 et
772 2034 841 2061 hanc
855 2034 881 2060 in
895 2040 960 2060 con-

167 2083 261 2118 m
272 2082 413 2110 hominum
427 2081 539 2116 quierit;
555 2080 620 2107 nihil
635 2087 738 2113 eorum,
752 2087 810 2114 qua:
824 2078 858 2106 de
872 2078 921 2105 hac
932 2086 961 2106 re

168 2128 298 2156 “nos
315 2127 454 2163 prices-pit,
471 2126 589 2161 implevit
603 2135 611 2153 :
625 2126 685 2161 quia
701 2130 728 2153 ct
746 2124 859 2152 attendit.
875 2125 961 2153 facere

165 2173 297 2209 justitiam
307 2181 384 2202 suam
394 2180 484 2201 coram
498 2172 659 2204 hominibus,
671 2177 700 2199 ut
714 2171 847 2199 videretur
858 2171 891 2199 ab
905 2171 958 2203 eis;

166 2224 196 2248 et
206 2225 262 2248 non
283 2220 324 2247 sic
335 2219 420 2247 elusit
431 2219 521 2246 lumen
535 2219 594 2253 ejus
606 2225 695 2245 coram
712 2216 873 2250 hominibus,
888 2222 915 2244 ut
927 2217 960 2244 ad

166 2265 354 2293 inviderent
363 2264 432 2292 bona
447 2271 527 2298 opera
540 2263 609 2298 ejus,
621 2266 649 2290 ut
663 2262 841 2297 glorificarent
855 2262 960 2289 Patrem

166 2310 225 2347 φὶ·
238 2310 268 2339 in
288 2309 366 2338 calls
388 2313 439 2338 est.
461 2309 496 2337 Se
510 2309 608 2345 quippe
629 2309 712 2336 voluit
734 2308 886 2344 gloriﬁcari,
907 2316 960 2336 non

168 2357 270 2389 Dento:
281 2360 310 2384 et
327 2362 404 2383 suam
418 2355 540 2390 quaesivit
555 2355 707 2387 utilitatem,
729 2362 782 2381 non
800 2354 893 2382 dilexit
906 2354 960 2381 Do-

167 2401 232 2430 ﬂui
245 2402 420 2429 voluntatem.
433 2401 470 2428 De
479 2400 600 2436 qualibus
613 2400 675 2428 dicit
691 2401 833 2435 Apostolus
848 2409 853 2426 :
867 2400 960 2428 Omnes

167 2447 233 2474 πῆ
250 2454 311 2483 μ
335 2454 386 2474 sua
403 2452 463 2474 sunt
481 2450 605 2481 aumnt,
633 2454 683 2472 non
704 2453 760 2481 qui:
782 2445 845 2473 Jetu
867 2445 960 2473 Christi

169 2490 298 2528 (Philipp.
310 2499 343 2524 rt,
357 2491 416 2526 ει).
428 2491 519 2526 Itaque
532 2499 584 2518 non
599 2491 654 2518 illic
669 2491 799 2518 sententia
820 2491 960 2519 terminata

165 2536 390 2571 cl.ﬂiait;85c
400 2535 483 2564 luceat
495 2536 577 2564 lumen
588 2542 695 2563 rastrum
708 2544 793 2563 rorant
806 2537 958 2571 hominibus,

167 2586 199 2608 It
212 2580 314 2609 videatut
326 2582 395 2608 bona
411 2589 488 2616 opera
499 2586 580 2608 vestra
592 2590 602 2608 :
614 2581 661 2609 sed
682 2582 807 2609 continuo
825 2583 960 2616 subjunxit

167 2625 379 2655 “laetaniam
396 2625 449 2658 sit,
472 2631 501 2653 ut
518 2626 668 2661 glori/imit,
690 2627 784 2661 inquit,
802 2626 903 2654 Patrem
916 2636 959 2655 re-

166 2677 257 2708 ligio.
271 2673 317 2708 uti
327 2673 356 2700 in
369 2673 439 2700 ceti:
448 2677 485 2700 ut
496 2681 506 2699 :
515 2677 544 2700 ut
561 2673 641 2700 homo
655 2680 714 2700 cum
728 2673 795 2701 bene
807 2672 905 2701 faciens
917 2674 958 2701 vi-

165 2704 468 2751 iominilnts,
483 2718 655 2746 intentionem
670 2718 732 2746 boni
749 2718 809 2746 facti
824 2718 920 2746 habeat
933 2719 958 2746 in

163 2763 330 2791 nausiantis
351 2770 410 2796 sua,
430 2763 604 2792 intentionem
626 2771 688 2792 vero
704 2764 884 2792 innotesccndi
905 2773 958 2792 non

173 2812 195 2824 ἓν*

205 2862 214 2876 ⁸
226 2866 287 2893 uss,
298 2865 322 2887 et
332 2862 390 2893 quid
401 2867 528 2895 caput“.

913 146 1026 176 SERMO
1046 148 1112 177 LIV.

1753 155 1808 183 37$

1020 205 1114 233 habeat
1125 206 1173 234 nisi
1188 206 1212 233 in
1228 207 1349 235 laudibus
1363 208 1419 242 Dei,
1433 215 1541 244 propter
1551 217 1641 237 eorum
1654 211 1748 245 quibus
1763 211 1805 239 in-

1017 251 1129 278 notescit
1142 251 1295 285 utilitatem;
1312 253 1407 288 quibus
1422 253 1474 282 ltoc
1488 256 1605 289 prodest,
1621 259 1649 283 ut
1662 256 1732 283 Deus
1742 256 1801 292 pla-

1015 301 1083 328 ceat,
1099 297 1142 331 qui
1159 296 1209 324 hoc
1224 298 1346 331 prmsﬂtit
1360 298 1459 327 homini
1472 307 1480 331 ;
1494 304 1575 334 atque
1590 300 1625 328 ita
1643 308 1695 328 non
1710 301 1804 336 despe-

1016 346 1085 375 rent,
1102 343 1181 369 ctiatn
1197 343 1246 370 sibi
1262 343 1284 370 si
1305 344 1435 372 voluerint
1450 345 1501 373 ltoc
1518 353 1596 380 posse
1610 347 1738 382 praestari.
1754 346 1804 373 lla-

1015 394 1065 421 que
1085 387 1163 415 aliam
1184 389 1352 422 sententiam,
1369 390 1414 417 ubi
1431 390 1477 424 ait,
1495 391 1621 419 Attendite
1634 400 1665 420 tte
1676 393 1802 428 justitiam

1015 437 1120 459 vestram
1131 434 1231 469 faciatis
1241 442 1325 461 corant
1336 435 1487 468 hominibus,
1502 443 1555 464 non
1569 436 1632 465 alibi
1642 438 1802 470 terminavit.

1014 485 1092 512 quam
1111 478 1155 506 ubi
1170 478 1246 513 dixit,
1266 484 1293 506 ut
1312 480 1444 508 t-idetmtitn'
1457 481 1487 508 ab
1509 482 1543 509 eis
1555 490 1564 508 .'
1577 490 1625 510 nec
1643 482 1753 516 addidit,
1771 483 1803 510 Et

1013 522 1153 558 gloriﬁcent
1170 523 1272 551 Patrem
1287 530 1393 552 vestrum
1408 527 1450 562 qui
1468 526 1494 554 in
1509 527 1576 554 cwlis
1589 533 1624 555 est
1633 537 1643 561 ;
1656 528 1703 556 sed
1717 529 1804 564 potius

1013 568 1122 601 addidit,
1140 568 1257 605 Alioquin
1271 570 1408 598 mercedem
1421 580 1470 599 non
1481 572 1601 600 habebitis
1613 574 1683 609 apud
1702 573 1803 602 Patrem

1013 618 1119 641 vestrum
1133 615 1175 648 qui
1188 614 1214 642 in
1224 615 1291 643 caelis
1302 621 1347 643 est.
1364 616 1429 644 [Iinc
1440 618 1510 645 enim
1522 619 1638 646 ostendit
1647 627 1694 648 eos
1709 621 1752 655 qui
1766 626 1804 648 ta-

1014 659 1052 687 les
1064 664 1134 694 sunt,
1150 661 1241 696 quales
1255 662 1346 690 lideles
1358 671 1421 691 suos
1439 672 1499 693 csse
1513 673 1566 693 non
1576 666 1641 700 vult,
1656 666 1682 694 in
1699 674 1732 695 eo
1745 667 1802 702 ipso

1013 706 1162 735 mercedem
1178 715 1306 743 qumrere,
1321 709 1390 744 quod
1405 710 1526 739 videntur
1539 712 1572 740 ab
1587 712 1749 746 hominibtts,
1766 713 1801 740 ibi

1012 753 1173 781 constituere
1199 754 1297 781 bonum
1321 762 1416 788 suum;
1443 755 1479 783 ibi
1497 756 1630 785 oblectare
1657 757 1800 785 vanitatem

1012 797 1100 825 cordis
1120 797 1169 832 sui,
1187 799 1222 826 ilti
1242 800 1371 828 exinaniri
1396 807 1423 828 et
1444 801 1540 835 inﬂari,
1554 802 1590 830 ibi
1613 808 1762 831 tumescere
1776 810 1803 840 et

1011 844 1208 873 contabescere.
1220 846 1274 873 Cur
1283 846 1354 873 enim
1368 855 1419 874 non
1432 847 1538 881 sufﬁcit,
1555 853 1583 876 ut
1591 848 1700 882 diceret,
1716 849 1802 876 Atten-

1012 892 1062 918 dite
1076 901 1107 918 ne
1117 893 1216 928 faciatis
1225 894 1352 928 justitiam
1367 899 1471 922 vestram
1483 892 1741 930 coram'ltominibut;
1755 898 1802 925 sed

1012 936 1122 969 addidit,
1140 942 1166 964 ut
1184 938 1317 965 videamini
1334 940 1364 966 ab
1383 939 1441 967 eis:
1458 940 1507 968 nisi
1525 940 1586 975 quia
1607 945 1670 969 sunt
1682 941 1800 977 quidam,

1012 982 1055 1016 qui
1075 983 1113 1010 sic
1127 982 1226 1011 iaciunt
1236 984 1366 1019 justitiam
1380 992 1454 1012 suam
1469 993 1558 1013 coram
1574 985 1735 1019 hominibus,
1749 995 1802 1015 non

1013 1032 1039 1054 ut
1054 1027 1191 1056 vidcantur
1205 1028 1239 1056 ab
1257 1029 1305 1062 eis,
1328 1030 1374 1057 sed
1391 1034 1418 1056 ttt
1439 1030 1494 1065 ipsa
1515 1038 1596 1065 opera
1615 1031 1761 1063 videantur,
1777 1038 1803 1060 et

1011 1073 1172 1108 gloriﬁcatur
1192 1075 1269 1102 Pater
1281 1076 1326 1110 qui
1343 1081 1383 1102 est
1402 1076 1427 1102 in
1442 1077 1530 1110 cmiis,
1544 1077 1588 1112 qui
1612 1084 1642 1104 ea
1654 1077 1803 1112 justillcatis

1013 1118 1099 1153 impiis
1120 1119 1220 1146 donare
1235 1119 1357 1155 dignatus
1370 1121 1429 1147 est?
1514 1155 1517 1159 Ι

1047 1163 1159 1191 CAPUT
1179 1164 1221 1191 Ill.
1235 1180 1270 1183 —
1282 1165 1308 1192 4.
1329 1165 1450 1198 Quisnam
1465 1173 1520 1193 uere
1534 1171 1686 1202 prtrceptum
1706 1172 1803 1194 utrum-

1012 1218 1060 1244 que
1073 1211 1192 1246 implevt't.
1216 1211 1264 1244 Qui
1288 1212 1354 1238 tales
1369 1216 1441 1244 sunt,
1454 1219 1503 1239 nec
1525 1219 1598 1239 suam
1613 1212 1743 1247 justitiam
1757 1213 1803 1242 de«

1013 1260 1115 1291 putant,
1132 1256 1178 1284 sed
1198 1257 1255 1291 ejus
1269 1265 1300 1284 ax
1315 1257 1389 1292 cujus
1408 1257 1459 1285 fide
1474 1258 1575 1285 vivunt.
1589 1258 1666 1287 Unde
1683 1264 1709 1286 et
1730 1261 1803 1294 Apo-

1011 1301 1096 1328 stolus
1115 1301 1188 1335 dicit,
1213 1301 1246 1329 Ut
1261 1302 1388 1330 Christum
1410 1302 1578 1339 lucrifaciam,
1601 1309 1625 1331 et
1649 1305 1760 1333 inveniar
1777 1307 1802 1332 in

1011 1347 1066 1379 illo,
1089 1356 1139 1374 non
1152 1347 1244 1375 habens
1258 1357 1338 1375 nteant
1345 1349 1541 1385 justitiamﬂuw
1559 1359 1590 1378 ex
1611 1350 1676 1387 Lege
1693 1356 1739 1385 est,
1758 1353 1803 1380 sed

1013 1402 1067 1421 eam
1075 1402 1131 1429 qua:
1139 1399 1174 1421 est
1185 1403 1229 1429 per
1240 1395 1315 1430 ﬁdem
1326 1395 1429 1428 Christi,
1441 1404 1497 1431 quae
1509 1402 1583 1424 estea:
1597 1396 1660 1430 Deo,
1668 1397 1805 1433 iustitia“

1013 1438 1200 1475 [ide(Philipp.
1214 1448 1252 1472 ιιι,
1266 1440 1283 1468 8
1296 1445 1318 1467 et
1332 1439 1359 1476 υ)
1373 1449 1379 1467 :
1395 1445 1421 1468 et
1436 1441 1463 1468 in
1477 1441 1530 1469 alio
1543 1442 1612 1474 loco,
1622 1442 1655 1470 Ut
1669 1450 1714 1470 nos
1726 1443 1803 1470 simus

1008 1486 1108 1521 justitia
1123 1485 1168 1513 Dei
1180 1486 1206 1514 in
1225 1487 1269 1514 illo
1287 1487 1319 1522 (ll
1330 1487 1388 1514 Cor.
1404 1495 1430 1520 v,
1444 1487 1501 1522 2|).
1515 1487 1591 1516 Unde
1611 1493 1635 1515 et
1648 1487 1755 1526 Judzeos
1768 1490 1804 1517 ita

1013 1531 1183 1566 reprehendit
1195 1541 1202 1559 :
1212 1531 1477 1568 Ignoratttes,inquit,
1492 1532 1540 1560 Dei
1547 1533 1684 1568 justitiam,
1697 1539 1719 1561 et
1731 1542 1803 1561 suam

1013 1577 1123 1604 colentes
1149 1579 1312 1611 constituere,
1333 1578 1442 1613 jttstitiaa
1464 1577 1510 1605 Dei
1537 1587 1588 1606 non
1615 1584 1674 1607 sunt
1698 1580 1804 1616 subjecti

1014 1622 1102 1658 (Rom.
1117 1631 1144 1655 ι,
1162 1624 1198 1659 5).
1213 1623 1338 1658 Quisquis
1350 1631 1414 1660 ergo
1433 1624 1468 1651 ita
1483 1624 1538 1651 vult
1551 1624 1634 1652 videri
1651 1625 1802 1654 hominibus

1014 1676 1094 1703 opera
1108 1676 1165 1701 sua,
1179 1674 1207 1696 ut
1219 1669 1261 1696 ille
1271 1668 1441 1704 gloriﬁcetur,
1455 1677 1470 1696 ιι
1485 1677 1538 1704 quo
1552 1678 1584 1698 ea
1594 1678 1653 1706 qua:
1666 1671 1692 1697 in
1706 1670 1751 1698 illo
1766 1671 1803 1698 vi-

1013 1714 1110 1741 dentur
1131 1714 1242 1749 accepit,
1265 1719 1291 1742 ct
1314 1715 1353 1742 sic
1375 1714 1409 1742 ad
1432 1715 1588 1743 imitandum
1601 1717 1700 1743 bonum
1721 1716 1800 1744 iidem

1014 1759 1064 1794 ipsi
1080 1760 1124 1794 qui
1139 1759 1226 1786 vident
1242 1760 1340 1794 pietate
1354 1760 1414 1788 ﬁdei
1435 1765 1622 1796 provocentur,
1637 1769 1699 1789 vere
1712 1763 1802 1790 lumen

1013 1805 1071 1840 ejus
1085 1805 1156 1833 lucet
1173 1813 1262 1833 coram
1279 1806 1428 1833 ltominibus
1444 1815 1450 1832 :
1466 1806 1526 1841 quia
1541 1806 1585 1833 lux
1598 1805 1631 1834 de
1650 1806 1697 1834 illo
1715 1807 1802 1835 chari-

1014 1852 1074 1878 tatis
1087 1851 1213 1884 radiatnr,
1237 1859 1289 1879 non
1311 1852 1441 1887 superbiat
1458 1852 1546 1881 fumus
1560 1853 1712 1881 evomitur:
1729 1857 1756 1881 et
1771 1854 1798 1881 in

1013 1904 1045 1923 eo
1060 1897 1117 1932 ipso
1132 1901 1216 1929 cavet,
1233 1905 1266 1924 ne
1277 1896 1405 1932 justitiam
1421 1904 1495 1925 suam
1511 1897 1590 1926 faciat
1606 1906 1697 1927 coram
1712 1899 1800 1928 ltotni-

1014 1941 1100 1974 nibus,
1115 1947 1142 1968 ut
1157 1942 1277 1969 videatur
1292 1942 1326 1970 ab
1344 1943 1400 1976 eis;
1415 1943 1475 1978 quia
1490 1951 1539 1971 nec
1557 1951 1632 1971 suam
1652 1945 1761 1980 deputat
1773 1946 1804 1973 il-

1013 1986 1064 2014 lam
1075 1987 1214 2022 justitiam,
1227 1995 1276 2015 nec
1290 1987 1351 2015 ideo
1364 1987 1427 2015 facit
1438 1993 1467 2016 ut
1488 1989 1545 2024 ipse
1557 1989 1692 2021 videatur;
1712 1990 1759 2018 sed
1774 1996 1803 2019 ttt

1014 2032 1056 2059 ille
1068 2032 1238 2067 intelligatur,
1253 2033 1296 2068 qui
1312 2033 1433 2060 laudatur
1443 2034 1469 2061 in
1483 2033 1591 2062 homine
1602 2034 1756 2069 justiﬁcato,
1773 2041 1803 2064 ut

1014 2076 1094 2104 faciat
1109 2081 1136 2104 ct
1149 2077 1175 2104 in
1192 2076 1314 2105 laudante
1331 2078 1401 2112 quod
1416 2078 1538 2106 laudatur
1559 2080 1585 2107 in
1599 2080 1695 2113 altero,
1710 2080 1735 2108 id
1750 2086 1801 2114 est,

1013 2127 1042 2150 ut
1061 2123 1212 2151 laudantem
1235 2123 1313 2151 faciat
1334 2132 1394 2152 esse
1419 2124 1590 2153 laudabilem.
1617 2126 1753 2154 Attendite
1776 2133 1803 2155 et

1012 2169 1178 2203 Apostolum,
1195 2177 1254 2196 cum
1273 2169 1393 2202 dixisset,
1411 2169 1511 2198 Placete
1524 2171 1637 2199 omnibus
1650 2181 1694 2208 per
1707 2174 1801 2206 omnia,

1013 2215 1075 2242 sicut
1097 2218 1120 2242 et
1141 2223 1186 2250 ego
1198 2214 1312 2242 omnibus
1325 2223 1369 2250 per
1382 2217 1466 2242 anntia
1480 2216 1583 2251 placeo;
1595 2217 1728 2253 quomodo
1750 2226 1802 2246 nun

1014 2259 1049 2286 ibi
1069 2260 1205 2293 remansit,
1227 2259 1303 2294 quasi
1324 2259 1359 2287 ibi
1374 2261 1541 2289 constituerit
1554 2260 1634 2289 linem
1649 2262 1803 2290 intentionis

1013 2312 1078 2337 suae,
1094 2309 1125 2332 ut
1135 2304 1251 2339 placeret
1261 2304 1430 2338 hominibus;
1445 2305 1562 2341 alioquin
1576 2306 1670 2335 falsum
1680 2307 1802 2340 dixisset,

1014 2350 1044 2378 Si
1054 2350 1137 2377 adhuc
1147 2350 1288 2377 hominibus
1298 2350 1432 2386 placerem,
1441 2350 1535 2379 Christi
1544 2361 1629 2380 servus
1641 2361 1691 2381 non
1701 2362 1780 2382 essent
1792 2361 1801 2380 :

1013 2396 1059 2424 sed
1077 2396 1166 2423 statim
1179 2396 1315 2431 subjunxit
1330 2404 1413 2432 quare
1425 2397 1576 2427 horninibus
1595 2399 1720 2434 placeret.
1741 2399 1802 2427 Non

1013 2451 1134 2478 querens,
1149 2444 1242 2478 inquit,
1256 2444 1324 2479 quod
1334 2444 1396 2470 mihi
1405 2444 1468 2472 utile
1477 2450 1523 2478 ut,
1537 2446 1581 2472 sed
1591 2446 1659 2480 quod
1668 2446 1762 2480 mltis,
1775 2452 1802 2473 ut

1013 2491 1075 2517 salvi
1090 2489 1152 2525 [inut
1163 2489 1185 2524 (l
1201 2489 1260 2518 Cor.
1272 2498 1300 2524 ι,
1315 2490 1373 2524 '55).
1388 2490 1425 2517 ita
1440 2496 1467 2518 et
1483 2499 1535 2518 non
1549 2492 1670 2526 placebat
1688 2492 1802 2520 homini-

1014 2537 1062 2563 bus
1077 2542 1185 2571 propter
1206 2544 1281 2564 suam
1299 2537 1449 2570 utilitatem,
1471 2545 1505 2565 ne
1517 2537 1615 2565 Christi
1635 2546 1727 2566 servus
1747 2547 1800 2566 non

1013 2587 1099 2614 esset;
1111 2586 1137 2609 et
1152 2582 1271 2617 placebat
1281 2581 1430 2610 hominibus
1441 2587 1548 2618 propter
1562 2583 1665 2610 illorunt
1676 2584 1800 2617 salutem,

1015 2632 1043 2655 ut
1061 2627 1158 2655 Christi
1177 2632 1249 2655 esset
1262 2627 1429 2663 dispensator
1443 2627 1572 2656 idoneus:
1585 2629 1644 2665 quia
1660 2634 1687 2657 ct
1703 2630 1739 2657 illi
1754 2638 1800 2658 co-

1014 2682 1069 2701 ram
1083 2674 1136 2701 Dco
1154 2674 1314 2702 conscientia
1328 2674 1485 2708 sufﬁciebat,
1500 2679 1527 2703 et
1541 2675 1574 2703 dc
1589 2675 1633 2703 illo
1646 2683 1735 2704 coram
1750 2675 1799 2704 lto-

1015 2719 1128 2747 minibus
1140 2719 1210 2754 quod
1225 2719 1400 2753 imitarentur,
1422 2720 1552 2748 elucebat.
