3938 6186
823 404 1050 465 Sititth
1087 404 1172 458 ιι*
1202 413 1216 426 -
1247 402 1343 474 (ιι).

297 522 375 581 De
404 522 560 580 verbis
584 520 844 591 Evangelii
874 517 1122 579 Matthxi,
1164 532 1278 585 cap.
1316 528 1370 578 γ,
1401 511 1492 575 2‘2,
1538 510 1637 578 Qui
1675 509 1871 563 dixerit

332 614 480 669 fratri
503 628 621 678 suo,
655 611 842 667 Fatue.
866 623 991 664 reus
1021 609 1121 663 erit
1147 606 1403 677 gehennze
1427 602 1583 671 ignis,
1616 610 1708 655 etc.
1731 641 1747 664 ,
1771 598 1868 671 (b‘).

262 719 269 723 ’
364 722 590 779 CAPUT
619 718 901 776 PRIMUM.
924 750 992 760 —-
1019 720 1069 774 1.
1099 710 1271 771 Timor
1293 712 1449 770 utilis.
1489 713 1667 769 Sancti
1696 712 1873 765 Eran-

293 814 411 885 gelii
454 813 739 883 capitulum
764 853 779 877 ,
822 809 961 882 quod
1009 808 1166 864 modo
1213 823 1332 863 cmn
1376 794 1875 876 legeretur'audivi-

296 924 446 972 Inus,
504 902 657 961 valde
709 921 807 958 nos
850 898 1069 967 terruit,
1120 901 1164 954 si
1203 898 1362 955 fidem
1408 898 1664 952 habemus
1711 912 1724 948 :
1778 906 1872 947 eos

295 1006 472 1054 autem
501 1013 603 1052 non
624 996 829 1059 terruit,
859 994 946 1065 qui
968 992 1124 1048 fidem
1153 1008 1257 1046 non
1285 990 1498 1043 habent.
1531 984 1597 1041 Et
1619 985 1739 1057 quia
1763 998 1869 1039 non

299 1099 463 1146 terret
487 1103 598 1155 eos,
624 1088 806 1142 volunt
830 1100 948 1140 esse
975 1098 1224 1155 perverse
1250 1081 1443 1146 securi,
1467 1078 1763 1134 nescientes
1790 1074 1872 1129 di-

297 1179 559 1233 stribuere
587 1187 642 1233 et
674 1176 1000 1247 distinguere
1037 1184 1274 1243 tempora
1305 1169 1510 1226 timoris
1533 1177 1588 1223 et
1615 1165 1872 1221 securita-

295 1272 384 1324 tis.
417 1270 623 1326 Timent
648 1284 772 1339 ergo
798 1268 886 1338 qui
912 1268 1055 1322 ducit
1084 1263 1240 1320 modo
1267 1264 1425 1318 vitam
1452 1276 1573 1316 cum
1602 1261 1727 1320 fine,
1762 1274 1869 1329 quo

299 1361 462 1429 possit
506 1361 555 1415 in
589 1360 676 1414 illa
704 1359 810 1413 vita
833 1358 1029 1415 habere
1054 1357 1394 1412 securitatem
1421 1354 1536 1409 sine
1576 1354 1697 1408 line.
1730 1353 1871 1424 Ergo

298 1451 589 1505 timuimus.
621 1448 750 1517 Quis
795 1445 936 1504 enim
979 1463 1082 1503 non
1124 1446 1304 1501 timeat
1331 1446 1631 1515 loquentem
1661 1434 1869 1497 Verita-

297 1549 403 1597 tem
449 1550 503 1597 et
542 1543 830 1605 dicentem,
862 1540 963 1609 Qui
999 1539 1183 1594 dixerit
1209 1537 1357 1610 fratri
1397 1554 1510 1602 sua,
1548 1530 1731 1600 Fatue,
1760 1550 1872 1588 reus

294 1634 388 1688 rrit
428 1636 665 1706 gebenna:
697 1633 867 1703 ignis?
895 1632 1149 1702 Linguam
1185 1638 1358 1684 autem
1391 1628 1568 1682 nullus
1594 1622 1871 1680 hominum

297 1728 514 1780 dmnare
556 1733 748 1795 potest.
792 1725 857 1779 Et
898 1725 1059 1779 homo
1095 1723 1276 1778 domat
1306 1721 1493 1784 feram,
1542 1736 1646 1774 non
1693 1718 1873 1773 domat

299 1816 531 1891 linguam
556 1836 569 1871 :
595 1819 775 1873 domat
808 1818 1034 1879 leonem,
1058 1824 1111 1870 et
1135 1830 1239 1868 non
1262 1812 1493 1867 refrenat
1533 1826 1868 1866 sermonem:

297 1914 476 1963 domat
511 1911 643 1979 ipse,
668 1917 854 1964 etnon
889 1906 1069 1961 domat
1091 1920 1150 1960 se
1179 1904 1349 1973 ipsum
1384 1922 1396 1956 :
1430 1902 1611 1956 domat
1633 1897 1772 1971 quod
1806 1899 1872 1953 ti-

298 2001 509 2063 mebat;
537 2009 662 2054 etut
695 2015 752 2054 se
775 1998 973 2058 domet,
1009 2013 1112 2050 non
1143 1997 1294 2050 timet
1326 1988 1467 2063 quod
1498 1993 1684 2047 timere
1708 1991 1871 2046 debe-

301 2089 408 2150 imi.
450 2092 553 2148 Sed
593 2089 717 2163 quid
770 2093 864 2145 fit?
892 2089 1165 2146 Sententia
1203 2102 1348 2150 vera,
1388 2096 1442 2141 et
1484 2087 1581 2141 ista
1619 2084 1875 2155 prOCBSsit

268 2186 273 2193 ’
302 2186 368 2241 ιιι·
386 2187 601 2241 oraculo
620 2184 909 2239 vet‘ilatis‘:
940 2177 1193 2251 Linguam
1221 2188 1386 2232 autem
1420 2175 1589 2230 nullus
1618 2175 1873 2227 hominum

299 2280 505 2332 «iuniore
531 2283 689 2347 potest
716 2274 914 2347 (Jacobi
942 2289 1019 2336 nt,
1050 2274 1101 2338 7,
1134 2272 1213 2344 8).

369 2387 595 2443 CAPUT
635 2386 697 2440 ll.
717 2385 849 2439 —2.
896 2383 1066 2437 Dirini
1094 2382 1272 2436 auxilii
1293 2381 1558 2435 necessitas
1578 2379 1644 2432 ad
1664 2378 1875 2433 doman-

301 2484 418 2536 dam
470 2482 718 2550 linguam.
773 2477 917 2546 Quid
957 2492 1085 2547 ergo
1142 2474 1397 2529 faciemus
1425 2513 1442 2539 ,
1485 2471 1675 2527 fratres
1732 2472 1875 2527 mei?

305 2568 470 2627 Videt)
515 2587 599 2625 me
627 2570 839 2642 quidem
874 2567 938 2622 ad
976 2566 1368 2622 multitudinem
1411 2563 1551 2633 loqui
1579 2562 1711 2618 :sed
1752 2561 1873 2632 quia

306 2680 465 2720 unum
496 2678 679 2717 sumus
715 2677 901 2717 omnes
934 2661 986 2715 in
1021 2658 1253 2723 Christo,
1287 2666 1532 2727 tanquam
1572 2657 1623 2711 in
1668 2663 1876 2715 secreto

298 2756 578 2814 consilium
629 2756 919 2824 cupiamus.
978 2749 1162 2807 Nullus
1213 2766 1310 2805 nos
1359 2749 1506 2803 audit
1553 2757 1871 2810 extraneos,

300 2864 460 2903 unum
499 2862 701 2911 sumus,
742 2845 862 2915 quia
902 2845 953 2899 in
993 2858 1155 2899 unum
1182 2856 1384 2899 sumus.
1428 2840 1564 2909 Quid
1590 2839 1876 2894 faciemus?

303 2942 404 3007 ρειί
436 2939 617 2995 dixerit
645 2938 793 3010 fratri
824 2937 1119 3004 suo,Fatue,
1162 2950 1277 2989 reus
1312 2933 1404 2986 erit
1432 2933 1673 3002 geltenna:
1698 2930 1830 3001 ignis
1859 2944 1876 2980 :

298 3032 548 3100 Linguam
576 3039 741 3082 autem
769 3027 938 3082 nullus
971 3025 1231 3079 hominum
1260 3024 1464 3078 domare
1503 3032 1682 3094 potest.
1725 3022 1878 3075 ibunt

298 3136 425 3192 ergo
450 3135 635 3177 OiililCS
666 3119 716 3174 in
750 3117 1049 3189 gehennam
1079 3115 1249 3184 ignis?
1276 3115 1443 3171 Absit.
1478 3114 1705 3176 Domine,
1738 3114 1876 3185 refu-

299 3215 435 3281 gium
477 3212 641 3283 factus
681 3227 734 3267 es
774 3211 935 3274 nobis,
979 3226 1011 3263 α
1056 3209 1373 3279 generatione
1408 3208 1460 3261 in
1510 3207 1875 3278 generationem

304 3294 474 3357 tl’sal.
500 3317 726 3367 ιιωιιιι,
761 3298 838 3371 1).
865 3299 946 3354 ira
973 3307 1059 3353 tua
1082 3299 1218 3369 justa
1250 3308 1367 3353 est:
1399 3297 1661 3353 nemiuem
1704 3296 1754 3349 in
1778 3310 1874 3366 ge-

301 3392 333 3450 h
359 3410 528 3449 unam
570 3394 736 3451 mittis
761 3394 973 3463 injuste.
1008 3392 1120 3459 Quo
1161 3390 1239 3444 ibo
1267 3408 1299 3442 η
1340 3389 1520 3460 spiritu
1553 3397 1656 3452 tuo,
1688 3397 1734 3441 et
1767 3404 1797 3439 a
1830 3398 1877 3440 te

296 3504 394 3547 quo
420 3486 612 3557 fugiam
635 3483 804 3557 (Psal.
827 3498 1093 3543 cxxsvm.
1121 3481 1200 3545 7),
1224 3481 1322 3545 nisi
1346 3479 1411 3534 ad
1442 3482 1530 3534 te?
1556 3478 1695 3548 Ergo
1723 3476 1873 3531 intel-

299 3574 540 3648 ligamus,
568 3575 888 3640 cbarissimi,
929 3575 1048 3643 quia
1074 3575 1119 3628 si
1146 3573 1375 3643 linguam
1402 3572 1576 3625 nullus
1605 3571 1875 3625 hominum

298 3670 517 3722 domare
549 3674 741 3737 potest,
784 3664 851 3720 ad
885 3665 1048 3719 Deum
1088 3661 1500 3732 confugiendum
1536 3668 1637 3724 cst,
1667 3660 1756 3731 qui
1781 3658 1878 3713 do-

303 3768 409 3811 met
433 3759 661 3828 linguam
684 3766 940 3813 nostram.
971 3756 1027 3810 Si
1051 3756 1190 3810 enim
1224 3766 1277 3810 tu
1306 3770 1424 3810 eam
1455 3754 1673 3809 domare
1698 3752 1876 3806 volue-

303 3853 395 3914 rls,
432 3865 534 3904 non
563 3860 733 3920 potes,
762 3850 882 3919 quia
915 3848 1072 3903 homo
1100 3847 1201 3902 es?
1236 3846 1486 3916 Linguam
1524 3845 1694 3899 nullus
1715 3843 1852 3898 Itomi

304 3959 422 3995 nam
464 3936 667 4001 (laniare
697 3950 877 4012 potest.
905 3939 1174 3997 Attendite
1204 3938 1601 3999 similitudinem
1641 3935 1709 3991 ab
1747 3936 1876 4006 ipsis

300 4025 377 4087 iw.
400 4032 482 4086 liis
508 4048 637 4103 quas
663 4032 960 4087 domamus.
993 4030 1173 4102 Equus
1203 4044 1307 4084 non
1330 4043 1387 4083 se
1407 4028 1618 4091 domat;
1643 4026 1874 4081 camelos

301 4137 406 4177 n0't
448 4136 505 4176 se
533 4122 745 4188 domat;
776 4122 1089 4193 elephantus
1131 4134 1236 4175 non
1278 4134 1336 4174 se
1364 4118 1572 4183 domat;
1604 4117 1748 4186 asinis
1770 4131 1876 4170 non

303 4229 361 4266 se
390 4212 605 4285 domat;
637 4212 721 4267 leo
744 4227 848 4268 non
875 4228 934 4267 se
958 4211 1175 4267 domat:
1205 4211 1282 4265 sic
1309 4217 1362 4264 et
1391 4208 1549 4265 homo
1574 4224 1680 4263 non
1708 4223 1764 4262 se
1783 4205 1879 4262 do-

304 4315 435 4361 mat.
474 4305 578 4362 Sed
607 4314 664 4361 ut
691 4303 936 4359 demetur
971 4319 1160 4373 equus,
1188 4301 1306 4367 bos,
1338 4300 1593 4368 eamelus,
1622 4300 1877 4370 elephan-

304 4411 409 4463 tus,
433 4397 535 4462 leo,
567 4397 728 4466 aspis,
760 4394 1013 4466 qureritur
1043 4393 1222 4448 homo.
1256 4392 1395 4461 Ergo
1432 4391 1573 4448 Deus
1593 4401 1875 4460 quaeratur,

306 4498 363 4542 ut
388 4487 630 4542 dometur
649 4485 829 4539 homo.

376 4589 602 4647 CAPUT
640 4588 726 4643 lli.
750 4618 820 4629 --
839 4589 892 4644 ὃ.
932 4588 1069 4643 Deus
1093 4587 1280 4658 lingua:
1302 4587 1536 4643 damitor.
1579 4587 1738 4658 Ergo,
1767 4586 1879 4642 Do-

244 4702 255 4753 g
308 4685 458 4746 mine,
487 4680 740 4753 refugium
765 4680 932 4750 [actus
955 4696 1006 4734 es
1031 4677 1194 4735 nobis.
1233 4677 1563 4735 Conferimus
1590 4695 1686 4733 nos
1714 4679 1781 4733 ad
1807 4689 1879 4745 te,

245 4770 250 4775 ’
304 4785 362 4833 ot
391 4774 525 4832 bene
550 4772 703 4828 nobis
726 4771 828 4828 erit
846 4770 918 4827 de
938 4778 1011 4828 te.
1032 4769 1222 4826 Malum
1243 4777 1324 4826 est
1342 4768 1489 4825 enim
1514 4768 1666 4824 nobis
1690 4768 1758 4824 de
1785 4784 1882 4823 no-

308 4869 408 4923 bis.
437 4866 573 4933 Quia
596 4863 895 4923 dimisimus
922 4872 994 4930 te,
1024 4862 1270 4923 dimisisti
1300 4876 1397 4917 nos
1428 4860 1600 4917 nobis.
1641 4860 1881 4917 Invenia-

310 4977 427 5014 tnur
470 4974 596 5028 ergo
641 4957 690 5012 in
725 4965 796 5023 to,
823 4956 945 5026 quia
982 4955 1310 5025 perieramus
1355 4954 1405 5007 in
1445 4954 1618 5008 nobis.
1654 4952 1882 5018 Domine,

308 5051 565 5121 refugium
594 5052 762 5122 factus
786 5065 837 5103 es
864 5047 1027 5105 nobis.
1063 5047 1199 5114 Quid
1223 5063 1369 5117 ergo.
1405 5047 1597 5102 fratres
1635 5047 1885 5111 mei,.du-

313 5143 480 5197 hiutre
504 5141 782 5205 debemus,
810 5139 930 5211 quia
972 5148 1278 5196 mansuetos
1304 5156 1400 5194 nos
1428 5139 1584 5194 faciet
1613 5139 1884 5203 Dominus,

311 5236 355 5288 si
398 5250 493 5288 nos
533 5232 828 5287 domandos
869 5232 921 5285 ei
960 5230 1327 5301 praebeamus?
1365 5230 1617 5284 Domuisti
1658 5230 1886 5293 leonem,

380 5430 393 5461 ¹
440 5430 692 5480 rauciores
725 5435 855 5486 Msa,
892 5425 984 5487 sed
1006 5422 1123 5482 quid
1147 5422 1267 5487 infit
1296 5423 1527 5487 sententia
1564 5424 1718 5487 rem?
1750 5434 1890 5478 Ferte

318 5490 579 5554 trgi-udum
622 5491 714 5554 sed
736 5484 852 5554 quid
883 5486 928 5539 si
958 5484 1185 5539 sententia
1213 5484 1340 5535 'vera
1381 5494 1449 5535 est
1488 5486 1616 5536 tua?
1666 5489 1896 5538 Processit

316 5556 376 5601 ne
402 5568 429 5601 ο
458 5551 595 5603 arula
617 5551 841 5603 veritatis.

381 5636 454 5687 (ai
490 5638 553 5684 ali
570 5651 625 5691 ts,
644 5637 707 5686 de
734 5639 902 5687 verbis
918 5637 1095 5687 notitiai
1119 5637 1163 5685 4.

381 5696 451 5755 (lt)
484 5702 657 5747 tli‘atur
680 5712 708 5747 a
728 5697 861 5745 Floro
882 5699 930 5745 in
953 5698 1200 5759 l‘pistoiatu
1225 5698 1282 5745 ad
1305 5698 1449 5747 Hebr.
1475 5707 1554 5745 ιιι.

1525 286 1581 344 S.
1623 277 1985 340 AUCUSTINI
2022 280 2319 337 EPlSL'Oi‘l

3447 280 3557 336 δῖε

1980 408 2135 462 quem
2167 408 2273 448 non
2312 391 2513 457 fecisti;
2545 409 2652 449 non
2674 392 2857 448 domat
2893 401 2964 458 te,
2995 394 3083 462 qui
3118 393 3242 450 fecit
3274 395 3360 457 te?
3398 397 3555 455 Unde

1977 488 2119 541 enim
2146 485 2342 541 bestias
2366 495 2473 540 tam
2493 486 2749 541 immanes
2765 484 2983 541 domare
3007 486 3263 555 potuisti?
3288 476 3553 557 Numquid

1979 579 2057 634 eis
2086 578 2312 648 :rquaris
2332 578 2530 633 viribus
2552 576 2832 647 corporis?
2856 577 2967 645 Qua
2994 593 3129 646 ergo.
3150 577 3341 632 virtute
3367 578 3552 647 iugen-

1979 677 2060 722 tes
2092 668 2285 723 bestias
2312 666 2530 723 domare
2557 667 2808 736 potuisti?
2830 667 2944 736 ipsa
2959 666 3196 736 iumenta
3225 682 3345 737 qua:
3366 668 3552 721 diruu-

1977 766 2084 819 tur.
2118 757 2298 812 bestias
2322 767 2467 813 sunt.
2508 757 2622 812 Non
2640 757 2781 812 enim
2810 756 3065 813 indomita
3104 757 3413 813 tolerantur.
3441 759 3551 813 ενα

1977 849 2099 918 quia
2133 863 2238 902 non
2263 862 2356 903 eas
2383 848 2530 903 novit
2553 847 2901 914 consuetudo,
2948 848 3049 903 uisi
3096 848 3147 901 in
3179 849 3422 905 manibus
3449 849 3554 902 bo-

1977 941 2179 995 minum
2206 950 2260 997 et
2282 941 2383 996 sub
2401 940 2564 996 frenis
2585 940 2853 995 hominum
2874 949 2930 995 et
2955 939 3056 995 sub
3082 949 3343 1007 potestate
3372 941 3555 997 homi-

1976 1047 2122 1097 num,
2148 1041 2301 1103 putas
2327 1047 2420 1088 eos
2445 1039 2747 1087 mansuetas
2772 1031 2917 1086 nasci
2939 1030 3210 1101 potuisse?
3234 1027 3390 1086 Certe
3406 1030 3554 1085 feras

1976 1123 2236 1179 immanes
2258 1121 2491 1179 attende.
2521 1122 2721 1177 Fremit
2743 1123 2848 1186 leo,
2867 1122 2987 1192 quis
3002 1138 3115 1177 non
3137 1122 3350 1179 timeat?
3377 1121 3440 1176 Et
3464 1131 3554 1176 ta-

1945 1228 1957 1239 ’
1977 1227 2099 1267 men
2138 1212 2278 1268 unde
2307 1223 2359 1267 te
2384 1212 2630 1279 intelligis
2658 1211 2969 1267 fortiorem?
3002 1211 3117 1266 Non
3160 1212 3397 1281 corporis
3434 1211 3551 1266 vir-

1978 1311 2109 1365 tute,
2145 1304 2240 1359 sed
2280 1304 2473 1358 mentis
2504 1304 2708 1357 ratione
2734 1302 3002 1358 interiore.
3036 1302 3245 1358 Fortior
3280 1318 3341 1358 es
3370 1302 3548 1366 leone.

1977 1391 2305 1448 unde-iactus
2329 1408 2388 1447 es
2407 1392 2472 1445 ad
2498 1392 2778 1461 imaginem
2805 1391 2918 1447 Dei.
2949 1391 3125 1462 imago
3150 1392 3240 1447 Dei
3261 1391 3441 1446 domat
3468 1392 3552 1447 fe-

1976 1500 2089 1539 ram
2113 1501 2129 1548 ;
2156 1493 2211 1540 et
2234 1499 2338 1538 non
2362 1484 2543 1539 domat
2572 1484 2708 1538 Deus
2736 1484 3013 1552 imaginem
3040 1484 3229 1538 suam?

2045 1574 2270 1631 CAPUT
2300 1574 2386 1628 IV.
2408 1604 2480 1623 -ν
2500 1574 2555 1629 4.
2589 1573 2869 1629 Ferendum
2884 1575 3143 1645 ﬂagellum
3162 1574 3252 1629 Dei
3267 1576 3548 1629 domitoris.

1976 1665 2032 1720 in
2079 1667 2170 1720 illo
2210 1683 2333 1735 spes
2354 1676 2455 1731 est,
2481 1667 2531 1722 ei
2577 1681 2674 1721 nos
2699 1667 3006 1734 subdamus,
3028 1675 3083 1723 et
3128 1669 3549 1724 misericordiam

1978 1772 2275 1825 preeeumr.
2319 1756 2372 1810 lu
2412 1757 2500 1811 illo
2525 1772 2671 1824 suem
2706 1765 2939 1816 nostram
2976 1773 3252 1828 ponamus,
3292 1768 3348 1814 et
3377 1760 3553 1815 donec

1974 1848 2256 1904 domenutr
2274 1858 2320 1901 et
2350 1847 2741 1916 perdomentur,
2773 1847 2823 1902 id
2848 1856 2950 1911 est.
2984 1848 3335 1918 lcrﬁciamur,
3370 1849 3550 1904 duini-

1974 1949 2146 1995 torem
2174 1938 2421 1992 feramus.
2450 1938 2764 2007 Plerumque
2796 1938 2939 1993 enim
2970 1936 3172 2007 profert
3197 1938 3424 1993 domitor
3450 1955 3551 1993 uo-

1977 2040 2088 2085 ster
2126 2030 2288 2084 etiam
2326 2028 2553 2099 ﬂagella.
2584 2027 2639 2083 Si
2677 2029 2816 2083 enim
2849 2037 2904 2083 tu
2933 2027 2998 2082 ad
3026 2028 3288 2084 domanda
3309 2029 3550 2099 jumenta

1978 2133 2069 2176 tua
2087 2121 2290 2192 profers
2315 2122 2536 2189 virgam,
2566 2119 2770 2190 profers
2796 2119 3093 2190 flagellum;
3123 2121 3260 2176 Deus
3286 2137 3392 2176 non
3417 2138 3548 2192 pro-

1980 2212 2080 2267 fert
2104 2211 2172 2266 ad
2200 2211 2463 2266 domanda
2486 2211 2721 2279 iumenta
2767 2225 2887 2274 sua,
2920 2210 3060 2280 quod
3100 2228 3283 2268 sumus
3311 2228 3426 2280 nos.
3456 2212 3551 2283 qui

1978 2302 2046 2358 de
2083 2301 2339 2371 iumentis
2383 2302 2493 2356 suis
2530 2300 2684 2357 faciet
2728 2300 2865 2356 filios
2905 2302 3070 2358 suos?
3122 2302 3316 2359 Domas
3352 2318 3551 2374 equtuu

1980 2402 2167 2448 tamn:
2194 2392 2319 2462 quid
2361 2392 2579 2447 daturus
2625 2406 2685 2446 es
2724 2406 2862 2462 equo
2899 2403 3011 2457 tuo,
3059 2407 3182 2447 cum
3231 2403 3283 2451 te
3326 2395 3555 2463 eruperit

1982 2495 2191 2557 portare
2231 2495 2559 2549 mansuetus,
2595 2485 2732 2541 ferre
2757 2484 3089 2554 disciplinam
3124 2494 3289 2551 tuam.
3332 2485 3553 2543 obedire

1981 2576 2203 2648 imperio
2245 2584 2355 2640 tuo,
2395 2590 2516 2630 esse
2540 2576 2860 2643 iumentum,
2907 2574 3009 2630 hoc
3045 2584 3147 2640 est,
3192 2576 3553 2646 adiumentum

1979 2667 2297 2722 infirmitatis
2322 2665 2461 2720 tum?
2485 2663 2620 2731 Quid
2660 2664 2711 2720 ei
2739 2663 3005 2730 retribuis,
3032 2680 3189 2736 quem
3228 2680 3330 2721 nec
3364 2665 3555 2723 saltat:

1958 2757 2173 2828 .sepelis
2195 2771 2317 2811 cum
2344 2764 2581 2811 mortuus
2606 2755 2782 2819 fuerit,
2809 2755 2905 2811 sed
2932 2755 3340 2825 discerpendum
3362 2757 3555 2812 volati-

1981 2848 2118 2905 libus
2145 2848 2391 2919 projieis?
2423 2848 2630 2903 Domita
2663 2848 2755 2903 tibi
2784 2848 2923 2903 Deus
2951 2847 3311 2905 [nereditatem
3350 2858 3552 2915 servat,

1977 2938 2120 3011 quod
2141 2948 2223 2996 est
2247 2941 2359 3009 ipse
2388 2940 2568 2995 Deus:
2595 2948 2649 2994 et
2675 2938 2742 2994 ad
2766 2948 2975 3009 tempus
3006 2951 3293 3007 mortuum,
3310 2940 3554 2996 resusci-

1981 3038 2057 3085 tat
2087 3039 2160 3087 te.
2191 3028 2417 3085 Carnem
2459 3038 2601 3085 tuam
2639 3043 2806 3098 usque
2834 3029 2900 3084 ad
2934 3045 3211 3085 numerum
3238 3031 3551 3101 capillorum

1980 3120 2166 3179 reddet
2190 3120 2282 3175 tibi
2308 3138 2320 3173 :
2342 3129 2400 3176 et
2424 3120 2709 3176 constituet
2735 3128 2788 3175 te
2810 3135 2935 3181 eum
2955 3122 3171 3191 Angelis
3190 3124 3243 3177 in
3266 3133 3552 3189 teter-nimi,

1982 3213 2071 3268 ubi
2108 3212 2219 3282 jam
2272 3228 2377 3266 non
2421 3209 2658 3281 indigeas
2696 3210 2922 3276 domari,
2980 3212 3073 3267 sed
3110 3202 3489 3269 tantumnodo
3514 3230 3554 3269 a

1981 3303 2218 3374 piissimo
2257 3300 2534 3372 possideri.
2584 3301 2700 3356 Erit
2743 3301 2884 3356 enim
2926 3311 3048 3357 tunc
3094 3303 3236 3360 Deus
3273 3303 3451 3359 omnia
3500 3305 3557 3359 iu

1979 3394 2226 3449 omnibus
2254 3392 2297 3464 (ι
2324 3391 2442 3445 Cor.
2476 3407 2561 3456 xv,
2584 3391 2680 3461 ‘28)
2710 3410 2722 3444 :
2754 3406 2852 3447 nec
2876 3393 2977 3446 erit
3001 3392 3104 3446 ulla
3135 3392 3557 3465 infelicitasqua!

1978 3500 2079 3541 nos
2111 3492 2378 3551 exerceat,
2406 3482 2496 3537 sed
2536 3481 2759 3537 felicitas
2778 3482 2897 3537 sola
2918 3499 3037 3552 qua:
3072 3493 3274 3553 pascat.
3313 3484 3431 3554 Ipse
3454 3500 3555 3539 au-

1981 3583 2086 3628 tem
2129 3581 2308 3643 pastor
2334 3580 2536 3638 noster,
2585 3572 2722 3627 Deus
2762 3582 2983 3629 noster:
3012 3572 3126 3642 ipse
3164 3583 3323 3642 potus
3350 3582 3554 3638 noster.

1983 3665 2122 3720 Deus
2149 3673 2362 3728 iioster;
2395 3661 2562 3717 honor
2588 3671 2790 3727 noster,
2834 3661 2974 3716 Deus
3002 3671 3210 3729 noster;
3231 3663 3427 3719 divitia:
3453 3678 3556 3719 no-

1979 3764 2125 3819 strar,
2155 3755 2292 3809 Deus
2316 3763 2513 3811 noster.
2540 3752 2896 3822 Quaecumque
2915 3750 3003 3815 hic
3023 3751 3163 3807 varia
3189 3754 3407 3821 quasris,
3438 3755 3557 3825 ipse

1982 3848 2073 3903 tibi
2102 3863 2236 3901 unus
2255 3846 2433 3901 omnia
2455 3845 2577 3900 erit.

2049 3935 2275 3995 CAPUT
2319 3935 2381 3993 V.
2419 3964 2490 3974 -—
2536 3936 2587 3991 ii.
2613 3934 2779 4001 Quam
2810 3933 2863 3991 in
2885 3950 3023 4005 spem
3052 3934 3134 3989 hic
3156 3935 3444 3989 domamur.
3472 3935 3557 3990 Ad

1984 4032 2119 4089 banc
2148 4044 2295 4099 spem
2340 4026 2501 4085 homo
2547 4026 2813 4092 domatur,
2840 4035 2896 4083 et
2941 4025 3172 4089 domitor
3208 4026 3558 4091 intolerabilis

1985 4123 2246 4180 habetur?
2292 4120 2370 4175 Ad
2401 4119 2537 4174 hanc
2580 4134 2731 4188 spem
2779 4119 2937 4173 immo
2979 4117 3247 4183 domatur,
3276 4127 3331 4173 et
3367 4127 3554 4173 contra

1982 4218 2142 4273 istum
2174 4215 2354 4269 utilem
2380 4212 2718 4273 domitorem,
2747 4210 2792 4267 si
2832 4208 2965 4264 forte
3004 4208 3272 4279 ﬂagellum
3301 4207 3557 4278 proferat.

1985 4304 2384 4362 murmuratur?
2420 4302 2656 4358 Audistis
2690 4301 3055 4361 exhortantem
3093 4300 3404 4369 Apostolum
3439 4318 3453 4356 :
3495 4300 3563 4354 Si

1982 4398 2225 4470 separetis
2254 4412 2340 4450 ros
2367 4412 2397 4447 a
2419 4394 2706 4465 disciplina,
2735 4409 2853 4464 ergo
2891 4392 3053 4463 not/ti,
3093 4399 3145 4457 et,
3165 4408 3266 4445 non
3292 4392 3413 4445 estis
3434 4388 3558 4459 ﬁlii.

1986 4492 2143 4547 Nothi
2185 4496 2308 4544 sunt
2329 4486 2575 4549 adulteri.
2626 4486 2751 4553 Quis
2780 4486 2913 4540 enim
2950 4495 3021 4539 est
3058 4484 3223 4552 ﬁlius,
3244 4485 3326 4539 rui
3350 4501 3452 4539 non
3472 4485 3563 4545 det

1987 4579 2306 4652 disciplinam
2329 4586 2475 4646 pater
2509 4575 2657 4645 ejus?
2687 4572 2752 4629 Et
2788 4573 2955 4631 carnis
2993 4572 3192 4643 quidem
3234 4582 3439 4638 nostrae,
3475 4572 3563 4626 iu-

1987 4674 2120 4743 quit,
2150 4680 2314 4740 patres
2341 4665 2643 4720 habebamus
2680 4674 2992 4734 correpturos
3011 4704 3028 4729 ,
3054 4672 3100 4716 et
3138 4663 3513 4719 rererebamur'
3540 4680 3567 4726 ;

1989 4781 2089 4818 non
2120 4759 2458 4829 multomagis
2495 4758 2814 4827 subjiciemur
2844 4756 2992 4810 Patri
3023 4756 3313 4824 spiritum»,
3348 4766 3396 4809 et
3425 4756 3568 4811 riae-

1991 4871 2104 4909 ntus
2129 4851 2312 4922 (Hebr.
2346 4865 2442 4914 xu,
2466 4848 2581 4919 7-9)
2602 4848 2625 4901 ἲ
2646 4847 2780 4913 Quid
2805 4847 2946 4903 enim
2978 4846 3072 4901 tibi
3102 4847 3268 4916 potuit
3306 4855 3566 4916 praestare

1994 4956 2141 5016 pater
2164 4953 2303 5007 tuus,
2332 4940 2453 5010 quia
2481 4937 2736 5008 corripuit
2763 4945 2833 4999 te,
2860 4936 2981 5006 quia
3010 4936 3309 4995 verberavit
3338 4945 3410 4999 te,
3436 4936 3563 5007 quia

1995 5034 2259 5105 flagellum
2305 5029 2523 5101 protulit
2546 5036 2601 5082 et
2647 5025 2842 5083 cecidit
2884 5025 2970 5080 te?
2998 5024 3273 5095 Numquid
3307 5034 3569 5095 praestare

1997 5124 2165 5195 potuit
2190 5131 2246 5177 ut
2268 5121 2473 5175 viveres
2508 5118 2561 5173 in
2588 5114 2885 5179 mternum?
2908 5114 3059 5182 Quod
3086 5132 3190 5171 non
3216 5116 3389 5185 potuit
3427 5132 3573 5186 prae-

1996 5222 2141 5270 stare
2184 5210 2305 5275 sibi,
2342 5208 2553 5281 quando
2580 5215 2854 5278 prtestaret
2885 5206 3012 5261 tibi?
3042 5205 3265 5276 PrOpter
3288 5206 3575 5275 pecuniam

1996 5321 2143 5361 suam
2173 5301 2731 5373 quantulumcumque,
2774 5312 2930 5368 quam
2959 5296 3028 5351 de
3072 5298 3245 5351 usuris
3295 5305 3349 5352 et
3384 5296 3578 5351 labore

1997 5395 2232 5467 collegit,
2259 5390 2538 5448 erudiebat
2575 5399 2625 5443 te
2655 5388 2897 5458 ﬂagellis,
2930 5402 2996 5445 ne
3025 5387 3118 5443 tibi
3140 5388 3391 5443 dimissus
3417 5386 3580 5442 labor

1998 5493 2113 5560 ejus
2139 5496 2189 5545 te
2214 5487 2351 5542 male
2379 5487 2584 5539 vivente
2608 5482 3020 5551 disperderetur.
3054 5481 3122 5536 Et
3155 5481 3346 5539 cecidit
3377 5480 3582 5550 lilium,

2002 5588 2192 5641 timens
2243 5581 2414 5652 perire
2452 5579 2661 5632 labores
2704 5591 2828 5631 suos
2860 5594 2873 5629 :
2913 5576 3164 5646 quoniam
3212 5574 3419 5644 reliquit
3451 5573 3583 5643 tibi,

2064 5698 2078 5727 ι
2106 5695 2175 5743 sic
2196 5699 2297 5741 uss.
2329 5697 2377 5739 .\t
2402 5689 2534 5747 editi,
2558 5693 2601 5737 et
2624 5684 2907 5749 ferebamus.

3463 5797 3466 5800 ~
3482 5796 3507 5803 .-
