3954 6186
297 313 398 372 381

302 423 420 477 I-‘iat
445 422 676 476 voluntas
702 429 789 490 tua
808 462 821 483 ,
848 430 896 473 et
925 419 1024 474 hoc
1053 417 1422 486 exuuitettdum
1461 419 1550 473 tibi
1580 425 1680 477 est,
1705 431 1772 471 ue
1795 430 1891 486 pu-

299 528 382 570 tes
403 510 542 582 quod
569 511 680 566 Deo
705 510 838 565 bene
863 521 1034 580 optas,
1059 521 1112 564 ιιι
1130 508 1218 565 ﬁat
1243 509 1482 564 voluntas
1500 508 1685 579 ipsius,
1707 515 1760 561 et
1785 521 1888 559 non

298 605 477 674 putius
495 617 595 676 pro
614 609 666 656 te
683 615 825 655 oras.
848 599 1069 668 Quando
1096 600 1248 666 dicis,
1280 598 1453 653 Veniat
1481 614 1688 668 regnum
1717 605 1890 658 tuum;

294 705 354 749 et
375 691 858 763 hocexponeudum
887 701 990 758 eSt,
1010 707 1075 746 ne
1101 701 1253 762 putes
1272 691 1391 760 quia
1421 690 1532 744 Deo
1555 687 1689 744 bene
1715 696 1886 756 optas,

295 796 358 839 ut
385 792 590 854 regnet.
615 784 696 845 Ab
728 784 831 838 islo
854 795 1030 838 autem
1055 785 1172 839 loco
1201 794 1253 838 et
1278 783 1527 852 deinceps
1557 795 1720 850 usque
1747 780 1798 834 iu
1827 778 1889 832 ﬁ-

297 892 424 931 nem
441 875 731 941 Orationis,
750 885 968 945 apparet
989 875 1108 944 quia
1135 891 1228 944 pro
1249 873 1400 928 nobis
1429 887 1673 942 rogamus
1700 871 1886 927 Deum.

296 968 529 1034 Quando
549 967 703 1032 dicis,
724 965 917 1020 Panem
943 977 1167 1020 nostrum
1195 967 1537 1036 quotidianum
1557 965 1623 1016 da
1643 963 1782 1016 nobis
1802 963 1894 1016 lio—

297 1060 405 1125 ἀει,
435 1060 702 1130 proliteris
730 1066 780 1112 te
807 1058 1106 1112 mendicum
1131 1057 1245 1112 Dei.
1275 1057 1378 1112 Sed
1409 1057 1512 1111 ιιοΙὶ
1543 1055 1890 1110 erubescere:

297 1149 696 1222 quantumlibet
735 1148 853 1219 quis
892 1149 960 1202 sit
997 1149 1148 1202 dives
1188 1148 1238 1200 iu
1284 1156 1452 1210 terra,
1483 1145 1756 1201 mendicus
1797 1143 1892 1198 Dei

297 1251 407 1296 est.
448 1241 567 1295 Stat
605 1239 879 1293 mendicus
926 1246 1049 1293 ante
1078 1237 1292 1292 domum
1323 1237 1500 1290 divitis
1525 1253 1538 1287 :
1568 1235 1658 1289 sed
1701 1243 1754 1288 et
1783 1235 1894 1302 ipse

297 1334 456 1386 dives
489 1339 594 1385 stat
619 1341 740 1384 ante
770 1330 983 1385 domum
1017 1328 1189 1398 magni
1219 1327 1413 1382 divitis.
1448 1327 1646 1381 Petitur
1671 1325 1738 1379 ab
1771 1325 1890 1388 illo,

297 1435 354 1479 et
388 1425 537 1494 petit.
564 1423 620 1477 Si
651 1435 757 1475 non
797 1431 1011 1492 egeret,
1045 1436 1201 1474 aures
1237 1420 1333 1474 Dei
1373 1419 1609 1474 oratione
1641 1433 1743 1472 non
1777 1418 1894 1488 pul-

296 1525 474 1568 saret.
510 1513 574 1567 Et
618 1512 742 1584 quid
784 1520 905 1581 eget
941 1510 1122 1564 dives?
1163 1510 1346 1565 Audeo
1373 1509 1579 1574 dicere,
1605 1511 1718 1576 ipso
1761 1523 1898 1578 pane

297 1605 617 1674 quotidiana
634 1613 754 1674 eget
769 1603 936 1656 dives.
957 1601 1132 1669 Quare
1147 1601 1288 1655 enim
1311 1600 1577 1654 abundant
1596 1600 1666 1652 illi
1685 1597 1897 1654 omnia?

300 1697 472 1759 unde,
495 1696 596 1750 uisi
621 1696 740 1766 quia
761 1693 902 1749 Deus
925 1693 1107 1747 dedit?
1128 1693 1264 1762 Quid
1293 1691 1527 1756 habebit,
1545 1693 1589 1744 si
1616 1691 1756 1745 Deus
1775 1690 1900 1744 sab-

301 1786 489 1841 traliat
513 1800 725 1839 manmn
748 1783 931 1838 suam?
948 1782 1135 1837 Nonne
1161 1782 1308 1835 multi
1339 1781 1668 1836 dormierunt
1684 1780 1896 1848 divites,

299 1893 364 1936 et
397 1887 744 1934 surrexerunt
762 1877 1059 1950 pauperes?
1081 1875 1146 1929 Et
1175 1873 1314 1944 quod
1356 1874 1429 1928 illi
1466 1889 1569 1928 non
1601 1873 1771 1938 deest,
1796 1873 1897 1927 iiii-

301 1971 618 2029 sericordize
649 1971 744 2034 Dei
775 1977 876 2034 est,
901 1985 1006 2021 non
1038 1967 1289 2038 potentia:
1310 1965 1493 2036 ipsius.

391 2065 476 2118 10.
539 2059 695 2114 Panis
756 2060 1114 2130 quotidianus,
1168 2073 1329 2111 sermo
1375 2056 1490 2109 Dei.
1555 2054 1899 2110 Eucltaristia.

305 2156 425 2210 Sed
454 2155 612 2210 istum
651 2167 870 2221 panem,
899 2149 1197 2205 charissimi
1219 2189 1234 2213 ,
1276 2163 1380 2218 quo
1410 2157 1598 2202 venter
1632 2144 1900 2214 impletur,

305 2259 426 2315 quo
450 2260 576 2298 caro
605 2241 839 2314 quotidie
870 2239 1138 2320 reﬁcitur;
1168 2239 1322 2292 istum
1351 2253 1477 2308 ergo
1500 2252 1687 2305 panem
1715 2235 1904 2289 videtis

311 2335 488 2391 Deum
523 2334 670 2399 dare,
702 2348 805 2387 non
833 2330 1005 2386 solum
1054 2328 1415 2384 laudatoribus
1440 2327 1579 2390 suis,
1616 2325 1707 2379 sed
1745 2326 1902 2379 etiam

310 2425 839 2500 blasplicmatoribus
875 2442 886 2476 :
925 2423 1012 2494 qui
1040 2406 1172 2476 facit
1211 2422 1378 2474 solem
1408 2435 1562 2473 suum
1590 2418 1716 2471 oriri
1745 2432 1907 2486 super

313 2521 495 2573 honos
544 2527 600 2573 et
646 2516 835 2580 malos,
888 2525 942 2569 et
986 2512 1120 2583 pluit
1169 2526 1328 2581 super
1365 2509 1539 2580 justos
1591 2516 1647 2563 et
1685 2508 1907 2577 iltjtlslus

311 2609 538 2678 (.Uatth.
569 2625 623 2672 v,
825 2605 1052 2670 Laudas,
1082 2605 1249 2673 pascit
1285 2611 1336 2656 te
1381 2620 1394 2656 :
1429 2599 1782 2670 blasphemas,
1816 2615 1909 2668 pas

313 2704 427 2757 scit
445 2713 514 2756 te.
537 2701 604 2758 Ut
625 2699 993 2772 pmuitentiam
1021 2711 1166 2768 agas,
1190 2703 1462 2765 exSpectat
1493 2703 1543 2749 te
1569 2711 1585 2746 :
1617 2693 1709 2748 sed
1731 2694 1774 2747 si
1803 2709 1906 2747 non

324 2809 386 2851 te
416 2795 723 2857 mutaveris,
747 2793 963 2847 damnat
991 2799 1062 2846 te.
1092 2789 1220 2857 Quia
1253 2803 1380 2860 ergo
1405 2803 1593 2858 panem
1622 2787 1777 2840 istum
1815 2800 1907 2839 ac-

311 2888 530 2958 cipiunt
555 2903 584 2940 a
615 2879 728 2940 Deo
761 2893 814 2937 et
840 2882 966 2938 boni
997 2891 1050 2936 et
1077 2880 1234 2945 mali,
1264 2888 1418 2951 putas
1457 2895 1561 2934 non
1604 2886 1688 2932 est
1722 2877 1910 2946 aliquis

318 2978 479 3048 mnis
507 2992 663 3046 quem
700 2983 879 3045 petunt
927 2973 1037 3035 ﬁlii,
1070 2972 1134 3026 de
1165 2987 1268 3042 quo
1307 2970 1516 3025 diccbat
1556 2969 1813 3024 Dominus
1858 2967 1908 3022 itt

319 3067 643 3139 Evangelia,
687 3064 806 3120 Non
843 3073 915 3118 est
947 3066 1128 3117 bonum
1158 3063 1330 3115 tollere
1372 3078 1551 3132 panem
1582 3060 1822 3128 ﬁliorum,
1864 3068 1911 3113 et

319 3153 524 3212 mittere
545 3155 749 3210 canibus
770 3153 980 3224 (Matth.
1008 3169 1096 3218 xv,
1118 3151 1237 3217 '26)?
1256 3151 1347 3206 Est
1371 3152 1540 3220 plane.
1565 3150 1692 3217 Quis
1713 3159 1791 3210 est
1815 3151 1915 3205 iste

325 3250 524 3319 panis?
551 3257 604 3303 et
627 3262 790 3318 quare
819 3245 1014 3300 dicitur
1040 3245 1413 3315 quotidianus?
1449 3245 1510 3297 lit
1539 3245 1638 3299 iste
1670 3258 1915 3298 necessa-

326 3346 445 3400 rius
471 3350 555 3398 est
583 3358 596 3393 :
629 3341 825 3396 etenim
857 3341 970 3394 sine
993 3340 1083 3394 illo
1113 3342 1290 3392 vivere
1328 3354 1430 3391 non
1464 3353 1775 3409 possumus;
1800 3337 1914 3392 sine

324 3452 470 3508 pane
517 3450 619 3489 non
662 3448 961 3506 possumus.
996 3431 1323 3500 lmpudentia
1363 3441 1445 3485 est
1489 3441 1599 3484 uta
1631 3432 1737 3484 Deo
1767 3439 1916 3499 petas

324 3528 544 3583 divitias
577 3545 591 3580 :
622 3541 729 3580 non
765 3533 848 3580 est
891 3523 1213 3594 impudentia
1244 3533 1298 3576 ut
1333 3533 1482 3592 petas
1510 3538 1700 3591 pauent
1737 3522 1916 3590 quoti-

325 3620 570 3674 dianum.
593 3613 748 3672 Aliud
779 3624 861 3671 est
887 3613 1025 3668 unde
1046 3613 1340 3682 superbius,
1375 3613 1514 3666 aliud
1541 3623 1623 3667 est
1653 3613 1791 3668 ttude
1840 3612 1917 3666 vi-

330 3721 451 3764 vas.
479 3707 677 3763 Tamen
705 3706 825 3776 quia
865 3706 965 3760 iste
993 3705 1146 3776 panis
1176 3704 1398 3758 visibilis
1426 3712 1480 3758 et
1507 3703 1796 3757 tractabilis
1820 3702 1920 3756 ἀεὶ·

331 3811 424 3856 tur
476 3810 531 3857 et
574 3800 731 3856 bonis
768 3807 822 3854 et
861 3800 1042 3863 malis;
1070 3807 1154 3852 est
1193 3801 1344 3868 panis
1381 3797 1718 3868 quotidianus
1759 3813 1918 3866 quem

333 3902 527 3961 petunt
559 3893 668 3946 ﬁlii.
708 3890 827 3961 Ipse
861 3901 940 3946 est
977 3906 1152 3945 sermo
1193 3890 1322 3957 Dei,
1357 3891 1446 3960 qui
1484 3891 1638 3945 nobis
1685 3890 1920 3960 quotidie

330 3992 606 4054 erogatur.
637 3983 799 4038 Panis
842 3989 1028 4040 noster
1066 3982 1403 4052 quotidianus
1441 3992 1519 4037 est
1546 4000 1558 4035 :
1589 3981 1712 4036 inde
1741 3983 1924 4036 vivunt

335 4093 447 4131 non
471 4086 702 4142 ventres,
729 4075 821 4130 sed
850 4084 1075 4131 mentes.
1106 4074 1450 4130 Necessarias
1471 4084 1552 4129 est
1581 4075 1732 4131 nobis
1761 4077 1920 4131 etiam

335 4182 485 4221 nunc
527 4167 786 4235 cperariis
841 4166 893 4220 in
940 4167 1113 4232 vinea;
1169 4167 1320 4220 cibus
1371 4176 1472 4230 est,
1540 4184 1642 4221 non
1694 4183 1918 4224 merces.

336 4256 600 4326 Operario
627 4256 769 4311 enim
792 4255 922 4310 duas
951 4272 1040 4312 res
1059 4256 1238 4320 debet,
1269 4257 1356 4326 qui
1386 4257 1534 4312 illum
1567 4259 1816 4315 conducit
1855 4260 1923 4316 ad

337 4351 552 4403 vineam
583 4390 599 4412 ,
627 4349 822 4415 cibum,
855 4366 920 4404 nc
945 4349 1187 4413 deﬁciat;
1212 4358 1264 4404 et
1291 4351 1610 4418 mercedem,
1638 4354 1777 4410 unde
1792 4370 1922 4424 gau-

337 4440 486 4494 deat.
515 4440 676 4493 Cibus
700 4451 878 4494 uoster
927 4441 1264 4510 quotidianus
1308 4441 1358 4496 iu
1403 4441 1502 4496 hac
1543 4454 1703 4509 terra,
1748 4460 1926 4501 sermo

344 4529 438 4584 Dei
465 4537 569 4592 est,
592 4529 679 4597 qui
721 4544 932 4598 semper
979 4541 1226 4600 erogatur
1268 4531 1518 4588 Eeclesiis
1546 4551 1558 4587 :
1591 4550 1795 4592 merces
1826 4553 1924 4593 no-

340 4628 452 4673 stra
480 4629 599 4688 post
625 4619 859 4674 laborem
892 4622 996 4675 vita
1024 4630 1219 4676 teterna
1261 4625 1581 4679 nominatur.
1631 4625 1822 4682 lterum
1872 4629 1923 4683 in

343 4717 448 4763 isto
475 4725 612 4779 pane
637 4721 821 4764 nostro
846 4711 1153 4781 quotidiana
1181 4713 1222 4766 si
1268 4714 1530 4785 intelligas
1569 4717 1710 4786 quod
1737 4717 1926 4775 ﬁdeles

342 4803 632 4872 accipiunt,
660 4803 800 4870 quod
831 4804 1098 4873 accepturi
1125 4805 1255 4859 estis
1284 4805 1565 4878 baptizati;
1610 4808 1746 4864 bene
1775 4826 1940 4880 roga-

345 4909 467 4947 tuus
489 4903 543 4948 et
571 4893 816 4960 dicimus,
854 4891 1042 4947 Panem
1073 4905 1294 4948 nostrum
1315 4897 1660 4966 quotidianum
1691 4898 1756 4952 da
1788 4903 1929 4955 nobis

346 4984 542 5037 hodie:
578 4993 634 5037 ut
681 4985 758 5038 sic
827 4985 1086 5052 vivamus,
1143 5003 1206 5040 ne
1261 4987 1328 5040 ab
1381 4987 1470 5041 illo
1516 4990 1668 5044 altari
1726 5007 1931 5063 separe-

347 5091 489 5128 llllll'.

417 5164 646 5220 CAPUT
672 5165 782 5220 VII.
814 5197 880 5206 —-
911 5167 996 5222 ll.
1043 5168 1228 5234 Quinta
1256 5171 1446 5239 petitio.
1499 5169 1682 5229 Omnes
1712 5177 1791 5230 hic
1841 5195 1930 5230 su-

346 5275 459 5312 mus
512 5257 776 5313 debitores.
839 5258 1054 5314 Peccata
1101 5261 1394 5331 quotidiana
1437 5265 1826 5336 baptizatorum.
1860 5302 1930 5312 --ε

347 5347 414 5400 Et
443 5349 637 5402 dimitte
657 5350 796 5404 nobis
823 5351 986 5404 debita
1011 5369 1202 5416 nostra,
1220 5356 1347 5408 sicut
1364 5365 1406 5408 et
1429 5372 1518 5411 uos
1531 5360 1825 5416 dimittimus
1845 5363 1933 5415 de-

344 5440 589 5494 bitoribus
610 5443 810 5494 nostris.
833 5443 898 5496 Et
923 5444 1019 5497 ista
1051 5447 1232 5513 petitio
1260 5461 1363 5500 non
1387 5459 1466 5502 est
1483 5454 1790 5518 expaueuda
1807 5458 1926 5523 quia

348 5545 444 5598 pro
477 5531 631 5585 nobis
662 5534 908 5602 petimus.
942 5533 1104 5590 Nobis
1137 5537 1277 5591 enim
1305 5537 1478 5592 debita
1512 5541 1714 5596 det‘uitti
1753 5555 1932 5613 postu-

344 5621 540 5675 lamus.
577 5623 853 5679 Debitores
882 5626 1020 5680 enim
1049 5643 1250 5691 sumus,
1296 5646 1398 5684 non
1433 5634 1792 5701 pecuniarum,
1836 5638 1928 5692 sed

348 5722 711 5780 precatorem.
759 5716 896 5770 Dicis
943 5719 1098 5774 modo
1146 5719 1276 5774 forte
1305 5721 1406 5775 :Et
1442 5726 1569 5778 vos?
1623 5726 1904 5796 Responde

1787 294 2018 356 εειιιιο
2055 297 2186 355 LVI.

3461 304 3566 363 διε

1995 431 2114 472 mus
2141 429 2154 469 :
2185 417 2250 472 Et
2279 431 2394 472 nos.
2422 417 2486 472 Et
2512 433 2626 487 vos,
2653 419 2885 490 episc0pi
2903 421 3090 486 sancti,
3116 420 3381 476 debituros
3403 423 3570 477 estis?

1997 506 2065 561 Et
2092 522 2190 562 nos
2214 507 2482 564 debitores
2505 523 2705 564 sumus.
2733 510 2800 564 Et
2825 510 2954 564 vos?
2984 509 3154 573 Absit,
3183 511 3414 577 domine,
3465 512 3571 566 itali

1997 597 2089 651 tibi
2118 595 2293 654 facere
2323 599 2589 668 iniuriam.
2612 599 2724 654 Non
2749 601 2991 671 injuriam
3022 601 3149 655 mihi
3175 601 3330 670 facio,
3363 602 3456 664 sed
3483 619 3571 657 ve-

1996 705 2113 744 rum
2143 689 2264 744 dico
2289 708 2301 744 :
2329 691 2597 746 debitores
2629 707 2833 747 smnus.
2867 693 2928 748 Si
2951 693 3228 747 dixerimus
3259 694 3376 762 quia
3405 710 3574 766 pecco.

2000 789 2102 834 tam
2133 797 2231 834 non
2261 781 2524 846 habemus,
2548 799 2637 836 uos
2665 783 2799 852 ipsos
2820 783 3117 852 decipimus,
3140 785 3378 838 etveritas
3404 785 3454 836 in
3483 801 3574 837 no-

1997 869 2071 924 bis
2096 881 2283 924 nonest
2309 872 2355 941 (Ι
2382 869 2538 925 Joan.
2567 889 2604 937 ι,
2632 873 2713 944 8).
2738 873 2805 926 Et
2825 873 3073 943 baptizati
3118 889 3320 939 sumus,
3348 885 3402 929 et
3424 875 3574 930 debi-

1999 969 2140 1016 tores
2160 977 2363 1017 sumus.
2395 963 2508 1019 Non
2536 965 2656 1030 quia
2695 964 2889 1034 aliquid
2937 967 3190 1019 remansit
3235 967 3374 1036 quod
3421 967 3574 1022 nobis

1999 1052 2050 1108 iu
2084 1040 2352 1123 Baptismo
2385 1071 2486 1109 non
2518 1056 2794 1109 dimissum
2829 1055 2988 1110 fuerit
3016 1057 3143 1111 :sed
3181 1056 3303 1126 quia
3353 1057 3576 1112 vivendo

1999 1143 2362 1198 contrahimus
2388 1144 2527 1215 quod
2556 1147 2789 1215 quotidie
2828 1146 3144 1201 dimittatur.
3175 1148 3274 1214 Qui
3309 1148 3580 1218 baptizau-

2002 1247 2086 1292 tur
2127 1247 2178 1292 et
2207 1247 2424 1301 exeunt,
2483 1239 2598 1294 sine
2649 1239 2828 1294 debito
2871 1241 3182 1302 ascendunt,
3237 1239 3352 1295 sine
3401 1240 3580 1294 debito

2003 1339 2249 1400 pergunt.
2282 1329 2381 1396 Qui
2426 1340 2603 1384 autent
2630 1331 2962 1400 baptizautur
2997 1340 3050 1386 et
3106 1340 3353 1385 tenentur
3397 1331 3451 1386 in
3481 1330 3582 1385 hac

2002 1421 2127 1482 vita,
2156 1419 2223 1474 de
2266 1420 2548 1490 fragilitate
2595 1423 2802 1476 mortali
2855 1423 3174 1477 contrahunt
3198 1423 3418 1492 aliquid,
3444 1422 3584 1476 unde

2003 1511 2106 1569 etsi
2151 1529 2256 1566 non
2303 1514 2662 1583 naufragatur,
2695 1525 2867 1569 tamen
2893 1523 3103 1583 oportet
3157 1525 3213 1569 ut
3263 1516 3580 1569 sentiuetur.

2004 1601 2135 1669 Quia
2153 1603 2197 1657 si
2227 1619 2330 1656 non
2358 1605 2670 1669 sentiuntur,
2703 1605 2952 1674 paulatim
2982 1605 3274 1675 ingreditur
3311 1606 3451 1660 unde
3473 1613 3584 1660 tota

2004 1693 2153 1748 navis
2181 1705 2467 1763 mergatur.
2504 1696 2566 1750 Et
2603 1695 2704 1750 hoc
2757 1711 2911 1750 orare
2944 1698 3269 1761 ',scntinare
3312 1706 3411 1751 est.
3467 1696 3585 1752 Non

2006 1793 2210 1838 tantum
2240 1795 2415 1839 autem
2453 1786 2710 1841 debemus
2752 1803 2925 1852 orare,
2954 1787 3046 1843 sed
3096 1797 3151 1842 et
3189 1788 3585 1859 eleemosynam

2007 1873 2182 1930 facere
2211 1894 2225 1930 :
2252 1877 2372 1946 quia
2400 1877 2612 1946 quando
2633 1878 2928 1932 sentiuntur
2973 1893 3039 1932 ne
3091 1879 3245 1936 navis
3291 1888 3581 1947 mergatur,

2005 1975 2059 2020 et
2079 1967 2296 2022 vocibus
2321 1969 2493 2037 agitur
2521 1979 2574 2022 et
2596 1969 2857 2022 manibus.
2911 1968 3140 2024 Vocibus
3187 1969 3414 2038 agimus,
3464 1984 3589 2022 cum

2008 2057 2250 2123 dicimus,
2283 2056 2492 2111 Dimitte
2517 2058 2656 2113 nobis
2681 2060 2846 2112 debita
2872 2069 3062 2122 nostra,
3081 2060 3209 2112 sicut
3229 2070 3276 2111 ct
3297 2075 3389 2112 nos
3411 2058 3588 2111 dimit-

2009 2148 2156 2200 timus
2181 2148 2481 2202 debitoribus
2508 2150 2709 2202 nostris.
2743 2149 2982 2203 Manibus
3011 2158 3187 2202 autem
3215 2151 3439 2218 agimus,
3466 2163 3588 2202 cum

2013 2241 2255 2301 facimus,
2288 2241 2493 2309 Frange
2513 2241 2747 2295 esurienti
2777 2257 2956 2310 panem
2977 2249 3139 2304 tuum,
3173 2249 3218 2293 et
3243 2255 3450 2309 egenum
3479 2240 3590 2294 sine

2011 2343 2136 2385 tecto
2159 2333 2310 2385 induc
2333 2332 2382 2384 iu
2399 2332 2603 2384 domum
2626 2340 2761 2384 tuam
2775 2329 2823 2400 (1
2830 2331 2926 2384 sai.
2943 2345 3087 2398 Lvtu,
3107 2330 3218 2402 29).
3237 2327 3451 2383 Iuclttde
3462 2328 3594 2384 elec-

2015 2442 2274 2494 tuosyuam
2307 2424 2356 2478 in
2401 2424 2552 2478 corde
2593 2424 2854 2495 pauperis,
2875 2433 2921 2478 et
2942 2425 3052 2496 ipsa
3079 2439 3170 2494 pro
3211 2434 3257 2477 te
3275 2421 3499 2480 exorabit
3521 2421 3594 2474 ad

2016 2515 2287 2570 Dominum
2311 2516 2499 2585 (Eccli.
2523 2534 2672 2583 XXIX,
2703 2517 2811 2588 lii).

2083 2629 2168 2684 CA
2180 2628 2310 2684 PUT
2354 2627 2650 2684 “IL—{2.
2671 2627 3001 2683 Peccatorum
3019 2629 3426 2700 quotidianarum
3441 2645 3595 2682 mun-

2014 2720 2174 2774 datio.
2221 2719 2423 2773 Minuta
2461 2730 2664 2789 peccata
2709 2735 2810 2773 non
2848 2721 3230 2784 contemnenda,
3269 2721 3389 2792 quia
3421 2720 3592 2790 plura.

2017 2811 2259 2866 Dimissis
2297 2825 2425 2880 ergo
2454 2811 2686 2879 peccatis
2719 2811 2966 2865 omnibus
3000 2826 3095 2880 per
3123 2810 3391 2866 lavat-rum
3439 2823 3596 2878 rego.

2018 2902 2328 2962 ueratioais.
2359 2903 2410 2956 in
2442 2917 2658 2972 magnas
2677 2903 2950 2972 angustias
2974 2903 3209 2956 contrusi
3231 2903 3486 2957 fuerimus
3505 2942 3519 2965 ,
3549 2901 3596 2955 si

2017 2994 2301 3050 nonnobis
2339 2993 2559 3048 daretur
2594 2995 2896 3064 quotidiana
2927 2994 3201 3048 inundatio
3238 3003 3435 3048 sancta:
3475 3008 3601 3048 ora-

2018 3085 2195 3152 tionis.
2249 3085 2610 3156 Eleemosyna:
2651 3095 2706 3140 et
2738 3086 3004 3140 orstiosses
3049 3086 3307 3140 mandant
3347 3095 3600 3158 peccata;

2019 3187 2221 3236 tantum
2249 3195 2316 3233 ne
2338 3179 2458 3234 talia
2481 3180 2903 3244 committantur,
2931 3179 3074 3234 unde
3101 3194 3320 3235 necesse
3347 3179 3416 3234 sit
3442 3194 3602 3250 sepa-

2020 3271 2124 3324 rari
2147 3285 2244 3324 nos
2271 3287 2300 3324 a
2343 3285 2480 3340 pane
2519 3269 2856 3339 quotidiano;
2899 3271 3122 3325 vitantes
3161 3269 3360 3328 debita.
3410 3271 3605 3342 quibus

2021 3361 2248 3417 debetur
2283 3371 2423 3417 certa
2470 3371 2521 3417 et
2551 3377 2734 3417 severa
2779 3361 3070 3418 damnatio.
3101 3361 3275 3416 Nolite
3314 3376 3412 3418 vos
3434 3362 3606 3435 justas

2022 3452 2224 3515 dicere,
2251 3453 2401 3522 quasi
2431 3468 2536 3507 non
2562 3452 2803 3507 habeatis
2831 3453 2971 3507 unde
2987 3453 3194 3517 dicatis,
3229 3451 3440 3509 Dimitte
3463 3457 3610 3512 nobis

2024 3543 2190 3598 debita
2209 3553 2400 3608 nostra,
2426 3545 2554 3598 sicut
2571 3553 2616 3596 et
2633 3561 2724 3598 nos
2743 3544 3039 3597 dimittimus
3063 3542 3371 3601 debitoribus
3396 3549 3603 3601 nostris.

2029 3637 2368 3691 Abstinentes
2389 3636 2455 3692 ab
2485 3635 2801 3701 idololatria,
2829 3651 2858 3689 a
2885 3635 3378 3692 eonstellationibus
3401 3638 3606 3693 matbe-

2024 3729 2335 3784 maticorum
2363 3729 2402 3793 ³,
2432 3742 2462 3781 a
2493 3727 2742 3782 remediis
2779 3728 3197 3794 iucsntatorum;
3229 3729 3553 3784 abstinentes
3575 3746 3604 3782 a

2025 3824 2423 3894 deceptionibus
2440 3827 2826 3893 haereticorum,
2839 3841 2869 3880 a
2881 3825 3324 3881 conseissionibus
3344 3825 3571 3879 seliisma
3581 3854 3604 3864 -

2028 3917 2288 3983 ticorutn;
2319 3918 2645 3974 abstinentes
2668 3919 2736 3974 ab
2783 3919 3100 3986 homicidiis,
3146 3919 3214 3973 ab
3255 3918 3524 3973 adulteriis
3555 3929 3608 3972 et

2028 4008 2484 4078 ﬁunicationibus,
2513 4027 2542 4065 τι
2591 4010 2742 4065 limis
2769 4020 2826 4066 et
2861 4010 3080 4080 rapinis,
3127 4025 3155 4062 a
3195 4010 3340 4064 falsis
3363 4009 3605 4064 testimo-

2027 4103 2158 4167 niis;
2191 4113 2246 4157 et
2269 4105 2311 4157 si
2338 4120 2439 4173 qua
2464 4104 2598 4158 forte
2625 4103 2724 4159 alia
2746 4147 2761 4171 ,
2792 4119 2895 4158 non
2925 4103 3046 4159 dico
3072 4120 3189 4174 qua:
3219 4103 3460 4158 exitiales
3492 4104 3606 4156 exi-

2035 4205 2120 4250 tus
2140 4195 2357 4261 habent,
2403 4196 2540 4250 unde
2566 4209 2783 4252 necesse
2821 4197 2889 4250 sit
2917 4197 3130 4267 prmcidi
3160 4194 3226 4248 ab
3245 4194 3419 4255 altari.
3463 4199 3515 4248 et
3546 4193 3609 4246 li-

2029 4290 2140 4359 gari
2170 4290 2221 4343 itt
2248 4298 2386 4345 terra
2425 4299 2484 4343 ιιι
2529 4291 2718 4360 ligetur
2773 4291 2825 4344 in
2849 4291 3005 4350 cmlo,
3046 4287 3197 4343 valde
3217 4287 3511 4358 periculose
3555 4295 3610 4340 et

2033 4383 2330 4447 mortifere,
2365 4383 2462 4435 nisi
2490 4383 2725 4436 solvatur
2758 4383 2808 4435 in
2837 4389 2975 4436 terra
2999 4381 3137 4450 quod
3160 4380 3393 4434 solvatur
3419 4379 3468 4432 iu
3499 4391 3609 4432 ειιξ⁴

2032 4475 2118 4529 lo:
2143 4474 2255 4527 istis
2281 4489 2406 4542 ergo
2436 4473 2689 4543 exceptis,
2733 4488 2835 4526 non
2875 4471 3025 4526 deest
3050 4470 3187 4526 unde
3216 4470 3376 4524 homo
3405 4478 3609 4538 peccet.

2032 4563 2182 4632 Quod
2241 4581 2344 4619 non
2385 4575 2593 4634 oportet
2634 4563 2862 4638 videndo
2887 4563 3130 4627 libenter,
3164 4570 3364 4631 peccat.
3396 4561 3464 4614 Et
3493 4560 3614 4630 quis

2035 4665 2216 4712 teneat
2241 4657 2377 4710 oeuli
2405 4656 2782 4711 velocitatem?
2811 4653 3244 4722 Quandoquidem
3273 4652 3466 4706 dicitur
3494 4666 3613 4704 ocu-

2035 4750 2118 4804 lus
2144 4748 2266 4804 inde
2290 4748 2559 4818 accepisse
2595 4761 2819 4812 nomen,
2870 4760 2901 4800 a
2952 4745 3247 4800 velocitate.
3274 4743 3403 4809 Quis
3439 4747 3613 4796 teneat

2035 4859 2216 4898 aurem
2244 4843 2328 4898 vel
2371 4842 2619 4898 oculum?
2651 4841 2823 4905 Oculi,
2871 4855 2990 4894 cum
3013 4837 3263 4903 volueris,
3293 4835 3468 4891 claudi
3493 4849 3615 4903 pos-

2036 4941 2182 4999 sum,
2209 4943 2265 4989 et
2287 4935 2391 4987 cito
2414 4932 2728 4988 clauduntur
2759 4950 2772 4986 :
2805 4945 2960 4985 aures
2993 4945 3113 4984 cum
3152 4935 3344 4983 conatu
3373 4924 3574 4980 claudis
3598 4965 3612 4988 ,

2037 5041 2251 5082 manum
2283 5025 2446 5086 levas,
2481 5023 2722 5092 pervenis
2748 5021 2812 5076 ad
2841 5022 2988 5075 illas:
3013 5028 3068 5075 et
3091 5020 3134 5072 si
3175 5018 3267 5072 tibi
3290 5015 3478 5086 aliquis
3504 5029 3616 5068 ma-

2039 5131 2138 5171 nos
2165 5124 2361 5180 teneat,
2392 5121 2608 5183 patent;
2651 5128 2749 5167 nec
2795 5121 2944 5182 potes
2977 5125 3069 5164 eas
3089 5106 3336 5163 claudere
3359 5105 3614 5158 adversus

2041 5207 2202 5262 verba
2229 5205 2506 5269 maledica,
2557 5205 2783 5274 impura,
2815 5199 3134 5258 blandientia
3180 5207 3234 5253 et
3274 5195 3611 5264 decipientia.

2038 5300 2170 5356 Cum
2211 5299 2430 5368 aliquid,
2459 5296 2597 5368 quod
2647 5312 2750 5352 non
2797 5303 3025 5367 oportet,
3065 5281 3314 5355 audieris,
3355 5289 3454 5343 etsi
3511 5301 3613 5340 ιιοιι

2040 5392 2250 5456 feceris,
2280 5406 2457 5445 nonne
2486 5405 2614 5444 aure
2641 5390 2867 5458 peccas?
2895 5385 3058 5440 Audis
3083 5383 3208 5438 mali
3236 5379 3432 5450 aliquid
3458 5378 3617 5431 libert-

2043 5493 2142 5539 ter.
2171 5484 2370 5552 Lingua
2400 5482 2666 5537 mortifera
2688 5487 2883 5550 quanta
2911 5484 3124 5548 peccata
3160 5471 3480 5529 committit?
3503 5470 3613 5523 Ali-

2104 5682 2118 5711 ¹
2149 5679 2283 5734 Editi.
2308 5685 2360 5728 rt
2384 5677 2441 5728 ob
2462 5676 2549 5726 hoc
2582 5690 2738 5726 orare.
2765 5675 3010 5732 Particula,
3034 5675 3110 5735 ob,
3136 5690 3227 5725 non
3256 5683 3328 5727 est
3353 5676 3399 5726 in
3425 5680 3530 5721 Mss.

2103 5745 2119 5771 ²
2148 5740 2347 5791 \iclioris
2367 5748 2489 5790 noue
2509 5747 2636 5796 Mss.
2661 5751 2690 5790 α
2714 5737 3104 5791 consolationiqu
3129 5737 3584 5791 ruat/tentaticm'um.
