3954 6186
1596 229 1661 242 ρο-

339 378 444 436 385

338 490 552 559 quando
587 487 731 549 talia,
774 482 967 554 quibus
1020 479 1180 531 homo
1221 475 1293 530 ab
1339 476 1492 531 altari
1522 477 1814 541 separetur.

340 585 479 638 illam
506 579 729 651 pertinet
757 573 1003 628 materies
1015 566 1455 638 blasphemiarum
1474 581 1486 617 :
1508 571 1560 618 et
1587 562 1746 617 multa
1768 559 1925 651 etiam

342 638 523 727 iurtniti
563 670 832 730 dicuntur,
880 678 1003 735 qua:
1048 660 1116 717 ad
1143 675 1254 715 rem
1300 670 1406 712 non
1458 650 1742 727 pertinent.
1788 638 1927 706 Nihil

343 763 464 815 mali
499 759 653 815 faciat
683 770 900 818 manus;
932 770 1035 806 non
1060 757 1239 807 currat
1264 754 1361 819 pe’s
1409 747 1474 801 ad
1524 743 1725 814 aliquid
1768 742 1924 806 mali;

348 870 455 909 nou
483 852 739 920 dirigatur
764 848 952 902 oculus
980 847 1032 900 in
1065 843 1367 905 lasciviam;
1407 855 1509 893 non
1529 837 1673 893 auris
1704 835 1928 889 libenter

345 952 524 1013 pateat
558 939 903 1010 turpitudini;
937 953 1041 991 non
1090 940 1365 987 moveatur
1404 928 1580 1001 lingua
1626 926 1693 982 ad
1718 926 1767 981 id
1790 924 1929 997 quod

346 1048 450 1090 non
482 1034 636 1090 decet
663 1051 678 1085 :
703 1030 806 1093 die,
839 1028 1185 1098 cogitationes
1212 1024 1330 1094 quis
1362 1021 1540 1077 tenet?

413 1126 640 1184 CAPUT
680 1125 769 1179 lX.
798 1152 868 1162 -—-
889 1121 1101 1175 Fratres
1122 1118 1247 1181 mei,
1280 1117 1586 1185 plerumque
1608 1124 1820 1165 oramus
1840 1148 1855 1172 ,
1879 1115 1935 1161 et

344 1220 557 1276 aliimde
585 1218 896 1286 cogitamus,
959 1212 1105 1282 quasi
1153 1208 1301 1263 Ollllll
1351 1213 1474 1261 ante
1511 1217 1667 1273 quem
1707 1211 1929 1265 stenms,

346 1325 432 1365 aut
466 1319 591 1366 aute
610 1323 765 1376 quem
792 1305 942 1374 proni
968 1301 1258 1373 jaceatutts.
1287 1298 1387 1352 Ista
1413 1295 1588 1350 omnia
1611 1294 1652 1348 si
1684 1292 1933 1362 colligan-

348 1414 427 1458 tur
456 1412 639 1458 contm
670 1414 787 1463 nos,
833 1412 957 1452 num
997 1394 1117 1449 ideo
1143 1409 1247 1447 non
1280 1397 1541 1461 premunt,
1584 1386 1705 1457 quia
1730 1384 1933 1437 minuta

346 1495 507 1548 sunt?
533 1491 672 1562 Quid
714 1491 957 1554 interest,
1000 1494 1175 1541 utrum
1205 1496 1255 1538 te
1296 1479 1566 1553 plumbmu
1610 1485 1834 1548 premat,
1865 1490 1932 1529 an

346 1588 548 1643 arena?
575 1584 852 1641 Plumbam
882 1599 981 1637 una
1011 1595 1185 1634 massa
1210 1587 1310 1641 cst,
1352 1588 1511 1630 arena
1542 1574 1740 1627 minuta
1768 1580 1933 1639 grana

349 1688 494 1742 sura,
540 1677 633 1731 sed
665 1674 817 1744 copia
866 1683 916 1727 te
961 1676 1226 1741 premunt.
1279 1664 1474 1721 Minuta
1509 1670 1632 1717 sunt
1685 1668 1932 1731 peccata:

351 1784 455 1823 non
484 1766 630 1823 vides
671 1766 736 1819 de
770 1764 931 1833 guttis
959 1760 1176 1815 minutis
1219 1757 1435 1812 ﬂumina
1481 1750 1708 1823 impleri,
1739 1759 1792 1805 et
1818 1749 1937 1803 fun-

354 1862 452 1915 dus
482 1858 663 1914 trahi?
693 1857 889 1912 Minuta
908 1863 1052 1918 sunt,
1082 1851 1174 1906 scd
1206 1851 1368 1905 multa
1397 1856 1538 1903 sunt.

368 1980 373 1987 -
423 1951 512 2006 i5.
556 1948 770 2002 Pactum
817 1942 1039 1999 donandi
1084 1942 1267 1996 debita.
1318 1937 1563 2007 Quotidie
1604 1946 1744 2005 ‘ergo
1794 1932 1937 1986 dira-

352 2055 505 2105 mns;
535 2047 588 2094 et
613 2037 774 2094 corde
799 2050 928 2091 vero
954 2032 1220 2098 dicamus,
1252 2039 1306 2086 et
1336 2028 1477 2100 quod
1514 2026 1737 2082 dicimus
1775 2023 1937 2078 facia-

354 2146 473 2185 mus
497 2147 511 2183 :
545 2128 755 2183 Dimitte
780 2126 921 2180 nobis
955 2124 1116 2178 debita
1143 2133 1315 2176 nostra
1335 2163 1348 2185 ,
1381 2109 1517 2174 sicut
1534 2128 1577 2172 et
1607 2132 1698 2171 nos
1726 2114 1937 2169 dimitti-

353 2238 465 2276 mus
523 2217 829 2275 debitoribus
891 2215 1095 2270 nostris.
1148 2212 1499 2284 Spousioncm
1551 2208 1773 2262 facimus
1819 2220 1939 2260 cum

355 2313 487 2377 Deo,
518 2320 731 2380 pactum
754 2318 804 2364 et
835 2306 1105 2378 placitum.
1130 2304 1241 2359 Hoc
1266 2303 1356 2358 tibi
1379 2301 1506 2357 dicit
1528 2299 1781 2353 Dominus
1805 2297 1942 2352 Deus

356 2414 479 2460 tuus
503 2422 516 2459 :
544 2404 782 2467 Dimitte,
806 2409 862 2456 et
876 2398 1115 2454 dimitto.
1145 2396 1257 2452 Non
1286 2394 1531 2450 dimisisti
1562 2411 1574 2446 :
1607 2403 1660 2446 tu
1680 2401 1862 2447 contra
1892 2400 1943 2446 te

357 2507 542 2562 tenes,
570 2510 676 2550 non
707 2504 823 2564 ego.
860 2490 1028 2554 Sane,
1062 2488 1361 2545 charissimi
1393 2486 1485 2541 lilii
1517 2483 1618 2538 mei
1640 2526 1654 2548 ,
1692 2482 1941 2554 quoniam

357 2588 471 2645 scio
508 2586 632 2656 quid
673 2585 823 2638 vobis
865 2579 1113 2651 expediat
1156 2580 1207 2632 in
1242 2576 1499 2632 oratione
1547 2572 1845 2634 dominica,
1891 2580 1944 2626 et

362 2677 593 2733 nissime
622 2675 676 2729 in
705 2683 812 2728 tota
839 2671 1084 2726 oratione
1105 2670 1205 2723 ista
1242 2666 1505 2722 sententia
1526 2706 1538 2726 .
1572 2662 1781 2717 Dimitte
1804 2662 1945 2717 nobis

364 2766 530 2823 dubita
545 2776 739 2831 tmstra,
763 2765 890 2818 sicut
906 2772 955 2816 et
975 2778 1066 2816 uos
1087 2758 1387 2813 dimittimus
1406 2754 1708 2809 debitoribus
1728 2753 1910 2807 nostris
1927 2768 1945 2805 :

363 2858 543 2915 audite
573 2872 680 2910 me.
704 2851 1015 2923 Baptizaudi
1036 2851 1185 2916 estis,
1209 2848 1384 2903 onmia
1406 2846 1655 2902 dimittite
1680 2864 1692 2898 :
1724 2845 1946 2914 quisque

362 2947 503 3019 quod
534 2946 695 3001 habet
721 2944 978 2998 adversus
1005 2941 1234 3011 aliquem
1270 2938 1325 2992 in
1360 2936 1525 2992 corde
1550 2949 1678 2999 suo,
1718 2934 1949 2990 diminat

363 3054 429 3097 es
452 3034 779 3093 corde..8ic-
806 3034 1032 3098 intrate,
1063 3028 1277 3085 etscerti
1302 3035 1474 3083 estote
1511 3025 1689 3098 munia
1728 3038 1949 3095 prorsus

363 3129 521 3185 vobis
568 3127 767 3184 dimitti
813 3141 931 3195 quae
982 3121 1360 3183 contraxistis,
1417 3128 1473 3174 et
1512 3132 1585 3173 ex
1636 3112 1949 3188 parentibus

367 3220 635 3281 nascendo
662 3217 977 3275 secundum
1019 3214 1190 3275 Adam
1234 3228 1358 3268 cum
1404 3210 1646 3281 originali
1698 3218 1947 3280 peccato,

370 3322 586 3384 propter
609 3312 749 3381 quid
781 3318 1054 3380 peceatum
1083 3321 1204 3362 cum
1233 3304 1465 3374 parvulis
1490 3302 1703 3357 curritis
1729 3302 1799 3355 ad
1826 3318 1950 3371 gra-

367 3408 493 3467 tiam
512 3404 825 3468 Saixatoris,
851 3412 905 3458 et
925 3399 1183 3471 quidquid
1207 3396 1432 3452 visendo
1451 3394 1748 3457 addidistis,
1775 3395 1948 3460 dictis,

368 3499 553 3561 factis,
580 3491 1021 3566 cositatiunibus,
1053 3490 1229 3544 omnia
1258 3488 1638 3543 dimittuntur:
1664 3496 1720 3540 et
1743 3486 1953 3540 exibitis

369 3591 491 3647 inde
514 3599 818 3658 tanquatuva
846 3590 1136 3652 conspectu
1166 3580 1375 3635 Domini
1405 3578 1586 3645 vestri,
1613 3590 1734 3632 cum
1755 3577 1956 3632 securi.

369 3690 476 3736 tate
504 3680 742 3737 omnium
772 3675 1095 3732 debitorum.
1456 3706 1463 3713 .

439 3769 663 3829 CAPUT
702 3767 772 3825 Χ.
800 3796 874 3810 ι-
899 3767 986 3822 14.
1021 3763 1273 3819 Hortatur
1295 3763 1362 3816 ad
1387 3762 1703 3816 dilectionem
1720 3759 1963 3812 inimico;

368 3881 501 3919 rum.
552 3862 669 3919 tam
700 3870 918 3931 propter
959 3860 1046 3914 illa
1083 3856 1393 3927 quotidiana
1438 3860 1688 3923 peccata,
1739 3853 1809 3906 de
1831 3851 1965 3921 qui--

370 3956 469 4009 bns
498 3954 707 4015 locutus
724 3966 873 4015 sum,
901 3950 1027 4018 quia
1055 3945 1412 4003 necessarium
1449 3953 1533 3997 est
1557 3942 1705 3996 vobis
1738 3941 1951 4005 dicere,

370 4045 516 4107 velut
539 4042 843 4114 quotidiana
865 4034 1211 4095 mundatione
1239 4036 1361 4098 ista,
1393 4032 1597 4088 Dimitte
1621 4031 1763 4086 nobis
1791 4030 1957 4084 debita

370 4146 564 4200 nostra.
590 4137 718 4192 sicut
742 4144 789 4189 ct
818 4150 910 4190 nos
935 4132 1232 4187 dimittimus
1260 4126 1562 4184 debitoribus
1587 4126 1805 4188 nostris;
1831 4123 1965 4194 quid

372 4228 610 4285 facietis?
655 4227 869 4285 Habetis
913 4225 1191 4279 inimicos:
1222 4222 1367 4290 Quis.
1394 4221 1537 4276 enim
1575 4220 1719 4274 vivat
1762 4218 1814 4272 in
1852 4217 1961 4272 bac

374 4330 515 4375 terra
544 4334 649 4374 non
691 4317 891 4371 habens
919 4313 1234 4368 inimicum?
1265 4310 1524 4366 loteudite
1554 4310 1732 4374 vobis,
1760 4307 1961 4378 diligite

375 4413 516 4468 illos.
541 4410 699 4467 Nullo
726 4408 882 4462 modo
911 4406 1005 4460 tibi
1028 4412 1196 4473 potest
1225 4418 1421 4458 nocere
1440 4403 1667 4457 stevieus
1690 4402 1956 4467 inimicus,

376 4508 634 4568 quantum
682 4497 774 4552 tibi
822 4510 1012 4559 noces,
1062 4494 1110 4546 si
1157 4508 1261 4547 non
1306 4490 1480 4561 diligis
1525 4490 1819 4546 inimicum.
1864 4488 1960 4545 ille

376 4591 521 4647 cuitu
551 4603 747 4644 nocere
774 4595 949 4656 potest
973 4593 1064 4641 aut
1092 4584 1231 4639 villa:
1261 4593 1386 4648 tum,
1411 4592 1502 4636 aut
1522 4583 1699 4651 pecori
1731 4594 1844 4647 tuo,
1871 4592 1963 4640 aut

379 4681 563 4738 domui
590 4690 723 4744 tum,
769 4690 860 4735 aut
887 4691 1044 4734 servo
1074 4686 1183 4742 tuo,
1215 4683 1306 4729 aut
1333 4674 1538 4730 ancillis
1568 4682 1706 4739 tum,
1733 4683 1827 4728 aut
1850 4673 1975 4728 tilio-

379 4784 493 4839 tuo,
532 4780 630 4828 aut
665 4771 876 4841 conjngi
917 4780 1053 4831 tum;
1098 4776 1220 4833 aut,
1260 4775 1319 4821 ut
1355 4766 1611 4830 multum,
1653 4765 1700 4819 si
1740 4764 1813 4819 illi
1841 4763 1961 4818 data

381 4865 542 4925 fuerit
582 4873 853 4935 petasus.
885 4860 1031 4920 carui
1074 4858 1214 4914 tuae?
1252 4856 1546 4928 Numquid,
1575 4854 1844 4926 quomodo
1870 4864 1958 4922 tu,

379 4959 574 5014 anima:
611 4957 753 5012 huc?
797 4953 1077 5015 [incndite
1104 4967 1199 5007 vos
1241 4951 1307 5006 ad
1345 4952 1499 5011 istam
1544 4949 1960 5019 perfectionem,

380 5048 702 5115 charissimi,
734 5046 990 5101 exhortor
1015 5058 1125 5097 vos.
1155 5043 1262 5099 Sed
1294 5041 1546 5112 numquid
1577 5056 1678 5111 ego
1707 5040 1837 5095 illud
1860 5040 1964 5095 do-

383 5143 503 5196 mvi
526 5140 711 5196 vobis?
742 5139 834 5195 Ille
863 5137 1012 5195 vobis
1034 5136 1272 5201 donavit,
1303 5139 1387 5191 cui
1417 5134 1613 5196 dicitis,
1642 5133 1761 5188 Fiat
1790 5134 1967 5188 volun-

381 5243 459 5285 tas
490 5241 601 5298 tu,
629 5231 757 5283 sicut
781 5230 834 5282 iit
853 5229 997 5293 caelo,
1034 5228 1105 5280 ita
1131 5236 1178 5282 et
1204 5228 1257 5281 in
1285 5236 1439 5280 terra.
1462 5225 1667 5283 Tamen
1690 5240 1793 5278 nou
1820 5224 1969 5279 vobis

385 5325 626 5378 videatur
655 5319 982 5390 impossibile
1010 5336 1022 5371 :
1052 5332 1153 5385 ego
1175 5319 1308 5382 scio,
1334 5332 1435 5386 ego
1456 5315 1600 5379 novi,
1629 5331 1727 5385 ego
1749 5315 1967 5384 pmbavi

383 5432 506 5471 esse
529 5415 774 5470 homines
807 5411 1127 5468 christianos
1145 5451 1158 5471 ,
1187 5409 1274 5478 qui
1302 5407 1528 5477 diligunt
1556 5407 1794 5463 inimicos
1818 5423 1965 5461 suos.

384 5506 440 5562 Si
470 5506 617 5560 vobis
645 5502 973 5574 impossibile
996 5502 1165 5555 visum
1194 5498 1375 5562 fuerit,
1403 5514 1513 5554 non
1538 5497 1763 5552 faciatis.
1792 5498 1969 5552 Primo

385 5597 590 5651 (οι-ιηιίιο
616 5609 770 5663 posse
820 5593 931 5648 ﬁeri
959 5611 973 5647 :
999 5603 1050 5646 et
1077 5601 1246 5655 orate,
1272 5597 1328 5643 ιιι
1355 5589 1445 5643 fiat
1471 5588 1521 5643 iu
1551 5587 1699 5643 vobis
1726 5587 1969 5641 voluntas

393 5686 505 5738 Dei.
546 5682 683 5748 Quid
711 5683 852 5736 enim
900 5682 993 5736 tibi
1042 5681 1259 5752 prodest
1296 5681 1493 5736 malum
1532 5679 1731 5735 inimici
1772 5679 1883 5735 tui?
1914 5678 1969 5734 Si

396 5774 594 5830 manu
619 5771 818 5827 nullum
846 5771 1095 5838 haberet,
1128 5788 1226 5827 nec
1255 5771 1498 5828 inimicus
1521 5776 1642 5825 tuus
1675 5781 1835 5825 esset.
1870 5769 1970 5825 llo-

1553 356 1610 412 S.
1653 348 2019 410 AUGUSTI-Nl
2059 346 2355 404 lil’lSCOPl

3516 329 3623 397 εει

2019 462 2161 517 ‘num
2204 461 2278 515 illi
2319 468 2472 529 opta,
2508 454 2651 513 finiat
2681 458 2845 524 mala,
2876 464 2924 511 et
2959 470 3063 511 non
3091 453 3195 511 erit
3229 453 3322 511 tibi
3348 454 3619 509 inimicus.

2034 552 2149 607 Non
2179 552 2318 607 enim
2350 551 2559 604 inimica
2586 557 2665 605 est
2694 545 2787 603 tibi
2814 548 2864 601 in
2893 547 2983 601 illo
3014 556 3198 601 natura
3224 546 3451 605 humana
3474 587 3489 612 ,
3523 549 3619 602 sed

2035 646 2209 713 culpa.
2249 642 2514 713 Numquid
2559 640 2680 695 ideo
2708 639 2798 694 tibi
2836 649 2918 694 est
2961 639 3235 706 inimicus,
3281 635 3424 708 quod
3463 636 3622 693 habet

2034 737 2265 792 animam
2291 742 2343 789 et
2371 735 2622 791 carnem?
2648 732 2757 788 Hoc
2783 731 3024 804 estquod
3054 745 3105 786 tu
3133 750 3147 786 :
3175 731 3403 788 animam
3432 729 3624 796 babes,

2034 827 2264 879 animam
2297 822 2491 888 habet;
2524 839 2739 878 carnem
2783 822 2974 886 ῐιςιὴος,
3021 838 3235 877 carnem
3268 821 3447 879 habet.
3480 821 3627 877 Con.

2034 914 2398 971 substantialis
2432 923 2552 969 tuus
2578 923 2657 969 cst
2685 934 2697 968 :
2729 912 2885 968 simili
2927 912 2992 968 de
3023 922 3165 968 terra
3192 912 3320 967 facti
3348 914 3477 968 estis
3508 914 3560 976 ¹;
3596 931 3626 967 a

2039 1007 2262 1062 Domino
2289 1007 2508 1060 animati
2549 1006 2698 1059 estis.
2738 1002 2847 1060 lloc
2876 1012 2954 1058 est
2997 1004 3084 1058 ille
3111 1004 3249 1074 quod
3294 1013 3385 1058 tu:
3416 1008 3628 1072 respice

2037 1096 2253 1150 fratrem
2277 1105 2444 1151 tuum.
2475 1095 2635 1151 Primi
2661 1096 2767 1150 duo
2795 1106 3041 1165 parentes
3065 1090 3422 1160 nostricrant,
3453 1094 3626 1149 Adam

2038 1196 2090 1241 et
2115 1187 2256 1249 Eva;
2292 1186 2378 1241 illc
2405 1197 2573 1256 pater,
2599 1185 2684 1239 illa
2713 1195 2882 1240 mater
2905 1203 2917 1237 :
2949 1201 3075 1255 ergo
3098 1200 3198 1239 nos
3221 1186 3428 1240 fratres.
3455 1185 3630 1241 Omit-

2041 1286 2213 1333 tamus
2233 1279 2489 1348 originem
2516 1279 2737 1348 primam
2763 1295 2776 1331 :
2804 1278 2942 1332 Deus
2964 1288 3130 1346 pater,
3156 1277 3392 1333 Ecclesia
3416 1287 3626 1336 mater:

2039 1382 2166 1438 ergo
2195 1382 2290 1423 nos
2319 1367 2532 1422 fratres.
2560 1366 2665 1423 Sed
2695 1367 2938 1422 inimicus
2966 1381 3119 1422 meus
3140 1367 3378 1438 Pagauus
3400 1379 3503 1431 est.
3534 1368 3630 1424 Ju~

2039 1458 2185 1514 datus
2212 1468 2314 1526 est,
2335 1459 2618 1515 hzereticus
2638 1469 2749 1522 est;
2776 1468 2831 1514 et
2851 1459 2989 1514 unde
3011 1459 3319 1529 jamdudum
3347 1461 3479 1528 dixi,
3507 1459 3631 1518 Fiat

2040 1551 2268 1604 voluntas
2293 1561 2410 1617 tua,
2440 1551 2565 1605 sicut
2600 1552 2650 1605 in
2679 1550 2823 1620 cazlo,
2857 1551 2928 1605 ita
2954 1562 3001 1606 et
3029 1554 3081 1606 in
3108 1562 3261 1606 terra.
3283 1552 3329 1608 Ο
3357 1553 3626 1618 Ecclesia,

2042 1642 2287 1696 inimicus
2314 1650 2433 1696 tuus
2458 1651 2541 1696 cst
2565 1641 2802 1712 Daganus
2821 1685 2836 1707 ,
2866 1642 3103 1710 Iuda-us,
3134 1641 3453 1698 haereticus:
3486 1654 3629 1701 terra

2041 1741 2142 1787 est.
2173 1730 2228 1787 Si
2259 1734 2452 1787 cmlum
2480 1744 2537 1787 es
2557 1775 2572 1799 ,
2604 1733 2790 1788 invoca
2817 1734 3029 1788 Patrem
3055 1734 3145 1804 qui
3169 1743 3253 1789 est
3281 1736 3330 1789 iu
3360 1736 3509 1793 oculis
3528 1778 3545 1803 ,
3573 1747 3627 1794 et

2042 1838 2139 1892 pro
2168 1824 2394 1878 inimicis
2422 1824 2524 1879 tuis
2569 1840 2698 1880 ora:
2729 1826 2853 1896 quia
2895 1833 2949 1880 et
2990 1826 3181 1891 Saulus
3221 1818 3466 1882 inimicus
3509 1838 3627 1884 erat

2044 1913 2328 1981 Ecclesiae;
2360 1914 2438 1971 sic
2463 1925 2670 1971 oratmn
2705 1927 2785 1972 est
2816 1931 2912 1987 pro
2939 1917 3049 1985 illo,
3081 1918 3246 1972 lactus
3286 1927 3368 1972 est
3394 1920 3624 1974 amicus.

2042 2005 2156 2061 Non
2192 2007 2362 2062 Solum
2399 2006 2599 2062 destitit
2633 2022 2751 2063 esse
2786 2019 3124 2079 persecutor,
3156 2008 3252 2064 sed
3282 2009 3544 2065 laboravit
3570 2020 3633 2066 ut

2043 2106 2185 2153 esset
2208 2097 2438 2166 adiutor.
2467 2098 2535 2152 Et
2557 2099 2599 2152 si
2628 2115 2809 2152 verum
2835 2114 3072 2169 quaeras,
3105 2109 3312 2154 oratum
3339 2110 3421 2157 est
3443 2112 3633 2161 contra

2046 2188 2191 2244 illum
2218 2206 2233 2243 :
2261 2189 2352 2243 sed
2379 2197 2560 2243 contra
2586 2189 2700 2258 ejus
2727 2190 3004 2256 malitiam,
3037 2206 3141 2244 non
3166 2199 3425 2245 naturam.
3450 2190 3554 2246 Ora
3575 2201 3630 2270 ct

2048 2288 2102 2334 tu
2128 2290 2313 2334 contra
2355 2281 2606 2334 malitiam
2650 2280 2848 2335 inimici
2882 2282 2955 2336 tui
2983 2299 2994 2334 :
3026 2282 3111 2335 illa
3141 2286 3417 2348 moriatur,
3459 2290 3515 2338 et
3543 2283 3631 2337 ille

2049 2371 2206 2426 vivat.
2249 2371 2303 2427 Si
2350 2374 2490 2426 enim
2532 2382 2773 2427 mortuus
2814 2370 2972 2440 fug-it
3002 2373 3245 2430 inimicus
3286 2383 3436 2443 tuus,
3476 2377 3632 2447 quasi

2047 2462 2263 2517 inimico
2291 2464 2527 2528 caruisti,
2560 2463 2653 2517 sed
2682 2479 2779 2520 nec
2803 2465 3033 2520 amicum
3060 2466 3327 2520 invenisti.
3360 2467 3415 2522 Si
3445 2476 3633 2525 autem

2048 2566 2255 2607 mortua
2298 2553 2455 2609 fuerit
2495 2554 2696 2609 malitia
2724 2556 2838 2626 ejus
2865 2574 2877 2610 :
2909 2568 2962 2612 et
2989 2557 3263 2613 inimicum
3282 2558 3512 2614 amisisti
3533 2602 3547 2625 ,
3578 2568 3636 2615 et

2048 2646 2274 2702 alniCum
2304 2647 2571 2702 invenisti.

2119 2731 2344 2791 CAPUT
2381 2735 2473 2790 XI.
2501 2765 2572 2776 —-
2597 2736 2682 2791 l5.
2714 2735 2956 2792 Inimicos
2982 2738 3192 2811 diligere
3217 2757 3492 2811 paucorum
3528 2753 3636 2810 est,

2050 2827 2139 2881 scd
2184 2835 2349 2881 tamen
2396 2827 2458 2882 ab
2505 2828 2733 2883 omnibus
2777 2829 2832 2883 id
2871 2832 3232 2899 prazstottdunt.
3279 2833 3464 2889 Adhuc
3504 2834 3638 2889 dici-

2053 2919 2158 2973 tis:
2187 2918 2314 2985 Quis
2346 2920 2556 2989 potest?
2583 2922 2703 2991 quis
2730 2921 2855 2977 illud
2882 2922 3040 2978 fecit?
3072 2923 3212 2981 Deus
3239 2925 3365 2980 illud
3396 2924 3556 2982 faciat
3582 2927 3634 2985 in

2052 3008 2304 3065 COI‘dibllS
2340 3011 2549 3066 vestris.
2598 3010 2672 3066 Et
2715 3029 2814 3084 ego
2853 3015 2995 3082 scio,
3038 3017 3188 3086 pauci
3230 3017 3358 3073 illud
3401 3017 3642 3085 faciunt,

2057 3103 2234 3173 magni
2259 3112 2382 3158 sunt
2405 3103 2493 3172 qui
2522 3102 2750 3171 faciunt,
2780 3106 3085 3175 Spirituales
3119 3106 3339 3164 faciunt.
3370 3108 3643 3179 Numquid

2055 3193 2186 3248 tales
2216 3204 2336 3248 sunt
2374 3208 2562 3250 omnes
2597 3194 2919 3259 iancclesia
2962 3197 3144 3253 ﬁdeles
3178 3199 3242 3253 ad
3283 3199 3451 3255 altare
3477 3216 3638 3258 accc-

2054 3285 2240 3339 dentes
2263 3326 2276 3350 ,
2304 3299 2497 3355 corpus
2518 3294 2574 3340 et
2592 3287 2902 3356 sanguinem
2926 3286 3125 3343 Christi
3151 3290 3456 3345 smucntes?
3487 3308 3647 3345 num-

2055 3376 2178 3446 quid
2212 3375 2344 3430 tales
2380 3386 2501 3430 sunt
2532 3376 2753 3431 omnes?
2786 3377 2849 3431 Et
2880 3387 3052 3433 tamen
3085 3395 3270 3435 omnes
3296 3381 3511 3446 dicunt,
3546 3382 3645 3436 Di-

2057 3468 2194 3521 mitte
2218 3466 2358 3522 nobis
2388 3468 2553 3522 debita
2574 3479 2766 3536 nostra,
2795 3472 2920 3525 sicut
2948 3481 2994 3525 et
3022 3488 3113 3525 nos
3133 3450 3430 3530 dimittimus
3452 3475 3648 3531 debita-

2056 3559 2197 3613 ribus
2238 3558 2440 3612 nostris.
2474 3559 2528 3615 Si
2577 3561 2897 3629 respondeat
2936 3563 3039 3617 illis
3083 3562 3265 3620 Deus:
3298 3564 3433 3632 Quid
3480 3584 3507 3621 ιι
3556 3585 3647 3625 me

2059 3649 2236 3719 petitis
2267 3658 2321 3703 ut
2344 3650 2527 3704 faciam
2555 3651 2693 3721 (μιοά
2722 3653 2961 3719 promisi,
2991 3655 3202 3722 quando
3224 3672 3316 3711 vos
3339 3674 3440 3711 non
3473 3657 3649 3725 hellis

2059 3742 2197 3810 quod
2219 3742 2486 3811 prarcepi?
2511 3743 2645 3809 Quid
2674 3745 2929 3821 promisi?
2958 3746 3228 3802 Dimittere
3247 3748 3423 3804 debita
3444 3760 3648 3809 vestra.

2060 3830 2194 3895 Quid
2223 3833 2484 3901 prmerpi?
2508 3832 2575 3889 Ut
2597 3843 2650 3889 et
2671 3851 2762 3890 vos
2783 3835 3062 3892 dimittatis
3083 3837 3409 3897 debitoribus
3431 3846 3645 3900 vestris.

2060 3923 2337 3987 Quomodo
2379 3924 2599 3992 potestis
2629 3924 2732 3980 hoc
2757 3925 2932 3983 facere
2952 3970 2966 3993 ,
2998 3930 3041 3983 si
3074 3944 3178 3984 non
3208 3931 3441 4002 diligatis.
3464 3932 3651 3991 inimi-

2060 4014 2190 4067 cus?
2216 4013 2350 4077 Quid
2390 4024 2519 4083 ergo
2560 4015 2745 4070 facturi
2790 4033 3002 4085 sunms,
3054 4016 3279 4077 fratres?
3322 4023 3400 4078 Ad
3447 4035 3652 4083 tantum

2063 4105 2377 4175 paucitatem
2419 4107 2674 4176 redigitur
2699 4124 2826 4179 grex
2857 4109 3085 4165 Christi?
3113 4110 3167 4167 Si
3196 4113 3295 4167 soli
3341 4115 3414 4169 illi
3451 4115 3653 4174 debent

2061 4197 2240 4252 dicere
2259 4238 2275 4262 ,
2308 4196 2514 4252 Dimitte
2543 4200 2682 4254 nobis
2710 4200 2872 4255 debito
2899 4214 3098 4270 nostra,
3129 4206 3258 4260 sicut
3283 4217 3328 4260 et
3355 4225 3446 4264 uos
3473 4209 3652 4264 dimit-

2064 4288 2212 4342 timus
2238 4288 2539 4346 debitoribus
2567 4293 2750 4346 nostris
2769 4336 2782 4356 ,
2813 4294 2900 4363 qui
2926 4295 3146 4365 diligunt
3169 4297 3438 4362 inimicos;
3466 4301 3651 4358 nescio

2063 4380 2193 4450 quid
2223 4381 2439 4446 faciam,
2471 4383 2651 4437 nescio
2677 4385 2800 4454 quid
2832 4383 3027 4439 dicam.
3060 4387 3305 4443 Dicturus
3331 4391 3473 4451 enim
3499 4393 3653 4448 vobis

2065 4485 2181 4524 sum
2208 4489 2219 4524 :
2250 4473 2309 4527 Si
2336 4488 2440 4527 non
2466 4473 2682 4544 diligitis
2726 4476 2964 4530 inimicos
2997 4488 3200 4531 vestros
3221 4522 3235 4544 ,
3268 4481 3431 4536 nolite
3459 4485 3655 4540 orare?

2065 4563 2178 4618 Non
2206 4564 2413 4621 audeo:
2441 4567 2546 4619 imo
2572 4574 2629 4620 ut
2656 4566 2904 4637 diligatis,
2933 4578 3102 4625 orate.
3136 4569 3238 4627 Sed
3270 4573 3523 4642 nuntqu'd
3551 4588 3655 4630 vo-

2065 4654 2148 4709 bis
2185 4656 2422 4711 dicturus
2457 4672 2571 4711 sunt
2602 4676 2616 4713 :
2646 4656 2701 4714 Si
2733 4675 2835 4713 non
2875 4657 3092 4731 diligiu's
3136 4661 3376 4717 inimicos
3406 4675 3653 4733 vestros,

2066 4749 2228 4803 nolite
2250 4747 2300 4802 in
2322 4750 2561 4804 oratione
2583 4748 2844 4804 dominica
2867 4738 3063 4816 dicere,
3088 4751 3299 4821 Dimitte
3319 4755 3459 4810 nobis
3482 4757 3655 4812 debita

2067 4854 2259 4907 nostra,
2287 4840 2412 4894 sicut
2440 4850 2486 4893 et
2513 4856 2603 4894 uos
2631 4839 2927 4893 dimittimus
2947 4841 3247 4896 debitoribus
3276 4846 3491 4900 nostris?
3517 4845 3656 4903 Puta

2067 4935 2187 5005 quia
2217 4934 2356 5001 dico,
2386 4934 2555 4987 Nolite
2582 4933 2777 4989 dicere.
2807 4933 2860 4989 Si
2891 4949 2996 4988 non
3032 4933 3271 4990 dixeritis
3291 4976 3306 4999 ,
3335 4952 3439 4992 non
3469 4936 3657 4995 dimit-

2070 5037 2294 5082 tuntur:
2336 5028 2379 5081 si
2424 5028 2699 5090 dixeritis,
2745 5038 2799 5082 et
2846 5043 2949 5081 non
2999 5025 3268 5091 feceritis,
3319 5045 3423 5085 non
3465 5029 3656 5087 dimit-

2071 5130 2267 5173 tuntur.
2312 5118 2453 5189 Ergo
2478 5118 2760 5174 dicendum
2791 5128 2871 5173 cst
2910 5126 2964 5173 et
2992 5117 3288 5177 faciendum
3310 5160 3327 5187 ,
3373 5131 3429 5176 ut
3462 5121 3656 5178 dimit-

2073 5219 2262 5265 tantur.

2141 5302 2364 5358 CAPUT
2400 5302 2512 5358 XII.
2553 5334 2624 5344 —
2668 5303 2748 5358 lG.
2808 5301 3022 5360 Inimico
3065 5308 3240 5361 saltent
3283 5307 3465 5377 petenti
3503 5306 3660 5362 detur

2071 5397 2233 5449 ratio.
2281 5394 2444 5449 Video
2490 5395 2685 5466 aliquid
2725 5396 2866 5451 unde
2913 5412 3151 5468 possunt,
3179 5414 3286 5455 non
3336 5399 3657 5468 paucitatem

2072 5484 2432 5548 christianam,
2457 5484 2548 5539 sed
2575 5484 2963 5540 multitudinem
2990 5487 3251 5543 consolari
3278 5505 3290 5541 :
3320 5496 3369 5542 et
3396 5487 3506 5543 seio
3531 5490 3661 5559 quia

2076 5577 2177 5630 huc
2201 5573 2516 5629 desideratis
2544 5575 2746 5629 audire.
2783 5577 3029 5631 Dimittitc
3047 5620 3061 5646 ,
3094 5587 3146 5632 ut
3173 5578 3452 5631 dimittatur
3482 5578 3620 5633 vobis
3639 5618 3658 5645 ,

2074 5667 2317 5722 Christus
2359 5664 2489 5719 dixit
2520 5660 2668 5737 (Luc.
2699 5682 2782 5731 γι,
2811 5666 2920 5739 57).
2958 5670 3012 5722 lit
3046 5684 3136 5724 vos
3178 5669 3227 5723 iu
3263 5667 3501 5724 oratione
3531 5668 3663 5740 quid

2141 5779 2156 5809 ί
2185 5786 2310 5839 355.,
2336 5775 2476 5827 simul
2501 5778 2561 5826 de
2583 5785 2729 5829 terra.
