3922 6192
261 313 353 371 385

259 423 466 480 dicitis?
503 422 651 478 unde
692 423 855 480 modo
892 431 1217 479 tractamus:
1260 422 1467 479 Dimitte
1501 425 1642 479 nobis
1685 425 1852 487 debita

261 526 427 571 nostra
446 556 461 581 ,
490 515 624 569 sicut
653 524 701 569 et
730 532 823 570 nos
861 515 1157 570 dimittimus
1198 514 1502 571 debitoribus
1530 516 1730 572 nostris.
1762 516 1852 573 Sic

259 608 458 662 dimitte
480 648 497 670 ,
530 607 793 671 Domine,
836 606 1102 678 quomodo
1137 605 1474 661 dimittimus.
1529 605 1640 662 line
1674 608 1847 664 dicis:

259 699 343 754 Sic
367 696 611 763 dim'lte,
640 698 832 762 Pater,
872 697 961 767 qui
1001 711 1060 751 es
1098 699 1151 751 iu
1190 696 1375 761 ctelis,
1417 696 1593 752 debila
1632 707 1845 765 nostra,

255 790 521 864 quomodo
561 798 616 845 et
646 806 744 845 nos
782 788 1096 847 dimittimus
1121 787 1449 845 debitoribus
1488 790 1703 844 nostris.
1736 790 1848 845 lloe

253 883 390 938 enim
423 882 603 937 facere
630 881 874 937 debetis:
903 880 1044 951 quod
1077 881 1120 936 si
1150 897 1254 936 non
1283 879 1515 937 feceritis
1536 924 1551 950 ,
1586 882 1842 952 peribitis.

253 973 471 1043 Quando
513 971 764 1027 inimicus
794 971 999 1039 veniam
1043 971 1209 1040 petit,
1255 973 1509 1026 continuo
1546 972 1843 1031 dimittatis.

253 1066 316 1123 Et
343 1068 445 1122 hoc
478 1065 707 1120 multum
736 1063 800 1119 ad
828 1063 955 1131 vos?
979 1063 1199 1120 Multum
1230 1063 1295 1118 ad
1323 1074 1373 1118 te
1400 1073 1537 1130 erat,
1575 1065 1843 1120 inimicum

250 1158 468 1229 diligere
494 1157 808 1212 servientem
833 1174 847 1210 :
879 1155 1104 1210 multum
1131 1163 1215 1211 est
1237 1155 1302 1210 ad
1328 1165 1399 1222 te,
1429 1156 1697 1213 hominem
1727 1158 1844 1212 dili-

250 1268 371 1323 gere
400 1248 831 1321 supplicantem?
867 1248 1002 1317 Quid
1031 1248 1205 1303 dicis?
1229 1248 1521 1317 Steviebat,
1547 1259 1604 1306 et
1628 1251 1839 1308 oderas.

248 1342 454 1399 Mallem
483 1358 583 1398 nec
610 1352 737 1397 tunc
758 1342 998 1413 odisses:
1034 1342 1242 1397 mallem
1269 1351 1394 1398 tunc
1415 1386 1430 1413 ,
1461 1359 1582 1401 cum
1612 1345 1840 1401 szevicu-

249 1448 353 1491 tem
386 1436 678 1507 patereris,
709 1433 989 1490 Dominum
1035 1433 1391 1489 recordarer-is
1420 1434 1705 1500 dicentem,
1735 1435 1841 1489 Pa-

248 1539 339 1594 ter,
369 1528 575 1599 ignosce
597 1526 719 1593 illis,
748 1527 869 1596 quia
898 1525 1120 1579 nesciunt
1139 1525 1261 1596 quid
1289 1526 1483 1597 faciunt
1513 1526 1661 1598 (Luc.
1686 1542 1837 1599 xxm,

246 1622 357 1695 54).
400 1620 514 1676 lloc
548 1636 677 1690 ergo
705 1633 1030 1690 magnopere
1057 1618 1279 1683 vellem,
1326 1627 1384 1672 ut
1424 1619 1582 1675 etiam
1608 1634 1673 1675 eo
1700 1628 1837 1673 teni-

244 1729 394 1784 pore,
423 1728 547 1767 eum
582 1712 635 1765 in
675 1720 725 1766 te
752 1709 1004 1765 saeviebat
1028 1709 1302 1775 inimicus,
1331 1709 1624 1778 respiceres
1650 1709 1836 1766 Domi—

243 1818 367 1857 num
397 1801 569 1863 Deum
595 1811 741 1855 tuum
764 1799 863 1855 ista
885 1798 1171 1855 dicentem.
1199 1798 1302 1854 Sed
1324 1797 1463 1854 forte
1481 1798 1721 1857 dieturus
1741 1816 1830 1854 es:

242 1888 389 1949 Fecit
417 1892 541 1957 ille,
576 1890 670 1946 sed
708 1898 763 1945 ιιι
797 1889 1085 1954 Dominus,
1116 1888 1238 1959 quia
1278 1887 1557 1956 Christus,
1586 1891 1707 1962 quia
1743 1891 1833 1948 Dei

241 1983 438 2048 Filius,
485 1983 611 2053 quia
639 1980 985 2052 Unigenitus,
1028 1981 1150 2052 quia
1182 1979 1412 2035 Verbum
1450 1996 1577 2037 caro
1616 1982 1828 2038 factum.

240 2072 371 2143 Quid
398 2090 504 2145 ego
534 2073 710 2131 malus
738 2083 793 2129 et
819 2070 1077 2129 invalidus
1107 2071 1299 2127 homo?
1324 2071 1378 2126 Si
1408 2072 1630 2126 multum
1657 2083 1737 2127 est
1761 2073 1831 2128 ad

241 2178 286 2222 te
317 2166 589 2223 Dominus
615 2176 767 2231 tuus,
797 2165 1059 2234 cogitetur
1083 2178 1114 2219 a
1136 2173 1194 2219 te
1222 2178 1507 2221 conservus
1536 2174 1676 2223 tuus.
1704 2164 1828 2221 Ste-

240 2258 444 2329 phanus
489 2266 709 2313 sanctus
755 2256 1131 2328 lapidabatur:
1182 2264 1234 2313 et
1283 2254 1420 2310 inter
1449 2255 1651 2327 lapides
1692 2272 1830 2325 genu

240 2354 340 2409 lixo
367 2368 470 2423 pro
509 2350 747 2406 inimicis
775 2348 996 2413 orabat,
1033 2355 1088 2403 ct
1122 2346 1229 2414 ait,
1276 2345 1521 2411 Domine,
1552 2363 1615 2401 ne
1639 2356 1830 2402 statuas

239 2445 333 2500 illis
356 2444 457 2499 hoc
478 2453 750 2513 peccatum
771 2440 903 2511 (Act.
934 2454 1039 2506 vu,
1067 2435 1180 2511 59).
1202 2436 1284 2493 Illi
1306 2436 1507 2508 lapides
1528 2437 1825 2506 mittebant,

239 2551 333 2589 non
359 2534 577 2590 veniam
606 2530 982 2602 postulabant:
1013 2536 1070 2587 et
1090 2529 1177 2584 ille
1198 2542 1295 2599 pro
1315 2528 1392 2581 eis
1414 2526 1617 2582 orabat.
1641 2526 1824 2582 Talem

237 2633 283 2680 te
316 2641 439 2683 esse
466 2624 592 2679 volo
618 2640 631 2677 :
662 2619 890 2681 extende
935 2628 1005 2677 te.
1037 2618 1175 2687 Quid
1218 2618 1384 2672 trahis
1412 2632 1624 2688 semper
1650 2633 1743 2673 eor
1774 2618 1827 2673 in

237 2717 399 2771 terra?
431 2714 609 2781 Audi,
655 2712 879 2767 Sursum
910 2725 1041 2775 eor:
1069 2708 1327 2775 extende,
1367 2706 1525 2778 dilige
1562 2709 1823 2767 inimicos.

234 2810 411 2866 Sinon
442 2818 600 2881 potis
624 2807 848 2879 diligere
873 2805 1200 2871 smvientem,
1231 2803 1393 2874 dilige
1420 2803 1501 2858 vel
1532 2812 1821 2873 petentem.

235 2902 390 2973 Dilige
410 2901 694 2959 hominem
713 2899 804 2971 qui
821 2898 914 2954 tibi
934 2898 1062 2953 dicit
1082 2914 1096 2950 :
1124 2894 1331 2965 Frater,
1350 2896 1587 2967 peccavi,
1611 2895 1825 2966 ignosce

234 2995 373 3051 inibi.
404 2994 563 3049 Tunc
590 2991 636 3048 si
661 3007 769 3048 non
798 2990 1094 3062 ignoveris,
1130 3005 1237 3046 non
1276 2989 1425 3057 dico,
1452 2987 1602 3044 deles
1628 2989 1825 3044 oratio-

233 3102 344 3143 nent
372 3087 445 3143 de
466 3086 636 3143 corde
666 3095 790 3151 tuo;
817 3084 909 3139 sed
941 3082 1204 3139 deleberis
1227 3080 1296 3137 de
1321 3081 1455 3137 libro
1484 3081 1596 3136 Dei.

292 3177 526 3233 CAPUT
568 3175 709 3230 Xlll.
733 3204 806 3215 --
840 3175 922 3228 17.
952 3172 1241 3244 Disciplina
1280 3173 1388 3227 sine
1414 3171 1552 3226 odio.
1604 3169 1822 3224 Inim'co

230 3270 416 3323 veniant
471 3283 673 3341 negans
714 3266 843 3320 nihil
878 3265 976 3335 ipsi
1003 3275 1173 3329 uocet,
1222 3263 1311 3318 sed
1358 3263 1472 3317 sibi.
1530 3262 1585 3318 Si
1642 3272 1819 3318 autem

229 3360 304 3415 vel
332 3370 467 3417 tunc
486 3357 781 3430 ignoveris,
801 3356 883 3411 vel
905 3364 1029 3411 tunc
1049 3372 1113 3410 ex
1137 3354 1297 3409 corde
1319 3354 1583 3419 dimiseris
1604 3354 1817 3409 odium:

230 3449 401 3506 odium
422 3449 552 3505 dieo
580 3446 821 3525 dimittas
845 3461 908 3501 ex
935 3444 1126 3508 corde,
1155 3460 1261 3499 non
1298 3443 1650 3512 di-eiplinnm.
1681 3441 1819 3509 Quid

230 3542 271 3596 si
296 3543 387 3597 ille
428 3542 520 3612 qui
568 3541 700 3610 petit
724 3538 965 3602 veniam.
998 3537 1333 3607 castigandus
1370 3549 1451 3591 est
1490 3550 1518 3588 a
1564 3536 1685 3590 me?
1718 3535 1821 3591 Fac

229 3634 359 3703 quod
404 3634 540 3689 vis:
590 3642 718 3704 puto
762 3632 908 3693 enim
949 3630 1089 3700 quod
1138 3630 1303 3686 lilium
1355 3639 1499 3688 tuum
1548 3628 1721 3698 diligis
1767 3637 1821 3682 et

227 3726 440 3793 quando
468 3724 655 3779 cedis.
691 3723 978 3794 Lacrymas
1010 3720 1308 3791 vapulantis
1335 3735 1440 3774 non
1479 3734 1668 3783 curas;
1697 3721 1819 3789 quia

226 3815 271 3868 ei
300 3815 674 3871 haereditatem
701 3828 909 3869 servas.
935 3812 1046 3883 Ego
1074 3811 1174 3867 hoc
1200 3811 1340 3877 dico,
1373 3820 1429 3864 nt
1454 3808 1521 3865 de
1549 3809 1710 3865 corde
1738 3809 1819 3864 di.

226 3908 403 3963 mittas
431 3907 638 3970 odium,
667 3904 880 3976 quando
903 3921 933 3959 a
965 3916 1016 3962 te.
1040 3905 1247 3960 veniam
1274 3904 1405 3973 petit
1423 3902 1685 3961 inimicus.
1710 3899 1815 3957 Sed

224 4000 357 4055 [orte
383 3998 528 4061 dicis
552 4017 585 4059 ε,
608 3997 878 4067 Mentitur,
911 3996 1081 4066 lingit.
1119 3994 1164 4050 0
1185 3993 1350 4065 inde:
1377 3993 1553 4050 cordis
1585 3993 1744 4048 alieni
1776 3994 1815 4062 ⁸,

222 4091 305 4145 die
339 4091 478 4146 mihi
507 4090 858 4162 cogitationes
884 4089 1050 4161 patris
1091 4088 1198 4154 tui,
1241 4087 1328 4144 die
1367 4087 1496 4145 mihi
1539 4086 1818 4145 hesternas

223 4190 358 4236 tuas.
394 4182 591 4252 Rogat,
626 4181 832 4235 veniam
860 4180 993 4251 petit
1016 4198 1031 4234 :
1063 4178 1273 4235 dimitte
1294 4220 1312 4244 ,
1337 4192 1557 4249 prorsus
1584 4177 1831 4237 dimitte.

220 4271 275 4326 Si
313 4289 430 4328 non
458 4272 761 4337 dimiseris,
801 4287 905 4325 non
947 4269 1021 4324 illi
1060 4284 1257 4335 uoces,
1288 4268 1382 4323 sed
1413 4268 1524 4324 tibi.
1561 4267 1692 4322 Natu
1728 4268 1817 4323 ille

216 4365 316 4419 scit
343 4363 483 4436 quid
506 4370 592 4418 est
618 4362 870 4419 facturus.
897 4361 1012 4417 Non
1040 4361 1119 4416 vis
1142 4370 1199 4415 tu
1222 4361 1503 4439 tdimittere
1527 4374 1817 4417 conservus

218 4468 490 4511 mttsetvo
519 4463 610 4508 tuo
634 4472 647 4507 :
677 4454 774 4508 ibit
801 4453 868 4508 ad
897 4454 1179 4509 Dominum
1211 4464 1465 4516 vestrum,
1498 4463 1550 4506 et
1577 4453 1718 4508 dicet
1741 4453 1812 4520 ei,

219 4547 475 4613 Domine,
504 4546 680 4615 rogavi
706 4561 1029 4601 conservum
1050 4561 1248 4609 meum,
1271 4553 1333 4599 ut
1349 4544 1643 4600 dimitteret
1660 4545 1809 4609 mibi,

217 4644 271 4690 ct
298 4637 485 4691 noluit
521 4636 819 4702 dimittere;
860 4644 921 4690 tu
963 4636 1092 4693 milii
1137 4636 1363 4690 dimitte.
1407 4634 1669 4706 Numquid
1707 4652 1815 4693 non

215 4727 339 4783 licet
370 4727 605 4783 Domino
646 4726 821 4785 debita
865 4727 1106 4782 relaxare
1148 4727 1291 4783 servi
1328 4727 1446 4782 sui?
1477 4726 1570 4784 Ille
1599 4738 1831 4798 accepta,

214 4820 374 4875 venia
403 4834 439 4873 a
467 4818 689 4874 Domino
718 4818 921 4874 recedit
946 4819 1240 4884 absolutus,
1270 4828 1323 4873 tu
1349 4834 1596 4876 remanes
1616 4819 1817 4889 obiiga-

212 4921 319 4967 tus.
367 4911 657 4981 Quomodo
680 4911 979 4983 obligatus?
1006 4911 1297 4967 Venturum
1339 4921 1421 4966 est
1461 4921 1665 4980 tempus
1690 4927 1817 4966 ora-

212 5004 422 5071 tionis,
469 5011 751 5061 venturum
796 5012 877 5059 est
922 5012 980 5059 ut
1005 5003 1185 5069 dicas,
1230 5001 1437 5057 Dimitte
1473 5002 1613 5059 nobis
1650 5002 1817 5058 debiut

208 5103 427 5157 nostra,
458 5093 586 5147 sicut
614 5102 661 5147 et
689 5110 781 5148 nos
820 5094 1117 5149 dimittimus
1147 5093 1450 5148 debitoribus
1474 5095 1657 5148 nostris
1682 5117 1697 5149 .-
1732 5110 1815 5148 re-

209 5184 511 5253 spoadebit
534 5184 625 5240 tibi
654 5184 927 5249 Dominus,
953 5182 1110 5241 Serve
1134 5201 1365 5255 nequam,
1394 5200 1510 5238 cum
1526 5194 1671 5239 tanta
1691 5185 1815 5241 mihi

206 5275 458 5340 deberes,
488 5277 680 5349 rogasti
708 5294 816 5346 me,
852 5287 902 5330 et
927 5276 1095 5333 dimisi
1123 5276 1247 5344 tibi;
1291 5293 1456 5339 nonne
1482 5277 1739 5346 oportebat
1764 5288 1835 5331 et.

209 5377 255 5419 te
293 5368 537 5423 misereri
569 5369 794 5423 conservi
830 5370 932 5432 tui,
968 5368 1176 5423 sicutet
1207 5385 1299 5437 ego
1322 5368 1396 5423 tui
1432 5369 1663 5423 misertus
1699 5387 1815 5424 sum

210 5456 443 5525 litauit.
476 5473 602 5514 xvm
619 5500 635 5524 ,
658 5457 748 5525 52,
776 5458 890 5528 55).
927 5458 1003 5514 De
1031 5457 1316 5529 Evangelia
1342 5467 1473 5514 sunt
1492 5458 1653 5514 verba
1681 5459 1812 5527 is'a,

208 5562 320 5601 non
344 5546 425 5601 de
448 5547 613 5604 corde
637 5563 775 5604 meo.
797 5547 851 5603 Si
873 5557 1051 5603 autem
1077 5557 1291 5619 rogatus
1315 5546 1582 5604 dimiseris
1606 5548 1812 5603 venimti

269 5682 287 5710 ι
318 5687 457 5738 νος,
477 5680 642 5741 alieni,
666 5681 809 5731 abest
830 5695 856 5730 ι
881 5683 1147 5743 petiwilnrs
1166 5687 1273 5731 Mss.
1296 5679 1442 5732 Paulo
1464 5688 1575 5743 post
1596 5680 1712 5743 editi
1732 5682 1814 5743 lia-

206 5742 436 5804 bel-ant,
455 5746 757 5808 mutationes
779 5741 946 5806 {ratiis
964 5744 1034 5795 tui
1047 5758 1065 5808 ;
1100 5746 1177 5793 ubi
1204 5751 1306 5801 iis.
1332 5741 1527 5807 omnes,
1550 5742 1700 5808 putris
1724 5741 1811 5796 tui.

1674 312 1907 371 SERMO
1943 315 2123 372 LVII»

3438 332 3543 391 386

1961 428 2278 500 postulanti,
2306 428 2415 499 jam
2459 439 2610 501 potes
2636 431 2815 491 dicere
2855 433 3150 491 orationem
3195 437 3371 494 istam.
3408 442 3466 497 lit
3501 451 3542 503 si

1956 518 2191 575 nondum
2221 521 2441 577 idoneus
2467 539 2525 578 es
2547 522 2770 595 diligere
2793 526 3124 595 szevientem,
3150 537 3328 587 tamen
3351 546 3520 587 oram

1956 624 2078 665 nem
2128 609 2282 664 istam
2323 621 2474 681 potes
2505 613 2715 677 dicere,
2753 613 2960 670 Dimitte
2992 617 3132 670 nobis
3158 619 3324 674 debita
3354 639 3511 676 ιιοπιιι
3542 670 3554 687 ,

1952 699 2080 754 sicut
2105 711 2149 753 et
2174 718 2266 756 nos
2295 702 2592 759 dimittimus
2618 705 2922 762 debitoribus
2948 709 3157 763 nostris.
3186 711 3553 771 Transeamus

1952 789 2019 844 ad
2042 791 2265 861 reliqua.

2025 883 2112 939 18.
2146 882 2305 939 Sexta
2336 885 2527 957 petitio.
2557 916 2630 927 -—
2656 885 2721 940 Et
2747 903 2810 941 ne
2847 903 2939 942 nos
2981 889 3169 961 inferas
3211 892 3265 946 in
3306 899 3536 947 tcntnno.

1952 990 2087 1028 nem.
2122 973 2333 1028 Dimitte
2358 977 2499 1031 nobis
2526 977 2690 1032 debita
2730 988 2920 1046 nostra,
2952 984 3081 1035 sicut
3119 993 3165 1037 et
3190 1001 3282 1038 nos
3323 986 3537 1038 dimitti-

1951 1081 2062 1119 mus
2086 1064 2391 1123 debitoribus
2415 1069 3133 1139 nostris.propter:praeterita
3166 1083 3378 1142 peccata
3409 1074 3535 1129 diri-

1950 1170 2101 1220 mus,
2134 1172 2253 1225 qua:
2285 1172 2391 1211 non
2432 1173 2716 1227 possumus
2757 1160 2965 1225 facere,
2997 1171 3053 1215 ut
3094 1164 3224 1216 facta
3268 1179 3374 1221 non
3405 1166 3530 1219 sint.

1950 1246 2108 1302 Potes
2136 1263 2293 1319 agere
2319 1290 2333 1314 ,
2366 1257 2422 1302 ut
2464 1265 2567 1307 non
2617 1250 2777 1305 facias
2805 1252 2944 1321 quod
2990 1253 3155 1306 fecisti
3188 1272 3201 1307 :
3233 1255 3357 1326 quid
3386 1256 3520 1322 anis,

1951 1349 2008 1395 ut
2035 1357 2138 1394 non
2173 1342 2241 1395 sit
2274 1340 2467 1397 factum
2498 1342 2637 1411 quod
2668 1341 2880 1415 fecisti?
2915 1344 3137 1413 Propter
3166 1346 3251 1400 illa
3280 1362 3396 1416 qua:
3422 1347 3530 1416 jam

1948 1430 2085 1487 iacta
2130 1440 2273 1491 sunt.
2323 1432 2420 1501 ista
2478 1433 2569 1486 tibi
2622 1434 2885 1488 sententia
2935 1436 3190 1489 orationis
3235 1437 3527 1493 subvenit:

1948 1521 2157 1576 Dimitte
2200 1523 2344 1576 nobis
2392 1523 2555 1578 dcbitu
2598 1536 2801 1589 nostra,
2850 1527 2976 1579 sicut
3017 1537 3064 1580 et
3109 1544 3200 1582 nos
3234 1528 3529 1589 dimittimus

1943 1616 2249 1671 debitoribus
2277 1619 2480 1670 uostris.
2506 1618 2730 1687 PrOpter
2760 1618 2846 1673 illa
2874 1619 2925 1671 in
2954 1635 3071 1688 qum
3095 1631 3244 1689 potes
3270 1616 3525 1690 incidere,

1942 1705 2068 1776 quid
2102 1704 2306 1762 facies?
2337 1705 2419 1761 Ne
2447 1724 2537 1763 nos
2566 1708 2753 1779 inferas
2787 1709 2836 1761 in
2868 1709 3226 1775 Mutationem;
3254 1712 3342 1764 sed
3369 1711 3525 1767 libera

1942 1814 2032 1853 nos
2059 1814 2090 1866 ᾳ
2123 1799 2280 1853 malo.
2311 1797 2393 1851 Ne
2431 1816 2520 1852 nos
2551 1799 2741 1870 inferas
2770 1800 2821 1852 iu
2853 1801 3219 1866 tentationem;
3254 1800 3344 1859 sed
3368 1802 3526 1859 libera

1941 1905 2033 1943 nos
2062 1905 2092 1941 α
2118 1890 2293 1954 malo;
2325 1888 2425 1944 hoc
2455 1899 2557 1952 est.
2587 1892 2655 1943 ab
2685 1890 2798 1959 ipsa
2830 1891 3141 1947 tentatione.

2009 1976 2232 2034 CAPUT
2263 1978 2403 2035 XIV.
2431 2009 2491 2022 -—-
2530 1980 2614 2033 l9.
2651 1979 2929 2039 Petitiones
2959 1992 3056 2036 tros
3080 1991 3323 2055 teterrima
3348 1984 3519 2049 ouant,

1937 2078 1982 2123 et
2029 2080 2128 2124 tres
2166 2071 2320 2141 hujus
2364 2072 2476 2125 vita:
2534 2071 2845 2129 necessitates
2903 2072 3198 2140 respiciunt.
3258 2073 3325 2127 Et
3366 2085 3522 2130 erunt

1937 2160 2225 2231 petitiones
2252 2160 2357 2217 illa:
2386 2171 2514 2227 tres,
2546 2158 2903 2230 Sauciiﬁcctur
2941 2178 3117 2216 nomen
3146 2172 3309 2219 tuum.
3346 2162 3522 2217 Veniat

1934 2266 2144 2320 regnum
2172 2260 2333 2315 tuum,
2368 2248 2485 2303 Fiut
2536 2249 2765 2304 voluntas
2812 2261 2899 2303 tua
2920 2290 2936 2317 ,
2968 2233 3108 2306 sicut
3149 2253 3202 2307 in
3242 2254 3366 2315 celo
3392 2264 3437 2309 et
3465 2255 3519 2308 in

1937 2349 2073 2395 terra
2096 2355 2115 2393 :
2146 2348 2256 2396 tres
2280 2341 2396 2396 ista:
2426 2339 2708 2411 petitiones
2734 2351 2857 2399 sunt
2886 2350 3101 2411 propter
3129 2342 3289 2403 vitam
3326 2343 3509 2403 buma-

1933 2444 2055 2486 nam
2096 2428 2196 2506 (ιι).
2238 2430 2464 2501 Semper
2498 2432 2643 2487 enim
2682 2432 3064 2501 sanctiﬁcatum
3094 2432 3148 2487 in
3179 2434 3330 2493 nobis
3358 2435 3519 2492 debet

1930 2535 2051 2579 esse
2071 2536 2266 2577 nomen
2304 2521 2418 2586 Dei,
2453 2536 2666 2591 seniper
2687 2521 2741 2576 in
2773 2538 2936 2592 regno
2954 2522 3073 2591 ejus
3097 2539 3215 2579 esse
3235 2523 3514 2592 debemus,

1934 2625 2149 2681 semper
2194 2612 2522 2669 voluntatem
2557 2612 2697 2682 .ejus
2743 2612 2922 2675 facere
2977 2613 3257 2673 debemus.
3309 2616 3425 2673 llue
3463 2619 3515 2672 in

1935 2710 2192 2758 adoreum
2220 2703 2345 2757 erit.
2392 2701 2551 2758 Panis
2592 2703 2934 2773 quotidianus
2974 2703 3134 2758 modo
3159 2713 3241 2775 est
3265 2720 3514 2763 necessa-

1933 2793 2068 2848 rius.
2096 2793 2213 2849 iam
2257 2794 2325 2847 ab
2371 2793 2473 2853 hoc
2511 2794 2736 2863 articulo
2776 2803 2969 2853 cetera
3000 2810 3131 2866 quin
3173 2811 3408 2861 «uanius,
3446 2797 3516 2854 ad

1931 2886 2211 2953 prmsentis
2261 2884 2385 2939 vice
2432 2886 2804 2951 necessitatem
2853 2885 3138 2955 pertinent.
3183 2887 3340 2943 l‘anis
3384 2904 3516 2959 quae

1930 2976 2158 3033 tidianus
2201 2978 2255 3030 in
2292 2976 2389 3031 hac
2413 2975 2520 3031 vita
2556 2977 2889 3032 necessarius
2935 2987 3050 3045 est;
3097 2977 3289 3033 dimitti
3335 2979 3513 3039 debita

1929 3075 2110 3125 nostra
2156 3067 2207 3121 in
2260 3067 2361 3122 hac
2395 3067 2499 3143 vita
2545 3067 2907 3124 neceSSarium
2955 3079 3056 3124 est.
3103 3069 3235 3125 Nam
3278 3086 3399 3127 cum
3444 3072 3511 3131 ad

1927 3158 2071 3215 illam
2103 3159 2399 3227 veniemus,
2427 3159 2602 3216 debita
2636 3160 2867 3215 (inimus.
2893 3160 2950 3216 In
2991 3162 3090 3217 bac
3116 3171 3257 3218 terra
3290 3167 3512 3221 tentatio

1929 3258 2029 3316 est,
2062 3250 2114 3305 in
2145 3251 2244 3307 liae
2287 3260 2427 3307 terra
2467 3252 2766 3325 periculose
2790 3253 3102 3324 navigatur,
3131 3256 3185 3310 in
3233 3255 3332 3311 bac
3371 3266 3512 3313 terra

1928 3357 2024 3412 per
2054 3344 2213 3399 rimas
2242 3344 2583 3416 fragilitatum
2614 3347 2875 3403 subiturat
2898 3346 3119 3416 aliquid,
3149 3347 3291 3417 quod
3319 3347 3515 3404 debeat

1926 3439 2203 3497 seminari.
2231 3440 2365 3503 Cum
2391 3450 2567 3495 autem
2598 3439 2721 3499 facti
2750 3440 3004 3497 fuerimus
3028 3441 3260 3509 :eqnales
3287 3441 3507 3510 Angelis

1928 3529 2054 3595 Dei,
2090 3530 2230 3586 absit
2277 3541 2335 3584 ut
2381 3531 2654 3597 dicamus,
2679 3531 2819 3587 absit
2859 3538 2916 3584 ut
2959 3545 3206 3599 rogemus
3235 3531 3420 3596 Deum,
3448 3540 3512 3587 ut

1924 3620 2152 3676 dimittat
2196 3621 2376 3685 debita
2424 3635 2628 3689 nostra,
2674 3639 2796 3692 qua:
2839 3623 2981 3677 nulla
3024 3632 3201 3678 erunt.
3246 3624 3342 3681 ille
3376 3642 3507 3696 ergo

1928 3714 2078 3783 panis
2106 3713 2466 3784 quotidianus,
2499 3715 2585 3771 hie
2630 3724 2685 3768 ut
2732 3713 2907 3769 debita
2952 3714 3303 3779 dimittantur,
3332 3715 3508 3775 llic-nt

1926 3820 2030 3858 non
2062 3805 2322 3860 intremus
2370 3806 2429 3861 in
2457 3806 2839 3884 Mutationem;
2871 3805 2995 3876 quia
3040 3807 3090 3860 in
3131 3806 3217 3861 illa
3246 3809 3356 3863 vita
3385 3817 3506 3863 ten-

1925 3896 2053 3950 tatio
2092 3913 2197 3950 non
2245 3897 2453 3953 intrat):
2488 3896 2575 3951 hie
2608 3907 2667 3952 ut
2707 3897 2994 3953 liberemur
3021 3913 3050 3950 a
3080 3899 3259 3962 malo;
3296 3899 3421 3969 quia
3449 3900 3507 3956 in

1922 3987 2009 4047 illa
2050 3988 2155 4042 vita
2206 3989 2404 4043 malum
2452 3988 2692 4055 nullum,
2738 3987 2835 4044 sed
2878 3988 3075 4045 bonum
3122 3991 3503 4060 seuqitemum

1922 4076 2276 4146 permanebit.
2762 4132 2765 4135 Α

2419 4165 2646 4225 εειιιιο
2685 4165 2817 4222 Lvn
2852 4171 2866 4189 ο
2906 4168 3005 4237 (b).

1921 4254 2145 4310 Rursum
2171 4257 2222 4311 in
2251 4254 2479 4313 Mattluui
2503 4266 2653 4326 caput
2678 4272 2761 4322 vt,
2789 4258 2822 4313 9
2852 4258 2949 4323 i5,
2975 4260 3039 4311 de
3071 4261 3297 4317 oratione
3321 4260 3498 4316 Domi-

2400 4348 2538 4413 nica,
2567 4347 2636 4401 ad
2666 4347 3028 4418 Compcteutes.

1986 4457 2221 4514 CAPUT
2249 4459 2666 4516 ιιιιιιιιιιιρ-ι.
2700 4460 3003 4533 Symbolum
3024 4463 3182 4531 prius,
3203 4460 3308 4517 tum
3324 4463 3505 4523 Oratio

1921 4550 2193 4605 tradenda.
2231 4550 2487 4608 Ordo-est
2519 4552 2886 4607 :nllillestiouis
2932 4565 3152 4619 vestae,
3191 4566 3247 4608 ut
3284 4558 3504 4613 diseatis

1924 4640 2070 4710 prius
2099 4640 2225 4711 quid
2253 4641 2480 4697 credatis
2500 4682 2516 4707 ,
2549 4652 2603 4697 et
2629 4654 2810 4712 postea
2839 4642 2963 4712 quid
2996 4646 3204 4713 petatis.
3239 4645 3327 4700 Sic
3354 4648 3501 4701 enim

1920 4734 2050 4789 dicit
2068 4735 2397 4804 Apostolus,
2454 4733 2564 4787 Erit
2593 4750 2615 4788 :
2647 4736 2811 4788 omnis
2853 4733 2941 4803 qui
2984 4735 3282 4790 inrocuscrit
3321 4754 3501 4791 nomen

1925 4822 2148 4888 Domini,
2178 4824 2351 4879 soloin
2397 4825 2511 4879 erit.
2560 4824 2672 4878 lloe
2703 4827 3064 4880 testimonium
3092 4827 3276 4882 beatus
3306 4827 3501 4884 Paulos

1921 4916 2098 4985 [insuit
2126 4915 2194 4971 de
2222 4916 2477 4985 propheta
2508 4933 2522 4968 :
2551 4916 2957 4985 quiapmdieta
2982 4926 3106 4971 sunt
3150 4932 3246 4986 per
3269 4919 3498 4987 primm.

1923 5014 2029 5061 tam
2075 5008 2175 5061 ista
2218 5014 2479 5077 tempora,
2529 5007 2743 5076 quando
2781 5022 2969 5063 omnes
3013 5008 3303 5062 immaturi
3348 5019 3502 5064 erant

1923 5096 2133 5151 Deum:
2181 5094 2285 5161 Qui
2330 5097 2631 5150 insonuerit
2668 5112 2851 5150 natm
2896 5095 3123 5162 Donini,
3170 5098 3339 5152 solius
3384 5101 3500 5155 erit.

1923 5186 2257 5256 Etadjuusit
2299 5204 2313 5242 :
2367 5187 2633 5255 Quomodo
2672 5198 2840 5242 autem
2881 5188 3209 5255 invocabant,
3259 5190 3313 5244 in
3354 5206 3503 5263 quem

1922 5294 2022 5335 non
2044 5278 2362 5337 crediderunt
2377 5281 2402 5332 t
2423 5287 2512 5332 aut
2535 5279 2786 5350 quomodo
2809 5280 3029 5346 credent,
3057 5297 3203 5351 quem
3226 5298 3326 5335 non
3352 5284 3504 5337 audi-

1920 5379 2066 5424 erunt
2083 5370 2109 5423 ἴ
2136 5368 2402 5434 Quotoodo
2428 5381 2601 5426 autem
2619 5370 2848 5436 audiunt,
2888 5372 2998 5425 sine
3028 5372 3333 5442 pra'diconte
3350 5374 3378 5427 ?
3411 5381 3504 5429 «aut

1918 5460 2171 5531 quomodo
2204 5463 2572 5533 medicabitur,
2602 5464 2646 5517 si
2670 5479 2768 5516 non
2804 5463 3070 5517 mittuntur
3102 5462 3262 5534 (loel.
3291 5468 3364 5533 η’,
3395 5467 3504 5537 δὶς
3557 5508 3573 5525 ι

1983 5599 2000 5615 '
2029 5597 2090 5646 ,ιιι
2114 5611 2187 5660 gr.
2214 5611 2253 5646 r.
2282 5596 2415 5647 t‘nm.
2441 5606 2541 5646 t‘ar.
2568 5604 2674 5646 Lor.
2703 5593 3009 5647 emeulatus.

1982 5681 2054 5739 (η)
2088 5687 2246 5739 Forte,
2269 5688 2517 5730 wternum.

1986 5681 2033 5739 (η
2088 5687 2246 5739 Forte,
2269 5688 2517 5730 wternum.

1986 5681 2058 5805 (bi
2091 5741 2230 5793 Alias.
2252 5743 2315 5792 de
2340 5743 2551 5795 Diversis
2564 5743 2615 5795 9.
