3922 6192
385 394 493 448 5'67

393 512 547 564 tiam.
580 522 635 570 ς,
670 502 902 574 iii-lii)?
929 499 1073 555 Missi
1099 506 1224 554 sunt
1246 512 1371 569 ergo
1398 494 1796 568 praedicatores,
1829 507 1967 563 prio-

392 605 703 656 tlicavertmt
727 592 1015 649 Christum.
1047 590 1157 645 illis
1188 586 1595 659 prxdicantibus
1622 585 1795 656 populi
1824 581 1974 636 audi-

390 695 573 752 erunt,
599 680 864 739 audiendo
891 680 1252 747 crediderunt,
1281 678 1547 734 credendo
1573 677 1969 731 invocaverunt.

405 780 522 848 Quia
557 790 684 845 ergo
708 772 1010 830 rectissime
1053 780 1108 826 ct
1151 770 1426 825 verissime
1452 767 1652 822 dictum
1681 775 1784 831 est,
1832 762 1973 829 Quo-

1591 382 1648 435 S.
1690 374 2053 434 AUGUSTiNi
2097 373 2396 429 El’ib‘LOPl

3551 379 3649 435 585

2083 499 2140 544 ut
2177 491 2532 544 sanetilieetur
2560 495 2799 545 sanctum
2841 492 3031 547 nomen
3067 491 3189 562 ejus
3219 494 3397 565 :qnod
3441 512 3648 569 semper

2078 591 2320 636 sanctum
2350 590 2454 646 est,
2487 580 2845 636 smictilicetur
2875 583 2924 636 in
2953 582 3126 637 nobis.

2076 686 2081 689 '
2150 671 2376 728 CAPUT
2409 672 2472 727 Υ.
2498 672 2639 727 -5.
2696 672 2932 728 Secunda
2983 675 3173 745 petitio.
3226 674 3401 731 Veniat
3445 695 3650 749 regnum

2074 774 2242 818 tuum.
2297 766 2567 831 Petaurus,
2616 782 2720 820 non
2751 775 3013 835 petamus,
3045 768 3228 824 venire
3264 769 3440 824 habet.
3492 771 3656 827 liabet

384 870 538 924 modo
589 865 927 931 invocabant,
976 864 1029 917 in
1082 878 1233 934 quem
1279 876 1379 914 non
1433 856 1797 912 crediderunt?
1856 853 1975 907 ideo
2079 858 2291 929 quidem
2344 874 2565 928 regnum
2615 857 2753 912 Deus
2797 859 3199 930 sempiternum.
3248 859 3472 926 Quando
3514 864 3653 918 enim

392 964 534 1027 prius
563 957 822 1013 didicistis
849 954 990 1027 quod
1014 954 1305 1010 crederetis
1337 969 1350 1007 :
1390 950 1545 1005 hodie
1570 946 1828 1004 didicistis
1853 960 1972 999 cum

394 1057 669 1117 invocare,
699 1052 750 1106 in
781 1064 941 1121 quem
968 1047 1288 1104 credidistis.

384 1150 393 1155 “
466 1140 695 1199 CAPUT
741 1139 806 1195 ΙΙ.
840 1169 913 1181 ——
940 1138 995 1192 2.
1047 1136 1214 1192 Filius
1245 1134 1345 1190 Dei
1381 1138 1563 1206 fratres
1594 1147 1714 1186 suos
1748 1142 1840 1183 nos
1874 1138 1980 1183 esse

390 1235 575 1288 voluit.
638 1232 803 1287 Filius
849 1230 941 1285 Dei
988 1227 1244 1283 Dominus
1302 1234 1485 1281 noster
1531 1221 1688 1279 Jesus
1736 1218 1981 1275 Christus

398 1325 582 1379 docuit
623 1337 722 1376 nos
761 1319 1055 1376 orationem
1099 1330 1113 1371 :
1159 1327 1213 1372 et
1264 1331 1386 1372 cum
1434 1314 1504 1370 sit
1547 1313 1660 1383 ipse
1703 1310 1977 1372 Dominus.

395 1416 543 1469 sicut
585 1414 636 1467 in
665 1409 919 1484 Symbolo
966 1407 1246 1478 accepistis
1287 1414 1344 1463 et
1388 1403 1692 1461 reddidistis
1720 1401 1775 1467 ¹,
1817 1399 1984 1454 Filius

406 1505 502 1573 Dei
547 1504 755 1570 unicus,
789 1512 964 1555 tamen
991 1497 1159 1555 noluit
1188 1512 1309 1554 esse
1352 1511 1507 1551 unus.
1554 1493 1751 1551 Unicus
1783 1499 1886 1558 est,
1931 1499 1987 1545 et

398 1604 541 1665 unus
566 1609 684 1650 esse
709 1592 916 1648 noluit:
945 1590 1136 1646 fratres
1162 1589 1361 1644 habere
1385 1588 1629 1658 dignatus
1654 1595 1754 1641 est.
1783 1582 1987 1650 Quibus

400 1688 544 1743 enim
584 1687 746 1748 dicit,
796 1684 997 1750 Dicite,
1046 1682 1202 1737 Pater
1240 1691 1443 1747 noster,
1486 1680 1575 1751 qui
1618 1693 1673 1734 es
1712 1678 1765 1731 in
1804 1675 1988 1732 ccclis.’

403 1779 578 1844 Quem
609 1776 775 1831 voluit
808 1790 838 1828 a
865 1774 1016 1828 nobis
1043 1772 1300 1843 appellari
1329 1771 1540 1826 Patrem
1572 1778 1813 1824 nostrum
1833 1809 1848 1832 ,
1884 1764 1988 1821 nisi

404 1867 620 1922 Patrem
648 1863 842 1919 suum?
871 1861 1133 1928 Numquid
1166 1859 1351 1915 invidit
1380 1858 1575 1915 nobis?
1608 1859 1863 1913 Parentes
1887 1854 1989 1910 ali-

406 1956 621 2029 quando
647 1970 765 2010 cum
792 1952 1078 2024 genuerint
1107 1968 1266 2005 unum
1299 1951 1487 2016 tilium,
1519 1936 1673 2013 duos',
1704 1955 1848 2013 tres;
1879 1947 1990 2017 jam

409 2047 604 2103 timent
644 2057 937 2117 generare,
988 2055 1058 2097 ne
1107 2041 1301 2096 faciant
1344 2040 1477 2094 alios
1515 2037 1837 2093 mendicare.
1884 2034 1990 2090 Sed

409 2137 531 2209 quia
554 2135 677 2191 talis
703 2144 786 2189 est
827 2131 1113 2189 baereditas
1141 2145 1301 2202 quam
1324 2130 1481 2184 nobis
1509 2127 1767 2200 promittit
1786 2169 1801 2192 ,
1832 2141 1991 2197 quam

410 2227 559 2285 multi
591 2226 885 2291 obtineant,
910 2233 963 2279 et
990 2224 1260 2294 angustias
1287 2234 1447 2277 nemo
1501 2220 1763 2291 patiatur;
1789 2218 1910 2274 ideo
1939 2218 1992 2272 in

409 2326 559 2373 suam
586 2317 967 2372 fraternitatem
995 2312 1205 2370 vocavit
1243 2313 1469 2383 populos
1508 2311 1771 2382 gentium,
1801 2317 1856 2365 et
1895 2308 1994 2363 ba-

414 2408 504 2463 bet
538 2407 738 2464 Unicus
780 2404 1200 2459 innumerabiles
1228 2402 1419 2458 fratres
1455 2401 1545 2471 qui
1587 2400 1793 2464 dicant,
1838 2396 1997 2453 Pater

412 2505 584 2550 noster
609 2496 698 2567 qui
725 2511 780 2548 es
805 2495 873 2548 in
894 2494 1051 2548 cretis.
1095 2493 1354 2548 Dixerunt
1383 2492 1481 2545 ista
1507 2491 1595 2561 qui
1632 2490 1844 2544 fuerunt
1872 2497 1996 2544 ante

413 2602 512 2640 nos
539 2600 554 2637 :
587 2584 780 2639 dicturi
806 2591 931 2638 sunt
949 2583 1039 2652 qui
1064 2586 1370 2651 erunt‘post
1399 2592 1519 2634 nos.
1553 2578 1741 2634 Videte
1770 2588 1996 2650 quantos

412 2675 605 2730 fratres
644 2674 836 2728 habeat
867 2672 1070 2730 Unicus
1110 2673 1165 2727 in
1212 2686 1309 2727 sua
1348 2671 1551 2741 gratia,
1594 2669 1997 2725 communicatis

416 2781 537 2821 cum
582 2765 1089 2828 illisbtereditatem,
1122 2778 1220 2834 pro
1247 2762 1441 2834 quibus
1489 2748 1706 2832 pertulit
1744 2772 1992 2816 mortem.

422 2858 759 2913 Habebamus
786 2867 991 2928 patrem
1022 2864 1076 2910 ιιι
1115 2860 1337 2910 matrem
1384 2856 1435 2909 in
1467 2867 1628 2922 terra,
1661 2863 1719 2908 ut
1749 2864 1997 2908 nascere-

416 2963 537 3005 mur
557 2948 626 3004 ad
651 2949 858 3004 labores
878 2957 931 3003 et
956 2958 1183 3003 mortem
1208 2966 1221 3002 :
1249 2947 1547 3002 invenimus
1569 2947 1703 3002 alios
1726 2956 1991 3017 parentes,

422 3040 586 3095 Deum
614 3039 824 3094 Patrem
851 3049 905 3094 et
932 3050 1153 3093 matrem
1184 3037 1500 3104 Ecclesium,
1530 3053 1559 3091 a
1586 3038 1779 3108 quibus
1806 3051 1995 3092 nasca-

414 3144 540 3185 iuur
560 3129 626 3184 ad
654 3130 813 3182 vitam
841 3138 1115 3184 aeternam.
1141 3128 1469 3198 Cogitemus,
1499 3127 1818 3193 charissimi,
1846 3127 1997 3197 cujus

419 3220 512 3275 tilii
555 3234 675 3275 esse
700 3220 961 3289 coepimus
989 3237 1003 3273 :
1030 3230 1087 3275 ct
1124 3220 1203 3275 sic
1242 3220 1501 3286 vivamus,
1533 3220 1800 3289 quomodo
1843 3219 1999 3275 decet

420 3327 517 3368 eos
553 3313 642 3383 qui
689 3311 849 3367 talem
896 3309 1095 3367 habent
1130 3311 1363 3367 Patrem.
1398 3309 1601 3377 Videte,
1630 3311 1750 3382 quia
1777 3310 1999 3367 Creator

418 3412 605 3460 noster
630 3404 883 3473 dignatus
906 3411 989 3458 est
1013 3419 1134 3459 esse
1157 3403 1315 3459 Pater
1339 3412 1542 3459 noster.
1842 3416 1845 3419 λ

434 3522 439 3529 τ
483 3495 710 3553 CAPUT
741 3496 833 3551 lli.
860 3526 930 3536 —
956 3497 1009 3551 ὃ.
1039 3495 1177 3563 Quid
1221 3512 1255 3550 α
1304 3494 1463 3551 Patre
1510 3497 1797 3567 petendum.
1834 3496 1998 3552 Audi-

412 3589 586 3643 vinms
611 3602 769 3657 quem
798 3588 1044 3643 invocare
1071 3588 1382 3654 debeamus,
1413 3603 1515 3658 qua
1545 3602 1640 3659 spe
1670 3588 1997 3645 hmrcditatis

417 3688 639 3733 aeternae
658 3678 869 3733 Patrem
900 3679 953 3732 in
982 3678 1135 3733 cmlis
1166 3676 1361 3732 habere
1385 3679 1645 3747 coepimus
1675 3697 1687 3732 :
1718 3679 1996 3734 audiamus

416 3770 542 3836 quid
589 3769 658 3823 ab
706 3769 799 3824 illo
853 3780 1113 3839 petamus.
1166 3770 1206 3823 Α
1261 3770 1352 3823 tali
1404 3769 1562 3824 Patre
1607 3770 1733 3840 quid
1786 3772 1996 3840 petituri

317 3864 322 3869 ’
418 3860 644 3914 sumus?
678 3858 941 3930 Numquid
982 3875 1089 3913 non
1117 3861 1139 3892 ²
1163 3859 1232 3914 ab
1270 3859 1360 3913 illo
1400 3867 1456 3914 et
1499 3860 1658 3916 hodie
1696 3870 1750 3915 et
1791 3861 1904 3917 beri
1946 3871 2000 3918 et

418 3954 802 4010 nudiustertius
851 3953 1085 4023 pluviam
1126 3952 1395 4021 petimus?
1440 3952 1581 4007 Nihil
1627 3968 1876 4024 magnum
1916 3963 1999 4011 est

419 4046 561 4115 quod
591 4061 620 4099 a
648 4045 741 4099 tali
772 4044 930 4099 Patre
950 4043 1294 4113 qua-siv'nuus
1326 4059 1340 4096 :
1373 4052 1426 4099 et
1453 4052 1631 4099 tamen
1662 4043 1853 4099 videtis
1878 4059 1997 4099 cum

423 4147 622 4205 quanto
646 4136 868 4207 gemitu,
895 4149 1015 4189 cum
1045 4143 1243 4205 quanto
1283 4133 1553 4189 desiderio
1579 4133 1808 4204 pluviam
1847 4143 1999 4205 pcta-

426 4242 564 4290 mus,
587 4241 708 4279 cmn
733 4239 879 4279 mors
900 4225 1134 4289 timetur,
1164 4233 1218 4279 ct
1245 4222 1347 4279 hoc
1372 4224 1587 4279 timetur
1610 4223 1748 4295 quod
1775 4224 2000 4281 evadere

427 4315 602 4369 nullus
631 4322 823 4384 potest.
854 4313 1041 4367 Omnis
1065 4312 1206 4367 enim
1249 4314 1411 4368 homo
1443 4312 1601 4368 citius
1638 4313 1810 4367 serius
1835 4313 1999 4369 mori-

423 4413 575 4458 turus
604 4412 687 4457 est
712 4419 726 4454 :
751 4410 805 4456 et
833 4401 1113 4472 gemimus,
1141 4414 1412 4471 rogamus,-
1433 4402 1773 4470 parturimus,
1798 4404 1999 4460 ciama-

424 4507 542 4549 mus
582 4491 651 4549 ad
698 4493 884 4559 Deum,
918 4499 974 4546 ut
1018 4491 1177 4562 paulo
1215 4491 1390 4547 serius
1434 4494 1748 4550 moriamur.
1792 4494 2001 4562 Quanto

424 4583 594 4654 magis
632 4582 702 4637 ad
744 4582 891 4637 illuni
917 4581 1176 4637 debemus
1202 4581 1434 4637 clamare
1457 4622 1473 4648 ,
1525 4592 1583 4638 ut
1609 4585 1882 4643 veniamus
1910 4588 1999 4644 ubi

422 4688 692 4745 nunquam
721 4671 1049 4728 moriamur!

492 4766 721 4823 canor
756 4766 945 4822 lV.—
987 4764 1254 4822 mm
1303 4766 1492 4838 petitio.
1540 4766 1701 4835 ideo,
1755 4769 2002 4842 Sanctiﬁ-

415 4873 561 4919 crtnr
599 4876 780 4915 nomen
818 4869 990 4926 tum,
1037 4858 1238 4915 dictum
1283 4865 1387 4915 ost.
1435 4858 1545 4915 Hoc
1595 4859 1756 4916 etiam
1800 4861 1869 4917 ab
1908 4862 2001 4919 illo

422 4952 675 5023 petimus,
703 4961 762 5006 ut
796 4951 1157 5007 sanetiilcotur
1179 4965 1372 5006 nomen
1400 4951 1515 5021 ejus
1543 4952 1597 5007 in
1628 4952 1781 5009 nobis
1816 4970 1831 5006 :
1875 4968 2000 5010 nam

422 5059 637 5116 semper
679 5052 766 5100 est
807 5050 1070 5099 sanctum.
1124 5041 1407 5109 Quomodo
1439 5052 1617 5098 autem
1645 5044 2002 5100 sanctiﬁcatur

420 5152 617 5195 nomen
642 5135 767 5206 ejus
801 5134 855 5191 in
885 5133 1062 5200 nobis,
1089 5133 1193 5189 nisi
1234 5134 1363 5188 dum
1411 5149 1509 5189 nos
1544 5133 1711 5189 eflieit
1745 5135 2001 5191 satiatis?

410 5230 532 5284 Nos
556 5227 699 5284 enim
727 5226 921 5281 fuimus
949 5240 1059 5281 non
1085 5225 1293 5292 sancti,
1319 5235 1377 5281 et
1404 5239 1498 5295 per
1522 5238 1717 5281 nomen
1742 5225 1861 5296 ejus
1886 5225 2003 5281 em-

415 5324 594 5377 cimur
618 5320 788 5376 sancti
817 5335 832 5371 :
865 5319 981 5388 ipse
1005 5326 1185 5371 autem
1211 5332 1424 5387 semper
1451 5327 1685 5381 sanctus.
1723 5327 1778 5374 et
1806 5333 2001 5375 nomen

414 5413 588 5479 ipsius
615 5425 828 5481 semper
856 5417 1121 5463 sanctum.
1153 5406 1257 5463 Pro
1286 5408 1442 5462 nobis
1469 5423 1744 5478 rogamus,
1772 5424 1876 5465 non
1902 5424 2000 5480 pro

419 5506 556 5569 lico.
599 5503 716 5560 Non
746 5504 888 5559 enim
927 5502 1063 5557 bene
1109 5509 1356 5571 Optamus
1402 5500 1529 5564 Deo,
1576 5500 1661 5555 cui
1702 5501 1836 5555 nihil
1876 5502 1998 5558 mali

417 5604 599 5666 potest
625 5594 910 5665 aliquando
934 5594 1168 5650 evenire.
1201 5592 1305 5648 Sed
1331 5600 1574 5663 optamus
1604 5591 1755 5647 nobis
1780 5594 1995 5660 bonum,

487 5731 502 5760 ι
532 5736 599 5775 tta
621 5736 725 5776 uss.
747 5735 799 5775 Αι
819 5726 954 5787 editi,
978 5723 1271 5777 credidistis.

481 5791 507 5823 ο
529 5787 646 5837 miti
667 5788 948 5847 omiserant,
971 5798 1062 5836 non
1074 5799 1093 5849 ,'
1116 5788 1245 5850 quod
1267 5788 1446 5838 habent
1469 5787 1685 5849 potiores
1705 5794 1812 5838 uss.

2082 961 2188 1000 non
2251 947 2545 1017 regnavit?
2603 947 2826 1013 Quando
2875 965 3097 1018 regnare
3156 950 3373 1018 cmpit?
3434 951 3656 1022 Quando

2083 1050 2302 1107 regnum
2335 1038 2449 1104 ejus
2497 1037 2701 1091 initium
2746 1052 2851 1092 non
2892 1036 3068 1101 habet,
3102 1054 3199 1092 nec
3236 1037 3393 1095 linem
3423 1041 3657 1097 habebit.

2082 1126 2189 1183 Sed
2217 1137 2272 1183 lli.
2296 1128 2474 1182 Sciatis
2499 1129 2620 1198 quia
2645 1136 2698 1183 et
2726 1130 2826 1182 hoc
2861 1144 2955 1198 pro
2986 1130 3136 1184 nobis
3165 1146 3401 1195 oraiims,
3432 1148 3536 1187 non
3566 1149 3662 1204 pro

2084 1220 2194 1275 Deo
2242 1220 2377 1293 (non
2426 1222 2567 1276 enim
2612 1220 2690 1276 sic
2735 1220 2988 1287 dicimus,
3024 1218 3203 1276 Veniat
3244 1238 3455 1294 regnum
3496 1224 3661 1287 tuum,

2084 1311 2233 1382 quasi
2273 1316 2543 1381 optantes,
2576 1320 2633 1365 ut
2660 1319 2845 1381 regnet
2871 1310 3069 1383 Deus);
3115 1327 3333 1382 regnum
3362 1311 3543 1383 ipsius
3566 1328 3669 1369 nos

2085 1404 2324 1468 erimus,
2373 1403 2419 1457 si
2463 1402 2513 1457 in
2536 1403 2679 1456 illum
2723 1403 3006 1458 credentes
3043 1404 3094 1458 in
3140 1418 3205 1458 eo
3254 1405 3658 1475 profecerimus.

2086 1491 2285 1546 Omnes
2315 1490 2500 1546 ﬁdeles
2530 1491 2791 1561 redempti
2820 1492 3074 1561 sanguine
3108 1491 3261 1548 Unici
3294 1495 3477 1565 ipsius,
3510 1506 3669 1552 erunt

2087 1592 2309 1651 regnum
2347 1582 2530 1651 ipsius.
2563 1580 2855 1636 Venturum
2880 1590 2961 1638 eS‘t
2997 1593 3175 1639 autem
3217 1585 3390 1655 ipsum
3420 1601 3666 1657 regnum,

2088 1686 2211 1726 cum
2253 1671 2388 1726 facta
2418 1671 2574 1726 fuerit
2599 1673 2914 1729 resurrectio
2943 1670 3270 1729 mortuarum
3301 1692 3322 1729 :
3359 1683 3486 1731 tunc
3524 1680 3669 1733 enim

2090 1764 2268 1818 veniet
2312 1762 2444 1832 ipse.
2502 1761 2567 1817 Et
2613 1776 2734 1818 cum
2783 1766 3169 1820 resurrexerint
3206 1768 3419 1834 mortui,
3467 1769 3673 1825 dividet

2092 1866 2202 1914 eos.
2254 1850 2392 1906 sicut
2435 1852 2547 1921 ipse
2584 1851 2745 1917 dicit,
2792 1861 2845 1908 et
2890 1862 3042 1922 ponet
3085 1855 3218 1909 alios
3261 1855 3329 1910 ad
3367 1856 3671 1926 dexteram,

2092 1942 2228 1997 alios
2249 1942 2315 1997 ad
2345 1942 2634 1997 sinistram.
2667 1944 2812 1997 Dicet
2849 1944 2927 2000 eis
2952 1945 3041 2014 qui
3069 1945 3133 1999 ad
3160 1945 3431 2002 dexteram
3464 1959 3632 2005 erunt
3658 1969 3672 2005 :

2102 2033 2296 2099 Venite,
2349 2036 2592 2089 benedicti
2637 2033 2810 2091 Patris
2852 2038 2966 2103 uici,
3017 2039 3253 2108 percipite
3288 2046 3518 2110 regnum.
3557 2042 3675 2099 [ioc

2090 2136 2181 2184 est
2222 2127 2362 2198 quod
2424 2122 2670 2197 Optamus
2721 2135 2776 2183 ct
2828 2141 3111 2198 rogamus,
3162 2129 3373 2198 quando
3419 2131 3672 2202 dicimus,

2104 2219 2284 2274 Veniat
2313 2236 2521 2290 regnum
2561 2231 2730 2284 tuum,
2780 2230 2837 2276 ut
2872 2221 3024 2277 nobis
3061 2223 3257 2277 veniat.
3307 2222 3437 2279 Nam
3483 2224 3530 2281 Si
3577 2242 3680 2283 nos

2097 2313 2311 2384 reprobi
2351 2313 2626 2378 fuerimus,
2680 2312 2808 2367 illud
2847 2326 3063 2383 regnum
3092 2315 3211 2371 aliis
3253 2322 3533 2371 venturum
3568 2326 3675 2383 est,

2099 2418 2204 2458 non
2236 2404 2408 2460 nobis.
2436 2402 2491 2461 Si
2521 2413 2696 2458 autem
2724 2403 2776 2458 in
2801 2412 2867 2458 co
2891 2416 3113 2458 numero
3139 2403 3409 2472 fuerimus,
3437 2407 3531 2478 qui
3556 2423 3685 2478 per-

2099 2495 2268 2550 tiacut
2311 2494 2379 2550 ad
2408 2494 2643 2549 membia
2674 2494 2931 2564 unigeniti
2963 2492 3077 2548 Filii
3124 2494 3259 2565 ejus,
3298 2495 3452 2550 nobis
3496 2498 3683 2552 veniet

2101 2598 2325 2656 regnum
2358 2587 2474 2656 ejus
2505 2606 2517 2641 :
2542 2596 2597 2641 et
2622 2599 2726 2640 non
2756 2584 3002 2640 tardabit.
3027 2585 3288 2656 Numquid
3312 2587 3454 2642 enim
3482 2591 3683 2645 sarcula

2101 2684 2242 2731 tanta
2270 2687 2493 2739 restant,
2522 2686 2715 2747 quanta
2743 2676 3099 2730 transierunt?
3133 2676 3417 2745 Apostolus
3440 2677 3686 2735 Joannes

2098 2766 2228 2825 dixit
2273 2788 2285 2823 :
2335 2767 2544 2836 Filioli,
2583 2769 2851 2823 novissima
2884 2768 3009 2821 Iaera
3041 2778 3113 2822 cst
3151 2766 3202 2841 (I
3246 2767 3403 2823 Jotttt.
3442 2783 3513 2834 tt.
3565 2771 3683 2842 18).

2098 2860 2204 2916 Sed
2247 2876 2342 2931 pro
2390 2860 2507 2930 ipso
2546 2859 2633 2914 dic
2672 2872 2862 2929 magno
2907 2858 3061 2929 longa
3110 2870 3191 2914 est
3228 2857 3356 2914 hora
3401 2877 3415 2915 :
3461 2869 3515 2915 et
3566 2858 3686 2932 ipsa

2101 2950 2233 3007 hora
2275 2949 2560 3005 novissima
2591 2948 2767 3005 videte
2794 2958 2921 3018 quot
2964 2964 3132 3003 annos
3159 2948 3337 3005 ducat.
3367 2948 3576 3006 Tamen
3612 2953 3690 3007 sic

2104 3042 2256 3098 vobis
2280 3043 2351 3096 sit
2378 3042 2526 3113 quasi
2555 3041 2646 3112 qui
2676 3040 2872 3111 vigilet,
2911 3039 3159 3105 dormiat,
3188 3049 3367 3110 surgat
3389 3049 3444 3095 et
3469 3054 3685 3113 regnet.

2100 3132 2256 3187 Modo
2286 3132 2580 3202 vigilemus,
2611 3138 2785 3185 morte
2825 3129 3174 3197 dormiemus,
3205 3130 3256 3185 in
3293 3130 3398 3186 line
3425 3146 3686 3204 resurge-

2102 3240 2241 3291 mus,
2270 3225 2387 3279 sine
2418 3224 2522 3279 ilne
2551 3222 2907 3295 regnahimus.
3474 3220 3489 3249 -‘

2170 3314 2398 3371 CAPUT
2437 3313 2522 3368 γι.
2567 3342 2640 3355 ——
2686 3313 2740 3368 6.
2785 3311 2951 3367 Tertia
2984 3313 3174 3383 petitio.
3215 3312 3382 3384 Hujus
3423 3314 3690 3385 petitionis

2099 3405 2445 3476 interpretatio
2478 3403 2760 3474 multiplex.
2784 3402 2992 3457 —Fiat
3013 3403 3246 3458 voluntas
3281 3412 3367 3457 tua
3394 3446 3410 3472 ,
3451 3404 3595 3459 sicut
3637 3409 3688 3461 in

2101 3499 2245 3561 emta,
2279 3498 2351 3550 ita
2385 3512 2433 3550 et
2472 3497 2526 3550 in
2565 3506 2715 3551 terra.
2759 3495 2939 3550 Tertio
2985 3495 3243 3568 petimus,
3291 3494 3411 3551 Fiet
3446 3495 3691 3557 notantes

2104 3598 2208 3653 tua,
2242 3588 2371 3643 sicut
2410 3588 2461 3641 in
2490 3589 2634 3651 caelo,
2664 3588 2733 3640 ita
2767 3594 2817 3641 et
2848 3587 2901 3641 in
2943 3596 3095 3641 terra.
3132 3585 3200 3642 Et
3238 3585 3337 3643 hoc
3365 3584 3515 3643 nobis
3541 3590 3691 3646 bene

2102 3692 2368 3753 Optamus.
2405 3680 2535 3735 Nam
2564 3678 2806 3733 voluntas
2838 3674 2929 3734 Dei
2961 3694 3181 3735 necesse
3218 3689 3300 3736 est
3333 3690 3389 3736 ut
3427 3682 3539 3737 fiat.
3577 3684 3689 3739 γυ-

2100 3772 2277 3828 iuntas
2331 3772 2419 3826 Dei
2468 3780 2552 3826 est
2599 3779 2656 3824 ut
2698 3779 2921 3839 regnent
2966 3769 3121 3837 boni,
3166 3770 3483 3827 damnentur
3524 3776 3687 3829 ntali.

2109 3862 2375 3932 Numquid
2401 3871 2574 3931 potest
2601 3861 2697 3914 ista
2723 3861 2964 3914 voluntas
2993 3876 3098 3916 non
3122 3862 3270 3916 fieri?
3298 3862 3400 3917 Sed
3425 3862 3556 3934 quid
3589 3882 3688 3918 tto-

2104 3952 2187 4007 bis
2232 3952 2366 4006 beue
2406 3961 2680 4021 optamus,
2731 3948 2945 4021 quando
2984 3950 3240 4014 dicimus,
3289 3950 3408 4006 Fiat
3444 3952 3689 4009 uoluntas

2105 4053 2211 4108 tua,
2235 4042 2361 4095 sicut
2381 4043 2433 4095 in
2462 4040 2605 4105 caelo,
2638 4039 2711 4093 ita
2735 4048 2784 4094 et
2817 4039 2870 4093 in
2899 4041 3074 4095 terra?
3096 4039 3307 4096 Audite.
3334 4040 3510 4097 luitis
3532 4045 3689 4100 enim

2106 4135 2281 4190 modis
2309 4130 2423 4188 iure
2445 4133 2627 4203 petitio
2656 4130 2880 4203 intelligi
2903 4140 3093 4202 potest,
3119 4141 3176 4187 et
3201 4133 3360 4190 inulta
3384 4140 3508 4189 sunt
3532 4137 3688 4207 cogi-

2105 4223 2262 4278 tanda
2303 4224 2352 4276 in
2378 4223 2477 4277 ista
2509 4222 2764 4291 petitione
2787 4236 2803 4287 ;
2828 4220 3042 4291 quando
3066 4236 3316 4292 rogamus
3344 4224 3531 4290 Deum;
3565 4224 3692 4280 Fiat

2103 4314 2332 4369 uoluntas
2358 4323 2465 4379 tua,
2506 4313 2638 4366 sicut
2673 4313 2727 4366 in
2759 4311 2902 4377 ccio,
2935 4312 3007 4365 ita
3042 4321 3088 4366 ct
3126 4314 3176 4366 in
3216 4324 3370 4369 terra.
3399 4314 3691 4382 Quomodo

2105 4416 2157 4461 te
2184 4423 2288 4461 non
2316 4404 2589 4462 ol'l‘emlunt
2616 4403 2806 4475 Angeii
2831 4403 2925 4470 tui,
2956 4404 3033 4459 sic
3061 4414 3113 4459 to
3140 4420 3243 4459 non
3269 4405 3609 4463 oﬁ‘endamus
3635 4419 3691 4463 et

2104 4506 2222 4551 nos.
2253 4495 2446 4549 lterum
2483 4494 2750 4564 quottmdu
2777 4493 3110 4565 intelligitur,
3138 4492 3258 4550 Fiat
3300 4497 3531 4551 voluntas
3574 4508 3690 4562 tua,

2102 4589 2233 4642 sicut
2248 4587 2305 4641 in
2328 4586 2474 4652 calo,
2500 4587 2572 4639 ita
2591 4594 2635 4639 et
2660 4586 2714 4639 in
2735 4586 2906 4640 terra?
2928 4585 3109 4641 Sancti
3134 4600 3319 4641 omnes
3334 4587 3688 4652 Patriarchae,

2103 4692 2289 4735 (mnes
2315 4678 2612 4747 Prophctm,
2653 4692 2841 4733 omnes
2868 4678 3131 4749 Apostoli,
3163 4680 3465 4748 spirituales
3488 4696 3692 4739 omnes

2105 4779 2351 4841 tanquam
2380 4769 2572 4825 celum
2614 4778 2740 4823 sunt
2767 4768 2875 4825 Deo
2911 4785 2926 4824 :
2955 4785 3053 4823 nos
3078 4778 3257 4824 autem
3301 4771 3355 4826 in
3395 4787 3694 4843 compara-

2105 4862 2249 4916 tione
2276 4861 2510 4931 ipsorum
2540 4868 2679 4915 terra
2708 4874 2907 4915 sumus.
2942 4857 3063 4914 Ρίαῖ
3087 4861 3315 4918 uoluntas
3341 4871 3446 4928 tua,
3470 4867 3607 4919 sicut
3635 4866 3693 4921 in

2102 4954 2264 5021 calo,
2304 4955 2377 5007 ita
2417 4962 2465 5008 et
2502 4954 2555 5007 in
2590 4963 2724 5008 terra
2758 4968 2779 5007 :
2813 4954 2949 5008 sicut
2992 4954 3043 5008 in
3070 4953 3204 5021 iliis,
3238 4955 3307 5009 ita
3341 4963 3396 5009 et
3422 4955 3477 5011 in
3504 4959 3691 5015 nobis.

2104 5045 2257 5110 item,
2291 5045 2407 5099 Fiat
2433 5044 2663 5100 voluntas
2691 5054 2775 5100 tua
2796 5088 2811 5111 ,
2848 5047 2977 5101 sicut
3000 5048 3054 5100 in
3080 5049 3235 5115 ctrlo,
3261 5049 3333 5102 ita
3360 5057 3405 5102 et
3441 5049 3495 5103 in
3523 5060 3689 5108 terra.

2105 5138 2341 5194 Ecclesia
2366 5137 2463 5192 Dei
2487 5137 2681 5194 omium
2702 5147 2803 5203 cst,
2834 5139 3032 5193 inimici
3066 5140 3181 5207 ejus
3203 5148 3337 5194 terra
3368 5151 3509 5195 sunt.
3537 5142 3695 5198 none

2105 5237 2349 5302 optamus
2390 5230 2620 5285 inimicis
2662 5231 2878 5297 nostris,
2908 5241 2964 5286 ut
2994 5233 3212 5289 credant
3236 5242 3289 5288 et
3325 5234 3443 5303 ipsi,
3471 5242 3523 5290 et
3551 5235 3697 5302 fiant

2104 5322 2421 5383 christiani;
2452 5328 2506 5376 ct
2551 5323 2642 5376 ttat
2669 5322 2914 5378 voluntas
2947 5323 3059 5391 Dei,
3089 5325 3233 5378 sicut
3264 5325 3315 5379 in
3343 5322 3501 5390 curio,
3528 5324 3604 5379 ita
3641 5336 3699 5381 et

2108 5415 2161 5470 in
2189 5424 2347 5470 terra.
2378 5414 2539 5481 Item,
2573 5411 2695 5467 Fiat
2722 5415 2951 5469 voiuntas
2975 5425 3093 5481 tua,
3128 5417 3253 5470 sicut
3280 5417 3331 5469 in
3360 5415 3503 5481 aiio,
3534 5414 3612 5467 ita
3651 5427 3703 5471 et

2104 5507 2158 5558 in
2189 5515 2337 5559 terra.
2365 5503 2593 5575 Spiritus
2618 5511 2801 5559 noster
2833 5504 3023 5560 calum
3052 5514 3162 5569 est,
3188 5518 3313 5560 caro
3343 5512 3481 5559 terra
3503 5547 3517 5567 ,
3542 5518 3696 5575 quo.

2107 5597 2266 5651 modo
2310 5596 2592 5651 innovatur
2632 5594 2850 5666 spiritus
2894 5606 3074 5650 noster
3109 5594 3395 5656 credendo.
3437 5596 3513 5648 sic
3547 5607 3695 5648 caro

2108 5690 2390 5742 iuuovetur
2418 5686 2744 5758 resurgendo
2775 5705 2789 5742 :
2819 5696 2873 5741 et
2910 5686 2999 5741 iiut
3027 5686 3272 5743 voluntas
3299 5686 3412 5751 Dei,
3448 5685 3590 5739 sicut
3637 5687 3699 5741 in

2110 5780 2273 5841 cono,
2299 5779 2366 5833 ita
2395 5788 2449 5834 et
2479 5778 2531 5832 in
2563 5788 2722 5833 terra.
2755 5778 2904 5843 item.
2937 5791 3090 5834 mens
3112 5787 3288 5834 nostra
3316 5790 3421 5848 qua
3436 5772 3699 5832 videmus
