3922 6192
1628 373 1689 429 S.
1733 360 2098 427 AUGUSTINI
2138 363 2441 422 EPISCOM
3535 370 3627 427 επ

2084 495 2151 536 co
2181 488 2295 551 ipso
2321 481 2465 553 quod
2493 483 2670 551 lapsus
2691 452 2833 542 erat,
2880 480 3034 537 liabet
3076 482 3217 537 unde
3241 483 3405 549 dicat,
3444 484 3633 542 unum:

2084 573 2226 628 nobis
2244 573 2409 627 debita
2438 582 2629 627 nostra.
2657 573 2747 629 Sic
2777 572 2844 629 de
2872 575 3079 629 caeteris
3096 576 3337 631 omnibus
3361 582 3607 636 tentatiooi

2084 662 2217 731 bus,
2264 664 2481 720 dvil'ilciie
2522 674 2605 719 est
2643 674 2700 718 ut
2726 678 2837 720 non
2877 666 2946 719 sit
2969 664 3106 720 unde
3134 664 3368 721 dicamus
3393 711 3406 733 ,
3451 664 3636 728 Dimitte

2084 757 2228 812 nobis
2251 758 2418 812 debita
2465 767 2655 813 nostra.
2705 758 2835 826 Qua!
2876 768 2959 813 est
2983 774 3109 828 ergo
3133 761 3250 826 illa,
3298 776 3446 831 quam
3468 767 3629 834 posui,

2088 848 2351 905 bon'enda
2390 850 2612 905 tentatio
2632 893 2647 917 ,
2677 850 2896 905 molesta
2918 892 2933 917 ,
2964 851 3236 906 tremenda
3256 892 3272 916 ,
3312 854 3545 909 omnibus
3564 859 3633 909 v3-

2088 942 2268 1007 ribtts,
2303 942 2448 996 omni
2477 943 2671 998 virtute
2697 941 2948 997 vitanda?
2994 958 3110 1013 quae
3154 955 3237 999 est
3281 945 3411 1000 ista?
3441 947 3637 1013 Quando

2089 1033 2367 1091 nobiseum
2399 1034 2589 1102 agitur.
2614 1045 2670 1087 ut
2695 1034 3026 1089 vindicemus
3052 1051 3171 1089 nos.
3200 1036 3279 1089 Ira
3301 1050 3635 1108 exasperatur,

2089 1132 2145 1179 et
2194 1124 2406 1180 frentch
2432 1126 2591 1179 homo
2619 1125 2873 1181 vindicari
2902 1143 2917 1178 :
2948 1125 3209 1182 horrenda
3235 1129 3465 1183 tentatio.
3508 1129 3640 1186 Unde

2089 1225 2404 1285 accepturos
2439 1217 2580 1270 enim
2614 1217 2825 1271 veniam
2856 1216 3034 1271 fueras
3059 1232 3158 1288 pro
3190 1219 3395 1274 tut-teris
3419 1212 3604 1276 delictis
3624 1264 3639 1288 ,

2094 1306 2196 1361 hoc
2226 1306 2420 1376 perdis.
2454 1306 2517 1362 Si
2545 1307 2670 1378 quid
2695 1309 2823 1362 aliis
2841 1309 3089 1364 sensibus
3109 1351 3124 1375 ,
3156 1310 3274 1363 aliis
3302 1311 3642 1381 cupiditatibus

2039 1461 2051 1471 ,
2094 1418 2433 1472 peccavems,
2454 1403 2578 1457 ltinc
2592 1413 2704 1459 erat
2720 1404 3163 1475 sanandum,quia
3176 1406 3407 1461 dicturus
3417 1423 3551 1470 eras,
3569 1407 3644 1462 Di-

2094 1496 2385 1550 ntittettobis
2399 1496 2564 1550 debita
2580 1505 2751 1549 nostra
2761 1496 2889 1550 sicut
2906 1504 2950 1549 et
2962 1513 3053 1550 nos
3070 1496 3365 1549 dimittimus
3379 1496 3645 1552 debitoribus

2096 1592 2300 1645 nostris.
2317 1590 2419 1658 Qui
2441 1599 2493 1643 te
2504 1589 2715 1659 instigat
2731 1598 2789 1643 ut
2805 1588 3110 1654 vindiceris,
3129 1587 3316 1657 perdet
3332 1588 3418 1643 tibi
3434 1587 3560 1658 quod
3575 1589 3645 1642 di-

2097 1693 2280 1736 cturus
2300 1696 2440 1748 eras,
2464 1681 2607 1736 Sicut
2631 1691 2676 1734 et
2699 1696 2790 1735 nos
2818 1680 3117 1734 dimittimus
3149 1677 3444 1734 debitoriius
3472 1681 3647 1733 nostris.

2101 1771 2196 1825 lllo
2211 1773 2629 1841 perdito,cuncta
2644 1771 2891 1826 tenebunt
2902 1787 2964 1825 ur
2977 1788 2989 1821 :
3004 1770 3226 1824 omnino
3240 1769 3368 1824 nihil
3379 1770 3647 1825 dimittitur.

2168 1863 2397 1920 CAPUT
2420 1863 2605 1918 Xll.--
2621 1864 2704 1918 l2.
2723 1862 3100 1918 Commendatio
3114 1863 3372 1917 dmritatis
3383 1876 3493 1932 ergo
3512 1860 3652 1915 inbui.

2101 1971 2205 2010 cos.
2225 1955 2402 2009 Debita
2415 1946 2726 2024 quotidiana.
2740 1954 2888 2010 Hanc.
2912 1956 3270 2025 periculosam
3285 1955 3597 2009 tentatiouem
3608 1954 3651 2009 in

2105 2050 2203 2103 ista
2234 2049 2337 2101 vita
2364 2048 2537 2103 sciens
2555 2047 2833 2111 Dominus,
2866 2047 3111 2117 Magister
3155 2050 3209 2101 et
3246 2044 3480 2101 Salvator
3502 2055 3655 2101 noster

2105 2152 2222 2195 cum
2242 2140 2457 2195 doceret
2474 2154 2570 2195 nos
2584 2140 2636 2194 in
2658 2139 2757 2194 bac
2772 2137 3023 2195 Oratione
3043 2153 3144 2193 sex
3169 2139 3250 2194 vel
3273 2146 3464 2208 septem
3485 2137 3657 2208 petitio-

2107 2246 2224 2299 nes,
2244 2232 2442 2286 nullam
2466 2231 2565 2285 sibi
2583 2231 2867 2301 assumpsit
2882 2228 3023 2285 unde
3046 2238 3324 2298 tractaret,
3347 2239 3397 2283 et
3423 2244 3563 2299 quam
3580 2242 3658 2280 no-

2110 2322 2192 2378 bis
2207 2322 2573 2379 vebcmentius
2587 2320 3005 2385 commendaret,
3028 2321 3151 2376 nisi
3167 2318 3301 2376 hanc
3320 2335 3490 2375 unam.
3517 2318 3658 2375 Nutu-

2109 2417 2236 2487 quid
2273 2433 2379 2473 non
2436 2417 2664 2473 diximus
2689 2456 2702 2482 ,
2736 2414 2892 2470 Pater
2911 2423 3109 2480 noster,
3147 2416 3233 2487 qui
3256 2431 3309 2470 es
3345 2415 3395 2468 in
3434 2414 3590 2476 catis,
3614 2421 3659 2466 ct

2110 2520 2301 2566 caetera
2329 2509 2705 2579 subsequentia
2724 2510 2754 2563 τ
2784 2507 2961 2576 Quare
3001 2515 3125 2577 post
3170 2507 3368 2561 lbiitam
3394 2504 3659 2561 Orationem

2113 2617 2219 2657 non
2248 2599 2447 2672 aliquid
2477 2600 2630 2654 nobis
2662 2599 2786 2655 inde
2828 2598 3104 2665 tractavit,
3158 2599 3244 2654 vel
3285 2597 3419 2666 quod
3455 2614 3480 2651 a
3517 2594 3660 2666 capite

2112 2691 2323 2763 posuit,
2351 2691 2435 2745 vel
2464 2690 2603 2760 quod
2635 2690 2687 2744 in
2718 2688 2823 2745 line
2849 2688 3107 2747 conclusit
3139 2731 3157 2757 ,
3206 2691 3289 2746 vel
3329 2689 3463 2761 quod
3491 2689 3535 2743 iu
3563 2698 3659 2744 meo

2114 2783 2204 2838 dio
2248 2782 2567 2838 collocavit?
2610 2782 2666 2838 Si
2706 2783 2849 2865 opim
2879 2796 2984 2836 non
3032 2783 3087 2837 in
3131 2782 3285 2837 vobis
3323 2779 3661 2838 sanctiﬁcatum

2115 2876 2275 2932 fuerit
2299 2890 2490 2931 nomen
2520 2876 2634 2940 Dei,
2661 2885 2751 2930 aut
2789 2876 2831 2930 si
2860 2889 2964 2929 non
2991 2874 3361 2944 pertinueritis
3386 2874 3448 2927 ad
3477 2886 3663 2943 regnum

2117 2968 2234 3033 Dei,
2258 2976 2349 3021 aut
2372 2965 2417 3021 si
2446 2981 2550 3020 non
2579 2966 2630 3019 in
2662 2965 2814 3020 vobis
2836 2964 2969 3019 facta
2999 2964 3164 3020 fuerit
3190 2965 3429 3019 voluntas
3456 2964 3537 3018 Dei
3554 2963 3667 3016 sit‘tll

2119 3060 2172 3114 in
2201 3059 2340 3117 ctrlo
2359 3100 2373 3124 ,
2403 3067 2495 3111 aut
2523 3058 2570 3113 si
2597 3071 2701 3111 non
2733 3072 2827 3111 vos
2854 3055 2995 3111 Deus
3035 3056 3355 3111 custodierit
3391 3071 3456 3108 ne
3487 3051 3666 3108 intretis

2114 3150 2175 3205 in
2202 3149 2549 3204 tentationem
2582 3167 2596 3202 :
2627 3163 2788 3218 quare
2810 3146 2939 3201 nihil
2970 3146 3166 3201 horum
3188 3148 3215 3202 ?
3237 3147 3340 3203 Sed
3362 3145 3512 3218 quid?
3538 3144 3667 3198 Amat

2121 3243 2235 3296 diro
2284 3241 2422 3295 vobis
2451 3282 2464 3305 ,
2522 3240 2640 3312 quia
2695 3240 2738 3294 si
2789 3238 3075 3293 dimiseritt‘s
3099 3239 3114 3270 ¹
3176 3249 3377 3309 peccata
3428 3235 3670 3290 hominibus

2123 3334 2141 3405 (
2166 3333 2350 3387 Matth.
2396 3348 2447 3388 vt
2472 3374 2485 3399 ,
2539 3331 2624 3403 14)
2661 3350 2674 3385 :
2704 3340 2918 3401 propter
2944 3330 3071 3384 illud
3095 3374 3108 3394 ,
3148 3330 3358 3385 Dimitte
3385 3329 3516 3384 nobis
3538 3327 3672 3382 debita

2122 3432 2296 3481 nostra
2311 3469 2325 3493 ,
2351 3426 2477 3480 sicut
2505 3434 2549 3478 et
2571 3442 2661 3479 nos
2685 3424 2981 3478 dimittimus
3005 3423 3316 3479 debitoribus
3334 3424 3524 3478 nostris.
3553 3421 3673 3476 Prm-

2125 3518 2385 3573 termissis
2414 3518 2658 3571 omnibus
2681 3516 3019 3586 petitionibus
3046 3531 3185 3586 quas
3214 3531 3309 3570 nos
3332 3514 3503 3570 docuit
3523 3556 3535 3577 ,
3555 3508 3674 3567 illam

2126 3610 2355 3666 maxime
2383 3609 2559 3664 docuit
2583 3612 2622 3660 '.
2652 3609 2766 3663 Non
2795 3610 3015 3662 multum
3056 3609 3269 3663 fuerant
3316 3609 3400 3662 illa
3437 3621 3674 3662 commcn-

2127 3701 2330 3767 danda,
2361 3703 2411 3755 iu
2440 3702 2628 3771 quibus
2653 3701 2695 3754 si
2732 3709 2978 3770 peccator
3005 3710 3106 3765 est,
3136 3701 3283 3755 unde
3312 3710 3518 3756 curetur
3538 3711 3676 3769 agno-

2134 3802 2464 3852 scatzcomm
2478 3791 2781 3848 eudantlum
2804 3836 2818 3857 ,
2868 3793 2920 3846 in
2954 3809 3059 3864 quo
3088 3794 3131 3847 si
3163 3794 3462 3864 peccaveris
3481 3834 3493 3856 ,
3521 3800 3678 3845 :a'tera

2131 3901 2237 3942 non
2285 3872 2366 3940 est
2402 3887 2545 3940 umlc
2590 3885 2765 3963 sanari
2797 3884 2838 3936 ³.
2871 3882 2983 3939 iloc
3008 3885 3153 3938 enim
3186 3885 3350 3938 ιῖιιῐιυε
3391 3884 3573 3945 dicere,
3603 3878 3680 3931 Di-

2131 3980 2271 4030 mitte
2296 3976 2436 4030 nobis
2461 3974 2626 4029 debita
2648 3985 2839 4028 nostra.
2865 3976 2994 4040 Qua!
3014 3974 3234 4028 debita?
3264 3974 3376 4030 NOu
3404 3974 3544 4029 deost
3568 3989 3579 4024 :
3605 3970 3684 4022 lto-

2131 4069 2302 4123 m'rncs
2326 4080 2530 4121 sumus.
2564 4066 2727 4120 Paulo
2765 4066 3119 4135 plus‘locntos
3161 4081 3278 4119 sum
3322 4072 3497 4137 quant'
3517 4061 3682 4123 debui,

2134 4159 2242 4215 disi
2289 4159 2485 4229 aliquid
2533 4158 2673 4227 quod
2700 4175 2804 4212 non
2832 4157 3022 4221 debui,
3053 4158 3145 4211 risi
3180 4159 3302 4228 plus
3330 4174 3482 4227 quam
3508 4152 3681 4217 debui,

2137 4252 2243 4309 bibi
2270 4252 2496 4327 amplius
2521 4266 2678 4323 quam
2706 4250 2860 4307 debui
2883 4294 2897 4318 ,
2928 4251 3133 4306 comedi
3174 4252 3406 4323 amplius
3436 4264 3579 4321 quam
3605 4246 3687 4299 de-

397 396 492 455 5‘31

400 529 497 569 nos
516 509 728 567 docuit?
755 505 825 562 Ut
852 514 1145 571 pugnemus
1171 504 1355 550 contra
1392 485 1848 559 concupiscentias
1876 501 1973 535 nuo

397 615 555 661 stras.
593 597 798 665 Etenim
827 595 879 649 in
906 591 1176 660 Baptismo
1221 595 1408 642 sancto
1448 589 1666 652 peccata
1710 573 1979 631 dituissnri

396 699 529 752 estis
552 712 568 747 :
596 685 1042 757 concupiscentia:
1064 678 1413 737 remanebunt
1436 716 1452 740 ,
1480 688 1602 727 cum
1625 669 1819 739 quibus
1840 672 1981 757 rege-

400 783 569 841 nerati
598 753 860 852 puguetis.
887 774 1072 830 Restat
1112 770 1253 824 enim
1276 765 1553 821 conﬂictus
1581 761 1635 815 in
1660 759 1809 813 vobis
1832 753 1976 825 ipsis.

398 878 585 935 Nullus
630 871 799 928 bustis
840 876 1105 924 metuatur
1147 862 1477 919 extrinsecus
1503 858 1520 889 ί
1546 873 1560 908 :
1591 864 1643 910 te
1691 852 1876 907 vince.
1926 856 1983 902 et

400 969 629 1027 mundus
673 973 758 1021 est
802 962 991 1017 victus.
1036 954 1177 1025 Quid
1219 952 1313 1007 tibi
1362 954 1595 1004 tacturus
1620 953 1705 999 est
1750 947 1982 996 tentator

398 1077 686 1121 extraneus
704 1101 720 1125 ,
747 1058 866 1112 sive
885 1052 1125 1109 diabolus
1146 1088 1162 1113 ,
1191 1047 1305 1101 sive
1332 1042 1574 1098 minister
1599 1033 1832 1091 diaboli?
1859 1029 1984 1098 Qui-

399 1172 630 1228 cumque
652 1154 815 1209 ltomo
840 1145 1084 1220 pmponit
1106 1142 1306 1196 lucrum
1327 1179 1342 1201 ,
1374 1145 1432 1190 ut
1449 1133 1687 1192 seducat,
1710 1126 1984 1228 avaritiam

404 1257 455 1308 in
489 1220 671 1307 to-nou
699 1243 932 1301 inveniat
957 1258 970 1292 :
1004 1236 1128 1308 quid
1161 1233 1277 1287 facit
1302 1226 1601 1299 propositor
1622 1220 1785 1275 lucri?
1805 1220 1859 1271 Si
1889 1230 1985 1270 au-

400 1357 510 1402 tem
535 1340 756 1397 avaritia
779 1339 830 1392 in
858 1338 909 1389 t'e
927 1334 1134 1387 inventa
1164 1325 1339 1389 fixerit,
1366 1323 1479 1375 viso
1500 1320 1646 1372 lucro
1675 1309 1983 1373 inardescis,

402 1399 607 1493 vitiosa:
635 1446 774 1487 esca:
793 1432 814 1463 ¹
841 1425 1048 1496 caperis
1074 1423 1282 1489 laqueo.
1317 1415 1373 1469 Si
1401 1421 1579 1467 autem
1615 1422 1719 1462 non
1747 1405 1797 1458 in
1829 1411 1882 1455 te
1907 1399 1985 1502 itt-

404 1527 609 1584 vcncrit
653 1518 964 1581 avaritiam,
1014 1509 1273 1570 remansit
1322 1506 1511 1560 frustm
1542 1508 1754 1554 extenta
1797 1505 1991 1548 musci-

406 1623 549 1696 pula.
596 1615 849 1686 Proponit
879 1610 972 1665 tibi
998 1611 1230 1663 tentatur
1252 1594 1659 1669 pulcherrimam
1690 1587 1937 1696 feminam
1974 1597 1988 1634 :

407 1677 545 1769 adsit
579 1677 721 1764 intus
742 1704 958 1759 castitas
983 1741 997 1765 ,
1027 1698 1165 1751 victa
1205 1702 1285 1747 est
1308 1689 1445 1743 toris
1469 1683 1738 1754 iniquitas.
1772 1677 1842 1733 Ut
1864 1687 1993 1744 ergo

409 1823 516 1862 non
541 1816 589 1858 te
618 1800 790 1870 capiat
813 1793 1081 1866 proposita
1107 1780 1493 1859 pulchritudine
1514 1774 1751 1831 mulieris
1771 1771 1955 1870 aliena:
1976 1808 1991 1832 ,

407 1915 529 1954 cum
583 1862 934 1950 tim-libidine
987 1884 1128 1935 intus
1177 1888 1367 1947 pugna.
1415 1870 1530 1925 Non
1580 1862 1993 1954 scutisqbostctn

410 1949 591 2044 iitum,
642 1980 735 2035 sed
782 1976 950 2031 scutis
978 1964 1461 2037 concupiscentiam
1508 1969 1671 2012 tuam.
1722 1949 1996 2008 Diabolum

412 2042 515 2134 non
545 2042 729 2137 vides,
762 2067 854 2124 sed
897 2063 1020 2135 quid
1046 2069 1096 2115 te
1123 2058 1384 2118 delectet,
1427 2049 1595 2104 vides.
1651 2045 1813 2099 Vince
1858 2042 2000 2094 intus

421 2536 473 2589 Ν
476 2552 503 2590 e
522 2550 611 2588 nos
627 2533 816 2603 inferas
832 2527 884 2579 in
906 2522 1247 2578 tentatiouem.
1271 2516 1351 2570 ιω
1376 2512 1570 2582 iudicis
1585 2507 1800 2563 donavit
1814 2506 1834 2537 ³
1846 2516 2009 2603 quos-

417 2627 541 2679 dam
560 2593 1008 2687 concupiscentiis
1023 2611 1133 2664 suis
1153 2627 1165 2662 :
1188 2615 1242 2662 et
1263 2604 1390 2659 dicit
1409 2600 1536 2656 illud
1552 2593 2007 2687 .\p«istolus,_i‘m-

418 2716 547 2770 didit
563 2714 680 2768 illos
711 2685 847 2763 Deus
863 2707 914 2759 in
940 2696 1396 2770 concupiscentiam
1416 2691 1580 2746 cordis
1603 2689 1807 2743 litorum
1824 2685 2002 2756 (Rom.

419 2826 457 2873 ι,
474 2806 589 2879 2L).
607 2799 887 2872 Quomodo
899 2792 1153 2851 tradidit?
1169 2790 1281 2845 Non
1298 2785 1557 2857 cogendo,
1577 2781 1669 2838 sed
1686 2777 2004 2879 deserendo.

488 2873 716 2957 CAPUT
756 2893 824 2949 Χ.
848 2921 921 2932 -
948 2888 1031 2945 10.
1064 2883 1318 2941 Liberatio
1343 2898 1374 2933 a
1417 2877 1569 2932 malo.
1599 2906 1669 2915 —
1696 2873 1876 2928 Libera
1920 2886 2010 2925 nos

421 3008 456 3049 α
481 2992 614 3046 malo
643 3004 666 3043 :
695 2993 870 3058 potest
916 2981 984 3036 ad
1011 2977 1253 3034 eamdem
1284 2975 1452 3045 ipsam
1481 2968 1800 3026 sententiam
1850 2963 2012 3037 perti-

425 3103 573 3142 nere.
605 3056 729 3139 Ideo
750 3080 828 3135 sic
851 3085 931 3133 est
948 3117 963 3141 ,
993 3084 1052 3129 ut
1075 3071 1343 3140 intelligas
1363 3081 1520 3121 uuam
1544 3062 1857 3119 sententiam
1876 3102 1891 3126 ,
1932 3056 2013 3111 Ne

425 3193 518 3233 nos
547 3178 735 3245 inferas
772 3171 825 3224 in
853 3167 1210 3226 tentatioucnt;
1238 3161 1325 3217 sed
1351 3159 1506 3214 libera
1532 3173 1672 3243 uasa
1695 3155 1848 3209 malo.
1890 3153 2014 3207 Ideo

425 3267 628 3325 addidit
655 3262 743 3319 sed
777 3278 790 3316 :
816 3270 875 3316 ut
903 3256 1208 3314 ostenderet
1237 3253 1339 3308 hoc
1370 3260 1537 3306 totum
1578 3248 1644 3302 ad
1675 3262 1830 3302 unam
1888 3261 2013 3299 scn-

430 3360 646 3415 lentiam
676 3353 971 3426 pertinere,
1000 3365 1065 3403 ne
1097 3363 1188 3401 nos
1218 3346 1408 3414 inferas
1453 3342 1504 3395 in
1544 3339 1862 3393 Mutationem
1880 3353 1898 3401 ;
1930 3333 2017 3388 sed

429 3453 584 3506 libera
606 3464 695 3501 nos
725 3464 754 3499 (ι
795 3443 948 3497 ηιαΙο.
976 3433 1293 3506 Quomodo?
1320 3432 1534 3504 Singula
1568 3432 1652 3487 illa
1680 3444 1967 3501 pmponam
2000 3444 2012 3480 :

431 3540 515 3596 Nc
539 3556 627 3593 nos
653 3540 841 3609 inferas
883 3533 935 3586 in
964 3530 1280 3585 teutationcm
1302 3544 1318 3590 ;
1343 3524 1429 3580 sed
1473 3524 1630 3579 libera
1676 3538 1766 3575 nos
1802 3538 1832 3575 a
1862 3522 2015 3573 maio.

431 3629 728 3689 Liberaudo
757 3640 896 3680 uosa
923 3623 1084 3685 malo,
1118 3636 1220 3674 non
1255 3634 1350 3673 nos
1374 3616 1529 3671 infert
1560 3616 1610 3669 in
1638 3613 2016 3669 tentationcm:

433 3741 537 3781 non
559 3738 657 3776 nos
684 3716 954 3775 inferendo
982 3715 1033 3769 in
1063 3713 1430 3774 lentationem,
1464 3710 1652 3762 liberat
1687 3724 1785 3762 nos
1806 3722 1833 3761 a
1859 3704 2018 3758 tnalo.

502 3809 727 3868 CAPUT
770 3808 856 3863 XI.
888 3836 958 3847 —-
983 3807 1068 3861 Η.
1113 3803 1302 3875 Magna
1333 3802 1572 3865 tentatio,
1620 3798 1872 3853 horrenda
1910 3807 2021 3850 ten-

434 3906 574 3970 talio,
626 3903 751 3957 velte
794 3897 1058 3954 vindicari.
1112 3896 1295 3966 Magna
1324 3910 1448 3948 vero
1491 3893 1712 3948 tcntatio
1759 3899 1859 3953 cst,
1892 3887 2021 3943 eba-

435 3999 478 4054 ri
513 3996 629 4052 siuti
648 4036 663 4059 ,
706 4009 892 4063 magna
921 3991 1140 4045 tentatio
1162 3998 1241 4042 est
1266 3988 1316 4042 in
1358 3984 1457 4039 bac
1485 3984 1587 4038 vita
1611 4026 1626 4053 ,
1655 3982 1867 4055 quando
1895 3976 2023 4035 illud

437 4095 677 4144 nostrum
705 4093 936 4139 tentatur
956 4125 969 4145 ,
1010 4098 1115 4152 quo
1154 4092 1421 4134 meremur
1443 4074 1647 4130 veniam
1670 4115 1685 4140 ,
1716 4069 1886 4127 sicubi
1908 4082 2024 4126 ten-

440 4179 531 4234 tati
588 4176 718 4246 lapsi
754 4175 1027 4230 fuerimus.
1077 4171 1350 4226 Horrenda
1384 4167 1601 4223 lentatio
1646 4175 1763 4231 cst,
1815 4163 2029 4237 quando

440 4270 595 4324 nobis
616 4268 818 4322 tollitur
839 4307 853 4330 ,
893 4264 1037 4319 unde
1062 4262 1131 4317 ab
1160 4264 1380 4317 aliarum
1413 4259 1764 4314 tentationum
1791 4257 2028 4313 volueri-

441 4362 540 4416 bus
566 4358 738 4413 sanari
785 4357 1065 4425 possimus.
1117 4354 1240 4408 Scio
1269 4351 1500 4406 nondum
1534 4368 1631 4408 vos
1659 4352 1981 4409 intellexisse
2012 4365 2025 4402 ε

441 4452 624 4506 adeste
649 4447 827 4501 animo
852 4488 866 4509 ,
917 4454 974 4498 ut
1001 4442 1324 4513 intelligatis.
1373 4441 1504 4496 I‘uta
1526 4485 1539 4509 ,
1571 4454 1737 4499 tentat
1779 4444 2028 4508 avaritia,

445 4542 614 4596 victus
642 4547 723 4592 est
749 4538 1027 4605 quisquam
1053 4533 1197 4603 (quia
1224 4541 1277 4588 et
1308 4533 1536 4587 luctator
1558 4534 1839 4603 aliqtuutdo
1868 4547 1921 4589 ct
1948 4535 2032 4587 bo-

447 4648 546 4689 nus
597 4629 863 4701 prmliatur
894 4627 1236 4696 vulneratur)
1268 4628 1318 4681 in
1350 4626 1519 4696 aliqua
1551 4643 1651 4679 ttna
1696 4629 1984 4682 tcntalione
2017 4646 2031 4684 :

447 4721 573 4777 vicit
598 4718 865 4774 Immineat
892 4716 1111 4771 avaritia
1133 4759 1150 4781 ,
1175 4717 1333 4771 etiam
1381 4715 1580 4769 bonum
1610 4716 1954 4780 luctatorem;
1984 4729 2037 4774 ct

449 4813 572 4869 fecit
598 4810 775 4866 nescio
796 4808 921 4882 quid
961 4824 1198 4861 avarum.
1240 4806 1470 4862 Transiit
1508 4807 1704 4875 libido,
1738 4825 1841 4863 non
1872 4811 2036 4865 addu-

449 4908 527 4964 xit
563 4905 631 4961 ad
662 4913 938 4973 stuprum,
983 4917 1088 4955 non
1131 4903 1371 4971 pervenit
1417 4901 1482 4955 ad
1523 4901 1859 4957 adulterium.
1903 4902 2037 4959 lilud

450 4999 592 5055 enim
619 4994 831 5067 quando
873 4993 1026 5047 fuerit
1048 5036 1062 5059 ,
1096 5002 1146 5047 et
1176 4993 1244 5047 ab
1272 4990 1529 5048 adulterio
1568 4992 1725 5049 homo
1757 4995 2041 5064 prohiben-

452 5092 552 5146 dus
573 5100 672 5147 cst.
702 5087 811 5145 Sed
858 5087 987 5142 vidit
1017 5087 1289 5142 mulierem
1318 5085 1382 5142 ad
1411 5089 1920 5161 concupiscetnluut,
1950 5105 2040 5143 ro-

452 5182 638 5253 gitavit
662 5178 858 5250 aliquid
880 5178 1247 5234 delectabilius
1275 5196 1433 5249 quam
1462 5179 1674 5241 debuit;
1699 5181 1905 5253 accepit
1940 5197 2040 5251 pu-

455 5290 644 5348 gnam,
684 5273 841 5329 etiam
884 5273 1116 5342 optimus
1145 5272 1410 5342 praelialor
1449 5288 1732 5342 percussus
1773 5283 1897 5332 est:
1946 5274 2041 5329 sed

460 5384 565 5421 non
594 5362 898 5428 consensit,
929 5361 1251 5432 repercussit
1278 5370 1478 5415 motum
1527 5362 1777 5417 lascivum
1800 5405 1813 5427 ,
1840 5363 2043 5432 doloris

463 5457 810 5515 amaritudine
836 5454 1145 5526 castigavit.
1188 5455 1507 5525 repercussit
1533 5444 1586 5510 ct
1611 5453 1733 5508 vicit
1761 5454 1799 5508 ’⁸.
1840 5456 2041 5512 Tamen

528 5571 543 5600 ’
572 5570 990 5639 ιωιῆθζῐηιιιθιιξέ
1019 5575 1102 5639 Ms.
1127 5575 1179 5619 At
1202 5566 1339 5639 editi,
1366 5563 1487 5628 Quid
1506 5565 1592 5617 tibi
1613 5569 1828 5630 {actions
1848 5580 1918 5624 est
1940 5581 2042 5626 tru-

461 5637 586 5683 tator
610 5628 947 5680 extrinsecus?
974 5639 1031 5682 Te
1055 5628 1205 5689 mare,
1224 5636 1319 5680 etc.

526 5693 547 5722 ⁸
572 5691 747 5753 Regius
771 5690 912 5753 liber,
932 5688 1033 5753 vita
1055 5704 1181 5753 esca.

533 5753 553 5819 ξ
576 5752 681 5819 stus.
698 5758 790 5819 Atra
819 5759 836 5797 t
857 5752 951 5800 ilict
975 5752 1177 5819 donatit.

529 5812 553 5844 ⁸
581 5808 662 5860 Sic
680 5812 1015 5861 cornamensis
1038 5820 1116 5864 κδ.
1137 5814 1251 5865 Editi
1280 5819 1461 5873 autem,
1474 5812 1591 5866 rivi:

2138 4348 2263 4412 bui,
2311 4346 2486 4400 audivi
2513 4346 2739 4401 libenter
2764 4345 2904 4415 quod
2946 4356 3048 4399 ltOll
3097 4345 3299 4411 debui,
3356 4345 3456 4399 vidi
3495 4343 3686 4398 libenter

2138 4439 2277 4507 quod
2312 4454 2415 4493 non
2444 4437 2600 4492 debui
2627 4480 2641 4503 ,
2673 4438 2899 4511 Cogitavi
2932 4437 3160 4492 libenter
3180 4437 3325 4508 quod
3371 4453 3472 4491 non
3508 4433 3645 4489 debui
3674 4449 3686 4484 :

2145 4530 2348 4584 Dimitte
2376 4530 2518 4584 nobis
2544 4529 2710 4584 debita
2728 4541 2900 4585 nostra
2918 4572 2933 4594 ,
2963 4530 3089 4584 sicut
3127 4540 3172 4583 et
3196 4516 3289 4585 nos
3320 4527 3601 4584 dimittimus
3619 4526 3694 4579 tle-

2143 4621 2384 4674 bitoribus
2403 4622 2602 4675 nostris.
2634 4620 2821 4674 Peristi
2839 4663 2853 4687 ,
2878 4621 2921 4675 si
2946 4620 3044 4674 hoc
3073 4621 3370 4690 perdidisti.

2213 4712 2437 4768 CAPUT
2496 4710 2638 4767 ΧΠΙ.
2676 4712 2863 4765 ~15.
2933 4710 3188 4765 Hortatio.
3248 4712 3469 4779 Videte,
3532 4712 3694 4765 fratre-3

2146 4803 2246 4858 tnci
2273 4821 2286 4870 ;
2316 4804 2488 4856 videte
2513 4845 2526 4865 ,
2563 4800 2655 4856 lilii
2697 4802 2837 4867 n;ci;
2877 4801 3168 4863 VidL‘ngiiiii
3208 4802 3335 4869 Dei;
3366 4799 3695 4869 \jid‘etc,'qltia

2145 4894 2263 4950 dico
2291 4894 2459 4948 vobis.
2493 4894 2725 4964 Pugnate
2768 4906 2888 4948 cum
2928 4893 3088 4948 corde
3118 4903 3318 4960 vestro,
3348 4904 3588 4963 quantum
3614 4905 3697 4959 po-

2146 4988 2316 5042 testis.
2364 4986 2430 5042 Et
2476 4986 2519 5041 si
2552 4987 2789 5043 videritis
2834 4987 2967 5042 iram
3016 4996 3246 5042 vestram
3290 4997 3431 5043 stare
3472 4985 3699 5041 adversus

2148 5098 2265 5147 vos,
2288 5090 2473 5152 rogate
2498 5090 2683 5136 contra
2711 5081 2852 5135 illaut
2882 5082 3057 5136 neunt
3082 5099 3096 5135 :
3128 5081 3287 5135 faciat
3315 5091 3365 5136 te
3395 5081 3527 5135 Deus
3553 5079 3699 5131 victo-

2148 5191 2260 5228 rem
2293 5174 2363 5227 ttti
2392 5189 2407 5238 ;
2439 5171 2596 5227 faciat
2624 5182 2674 5228 te
2704 5173 2841 5228 Deus
2871 5173 3122 5228 victorem
3148 5214 3162 5238 ,
3205 5187 3310 5227 non
3336 5172 3526 5228 inimici
3557 5167 3701 5222 fmin-

2149 5282 2305 5322 sccus
2350 5265 2421 5320 toi
2441 5305 2457 5330 ,
2495 5263 2588 5319 sed
2632 5264 2951 5320 intrinsecus
2977 5266 3137 5318 animi
3169 5265 3264 5318 tui.
3296 5264 3479 5320 Aderit
3501 5261 3632 5317 enim
3657 5266 3702 5309 ιιι

2153 5343 2326 5414 [ποῖαι.
2377 5357 2501 5411 Plus
2531 5357 2642 5410 vult
2676 5365 2734 5409 ut
2758 5355 2859 5410 hoc
2897 5358 2962 5412 ab
3000 5358 3091 5411 illo
3119 5366 3362 5429 petamus
3387 5400 3401 5419 ,
3430 5368 3576 5426 quam
3606 5355 3702 5419 plu-

2152 5450 2311 5506 viam.
2338 5447 2543 5504 Videtis
2565 5449 2729 5513 enitn,
2755 5448 3076 5514 cbarissimi,
3107 5458 3232 5521 quot
3255 5450 3529 5518 petitiones
3545 5441 3703 5499 docuit

2220 5641 2234 5671 ι
2260 5636 2599 5686 Parmensis
2621 5641 2700 5683 Ms.
2727 5632 2839 5695 quia
2862 5632 2904 5683 si
2928 5645 3018 5683 nou
3042 5633 3333 5684 dimiserirt't.

2215 5701 2590 5761 ?(;crtnanensis
2610 5704 2691 5761 Ms.
2720 5697 2805 5761 rato
2824 5695 2873 5743 it.
3052 5755 3064 5761 _
3176 5751 3204 5761 η
3318 5748 3328 5759 ,

2219 5760 2235 5787 ³
2255 5759 2299 5805 lii
2308 5760 2354 5822 lit
2366 5760 2398 5811 i.
2411 5759 2814 5822 rontttu'atdanda,
2838 5764 3033 5817 tartara,
3047 5748 3704 5822 inquibussi_pet‘mr£_tjif_-f‘j_'

2151 5829 2217 5873 est
2240 5819 2364 5870 unde
2385 5834 2592 5870 unum.
2610 5819 2788 5875 Locum
2804 5811 2873 5870 ad
2897 5822 2931 5870 ὓ
2942 5811 3283 5870 ertuaniutsem
3298 5811 3386 5861 δῖε.
3401 5820 3535 5859 com:
3545 5820 3566 5854 ι
3576 5811 3701 5851 inn!!-
