3954 6186
254 301 382 358 $3

1665 318 1893 373 ςιιιιιυ
1933 321 2109 377 LV'll.

254 432 368 472 nos
392 416 652 473 Doudnus
678 418 921 474 Christus
944 465 957 487 ,
989 433 1039 476 rt
1071 425 1152 479 vix
1186 427 1290 484 illic
1321 429 1581 484 invenitur
1604 447 1704 485 una
1733 447 1854 501 quze

253 516 423 562 sonet
454 508 527 563 de
553 525 691 578 pano
714 512 1022 581 quotidiana
1055 534 1068 569 :
1100 526 1153 571 ut
1178 519 1353 573 omnia
1380 536 1497 589 qua:
1539 522 1851 591 cogitamus,

254 608 487 669 propter
516 601 676 655 vitam
725 600 953 659 futuram
998 608 1308 676 cogitemus.
1350 610 1484 677 Quid
1523 612 1662 664 enim
1695 612 1851 667 timc-

256 704 386 743 mus
413 705 481 744 ne
505 706 614 744 non
637 691 791 747 nobis
815 693 1063 749 exhibeat
1091 697 1180 752 ille
1204 701 1292 768 qui
1323 701 1579 766 proutisit,
1604 713 1653 756 et
1683 701 1811 755 dixit
1832 719 1845 757 :

253 778 486 840 Qua-rite
514 780 736 848 primum
762 798 969 853 regnum
999 795 1045 838 et
1064 787 1315 857 justitiam
1348 787 1442 843 Dei
1460 833 1475 856 ,
1517 799 1562 843 et
1600 790 1707 844 (nec
1732 807 1846 844 om-

253 870 348 922 nia
375 868 706 940 opponentur
738 873 874 927 vobis
897 875 923 929 7
972 875 1127 930 Novit
1159 880 1290 933 enim
1335 879 1488 934 Pater
1522 891 1695 947 vester,
1727 881 1846 950 quia

249 963 351 1015 ista
374 965 657 1018 necessaria
676 976 794 1020 sum
820 967 973 1032 vobis,
1004 969 1294 1039 priusquam
1313 972 1491 1043 petatis
1509 971 1570 1024 ob
1590 988 1666 1026 eo.
1688 972 1843 1037 Qua:-

246 1056 348 1109 ritc
391 1057 615 1123 primum
656 1075 863 1129 regnum
909 1071 956 1114 ct
984 1062 1239 1133 justitiam
1284 1063 1376 1117 Dei
1392 1105 1406 1125 .
1450 1072 1497 1117 et
1534 1064 1640 1119 lucc
1670 1064 1840 1118 omnia

245 1158 573 1215 opponentur
601 1150 739 1205 vobis
760 1150 784 1224 (
807 1150 990 1205 Matth.
1028 1169 1115 1218 vt,
1148 1155 1218 1210 33
1240 1197 1253 1218 ,
1277 1154 1346 1209 52
1365 1197 1379 1217 ,
1406 1155 1497 1227 8).
1528 1155 1657 1210 Nam
1686 1156 1834 1210 inulti

3437 353 3540 407 ιρι

2036 434 2089 489 3.
2165 436 2338 493 Prima
2383 452 2428 495 at
2470 447 2688 500 ερευιιιιιι
2731 453 2917 510 petitio.
2951 485 3017 494 —-—
3048 456 3391 528 Sonrtiﬁrrtm
3438 484 3530 523 ιω-

1959 540 2070 577 men
2099 536 2257 592 tuum,
2286 529 2532 602 dicimus,
2587 535 2763 591 Veniat
2790 559 2994 612 regnum
3027 558 3187 602 tuum.
3226 553 3529 612 Sanctiﬁcat-

1958 614 2033 666 tio
2061 618 2288 673 nominis
2332 622 2422 676 Dei
2464 635 2581 693 est,
2613 644 2710 696 qua
2739 632 3000 690 eﬂiciumr
3037 656 3130 693 nos
3170 646 3357 698 sancti.
3397 646 3526 701 Nam

1956 718 2146 760 nomen
2166 707 2281 778 ejus
2298 725 2600 783 semperest
2623 730 2882 776 smictum.
2901 724 3155 796 Optamus
3169 732 3325 787 etiam
3346 739 3525 796 venire

1953 811 2171 866 regnum
2199 803 2354 870 ejus:
2383 807 2560 863 veniet
2586 853 2602 877 ,
2641 822 2690 866 et
2719 813 2761 867 si
2793 816 3070 884 nolumus;
3117 824 3208 877 sed
3246 835 3430 895 optare
3467 840 3520 886 et

1948 899 2105 942 orare
2151 900 2207 944 ut
2248 895 2422 950 veniat
2465 913 2683 968 regnum
2730 903 2883 973 ejus,
2927 908 3055 963 nihil
3090 922 3173 966 est
3201 914 3340 970 aliud
3364 934 3521 987 quam

1946 985 2132 1046 Optare
2153 981 2221 1034 ab
2248 983 2356 1048 illo,
2390 996 2446 1040 ιιι
2466 989 2654 1059 dignos
2683 1008 2778 1047 nos
2806 995 2960 1051 faciat
2986 1015 3148 1070 regno
3169 1016 3297 1069 suo,
3328 981 3395 1062 ne
3418 1009 3524 1063 for-

1947 1077 1998 1124 te
2018 1111 2033 1136 ,
2059 1073 2202 1141 quod
2223 1076 2361 1131 absit
2387 1120 2400 1144 ,
2436 1083 2609 1136 veniat
2634 1126 2648 1150 ,
2680 1096 2732 1141 et
2764 1103 2867 1141 non
2913 1092 3065 1147 nobis
3105 1096 3301 1150 veniat.
3346 1099 3522 1156 Multis

1942 1163 2082 1217 enim
2127 1183 2231 1223 non
2274 1180 2356 1226 est
2397 1184 2697 1243 venturum,
2728 1182 2867 1251 quod
2901 1194 3073 1241 tamen
3104 1199 3385 1245 venturum
3414 1204 3516 1249 cst.

246 1240 419 1293 etiam
446 1240 589 1296 laute
618 1244 803 1297 tentati
831 1254 955 1299 sunt
980 1287 995 1311 ,
1036 1257 1091 1300 et
1116 1261 1300 1300 aurum
1331 1246 1529 1303 inventi
1553 1291 1565 1312 ,
1594 1259 1648 1303 et
1674 1263 1702 1301 ιι
1727 1249 1848 1302 Deo'
1940 1251 2030 1307 Eis
2057 1258 2199 1312 enim
2226 1271 2502 1317 venturum
2534 1278 2613 1320 est
2634 1311 2649 1331 ,
2678 1271 2867 1339 quibus
2916 1275 3150 1343 dicetur,
3193 1278 3398 1346 Venite,
3427 1282 3516 1337 be-

240 1346 354 1384 nnn
382 1331 607 1387 deserti.
636 1331 881 1389 Perit-cut
927 1336 1063 1392 fame
1086 1378 1098 1400 ,
1131 1338 1174 1392 si
1215 1337 1489 1393 desereret
1531 1355 1625 1394 cor
1648 1354 1831 1394 eorum

241 1423 405 1492 panis
452 1424 674 1479 interior
710 1426 1073 1495 quotidianus.
1124 1428 1297 1498 Ipsum
1349 1430 1577 1485 maxime
1625 1430 1830 1485 esuria-

237 1529 386 1566 mus.
417 1511 563 1567 Beati
589 1516 732 1569 enim
762 1517 852 1587 qui
875 1517 1098 1571 csuriunt
1126 1528 1172 1572 et
1193 1519 1364 1572 sitiunt
1390 1520 1670 1591 justitiam,
1700 1536 1830 1591 quo-

237 1603 385 1655 niam
411 1604 507 1673 ἕρεὲ
534 1605 898 1660 saturabnutur
946 1610 967 1678 (
990 1605 1074 1666 Id.
1110 1624 1139 1660 v
1159 1650 1173 1672 ,
1198 1607 1282 1680 ϐ).
1316 1610 1495 1664 Potest
1538 1621 1713 1666 autent
1744 1611 1826 1665 iu-

232 1690 549 1747 linnitateui
580 1704 819 1749 nostram
851 1697 1266 1755 misericorditer
1302 1701 1494 1755 intueri
1518 1742 1533 1765 ,
1565 1710 1618 1757 et
1646 1702 1826 1757 videre

232 1798 338 1835 nos
358 1823 374 1839 .
406 1783 678 1853 quomodo
702 1784 898 1841 dictum
927 1797 1011 1842 est
1042 1803 1059 1841 :
1088 1788 1339 1843 iumento
1376 1791 1495 1862 quia
1539 1791 1702 1859 pulvis
1738 1808 1825 1845 διι-
1852 1776 1866 1790 ’

229 1890 350 1927 ntus
380 1873 551 1943 (Ρδιιι.
581 1891 652 1930 cu
677 1915 696 1941 ,
725 1879 826 1947 Η).
857 1877 956 1945 Qui
979 1879 1046 1935 de
1073 1880 1293 1952 pulvere
1322 1881 1589 1937 hominem
1622 1881 1744 1937 fecit
1768 1892 1821 1938 et

228 1965 493 2021 animavit
510 2008 524 2028 ,
548 1982 644 2037 pro
665 1968 767 2024 isto
792 1970 1042 2041 ﬁgmento
1064 1972 1283 2028 Unicum
1312 1975 1378 2029 ad
1407 1984 1629 2030 mortem
1652 1975 1817 2030 dedit.

222 2060 504 2124 Quantum
536 2074 632 2114 nos
661 2072 822 2128 amet,
851 2064 970 2134 quis
997 2073 1167 2135 potest
1196 2067 1487 2136 explicare,
1507 2068 1625 2139 quis
1646 2078 1819 2139 potest

226 2150 424 2203 saltem
454 2150 614 2221 digne
638 2153 904 2223 cogitare?

729 2288 957 2345 δειιιιυ
994 2291 1180 2348 ιιιιι·
1221 2293 1319 2367 (a).

227 2394 365 2449 Item
387 2399 443 2451 in
468 2398 697 2455 πριιιικὶ
714 2414 868 2473 caput
899 2421 983 2471 vt,
1010 2407 1160 2474 9—13,
1185 2408 1252 2463 de
1275 2410 1504 2465 oratione
1522 2408 1809 2477 Domini“.
1856 2448 1861 2457 -

792 2489 862 2542 ad
889 2488 1247 2561 Compctcutcs.
1266 2538 1275 2547 ,

292 2607 527 2665 CAPUT
569 2611 852 2669 PRIMUM.
895 2644 970 2657 —
1016 2617 1068 2672 l.
1123 2616 1419 2690 Symbolum
1465 2630 1514 2677 et
1545 2618 1810 2677 Dominica

219 2702 413 2758 oratio.
464 2704 773 2774 Symlml'um
816 2708 1153 2779 reddidistis,
1212 2725 1318 2783 quo
1371 2713 1608 2771 breviter
1661 2728 1810 2771 com-

216 2793 489 2861 prehensi
517 2798 827 2854 continetur
863 2799 1012 2858 fides.
1044 2801 1162 2858 lam
1195 2812 1250 2860 et
1288 2815 1443 2860 antea
1481 2806 1589 2861 dixi
1632 2807 1801 2873 vobis,

213 2885 366 2954 quod
400 2887 479 2941 ait
514 2890 790 2958 apostolus
818 2891 1049 2961 Paulus,
1080 2893 1343 2960 Quomodo
1385 2897 1711 2965 invocabant,
1750 2899 1803 2954 in

214 2996 370 3047 quau
401 2997 503 3034 non
547 2982 864 3038 crediderunt
888 2985 1063 3055 (Rom.
1091 3003 1123 3042 χ
1148 3031 1163 3056 ,
1195 2988 1281 3059 ll)
1303 2989 1330 3043 Ῥ
1358 2989 1488 3058 Quia
1516 3006 1642 3061 ergo
1667 3006 1801 3062 quo-

214 3068 383 3122 tumin
408 3070 658 3127 credatur
686 3073 738 3127 in
770 3073 933 3131 Deum
959 3118 974 3143 ,
1014 3085 1068 3131 et
1094 3079 1370 3150 accepistis
1391 3122 1403 3144 ,
1436 3089 1485 3136 et
1516 3082 1758 3138 tenuistis
1781 3125 1796 3150 ,

211 3168 271 3213 et
324 3160 629 3217 reddidistis
677 3179 690 3218 :
743 3165 967 3236 accipite
1015 3167 1173 3224 hodie
1217 3169 1483 3240 quomodo
1526 3171 1798 3228 invocetur

215 3250 378 3304 Dens.
410 3249 528 3321 Ipse
553 3252 719 3308 Filius
744 3256 882 3311 sicut
922 3258 1145 3314 audistis
1167 3303 1181 3325 ,
1200 3266 1331 3315 eum
1364 3261 1690 3333 Evangilium
1724 3265 1797 3322 le-

208 3348 454 3408 geretur,
470 3343 649 3398 docuit
665 3346 951 3417 discipulos
968 3364 1094 3404 suus
1109 3358 1163 3406 et
1176 3351 1355 3408 lideles
1371 3367 1495 3409 suos
1509 3356 1645 3411 hanc
1664 3356 1795 3411 Ora-

210 3432 604 3502 tionmmSpem
621 3434 880 3492 habemus
896 3440 1196 3496 obtinenda:
1213 3457 1388 3499 causa:
1408 3456 1794 3519 nostrm,quan-

207 3523 413 3576 dotatis
436 3526 775 3597 jiuisperitus
789 3530 940 3586 nobis
958 3533 1121 3590 Preee
1132 3552 1156 3587 s
1174 3536 1673 3595 dict.1vit..\ssessor
1689 3541 1792 3595 Pa-

207 3618 327 3681 tris,
349 3619 488 3674 sicut
515 3618 745 3677 confessi
760 3623 909 3689 estis,
929 3626 1016 3694 qui
1033 3626 1182 3681 sedet
1202 3627 1270 3681 ad
1285 3627 1555 3684 dexteram
1573 3630 1742 3687 Patris
1772 3648 1787 3685 :

204 3708 322 3776 ipse
347 3719 429 3764 est
457 3711 742 3768 advocatus
774 3725 973 3783 noster,
988 3719 1077 3789 qui
1098 3718 1306 3776 futurus
1324 3722 1785 3791 cstjudexuoster.

206 3801 487 3856 lndeenim
501 3792 753 3860 venturus
766 3807 1030 3878 estjudiea
1037 3826 1092 3864 re
1101 3811 1248 3865 vivos
1263 3822 1316 3866 et
1328 3822 1581 3868 mortuos.
1591 3814 1789 3872 Teucte

201 3910 335 3963 ergo
357 3904 413 3949 et
442 3896 576 3951 hanc
599 3894 923 3965 Orationem,
944 3916 1103 3972 quam
1132 3903 1384 3958 reddituri
1412 3906 1540 3959 estis
1564 3905 1629 3960 ad
1668 3915 1788 3963 octo

199 3986 337 4040 dies.
364 3986 693 4060 Quicumque
735 4001 911 4047 autem
962 4002 1197 4050 vestrum
1236 4011 1339 4050 non
1390 3997 1524 4053 bene
1555 3997 1784 4071 Symbo-

203 4077 313 4128 lum
357 4078 704 4135 reddiderunt
727 4124 740 4143 ,
770 4082 967 4138 habent
986 4085 1232 4155 spatium,
1268 4095 1481 4143 teneant
1509 4106 1522 4141 :
1546 4092 1663 4158 quia
1696 4091 1783 4145 die

202 4169 411 4223 sabbati
458 4171 793 4227 audientibus
839 4176 1087 4231 omnibus
1129 4176 1220 4246 qui
1264 4177 1487 4233 aderunt
1526 4179 1781 4235 reddituri

200 4261 352 4323 rstis,
371 4262 460 4316 die
482 4261 685 4318 sabbati
712 4266 1028 4330 novissimo,
1052 4284 1157 4338 quo
1181 4268 1267 4324 die
1296 4269 1593 4340 baptizandi
1629 4272 1777 4328 estis.

204 4352 280 4403 Ad
306 4362 433 4407 Octo
472 4363 648 4407 autem
679 4354 794 4410 dies
844 4355 913 4410 ab
958 4357 1217 4414 hodierno
1245 4358 1333 4415 die
1368 4360 1621 4416 reddituri
1649 4364 1778 4420 estis

198 4441 340 4496 hanc
363 4441 693 4508 Orationem,
726 4462 882 4516 quam
910 4449 1067 4503 hodie
1085 4452 1383 4521 accepistis.

268 4533 495 4589 CAPUT
538 4536 602 4590 Il.
640 4568 712 4577 —-
764 4539 818 4592 2.
863 4538 1100 4595 Omnium
1138 4560 1269 4598 unus
1308 4556 1468 4615 pater.
1497 4546 1660 4620 Cujus
1682 4565 1772 4604 ca-

199 4637 289 4688 put
307 4633 411 4689 est,
445 4623 603 4679 Pater
628 4639 794 4682 uoster
814 4669 831 4695 ,
871 4632 957 4700 qui
989 4648 1040 4686 cs
1082 4634 1133 4685 in
1159 4635 1314 4688 oculis.
1348 4635 1646 4693 Invenimus
1672 4641 1772 4696 Pa-

194 4726 330 4769 trem
361 4716 414 4769 in
442 4719 592 4772 cmlis
627 4736 640 4772 :
686 4722 1018 4778 attendamus
1060 4726 1504 4795 quemadmodum
1537 4732 1774 4787 vivamus

196 4808 249 4860 in
294 4808 470 4862 terris.
502 4808 593 4864 Sic
632 4811 772 4867 enim
797 4812 953 4868 debet
992 4816 1167 4870 vivere
1192 4858 1206 4881 ,
1233 4818 1320 4888 qui
1368 4812 1568 4874 invenit
1616 4822 1769 4876 talem

192 4895 404 4951 Patrem
426 4940 439 4964 ,
486 4907 544 4952 ut
580 4899 767 4969 dignus
821 4904 896 4958 sit
935 4905 1117 4960 venire
1142 4906 1207 4960 ad
1243 4907 1356 4975 ejus
1384 4907 1765 4967 ha‘reditatem.

197 4988 433 5044 Dicimus
457 5003 632 5047 autem
656 4998 1032 5063 communiter,
1068 4995 1221 5053 Pater
1246 5009 1428 5054 uoster.
1463 5001 1665 5069 Quanta
1691 5004 1771 5058 di-

187 5080 411 5147 gnatio?
447 5081 558 5137 Hoc
599 5083 724 5138 dicit
767 5085 1086 5156 imperator,
1130 5089 1228 5144 hoc
1276 5091 1404 5146 dicit
1458 5095 1765 5163 mendicus;

188 5171 293 5227 hoc
327 5171 456 5227 dicit
490 5188 709 5238 servus,
751 5176 855 5231 hoc
893 5177 1025 5234 dicit
1062 5180 1308 5239 dominus
1331 5182 1463 5251 ejus.
1489 5184 1653 5240 Simul
1682 5190 1764 5240 di-

189 5275 348 5331 cunt,
383 5264 538 5320 Pater
572 5266 759 5332 noster,
785 5271 870 5338 qui
897 5288 948 5324 cs
977 5267 1028 5327 in
1077 5272 1232 5326 aclis.
1289 5272 1586 5347 luteiligunt
1639 5295 1765 5350 ergo

191 5372 251 5411 se
289 5372 409 5411 esse
438 5355 629 5413 fratr-cs
654 5401 669 5421 ,
701 5361 916 5429 quando
943 5379 1101 5416 ιιιιιιιιι
1146 5364 1340 5419 habent
1388 5368 1617 5422 Patrem.
1657 5370 1761 5426 Sed

190 5462 292 5500 non
312 5447 631 5518 dodiguetur
644 5448 860 5507 (mtrem
878 5454 1085 5507 habere
1097 5450 1307 5509 s'ervunt
1334 5472 1488 5512 suum
1517 5458 1762 5515 dominus

186 5538 335 5607 ejus,
364 5552 526 5610 quem
551 5539 771 5598 fratrem
799 5544 962 5599 voluit
985 5544 1183 5602 habere
1216 5547 1467 5604 Dominus
1497 5551 1760 5609 Christus.

244 5673 264 5740 '_
286 5673 352 5740 ιιι
375 5674 583 5740 donaci:
598 5682 673 5740 gr.
695 5692 738 5727 ι’.
757 5692 847 5728 rm.
868 5694 915 5729 ν.
936 5689 1033 5729 Ant.
1061 5687 1132 5730 Er.
1158 5690 1258 5733 Par.
1285 5690 1392 5736 tor.
1420 5688 1720 5740 emendatus.

242 5737 313 5798 (a)
348 5736 489 5794 Alias,
512 5734 722 5786 arma:
744 5741 965 5791 ttomilias
986 5743 1062 5791 50.

467 5832 741 5895 Ριτῐιοι..
776 5838 828 5897 Χ
844 5838 889 5895 Χ
908 5839 956 5898 .\'.
973 5840 1012 5894 ι·
1026 5843 1042 5899 ι
1056 5840 1129 5907 ll.

1937 1346 2122 1400 ucdicti
2146 1348 2314 1405 Patris
2339 1357 2432 1407 mei
2456 1397 2469 1418 ,
2506 1360 2750 1428 pt-rcipite
2778 1381 2989 1433 regnum
3019 1370 3155 1439 quod
3192 1372 3327 1427 vobis
3354 1390 3509 1442 paro-

1936 1442 2041 1487 tum
2079 1447 2151 1491 est
2192 1441 2255 1494 ab
2301 1443 2493 1513 origine
2516 1451 2709 1503 mundi.
2744 1452 2852 1506 illis
2880 1471 2982 1509 non
3012 1460 3185 1515 veniet
3215 1441 3408 1532 quibus
3433 1465 3515 1519 di-

1933 1533 2100 1579 cctttr.
2142 1526 2392 1586 Discedite
2440 1551 2471 1588 α
2523 1554 2602 1591 me
2625 1580 2639 1600 ,
2674 1543 2931 1597 maledicti
2950 1587 2964 1611 ,
3001 1548 3053 1600 in
3084 1549 3247 1620 ignem
3270 1562 3511 1607 o'tcrnum

1933 1610 2143 1682 (Matth.
2172 1635 2293 1681 xxv.
2316 1623 2406 1687 54,
2434 1626 2546 1695 41).
2575 1628 2706 1684 Cum
2752 1646 2884 1703 ergo
2927 1610 3150 1693 dicionis
3169 1682 3182 1704 ,
3223 1640 3397 1695 Veniat
3425 1662 3509 1696 ro-

1928 1720 2083 1773 gnum
2114 1716 2273 1773 tuum,
2304 1728 2520 1770 oramus
2547 1727 2600 1772 ut
2629 1720 2779 1775 nobis
2811 1724 3002 1778 veniat.
3026 1726 3161 1795 Quid
3183 1738 3265 1784 est
3288 1772 3300 1793 ,
3336 1740 3389 1786 ut
3414 1748 3508 1786 uo.

1928 1792 2009 1849 his
2037 1798 2253 1854 veniat?
2280 1802 2342 1857 Ut
2379 1804 2544 1861 bonos
2571 1824 2669 1863 nos
2697 1810 2955 1868 inveniat.
2982 1792 3092 1873 Hoc
3115 1834 3241 1889 ergo
3269 1837 3503 1886 oramus.

1927 1896 1983 1940 ιιι
2007 1887 2170 1944 bonos
2207 1909 2305 1961 nos
2331 1893 2485 1951 faciat
2514 1916 2529 1951 :
2564 1909 2689 1955 tunc
2714 1904 2862 1957 enim
2887 1906 3039 1961 nobis
3067 1887 3241 1966 veniet
3278 1928 3503 1983 regnum

1923 1977 2057 2048 ejus.

1993 2067 2218 2128 CAPUT
2242 2075 2326 2129 Ill.
2349 2107 2420 2123 τσ-
2441 2078 2497 2132 «6.
2517 2078 2682 2136 Tertia
2706 2087 2879 2154 petitio
2942 2086 3109 2159 Hujus
3135 2094 3385 2163 petitionis
3416 2098 3498 2151 iu-

1923 2164 2211 2227 tcrprctatio
2236 2165 2438 2233 tripb‘x.
2481 2169 2740 2228 Additnus
2761 2216 2776 2238 ,
2813 2175 2931 2230 Fiat
2958 2180 3184 2236 voluntas
3228 2192 3316 2237 tua
3338 2226 3353 2247 ,
3398 2189 3499 2241 sic-

1919 2259 1972 2300 ut
2012 2251 2063 2304 in
2115 2255 2274 2320 celo,
2303 2258 2375 2309 ita
2427 2266 2476 2313 et
2520 2260 2572 2315 iu
2620 2273 2773 2319 terra.
2802 2266 3049 2341 Serviunt
3091 2273 3183 2329 tibi
3211 2276 3399 2346 Augeli
3439 2279 3492 2332 in

1918 2340 2057 2395 cmlo
2081 2384 2095 2406 ,
2149 2360 2248 2399 nos
2275 2349 2567 2406 serviamus
2607 2355 2699 2409 tibi
2739 2358 2791 2411 in
2819 2340 2978 2415 terra.
3008 2362 3118 2417 Non
3144 2372 3194 2419 te
3219 2340 3492 2424 oll’endunt

1917 2430 2103 2502 Angeli
2132 2434 2182 2489 in
2207 2437 2367 2506 cudo,
2398 2456 2502 2496 non
2527 2449 2580 2498 te
2602 2443 2932 2527 ot'l'endamus
2957 2451 3007 2505 in
3038 2455 3494 2525 terra.Quum0tlo

1918 2522 1990 2579 illi
2018 2523 2221 2583 faciunt
2247 2528 2570 2588 voluntatem
2603 2545 2742 2591 tuam
2762 2578 2777 2602 ,
2799 2539 2878 2594 sic
2902 2522 3157 2599 iaciamus
3179 2522 3377 2602 et'uns.
3420 2549 3486 2607 Et

1914 2611 2001 2668 hic
2023 2615 2150 2685 quid
2189 2633 2404 2674 oramus
2425 2661 2442 2685 ,
2474 2623 2575 2678 nisi
2622 2635 2677 2680 ut
2718 2626 2841 2682 boui
2865 2630 3069 2688 simus?
3092 2632 3315 2701 Quando
3347 2639 3488 2693 enim

1913 2704 2136 2759 facimus
2174 2708 2500 2767 voluntatem
2549 2714 2637 2769 Dei
2681 2716 2826 2786 (nam
2852 2718 2965 2790 ipse
3002 2722 3118 2780 sine
3161 2725 3324 2781 dubio
3364 2728 3491 2783 facit

1911 2792 2106 2866 suam),
2137 2805 2260 2853 tunc
2288 2798 2345 2853 tit
2369 2801 2610 2859 voluntas
2630 2803 2750 2874 ejus
2778 2808 2831 2863 in
2866 2811 3021 2865 nobis
3077 2811 3146 2870 Et
3173 2815 3328 2871 aliter
3352 2816 3490 2874 bene

1910 2883 2273 2957 intelligimus.
2295 2887 2415 2946 Fiat
2439 2893 2669 2951 voluntas
2694 2906 2781 2953 tua
2804 2940 2819 2963 ,
2844 2900 2977 2955 sicut
3000 2904 3053 2959 in
3077 2906 3203 2960 caelo
3222 2948 3238 2971 ,
3265 2907 3335 2961 ita
3358 2921 3404 2962 et
3432 2912 3483 2964 in

1908 2983 2062 3030 terra.
2108 2980 2413 3050 Accipimus
2443 2996 2763 3057 praeceptum
2807 2991 2901 3048 Dei
2925 3034 2939 3056 .
2988 3005 3042 3052 et
3083 2984 3252 3068 placet
3289 3008 3442 3062 nobis
3464 3052 3481 3074 ,

1905 3067 2078 3139 placet
2130 3074 2292 3127 menti
2351 3087 2548 3134 nostrze
2591 3080 2630 3133 ¹.
2694 3067 3137 3144 Conidclectamur
3182 3096 3322 3151 enim
3376 3067 3479 3167 legi

1907 3159 1999 3266 Dei
2030 3164 2321 3221 secundum
2355 3168 2661 3228 interiorem
2707 3172 2976 3234 hominem
3009 3172 3184 3250 (litim.
3214 3203 3320 3255 vn,
3361 3159 3476 3266 22‘).

1902 3249 2051 3307 Tunc
2080 3257 2139 3308 tit
2165 3256 2404 3313 voluntas
2435 3261 2553 3330 ejus
2582 3262 2635 3319 in
2660 3264 2818 3321 cmlo.
2849 3265 2999 3325 Caelo
3018 3249 3166 3331 enim
3203 3249 3478 3350 compara-

1903 3343 2241 3414 tur-spiritus
2269 3358 2491 3418 noster,
2539 3361 2695 3408 teme
2738 3366 2915 3415 autem
2952 3375 3079 3417 earo
3111 3358 3307 3424 nostra.
3329 3343 3471 3442 Quid

1897 3439 2158 3502 estergo,
2192 3433 2313 3491 Fiat
2342 3440 2572 3496 voluntas
2602 3452 2689 3497 tua
2714 3485 2731 3510 ,
2771 3447 2899 3503 sicut
2938 3451 2990 3505 in
3029 3456 3152 3510 (σξιο
3177 3489 3194 3522 ,
3232 3460 3302 3512 ita
3337 3433 3383 3516 ἆ
3421 3465 3472 3517 in

1897 3523 2137 3580 tcrra.Ut
2163 3528 2428 3597 quotuodo
2452 3532 2619 3589 menti
2640 3549 2834 3592 nostra:
2858 3541 3030 3609 placet
3055 3555 3139 3601 tua
3162 3549 3367 3618 jussio,
3398 3556 3473 3610 si:

1894 3613 1942 3668 ei
1973 3617 2270 3673 consentiat
2295 3634 2423 3675 caro
2450 3634 2630 3679 nostra
2658 3643 2673 3692 ;
2705 3637 2758 3682 et
2784 3632 2994 3699 tollatur
3013 3636 3128 3693 rixa
3158 3613 3240 3694 illa
3268 3643 3336 3698 de
3361 3662 3469 3703 meo

1893 3703 1983 3758 dio
2006 3747 2021 3770 ,
2062 3723 2179 3777 quin
2219 3708 2538 3770 describitur
2561 3716 2631 3771 ab
2656 3719 2910 3790 Apostolu
2939 3743 2951 3779 :
2980 3726 3108 3783 Coro
3132 3733 3262 3786 enim
3281 3752 3467 3792 coura-

1894 3795 2042 3863 piscit
2071 3798 2309 3854 adversus
2343 3804 2576 3871 spiritum
2597 3846 2615 3874 ,
2641 3809 2850 3879 spiritus
2883 3827 3050 3871 autem
3079 3822 3318 3880 adversus
3354 3846 3470 3882 cura

1893 3901 2004 3940 nem
2034 3887 2243 3959 (Gatat.
2276 3909 2331 3959 v,
2364 3895 2472 3968 l7).
2518 3898 2741 3967 Quando
2788 3916 2972 3962 contra
3015 3927 3229 3972 carnem
3273 3935 3468 3977 οοιιιιιιρ

1891 3975 2045 4045 piseit
2079 3981 2298 4051 spiritus
2325 4027 2340 4049 ,
2368 3986 2477 4053 jam
2511 3987 2643 4044 facta
2673 4004 2754 4048 cst
2785 3997 3030 4056 voluntas
3056 4002 3169 4075 ejus
3194 4008 3246 4061 in
3272 4012 3413 4066 coelo
3443 4031 3461 4067 .-

1888 4070 2099 4137 quaudo
2141 4086 2323 4130 contra
2354 4078 2595 4146 spiritum
2638 4097 2740 4138 non
2782 4070 3107 4159 concupiscit
3147 4111 3311 4168 Caro,
3351 4103 3460 4171 jam

1889 4156 2023 4214 faeta
2067 4172 2151 4217 est
2196 4167 2438 4222 voluntas
2480 4171 2595 4238 eius
2640 4173 2691 4227 in
2732 4186 2870 4232 terra
2895 4182 2934 4233 ³.
2954 4156 3078 4239 Ἐτιι
3101 4198 3275 4245 autem
3298 4156 3454 4262 pl'euu

1884 4250 2164 4306 concordia
2188 4294 2206 4319 ,
2251 4257 2462 4325 qumodo
2488 4260 2601 4329 ipse
2632 4266 2854 4324 voluerit
2885 4287 2895 4321 :
2924 4272 2995 4327 sit
3019 4279 3215 4334 mundo
3245 4250 3414 4355 pu'gna
3441 4330 3453 4350 ,

1885 4348 1943 4394 ut
1984 4343 2147 4411 possit
2198 4361 2318 4401 esse
2348 4349 2591 4406 victoria.
2630 4354 2798 4412 Etiam
2837 4360 2913 4415 sic
2940 4362 3077 4422 bene
3117 4343 3342 4445 intelligi
3364 4343 3451 4443 ιιιιί

1883 4439 2018 4497 test,
2049 4432 2168 4490 Fiat
2194 4435 2423 4493 voluntas
2445 4452 2530 4495 tua
2553 4485 2567 4509 ,
2607 4445 2736 4500 sicut
2764 4448 2814 4502 in
2835 4452 2960 4506 casio
2984 4496 2997 4518 ,
3027 4456 3099 4510 ita
3118 4469 3167 4514 ct
3189 4461 3243 4515 iu
3273 4432 3406 4520 terra
3436 4484 3453 4520 :
3512 4498 3515 4503 ν

1883 4532 1940 4576 ιιι
1967 4523 2160 4579 omium
2192 4541 2449 4597 potum-ns
2482 4533 2769 4591 Ecclesium
2796 4580 2810 4603 ,
2860 4543 2980 4612 quia
3028 4558 3204 4617 portat
3242 4552 3404 4611 Deum
3435 4573 3448 4618 ;

1884 4621 2077 4669 terram
2107 4627 2281 4670 autem
2315 4619 2574 4692 inﬁdeles,
2599 4625 2788 4695 quibus
2813 4628 3009 4689 dictum
3034 4649 3147 4704 est,
3170 4640 3336 4713 Terra
3374 4663 3447 4715 es,

1879 4713 1926 4757 ct
1968 4704 2019 4759 in
2051 4716 2233 4762 terram
2272 4711 2366 4765 ibi:
2393 4712 2542 4783 (Gen.
2576 4732 2627 4770 ιιι
2650 4760 2665 4781 ,
2702 4720 2810 4791 l9).
2835 4722 3055 4789 Quando
3083 4712 3210 4800 ergo
3236 4704 3450 4790 oramus

1881 4811 1982 4866 pro
2005 4798 2229 4856 inimicis
2261 4804 2455 4858 nostris
2480 4847 2494 4870 ,
2525 4806 2753 4883 inimicis
2778 4811 3064 4884 Ecclesim,
3097 4798 3322 4879 inimicis
3354 4843 3449 4880 no.

1880 4888 2006 4941 mini
2033 4888 2333 4945 Christiano
2355 4934 2369 4956 ,
2416 4894 2517 4951 hoc
2546 4912 2759 4955 oramus
2778 4940 2792 4965 ,
2828 4914 2882 4957 ut
2905 4904 2993 4960 lial
3024 4909 3266 4967 voluntas
3293 4914 3408 4983 ejus
3432 4956 3448 4983 ε

1875 4977 2006 5031 sicut
2028 4980 2080 5032 iu
2106 4982 2250 5044 creto,
2280 4984 2352 5034 ita
2385 4994 2430 5036 et
2463 4984 2513 5038 in
2545 4995 2697 5053 terra,
2725 4990 2776 5042 id
2798 5002 2880 5046 est
2899 5035 2914 5057 ,
2941 4996 3073 5052 sicut
3103 4999 3157 5053 in
3189 5004 3292 5059 tuis
3320 4977 3450 5060 lida:-

1877 5068 2014 5124 libus
2037 5111 2051 5134 ,
2084 5071 2159 5124 sic
2183 5082 2238 5125 et
2267 5073 2318 5126 in
2351 5074 2452 5128 tuis
2482 5075 3022 5150 blasphematoribus;
3052 5098 3106 5141 ut
3129 5103 3315 5149 omnes
3339 5111 3447 5152 cte-

1875 5160 1984 5215 lum
2026 5161 2166 5215 liaut.

1944 5250 2166 5308 CAPUT
2197 5254 2285 5308 IV.
2319 5286 2388 5296 -—
2416 5258 2469 5312 5.
2490 5258 2681 5325 Quarta
2707 5265 2898 5334 petitio.
2917 5268 3251 5335 Quotidianae
3278 5284 3450 5350 panis,

1869 5451 1960 5561 tu;
1981 5451 2053 5500 sic
2089 5457 2191 5500 Mss.
2217 5460 2269 5501 At
2308 5454 2443 5518 editi,
2478 5462 2522 5507 et
2551 5455 2736 5523 placeat
2773 5462 2921 5525 nobis,
2962 5466 3148 5529 Nocent
3184 5472 3329 5525 nanti
3366 5491 3444 5529 no~

1934 5576 2547 5657 ίὶξιὲηύοιιιιιιιιοωξωςρ
2581 5582 2874 5657 concupiuit
2906 5586 3137 5642 adeum
3181 5593 3403 5657 spiritum
3424 5636 3440 5657 ,

1867 5633 2078 5682 παιαιιηι
2111 5641 2198 5714 est
2214 5635 2592 5714 mammas
2767 5633 2816 5714 in
2846 5633 2988 5696 uri-3
3002 5633 3037 5699 ξ·
3055 5633 3266 5714 arma;
3283 5633 3442 5711 tam

1866 5706 2066 5783 carina}:
2083 5694 2373 5783 coactipiscit
2386 5699 2607 5783 spiritus,
2621 5694 2731 5766 ﬁrm
2764 5694 2901 5769 facta
2924 5694 3246 5768 tati-13%;
3267 5694 3447 5783 alia":

1869 5756 2002 5804 creto.
2033 5756 2130 5806 Erit
2151 5756 2323 5817 dum»,
2354 5756 2447 5809 (‘le

2852 5854 3169 5940 {Trrizcnj
3198 5866 3221 5876 '
