3922 6192
436 444 617 501 victus,
645 430 988 491 Eucharistia.
1015 424 1228 479 Verbum
1266 418 1378 474 Dei.
1408 414 1677 498 Sequitur,
1717 410 2012 475 Punenuto-

440 495 953 602 strumquotidianum
969 520 1036 574 do
1056 515 1196 570 nobis
1214 511 1379 567 hodie.
1398 495 1575 564 Potest
1593 502 1906 575 simpliciter
1924 516 2014 555 ac-

438 627 542 697 cipi
564 594 1031 680 orationem'istam
1058 626 1156 666 nos
1182 605 1403 662 fundi-rc
1421 616 1514 672 pro
1536 599 1671 655 victu
1686 594 2012 668 quotidiano,

440 689 507 774 ιιι.
522 714 756 774 abundet
781 709 975 774 nobis;
1015 714 1071 762 et
1106 701 1153 758 si
1183 715 1287 756 non
1318 695 1551 753 abundat
1575 735 1590 759 ,
1624 707 1729 747 non
1755 689 1895 745 desit
1925 706 2020 741 no-

439 814 538 865 his.
571 803 930 875 Quotidianum
958 802 1135 853 autem
1154 792 1324 855 dixit,
1348 786 1599 861 quamdiu
1624 774 1774 838 hodie
1798 789 2014 835 vocatur

392 934 411 950 ο
438 873 621 972 (Hebr.
649 914 706 953 ιιι
735 940 749 963 ,
778 891 894 966 l5).
920 887 1171 960 Quotidie
1195 874 1443 947 vivimus,
1466 876 1703 949 quotidie
1729 873 2016 943 surgimus,

435 963 673 1065 quotidie
718 963 1057 1049 saturamur,
1100 976 1339 1051 quotidie
1375 972 1660 1031 esurimus.
1709 968 1805 1022 Dct
1864 963 2019 1020 nobis

437 1104 628 1160 panem
676 1081 1066 1156 quotidianum.
1101 1074 1278 1144 Quare
1320 1083 1429 1124 non
1476 1065 1611 1123 dixit
1652 1071 1707 1119 et
1743 1069 2021 1130 tegumen-

437 1181 590 1239 tum?
616 1178 797 1233 Victus
825 1173 967 1231 enim
998 1176 1182 1224 noster
1224 1165 1279 1219 in
1308 1163 1430 1218 cibo
1473 1166 1559 1215 est
1584 1166 1639 1212 et
1675 1163 1800 1226 potu
1819 1192 1834 1217 ,
1867 1160 2017 1220 tegu-

437 1282 675 1330 mentum
724 1268 776 1322 in
816 1264 1010 1321 vestitu
1040 1267 1097 1316 et
1134 1265 1294 1314 tecto.
1321 1251 1466 1309 Nihil
1488 1250 1651 1305 homo
1669 1246 1788 1317 plus
1811 1241 2022 1298 deside-

438 1375 521 1421 ret
544 1355 1042 1433 ‘.Quandoquidem
1069 1350 1199 1409 dicit
1228 1345 1515 1420 Apostolus
1548 1360 1562 1397 :
1598 1339 1743 1395 Nihil
1759 1336 2020 1392 intulimus

438 1460 489 1510 in
519 1430 656 1511 hunc
690 1450 932 1507 mundum
959 1465 978 1514 ;
1006 1443 1096 1501 sed
1122 1458 1211 1499 nec
1233 1443 1440 1510 auferre
1466 1430 1659 1502 aliquid
1707 1443 1972 1501 possumus
2000 1441 2033 1481 :.

440 1550 620 1602 victum
663 1554 712 1600 et
757 1548 1094 1614 tegumentum
1150 1532 1386 1588 habentes
1417 1571 1433 1597 ,
1490 1528 1569 1581 his
1616 1521 1836 1579 conterui
1862 1521 2020 1575 simus

439 1642 479 1711 (l
498 1641 629 1695 'f‘im.
661 1654 733 1700 vt,
757 1638 787 1690 7
810 1646 857 1690 et
878 1632 956 1705 8).
976 1632 1165 1688 l’ereat
1188 1624 1431 1690 avaritia,
1451 1628 1507 1678 et
1531 1619 1679 1675 dives
1702 1625 1784 1672 est
1808 1620 2015 1669 natura.

442 1705 580 1803 Ergo
607 1731 650 1785 si
678 1729 743 1782 ad
770 1725 1132 1798 quotidianum
1163 1721 1361 1776 victum
1391 1713 1649 1788 pertinet,
1679 1711 1802 1782 quia
1840 1716 1896 1764 et
1918 1705 2021 1761 hoc

440 1826 575 1878 bene
598 1818 931 1889 intelligitur,
961 1812 1104 1883 quod
1134 1810 1362 1867 dicimus
1383 1849 1396 1874 ,
1444 1805 1640 1859 Panem
1668 1811 1866 1869 notrugn
1891 1813 2019 1868 quo-

438 1916 686 1982 tidianum
723 1911 791 1965 da
828 1908 970 1968 nobis
991 1905 1182 1969 hodie;
1224 1918 1328 1958 non
1359 1901 1613 1955 miremur
1636 1937 1651 1963 ,
1680 1910 1724 1949 sn
1749 1891 2019 1948 nominato

441 2026 575 2079 pane
618 2016 673 2063 et
722 2013 915 2060 eattera
967 1997 1266 2056 necessaria
1315 1994 1693 2063 intelligantur.
1741 1983 2020 2055 Quomodo

435 2074 647 2172 quando
673 2095 869 2167 Joscph
911 2091 1155 2149 invitavit
1183 2089 1375 2144 fratres
1423 2099 1549 2139 suos
1587 2098 1601 2134 :
1634 2074 1980 2172 Homines'illi
1999 2114 2014 2140 ,

438 2168 777 2263 inquitJiodie
803 2202 999 2243 meeum
1026 2181 1404 2237 monducabunt
1442 2191 1625 2248 panem
1674 2168 1823 2245 (Gen.
1854 2182 2012 2232 xutt,

438 2260 547 2356 16).
593 2288 767 2352 Quare
815 2294 1004 2350 partem
1052 2275 1225 2332 soium
1268 2262 1828 2327 manducaturierant?
1855 2260 1960 2316 Sed
1987 2275 2017 2313 a

436 2354 551 2432 solo
577 2388 713 2446 pauc
739 2370 1008 2425 intellecta
1038 2373 1161 2422 sunt
1180 2372 1394 2419 cattera.
1416 2358 1507 2416 Sic
1533 2354 1744 2427 quando
1772 2365 2018 2424 rogamus

443 2482 635 2541 panem
654 2462 1047 2537 quotidianum,
1074 2453 1329 2534 qpidquid
1373 2450 1529 2506 nobis
1556 2455 1772 2519 propter
1797 2457 2015 2499 carnem

445 2531 689 2614 nostram
723 2555 777 2609 in
808 2562 949 2607 terra
980 2531 1338 2604 necessarium
1368 2551 1451 2597 est
1476 2582 1489 2606 ,
1531 2538 1878 2608 postulamus.
1910 2531 2016 2588 Sed

436 2649 563 2723 quid
581 2649 655 2702 ait
683 2646 936 2702 Dominus
961 2638 1155 2697 lesus?
1178 2635 1400 2703 Qua-rite
1435 2632 1652 2704 primunt
1687 2645 1895 2701 regnum
1924 2626 2017 2681 Dei

439 2719 487 2797 et
502 2739 782 2812 justitiam,
801 2744 849 2789 et
867 2734 975 2787 Iure
1000 2729 1171 2786 omnia
1196 2734 1512 2799 opponentur
1530 2721 1665 2778 vobis
1683 2719 1894 2792 (Matth.
1923 2733 1974 2772 vt
1999 2760 2012 2782 ,

438 2834 508 2888 35
529 2833 568 2900 ι.
615 2812 1114 2898 ιιιιειιίεἰιιιιόιίςιιιι
1154 2820 1259 2875 hoc
1288 2815 1441 2873 valde
1483 2815 1619 2871 bene
1642 2855 1659 2881 ,
1694 2812 1884 2866 Panem
1927 2827 2017 2864 no-

436 2935 596 2979 strum
622 2920 969 2993 quotidianum
995 2915 1062 2967 da
1086 2900 1227 2967 nobis
1247 2909 1416 2974 hodie,
1440 2903 1824 2962 Eucharistiam
1847 2910 2013 2967 tuam,

436 3014 801 3085 quotidianum
840 3007 1040 3065 cibum.
1072 3004 1277 3060 Norqu
1320 2998 1465 3057 enim
1503 2997 1689 3053 fideles
1728 2995 1853 3067 quid
1880 2995 2017 3048 acci-

437 3109 614 3177 piant,
650 3113 703 3159 ct
730 3105 930 3177 bonum
953 3112 1035 3155 est
1058 3100 1138 3153 eis
1166 3097 1410 3166 accipere
1438 3108 1625 3165 panem
1652 3090 2013 3162 quotidianum

439 3198 561 3252 huic
607 3192 830 3263 tempori
875 3168 1263 3246 necessarium.
1291 3185 1395 3240 Pro
1437 3199 1496 3238 se
1542 3192 1761 3253 rogant,
1807 3191 1858 3234 ut
1893 3178 2015 3232 boni

437 3269 605 3351 tiam‘,
631 3294 688 3340 ut
710 3285 762 3338 in
792 3281 1028 3339 bonitate
1061 3289 1116 3335 et
1141 3266 1244 3333 fide
1268 3268 1321 3333 et
1355 3276 1461 3330 vita
1487 3274 1628 3331 bona
1654 3277 2013 3342 perseverent.

436 3381 547 3436 lloc
567 3386 774 3448 optant,
790 3376 891 3431 hoc
924 3373 1081 3427 orauit
1107 3369 1261 3441 :qnia
1287 3369 1333 3424 si
1361 3382 1465 3423 non
1496 3362 2025 3436 perseveraverintin

437 3475 539 3529 vita
584 3474 720 3528 bona
747 3512 763 3537 ,
807 3466 1195 3539 separabantur
1224 3464 1291 3518 ab
1317 3462 1407 3516 illo
1446 3458 1796 3531 pane.‘Ergo,
1824 3455 2017 3510 Panem

437 3576 665 3620 nostrum
685 3561 1035 3632 quotidianum
1059 3557 1127 3611 do
1151 3554 1293 3611 nobis
1316 3552 1465 3609 hodie
1487 3595 1501 3620 ,
1529 3550 1654 3622 quid
1675 3558 1758 3606 est
1775 3548 1801 3602 ἲ
1827 3547 1918 3604 Sic
1938 3547 2018 3630 vi-

440 3672 626 3712 vamus
653 3698 665 3718 ,
712 3663 767 3710 ut
794 3653 862 3708 ab
886 3651 1042 3706 altari
1075 3659 1166 3704 tuo
1193 3663 1297 3702 ιιοιι
1324 3656 1652 3717 separemur.
1694 3642 1761 3699 Et
1797 3626 2018 3698 verbium

440 3750 528 3805 Dei
577 3750 716 3819 quod
744 3745 980 3817 quotidie
1025 3743 1176 3798 vobis
1204 3741 1442 3811 aperitur
1464 3781 1479 3805 ,
1508 3738 1579 3795 et
1602 3737 1830 3809 quodam
1863 3737 2019 3791 modo

437 3840 694 3911 frangitur
715 3880 728 3904 ,
779 3836 930 3907 panis
966 3833 1308 3906 quotidianus
1352 3842 1454 3885 cst.
1485 3829 1554 3885 Et
1579 3820 1845 3900 quoniodo
1872 3828 2018 3882 illutn

439 3947 627 4004 panem
650 3939 868 3986 ventres
890 3971 904 3993 ,
937 3928 1016 3983 sic
1056 3926 1214 3981 istum
1258 3923 1499 3980 esuriunt
1533 3930 1757 3978 mentes.
1787 3920 1855 3975 Et
1880 3919 2020 3975 hunc

437 4044 564 4098 ergo
605 4027 833 4096 petimus
857 4020 1195 4091 simpliciter,
1240 4026 1295 4073 et
1324 4015 1578 4087 quidquid
1605 4015 1795 4069 anima:
1824 4021 2018 4067 nostra:

438 4129 487 4171 ct
526 4117 672 4173 carni
701 4123 895 4170 nostra:
931 4113 983 4167 in
1033 4111 1130 4166 hac
1159 4108 1267 4165 vita
1320 4106 1675 4164 necessarium
1699 4113 1779 4161 cst
1802 4148 1815 4170 ,
1842 4105 2017 4175 quoti-

438 4212 597 4263 diano
620 4223 757 4278 pane
785 4203 1137 4261 concluditur.
1440 4204 1447 4209 ’

508 4296 733 4354 CAPUT
776 4296 835 4350 Υ.
873 4326 936 4337 -—-
962 4294 1012 4349 6.
1062 4293 1249 4358 Quinta
1301 4293 1490 4361 petitio.
1522 4320 1595 4330 —
1635 4288 1842 4344 Dimitte
1879 4286 2018 4341 nobis

439 4391 606 4444 debito
632 4397 833 4449 nostra,
856 4385 1084 4439 dicimus
1105 4426 1118 4449 ,
1149 4394 1199 4437 ct
1233 4381 1507 4446 dicamus;
1537 4382 1657 4452 quia
1687 4397 1868 4436 verum
1890 4379 2020 4436 dici-

440 4496 577 4538 mus.
606 4479 735 4546 Qnis
763 4477 902 4530 (ειιιιιι
936 4468 1019 4528 hic
1051 4472 1176 4526 vivit
1204 4474 1254 4525 in
1293 4486 1482 4539 carne,
1509 4480 1564 4525 et
1605 4487 1708 4526 non
1742 4472 1897 4525 habet
1925 4471 2023 4525 dc-'

441 4570 580 4625 luta?
599 4568 729 4638 Quis
753 4558 1013 4621 estho'tno
1046 4564 1122 4619 sic
1142 4564 1324 4618 vivens
1343 4604 1358 4630 ,
1389 4570 1446 4616 nt
1469 4563 1515 4617 ei
1545 4576 1649 4615 non
1672 4564 1741 4616 sit
1765 4563 1861 4617 ista
1886 4561 2019 4618 Ora-

443 4664 513 4716 tio
540 4657 871 4716 necessaria?
895 4650 1082 4710 Inflare
1096 4668 1152 4708 se
1168 4651 1666 4724 potest,justificare
1691 4668 1798 4707 non
1829 4661 2017 4722 potest.

443 4750 646 4807 Bonum
673 4757 756 4804 est
788 4748 859 4802 illi
893 4755 950 4800 ut
979 4744 1212 4799 imitetur
1236 4741 1579 4798 Pnblicanum
1599 4783 1612 4807 ,
1641 4757 1738 4796 nec
1769 4751 2024 4798 tumescat

442 4846 578 4899 sicut
604 4840 932 4902 Phariscus,
964 4837 1052 4909 qui
1073 4834 1312 4891 ascendit
1339 4833 1391 4888 in
1421 4833 1671 4903 templum
1690 4876 1704 4899 ,
1730 4843 1783 4888 et
1805 4833 2024 4904 jactavit

443 4934 628 4989 merita
650 4946 742 4988 sua
765 4974 777 4996 ,
806 4929 937 4985 texit
962 4926 1181 4982 vulnera
1212 4939 1327 4982 sua.
1360 4925 1453 4981 ille
1472 4934 1649 4980 autem
1678 4925 1830 4980 scivit
1858 4939 2022 4995 quare

436 5024 775 5087 ascenderit,
803 5021 891 5092 qui
936 5019 1175 5086 diccbat,
1206 5006 1453 5079 Domine,
1482 5017 1728 5088 prapitius
1770 5026 1873 5071 esto
1900 5017 2023 5070 mihi

446 5116 695 5187 peccaturi
739 5113 887 5187 (Luc.
930 5127 1093 5178 xvm,
1124 5109 1335 5181 10.13).
1379 5109 1489 5165 lloc
1535 5104 2019 5165 Dominuslesus:

441 5207 802 5271 considerate,
834 5204 1025 5260 fratres
1069 5202 1172 5258 mei
1208 5219 1221 5255 :
1254 5203 1354 5257 hoc
1386 5202 1636 5256 Dominus
1680 5200 1834 5256 .lcsus
1870 5217 2025 5256 orare

441 5299 621 5354 docuit
649 5294 935 5365 discipulos
964 5307 1090 5347 suos
1110 5334 1122 5354 ,
1156 5282 1277 5345 illos
1304 5306 1521 5360 magnos
1552 5292 1753 5360 primos
1791 5292 2022 5359 Aposto-

444 5394 524 5448 los
564 5388 938 5453 suos,arietes
966 5394 1196 5439 nostros.
1243 5383 1298 5437 Si
1344 5396 1470 5451 ergo
1513 5397 1606 5449 pro
1649 5384 1879 5453 peccatis
1917 5385 2027 5439 suis

443 5483 768 5538 dimittendis
793 5470 985 5534 arietes
1012 5485 1194 5539 orant,
1218 5475 1336 5545 agni
1361 5475 1483 5543 quid
1506 5474 1699 5529 debent
1729 5474 1898 5530 facere
1918 5519 1931 5544 ,
1960 5479 2027 5533 dc

444 5574 634 5641 quibus
659 5574 858 5628 dictum
881 5578 992 5634 est,
1016 5568 1203 5636 Alferte
1224 5566 1441 5621 Domino
1466 5564 1600 5634 [ilius
1621 5568 1826 5622 mictum
1851 5567 2019 5637 (l’sol.

512 5708 524 5739 ι
563 5686 649 5755 nisi:
675 5741 690 5764 ,
727 5716 773 5753 tt
794 5704 913 5754 nihil
935 5704 1072 5752 homo
1094 5702 1200 5767 plus
1234 5700 1491 5767 desis-lerat.

510 5772 527 5801 ³
546 5777 617 5817 ἀνί
638 5763 733 5815 es...
763 5769 874 5815 ιιρειιιι
899 5763 1150 5822 antenn'nt
1179 5766 1293 5813 bona
1321 5763 1512 5828 faciunt.

1678 300 1737 354 Β.
1772 292 2141 352 Αυαυείἰιηι
2186 291 2486 349 EPISCOl‘l
3587 299 3673 359 δη

2131 421 2318 466 xxvm.
2354 406 2446 475 l)?
2476 404 2586 460 lloc
2604 419 2735 475 ergo
2762 403 2911 460 scitis
2930 417 3025 458 Vos
3052 406 3100 458 in
3121 406 3373 477 Syntbolo
3391 409 3674 483 reddidﬁsc,

2128 496 2253 565 quia
2297 496 2433 549 inter
2475 504 2665 548 uetera
2710 496 3024 550 nontinastis
3060 495 3416 551 remissionem
3456 512 3672 568 poculo.

2130 604 2266 643 rum.
2297 588 2558 642 ltemissio
2583 597 2918 656 peccatorum
2947 604 3046 643 una
3069 598 3177 655 03‘,
3200 605 3318 659 qua:
3341 593 3493 647 semel
3511 595 3670 664 datur;

2131 679 2267 741 alia,
2292 693 2414 748 qua:
2438 677 2673 748 quotidie
2711 678 2885 733 datur.
2933 678 3192 735 ltetnissio
3236 694 3548 750 peccatorum
3584 702 3670 743 una

2128 777 2208 824 est
2228 812 2243 835 ,
2269 785 2386 840 qua:
2409 769 2577 825 semel
2602 769 2757 824 datur
2786 770 2838 824 iu
2865 779 3047 825 sancto
3070 770 3417 840 Baptismate;
3437 773 3552 839 alia,
3571 794 3672 846 qua;

2125 859 2378 929 quamdiu
2422 860 2647 915 vivimus
2690 859 2812 927 hic,
2840 860 2995 914 datur
3034 860 3089 918 in
3137 861 3403 916 Dominica
3440 868 3668 925 oratione.

2129 950 2357 1021 Propter
2381 951 2523 1021 quod
2547 950 2773 1007 dicimus
2790 992 2806 1013 ,
2836 951 3049 1005 Dimitte
3068 951 3208 1009 nobis
3228 952 3390 1007 debita
3415 965 3589 1010 nostra.

2194 1040 2419 1098 CAPUT
2444 1040 2528 1096 Vl.
2559 1070 2628 1084 —-
2658 1043 2709 1096 7.
2762 1041 2841 1097 De
2883 1042 3057 1097 eadem
3098 1043 3346 1113 petitione.
3393 1045 3460 1101 Et
3495 1047 3674 1107 induxit

2127 1131 2400 1187 nobiscum
2429 1132 2570 1187 Deus
2610 1140 2820 1202 pactum
2847 1140 2901 1187 et
2931 1132 3212 1201 placitum,
3242 1132 3541 1207 firtnumquc
3571 1138 3670 1195 chi.

2123 1222 2444 1293 rographum
2461 1264 2476 1289 ,
2500 1233 2556 1278 ut
2578 1223 2847 1289 dicamus,
2881 1222 3026 1278 Sicut
3054 1233 3102 1277 et
3139 1241 3231 1279 nos
3254 1224 3536 1283 dimittimus
3554 1229 3674 1285 «ωδ.

2125 1312 2314 1368 toribus
2338 1314 2540 1370 nostris.
2561 1314 2662 1382 Qui
2689 1315 2799 1369 vult
2817 1313 2997 1369 dicere
3015 1313 3324 1382 efﬁcaciter,
3342 1314 3537 1372 Dimitte
3554 1318 3673 1375 nobis

2123 1404 2288 1460 debita
2314 1415 2516 1472 nostra;
2543 1405 2685 1462 dicat
2714 1405 2993 1472 veraciter,
3022 1404 3170 1460 Sicut
3208 1415 3257 1459 et
3290 1422 3381 1463 nos
3406 1406 3670 1466 dimittimus

2129 1495 2437 1555 debitoribus
2455 1496 2658 1550 nostris.
2687 1495 2744 1551 Si
2770 1495 2872 1550 hoc
2895 1494 3035 1565 quod
3063 1504 3149 1550 est
3174 1496 3458 1565 posterius,
3485 1505 3566 1552 aut
3585 1513 3671 1554 non

2127 1585 2285 1654 dicit,
2307 1596 2397 1640 aut
2415 1585 2673 1645 fallaciter
2695 1585 2850 1650 dicit;
2877 1585 3003 1641 illud
3022 1584 3169 1656 quod
3194 1586 3339 1656 prius
3357 1595 3454 1651 est,
3474 1586 3671 1651 inaniter

2125 1677 2278 1733 dicit.
2308 1677 2535 1735 Maxime
2555 1677 2704 1733 vobis
2732 1677 2960 1733 dicimus
2977 1717 2996 1745 ,
3024 1678 3283 1734 Dimittite
3300 1680 3469 1735 omnia
3487 1679 3549 1736 de
3566 1696 3668 1737 cor-

2124 1769 2281 1826 dibus
2308 1770 2497 1826 vestris
2517 1810 2533 1835 ,
2563 1771 2652 1840 qui
2683 1769 2751 1825 ad
2785 1779 3026 1826 unctum
3050 1770 3322 1841 Baptistna
3343 1771 3593 1829 acceditis.
3617 1773 3672 1827 lit

2123 1874 2254 1928 vos,
2282 1860 2498 1927 ﬁdeles,
2526 1859 2617 1930 qui
2657 1875 2751 1930 per
2793 1856 2934 1915 hanc
2966 1860 3304 1917 occasionem
3344 1861 3525 1917 auditis
3560 1861 3673 1915 lianc

2120 1950 2427 2006 Orationem
2456 1960 2515 2009 et
2537 1960 2773 2007 nostram
2814 1950 3237 2021 expositionem,
3263 1950 3504 2008 dimittite
3530 1961 3672 2008 totum

2120 2037 2373 2110 quidquid
2395 2040 2650 2095 adversus
2691 2040 2920 2111 aliquem
2968 2040 3185 2097 habetis
3218 2040 3285 2099 de
3327 2041 3673 2101 cordibus“:-
3698 2066 3729 2085 '-

2121 2130 2246 2185 stris
2270 2148 2283 2185 :
2306 2130 2377 2185 ibi
2415 2132 2695 2201 dimittite,
2739 2132 2827 2187 ubi
2857 2132 2995 2189 Deus
3035 2133 3207 2190 videt.
3242 2134 3524 2205 Aliquando
3552 2135 3672 2190 etaim

2122 2220 2281 2278 home
2320 2222 2553 2278 dimittit
2592 2240 2688 2280 ore
2706 2266 2722 2291 ,
2752 2234 2807 2279 et
2836 2234 2978 2281 tenet
3005 2225 3210 2282 corde:
3233 2227 3440 2282 dimittit
3464 2243 3549 2283 ore
3574 2244 3673 2297 pro-

2123 2318 2238 2381 pter
2258 2311 2502 2369 homines
2518 2354 2533 2380 ,
2563 2322 2617 2369 et
2645 2323 2791 2388 tenet
2818 2315 2981 2370 corde
2998 2359 3013 2383 ,
3039 2332 3145 2372 non
3175 2319 3363 2373 timens
3384 2318 3554 2373 oculos
3576 2318 3668 2372 Dei.

2121 2403 2347 2463 Prorsus
2369 2404 2624 2462 dimittite
2640 2420 2666 2472 ;
2684 2405 2941 2478 quidquid
2965 2418 3050 2463 est
3074 2408 3089 2439 '
3112 2409 3264 2478 quod
3291 2422 3449 2479 usque
3478 2407 3540 2462 ad
3566 2409 3673 2463 istos

2119 2494 2237 2552 dies
2265 2498 2543 2565 tenuistis,
2575 2498 2765 2554 saltem
2812 2498 2894 2552 his
2929 2498 3118 2554 diebus
3160 2500 3428 2555 dimittite.
3454 2499 3559 2556 Non
3593 2499 3671 2554 tle-

2119 2586 2234 2645 buit
2263 2588 2516 2647 occidere
2542 2589 2624 2665 sol
2649 2606 2812 2660 super
2841 2590 3177 2651 iracundiam
3206 2600 3453 2657 vestram,
3475 2600 3526 2646 et
3547 2592 3671 2646 mulli

2119 2677 2261 2749 soles
2310 2679 2652 2737 transierunt.
2702 2680 2966 2765 Transeat
3001 2681 3299 2753 aliquando
3343 2692 3400 2740 et
3439 2683 3669 2745 iracundia

2119 2779 2321 2838 vestra,
2344 2771 2462 2828 dies
2481 2773 2659 2842 magni
2683 2773 2813 2830 solis
2839 2773 2999 2829 modo
3017 2775 3356 2831 celebramus
3377 2791 3391 2828 :
3415 2775 3543 2830 illius
3562 2774 3671 2827 solis

2120 2859 2188 2916 de
2231 2876 2337 2941 quo
2365 2861 2491 2917 dicit
2535 2862 2840 2934 Scriptura,
2875 2862 3077 2919 Orietur
3296 2868 3373 2922 sol
3393 2866 3610 2937 justitic,
3635 2874 3672 2919 et

2121 2951 2312 3023 sanitas
2349 2952 2400 3004 in
2443 2953 2618 3021 pennis
2665 2955 2775 3024 ejus
2821 2953 3072 3023 (Maloclt.
3118 2970 3202 3022 tv,
3226 2955 3305 3028 2).
3342 2955 3472 3023 Quid
3506 2965 3607 3019 est,
3629 2958 3671 3007 in

2122 3044 2301 3113 pennis
2324 3045 2473 3115 ejus?
2494 3044 2551 3098 In
2582 3046 2911 3116 protectione
2941 3047 3078 3117 ejus.
3108 3046 3269 3105 Unde
3303 3048 3355 3103 iu
3385 3048 3578 3104 Pssimo
3599 3047 3668 3099 dio

2120 3138 2282 3204 citur,
2311 3138 2421 3192 Sub
2465 3138 2643 3192 umbra
2688 3139 2886 3194 alarum
2931 3150 3132 3194 tuorum
3185 3152 3381 3212 protege
3424 3158 3497 3195 nte
3528 3138 3669 3213 (Paul.

2122 3243 2209 3282 xvr
2228 3269 2243 3299 ,
2271 3228 2348 3296 8).
2377 3229 2480 3283 Alii
2501 3240 2675 3283 autem
2697 3271 2712 3294 ,
2743 3230 2833 3300 qui
2856 3231 2910 3285 in
2933 3230 3021 3286 die
3043 3231 3237 3301 iudicii
3260 3232 3417 3290 futuri
3440 3226 3673 3289 mansero

2128 3316 2445 3390 ptenitentes
2470 3319 2514 3383 ¹,
2542 3328 2596 3373 et
2632 3317 2957 3376 infructuose
2993 3320 3272 3386 dolentes,
3298 3322 3523 3393 prtedicti
3544 3335 3572 3374 a
3590 3320 3672 3376 Sa-

2122 3411 2345 3479 pientia,
2378 3410 2504 3480 quid
2538 3419 2662 3465 tunc
2684 3411 2877 3466 dicturi
2907 3421 3032 3467 sunt
3056 3414 3425 3482 paenitentiam
3451 3424 3671 3484 agentes.

2124 3508 2181 3554 et
2206 3514 2315 3569 pra:
2334 3500 2578 3570 angustia
2607 3499 2825 3570 spiritus
2850 3503 3163 3575 gementes?
3195 3504 3330 3570 Quid
3356 3503 3493 3558 nobis
3511 3501 3673 3573 profuit

2125 3588 2397 3659 superbia?
2421 3598 2467 3643 et
2496 3589 2784 3644 divitiarum
2812 3591 3066 3661 jactantia
3108 3593 3237 3661 quid
3280 3592 3486 3649 contulit
3524 3590 3674 3646 nobis?

2126 3672 2452 3735 Transierunt
2468 3680 2559 3734 illa
2570 3683 2739 3734 omnia
2756 3690 2992 3751 tanquam
3013 3681 3219 3737 umbra.
3238 3684 3304 3739 Et
3324 3686 3457 3755 inter
3477 3690 3672 3738 cetera:

2138 3769 2270 3842 Ergo
2287 3771 2559 3825 erravimus
2577 3788 2608 3824 (ι
2629 3770 2712 3825 via
2731 3771 2972 3839 veritatis,
2994 3781 3038 3826 et
3045 3773 3264 3843 iustitia:
3280 3775 3444 3829 lumen
3458 3789 3549 3841 non
3567 3771 3675 3825 lusit

2124 3861 2290 3927 nobis,
2322 3869 2368 3914 et
2394 3860 2472 3915 sol
2498 3877 2597 3914 non
2628 3871 2699 3915 cst
2727 3871 2865 3916 ortus
2898 3862 3038 3916 nobis
3063 3862 3221 3933 (Sop.
3249 3880 3305 3930 ν,
3331 3865 3387 3933 5,
3409 3862 3482 3935 9).
3509 3862 3589 3917 Ille
3606 3860 3674 3913 sol

2119 3953 2278 4023 justis
2307 3953 2480 4006 oritur
2505 3970 2518 4006 :
2549 3954 2705 4007 istum
2736 3963 2912 4009 autem
2941 3955 3108 4011 solam
3130 3956 3393 4013 visibilem
3418 3955 3537 4011 iacit
3561 3952 3676 4006 Deos

2124 4041 2359 4112 quotidie
2385 4042 2514 4097 oriri
2538 4057 2696 4114 super
2722 4043 2890 4098 bonos
2909 4054 2961 4098 et
2984 4044 3151 4099 malos
3174 4045 3388 4116 (Matth.
3412 4042 3466 4110 γ,
3486 4042 3586 4114 «15).
3609 4038 3674 4093 Ad

2126 4134 2276 4188 illum
2308 4134 2588 4203 videndum
2615 4126 2782 4189 solem
2821 4135 2948 4205 justi
2979 4119 3283 4204 pertinent:
3307 4137 3463 4193 modo
3501 4137 3547 4191 in
3571 4150 3676 4187 cor-

2124 4223 2279 4279 dibus
2307 4224 2502 4278 nostris
2534 4223 2732 4279 habitat
2759 4224 2837 4277 sol
2866 4224 2964 4283 iste
2998 4242 3091 4295 per
3129 4225 3313 4281 fidem.
3347 4226 3402 4284 Si
3433 4240 3553 4299 ergo
3586 4223 3674 4277 ira-

2125 4318 2325 4382 st'eris;
2358 4332 2423 4371 ne
2443 4315 2650 4399 occidat
2675 4317 2751 4371 sol
2781 4317 2880 4372 iste
2919 4318 2971 4372 in
2999 4317 3161 4373 corde
3187 4328 3282 4374 tuo
3306 4334 3465 4388 super
3489 4316 3673 4372 iracun-

2126 4406 2263 4461 diam
2293 4418 2434 4463 tnam
2459 4424 2475 4460 :
2502 4405 2617 4460 Non
2647 4407 2842 4461 occidat
2864 4407 2941 4461 sol
2968 4424 3120 4479 super
3147 4408 3463 4465 iracundiam
3487 4416 3675 4463 saltum

2130 4496 2341 4568 (Ephes.
2374 4514 2444 4560 tv,
2473 4496 2596 4565 9.6);
2627 4513 2692 4551 ne
2722 4495 2855 4551 forte
2878 4496 3154 4563 iraswris,
3177 4508 3234 4553 et
3272 4498 3476 4554 occidat
3499 4495 3585 4551 tibi
3609 4492 3678 4547 sol

2123 4588 2339 4655 justitiae
2362 4630 2375 4648 ,
2405 4595 2460 4640 et
2490 4589 2540 4639 in
2571 4588 2803 4641 tenebris
2827 4604 3122 4642 remaneas.

2197 4676 2422 4732 CAPUT
2453 4676 2562 4732 VII.
2590 4708 2660 4716 —
2686 4678 2737 4732 8.
2770 4677 2952 4731 Contra
2979 4680 3166 4732 irott'tet
3183 4680 3372 4734 odium.
3400 4678 3475 4734 Ne
3509 4674 3681 4749 [unctis

2127 4779 2302 4823 autetn
2341 4767 2463 4839 quia
2510 4769 2643 4823 nihil
2687 4770 2754 4822 sit
2796 4769 3084 4823 iracundia.
3118 4768 3368 4824 Turbatus
3406 4780 3508 4834 est,
3535 4765 3683 4835 inquit

2131 4859 2383 4928 propheta
2407 4901 2419 4919 .
2451 4876 2555 4929 pro:
2596 4861 2671 4911 ira
2713 4860 2886 4917 oculus
2932 4876 3090 4912 meus.
3125 4859 3319 4930 Utique
3346 4861 3429 4915 cui
3468 4857 3677 4913 turbatus

2128 4954 2344 5019 oculos,
2372 4954 2536 5005 solent
2569 4951 2747 5021 videre
2774 4968 2875 5005 non
2907 4961 3082 5022 potest
3109 4971 3122 5004 :
3154 4963 3206 5006 et
3232 4951 3276 5006 si
3299 4962 3515 5022 conatus
3544 4945 3682 5001 fuerit

2131 5043 2344 5109 vidi-rc,
2381 5058 2533 5112 poena
2581 5043 2653 5096 illi
2701 5053 2811 5109 est,
2842 5059 2944 5096 non
2976 5045 3236 5112 voluptas.
3283 5041 3420 5111 Quid
3460 5022 3681 5096 est'ira?

2132 5136 2319 5189 Libido
2350 5133 2613 5188 vindictas.
2635 5133 2783 5187 Libet
2804 5134 3067 5188 hominem
3089 5134 3373 5199 vindicari;
3399 5143 3452 5186 et
3473 5128 3683 5184 nondum

2131 5238 2206 5281 est
2230 5226 2472 5280 Christus
2500 5225 2792 5279 vindicatus
2809 5267 2822 5290 ,
2854 5226 3085 5279 nondum
3108 5215 3232 5279 sunt
3255 5224 3423 5279 sancti
3446 5231 3684 5290 martyt‘vs

2134 5317 2409 5371 vindicati!
2440 5316 2625 5370 Adhuc
2665 5326 2937 5385 exspectat
2962 5316 3209 5386 patientia
3237 5315 3365 5373 Dei.
3398 5323 3451 5368 ut
3477 5322 3685 5367 conver-

2145 5417 2321 5462 tantur
2363 5409 2558 5462 inimici
2601 5407 2823 5472 Christi,
2855 5416 3226 5463 convertantur
3269 5412 3551 5476 martyrum
3598 5399 3685 5453 ini-

2188 5522 2211 5590 ᾖ
2241 5526 2367 5590 I_.ov.,
2400 5528 2598 5569 Prorsus
2621 5518 2841 5590 (lintittitc
2861 5533 2876 5578 ;
2899 5518 3010 5590 quin
3042 5518 3167 5590 thd
3185 5526 3375 5582 propter
3399 5514 3600 5566 [tomum
3620 5512 3685 5590 tl:

2133 5581 2350 5650 mittitur,
2390 5593 2481 5628 non
2518 5578 2650 5650 apud
2679 5588 2825 5650 neum
2846 5578 2962 5630 nolet
2987 5578 3155 5650 :qitott.
3170 5578 3329 5648 autem
3349 5585 3538 5650 propter
3556 5581 3687 5650 Deiot}

2134 5634 2400 5697 dimittitur,
2419 5634 2715 5704 apud/acum
2742 5644 2876 5700 ualet,
2916 5650 2959 5691 et
2977 5634 3107 5704 apud
3132 5634 3555 5704 homirws'prg'rtqt.
3574 5634 3693 5704 Quod

2136 5719 2276 5772 lt5![~"l'
2293 5708 2354 5750 :ttl
2375 5696 2482 5771 lator
2504 5703 2581 5751 (lc
2610 5712 2733 5772 ,u'lt'.
2754 5696 2881 5750 eius;
2904 5696 3151 5767 κιιιςι,ἰιιιυι1
3170 5718 3193 5753 a
3211 5696 3689 5753 Ci‘ldt‘lb’ﬁWisititﬁSt.

2197 5768 2215 5796 ³
2240 5773 2367 5814 ius.
2506 5778 2543 5825 ps
2556 5768 2795 5817 enitentes.
3282 5787 3290 5793 ·
