3922 6192
407 387 516 440 4113

633 501 826 556 vitam?
847 500 917 554 De
942 498 1122 554 labore
1150 499 1329 551 futuro
1355 505 1556 556 nostro,
1588 494 1739 546 testis
1761 500 1842 542 est
1873 491 1987 558 ipse

398 594 571 647 ﬂetus
594 590 827 647 Infantis.
852 589 933 644 Ab
960 589 1063 643 isto
1089 588 1314 642 molesto
1341 583 1584 654 convivio
1611 598 1766 638 nemo
1792 591 1872 634 est
1897 595 1989 633 ex-

380 678 963 754 'cttsﬂus.‘8ibcndtttn
1001 678 1096 733 fuit
1134 676 1272 748 quod
1303 672 1598 746 p'rOpinavit
1627 667 1824 746 Adam.
1844 669 1986 723 Facti

409 769 620 840 qualem
649 770 833 824 smnus
861 769 1106 824 manibus
1139 766 1378 822 veritatis
1401 783 1414 817 :
1437 763 1529 817 sed
1558 772 1773 833 propter
1799 776 1985 830 pecea—

409 873 518 916 tum
549 849 772 933 pmjecti
801 862 854 916 in
881 860 996 917 dies
1022 858 1288 926 vanitatis.
1319 855 1466 911 Facti
1495 869 1678 909 Sumus
1705 853 1768 906 ad
1803 852 1986 922 imagi-

407 951 827 1023 Ιιόπιουυὶυἳεη.
855 967 896 1020 t,
920 949 1015 1025 27)
1040 969 1054 1006 :
1077 951 1169 1006 sed
1200 949 1514 1005 detrivimus
1543 963 1658 1000 eam
1689 957 1988 1015 transgres-

408 1045 559 1099 sione
597 1037 821 1115 peccati.
857 1044 985 1100 Ideo
1012 1043 1256 1100 Psalmus
1287 1055 1384 1095 nos
1423 1038 1693 1096 admonet.
1723 1035 1990 1108 quomodo

389 1136 532 1190 ﬁcti
560 1131 840 1199 meritum,
863 1143 915 1190 et
935 1148 1039 1204 quo
1058 1130 1474 1203 pervenerimus.
1499 1128 1584 1182 Ait
1605 1126 1748 1183 enim
1773 1145 1785 1180 :
1814 1125 1988 1190 Quan-

409 1237 560 1294 quam
601 1223 906 1298 inl'inmgin'c
926 1223 1021 1277 Dei
1047 1220 1268 1276 ambulet
1293 1221 1462 1274 homo.
1494 1219 1626 1272 Ecce
1652 1215 1792 1286 quod
1823 1214 1991 1269 factus

410 1326 512 1372 ut.
539 1313 961 1387 Qtro“pcri'enit?
983 1305 1124 1370 Audi
1165 1313 1305 1384 quod
1343 1311 1581 1381 sequitur
1607 1328 1618 1364 :
1648 1307 1832 1361 Tamen
1867 1323 1994 1360 vane

409 1403 804 1461 conturbamur.
827 1405 886 1462 In
912 1396 1140 1476 imagine
1167 1402 1400 1456 ambulat
1425 1398 1680 1464 veritatis,
1702 1406 1754 1450 et
1773 1403 1990 1451 contur-

409 1499 566 1554 batur
597 1493 671 1554 'iii
703 1493 927 1554 consilio
959 1497 1225 1552 vanitatis.
1279 1483 1512 1562 Denique
1553 1490 1670 1544 vide
1710 1489 1993 1543 conturba-

413 1589 613 1645 tionem
657 1582 1065 1659 ejus";"v"lde,;et
1113 1581 1358 1656 tanquam
1408 1585 1461 1637 in
1511 1580 1726 1652 speculo
1772 1577 1994 1649 displice

410 1679 527 1735 tibi.
556 1675 878 1750 Quanquam,
901 1673 1099 1748 inquit,
1115 1678 1168 1730 in
1191 1675 1424 1746 imagine
1441 1671 1535 1727 Dei
1559 1671 1780 1725 ambulet
1805 1669 1952 1722 homo
1975 1685 1992 1733 ;

410 1779 466 1824 et
493 1769 622 1824 ideo
638 1771 828 1840 magna
854 1783 940 1823 res
961 1759 1210 1823 sit‘bomo
1231 1783 1244 1820 :
1263 1769 1426 1819 tamen
1447 1770 1574 1818 itane
1597 1759 1990 1816 conturbabilur.

415 1859 479 1914 Et
505 1860 654 1931 quasi
682 1873 1066 1931 quaereremus,
1089 1857 1261 1922 Uade,
1289 1871 1420 1926 rugo
1447 1864 1518 1919 te,
1545 1853 1685 1908 unde
1713 1867 1845 1905 vane
1870 1866 1996 1904 con-

417 1952 750 2011 turbahitnr?
772 1951 1116 2015 Thesaurizat,
1143 1950 1331 2020 inquit,
1355 1959 1401 2002 et
1420 1948 1616 2024 ignorat
1635 1946 1715 2000 cui
1737 1954 1996 2015 congrech

415 2059 474 2094 an
503 2030 686 2112 (Paul.
713 2057 945 2109 xxxvtn,
968 2042 1062 2113 7).
1085 2042 1222 2096 Ecce
1251 2037 1337 2094 ille
1367 2039 1548 2105 homo,
1573 2034 1632 2091 id
1659 2045 1760 2103 est,
1789 2035 1999 2090 univer-

415 2147 533 2186 sum
562 2147 729 2203 genus
754 2121 1240 2202 humauunt,'quasi
1267 2145 1403 2184 unus
1427 2127 1605 2194 homo,
1639 2127 1726 2198 qui
1760 2127 1810 2182 in
1839 2141 1995 2181 causa

415 2238 510 2277 sua
545 2221 770 2288 deiecit,
798 2222 1080 2278 consilium
1112 2219 1358 2291 perdidit,
1396 2218 1463 2274 de
1494 2219 1574 2272 via
1620 2233 1764 2272 sana:
1804 2217 1998 2270 mentis

415 2314 653 2370 erravit:
683 2313 1029 2380 “muriam,
1061 2324 1109 2368 et
1137 2314 1293 2368 nescit
1331 2313 1412 2367 cui
1452 2318 1726 2383 congregat
1757 2325 1834 2365 ea.
1861 2309 1997 2377 Quid

419 2406 754 2482 dementius?
800 2408 924 2476 quid
971 2405 1269 2461 iuit-licius?
1307 2405 1461 2460 Certe
1507 2404 1648 2459 enim
1695 2403 1832 2458 sibi?
1863 2403 1995 2457 Non.

422 2499 600 2566 Quare
623 2497 723 2552 sibi
755 2496 1045 2564 nou?-Quia
1075 2496 1358 2551 moriturus
1385 2503 1488 2561 est,
1523 2495 1642 2565 quia
1685 2493 1859 2549 brevis
1894 2495 2000 2549 vita

410 2589 655 2666 hominis
678 2597 758 2644 est
781 2590 976 2666 hquis
1003 2588 1284 2644 thesaurus
1307 2588 1486 2654 durat,
1505 2585 1686 2642 et‘cito
1704 2584 1893 2642 transit
1910 2585 2001 2657 qui

420 2688 726 2758 congregat.
765 2665 891 2734 Ideo
925 2679 1210 2746 miseratus
1243 2677 1517 2748 hominem
1559 2677 1613 2733 in
1644 2676 1883 2747 imagine
1907 2675 2000 2732 Dei

417 2761 802 2846 aitthulantem,
830 2785 954 2838 vera
983 2768 1257 2835 fatentem.
1289 2783 1423 2824 vana
1467 2774 1758 2826 sectantem
1790 2787 1804 2823 :
1841 2766 1998 2836 Vane,

422 2861 612 2933 inquit,
634 2861 1031 2935 conturbabit".
1053 2859 1255 2939 Doleo:
1281 2860 1603 2922 tltmurt'zat.
1627 2868 1672 2913 et
1697 2859 1899 2931 ignorat
1920 2859 2004 2913 cui

421 2965 689 3027 congregat
713 2972 794 3010 ea.
957 2954 1058 3009 ea?
1082 2953 1197 3009 Non
1223 2954 1380 3024 :quia
1411 2952 1635 3008 moritur
1666 2951 1844 3016 homo,
1879 2966 2000 3020 per-

419 3048 646 3102 durante
688 3047 962 3103 thesauro.
988 3046 1085 3100 Cui
1124 3046 1284 3115 ergo?
1305 3043 1595 3099 Consilium
1629 3042 1830 3105 babes;
1855 3042 1922 3097 da
1950 3050 2003 3098 et

421 3139 573 3193 mihi.
609 3138 723 3212 Non
766 3137 932 3194 tubos
970 3137 1249 3204 consilum:
1291 3135 1432 3206 quod
1471 3134 1600 3190 mihi
1642 3134 1776 3208 des;
1809 3147 1907 3187 nec
1945 3142 2002 3187 tu

423 3245 553 3300 ergo
573 3240 744 3285 tenes.
761 3228 991 3292 Proinde
1015 3228 1060 3282 si
1081 3227 1240 3282 11111110
1262 3242 1370 3282 non
1395 3226 1671 3293 habemus,
1691 3224 1847 3279 ambo
1866 3239 2006 3294 qum.

425 3335 624 3383 manus,
649 3327 808 3374 ambo
833 3319 1174 3389 accipiamus,
1197 3318 1356 3372 ambo
1381 3325 1686 3371 tractemus.
1711 3314 2000 3372 Corunrba-

425 3422 531 3471 tur.
559 3409 901 3489 thesaurizat,
931 3409 1144 3479 cogitat,
1175 3407 1401 3472 laborat,
1438 3407 1583 3464 euris
1622 3405 1876 3474 invigilat.
1904 3403 2003 3458 Per

423 3502 566 3556 diem
586 3501 793 3578 vexaris
816 3500 1101 3578 laboribus,
1127 3515 1219 3570 per
1234 3507 1441 3556 noctem
1462 3497 1676 3572 agitat-is
1701 3497 2000 3552 timoribus.

425 3581 495 3650 Ut
520 3594 779 3651 sarcellus
805 3601 925 3648 tuus
951 3591 1234 3663 impleatur
1258 3589 1508 3656 nummis,
1535 3589 1712 3645 anima
1737 3598 1822 3644 tua
1850 3587 2005 3642 fehrit

422 3685 582 3750 curis.

494 3766 717 3832 CAPUT
756 3773 972 3830 111.--’5.
1012 3772 1158 3828 Varie
1185 3772 1509 3827 conturbatur
1543 3773 1626 3840 qui
1677 3770 2002 3836 thesaurisat.

425 3865 519 3920 (Ini
543 3853 794 3934 colligat,
851 3865 1028 3941 nescit.
1079 3863 1284 3929 Video,
1327 3861 1481 3936 doleo
1511 3879 1526 3916 :
1552 3860 1919 3921 conturbaris,
1950 3868 2005 3914 et

423 3960 560 4012 sicut
597 3945 726 4013 diuit
763 3944 854 4028 qui
892 3955 1075 4012 fallere
1115 3954 1302 4018 nescit,
1330 3967 1462 4008 vane
1488 3950 1843 4006 conturbaris.
1865 3948 2002 4004 Tlte-

428 4031 663 4124 saurizas
701 4036 842 4102 enim
875 4065 887 4101 :
922 4055 978 4124 ut
1018 4045 1153 4122 bene
1183 4043 1453 4115 proveniat
1487 4039 1740 4116 quidquid
1778 4039 1917 4107 agis,
1948 4048 2004 4092 ut

424 4123 614 4196 damna
639 4151 924 4202 taceamus.
945 4147 1001 4194 ut
1022 4147 1163 4210 tanta
1192 4135 1422 4208 pericula
1445 4134 1575 4190 ettin
1603 4133 1822 4204 singulis
1843 4132 2010 4187 lucris

431 4219 661 4300 srrigulas
703 4241 902 4285 tuortes
933 4247 946 4283 :
977 4225 1184 4302 mortes
1227 4227 1348 4284 dico
1395 4242 1501 4280 non
1549 4238 1866 4295 corporum,
1911 4221 2006 4276 sed

419 4307 687 4377 malarum
735 4305 1146 4392 cogitationum;
1184 4329 1241 4373 ut
1285 4317 1502 4374 accedat
1544 4332 1757 4383 aurum,
1783 4315 1918 4385 perit
1944 4314 2002 4366 li-

431 4416 556 4470 ales:
585 4423 641 4466 ut
668 4413 794 4468 foris
814 4412 1074 4477 vestiaris,
1100 4411 1241 4464 intus
1265 4408 1576 4486 exspoliaris
1601 4425 1612 4461 :
1643 4415 1699 4461 ut
1724 4407 1820 4460 ista
1848 4404 2004 4459 ornit-

433 4519 624 4569 tamus,
669 4513 724 4557 ut
767 4503 868 4558 alia
913 4512 1205 4566 taceamus,
1240 4511 1296 4554 ut
1336 4499 1554 4552 adversa
1599 4507 2002 4569 praetereamus,

430 4609 683 4665 pmspera
711 4593 818 4647 sola
836 4581 1176 4662 cogitemus;
1205 4605 1329 4644 ecce
1361 4587 1716 4652 thesaurizas,
1747 4602 1872 4642 ecce
1902 4603 2004 4641 un-

432 4671 589 4756 dique
615 4665 781 4740 Aluera
826 4665 1114 4743 conﬂuunt,
1143 4691 1194 4736 et
1226 4697 1372 4735 more
1410 4679 1634 4734 fontium
1658 4676 1857 4731 nummi
1885 4692 2007 4731 eur-

434 4775 594 4844 runt;
629 4769 820 4848 ubique
848 4776 1001 4832 ardet
1029 4775 1228 4844 inopia,
1256 4771 1489 4841 undique
1531 4767 1644 4823 ﬂuit
1685 4768 1858 4838 copia.
1887 4766 2003 4822 Non

415 4871 643 4938 4111111811,
686 4869 886 4924 Divitiis
930 4869 975 4924 si
1017 4869 1243 4940 aﬂuant,
1281 4882 1342 4920 ne
1382 4863 1646 4936 apponatis
1681 4877 1768 4915 cor
1809 4863 1830 4932 (
1859 4859 2002 4916 Psat.

416 4969 538 5023 fut.
564 4967 592 5020 'l
611 4953 626 5019 1
643 4966 708 5036 )1"
727 4964 865 5019 Ecce
894 4961 1143 5033 acquiris,
1165 4976 1270 5014 non
1299 4953 1622 5012 infructuose
1647 4953 2002 5019 conturbaris,

415 5053 607 5126 {lana-ti
637 5063 775 5110 rane‘
802 5051 1159 5110 cont’urbaris.
1181 5050 1378 5117 Quare,
1416 5046 1609 5118 inquis,
1636 5061 1768 5101 vane
1793 5054 2007 5100 contur-

411 5149 564 5204 .'hor?
594 5147 730 5202 Erre
771 5142 1229 5213 saccos'impleo,
1264 5140 1489 5210 parietes
1528 5137 1628 5191 mei
1669 5137 1750 5189 vix
1793 5137 2006 5206 capiunt

413 5238 571 5308 .qnml
611 5239 826 5308 ιιρψιὶιδυ
849 5253 862 5288 :
888 5251 1050 5306 quare
1078 5250 1177 5304 ego
1212 5247 1344 5285 vane
1381 5227 1702 5283 conturbor?
1725 5225 2005 5281 Thesauri-

437 5347 549 5393 zas,
577 5339 631 5381 et
656 5329 864 5398 ignoras
889 5325 972 5378 cui
1003 5335 1292 5392 eougregcs
1317 5333 1397 5373 ca.
1429 5321 1527 5370 Ant
1557 5316 1600 5371 si
1631 5316 1737 5370 scis
1761 5315 1880 5376 cui;
1913 5315 2010 5369 ub-

431 5435 582 5472 s-u-ro
631 5427 703 5481 te,
745 5418 829 5469 die
873 5424 924 5469 et
967 5412 1117 5467 mihi.
1149 5410 1373 5465 Audiam
1408 5419 1490 5472 te;
1518 5405 1636 5461 cui?
1656 5407 1709 5460 Si
1739 5421 1842 5459 non
1874 5419 2007 5459 vane

430 5497 780 5572 J-onturliaris,
823 5509 907 5562 die
949 5505 1034 5561 cui
1081 5502 1427 5559 thesaurizas.
1471 5498 1628 5558 Mihi,
1675 5497 1866 5566 inquis.
1899 5495 2008 5549 lloe

431 5602 595 5656 audes
611 5601 788 5656 dicere
809 5601 1094 5654 moriturus
1111 5598 1134 5651 ?
1153 5593 1303 5650 Filiis
1320 5593 1472 5655 meis,
1497 5590 1686 5661 inquis.
1713 5589 1823 5644 Hoc
1843 5587 2007 5644 audes

431 5695 613 5748 dicere
643 5691 714 5746 de
747 5689 1050 5746 morituris?
1071 5690 1254 5759 Magna
1285 5687 1480 5755 pietas,
1517 5683 1654 5754 quod
1685 5682 2007 5738 thesaurizat

499 5803 514 5833 ι
542 5801 842 5849 wtbertinus
863 5805 965 5860 115.,
989 5795 1099 5860 quia
1122 5794 1292 5848 trmtsit
1315 5794 1515 5846 hominis
1533 5793 1643 5846 rita.

1637 377 1694 432 s.
1737 373 2098 430 AUGUSTI-Nl
2140 373 2438 431 muscum
3538 397 3622 450 ω,

2102 500 2250 558 pater
2282 493 2402 545 liliis
2429 511 2440 544 :
2465 493 2574 546 imo
2612 509 2799 564 magna
2839 495 3076 562 vanitas;
3103 497 3406 562 thesaurth
3428 518 3620 562 moritu-

2095 595 2188 634 rns
2217 583 2506 637 morituris.
2527 583 2588 656 Si.
2611 594 2825 668 propter
2849 595 2922 653 te,
2957 587 3078 656 quia
3115 591 3390 648 moriturus
3405 593 3622 667 dimittis,

2095 671 2220 741 quid
2249 673 2487 743 colligis?
2509 673 2630 730 llzec
2657 691 2814 731 causa
2837 686 2892 731 et
2910 675 3172 746 ﬁliorum;
3199 687 3475 740 successuri
3498 698 3622 752 sunt,

2097 780 2200 816 non
2225 767 2582 850 permansuri.
2601 765 2800 840 Omitto
2818 768 2997 825 dicere
3015 772 3253 840 qtmlibus
3277 774 3410 845 liliis,
3431 792 3492 832 ne
3513 778 3627 836 forte

2095 858 2234 926 quod
2291 861 2632 930 congregavit
2687 862 2905 916 avaritia
2931 905 2944 926 ,
3000 864 3182 932 perdat
3239 865 3453 927 luxuria.
3499 872 3627 926 Alius

2096 943 2309 1002 llucudo
2353 950 2544 1018 perdit,
2576 952 2716 1022 quod
2761 960 2819 1006 tu
2863 952 3150 1021 laborando
3191 959 3629 1027 congregasti.Sed

2093 1037 2282 1091 omitto
2304 1038 2425 1097 hoc.
2451 1039 2608 1096 Forte
2627 1042 2750 1116 boni
2767 1043 3054 1117 eruntlilqii,
3078 1045 3328 1102 luxuriosi
3354 1058 3454 1104 non
3469 1062 3627 1114 erunt;

2095 1128 2383 1184 servabunt
2426 1131 2566 1201 quod
2603 1131 2890 1210 dimisisti,
2929 1135 3192 1205 augebunt
3237 1137 3376 1208 quod
3416 1143 3628 1202 servasti.

2095 1235 2198 1274 non
2244 1221 2467 1291 perdent
2507 1223 2646 1301 quod
2693 1225 3048 1296 congregasti.
3076 1225 3193 1287 Filii
3224 1228 3294 1281 tui
3337 1237 3496 1286 tecum
3530 1241 3634 1285 sunt

2096 1306 2294 1381 pariter
2318 1313 2459 1380 vani,
2487 1313 2660 1394 sihoc
2689 1313 2908 1380 faciunt,
2934 1315 2979 1369 si
3011 1325 3062 1371 te
3091 1326 3293 1386 patrem
3329 1317 3632 1378 inbocimi-

2098 1410 2294 1456 tantur.
2323 1402 2429 1458 Illis
2465 1404 2596 1459 dieo'
2633 1404 2776 1473 quod
2815 1406 2908 1461 tibi
2950 1406 3280 1474 dicebamsF
3285 1409 3372 1465 ilio
3399 1419 3484 1468 tuo
3503 1410 3618 1467 dico

2097 1494 2182 1548 cui
2223 1509 2424 1559 servas,
2456 1497 2527 1550 illi
2559 1496 2698 1562 dico,
2726 1496 3100 1574 Thesaurizas,
3126 1507 3180 1555 et
3206 1500 3408 1571 ignoras
3429 1502 3506 1557 cui
3527 1517 3636 1558 con-

2096 1598 2283 1654 greges
2309 1601 2392 1639 ea.
2415 1585 2562 1641 Sicut
2589 1587 2732 1641 enim
2761 1595 2816 1642 tu
2841 1588 3080 1654 nescisti,
3097 1589 3191 1659 sic
3213 1598 3267 1643 et
3291 1589 3377 1646 ille
3403 1591 3570 1652 nescit.
3588 1592 3636 1646 Si

2096 1673 2152 1729 in
2173 1673 2276 1729 illo
2305 1678 2594 1752 permansit
2624 1680 2859 1744 vanitas,
2900 1681 3157 1752 numquid
3187 1681 3251 1736 ad
3290 1683 3452 1753 ipsum
3475 1684 3638 1739 deiecit

2098 1765 2326 1822 veritas?

2169 1859 2394 1944 CAPUT
2435 1860 2520 1916 IV.
2550 1893 2620 1902 —
2641 1863 2700 1944 :4.
2753 1863 2884 1917 Furi
2937 1868 3069 1937 forte
3115 1865 3432 1944 thesaurisal.
3470 1867 3640 1932 Omitto

2099 1941 2298 2035 dicere,
2340 1951 2462 2022 quia
2499 1939 2647 2026 torte
2695 1953 2817 2008 dum
2859 1935 3010 2032 vivis,
3052 1935 3513 2032 thesauriza'sl'uri.
3541 1956 3636 2014 Una

2103 2051 2255 2096 nocte
2297 2035 2470 2108 venit,
2512 2053 2568 2108 et
2607 2054 2684 2100 tot
2719 2045 2904 2104 diebus
2931 2062 2995 2101 ac
3023 2048 3270 2104 noctibus
3305 2058 3638 2120 congregatum

2103 2125 2343 2204 paratum
2371 2135 2592 2208 invenit.
2616 2125 2968 2194 Thesaurizas
2991 2137 3130 2216 forte
3158 2139 3368 2210 latroni,
3391 2139 3512 2209 forte
3529 2156 3638 2209 pra:-

2101 2221 2247 2278 doni.
2272 2221 2664 2298 ’Nolo‘ainplius
2690 2227 2885 2293 dicere,
2912 2243 2979 2282 ne
3007 2242 3416 2284 commemorem
3439 2241 3488 2302 et
3509 2229 3639 2285 refri-

2102 2320 2216 2370 cem
2253 2313 2626 2386 perpessorum
2648 2316 2907 2374 dolorem.
2931 2318 3100 2387 Quam
3129 2319 3293 2374 multa
3320 2336 3431 2390 qua:
3453 2307 3642 2390 elangue-

2102 2408 2250 2477 gavit
2277 2408 2448 2462 inanis
2470 2411 2693 2476 vanitas,
2713 2419 2892 2481 parata
2915 2412 3118 2468 invenit
3135 2395 3346 2477 hostilis
3363 2412 3638 2480 crudelitas!

2103 2495 2217 2551 Non
2245 2508 2326 2552 est
2354 2500 2494 2554 enim
2522 2517 2697 2556 meum
2727 2511 2940 2572 optare,
2969 2503 3064 2559 sed
3091 2505 3328 2560 omnium
3362 2515 3434 2576 cst
3465 2506 3639 2561 timere.

2105 2587 2324 2644 Avertat
2368 2588 2472 2645 hoc
2512 2593 2669 2647 Deus.
2701 2581 2977 2648 Suﬂiciant
3018 2593 3228 2666 ﬂagella
3271 2596 3644 2668 ipsius.0uuies

2105 2694 2340 2744 oremus,
2369 2691 2574 2737 avertat
2606 2683 2707 2740 hoc
2735 2685 2893 2741 Deus.
2923 2685 3112 2742 Parcat
3143 2687 3316 2755 nobis,
3343 2703 3491 2760 quem
3516 2702 3644 2757 reﬂa-

2106 2785 2243 2825 mus.
2285 2766 2388 2827 Sed
2437 2774 2480 2828 si
2531 2773 2673 2830 dicat
2717 2777 2942 2848 quibus,
2985 2779 3114 2849 quid
3164 2779 3643 2853 respondetnusl'l'u

2105 2878 2252 2934 ergo,
2276 2878 2309 2917 ο
2329 2863 2510 2933 homo,
2533 2882 2567 2921 ο
2589 2868 2763 2924 01111118
2784 2869 2965 2937 homo,
2983 2879 3037 2925 tu
3060 2863 3157 2941 qui
3179 2865 3643 2936 vane'thesaurizas,

2108 2954 2247 3010 unde
2277 2955 2405 3011 mihi
2436 2956 2730 3028 respondes
2760 2964 3003 3018 tractanti
3032 2973 3233 3029 tecum,
3264 2974 3317 3020 et
3346 2975 3505 3021 tecum
3525 2979 3646 3034 quac-

2107 3047 2245 3101 rcnti
2281 3041 2562 3104 consilium
2603 3051 2654 3105 in
2691 3067 2849 3108 causa
2877 3058 3194 3112 communi?
3217 3043 3578 3113 Dicebas'cuim
3603 3061 3646 3126 et

2107 3135 2466 3209 reSpondebas
2492 3160 2504 3194 :
2529 3137 2850 3199 Thesaurizo
2892 3147 3045 3216 mihi,
3093 3130 3220 3204 (iliis
3258 3147 3414 3214 incisi,
3443 3127 3647 3220 laeteris

2107 3231 2259 3284 meis.
2287 3230 2406 3286 Dixi
2428 3243 2622 3303 quanta
2649 3235 2755 3290 sint
2788 3246 2842 3291 et
2868 3237 2921 3292 in
2950 3237 3078 3308 ipsis
3111 3225 3236 3296 111118
3261 3217 3543 3296 metuenda:
3559 3235 3651 3293 Sed

2107 3321 2298 3378 omitto
2322 3325 2603 3396 pwnaliter
2633 3327 2862 3384 victuros
2892 3329 3049 3397 filios,
3075 3332 3218 3390 sicut
3235 3342 3378 3402 optat
3400 3313 3645 3402 inimicus:

2107 3413 2188 3468 sic
2208 3413 2384 3468 vivant
2407 3415 2544 3471 sicut
2573 3426 2722 3487 optat
2745 3430 2914 3489 pater.
2941 3422 3111 3489 Quam
3139 3397 3288 3480 multi
3317 3424 3366 3480 in
3399 3399 3492 3478 hos

2109 3503 2440 3572 inciderunt,
2481 3503 2622 3572 dixi,
2674 3501 3085 3568 commemoravi
3115 3531 3130 3568 :
3160 3491 3437 3578 borruisti,
3461 3489 3652 3570 etnon

2106 3595 2406 3649 correxisti.
2434 3595 2569 3662 Quid
2599 3599 2741 3654 enim
2765 3615 3120 3671 responsurus
3143 3596 3224 3670 es;
3247 3606 3344 3660 nisi
3373 3605 3469 3662 hoc
3487 3603 3645 3674 dicas:

2108 3682 2266 3740 Forte
2297 3690 2438 3742 non?
2464 3688 2530 3743 Et
2562 3705 2661 3760 ego
2689 3690 2766 3746 sic
2797 3687 2913 3748 sum
2955 3693 3165 3751 locutus
3189 3714 3202 3748 :
3229 3697 3413 3761 Forte,
3443 3697 3647 3766 inqlam.

2109 3776 2236 3839 ruri,
2284 3777 2422 3834 forte
2469 3765 2684 3848 latroni,
2729 3779 2863 3836 forte
2894 3771 3155 3852 praedoni.
3184 3786 3298 3842 Non
3325 3779 3450 3851 dixi,

2107 3865 2223 3952 sed,
2246 3865 2424 3945 Forte.
2448 3869 2590 3940 inter
2613 3869 2747 3926 forte
2776 3871 2885 3936 lict,
2909 3869 3045 3928 forte
3072 3891 3182 3930 non
3210 3875 3337 3931 lict:
3363 3875 3527 3932 nescis
3541 3888 3652 3941 ergo

2107 3957 2231 4040 quid
2261 3958 2378 4023 ﬁet;
2407 3974 2539 4015 vane
2563 3963 2914 4019 conturbaris.
2942 3965 3102 4020 Vides
3127 3983 3289 4038 quam
3319 3983 3495 4022 verum
3520 3965 3648 4039 dixe-

2109 4049 2177 4104 rit
2218 4052 2432 4116 vcritas,
2472 4068 2631 4122 quam
2675 4055 2904 4110 inaniter
2941 4051 3294 4115 conturbetnr
3321 4045 3533 4123 vanitas.
3559 4056 3650 4109 Au-

2108 4140 2251 4206 disti,
2277 4141 2485 4196 tandem
2512 4143 2794 4216 aliquando
2819 4147 3062 4216 sapuisli,
3087 4151 3211 4219 quia
3240 4150 3340 4204 hoc
3369 4135 3528 4220 ipsum
3546 4127 3649 4220 cum

2107 4225 2261 4295 dicis,
2286 4230 2442 4287 Forte
2467 4232 2588 4288 111118
2616 4235 2786 4301 meis;
2811 4253 2914 4290 non
2940 4217 3123 4293 autem
3148 4240 3312 4295 audes
3331 4217 3523 4303 dicere,
3542 4217 3652 4290 Cer-

2110 4329 2192 4376 tus
2217 4337 2333 4376 811111
2356 4323 2476 4392 quia
2501 4325 2619 4379 liliis
2643 4326 2809 4392 meis;
2839 4327 3012 4383 nescis
3030 4329 3114 4383 cui
3138 4345 3424 4401 congreges
3442 4321 3518 4383 ea.
3537 4327 3654 4382 Ecce

2111 4427 2239 4482 ergo
2276 4423 2334 4467 ut
2362 4413 2537 4480 video,
2563 4424 2619 4469 et
2643 4425 2699 4470 ut
2730 4427 2854 4472 ante
2885 4417 3147 4488 dicebam,
3177 4408 3412 4476 deiecisti
3439 4403 3486 4473 iu
3513 4415 3651 4472 causa

2110 4509 2231 4569 tua;
2259 4520 2363 4560 non
2391 4506 2598 4562 invenis
2625 4507 2764 4578 quod
2798 4509 2922 4563 mihi
2953 4511 3279 4580 respondeas
3303 4529 3315 4564 :
3339 4511 3428 4566 sed
3457 4494 3662 4582 necego

2109 4594 2234 4664 quid
2265 4595 2379 4649 tibi.
3505 4589 3508 4592 ’

2179 4683 2405 4740 CAPUT
2463 4685 2522 4739 ν.
2554 4717 2624 4728 —
2749 4687 3027 4743 Consilium
3077 4708 3107 4743 a
3158 4691 3354 4745 Christo
3395 4687 3652 4762 petendum.

2113 4777 2284 4833 Ambo
2336 4779 2511 4850 itaque
2580 4796 2877 4850 qumramus
2912 4823 2925 4845 ,
2982 4783 3140 4838 ambo
3205 4767 3476 4838 consilium

2113 4885 2250 4925 mus.
2303 4869 2568 4927 "abolitus
2633 4875 2876 4946 copiam,
2936 4893 3038 4929 non
3083 4879 3367 4946 sapientis,

2112 4959 2417 5032 Sapientize.
2457 4965 2745 5019 Audiamus
2783 4969 2941 5020 ambo
2979 4965 3242 5021 (Ihristum
3271 4985 3283 5021 :
3309 4955 3499 5024 luditis
3526 4961 3652 5018 scan-

2111 5052 2281 5106 dalnm
2307 5095 2322 5117 ,
2373 5052 2607 5108 Gentibus
2658 5053 2957 5120 stultitiam;
3004 5057 3126 5125 ipsis
3165 5067 3333 5109 autem
3377 5035 3547 5110 vocatis
3569 5033 3653 5132 1's.-

2112 5144 2179 5198 da
2195 5145 2235 5197 is
2275 5154 2322 5198 ct
2362 5143 2550 5198 Grauis
2590 5144 2840 5199 Clu-istum
2869 5146 2965 5199 Dei
3003 5146 3241 5200 Virtutem
3271 5156 3315 5199 et
3342 5143 3430 5212 Dei
3457 5130 3653 5214 stipem-

2113 5234 2234 5288 tiam
2263 5234 2305 5302 (l
2325 5235 2441 5288 Cor.
2475 5252 2508 5299 l,
2538 5237 2628 5301 25,
2657 5236 2768 5306 24).
2799 5237 2934 5306 Quid
2968 5253 3120 5306 paras
3145 5237 3461 5290 munimenta
3482 5211 3658 5316 divitiis

2115 5327 2256 5382 tuis?
2306 5327 2440 5381 Antii
2486 5327 2743 5382 Virtutem
2789 5329 2876 5382 Dei
2904 5349 2916 5381 :
2948 5329 3076 5382 nihil
3125 5328 3324 5381 fortius.
3351 5325 3477 5393 Quid
3520 5316 3653 5390 [tatas

2112 5430 2421 5490 argumenta
2452 5421 2651 5475 divitiis
2690 5422 2831 5476 tuis?
2871 5421 3003 5476 Audi
3048 5421 3363 5491 Sapientiam
3391 5415 3480 5471 Dei
3504 5433 3514 5466 :
3538 5405 3655 5494 nihil

2114 5513 2440 5582 prudentius.
2473 5512 2634 5568 Forte
2659 5513 2802 5568 enim
2825 5531 2942 5568 cum
2971 5516 3150 5571 dixem
3169 5556 3182 5578 ,
3216 5504 3650 5588 scandalizabet‘iS.

2114 5602 2330 5658 Judazus
2358 5604 2498 5668 eris;
2530 5605 2649 5674 quia
2686 5605 2928 5663 Christus
2953 5606 3146 5662 Juda-is
3171 5604 3487 5659 scandalum.
3514 5597 3654 5652 Forte

2115 5711 2234 5749 cum
2259 5694 2462 5758 dixero,
2484 5697 2700 5750 stultum
2725 5698 2814 5750 tibi
2843 5697 3130 5758 vide-hitur.
3161 5691 3378 5749 chtilis
3398 5687 3523 5750 eris;
3549 5683 3652 5753 tl"ia

2117 5784 2358 5841 Christus
2372 5784 2624 5842 Gentibus
2647 5787 2884 5842 stultitia.
2901 5787 3227 5842 Christianus
3251 5799 3330 5852 es,
3349 5789 3548 5835 vocatus
3561 5788 3616 5855 es
3635 5784 3650 5825 ‘-
