3922 6192
260 377 353 435 505

253 489 435 548 vocatis
454 497 640 549 autem
656 483 858 542 ludatis
886 495 937 541 et
961 483 1160 541 GI‘J'CiS
1177 483 1418 541 Christus
1444 486 1532 540 Dei
1549 485 1724 539 Virtus
1755 494 1836 540 est

256 593 306 638 et
331 581 413 637 Dei
441 577 745 648 Sapientia.
773 574 949 645 Nolite
976 575 1273 630 contristari
1297 616 1311 638 ,
1343 591 1464 630 cum
1490 576 1705 641 dixero;
1736 593 1833 630 no-

249 674 335 727 lite
367 668 783 732 scandaluari,‘
815 667 982 722 nolite
1025 666 1167 721 velut
1209 666 1524 745 insipientia;
1568 682 1701 721 mea:
1741 658 1834 721 ore

251 772 378 818 torto
396 760 699 816 insultare.
732 746 1047 814 Audiamus;
1069 755 1219 826 Quod
1248 756 1388 810 enim
1417 755 1656 812 dicturus
1675 771 1792 811 sum
1812 797 1826 819 ,

248 856 476 911 Christus
517 853 671 909 dixit.
701 851 1015 907 Contemnis
1055 865 1355 921 przcconem
1387 868 1399 903 :
1427 850 1553 905 time
1574 846 1826 921 judicent.

248 944 373 1015 Quid
386 959 519 1015 ergo
543 958 647 1016 ego
670 941 883 998 dicam?
905 940 1022 998 Iam
1046 957 1132 997 me
1154 940 1538 1011 propemodum
1560 940 1829 1013 Evangelii

249 1040 397 1095 lector
416 1034 586 1107 paulo
607 1042 733 1092 ante
771 1034 873 1089 bac
909 1048 1037 1089 cura
1080 1033 1341 1087 liberavit.
1373 1031 1489 1087 Non
1537 1047 1637 1103 ego
1688 1031 1826 1104 lego,

248 1130 330 1186 sed
373 1130 515 1184 lecta
560 1126 762 1183 recolo.
790 1124 1081 1182 Consilium
1127 1124 1403 1195 quaerebas
1448 1125 1500 1177 in
1544 1138 1700 1177 causa
1742 1132 1826 1177 tua

246 1219 679 1277 deficiensnide
721 1217 848 1290 quid
888 1217 1027 1273 dicat
1078 1215 1194 1273 fons
1242 1216 1375 1271 recti
1423 1214 1659 1280 consilii,
1713 1202 1829 1272 lens

247 1312 369 1367 unde
394 1308 659 1381 quidquid
684 1308 902 1379 imples,
934 1322 1195 1362 venenum
1228 1324 1330 1359 non
1364 1306 1521 1361 times
1550 1307 1586 1355 ⁸.

302 1422 530 1482 CAPUT
566 1420 816 1478 Vl.-——6.
848 1419 1132 1475 Tltesaurus
1168 1420 1220 1473 in
1258 1420 1382 1477 cwlo
1409 1419 1724 1474 condendas.
1758 1452 1827 1462 —

247 1517 407 1572 Nolite
430 1514 575 1571 vobis
591 1513 809 1568 condere
830 1512 1092 1567 thesauros
1116 1513 1167 1565 in
1194 1521 1351 1579 terra,
1378 1512 1463 1565 ubi
1487 1511 1620 1566 tinea
1658 1521 1705 1566 et
1743 1528 1825 1565 co-

243 1616 451 1663 mestura
480 1605 782 1660 actenninat
804 1646 819 1667 ,
837 1612 897 1658 et
923 1602 1006 1657 ubi
1032 1603 1171 1672 fures
1200 1601 1447 1669 eﬂ'odiuut
1473 1612 1519 1656 et
1542 1604 1777 1674 furantur
1806 1620 1825 1658 :

242 1699 318 1755 sed
351 1698 697 1753 thesaurisate
733 1695 867 1751 vobis
907 1696 1167 1750 thesauros
1209 1696 1260 1749 in
1300 1695 1456 1761 caelo,
1483 1711 1582 1766 quo
1612 1696 1698 1766 fur
1724 1710 1826 1748 non

240 1790 439 1854 accedit,
473 1806 636 1860 neque
660 1789 795 1842 tinea
819 1787 1116 1857 corrumpit.
1154 1785 1251 1841 Ubi
1286 1796 1358 1841 est
1395 1787 1526 1840 enim
1561 1786 1826 1840 thesaurus

242 1895 358 1946 ius,
384 1881 462 1936 ibi
486 1881 579 1935 erit
605 1889 652 1935 et
676 1896 765 1935 cor
794 1889 955 1933 tuum.
978 1864 1116 1946 Quid
1142 1888 1417 1953 exspectas
1432 1877 1696 1948 amplius?
1718 1876 1823 1932 Res

240 1970 547 2046 apertaest.
573 1965 868 2029 Consilium
901 1956 1074 2042 patet,
1106 1970 1200 2025 sed
1242 1960 1501 2039 cupiditas
1527 1970 1654 2026 latet
1677 1987 1692 2024 :
1716 1970 1824 2024 imo

242 2087 332 2124 nou
352 2068 512 2134 latet,
532 2067 631 2125 sed
661 2067 823 2122 etiam
851 2066 963 2136 ipsa
986 2106 1001 2130 ,
1031 2064 1172 2135 quod
1205 2058 1354 2137 pejus
1381 2072 1678 2141 est,'p.ilet.
1705 2062 1823 2117 Non

240 2160 366 2216 enim
419 2169 599 2216 cessat
641 2158 827 2229 rapina
856 2156 1087 2228 grassari
1119 2173 1130 2207 :
1164 2173 1269 2211 non
1306 2158 1448 2210 enim
1477 2163 1653 2209 cessat
1681 2152 1825 2208 frau-

238 2253 352 2308 dare
371 2251 607 2308 avaritia
632 2267 647 2304 :
675 2266 785 2306 non
807 2251 951 2305 enim
972 2258 1151 2304 ccs~at
1173 2248 1446 2318 periurare
1475 2248 1692 2309 malitia.
1721 2246 1825 2302 Te-

242 2356 335 2398 nnn
362 2353 428 2399 ut
468 2342 639 2414 quid?
666 2341 738 2399 Ut
779 2341 1182 2401 thesaurizetur.
1228 2340 1295 2394 Et
1338 2339 1437 2394 ubi
1471 2339 1735 2410 ponatur?
1764 2338 1821 2394 In

242 2447 386 2491 terra.
420 2435 588 2491 Recte
615 2418 833 2504 quidem
863 2449 893 2487 a
920 2432 1143 2488 terrain
1173 2442 1389 2493 terram.
1418 2430 1629 2486 Ilomini
1651 2432 1821 2499 enim,

239 2546 265 2581 ε
287 2544 384 2598 quo
418 2526 576 2582 nobis
601 2525 713 2580 dixi
744 2524 980 2581 laborem
1008 2522 1175 2579 fuisse
1195 2522 1555 2593 prepinatntn,
1585 2522 1822 2592 pecamti

238 2618 429 2674 dictum
459 2627 578 2682 est,
600 2604 764 2671 Terra
797 2631 885 2681 es,
912 2624 960 2669 et
988 2615 1042 2669 in
1065 2623 1252 2671 terram
1277 2612 1371 2667 ibis
1400 2610 1554 2683 (Gen.
1585 2629 1672 2679 in,
1705 2612 1819 2684 l9).

240 2694 414 2767 Merito
444 2709 732 2764 thesaurus
768 2707 822 2765 in
867 2715 1007 2762 terra
1027 2745 1044 2772 ,
1070 2698 1191 2776 quia
1217 2720 1314 2761 cor
1341 2704 1394 2759 in
1422 2713 1583 2760 terra.
1615 2704 1710 2761 Ubi
1741 2712 1824 2758 est

239 2818 349 2873 ergo
366 2801 518 2873 quod
538 2801 801 2856 habemus
819 2798 885 2854 ad
904 2798 1109 2853 Deum?
1133 2797 1317 2853 Dolete
1332 2799 1423 2868 qui
1450 2796 1817 2853 intellexistis:

239 2892 598 2965 cerrito-inlini,
629 2891 677 2945 si
713 2874 977 2946 doluistis.
1014 2888 1276 2958 Quamdiu
1305 2888 1522 2944 laudare
1551 2889 1594 2953 ³,
1622 2897 1677 2942 et
1715 2903 1820 2943 non

240 2986 444 3043 facere?
467 2985 666 3042 Verum
687 2991 789 3051 est,
812 2981 939 3037 nihil
969 2985 1165 3036 verius.
1196 2980 1310 3035 Fiat
1326 2995 1457 3050 ergo
1471 2979 1613 3050 quod
1637 2994 1820 3035 verum

242 3089 331 3134 εει.
358 3077 546 3137 Unum
564 3077 736 3132 Deum
759 3073 1057 3139 laudamus,
1079 3081 1258 3129 etnon
1279 3080 1548 3127 mutantur
1568 3070 1612 3138 ³,
1635 3081 1693 3126 ut
1716 3086 1820 3128 non

244 3173 383 3227 etiam
411 3172 469 3227 in
502 3170 609 3224 hoc
635 3184 771 3222 vane
794 3166 1193 3222 conturbcmur.

301 3265 347 3317 Ἰ.
377 3258 677 3334 Πῖςωηάιε
693 3276 724 3313 e
748 3268 882 3313 terra
904 3259 959 3313 iu
982 3258 1162 3337 cadum
1186 3242 1393 3311 divitia.
1433 3256 1575 3327 Ergo
1596 3296 1611 3320 ,
1647 3253 1824 3311 Nolite

243 3354 359 3409 rubis
375 3353 601 3409 cecidere
625 3352 921 3405 thesaurum
943 3349 995 3404 in
1019 3358 1151 3404 terra
1167 3366 1186 3415 ;
1203 3347 1316 3404 sive
1333 3347 1536 3418 experti
1555 3347 1823 3419 quomodo

243 3430 407 3512 lact-esi
451 3443 601 3517 quod
645 3444 698 3499 in
745 3453 885 3498 tctra
930 3440 1260 3505 reconditur,
1289 3439 1401 3495 sive
1446 3457 1550 3494 non
1578 3439 1819 3511 experti,

242 3538 322 3592 sed
343 3548 396 3593 ct
416 3554 521 3594 vos
547 3538 738 3594 saltem
765 3542 1064 3592 metuentes
1087 3533 1338 3603 experiri.
1366 3535 1535 3600 Quem
1570 3552 1672 3587 non
1700 3548 1818 3589 cor-

242 3620 399 3704 rigunt
436 3632 639 3697 verba,
667 3630 937 3700 corrigunt
973 3629 1363 3698 experimenta.
1404 3627 1522 3682 Non
1563 3628 1817 3698 surgitur,

244 3738 335 3777 non
359 3722 690 3794 proceditur,
712 3719 814 3776 nisi
844 3730 899 3775 ut
925 3736 1029 3775 una
1054 3734 1184 3775 voce
1208 3718 1414 3775 dicatur
1437 3719 1506 3773 ab
1531 3719 1778 3773 onmibus
1804 3736 1816 3772 :

244 3813 322 3865 νη·
349 3814 542 3878 nobis,
574 3800 684 3869 ruit.
724 3811 973 3868 Innndus.
1003 3811 1060 3866 Si
1088 3811 1229 3877 ruit,
1257 3824 1422 3879 quare
1450 3826 1563 3865 non
1582 3809 1821 3879 migras?

240 3902 289 3958 Si
334 3905 427 3959 tibi
478 3888 808 3960 architectus
848 3904 1080 3966 ditcret,
1110 3902 1368 3957 ruiturum
1396 3901 1614 3957 domum
1637 3911 1816 3969 tuam;

240 4013 402 4052 inerme
434 3998 585 4067 prius
611 3996 870 4067 migrarcs
893 4037 909 4061 ,
955 4010 1111 4065 quam
1156 3993 1550 4058 iititrtiinrares?
1578 3994 1821 4050 Structor

239 4087 407 4140 ntuudi
434 4086 565 4141 dicit
595 4087 687 4140 tibi
717 4085 980 4140 ruiturum
1011 4083 1262 4139 mundum
1283 4124 1300 4149 ,
1325 4092 1382 4139 et
1414 4098 1517 4138 non
1540 4083 1748 4139 credis?

298 4176 527 4234 CAPUT
557 4175 665 4233 VII.
688 4205 762 4216 —
782 4173 917 4228 Audi
948 4188 1131 4230 vocem
1162 4173 1515 4242 prmdicentis,
1543 4175 1662 4227 audi
1691 4189 1820 4228 eon-

236 4268 403 4322 silimn
428 4266 845 4322 commonentis.
874 4265 986 4319 Vox
1027 4265 1364 4334 pra-dicentis
1392 4271 1505 4328 est,
1541 4263 1603 4317 Et
1638 4264 1817 4319 caelum

234 4369 277 4410 rt
301 4368 433 4413 terra
462 4358 745 4413 transibunt
774 4355 988 4426 (Matth.
1018 4371 1169 4424 xxiv,
1199 4355 1312 4427 55).
1340 4355 1450 4410 Vox
1475 4370 1819 4411 connnonen-

237 4450 298 4502 tis
324 4461 408 4505 est
425 4492 443 4513 ,
477 4446 651 4503 No‘te
677 4447 814 4503 vobis
840 4445 1054 4501 condere
1081 4445 1367 4500 thesaurum
1405 4446 1456 4500 in
1498 4454 1651 4500 tei‘ra.
1677 4445 1821 4516 Ergo

234 4555 275 4592 si
296 4541 521 4597 creditis
550 4542 660 4596 Deo
696 4538 1035 4611 praedicenti,
1070 4538 1118 4593 si
1164 4555 1270 4595 non
1310 4540 1651 4594 contemnitis
1672 4555 1821 4594 cotu-

235 4642 558 4700 monentem,
582 4633 671 4687 ﬁat
697 4631 841 4703 quod
865 4630 1014 4687 dicit.
1038 4629 1156 4685 Non
1188 4631 1328 4687 enim
1357 4632 1444 4688 ille
1467 4641 1517 4687 te
1546 4632 1696 4697 fallit,
1727 4634 1818 4704 qui

234 4721 335 4776 tale
376 4721 658 4778 consiliqu
709 4723 877 4778 dedit.
916 4722 1033 4777 Non
1061 4721 1254 4793 perdes
1289 4722 1433 4792 quod
1463 4723 1692 4789 dedisti,
1723 4725 1815 4780 sed

235 4816 480 4883 ξισειςιρτίθ
494 4832 599 4885 quo
624 4816 816 4871 misisti
842 4815 883 4869 ⁸.
909 4815 1205 4872 Consiiium
1235 4831 1364 4885 ergo
1388 4816 1458 4871 do
1482 4835 1496 4873 :
1522 4816 1603 4870 Da
1623 4834 1818 4889 paupe-

235 4906 388 4971 ribus,
412 4917 461 4961 et
486 4906 687 4962 habebis
714 4908 1007 4962 thesaurum
1031 4909 1083 4961 in
1109 4906 1253 4962 cado.
1283 4908 1396 4964 Non
1422 4910 1539 4965 sine
1568 4909 1818 4967 thesauro

235 4998 569 5055 remanebis:
600 4999 697 5055 sed
736 5000 879 5070 quod
910 5000 1076 5055 habes
1104 5001 1155 5055 in
1182 5012 1320 5055 terra
1346 5002 1627 5069 sollicitus,
1656 5001 1820 5058 babe-

236 5084 313 5141 bis
354 5089 411 5142 in
457 5091 592 5146 coelo
632 5106 873 5147 securus.
918 5091 1079 5169 hligra
1118 5106 1267 5162 ergo.
1295 5091 1587 5148 Consilium
1615 5094 1821 5160 deser-

234 5180 421 5246 vandi,
460 5200 565 5239 non
608 5184 885 5255 perdendi.
926 5182 1145 5238 Habebis
1168 5227 1181 5248 ,
1220 5185 1420 5255 inquit,
1451 5186 1741 5241 thesaurum
1766 5189 1817 5241 in

231 5269 353 5322 aulo
383 5286 404 5324 :
446 5279 488 5325 et
535 5273 679 5347 peni,
717 5290 922 5345 sequere
982 5290 1060 5327 me
1114 5272 1373 5345 (ld.mx,
1422 5274 1484 5329 21
1512 5274 1565 5345 );
1618 5287 1673 5330 ιιι
1720 5277 1819 5331 du-

230 5374 347 5413 cam
400 5369 454 5415 te
489 5360 552 5417 ad
593 5364 901 5419 thesaurum
943 5374 1109 5420 tuoin.
1147 5364 1279 5432 ,Νυη
1331 5375 1417 5420 est
1459 5366 1559 5421 hoc
1600 5367 1821 5439 άίεηεήρ

291 5535 307 5600 ξ
331 5534 635 5600 uitiationis
654 5539 830 5600 codex,
847 5553 939 5591 non
960 5540 1106 5591 timet.

289 5599 314 5677 ξ
335 5597 631 5677 cultis
653 5597 874 5677 laudare.
889 5605 1063 5677 ‘Abest,
1267 5618 1293 5652 a
1330 5612 1407 5653 Ms.
1431 5604 1721 5677 Colbertino.

232 5658 636 5769 li':ut‘mlbertiuus
657 5670 760 5723 Hs,
786 5662 1034 5716 laudemus
1050 5658 1110 5716 vet
1146 5658 1420 5728 imitamur;
1457 5670 1641 5733 alisque
1666 5683 1815 5734 nega-

290 5786 309 5808 ⁸
341 5790 410 5830 tta
436 5780 692 5847 legendum
718 5802 777 5837 ex
805 5790 1086 5840 auctoritate
1109 5789 1287 5840 codicis
1314 5803 1354 5839 ι’.
1385 5791 1527 5854 [quod
1553 5791 1760 5857 misisti]

1725 370 1952 426 SER)“
1993 370 2079 425 LX
2092 412 2103 423 .

3429 389 3533 444 ιθσ

1943 484 2118 548 dintn,
2153 484 2244 539 sed
2296 490 2688 559 compendium.
2741 492 3004 563 Evigilent
3052 492 3301 553 homines
3351 499 3389 553 ‘.
3418 503 3533 555 Au-

1939 575 2085 629 diant
2132 576 2212 630 vel
2255 580 2459 655 experti
2501 582 2639 650 quod
2672 583 2895 659 timeant
2918 586 2960 650 ’,
2995 583 3191 640 iaciant
3236 586 3529 657 undequon

1940 665 2191 734 timeant,
2240 669 2471 738 migrent
2518 672 2569 725 in
2613 675 2828 731 ctelutn.
2880 674 3228 732 Frumentum
3276 678 3429 748 ponis
3476 682 3540 738 iu.

1908 754 1911 759 “
1938 764 2107 823 terra;
2132 760 2276 815 venit
2296 760 2498 817 amicus
2529 772 2668 831 tuus,
2697 754 2785 835 qui
2817 767 2964 837 novit
2993 766 3257 824 frumenti.
3282 780 3339 824 et
3370 778 3529 833 teme

1937 858 2212 915 naturam,
2256 851 2414 909 docet
2462 863 2604 909 tuam
2659 857 3015 927 imperitiam,
3058 861 3187 917 dicit
3234 861 3523 929 tibizQuid

1936 940 2141 995 fecisti?
2169 941 2520 1001 Frumentum
2556 947 2610 1001 in
2643 955 2786 1003 terra
2811 949 2863 1003 in
2892 948 3235 1015 interioribus
3256 953 3480 1023 posuisti
3507 972 3522 1009 :

1937 1028 2189 1086 humidus
2225 1033 2373 1090 locus
2415 1044 2526 1101 est,
2558 1041 2816 1107 putrescit
2862 1040 3004 1111 quod
3047 1042 3302 1113 posuisti,
3330 1044 3524 1115 perdes

1934 1122 2172 1181 laborem
2197 1120 2363 1181 tuum.
2393 1128 2704 1198 Respondes
2727 1148 2740 1183 :
2764 1131 2899 1199 Quid
2923 1147 3053 1205 ergo
3083 1134 3307 1189 faciam?
3332 1136 3498 1206 migra

1934 1214 2139 1285 inquit,
2187 1218 2237 1271 in
2283 1221 2579 1289 superiora.
2625 1221 2794 1276 Audis
2821 1237 2948 1293 ergo
2970 1222 3200 1279 amicum
3242 1226 3524 1283 consilium

1930 1303 2144 1360 dantem
2162 1306 2229 1363 de
2248 1306 2511 1365 frumento
2543 1322 2650 1379 tuo,
2666 1320 2720 1367 ct
2739 1315 3035 1369 contemnis
3059 1313 3222 1369 Deum
3237 1315 3518 1391 consilium

1931 1398 2142 1453 dantem
2168 1399 2235 1455 de
2252 1400 2414 1457 corde
2426 1402 2539 1457 tuo?
2551 1402 2896 1459 Frumentum
2914 1414 3059 1461 tuum
3081 1406 3235 1462 times
3252 1421 3450 1475 ponere
3468 1390 3518 1460 iii

1931 1498 2105 1556 terra,
2133 1500 2188 1545 et
2210 1492 2304 1547 cor
2330 1501 2475 1547 tuum
2522 1495 2697 1564 perdis
2743 1495 2796 1552 in
2846 1497 3027 1552 terra?
3074 1498 3209 1554 Ecce
3258 1498 3516 1552 Dominus

1932 1580 2073 1637 Deus
2103 1591 2242 1649 tuus,
2270 1599 2390 1638 cum
2415 1584 2507 1639 dat
2530 1586 2621 1641 tibi
2643 1588 2923 1642 consilium
2948 1588 3015 1643 de
3036 1588 3198 1645 corde
3226 1600 3317 1644 tuo
3340 1590 3383 1654 ³,
3411 1589 3511 1644 Ubi

1928 1674 2082 1737 enim,
2107 1674 2295 1747 inquit,
2324 1678 2476 1749 fuerit
2501 1681 2765 1735 tlwsaurus
2785 1690 2919 1746 tuus,
2938 1682 3044 1736 illic
3063 1683 3156 1739 erit
3171 1692 3220 1737 et
3245 1697 3335 1736 cor
3353 1691 3512 1735 tuum.

1930 1762 2092 1828 Leva,
2116 1766 2303 1836 inquit,
2329 1783 2425 1824 cor
2453 1768 2503 1824 in
2523 1770 2741 1836 CG‘lttm,
2765 1786 2834 1826 ne
2856 1781 3250 1841 computrescat
3273 1771 3326 1826 in
3349 1781 3513 1827 terra.

1926 1851 2216 1910 Consilium
2244 1866 2327 1912 est
2351 1858 2468 1928 ejus
2493 1859 2581 1929 qui
2608 1860 2719 1915 vult
2742 1874 2984 1925 servare,
3011 1876 3117 1916 non
3142 1861 3390 1932 perdere.

1997 1934 2220 2005 CAPUT
2268 1949 2397 2004 VIII.
2429 1981 2500 1990 —
2523 1951 2576 2006 8.
2616 1950 2869 2006 Laturarn'
2897 1954 3056 2008 nostri
3084 1970 3331 2025 pauperes
3373 1965 3510 2009 sunt.

1925 2035 1980 2093 Si
2003 2053 2131 2109 ergo
2158 2039 2227 2093 ita
2258 2050 2370 2117 est,
2401 2042 2666 2111 quomodo
2695 2043 2912 2113 paenitet
2940 2060 3049 2099 eos
3085 2045 3176 2114 qui
3222 2059 3327 2099 non
3370 2046 3513 2100 lece-

1925 2140 2048 2186 ruut
2065 2130 2089 2184 ?
2105 2129 2260 2185 Modo
2280 2132 2405 2201 quid
2429 2131 2529 2187 sibi
2551 2132 2772 2188 dicunt?
2795 2132 2851 2189 lu
2869 2134 3008 2191 οωιυ
3028 2134 3348 2194 haberemus
3368 2136 3510 2206 quod

1927 2220 1979 2276 in
2012 2232 2149 2279 terra
2173 2223 2521 2293 perdidimus.
2558 2223 2755 2280 Invasit
2782 2224 2951 2297 hostis
2973 2225 3229 2307 domum,
3256 2227 3511 2295 numquid

1927 2313 2198 2369 invaderet
2217 2315 2447 2371 calum?
2467 2315 2672 2370 Decidit
2690 2330 2911 2371 servum
2928 2315 3224 2383 custodem,
3254 2317 3510 2387 numquid

1925 2403 2194 2459 occideret
2222 2405 2501 2461 Dominum
2518 2405 2885 2462 servatorem?
2909 2406 3021 2474 Quo
3038 2407 3124 2476 [ur
3148 2422 3247 2461 non
3276 2409 3468 2469 accedit
3486 2448 3503 2472 ,

1927 2509 2083 2564 neque
2112 2494 2245 2548 tinea
2270 2496 2593 2566 corrumpit?
2611 2494 2780 2566 Quam
2819 2497 2973 2552 multi
2999 2497 3180 2561 dicunt
3206 2514 3220 2546 :
3245 2496 3320 2553 Ibi
3351 2497 3512 2553 babe-

1926 2599 2105 2639 remus
2127 2627 2143 2652 ,
2191 2576 2261 2642 ibi
2304 2596 2516 2665 nostros
2554 2586 2574 2619 "
2608 2587 2887 2659 thesauros
2928 2591 3372 2658 reconderemus,
3403 2607 3511 2662 quo

1925 2691 2019 2733 eos
2060 2678 2235 2734 securi
2281 2689 2400 2749 post
2448 2680 2719 2750 paululum
2760 2680 3141 2751 sequeremur?
3178 2683 3357 2749 Quare
3401 2699 3509 2739 non

1925 2767 2226 2843 audivimus
2264 2770 2547 2827 Dominum
2576 2772 2856 2837 nostrum?
2877 2770 3053 2840 Quare
3092 2772 3511 2843 eontemps'unus

1926 2860 2136 2918 Patrem
2167 2873 2469 2920 monentem
2493 2904 2505 2928 ,
2531 2873 2587 2919 et
2612 2863 2819 2918 hostem
2844 2864 3109 2920 sensimus
3137 2863 3511 2921 mvadentem'!

1927 2952 2067 3023 Ergo
2110 2952 2156 3008 si
2198 2953 2479 3010 consilium
2505 2964 2587 3009 cst
2616 2954 2738 3020 hoc,
2767 2968 2872 3010 non
2911 2953 3095 3019 simus,
3125 2953 3255 3026 pigri
3300 2954 3356 3009 in
3400 2962 3508 3013 tam

1924 3044 2065 3101 bono
2094 3045 2321 3130 consilio
2346 3065 2359 3101 :
2384 3054 2439 3101 et
2460 3046 2508 3102 si
2538 3045 2810 3125 migranda
2841 3054 2964 3113 sunt
2989 3060 3108 3116 quae
3137 3044 3420 3111 habemus,
3453 3045 3506 3100 in

1923 3151 2045 3193 cum
2090 3136 2265 3193 locum
2310 3134 2725 3202 transferamus,
2767 3137 2906 3193 unde
2945 3151 3050 3193 non
3094 3151 3158 3193 ea
3204 3136 3515 3206 perdamus.

1923 3216 2061 3294 Quid
2102 3236 2227 3283 sunt
2266 3243 2527 3298 pauperes
2551 3228 2745 3297 quibus
2766 3227 2957 3283 damus
2975 3269 2992 3293 ,
3020 3228 3120 3283 nisi
3151 3226 3386 3285 laturas-ii
3415 3241 3510 3285 no-

1925 3318 2022 3373 stri
2041 3361 2056 3383 ,
2084 3334 2182 3389 per
2214 3334 2349 3389 quos
2379 3319 2430 3373 in
2458 3319 2651 3375 celum
2682 3317 2749 3374 de
2775 3325 2916 3386 terra
2942 3318 3265 3384 migramus?
3284 3318 3357 3372 Da
3387 3317 3506 3373 :Ia-

1927 3411 2127 3463 turario
2153 3418 2241 3463 tuo
2260 3408 2379 3474 das,
2402 3410 2469 3464 ad
2493 3410 2687 3467 coelum
2709 3418 2885 3479 portat
2901 3408 3042 3479 quod
3068 3408 3183 3463 das.
3204 3405 3506 3476 Quomodo.

1926 3500 2120 3570 inquis,
2151 3500 2217 3554 ad
2240 3485 2433 3556 emtum
2462 3500 2669 3569 portat?
2694 3499 2776 3554 En
2804 3499 2957 3554 video
2979 3499 3102 3569 quia
3134 3497 3509 3555 manducando

1925 3591 2212 3647 Consumit.
2260 3591 2518 3654 Prorsus,
2563 3606 2669 3645 non
2714 3590 2962 3653 tenendo,
3000 3591 3094 3644 sed
3137 3588 3508 3644 inanducando

1926 3695 2250 3755 transportat
2275 3685 2316 3739 ⁸.
2350 3689 2431 3740 Au
2456 3685 2652 3740 excidit
2679 3684 2791 3749 tibi,
2832 3682 3004 3737 Venite
3025 3724 3041 3749 ,
3065 3682 3306 3736 benedicti
3334 3680 3508 3736 Putris

1926 3778 2022 3833 mei
2040 3819 2054 3841 ,
2094 3777 2333 3850 percipite
2368 3793 2615 3848 regnum:
2645 3776 2827 3831 esuriui
2866 3776 3032 3841 enim,
3064 3785 3109 3829 et
3133 3774 3341 3830 dedistis
3381 3774 3505 3830 mihi

1924 3870 2259 3935 manducare;
2279 3856 2498 3933 et,Cum
2526 3870 2614 3923 tuti
2654 3885 2717 3923 ea:
2748 3867 2971 3923 minimis
2998 3868 3118 3923 meis
3146 3868 3353 3939 fecistis,
3381 3869 3505 3922 mihi

1923 3961 2151 4037 fecistis?
2174 3960 2227 4023 Si
2254 3970 2381 4017 ante
2424 3970 2475 4016 te
2518 3959 2912 4019 mendicantem
2958 3975 3065 4015 non
3097 3959 3461 4029 contempsisti
3487 4001 3503 4026 ,

1922 4051 2135 4106 attende
2163 4051 2229 4106 ad
2249 4067 2406 4122 quem
2435 4050 2732 4120 pervenerit
2756 4049 2898 4119 quod
2915 4049 3273 4106 dedisti.Cuut
3291 4049 3402 4115 sui,
3424 4049 3507 4105 in-

1921 4143 2129 4213 quit,ea:
2157 4143 2376 4197 minimis
2401 4141 2521 4195 meis
2541 4142 2745 4213 fecistis,
2774 4141 2897 4199 mihi
2916 4140 3120 4209 fecistis.
3141 4138 3383 4197 Christus
3410 4154 3505 4195 uc-

1921 4233 2062 4301 cepit
2083 4231 2223 4301 quod
2249 4231 2458 4287 dedisti.
2487 4230 2578 4287 Ille
2604 4231 2932 4300 accepit,qui
2960 4230 3051 4286 tibi
3078 4231 3221 4287 unde
3235 4232 3393 4288 dares
3410 4231 3507 4289 do-

1922 4322 1999 4377 dit
2027 4338 2041 4375 :
2072 4323 2162 4378 ille
2179 4323 2403 4392 accepit,
2424 4322 2512 4392 qui
2541 4323 2592 4376 in
2612 4323 2717 4379 line
2745 4323 2838 4379 tibi
2859 4337 2917 4378 se
2936 4322 3110 4392 ipsum
3129 4323 3277 4380 dabit
3309 4322 3407 4397 (a).

1991 4412 2214 4469 CAPUT
2235 4411 2302 4466 IX
2330 4443 2400 4452 —
2418 4412 2473 4468 9.
2498 4411 2666 4478 Opera
2691 4412 3047 4470 miserictn'dic
3070 4414 3181 4469 sola
3201 4430 3504 4471 comm-

1894 4504 2085 4567 ,randa
2106 4515 2224 4560 sunt
2248 4507 2302 4559 in
2320 4506 2541 4576 judicio.
2584 4506 2717 4561 Nam
2746 4516 2801 4561 et
2825 4506 2926 4563 hoc
2949 4507 3253 4577 aliquando,
3283 4507 3499 4575 fratres,

1920 4596 2222 4653 commoniti
2254 4595 2579 4652 Charitatem
2611 4607 2841 4654 vestram
2860 4639 2877 4662 ,
2909 4597 3052 4668 quod
3080 4614 3200 4667 me,
3224 4597 3420 4665 fateor,
3448 4600 3501 4655 in

1920 4687 2192 4758 Scriptura
2248 4688 2340 4742 Dei
2391 4690 2671 4759 plurimum
2718 4701 2936 4756 movet,
2983 4699 3039 4746 et
3093 4691 3290 4761 saepius
3328 4690 3504 4749 debeo

1923 4793 2286 4834 communem.
2317 4778 2466 4851 Rogo
2495 4796 2589 4835 vos
2610 4789 2668 4835 ut
2690 4781 2955 4851 cogitetis,
2977 4780 3120 4851 quod
3148 4783 3223 4836 sit
3251 4781 3366 4852 ipse
3392 4783 3503 4838 Do-

1923 4869 2103 4924 minus
2121 4878 2303 4925 noster
2326 4870 2762 4937 Jesustristus,
2779 4872 2830 4924 in
2863 4870 2968 4926 line
2991 4873 3327 4936 sax'uli,cum
3344 4886 3503 4928 vene-

1923 4959 1993 5013 rit
2018 4959 2081 5014 ad
2103 4959 2364 5029 judicium
2387 5000 2403 5024 ,
2442 4969 2880 5030 congregaturum
2924 4975 2983 5017 se
3019 4977 3209 5019 attines
3230 4970 3420 5033 gentes
3450 4963 3503 5018 in

1922 5058 2207 5119 conspectu
2234 5065 2355 5116 suo,
2382 5060 2436 5106 et
2459 5051 2750 5115 divisurum
2779 5052 3022 5107 homines
3048 5052 3100 5106 in
3134 5053 3268 5107 duas
3300 5060 3502 5122 partes,

1923 5139 1990 5195 ad
2019 5139 2289 5196 dexteram
2319 5142 2473 5206 alios,
2498 5151 2552 5198 et
2579 5142 2644 5197 ad
2673 5143 2945 5198 sinistram
2991 5144 3129 5199 alios
3171 5144 3462 5212 insilui-om
3482 5187 3497 5208 .

1991 5235 2007 5266 ¹
2037 5240 2100 5281 Ita
2146 5231 2408 5304 legendtun
2440 5247 2503 5284 ex
2538 5233 2824 5284 aiuztoritate
2855 5233 3078 5295 ejuslcm
3107 5233 3288 5285 codicis
3318 5246 3361 5284 ι’.
3389 5233 3506 5296 [αυ-

1954 5298 2056 5342 item
2081 5293 2329 5342 honmtch
2926 5298 2933 5307 ‘

1920 5298 2056 5352 silmt
2081 5293 2329 5356 homines]
2885 5293 2899 5295 -
2926 5298 2933 5307 ε
3390 5293 3408 5296 -

1986 5361 2077 5421 sAItt
2100 5356 2570 5421 Ctdtn'rtinoemltco,
2604 5355 2806 5407 ,ηεαίαηι
2832 5354 2904 5407 vel
2933 5356 3123 5421 cmm-
3151 5368 3168 5406 ε
3203 5353 3285 5420 qm-
3321 5353 3507 5418 mnam,

1924 5419 2252 5487 facitottjmde
2266 5432 2358 5469 non
2377 5418 2590 5487 linteum.

1989 5487 2009 5517 ³
2030 5481 2188 5530 (10tch
2211 5494 2275 5539 r.,
2300 5494 2408 5530 cum
2433 5481 2515 5531 dat
2551 5480 2634 5532 tisi
2657 5479 2903 5530 consilium
2938 5478 3000 5529 dr
3026 5477 3253 5530 thesauro
3285 5484 3384 5541 tuo,
3421 5480 3508 5534 dat

1923 5545 2006 5598 tibi
2034 5550 2078 5595 et
2101 5543 2162 5594 de
2185 5543 2330 5594 corde
2351 5549 2447 5592 tuo.

1987 5611 2007 5640 δ
2032 5615 2162 5663 t.ov.,
2185 5606 2227 5657 si
2248 5612 2460 5663 nostros;
2481 5602 2880 5653 dissentientibus
2899 5602 3092 5663 ceteris
3115 5600 3265 5663 libris.

1964 5673 2006 5738 ,³
2038 5662 2339 5718 (Iolbcrtinus
2381 5667 2555 5727 codex,
2589 5670 2877 5727 trcmsportut
2901 5662 2980 5713 ubi
3024 5662 3377 5726 tntditm‘ttses,
3426 5674 3533 5733 νοις

2010 5772 2013 5776 λ
2113 5743 2156 5776 0.
2720 5739 2727 5745 ’

1924 5739 2189 5854 “nauci”.
2217 5804 2289 5852 su;
2308 5803 2376 5851 ra,
2395 5803 2539 5839 scrin.
2575 5790 2642 5847 I8,
2672 5802 2718 5837 ιι.
2756 5788 2793 5848 l,
2821 5796 2865 5837 et
2887 5787 3116 5846 sermﬁS,
3142 5802 3187 5837 ιι.
3215 5787 3264 5838 9.
