  <div class='ocr_page' id='page_1' title='image "/cluster/home/n/w/nwhite01/storage/ocr_20150623/38/hvd.32044096580600/209.png"; bbox 0 0 3954 6186; ppageno 0'>
   <div class='ocr_carea' id='block_1_1' title="bbox 371 291 473 343">
    <p class='ocr_par' dir='ltr' id='par_1_1' title="bbox 371 291 473 343">
     <span class='ocr_line' id='line_1_1' title="bbox 371 291 473 343; baseline -0.02 -1"><span class='ocrx_word' id='word_1_1' title='bbox 371 291 473 343; x_wconf 65' lang='grc' dir='ltr'><strong>ΜΠ</strong></span> 
     </span>
    </p>
   </div>
   <div class='ocr_carea' id='block_1_2' title="bbox 373 381 1940 467">
    <p class='ocr_par' dir='ltr' id='par_1_2' title="bbox 373 381 1940 467">
     <span class='ocr_line' id='line_1_2' title="bbox 373 381 1940 467; baseline -0.014 -14"><span class='ocrx_word' id='word_1_2' title='bbox 373 400 679 467; x_wconf 68' lang='lat' dir='ltr'><strong>dextrisque</strong></span> <span class='ocrx_word' id='word_1_3' title='bbox 716 397 1004 455; x_wconf 76' lang='lat' dir='ltr'><strong>dicturum,</strong></span> <span class='ocrx_word' id='word_1_4' title='bbox 1063 390 1264 451; x_wconf 70' lang='lat' dir='ltr'><strong>Venite,</strong></span> <span class='ocrx_word' id='word_1_5' title='bbox 1313 387 1552 442; x_wconf 78' lang='lat' dir='ltr'><strong>benedicti</strong></span> <span class='ocrx_word' id='word_1_6' title='bbox 1600 383 1769 438; x_wconf 76' lang='lat' dir='ltr'><strong>Patris</strong></span> <span class='ocrx_word' id='word_1_7' title='bbox 1818 381 1940 443; x_wconf 79' lang='lat' dir='ltr'><strong>mei,</strong></span> 
     </span>
    </p>
   </div>
   <div class='ocr_carea' id='block_1_3' title="bbox 375 475 1949 560">
    <p class='ocr_par' dir='ltr' id='par_1_3' title="bbox 375 475 1949 560">
     <span class='ocr_line' id='line_1_3' title="bbox 375 475 1949 560; baseline -0.015 -14"><span class='ocrx_word' id='word_1_8' title='bbox 375 489 610 560; x_wconf 66' lang='lat' dir='ltr'><strong>percipit:</strong></span> <span class='ocrx_word' id='word_1_9' title='bbox 631 499 838 556; x_wconf 79' lang='lat' dir='ltr'><strong>regnum</strong></span> <span class='ocrx_word' id='word_1_10' title='bbox 857 482 992 554; x_wconf 87' lang='lat' dir='ltr'><strong>quod</strong></span> <span class='ocrx_word' id='word_1_11' title='bbox 1013 480 1147 535; x_wconf 77' lang='lat' dir='ltr'><strong>vobis</strong></span> <span class='ocrx_word' id='word_1_12' title='bbox 1168 491 1399 550; x_wconf 86' lang='lat' dir='ltr'><strong>paratum</strong></span> <span class='ocrx_word' id='word_1_13' title='bbox 1423 487 1494 532; x_wconf 86' lang='lat' dir='ltr'><strong>cst</strong></span> <span class='ocrx_word' id='word_1_14' title='bbox 1516 475 1578 531; x_wconf 89' lang='lat' dir='ltr'><strong>ab</strong></span> <span class='ocrx_word' id='word_1_15' title='bbox 1598 476 1787 548; x_wconf 81' lang='lat' dir='ltr'><strong>origine</strong></span> <span class='ocrx_word' id='word_1_16' title='bbox 1806 489 1949 525; x_wconf 83' lang='lat' dir='ltr'><strong>utun-</strong></span> 
     </span>
    </p>
   </div>
   <div class='ocr_carea' id='block_1_4' title="bbox 376 567 1946 645">
    <p class='ocr_par' dir='ltr' id='par_1_4' title="bbox 376 567 1946 645">
     <span class='ocr_line' id='line_1_4' title="bbox 376 567 1946 645; baseline -0.011 -11"><span class='ocrx_word' id='word_1_17' title='bbox 376 582 443 635; x_wconf 81' lang='lat' dir='ltr'><strong>:ti.</strong></span> <span class='ocrx_word' id='word_1_18' title='bbox 470 577 708 636; x_wconf 85' lang='lat' dir='ltr'><strong>Siuistris</strong></span> <span class='ocrx_word' id='word_1_19' title='bbox 735 583 910 630; x_wconf 86' lang='lat' dir='ltr'><strong>autem</strong></span> <span class='ocrx_word' id='word_1_20' title='bbox 932 615 945 641; x_wconf 90' lang='lat'><strong>,</strong></span> <span class='ocrx_word' id='word_1_21' title='bbox 979 570 1058 627; x_wconf 80' lang='lat' dir='ltr'><strong>Ite</strong></span> <span class='ocrx_word' id='word_1_22' title='bbox 1076 573 1127 627; x_wconf 86' lang='lat' dir='ltr'><strong>in</strong></span> <span class='ocrx_word' id='word_1_23' title='bbox 1152 574 1316 645; x_wconf 84' lang='lat' dir='ltr'><strong>ignem</strong></span> <span class='ocrx_word' id='word_1_24' title='bbox 1339 580 1578 626; x_wconf 70' lang='lat' dir='ltr'><strong>teter-imm</strong></span> <span class='ocrx_word' id='word_1_25' title='bbox 1598 611 1614 635; x_wconf 88' lang='lat'><strong>,</strong></span> <span class='ocrx_word' id='word_1_26' title='bbox 1638 567 1724 639; x_wconf 88' lang='lat' dir='ltr'><strong>qui</strong></span> <span class='ocrx_word' id='word_1_27' title='bbox 1747 580 1946 638; x_wconf 68' lang='lat' dir='ltr'><strong>prapo-</strong></span> 
     </span>
    </p>
   </div>
   <div class='ocr_carea' id='block_1_5' title="bbox 340 655 1948 734">
    <p class='ocr_par' dir='ltr' id='par_1_5' title="bbox 340 655 1948 734">
     <span class='ocr_line' id='line_1_5' title="bbox 340 655 1948 734; baseline -0.009 -11"><span class='ocrx_word' id='word_1_28' title='bbox 340 680 509 724; x_wconf 57' lang='lat' dir='ltr'><strong>nam</strong></span> <span class='ocrx_word' id='word_1_29' title='bbox 538 676 615 723; x_wconf 83' lang='lat' dir='ltr'><strong>est</strong></span> <span class='ocrx_word' id='word_1_30' title='bbox 664 664 866 719; x_wconf 80' lang='lat' dir='ltr'><strong>diabolo</strong></span> <span class='ocrx_word' id='word_1_31' title='bbox 917 675 963 719; x_wconf 81' lang='lat' dir='ltr'><strong>et</strong></span> <span class='ocrx_word' id='word_1_32' title='bbox 1013 663 1204 734; x_wconf 85' lang='lat' dir='ltr'><strong>angelis</strong></span> <span class='ocrx_word' id='word_1_33' title='bbox 1231 663 1359 733; x_wconf 81' lang='lat' dir='ltr'><strong>ejus.</strong></span> <span class='ocrx_word' id='word_1_34' title='bbox 1400 661 1591 731; x_wconf 76' lang='lat' dir='ltr'><strong>Qua-re</strong></span> <span class='ocrx_word' id='word_1_35' title='bbox 1635 672 1822 713; x_wconf 81' lang='lat' dir='ltr'><strong>causas</strong></span> <span class='ocrx_word' id='word_1_36' title='bbox 1868 655 1948 711; x_wconf 85' lang='lat' dir='ltr'><strong>vel</strong></span> 
     </span>
    </p>
   </div>
   <div class='ocr_carea' id='block_1_6' title="bbox 379 751 1947 824">
    <p class='ocr_par' dir='ltr' id='par_1_6' title="bbox 379 751 1947 824">
     <span class='ocr_line' id='line_1_6' title="bbox 379 751 1947 824; baseline -0.011 -8"><span class='ocrx_word' id='word_1_37' title='bbox 379 769 535 816; x_wconf 68' lang='lat' dir='ltr'><strong>mnta!</strong></span> <span class='ocrx_word' id='word_1_38' title='bbox 564 756 849 823; x_wconf 87' lang='lat' dir='ltr'><strong>mercedis,</strong></span> <span class='ocrx_word' id='word_1_39' title='bbox 876 756 955 810; x_wconf 82' lang='lat' dir='ltr'><strong>vel</strong></span> <span class='ocrx_word' id='word_1_40' title='bbox 988 755 1118 810; x_wconf 90' lang='lat' dir='ltr'><strong>tanti</strong></span> <span class='ocrx_word' id='word_1_41' title='bbox 1148 753 1411 824; x_wconf 75' lang='lat' dir='ltr'><strong>supplicii,</strong></span> <span class='ocrx_word' id='word_1_42' title='bbox 1440 751 1679 823; x_wconf 71' lang='lat' dir='ltr'><strong>percipite</strong></span> <span class='ocrx_word' id='word_1_43' title='bbox 1705 761 1947 822; x_wconf 84' lang='lat' dir='ltr'><strong>regnum;</strong></span> 
     </span>
    </p>
   </div>
   <div class='ocr_carea' id='block_1_7' title="bbox 375 839 1954 918">
    <p class='ocr_par' dir='ltr' id='par_1_7' title="bbox 375 839 1954 918">
     <span class='ocr_line' id='line_1_7' title="bbox 375 839 1954 918; baseline -0.011 -11"><span class='ocrx_word' id='word_1_44' title='bbox 375 862 459 916; x_wconf 85' lang='lat' dir='ltr'><strong>et,</strong></span> <span class='ocrx_word' id='word_1_45' title='bbox 489 848 569 903; x_wconf 72' lang='grc' dir='ltr'><strong>ιιι</strong></span> <span class='ocrx_word' id='word_1_46' title='bbox 605 849 658 902; x_wconf 86' lang='lat' dir='ltr'><strong>in</strong></span> <span class='ocrx_word' id='word_1_47' title='bbox 702 848 868 918; x_wconf 79' lang='lat' dir='ltr'><strong>ignem</strong></span> <span class='ocrx_word' id='word_1_48' title='bbox 904 856 1163 901; x_wconf 69' lang='lat' dir='ltr'><strong>internum.</strong></span> <span class='ocrx_word' id='word_1_49' title='bbox 1201 844 1373 910; x_wconf 66' lang='grc' dir='ltr'>(ζωιιό</span> <span class='ocrx_word' id='word_1_50' title='bbox 1405 843 1485 897; x_wconf 61' lang='lat' dir='ltr'><strong>isti</strong></span> <span class='ocrx_word' id='word_1_51' title='bbox 1531 839 1824 911; x_wconf 72' lang='lat' dir='ltr'><strong>percepturi</strong></span> <span class='ocrx_word' id='word_1_52' title='bbox 1870 852 1954 893; x_wconf 87' lang='lat' dir='ltr'><strong>re-</strong></span> 
     </span>
    </p>
   </div>
   <div class='ocr_carea' id='block_1_8' title="bbox 374 928 1954 1011">
    <p class='ocr_par' dir='ltr' id='par_1_8' title="bbox 374 928 1954 1011">
     <span class='ocr_line' id='line_1_8' title="bbox 374 928 1954 1011; baseline -0.009 -15"><span class='ocrx_word' id='word_1_53' title='bbox 374 943 575 1011; x_wconf 68' lang='lat' dir='ltr'><strong>gnum?</strong></span> <span class='ocrx_word' id='word_1_54' title='bbox 596 938 797 994; x_wconf 70' lang='grc' dir='ltr'><strong>Εεαήιεὶ</strong></span> <span class='ocrx_word' id='word_1_55' title='bbox 823 939 974 1004; x_wconf 86' lang='lat' dir='ltr'><strong>enim,</strong></span> <span class='ocrx_word' id='word_1_56' title='bbox 999 946 1046 991; x_wconf 81' lang='lat' dir='ltr'><strong>et</strong></span> <span class='ocrx_word' id='word_1_57' title='bbox 1068 935 1272 991; x_wconf 83' lang='lat' dir='ltr'><strong>dedistis</strong></span> <span class='ocrx_word' id='word_1_58' title='bbox 1300 934 1422 987; x_wconf 77' lang='lat' dir='ltr'><strong>mihi</strong></span> <span class='ocrx_word' id='word_1_59' title='bbox 1443 932 1761 986; x_wconf 78' lang='lat' dir='ltr'><strong><em>manducare.</em></strong></span> <span class='ocrx_word' id='word_1_60' title='bbox 1780 928 1954 995; x_wconf 89' lang='lat' dir='ltr'><strong>Quare</strong></span> 
     </span>
    </p>
   </div>
   <div class='ocr_carea' id='block_1_9' title="bbox 376 1021 1953 1104">
    <p class='ocr_par' dir='ltr' id='par_1_9' title="bbox 376 1021 1953 1104">
     <span class='ocr_line' id='line_1_9' title="bbox 376 1021 1953 1104; baseline -0.01 -15"><span class='ocrx_word' id='word_1_61' title='bbox 376 1036 460 1091; x_wconf 79' lang='lat' dir='ltr'><strong>isti</strong></span> <span class='ocrx_word' id='word_1_62' title='bbox 482 1034 603 1088; x_wconf 88' lang='lat' dir='ltr'><strong>ituri</strong></span> <span class='ocrx_word' id='word_1_63' title='bbox 632 1034 682 1087; x_wconf 91' lang='lat' dir='ltr'><strong>in</strong></span> <span class='ocrx_word' id='word_1_64' title='bbox 714 1032 886 1104; x_wconf 81' lang='lat' dir='ltr'><strong>ignem</strong></span> <span class='ocrx_word' id='word_1_65' title='bbox 915 1029 1210 1085; x_wconf 73' lang='lat' dir='ltr'><strong>mtcrunm?</strong></span> <span class='ocrx_word' id='word_1_66' title='bbox 1237 1026 1435 1083; x_wconf 78' lang='lat' dir='ltr'><strong>Esuriri</strong></span> <span class='ocrx_word' id='word_1_67' title='bbox 1465 1026 1593 1080; x_wconf 88' lang='lat' dir='ltr'><strong>enim</strong></span> <span class='ocrx_word' id='word_1_68' title='bbox 1613 1067 1625 1088; x_wconf 88' lang='lat'><strong>,</strong></span> <span class='ocrx_word' id='word_1_69' title='bbox 1661 1033 1831 1078; x_wconf 83' lang='lat' dir='ltr'><strong>etnon</strong></span> <span class='ocrx_word' id='word_1_70' title='bbox 1863 1021 1953 1075; x_wconf 85' lang='lat' dir='ltr'><strong>de—</strong></span> 
     </span>
    </p>
   </div>
   <div class='ocr_carea' id='block_1_10' title="bbox 377 1111 1958 1192">
    <p class='ocr_par' dir='ltr' id='par_1_10' title="bbox 377 1111 1958 1192">
     <span class='ocr_line' id='line_1_10' title="bbox 377 1111 1958 1192; baseline -0.009 -14"><span class='ocrx_word' id='word_1_71' title='bbox 377 1126 520 1180; x_wconf 84' lang='lat' dir='ltr'><strong>distis</strong></span> <span class='ocrx_word' id='word_1_72' title='bbox 560 1123 682 1177; x_wconf 84' lang='lat' dir='ltr'><strong>mihi</strong></span> <span class='ocrx_word' id='word_1_73' title='bbox 726 1121 1032 1175; x_wconf 81' lang='lat' dir='ltr'><strong>manducare</strong></span> <span class='ocrx_word' id='word_1_74' title='bbox 1059 1117 1265 1192; x_wconf 81' lang='lat' dir='ltr'><strong>(Matth</strong></span> <span class='ocrx_word' id='word_1_75' title='bbox 1322 1133 1451 1183; x_wconf 81' lang='lat' dir='ltr'><strong>xxv,</strong></span> <span class='ocrx_word' id='word_1_76' title='bbox 1482 1112 1687 1184; x_wconf 65' lang='lat'><strong>31—42).</strong></span> <span class='ocrx_word' id='word_1_77' title='bbox 1716 1111 1850 1181; x_wconf 85' lang='lat' dir='ltr'><strong>Quid</strong></span> <span class='ocrx_word' id='word_1_78' title='bbox 1876 1118 1958 1166; x_wconf 86' lang='lat' dir='ltr'><strong>est</strong></span> 
     </span>
    </p>
   </div>
   <div class='ocr_carea' id='block_1_11' title="bbox 380 1209 1953 1284">
    <p class='ocr_par' dir='ltr' id='par_1_11' title="bbox 380 1209 1953 1284">
     <span class='ocr_line' id='line_1_11' title="bbox 380 1209 1953 1284; baseline -0.01 -14"><span class='ocrx_word' id='word_1_79' title='bbox 380 1217 500 1279; x_wconf 76' lang='lat' dir='ltr'><strong>hoc,</strong></span> <span class='ocrx_word' id='word_1_80' title='bbox 530 1214 698 1284; x_wconf 83' lang='lat' dir='ltr'><strong>rogo?</strong></span> <span class='ocrx_word' id='word_1_81' title='bbox 726 1212 889 1268; x_wconf 80' lang='lat' dir='ltr'><strong>Video</strong></span> <span class='ocrx_word' id='word_1_82' title='bbox 914 1212 979 1267; x_wconf 87' lang='lat' dir='ltr'><strong>de</strong></span> <span class='ocrx_word' id='word_1_83' title='bbox 1008 1212 1090 1266; x_wconf 91' lang='lat' dir='ltr'><strong>his</strong></span> <span class='ocrx_word' id='word_1_84' title='bbox 1113 1211 1200 1282; x_wconf 90' lang='lat' dir='ltr'><strong>qui</strong></span> <span class='ocrx_word' id='word_1_85' title='bbox 1232 1209 1528 1282; x_wconf 78' lang='lat' dir='ltr'><strong>percepturi</strong></span> <span class='ocrx_word' id='word_1_86' title='bbox 1556 1215 1681 1264; x_wconf 88' lang='lat' dir='ltr'><strong>sunt</strong></span> <span class='ocrx_word' id='word_1_87' title='bbox 1704 1219 1953 1274; x_wconf 84' lang='lat' dir='ltr'><strong>regnum,</strong></span> 
     </span>
    </p>
   </div>
   <div class='ocr_carea' id='block_1_12' title="bbox 379 1296 1960 1379">
    <p class='ocr_par' dir='ltr' id='par_1_12' title="bbox 379 1296 1960 1379">
     <span class='ocr_line' id='line_1_12' title="bbox 379 1296 1960 1379; baseline -0.008 -20"><span class='ocrx_word' id='word_1_88' title='bbox 379 1311 498 1377; x_wconf 77' lang='lat' dir='ltr'><strong>quia</strong></span> <span class='ocrx_word' id='word_1_89' title='bbox 529 1308 788 1361; x_wconf 85' lang='lat' dir='ltr'><strong>dederunt</strong></span> <span class='ocrx_word' id='word_1_90' title='bbox 817 1314 1064 1375; x_wconf 85' lang='lat' dir='ltr'><strong>tanquam</strong></span> <span class='ocrx_word' id='word_1_91' title='bbox 1097 1303 1217 1356; x_wconf 91' lang='lat' dir='ltr'><strong>boni</strong></span> <span class='ocrx_word' id='word_1_92' title='bbox 1239 1309 1292 1358; x_wconf 86' lang='lat' dir='ltr'><strong>et</strong></span> <span class='ocrx_word' id='word_1_93' title='bbox 1312 1300 1489 1379; x_wconf 81' lang='lat' dir='ltr'><strong>ﬁdeles</strong></span> <span class='ocrx_word' id='word_1_94' title='bbox 1517 1296 1820 1360; x_wconf 74' lang='lat' dir='ltr'><strong>(ZhriStiani,</strong></span> <span class='ocrx_word' id='word_1_95' title='bbox 1842 1310 1960 1347; x_wconf 89' lang='lat' dir='ltr'><strong>vcr-</strong></span> 
     </span>
    </p>
   </div>
   <div class='ocr_carea' id='block_1_13' title="bbox 386 1389 1960 1461">
    <p class='ocr_par' dir='ltr' id='par_1_13' title="bbox 386 1389 1960 1461">
     <span class='ocr_line' id='line_1_13' title="bbox 386 1389 1960 1461; baseline -0.007 -7"><span class='ocrx_word' id='word_1_96' title='bbox 386 1405 446 1454; x_wconf 79' lang='lat' dir='ltr'><strong>im</strong></span> <span class='ocrx_word' id='word_1_97' title='bbox 468 1400 802 1455; x_wconf 79' lang='lat' dir='ltr'><strong>Dumininon</strong></span> <span class='ocrx_word' id='word_1_98' title='bbox 825 1408 1240 1456; x_wconf 83' lang='lat' dir='ltr'><strong>contemnentes.</strong></span> <span class='ocrx_word' id='word_1_99' title='bbox 1258 1405 1312 1450; x_wconf 86' lang='lat' dir='ltr'><strong>et</strong></span> <span class='ocrx_word' id='word_1_100' title='bbox 1336 1410 1455 1449; x_wconf 90' lang='lat' dir='ltr'><strong>cum</strong></span> <span class='ocrx_word' id='word_1_101' title='bbox 1487 1392 1673 1447; x_wconf 82' lang='lat' dir='ltr'><strong>ﬁducia</strong></span> <span class='ocrx_word' id='word_1_102' title='bbox 1702 1389 1960 1461; x_wconf 82' lang='lat' dir='ltr'><strong>promissa</strong></span> 
     </span>
    </p>
   </div>
   <div class='ocr_carea' id='block_1_14' title="bbox 381 1480 1961 1561">
    <p class='ocr_par' dir='ltr' id='par_1_14' title="bbox 381 1480 1961 1561">
     <span class='ocr_line' id='line_1_14' title="bbox 381 1480 1961 1561; baseline -0.008 -15"><span class='ocrx_word' id='word_1_103' title='bbox 381 1501 689 1561; x_wconf 70' lang='lat' dir='ltr'><strong>sperantes,</strong></span> <span class='ocrx_word' id='word_1_104' title='bbox 736 1491 971 1545; x_wconf 81' lang='lat' dir='ltr'><strong>fecerunt</strong></span> <span class='ocrx_word' id='word_1_105' title='bbox 1004 1490 1139 1550; x_wconf 82' lang='lat' dir='ltr'><strong>hoc;</strong></span> <span class='ocrx_word' id='word_1_106' title='bbox 1168 1489 1288 1558; x_wconf 78' lang='lat' dir='ltr'><strong>quia</strong></span> <span class='ocrx_word' id='word_1_107' title='bbox 1317 1486 1360 1541; x_wconf 91' lang='lat' dir='ltr'><strong>si</strong></span> <span class='ocrx_word' id='word_1_108' title='bbox 1389 1501 1493 1539; x_wconf 89' lang='lat' dir='ltr'><strong>non</strong></span> <span class='ocrx_word' id='word_1_109' title='bbox 1537 1483 1813 1551; x_wconf 44' lang='lat' dir='ltr'><strong>fecissent,</strong></span> <span class='ocrx_word' id='word_1_110' title='bbox 1842 1480 1961 1541; x_wconf 63' lang='lat' dir='ltr'><strong>vita:</strong></span> 
     </span>
    </p>
   </div>
   <div class='ocr_carea' id='block_1_15' title="bbox 384 1570 1957 1650">
    <p class='ocr_par' dir='ltr' id='par_1_15' title="bbox 384 1570 1957 1650">
     <span class='ocr_line' id='line_1_15' title="bbox 384 1570 1957 1650; baseline -0.008 -16"><span class='ocrx_word' id='word_1_111' title='bbox 384 1587 616 1650; x_wconf 68' lang='lat' dir='ltr'><strong>ipsorum</strong></span> <span class='ocrx_word' id='word_1_112' title='bbox 639 1582 792 1635; x_wconf 79' lang='lat' dir='ltr'><strong>home</strong></span> <span class='ocrx_word' id='word_1_113' title='bbox 821 1579 1077 1635; x_wconf 90' lang='lat' dir='ltr'><strong>sterilitas</strong></span> <span class='ocrx_word' id='word_1_114' title='bbox 1114 1578 1211 1632; x_wconf 89' lang='lat' dir='ltr'><strong>ista</strong></span> <span class='ocrx_word' id='word_1_115' title='bbox 1257 1593 1359 1632; x_wconf 86' lang='lat' dir='ltr'><strong>non</strong></span> <span class='ocrx_word' id='word_1_116' title='bbox 1391 1576 1568 1645; x_wconf 87' lang='lat' dir='ltr'><strong>utique</strong></span> <span class='ocrx_word' id='word_1_117' title='bbox 1604 1570 1957 1626; x_wconf 70' lang='lat' dir='ltr'><strong>convenisset.</strong></span> 
     </span>
    </p>
   </div>
   <div class='ocr_carea' id='block_1_16' title="bbox 386 1661 1958 1736">
    <p class='ocr_par' dir='ltr' id='par_1_16' title="bbox 386 1661 1958 1736">
     <span class='ocr_line' id='line_1_16' title="bbox 386 1661 1958 1736; baseline -0.007 -10"><span class='ocrx_word' id='word_1_118' title='bbox 386 1675 543 1728; x_wconf 79' lang='lat' dir='ltr'><strong>Forte</strong></span> <span class='ocrx_word' id='word_1_119' title='bbox 568 1672 708 1726; x_wconf 86' lang='lat' dir='ltr'><strong>enim</strong></span> <span class='ocrx_word' id='word_1_120' title='bbox 735 1671 865 1727; x_wconf 72' lang='lat' dir='ltr'><strong>casu</strong></span> <span class='ocrx_word' id='word_1_121' title='bbox 897 1679 1073 1736; x_wconf 85' lang='lat' dir='ltr'><strong>erant,</strong></span> <span class='ocrx_word' id='word_1_122' title='bbox 1102 1684 1204 1722; x_wconf 89' lang='lat' dir='ltr'><strong>non</strong></span> <span class='ocrx_word' id='word_1_123' title='bbox 1235 1666 1579 1731; x_wconf 74' lang='lat' dir='ltr'><strong>fraudatores,</strong></span> <span class='ocrx_word' id='word_1_124' title='bbox 1610 1680 1715 1719; x_wconf 88' lang='lat' dir='ltr'><strong>non</strong></span> <span class='ocrx_word' id='word_1_125' title='bbox 1743 1661 1958 1725; x_wconf 82' lang='lat' dir='ltr'><strong>ehriosi,</strong></span> 
     </span>
    </p>
   </div>
   <div class='ocr_carea' id='block_1_17' title="bbox 386 1754 1962 1830">
    <p class='ocr_par' dir='ltr' id='par_1_17' title="bbox 386 1754 1962 1830">
     <span class='ocr_line' id='line_1_17' title="bbox 386 1754 1962 1830; baseline -0.006 -14"><span class='ocrx_word' id='word_1_126' title='bbox 386 1763 712 1816; x_wconf 83' lang='lat' dir='ltr'><strong>abstinentes</strong></span> <span class='ocrx_word' id='word_1_127' title='bbox 739 1777 797 1816; x_wconf 81' lang='lat' dir='ltr'><strong>se</strong></span> <span class='ocrx_word' id='word_1_128' title='bbox 819 1763 886 1815; x_wconf 89' lang='lat' dir='ltr'><strong>ab</strong></span> <span class='ocrx_word' id='word_1_129' title='bbox 913 1761 1166 1830; x_wconf 91' lang='lat' dir='ltr'><strong>operibus</strong></span> <span class='ocrx_word' id='word_1_130' title='bbox 1198 1759 1370 1814; x_wconf 87' lang='lat' dir='ltr'><strong>malis.</strong></span> <span class='ocrx_word' id='word_1_131' title='bbox 1401 1758 1455 1813; x_wconf 88' lang='lat' dir='ltr'><strong>Si</strong></span> <span class='ocrx_word' id='word_1_132' title='bbox 1504 1758 1603 1810; x_wconf 90' lang='lat' dir='ltr'><strong>hoc</strong></span> <span class='ocrx_word' id='word_1_133' title='bbox 1651 1772 1754 1816; x_wconf 84' lang='lat' dir='ltr'><strong>non</strong></span> <span class='ocrx_word' id='word_1_134' title='bbox 1800 1754 1962 1817; x_wconf 84' lang='lat' dir='ltr'><strong>adde-</strong></span> 
     </span>
    </p>
   </div>
   <div class='ocr_carea' id='block_1_18' title="bbox 391 1842 1965 1913">
    <p class='ocr_par' dir='ltr' id='par_1_18' title="bbox 391 1842 1965 1913">
     <span class='ocr_line' id='line_1_18' title="bbox 391 1842 1965 1913; baseline -0.007 -7"><span class='ocrx_word' id='word_1_135' title='bbox 391 1862 525 1913; x_wconf 79' lang='lat' dir='ltr'><strong>rent,</strong></span> <span class='ocrx_word' id='word_1_136' title='bbox 559 1852 768 1906; x_wconf 82' lang='lat' dir='ltr'><strong>steriles</strong></span> <span class='ocrx_word' id='word_1_137' title='bbox 808 1857 1145 1905; x_wconf 70' lang='lat' dir='ltr'><strong>remanerent</strong></span> <span class='ocrx_word' id='word_1_138' title='bbox 1208 1847 1481 1902; x_wconf 73' lang='lat' dir='ltr'><strong>Fecissem</strong></span> <span class='ocrx_word' id='word_1_139' title='bbox 1523 1846 1662 1901; x_wconf 59' lang='lat' dir='ltr'><strong>enim</strong></span> <span class='ocrx_word' id='word_1_140' title='bbox 1691 1886 1706 1909; x_wconf 92' lang='lat'><strong>,</strong></span> <span class='ocrx_word' id='word_1_141' title='bbox 1754 1842 1965 1898; x_wconf 85' lang='lat' dir='ltr'><strong>Declina</strong></span> 
     </span>
    </p>
   </div>
   <div class='ocr_carea' id='block_1_19' title="bbox 388 1935 1960 2008">
    <p class='ocr_par' dir='ltr' id='par_1_19' title="bbox 388 1935 1960 2008">
     <span class='ocr_line' id='line_1_19' title="bbox 388 1935 1960 2008; baseline -0.005 -13"><span class='ocrx_word' id='word_1_142' title='bbox 388 1962 420 1995; x_wconf 70' lang='grc' dir='ltr'>η</span> <span class='ocrx_word' id='word_1_143' title='bbox 446 1944 615 1996; x_wconf 78' lang='lat' dir='ltr'><strong>nmio:</strong></span> <span class='ocrx_word' id='word_1_144' title='bbox 641 1956 742 1995; x_wconf 85' lang='grc' dir='ltr'>ι·οιι</span> <span class='ocrx_word' id='word_1_145' title='bbox 767 1941 1034 1999; x_wconf 79' lang='lat' dir='ltr'><strong>fecissent.</strong></span> <span class='ocrx_word' id='word_1_146' title='bbox 1059 1940 1121 1993; x_wconf 84' lang='lat' dir='ltr'><strong>Et</strong></span> <span class='ocrx_word' id='word_1_147' title='bbox 1139 1940 1223 2008; x_wconf 81' lang='lat' dir='ltr'><strong>[ac</strong></span> <span class='ocrx_word' id='word_1_148' title='bbox 1242 1938 1426 1992; x_wconf 84' lang='lat' dir='ltr'><strong>bonum</strong></span> <span class='ocrx_word' id='word_1_149' title='bbox 1453 1935 1619 2007; x_wconf 76' lang='lat' dir='ltr'><strong>(Psal.</strong></span> <span class='ocrx_word' id='word_1_150' title='bbox 1642 1952 1828 1995; x_wconf 64' lang='grc' dir='ltr'>χχχιιι,</span> <span class='ocrx_word' id='word_1_151' title='bbox 1856 1936 1960 2006; x_wconf 77' lang='lat' dir='ltr'><strong>l5).</strong></span> 
     </span>
    </p>
   </div>
   <div class='ocr_carea' id='block_1_20' title="bbox 394 2027 1967 2107">
    <p class='ocr_par' dir='ltr' id='par_1_20' title="bbox 394 2027 1967 2107">
     <span class='ocr_line' id='line_1_20' title="bbox 394 2027 1967 2107; baseline -0.002 -22"><span class='ocrx_word' id='word_1_152' title='bbox 394 2034 764 2087; x_wconf 72' lang='lat' dir='ltr'><strong>Verumtamen</strong></span> <span class='ocrx_word' id='word_1_153' title='bbox 809 2032 968 2087; x_wconf 82' lang='lat' dir='ltr'><strong>etiam</strong></span> <span class='ocrx_word' id='word_1_154' title='bbox 1010 2030 1143 2101; x_wconf 81' lang='lat' dir='ltr'><strong>ipsis</strong></span> <span class='ocrx_word' id='word_1_155' title='bbox 1179 2048 1282 2084; x_wconf 86' lang='lat' dir='ltr'><strong>non</strong></span> <span class='ocrx_word' id='word_1_156' title='bbox 1322 2030 1395 2103; x_wconf 76' lang='lat' dir='ltr'><strong>ait</strong></span> <span class='ocrx_word' id='word_1_157' title='bbox 1420 2045 1432 2081; x_wconf 91' lang='lat'>:</span> <span class='ocrx_word' id='word_1_158' title='bbox 1459 2027 1676 2088; x_wconf 73' lang='lat' dir='ltr'><strong>Venite,</strong></span> <span class='ocrx_word' id='word_1_159' title='bbox 1711 2028 1967 2107; x_wconf 63' lang='lat' dir='ltr'><strong>peri-ipim</strong></span> 
     </span>
    </p>
   </div>
   <div class='ocr_carea' id='block_1_21' title="bbox 391 2119 1962 2194">
    <p class='ocr_par' dir='ltr' id='par_1_21' title="bbox 391 2119 1962 2194">
     <span class='ocr_line' id='line_1_21' title="bbox 391 2119 1962 2194; baseline -0.001 -18"><span class='ocrx_word' id='word_1_160' title='bbox 391 2138 638 2194; x_wconf 67' lang='lat' dir='ltr'><strong>mgnum;</strong></span> <span class='ocrx_word' id='word_1_161' title='bbox 680 2132 825 2178; x_wconf 79' lang='lat' dir='ltr'><strong>caste</strong></span> <span class='ocrx_word' id='word_1_162' title='bbox 863 2122 1007 2177; x_wconf 89' lang='lat' dir='ltr'><strong>enim</strong></span> <span class='ocrx_word' id='word_1_163' title='bbox 1049 2121 1286 2187; x_wconf 88' lang='lat' dir='ltr'><strong>vixistis,</strong></span> <span class='ocrx_word' id='word_1_164' title='bbox 1318 2121 1443 2174; x_wconf 80' lang='grc' dir='ltr'>ιιιιῖΙί</span> <span class='ocrx_word' id='word_1_165' title='bbox 1478 2119 1713 2175; x_wconf 78' lang='lat' dir='ltr'><strong>fraudem</strong></span> <span class='ocrx_word' id='word_1_166' title='bbox 1746 2119 1962 2187; x_wconf 72' lang='lat' dir='ltr'><strong>fecistis,</strong></span> 
     </span>
    </p>
   </div>
   <div class='ocr_carea' id='block_1_22' title="bbox 391 2210 1968 2285">
    <p class='ocr_par' dir='ltr' id='par_1_22' title="bbox 391 2210 1968 2285">
     <span class='ocr_line' id='line_1_22' title="bbox 391 2210 1968 2285; baseline -0.003 -15"><span class='ocrx_word' id='word_1_167' title='bbox 391 2215 655 2270; x_wconf 56' lang='lat' dir='ltr'><strong>n&#39;niiuem</strong></span> <span class='ocrx_word' id='word_1_168' title='bbox 678 2229 966 2285; x_wconf 64' lang='lat' dir='ltr'><strong>munerem</strong></span> <span class='ocrx_word' id='word_1_169' title='bbox 1004 2212 1365 2282; x_wconf 69' lang='lat' dir='ltr'><strong>oppressistis,</strong></span> <span class='ocrx_word' id='word_1_170' title='bbox 1391 2210 1610 2266; x_wconf 91' lang='lat' dir='ltr'><strong>limitem</strong></span> <span class='ocrx_word' id='word_1_171' title='bbox 1651 2211 1844 2265; x_wconf 76' lang='lat' dir='ltr'><strong>nullius</strong></span> <span class='ocrx_word' id='word_1_172' title='bbox 1888 2211 1968 2266; x_wconf 89' lang='lat' dir='ltr'><strong>iu-</strong></span> 
     </span>
    </p>
   </div>
   <div class='ocr_carea' id='block_1_23' title="bbox 393 2300 1963 2372">
    <p class='ocr_par' dir='ltr' id='par_1_23' title="bbox 393 2300 1963 2372">
     <span class='ocr_line' id='line_1_23' title="bbox 393 2300 1963 2372; baseline 0.001 -18"><span class='ocrx_word' id='word_1_173' title='bbox 393 2305 622 2366; x_wconf 75' lang='lat' dir='ltr'><strong>rasistis,</strong></span> <span class='ocrx_word' id='word_1_174' title='bbox 656 2302 919 2358; x_wconf 76' lang='lat' dir='ltr'><strong>nominent</strong></span> <span class='ocrx_word' id='word_1_175' title='bbox 945 2301 1177 2372; x_wconf 69' lang='lat' dir='ltr'><strong>iurando</strong></span> <span class='ocrx_word' id='word_1_176' title='bbox 1198 2301 1478 2357; x_wconf 73' lang='lat' dir='ltr'><strong>fefellistis.</strong></span> <span class='ocrx_word' id='word_1_177' title='bbox 1511 2300 1624 2355; x_wconf 83' lang='lat' dir='ltr'><strong>Non</strong></span> <span class='ocrx_word' id='word_1_178' title='bbox 1655 2301 1787 2356; x_wconf 81' lang='lat' dir='ltr'><strong>dixit</strong></span> <span class='ocrx_word' id='word_1_179' title='bbox 1815 2301 1926 2356; x_wconf 74' lang='lat' dir='ltr'><strong>hzrc</strong></span> <span class='ocrx_word' id='word_1_180' title='bbox 1951 2320 1963 2356; x_wconf 90' lang='lat'>:</span> 
     </span>
    </p>
   </div>
   <div class='ocr_carea' id='block_1_24' title="bbox 392 2393 1968 2466">
    <p class='ocr_par' dir='ltr' id='par_1_24' title="bbox 392 2393 1968 2466">
     <span class='ocr_line' id='line_1_24' title="bbox 392 2393 1968 2466; baseline 0.001 -19"><span class='ocrx_word' id='word_1_181' title='bbox 392 2396 486 2448; x_wconf 77' lang='lat' dir='ltr'><strong>sed</strong></span> <span class='ocrx_word' id='word_1_182' title='bbox 504 2438 519 2459; x_wconf 93' lang='lat'><strong>,</strong></span> <span class='ocrx_word' id='word_1_183' title='bbox 556 2394 807 2465; x_wconf 78' lang='lat' dir='ltr'><strong>Percipite</strong></span> <span class='ocrx_word' id='word_1_184' title='bbox 825 2410 1062 2465; x_wconf 88' lang='lat' dir='ltr'><strong>regnum,</strong></span> <span class='ocrx_word' id='word_1_185' title='bbox 1090 2395 1210 2466; x_wconf 83' lang='lat' dir='ltr'><strong>quia</strong></span> <span class='ocrx_word' id='word_1_186' title='bbox 1236 2394 1418 2447; x_wconf 77' lang='lat' dir='ltr'><strong>csurivi</strong></span> <span class='ocrx_word' id='word_1_187' title='bbox 1436 2437 1450 2458; x_wconf 92' lang='lat'><strong>,</strong></span> <span class='ocrx_word' id='word_1_188' title='bbox 1489 2403 1536 2446; x_wconf 79' lang='lat' dir='ltr'><strong>et</strong></span> <span class='ocrx_word' id='word_1_189' title='bbox 1570 2393 1774 2453; x_wconf 77' lang='lat' dir='ltr'><strong>dedistis</strong></span> <span class='ocrx_word' id='word_1_190' title='bbox 1845 2394 1968 2448; x_wconf 71' lang='lat' dir='ltr'><strong>mihi</strong></span> 
     </span>
    </p>
   </div>
   <div class='ocr_carea' id='block_1_25' title="bbox 392 2484 1968 2554">
    <p class='ocr_par' dir='ltr' id='par_1_25' title="bbox 392 2484 1968 2554">
     <span class='ocr_line' id='line_1_25' title="bbox 392 2484 1968 2554; baseline 0.003 -19"><span class='ocrx_word' id='word_1_191' title='bbox 392 2485 715 2539; x_wconf 75' lang='lat' dir='ltr'><strong>rrsandttcarc.</strong></span> <span class='ocrx_word' id='word_1_192' title='bbox 746 2486 1010 2553; x_wconf 83' lang='lat' dir='ltr'><strong>Quantum</strong></span> <span class='ocrx_word' id='word_1_193' title='bbox 1032 2485 1135 2539; x_wconf 87' lang='lat' dir='ltr'><strong>hoc</strong></span> <span class='ocrx_word' id='word_1_194' title='bbox 1159 2485 1402 2548; x_wconf 86' lang='lat' dir='ltr'><strong>excellit,</strong></span> <span class='ocrx_word' id='word_1_195' title='bbox 1437 2484 1646 2554; x_wconf 86' lang='lat' dir='ltr'><strong>quando</strong></span> <span class='ocrx_word' id='word_1_196' title='bbox 1674 2496 1863 2540; x_wconf 62' lang='lat' dir='ltr'><strong>caetera</strong></span> <span class='ocrx_word' id='word_1_197' title='bbox 1890 2493 1968 2540; x_wconf 88' lang='lat' dir='ltr'><strong>ta-</strong></span> 
     </span>
    </p>
   </div>
   <div class='ocr_carea' id='block_1_26' title="bbox 389 2575 1560 2640">
    <p class='ocr_par' dir='ltr' id='par_1_26' title="bbox 389 2575 1560 2640">
     <span class='ocr_line' id='line_1_26' title="bbox 389 2575 1560 2640; baseline 0.003 -13"><span class='ocrx_word' id='word_1_198' title='bbox 389 2577 519 2640; x_wconf 73' lang='lat' dir='ltr'><strong>cuit,</strong></span> <span class='ocrx_word' id='word_1_199' title='bbox 550 2585 604 2630; x_wconf 87' lang='lat' dir='ltr'><strong>et</strong></span> <span class='ocrx_word' id='word_1_200' title='bbox 633 2575 735 2631; x_wconf 89' lang='lat' dir='ltr'><strong>hoc</strong></span> <span class='ocrx_word' id='word_1_201' title='bbox 753 2575 922 2631; x_wconf 89' lang='lat' dir='ltr'><strong>solum</strong></span> <span class='ocrx_word' id='word_1_202' title='bbox 955 2576 1206 2631; x_wconf 87' lang='lat' dir='ltr'><strong>Dominus</strong></span> <span class='ocrx_word' id='word_1_203' title='bbox 1233 2576 1560 2630; x_wconf 78' lang='lat' dir='ltr'><strong>nominavit?</strong></span> 
     </span>
    </p>
   </div>
   <div class='ocr_carea' id='block_1_27' title="bbox 461 2664 1967 2738">
    <p class='ocr_par' dir='ltr' id='par_1_27' title="bbox 461 2664 1967 2738">
     <span class='ocr_line' id='line_1_27' title="bbox 461 2664 1967 2738; baseline 0 -17"><span class='ocrx_word' id='word_1_204' title='bbox 461 2665 688 2721; x_wconf 74' lang='lat' dir='ltr'><strong>CAPUT</strong></span> <span class='ocrx_word' id='word_1_205' title='bbox 729 2666 789 2721; x_wconf 79' lang='grc' dir='ltr'><strong>Χ,</strong></span> <span class='ocrx_word' id='word_1_206' title='bbox 810 2694 880 2708; x_wconf 88' lang='lat'><strong>—-</strong></span> <span class='ocrx_word' id='word_1_207' title='bbox 902 2665 1105 2721; x_wconf 79' lang='lat' dir='ltr'><strong>Rursus</strong></span> <span class='ocrx_word' id='word_1_208' title='bbox 1145 2665 1210 2719; x_wconf 88' lang='lat' dir='ltr'><strong>ad</strong></span> <span class='ocrx_word' id='word_1_209' title='bbox 1255 2666 1371 2721; x_wconf 62' lang='lat' dir='ltr'><strong>ilics</strong></span> <span class='ocrx_word' id='word_1_210' title='bbox 1401 2685 1414 2719; x_wconf 90' lang='lat'><strong>:</strong></span> <span class='ocrx_word' id='word_1_211' title='bbox 1452 2664 1525 2720; x_wconf 75' lang='lat' dir='ltr'><strong>Ite</strong></span> <span class='ocrx_word' id='word_1_212' title='bbox 1551 2667 1601 2719; x_wconf 83' lang='lat' dir='ltr'><strong>in</strong></span> <span class='ocrx_word' id='word_1_213' title='bbox 1633 2668 1793 2738; x_wconf 82' lang='lat' dir='ltr'><strong><em>ignem</em></strong></span> <span class='ocrx_word' id='word_1_214' title='bbox 1822 2677 1967 2728; x_wconf 69' lang='lat' dir='ltr'><strong>ceter-</strong></span> 
     </span>
    </p>
   </div>
   <div class='ocr_carea' id='block_1_28' title="bbox 390 2755 1962 2828">
    <p class='ocr_par' dir='ltr' id='par_1_28' title="bbox 390 2755 1962 2828">
     <span class='ocr_line' id='line_1_28' title="bbox 390 2755 1962 2828; baseline 0.003 -19"><span class='ocrx_word' id='word_1_215' title='bbox 390 2774 540 2818; x_wconf 75' lang='lat' dir='ltr'><strong>unm,</strong></span> <span class='ocrx_word' id='word_1_216' title='bbox 564 2757 651 2826; x_wconf 78' lang='lat' dir='ltr'><strong>qui</strong></span> <span class='ocrx_word' id='word_1_217' title='bbox 674 2767 987 2828; x_wconf 62' lang='lat' dir='ltr'><strong>preparatus</strong></span> <span class='ocrx_word' id='word_1_218' title='bbox 1019 2765 1092 2812; x_wconf 77' lang='lat' dir='ltr'><strong>est</strong></span> <span class='ocrx_word' id='word_1_219' title='bbox 1119 2755 1320 2811; x_wconf 79' lang='lat' dir='ltr'><strong>diabolo</strong></span> <span class='ocrx_word' id='word_1_220' title='bbox 1345 2767 1391 2811; x_wconf 84' lang='lat' dir='ltr'><strong>et</strong></span> <span class='ocrx_word' id='word_1_221' title='bbox 1419 2757 1610 2825; x_wconf 64' lang='lat' dir='ltr'><strong>angelis</strong></span> <span class='ocrx_word' id='word_1_222' title='bbox 1643 2758 1768 2828; x_wconf 73' lang='lat' dir='ltr'><strong>ejus.</strong></span> <span class='ocrx_word' id='word_1_223' title='bbox 1795 2757 1962 2825; x_wconf 85' lang='lat' dir='ltr'><strong>Quam</strong></span> 
     </span>
    </p>
   </div>
   <div class='ocr_carea' id='block_1_29' title="bbox 391 2847 1964 2920">
    <p class='ocr_par' dir='ltr' id='par_1_29' title="bbox 391 2847 1964 2920">
     <span class='ocr_line' id='line_1_29' title="bbox 391 2847 1964 2920; baseline -0.002 -16"><span class='ocrx_word' id='word_1_224' title='bbox 391 2851 551 2904; x_wconf 71' lang='lat' dir='ltr'><strong>multa</strong></span> <span class='ocrx_word' id='word_1_225' title='bbox 582 2858 759 2919; x_wconf 79' lang='lat' dir='ltr'><strong>posset</strong></span> <span class='ocrx_word' id='word_1_226' title='bbox 801 2849 852 2903; x_wconf 91' lang='lat' dir='ltr'><strong>in</strong></span> <span class='ocrx_word' id='word_1_227' title='bbox 893 2849 1081 2919; x_wconf 86' lang='lat' dir='ltr'><strong>impios</strong></span> <span class='ocrx_word' id='word_1_228' title='bbox 1119 2847 1332 2915; x_wconf 87' lang='lat' dir='ltr'><strong>dicere,</strong></span> <span class='ocrx_word' id='word_1_229' title='bbox 1360 2848 1409 2903; x_wconf 89' lang='lat' dir='ltr'><strong>si</strong></span> <span class='ocrx_word' id='word_1_230' title='bbox 1434 2849 1964 2920; x_wconf 74' lang='lat' dir='ltr'><strong>qu;rrcmnt,&#39;Qnarc</strong></span> 
     </span>
    </p>
   </div>
   <div class='ocr_carea' id='block_1_30' title="bbox 392 2938 1964 3011">
    <p class='ocr_par' dir='ltr' id='par_1_30' title="bbox 392 2938 1964 3011">
     <span class='ocr_line' id='line_1_30' title="bbox 392 2938 1964 3011; baseline -0.003 -15"><span class='ocrx_word' id='word_1_231' title='bbox 392 2945 531 2997; x_wconf 85' lang='lat' dir='ltr'><strong>imus</strong></span> <span class='ocrx_word' id='word_1_232' title='bbox 555 2941 606 2996; x_wconf 91' lang='lat' dir='ltr'><strong>iu</strong></span> <span class='ocrx_word' id='word_1_233' title='bbox 637 2942 811 3011; x_wconf 83' lang='lat' dir='ltr'><strong>ignem</strong></span> <span class='ocrx_word' id='word_1_234' title='bbox 841 2942 1140 2996; x_wconf 67' lang='lat' dir='ltr'><strong>aeternum?</strong></span> <span class='ocrx_word' id='word_1_235' title='bbox 1168 2940 1363 3007; x_wconf 80' lang='lat' dir='ltr'><strong>Quare,</strong></span> <span class='ocrx_word' id='word_1_236' title='bbox 1389 2940 1607 3009; x_wconf 76' lang='lat' dir='ltr'><strong>qumris,</strong></span> <span class='ocrx_word' id='word_1_237' title='bbox 1630 2938 1858 3004; x_wconf 78' lang='lat' dir='ltr'><strong>adulter,</strong></span> <span class='ocrx_word' id='word_1_238' title='bbox 1878 2939 1964 3005; x_wconf 79' lang='lat' dir='ltr'><strong>bo-</strong></span> 
     </span>
    </p>
   </div>
   <div class='ocr_carea' id='block_1_31' title="bbox 393 3031 1964 3102">
    <p class='ocr_par' dir='ltr' id='par_1_31' title="bbox 393 3031 1964 3102">
     <span class='ocr_line' id='line_1_31' title="bbox 393 3031 1964 3102; baseline 0.001 -16"><span class='ocrx_word' id='word_1_239' title='bbox 393 3032 599 3091; x_wconf 85' lang='lat' dir='ltr'><strong>micida,</strong></span> <span class='ocrx_word' id='word_1_240' title='bbox 630 3031 916 3091; x_wconf 71' lang='lat' dir='ltr'><strong>fraudator.</strong></span> <span class='ocrx_word' id='word_1_241' title='bbox 946 3031 1232 3102; x_wconf 71' lang='lat' dir='ltr'><strong>sacrilege,</strong></span> <span class='ocrx_word' id='word_1_242' title='bbox 1260 3031 1672 3101; x_wconf 73' lang='lat' dir='ltr'><strong>blasphematur,</strong></span> <span class='ocrx_word' id='word_1_243' title='bbox 1702 3031 1964 3087; x_wconf 80' lang='lat' dir='ltr'><strong>inﬁdelis?</strong></span> 
     </span>
    </p>
   </div>
   <div class='ocr_carea' id='block_1_32' title="bbox 393 3121 1963 3191">
    <p class='ocr_par' dir='ltr' id='par_1_32' title="bbox 393 3121 1963 3191">
     <span class='ocr_line' id='line_1_32' title="bbox 393 3121 1963 3191; baseline -0.001 -15"><span class='ocrx_word' id='word_1_244' title='bbox 393 3123 529 3176; x_wconf 75' lang='lat' dir='ltr'><strong>Nihil</strong></span> <span class='ocrx_word' id='word_1_245' title='bbox 575 3125 763 3176; x_wconf 83' lang='lat' dir='ltr'><strong>horum</strong></span> <span class='ocrx_word' id='word_1_246' title='bbox 794 3137 808 3174; x_wconf 94' lang='lat'><strong>:</strong></span> <span class='ocrx_word' id='word_1_247' title='bbox 840 3122 933 3177; x_wconf 84' lang='lat' dir='ltr'><strong>sed</strong></span> <span class='ocrx_word' id='word_1_248' title='bbox 956 3162 970 3187; x_wconf 91' lang='lat'><strong>,</strong></span> <span class='ocrx_word' id='word_1_249' title='bbox 1006 3121 1138 3189; x_wconf 83' lang='lat' dir='ltr'><strong>Quia</strong></span> <span class='ocrx_word' id='word_1_250' title='bbox 1171 3121 1386 3187; x_wconf 75' lang='lat' dir='ltr'><strong>esuriri,</strong></span> <span class='ocrx_word' id='word_1_251' title='bbox 1407 3129 1454 3174; x_wconf 82' lang='lat' dir='ltr'><strong>et</strong></span> <span class='ocrx_word' id='word_1_252' title='bbox 1478 3138 1578 3175; x_wconf 89' lang='lat' dir='ltr'><strong>non</strong></span> <span class='ocrx_word' id='word_1_253' title='bbox 1606 3122 1812 3176; x_wconf 82' lang='lat' dir='ltr'><strong>dedistis</strong></span> <span class='ocrx_word' id='word_1_254' title='bbox 1842 3122 1963 3191; x_wconf 68' lang='lat' dir='ltr'><strong>milii</strong></span> 
     </span>
    </p>
   </div>
   <div class='ocr_carea' id='block_1_33' title="bbox 389 3213 745 3267">
    <p class='ocr_par' dir='ltr' id='par_1_33' title="bbox 389 3213 745 3267">
     <span class='ocr_line' id='line_1_33' title="bbox 389 3213 745 3267; baseline 0 -3"><span class='ocrx_word' id='word_1_255' title='bbox 389 3213 711 3267; x_wconf 78' lang='lat' dir='ltr'><strong>manducare.</strong></span> <span class='ocrx_word' id='word_1_256' title='bbox 735 3228 745 3237; x_wconf 85' lang='grc'><strong>·</strong></span> 
     </span>
    </p>
   </div>
   <div class='ocr_carea' id='block_1_34' title="bbox 466 3301 1962 3374">
    <p class='ocr_par' dir='ltr' id='par_1_34' title="bbox 466 3301 1962 3374">
     <span class='ocr_line' id='line_1_34' title="bbox 466 3301 1962 3374; baseline 0.003 -21"><span class='ocrx_word' id='word_1_257' title='bbox 466 3304 547 3358; x_wconf 84' lang='lat' dir='ltr'><strong>t0.</strong></span> <span class='ocrx_word' id='word_1_258' title='bbox 580 3301 729 3357; x_wconf 83' lang='lat' dir='ltr'><strong>Ratio</strong></span> <span class='ocrx_word' id='word_1_259' title='bbox 744 3319 836 3355; x_wconf 76' lang='lat' dir='ltr'><strong>cur</strong></span> <span class='ocrx_word' id='word_1_260' title='bbox 854 3303 915 3356; x_wconf 84' lang='lat' dir='ltr'><strong>de</strong></span> <span class='ocrx_word' id='word_1_261' title='bbox 937 3301 1258 3374; x_wconf 76' lang='lat' dir='ltr'><strong>elemosynis</strong></span> <span class='ocrx_word' id='word_1_262' title='bbox 1276 3312 1466 3359; x_wconf 88' lang='lat' dir='ltr'><strong>tantum</strong></span> <span class='ocrx_word' id='word_1_263' title='bbox 1484 3312 1664 3374; x_wconf 85' lang='lat' dir='ltr'><strong><em>agatur</em></strong></span> <span class='ocrx_word' id='word_1_264' title='bbox 1680 3305 1730 3356; x_wconf 89' lang='lat' dir='ltr'><strong><em>in</em></strong></span> <span class='ocrx_word' id='word_1_265' title='bbox 1745 3304 1962 3374; x_wconf 73' lang='lat' dir='ltr'><strong>judicio.</strong></span> 
     </span>
    </p>
   </div>
   <div class='ocr_carea' id='block_1_35' title="bbox 396 3393 1966 3462">
    <p class='ocr_par' dir='ltr' id='par_1_35' title="bbox 396 3393 1966 3462">
     <span class='ocr_line' id='line_1_35' title="bbox 396 3393 1966 3462; baseline 0.004 -19"><span class='ocrx_word' id='word_1_266' title='bbox 396 3394 556 3448; x_wconf 77' lang='lat' dir='ltr'><strong>Video</strong></span> <span class='ocrx_word' id='word_1_267' title='bbox 573 3408 663 3445; x_wconf 77' lang='lat' dir='ltr'><strong>vos</strong></span> <span class='ocrx_word' id='word_1_268' title='bbox 683 3393 881 3448; x_wconf 84' lang='lat' dir='ltr'><strong>moveri</strong></span> <span class='ocrx_word' id='word_1_269' title='bbox 903 3393 1037 3448; x_wconf 86' lang='lat' dir='ltr'><strong>sicut</strong></span> <span class='ocrx_word' id='word_1_270' title='bbox 1050 3407 1285 3449; x_wconf 80' lang='lat' dir='ltr'><strong>moveor.</strong></span> <span class='ocrx_word' id='word_1_271' title='bbox 1309 3394 1371 3447; x_wconf 83' lang='lat' dir='ltr'><strong>Et</strong></span> <span class='ocrx_word' id='word_1_272' title='bbox 1387 3408 1510 3459; x_wconf 82' lang='lat' dir='ltr'><strong>vere</strong></span> <span class='ocrx_word' id='word_1_273' title='bbox 1536 3394 1664 3448; x_wconf 87' lang='lat' dir='ltr'><strong>mira</strong></span> <span class='ocrx_word' id='word_1_274' title='bbox 1684 3393 1966 3462; x_wconf 71' lang='grc' dir='ltr'><strong>Γρ8.Ηιι]ιι5</strong></span> 
     </span>
    </p>
   </div>
   <div class='ocr_carea' id='block_1_36' title="bbox 388 3469 1962 3554">
    <p class='ocr_par' dir='ltr' id='par_1_36' title="bbox 388 3469 1962 3554">
     <span class='ocr_line' id='line_1_36' title="bbox 388 3469 1962 3554; baseline 0.001 -18"><span class='ocrx_word' id='word_1_275' title='bbox 388 3494 563 3538; x_wconf 78' lang='lat' dir='ltr'><strong>autem</strong></span> <span class='ocrx_word' id='word_1_276' title='bbox 585 3482 911 3538; x_wconf 80' lang='lat' dir='ltr'><strong>admirabilis</strong></span> <span class='ocrx_word' id='word_1_277' title='bbox 928 3482 1000 3537; x_wconf 86' lang='lat' dir='ltr'><strong>rei</strong></span> <span class='ocrx_word' id='word_1_278' title='bbox 1018 3483 1272 3537; x_wconf 87' lang='lat' dir='ltr'><strong>rationem</strong></span> <span class='ocrx_word' id='word_1_279' title='bbox 1286 3485 1475 3554; x_wconf 83' lang='lat' dir='ltr'><strong>colligo</strong></span> <span class='ocrx_word' id='word_1_280' title='bbox 1490 3494 1545 3538; x_wconf 87' lang='lat' dir='ltr'><strong>ut</strong></span> <span class='ocrx_word' id='word_1_281' title='bbox 1560 3498 1769 3553; x_wconf 88' lang='lat' dir='ltr'><strong>possum</strong></span> <span class='ocrx_word' id='word_1_282' title='bbox 1781 3527 1792 3547; x_wconf 83' lang='lat'><strong>,</strong></span> <span class='ocrx_word' id='word_1_283' title='bbox 1806 3469 1962 3554; x_wconf 76' lang='lat' dir='ltr'><strong>quam</strong></span> 
     </span>
    </p>
   </div>
   <div class='ocr_carea' id='block_1_37' title="bbox 396 3571 1963 3646">
    <p class='ocr_par' dir='ltr' id='par_1_37' title="bbox 396 3571 1963 3646">
     <span class='ocr_line' id='line_1_37' title="bbox 396 3571 1963 3646; baseline 0.004 -23"><span class='ocrx_word' id='word_1_284' title='bbox 396 3588 492 3628; x_wconf 72' lang='lat' dir='ltr'><strong>vos</strong></span> <span class='ocrx_word' id='word_1_285' title='bbox 528 3588 634 3627; x_wconf 67' lang='lat' dir='ltr'><strong>non</strong></span> <span class='ocrx_word' id='word_1_286' title='bbox 662 3571 866 3627; x_wconf 81' lang='lat' dir='ltr'><strong>celabo.</strong></span> <span class='ocrx_word' id='word_1_287' title='bbox 906 3571 1169 3642; x_wconf 77' lang='lat' dir='ltr'><strong>Scriptum</strong></span> <span class='ocrx_word' id='word_1_288' title='bbox 1191 3584 1273 3627; x_wconf 89' lang='lat' dir='ltr'><strong>est</strong></span> <span class='ocrx_word' id='word_1_289' title='bbox 1301 3590 1314 3626; x_wconf 91' lang='lat'>:</span> <span class='ocrx_word' id='word_1_290' title='bbox 1343 3573 1487 3629; x_wconf 81' lang='lat' dir='ltr'><strong>Sicut</strong></span> <span class='ocrx_word' id='word_1_291' title='bbox 1525 3589 1658 3639; x_wconf 86' lang='lat' dir='ltr'><strong>aqua</strong></span> <span class='ocrx_word' id='word_1_292' title='bbox 1695 3575 1963 3646; x_wconf 65' lang='lat' dir='ltr'><strong>exstinguit</strong></span> 
     </span>
    </p>
   </div>
   <div class='ocr_carea' id='block_1_38' title="bbox 388 3662 1958 3736">
    <p class='ocr_par' dir='ltr' id='par_1_38' title="bbox 388 3662 1958 3736">
     <span class='ocr_line' id='line_1_38' title="bbox 388 3662 1958 3736; baseline 0.001 -19"><span class='ocrx_word' id='word_1_293' title='bbox 587 3664 660 3717; x_wconf 73' lang='lat' dir='ltr'><strong>sic</strong></span> <span class='ocrx_word' id='word_1_294' title='bbox 674 3663 987 3734; x_wconf 78' lang='lat' dir='ltr'><strong>clecmosyna</strong></span> <span class='ocrx_word' id='word_1_295' title='bbox 998 3664 1267 3734; x_wconf 68' lang='lat' dir='ltr'><strong>exstinguit</strong></span> <span class='ocrx_word' id='word_1_296' title='bbox 1289 3671 1541 3733; x_wconf 69' lang='lat' dir='ltr'><strong>peccaturi:</strong></span> <span class='ocrx_word' id='word_1_297' title='bbox 1554 3665 1571 3733; x_wconf 94' lang='lat'>(</span> <span class='ocrx_word' id='word_1_298' title='bbox 1579 3662 1735 3717; x_wconf 83' lang='lat' dir='ltr'><strong>Eccli.</strong></span> <span class='ocrx_word' id='word_1_299' title='bbox 1757 3679 1833 3731; x_wconf 86' lang='grc' dir='ltr'>ιιι,</span> <span class='ocrx_word' id='word_1_300' title='bbox 1849 3666 1958 3736; x_wconf 77' lang='grc'><strong>55).</strong></span> 
     </span>
    </p>
   </div>
   <div class='ocr_carea' id='block_1_39' title="bbox 382 3750 1961 3827">
    <p class='ocr_par' dir='ltr' id='par_1_39' title="bbox 382 3750 1961 3827">
     <span class='ocr_line' id='line_1_39' title="bbox 382 3750 1961 3827; baseline 0.004 -24"><span class='ocrx_word' id='word_1_301' title='bbox 382 3755 518 3807; x_wconf 70' lang='lat' dir='ltr'><strong>item</strong></span> <span class='ocrx_word' id='word_1_302' title='bbox 539 3756 794 3821; x_wconf 68' lang='lat' dir='ltr'><strong>scriptum</strong></span> <span class='ocrx_word' id='word_1_303' title='bbox 816 3760 898 3807; x_wconf 85' lang='lat' dir='ltr'><strong>est</strong></span> <span class='ocrx_word' id='word_1_304' title='bbox 925 3768 941 3806; x_wconf 89' lang='lat'><strong>:</strong></span> <span class='ocrx_word' id='word_1_305' title='bbox 971 3750 1182 3807; x_wconf 77' lang='lat' dir='ltr'><strong>Incitato</strong></span> <span class='ocrx_word' id='word_1_306' title='bbox 1206 3753 1570 3824; x_wconf 76' lang='lat' dir='ltr'><strong>eleetnosynam</strong></span> <span class='ocrx_word' id='word_1_307' title='bbox 1591 3754 1643 3807; x_wconf 85' lang='lat' dir='ltr'><strong>in</strong></span> <span class='ocrx_word' id='word_1_308' title='bbox 1667 3755 1815 3808; x_wconf 87' lang='lat' dir='ltr'><strong>corde</strong></span> <span class='ocrx_word' id='word_1_309' title='bbox 1838 3773 1961 3827; x_wconf 70' lang='lat' dir='ltr'><strong>pauo</strong></span> 
     </span>
    </p>
   </div>
   <div class='ocr_carea' id='block_1_40' title="bbox 391 3842 1959 3920">
    <p class='ocr_par' dir='ltr' id='par_1_40' title="bbox 391 3842 1959 3920">
     <span class='ocr_line' id='line_1_40' title="bbox 391 3842 1959 3920; baseline 0.003 -24"><span class='ocrx_word' id='word_1_310' title='bbox 391 3844 561 3910; x_wconf 73' lang='lat' dir='ltr'><strong>par-is,</strong></span> <span class='ocrx_word' id='word_1_311' title='bbox 580 3851 629 3897; x_wconf 82' lang='lat' dir='ltr'><strong>et</strong></span> <span class='ocrx_word' id='word_1_312' title='bbox 652 3843 763 3913; x_wconf 83' lang='lat' dir='ltr'><strong>ipsa</strong></span> <span class='ocrx_word' id='word_1_313' title='bbox 794 3858 886 3910; x_wconf 78' lang='lat' dir='ltr'><strong>pro</strong></span> <span class='ocrx_word' id='word_1_314' title='bbox 921 3852 970 3897; x_wconf 82' lang='lat' dir='ltr'><strong>te</strong></span> <span class='ocrx_word' id='word_1_315' title='bbox 999 3843 1345 3913; x_wconf 75' lang='lat' dir='ltr'><strong>deprccubitnr</strong></span> <span class='ocrx_word' id='word_1_316' title='bbox 1373 3842 1639 3897; x_wconf 85' lang='lat' dir='ltr'><strong>Dominum</strong></span> <span class='ocrx_word' id='word_1_317' title='bbox 1664 3842 1774 3914; x_wconf 84' lang='lat' dir='ltr'><strong>(Id.</strong></span> <span class='ocrx_word' id='word_1_318' title='bbox 1797 3860 1959 3920; x_wconf 72' lang='lat' dir='ltr'><strong>xxix,</strong></span> 
     </span>
    </p>
   </div>
   <div class='ocr_carea' id='block_1_41' title="bbox 391 3934 1960 4006">
    <p class='ocr_par' dir='ltr' id='par_1_41' title="bbox 391 3934 1960 4006">
     <span class='ocr_line' id='line_1_41' title="bbox 391 3934 1960 4006; baseline 0.001 -17"><span class='ocrx_word' id='word_1_319' title='bbox 391 3935 501 4006; x_wconf 67' lang='lat'><strong>1.3).</strong></span> <span class='ocrx_word' id='word_1_320' title='bbox 534 3935 662 3990; x_wconf 78' lang='lat' dir='ltr'><strong>Item</strong></span> <span class='ocrx_word' id='word_1_321' title='bbox 687 3936 941 4005; x_wconf 85' lang='lat' dir='ltr'><strong>scriptum</strong></span> <span class='ocrx_word' id='word_1_322' title='bbox 970 3943 1053 3991; x_wconf 87' lang='lat' dir='ltr'><strong>est</strong></span> <span class='ocrx_word' id='word_1_323' title='bbox 1084 3936 1099 3967; x_wconf 77' lang='grc'>³</span> <span class='ocrx_word' id='word_1_324' title='bbox 1125 3951 1137 3984; x_wconf 89' lang='lat'><strong><em>:</em></strong></span> <span class='ocrx_word' id='word_1_325' title='bbox 1163 3934 1438 3989; x_wconf 80' lang='lat' dir='ltr'><strong>Consilium</strong></span> <span class='ocrx_word' id='word_1_326' title='bbox 1454 3950 1617 3988; x_wconf 74' lang='lat' dir='ltr'><strong>incum</strong></span> <span class='ocrx_word' id='word_1_327' title='bbox 1644 3935 1767 3989; x_wconf 86' lang='lat' dir='ltr'><strong>audi</strong></span> <span class='ocrx_word' id='word_1_328' title='bbox 1784 3976 1805 4005; x_wconf 15' lang='grc' dir='ltr'><em>,ν</em></span> <span class='ocrx_word' id='word_1_329' title='bbox 1833 3935 1960 4001; x_wconf 65' lang='lat' dir='ltr'><strong>Item,</strong></span> 
     </span>
    </p>
   </div>
   <div class='ocr_carea' id='block_1_42' title="bbox 389 4023 1963 4097">
    <p class='ocr_par' dir='ltr' id='par_1_42' title="bbox 389 4023 1963 4097">
     <span class='ocr_line' id='line_1_42' title="bbox 389 4023 1963 4097; baseline 0 -16"><span class='ocrx_word' id='word_1_330' title='bbox 389 4038 436 4081; x_wconf 76' lang='lat' dir='ltr'><strong>et</strong></span> <span class='ocrx_word' id='word_1_331' title='bbox 483 4037 686 4097; x_wconf 59' lang='lat' dir='ltr'><strong>privata</strong></span> <span class='ocrx_word' id='word_1_332' title='bbox 727 4036 815 4079; x_wconf 88' lang='lat' dir='ltr'><strong>tua</strong></span> <span class='ocrx_word' id='word_1_333' title='bbox 852 4027 1177 4096; x_wconf 70' lang='lat' dir='ltr'><strong>olermosgnis</strong></span> <span class='ocrx_word' id='word_1_334' title='bbox 1223 4025 1413 4078; x_wconf 68' lang='lat' dir='ltr'><strong>redime</strong></span> <span class='ocrx_word' id='word_1_335' title='bbox 1461 4023 1620 4093; x_wconf 85' lang='lat' dir='ltr'><strong>(Dan.</strong></span> <span class='ocrx_word' id='word_1_336' title='bbox 1653 4041 1724 4089; x_wconf 81' lang='lat' dir='ltr'><strong>Iv,</strong></span> <span class='ocrx_word' id='word_1_337' title='bbox 1753 4025 1866 4097; x_wconf 68' lang='grc'><strong>24).</strong></span> <span class='ocrx_word' id='word_1_338' title='bbox 1896 4026 1963 4081; x_wconf 83' lang='lat' dir='ltr'><strong>Et</strong></span> 
     </span>
    </p>
   </div>
   <div class='ocr_carea' id='block_1_43' title="bbox 387 4113 1962 4186">
    <p class='ocr_par' dir='ltr' id='par_1_43' title="bbox 387 4113 1962 4186">
     <span class='ocr_line' id='line_1_43' title="bbox 387 4113 1962 4186; baseline 0.001 -16"><span class='ocrx_word' id='word_1_339' title='bbox 387 4118 490 4171; x_wconf 80' lang='lat' dir='ltr'><strong>alia</strong></span> <span class='ocrx_word' id='word_1_340' title='bbox 537 4117 699 4173; x_wconf 72' lang='lat' dir='ltr'><strong>mutila</strong></span> <span class='ocrx_word' id='word_1_341' title='bbox 746 4125 870 4172; x_wconf 88' lang='lat' dir='ltr'><strong>sunt</strong></span> <span class='ocrx_word' id='word_1_342' title='bbox 916 4113 1081 4171; x_wconf 87' lang='lat' dir='ltr'><strong>divini</strong></span> <span class='ocrx_word' id='word_1_343' title='bbox 1126 4116 1320 4186; x_wconf 87' lang='lat' dir='ltr'><strong>eloquii</strong></span> <span class='ocrx_word' id='word_1_344' title='bbox 1368 4114 1721 4179; x_wconf 87' lang='lat' dir='ltr'><strong>documenta,</strong></span> <span class='ocrx_word' id='word_1_345' title='bbox 1773 4116 1962 4184; x_wconf 82' lang='lat' dir='ltr'><strong>quibus</strong></span> 
     </span>
    </p>
   </div>
   <div class='ocr_carea' id='block_1_44' title="bbox 387 4205 1962 4279">
    <p class='ocr_par' dir='ltr' id='par_1_44' title="bbox 387 4205 1962 4279">
     <span class='ocr_line' id='line_1_44' title="bbox 387 4205 1962 4279; baseline -0.002 -15"><span class='ocrx_word' id='word_1_346' title='bbox 387 4208 685 4264; x_wconf 66' lang='lat' dir='ltr'><strong>cistotiditur</strong></span> <span class='ocrx_word' id='word_1_347' title='bbox 702 4208 922 4262; x_wconf 88' lang='lat' dir='ltr'><strong>multum</strong></span> <span class='ocrx_word' id='word_1_348' title='bbox 940 4208 1114 4262; x_wconf 71' lang='lat' dir='ltr'><strong>Valere</strong></span> <span class='ocrx_word' id='word_1_349' title='bbox 1134 4206 1529 4277; x_wconf 82' lang='lat' dir='ltr'><strong>eleemosyuam</strong></span> <span class='ocrx_word' id='word_1_350' title='bbox 1541 4205 1606 4260; x_wconf 86' lang='lat' dir='ltr'><strong>ad</strong></span> <span class='ocrx_word' id='word_1_351' title='bbox 1624 4208 1962 4279; x_wconf 79' lang='lat' dir='ltr'><strong>exstinguen-</strong></span> 
     </span>
    </p>
   </div>
   <div class='ocr_carea' id='block_1_45' title="bbox 387 4296 1963 4367">
    <p class='ocr_par' dir='ltr' id='par_1_45' title="bbox 387 4296 1963 4367">
     <span class='ocr_line' id='line_1_45' title="bbox 387 4296 1963 4367; baseline 0.003 -19"><span class='ocrx_word' id='word_1_352' title='bbox 387 4301 451 4350; x_wconf 72' lang='lat' dir='ltr'><strong>da</strong></span> <span class='ocrx_word' id='word_1_353' title='bbox 481 4308 534 4353; x_wconf 87' lang='lat' dir='ltr'><strong>et</strong></span> <span class='ocrx_word' id='word_1_354' title='bbox 557 4298 782 4354; x_wconf 78' lang='lat' dir='ltr'><strong>delenda</strong></span> <span class='ocrx_word' id='word_1_355' title='bbox 815 4306 1047 4364; x_wconf 80' lang='lat' dir='ltr'><strong>peccata.</strong></span> <span class='ocrx_word' id='word_1_356' title='bbox 1076 4296 1307 4352; x_wconf 80' lang='lat' dir='ltr'><strong>Proinde</strong></span> <span class='ocrx_word' id='word_1_357' title='bbox 1333 4296 1435 4352; x_wconf 90' lang='lat' dir='ltr'><strong>illis</strong></span> <span class='ocrx_word' id='word_1_358' title='bbox 1463 4312 1594 4367; x_wconf 88' lang='lat' dir='ltr'><strong>quos</strong></span> <span class='ocrx_word' id='word_1_359' title='bbox 1618 4296 1963 4366; x_wconf 79' lang='lat' dir='ltr'><strong>damnaturus</strong></span> 
     </span>
    </p>
   </div>
   <div class='ocr_carea' id='block_1_46' title="bbox 386 4388 1959 4458">
    <p class='ocr_par' dir='ltr' id='par_1_46' title="bbox 386 4388 1959 4458">
     <span class='ocr_line' id='line_1_46' title="bbox 386 4388 1959 4458; baseline 0.001 -16"><span class='ocrx_word' id='word_1_360' title='bbox 386 4398 502 4451; x_wconf 80' lang='lat' dir='ltr'><strong>est.</strong></span> <span class='ocrx_word' id='word_1_361' title='bbox 539 4388 647 4444; x_wconf 85' lang='lat' dir='ltr'><strong>imo</strong></span> <span class='ocrx_word' id='word_1_362' title='bbox 687 4389 805 4458; x_wconf 88' lang='lat' dir='ltr'><strong>plus</strong></span> <span class='ocrx_word' id='word_1_363' title='bbox 836 4388 940 4442; x_wconf 82' lang='lat' dir='ltr'><strong>illis</strong></span> <span class='ocrx_word' id='word_1_364' title='bbox 963 4399 1099 4457; x_wconf 87' lang='lat' dir='ltr'><strong>quos</strong></span> <span class='ocrx_word' id='word_1_365' title='bbox 1121 4394 1475 4442; x_wconf 87' lang='lat' dir='ltr'><strong>coronaturus</strong></span> <span class='ocrx_word' id='word_1_366' title='bbox 1503 4395 1585 4440; x_wconf 88' lang='lat' dir='ltr'><strong>cst</strong></span> <span class='ocrx_word' id='word_1_367' title='bbox 1603 4429 1617 4451; x_wconf 94' lang='lat'><strong>,</strong></span> <span class='ocrx_word' id='word_1_368' title='bbox 1648 4388 1791 4443; x_wconf 86' lang='lat' dir='ltr'><strong>solas</strong></span> <span class='ocrx_word' id='word_1_369' title='bbox 1818 4389 1959 4443; x_wconf 83' lang='lat' dir='ltr'><strong>elec-</strong></span> 
     </span>
    </p>
   </div>
   <div class='ocr_carea' id='block_1_47' title="bbox 385 4478 1963 4550">
    <p class='ocr_par' dir='ltr' id='par_1_47' title="bbox 385 4478 1963 4550">
     <span class='ocr_line' id='line_1_47' title="bbox 385 4478 1963 4550; baseline 0.002 -17"><span class='ocrx_word' id='word_1_370' title='bbox 385 4495 636 4550; x_wconf 73' lang='lat' dir='ltr'><strong>tnosynas</strong></span> <span class='ocrx_word' id='word_1_371' title='bbox 662 4479 960 4549; x_wconf 86' lang='lat' dir='ltr'><strong>imputabit,</strong></span> <span class='ocrx_word' id='word_1_372' title='bbox 989 4492 1238 4548; x_wconf 70' lang='lat' dir='ltr'><strong>unquam</strong></span> <span class='ocrx_word' id='word_1_373' title='bbox 1263 4478 1483 4542; x_wconf 79' lang='lat' dir='ltr'><strong>dicens:</strong></span> <span class='ocrx_word' id='word_1_374' title='bbox 1515 4478 1734 4534; x_wconf 78' lang='lat' dir='ltr'><strong>Dillicile</strong></span> <span class='ocrx_word' id='word_1_375' title='bbox 1759 4489 1874 4547; x_wconf 84' lang='lat' dir='ltr'><strong>est,</strong></span> <span class='ocrx_word' id='word_1_376' title='bbox 1906 4490 1963 4536; x_wconf 88' lang='lat' dir='ltr'><strong>ut</strong></span> 
     </span>
    </p>
   </div>
   <div class='ocr_carea' id='block_1_48' title="bbox 385 4566 1960 4639">
    <p class='ocr_par' dir='ltr' id='par_1_48' title="bbox 385 4566 1960 4639">
     <span class='ocr_line' id='line_1_48' title="bbox 385 4566 1960 4639; baseline 0 -15"><span class='ocrx_word' id='word_1_377' title='bbox 385 4568 432 4624; x_wconf 81' lang='lat' dir='ltr'><strong>si</strong></span> <span class='ocrx_word' id='word_1_378' title='bbox 473 4568 771 4624; x_wconf 61' lang='lat' dir='ltr'><strong>examinem</strong></span> <span class='ocrx_word' id='word_1_379' title='bbox 802 4568 897 4622; x_wconf 84' lang='lat' dir='ltr'><strong>vos</strong></span> <span class='ocrx_word' id='word_1_380' title='bbox 934 4576 989 4622; x_wconf 90' lang='lat' dir='ltr'><strong>et</strong></span> <span class='ocrx_word' id='word_1_381' title='bbox 1029 4566 1330 4635; x_wconf 74' lang='lat' dir='ltr'><strong>appemlam</strong></span> <span class='ocrx_word' id='word_1_382' title='bbox 1361 4581 1474 4632; x_wconf 83' lang='lat' dir='ltr'><strong>vos,</strong></span> <span class='ocrx_word' id='word_1_383' title='bbox 1504 4575 1712 4622; x_wconf 85' lang='lat' dir='ltr'><strong>scruter</strong></span> <span class='ocrx_word' id='word_1_384' title='bbox 1734 4568 1960 4639; x_wconf 85' lang='lat' dir='ltr'><strong>diligen-</strong></span> 
     </span>
    </p>
   </div>
   <div class='ocr_carea' id='block_1_49' title="bbox 387 4656 1958 4729">
    <p class='ocr_par' dir='ltr' id='par_1_49' title="bbox 387 4656 1958 4729">
     <span class='ocr_line' id='line_1_49' title="bbox 387 4656 1958 4729; baseline 0.004 -19"><span class='ocrx_word' id='word_1_385' title='bbox 387 4657 590 4713; x_wconf 73' lang='lat' dir='ltr'><strong>tissime</strong></span> <span class='ocrx_word' id='word_1_386' title='bbox 611 4656 749 4713; x_wconf 78' lang='lat' dir='ltr'><strong>facta</strong></span> <span class='ocrx_word' id='word_1_387' title='bbox 768 4666 962 4720; x_wconf 88' lang='lat' dir='ltr'><strong>vestra,</strong></span> <span class='ocrx_word' id='word_1_388' title='bbox 988 4671 1092 4711; x_wconf 89' lang='lat' dir='ltr'><strong>non</strong></span> <span class='ocrx_word' id='word_1_389' title='bbox 1119 4656 1542 4729; x_wconf 81' lang='lat' dir='ltr'><strong>inveniamunde</strong></span> <span class='ocrx_word' id='word_1_390' title='bbox 1568 4673 1660 4713; x_wconf 85' lang='lat' dir='ltr'><strong>vos</strong></span> <span class='ocrx_word' id='word_1_391' title='bbox 1677 4658 1920 4715; x_wconf 77' lang='lat' dir='ltr'><strong>damnum</strong></span> <span class='ocrx_word' id='word_1_392' title='bbox 1944 4681 1958 4717; x_wconf 86' lang='lat'><strong>:</strong></span> 
     </span>
    </p>
   </div>
   <div class='ocr_carea' id='block_1_50' title="bbox 362 4749 1961 4820">
    <p class='ocr_par' dir='ltr' id='par_1_50' title="bbox 362 4749 1961 4820">
     <span class='ocr_line' id='line_1_50' title="bbox 362 4749 1961 4820; baseline 0 -13"><span class='ocrx_word' id='word_1_393' title='bbox 362 4750 481 4815; x_wconf 63' lang='lat' dir='ltr'><strong>.sed</strong></span> <span class='ocrx_word' id='word_1_394' title='bbox 510 4749 581 4805; x_wconf 85' lang='lat' dir='ltr'><strong>ite</strong></span> <span class='ocrx_word' id='word_1_395' title='bbox 604 4750 657 4806; x_wconf 80' lang='lat' dir='ltr'><strong>in</strong></span> <span class='ocrx_word' id='word_1_396' title='bbox 688 4765 905 4820; x_wconf 79' lang='lat' dir='ltr'><strong>regnum</strong></span> <span class='ocrx_word' id='word_1_397' title='bbox 930 4766 945 4813; x_wconf 61' lang='grc' dir='ltr'>ς</span> <span class='ocrx_word' id='word_1_398' title='bbox 975 4749 1154 4803; x_wconf 80' lang='lat' dir='ltr'><strong>esurioi</strong></span> <span class='ocrx_word' id='word_1_399' title='bbox 1185 4753 1345 4815; x_wconf 76' lang='lat' dir='ltr'><strong>enirn,</strong></span> <span class='ocrx_word' id='word_1_400' title='bbox 1370 4763 1418 4804; x_wconf 85' lang='lat' dir='ltr'><strong>et</strong></span> <span class='ocrx_word' id='word_1_401' title='bbox 1444 4750 1653 4805; x_wconf 72' lang='lat' dir='ltr'><strong>dedistis</strong></span> <span class='ocrx_word' id='word_1_402' title='bbox 1673 4751 1795 4805; x_wconf 82' lang='lat' dir='ltr'><strong>mihi</strong></span> <span class='ocrx_word' id='word_1_403' title='bbox 1819 4768 1961 4807; x_wconf 81' lang='lat' dir='ltr'><strong>mun-</strong></span> 
     </span>
    </p>
   </div>
   <div class='ocr_carea' id='block_1_51' title="bbox 386 4839 1968 4917">
    <p class='ocr_par' dir='ltr' id='par_1_51' title="bbox 386 4839 1968 4917">
     <span class='ocr_line' id='line_1_51' title="bbox 386 4839 1968 4917; baseline 0.002 -22"><span class='ocrx_word' id='word_1_404' title='bbox 386 4842 591 4897; x_wconf 64' lang='grc' dir='ltr'><strong>ἄκριτα.</strong></span> <span class='ocrx_word' id='word_1_405' title='bbox 621 4840 736 4898; x_wconf 80' lang='lat' dir='ltr'><strong>Non</strong></span> <span class='ocrx_word' id='word_1_406' title='bbox 762 4856 892 4912; x_wconf 80' lang='lat' dir='ltr'><strong>ergo</strong></span> <span class='ocrx_word' id='word_1_407' title='bbox 917 4841 1005 4895; x_wconf 89' lang='lat' dir='ltr'><strong>itis</strong></span> <span class='ocrx_word' id='word_1_408' title='bbox 1027 4840 1078 4893; x_wconf 88' lang='lat' dir='ltr'><strong>in</strong></span> <span class='ocrx_word' id='word_1_409' title='bbox 1107 4855 1348 4911; x_wconf 79' lang='lat' dir='ltr'><strong>regnum,</strong></span> <span class='ocrx_word' id='word_1_410' title='bbox 1379 4839 1500 4909; x_wconf 84' lang='lat' dir='ltr'><strong>quia</strong></span> <span class='ocrx_word' id='word_1_411' title='bbox 1532 4857 1635 4894; x_wconf 85' lang='lat' dir='ltr'><strong>non</strong></span> <span class='ocrx_word' id='word_1_412' title='bbox 1664 4842 1920 4910; x_wconf 80' lang='lat' dir='ltr'><strong>peccastis</strong></span> <span class='ocrx_word' id='word_1_413' title='bbox 1945 4861 1968 4917; x_wconf 28' lang='grc' dir='ltr'><em>τ,</em></span> 
     </span>
    </p>
   </div>
   <div class='ocr_carea' id='block_1_52' title="bbox 390 4933 1963 5007">
    <p class='ocr_par' dir='ltr' id='par_1_52' title="bbox 390 4933 1963 5007">
     <span class='ocr_line' id='line_1_52' title="bbox 390 4933 1963 5007; baseline -0.001 -15"><span class='ocrx_word' id='word_1_414' title='bbox 390 4935 479 4992; x_wconf 70' lang='lat' dir='ltr'><strong>sed</strong></span> <span class='ocrx_word' id='word_1_415' title='bbox 503 4936 625 5007; x_wconf 74' lang='lat' dir='ltr'><strong>quia</strong></span> <span class='ocrx_word' id='word_1_416' title='bbox 648 4944 824 4990; x_wconf 85' lang='lat' dir='ltr'><strong>vestra</strong></span> <span class='ocrx_word' id='word_1_417' title='bbox 856 4942 1067 5004; x_wconf 79' lang='lat' dir='ltr'><strong>peccata</strong></span> <span class='ocrx_word' id='word_1_418' title='bbox 1095 4933 1794 5005; x_wconf 54' lang='lat' dir='ltr'><strong>electuosyuisn‘demistis.</strong></span> <span class='ocrx_word' id='word_1_419' title='bbox 1827 4933 1963 5005; x_wconf 80' lang='lat' dir='ltr'><strong>Rur-</strong></span> 
     </span>
    </p>
   </div>
   <div class='ocr_carea' id='block_1_53' title="bbox 385 5023 1956 5097">
    <p class='ocr_par' dir='ltr' id='par_1_53' title="bbox 385 5023 1956 5097">
     <span class='ocr_line' id='line_1_53' title="bbox 385 5023 1956 5097; baseline -0.001 -16"><span class='ocrx_word' id='word_1_420' title='bbox 385 5044 477 5083; x_wconf 86' lang='lat' dir='ltr'><strong>sus</strong></span> <span class='ocrx_word' id='word_1_421' title='bbox 498 5036 552 5082; x_wconf 86' lang='lat' dir='ltr'><strong>et</strong></span> <span class='ocrx_word' id='word_1_422' title='bbox 572 5028 675 5081; x_wconf 83' lang='lat' dir='ltr'><strong>illis</strong></span> <span class='ocrx_word' id='word_1_423' title='bbox 699 5044 712 5078; x_wconf 90' lang='lat'>:</span> <span class='ocrx_word' id='word_1_424' title='bbox 740 5023 822 5080; x_wconf 83' lang='lat' dir='ltr'><strong>Ite</strong></span> <span class='ocrx_word' id='word_1_425' title='bbox 846 5026 901 5078; x_wconf 91' lang='lat' dir='ltr'><strong>in</strong></span> <span class='ocrx_word' id='word_1_426' title='bbox 926 5025 1089 5095; x_wconf 79' lang='lat' dir='ltr'><strong>ignem</strong></span> <span class='ocrx_word' id='word_1_427' title='bbox 1112 5034 1373 5088; x_wconf 70' lang='lat' dir='ltr'><strong>internum,</strong></span> <span class='ocrx_word' id='word_1_428' title='bbox 1403 5026 1490 5094; x_wconf 80' lang='lat' dir='ltr'><strong>qui</strong></span> <span class='ocrx_word' id='word_1_429' title='bbox 1515 5034 1720 5095; x_wconf 87' lang='lat' dir='ltr'><strong>paratus</strong></span> <span class='ocrx_word' id='word_1_430' title='bbox 1743 5035 1815 5080; x_wconf 86' lang='lat' dir='ltr'><strong>est</strong></span> <span class='ocrx_word' id='word_1_431' title='bbox 1840 5027 1956 5097; x_wconf 27' lang='lat' dir='ltr'><strong>dia,-</strong></span> 
     </span>
    </p>
   </div>
   <div class='ocr_carea' id='block_1_54' title="bbox 385 5116 1948 5189">
    <p class='ocr_par' dir='ltr' id='par_1_54' title="bbox 385 5116 1948 5189">
     <span class='ocr_line' id='line_1_54' title="bbox 385 5116 1948 5189; baseline 0.002 -20"><span class='ocrx_word' id='word_1_432' title='bbox 385 5120 497 5173; x_wconf 71' lang='lat' dir='ltr'><strong>tiolo</strong></span> <span class='ocrx_word' id='word_1_433' title='bbox 519 5128 566 5172; x_wconf 78' lang='lat' dir='ltr'><strong>et</strong></span> <span class='ocrx_word' id='word_1_434' title='bbox 592 5118 784 5189; x_wconf 75' lang='lat' dir='ltr'><strong>angelis</strong></span> <span class='ocrx_word' id='word_1_435' title='bbox 822 5119 951 5187; x_wconf 78' lang='lat' dir='ltr'><strong>ejus.</strong></span> <span class='ocrx_word' id='word_1_436' title='bbox 984 5117 1049 5171; x_wconf 80' lang='lat' dir='ltr'><strong>Et</strong></span> <span class='ocrx_word' id='word_1_437' title='bbox 1086 5116 1158 5171; x_wconf 80' lang='lat' dir='ltr'><strong>i&#39;li</strong></span> <span class='ocrx_word' id='word_1_438' title='bbox 1184 5125 1431 5187; x_wconf 85' lang='lat' dir='ltr'><strong>tanquam</strong></span> <span class='ocrx_word' id='word_1_439' title='bbox 1463 5117 1639 5182; x_wconf 89' lang='lat' dir='ltr'><strong>noxii,</strong></span> <span class='ocrx_word' id='word_1_440' title='bbox 1682 5119 1806 5174; x_wconf 82' lang='lat' dir='ltr'><strong>oliui</strong></span> <span class='ocrx_word' id='word_1_441' title='bbox 1852 5120 1948 5186; x_wconf 85' lang='lat' dir='ltr'><strong>rei,</strong></span> 
     </span>
    </p>
   </div>
   <div class='ocr_carea' id='block_1_55' title="bbox 382 5207 1955 5277">
    <p class='ocr_par' dir='ltr' id='par_1_55' title="bbox 382 5207 1955 5277">
     <span class='ocr_line' id='line_1_55' title="bbox 382 5207 1955 5277; baseline 0.001 -15"><span class='ocrx_word' id='word_1_442' title='bbox 382 5225 504 5264; x_wconf 79' lang='lat' dir='ltr'><strong>sero</strong></span> <span class='ocrx_word' id='word_1_443' title='bbox 543 5217 853 5272; x_wconf 85' lang='lat' dir='ltr'><strong>trementes,</strong></span> <span class='ocrx_word' id='word_1_444' title='bbox 871 5207 1206 5275; x_wconf 73' lang='lat' dir='ltr'><strong>attendentes</strong></span> <span class='ocrx_word' id='word_1_445' title='bbox 1232 5215 1444 5277; x_wconf 79' lang='lat' dir='ltr'><strong>peccata</strong></span> <span class='ocrx_word' id='word_1_446' title='bbox 1470 5221 1563 5261; x_wconf 87' lang='lat' dir='ltr'><strong>sua</strong></span> <span class='ocrx_word' id='word_1_447' title='bbox 1582 5247 1598 5271; x_wconf 91' lang='lat'><strong>,</strong></span> <span class='ocrx_word' id='word_1_448' title='bbox 1626 5208 1836 5275; x_wconf 82' lang='lat' dir='ltr'><strong>quando</strong></span> <span class='ocrx_word' id='word_1_449' title='bbox 1860 5224 1955 5265; x_wconf 79' lang='lat' dir='ltr'><strong>au—</strong></span> 
     </span>
    </p>
   </div>
   <div class='ocr_carea' id='block_1_56' title="bbox 382 5297 1956 5372">
    <p class='ocr_par' dir='ltr' id='par_1_56' title="bbox 382 5297 1956 5372">
     <span class='ocr_line' id='line_1_56' title="bbox 382 5297 1956 5372; baseline 0.003 -22"><span class='ocrx_word' id='word_1_450' title='bbox 382 5302 570 5354; x_wconf 74' lang='lat' dir='ltr'><strong>derent</strong></span> <span class='ocrx_word' id='word_1_451' title='bbox 622 5298 829 5360; x_wconf 68' lang='grc' dir='ltr'>ἀίει-ιιι,</span> <span class='ocrx_word' id='word_1_452' title='bbox 887 5298 1149 5360; x_wconf 68' lang='lat' dir='ltr'><strong>immerito</strong></span> <span class='ocrx_word' id='word_1_453' title='bbox 1191 5312 1249 5354; x_wconf 89' lang='lat' dir='ltr'><strong>se</strong></span> <span class='ocrx_word' id='word_1_454' title='bbox 1293 5297 1578 5372; x_wconf 56' lang='lat' dir='ltr'><strong>danistam,</strong></span> <span class='ocrx_word' id='word_1_455' title='bbox 1617 5298 1879 5357; x_wconf 85' lang='lat' dir='ltr'><strong>immerito</strong></span> <span class='ocrx_word' id='word_1_456' title='bbox 1906 5304 1956 5355; x_wconf 91' lang='lat' dir='ltr'><strong>in</strong></span> 
     </span>
    </p>
   </div>
   <div class='ocr_carea' id='block_1_57' title="bbox 385 5385 1959 5456">
    <p class='ocr_par' dir='ltr' id='par_1_57' title="bbox 385 5385 1959 5456">
     <span class='ocr_line' id='line_1_57' title="bbox 385 5385 1959 5456; baseline 0.003 -17"><span class='ocrx_word' id='word_1_457' title='bbox 385 5404 443 5442; x_wconf 75' lang='lat' dir='ltr'><strong>se</strong></span> <span class='ocrx_word' id='word_1_458' title='bbox 503 5389 638 5442; x_wconf 81' lang='lat' dir='ltr'><strong>hanc</strong></span> <span class='ocrx_word' id='word_1_459' title='bbox 688 5387 982 5456; x_wconf 80' lang='lat' dir='ltr'><strong>depromia</strong></span> <span class='ocrx_word' id='word_1_460' title='bbox 1029 5385 1207 5454; x_wconf 84' lang='lat' dir='ltr'><strong>judice</strong></span> <span class='ocrx_word' id='word_1_461' title='bbox 1251 5397 1354 5440; x_wconf 89' lang='lat' dir='ltr'><strong>tam</strong></span> <span class='ocrx_word' id='word_1_462' title='bbox 1407 5386 1551 5456; x_wconf 82' lang='lat' dir='ltr'><strong>justo</strong></span> <span class='ocrx_word' id='word_1_463' title='bbox 1601 5391 1959 5444; x_wconf 86' lang='lat' dir='ltr'><strong>sententiam?</strong></span> 
     </span>
    </p>
   </div>
   <div class='ocr_carea' id='block_1_58' title="bbox 376 5474 1966 5543">
    <p class='ocr_par' dir='ltr' id='par_1_58' title="bbox 376 5474 1966 5543">
     <span class='ocr_line' id='line_1_58' title="bbox 376 5474 1966 5543; baseline 0.003 -14"><span class='ocrx_word' id='word_1_464' title='bbox 376 5479 511 5531; x_wconf 72' lang='lat' dir='ltr'><strong>tjnn-</strong></span> <span class='ocrx_word' id='word_1_465' title='bbox 528 5477 781 5531; x_wconf 87' lang='lat' dir='ltr'><strong>ideraodo</strong></span> <span class='ocrx_word' id='word_1_466' title='bbox 829 5477 1182 5532; x_wconf 85' lang='lat' dir='ltr'><strong>conscientias</strong></span> <span class='ocrx_word' id='word_1_467' title='bbox 1209 5490 1353 5543; x_wconf 85' lang='lat' dir='ltr'><strong>suas,</strong></span> <span class='ocrx_word' id='word_1_468' title='bbox 1371 5474 1759 5534; x_wconf 84' lang='lat' dir='ltr'><strong>considerando</strong></span> <span class='ocrx_word' id='word_1_469' title='bbox 1781 5483 1966 5536; x_wconf 77' lang='lat' dir='ltr'><strong>oniiua.</strong></span> 
     </span>
    </p>
   </div>
   <div class='ocr_carea' id='block_1_59' title="bbox 448 5613 1959 5684">
    <p class='ocr_par' dir='ltr' id='par_1_59' title="bbox 448 5613 1959 5684">
     <span class='ocr_line' id='line_1_59' title="bbox 448 5613 1959 5684; baseline 0.005 -23"><span class='ocrx_word' id='word_1_470' title='bbox 448 5618 458 5684; x_wconf 63' lang='grc' dir='ltr'>ξ</span> <span class='ocrx_word' id='word_1_471' title='bbox 488 5616 569 5661; x_wconf 68' lang='lat' dir='ltr'><strong>uit:</strong></span> <span class='ocrx_word' id='word_1_472' title='bbox 591 5621 688 5663; x_wconf 80' lang='grc' dir='ltr'>Αιιι.</span> <span class='ocrx_word' id='word_1_473' title='bbox 716 5622 786 5663; x_wconf 73' lang='lat' dir='ltr'><strong>Er.</strong></span> <span class='ocrx_word' id='word_1_474' title='bbox 811 5622 877 5684; x_wconf 44' lang='lat' dir='ltr'><strong>et.</strong></span> <span class='ocrx_word' id='word_1_475' title='bbox 897 5613 1377 5678; x_wconf 60' lang='lat' dir='ltr'><strong>Colliertiuus&#39;codex</strong></span> <span class='ocrx_word' id='word_1_476' title='bbox 1399 5614 1609 5677; x_wconf 82' lang='lat' dir='ltr'><strong>addunt,</strong></span> <span class='ocrx_word' id='word_1_477' title='bbox 1650 5616 1777 5681; x_wconf 80' lang='lat' dir='ltr'><strong>thd</strong></span> <span class='ocrx_word' id='word_1_478' title='bbox 1814 5618 1959 5684; x_wconf 84' lang='lat' dir='ltr'><strong>paulo</strong></span> 
     </span>
    </p>
   </div>
   <div class='ocr_carea' id='block_1_60' title="bbox 375 5681 878 5726">
    <p class='ocr_par' dir='ltr' id='par_1_60' title="bbox 375 5681 878 5726">
     <span class='ocr_line' id='line_1_60' title="bbox 375 5681 878 5726; baseline 0 0"><span class='ocrx_word' id='word_1_479' title='bbox 375 5681 488 5726; x_wconf 64' lang='grc' dir='ltr'><strong>σιω</strong></span> <span class='ocrx_word' id='word_1_480' title='bbox 521 5681 878 5726; x_wconf 60' lang='lat' dir='ltr'><strong>commemoravi</strong></span> 
     </span>
    </p>
   </div>
   <div class='ocr_carea' id='block_1_61' title="bbox 1597 268 2406 329">
    <p class='ocr_par' dir='ltr' id='par_1_61' title="bbox 1597 268 2406 329">
     <span class='ocr_line' id='line_1_61' title="bbox 1597 268 2406 329; baseline -0.001 0"><span class='ocrx_word' id='word_1_481' title='bbox 1597 274 1654 329; x_wconf 83' lang='lat' dir='ltr'><strong>S.</strong></span> <span class='ocrx_word' id='word_1_482' title='bbox 1695 268 2063 327; x_wconf 70' lang='lat' dir='ltr'><strong>ALGUSTlNl</strong></span> <span class='ocrx_word' id='word_1_483' title='bbox 2105 270 2406 328; x_wconf 71' lang='lat' dir='ltr'><strong>l-LPISCOPI</strong></span> 
     </span>
    </p>
   </div>
   <div class='ocr_carea' id='block_1_62' title="bbox 3492 275 3643 330">
    <p class='ocr_par' dir='ltr' id='par_1_62' title="bbox 3492 275 3643 330">
     <span class='ocr_line' id='line_1_62' title="bbox 3492 275 3643 330; baseline 0.007 -1"><span class='ocrx_word' id='word_1_484' title='bbox 3492 275 3643 330; x_wconf 72' lang='grc' dir='ltr'><strong>-ιοε</strong></span> 
     </span>
    </p>
   </div>
   <div class='ocr_carea' id='block_1_63' title="bbox 2057 380 3645 457">
    <p class='ocr_par' dir='ltr' id='par_1_63' title="bbox 2057 380 3645 457">
     <span class='ocr_line' id='line_1_63' title="bbox 2057 380 3645 457; baseline 0.007 -26"><span class='ocrx_word' id='word_1_485' title='bbox 2057 380 2269 436; x_wconf 75' lang='lat' dir='ltr'><strong>vulnera</strong></span> <span class='ocrx_word' id='word_1_486' title='bbox 2311 384 2501 437; x_wconf 72' lang='lat' dir='ltr'><strong>annua:</strong></span> <span class='ocrx_word' id='word_1_487' title='bbox 2518 398 2651 449; x_wconf 63' lang='lat' dir='ltr'><strong>sine,</strong></span> <span class='ocrx_word' id='word_1_488' title='bbox 2673 381 2885 454; x_wconf 82' lang='lat' dir='ltr'><strong>quando</strong></span> <span class='ocrx_word' id='word_1_489' title='bbox 2909 381 3166 438; x_wconf 62' lang='lat' dir='ltr'><strong>auderi-ut</strong></span> <span class='ocrx_word' id='word_1_490' title='bbox 3191 381 3369 439; x_wconf 83' lang='lat' dir='ltr'><strong>dicere</strong></span> <span class='ocrx_word' id='word_1_491' title='bbox 3388 429 3403 451; x_wconf 89' lang='lat'><strong>,</strong></span> <span class='ocrx_word' id='word_1_492' title='bbox 3434 384 3645 457; x_wconf 65' lang='lat' dir='ltr'><strong>lnju~tc</strong></span> 
     </span>
    </p>
   </div>
   <div class='ocr_carea' id='block_1_64' title="bbox 2053 471 3641 544">
    <p class='ocr_par' dir='ltr' id='par_1_64' title="bbox 2053 471 3641 544">
     <span class='ocr_line' id='line_1_64' title="bbox 2053 471 3641 544; baseline 0.005 -17"><span class='ocrx_word' id='word_1_493' title='bbox 2053 471 2398 527; x_wconf 81' lang='lat' dir='ltr'><strong>damnamur?</strong></span> <span class='ocrx_word' id='word_1_494' title='bbox 2430 472 2503 528; x_wconf 82' lang='lat' dir='ltr'><strong>De</strong></span> <span class='ocrx_word' id='word_1_495' title='bbox 2539 475 2728 544; x_wconf 86' lang='lat' dir='ltr'><strong>quibus</strong></span> <span class='ocrx_word' id='word_1_496' title='bbox 2754 487 2878 530; x_wconf 78' lang='lat' dir='ltr'><strong>ante</strong></span> <span class='ocrx_word' id='word_1_497' title='bbox 2907 475 2959 529; x_wconf 87' lang='lat' dir='ltr'><strong>in</strong></span> <span class='ocrx_word' id='word_1_498' title='bbox 2980 474 3250 544; x_wconf 76' lang='lat' dir='ltr'><strong>Sapientia</strong></span> <span class='ocrx_word' id='word_1_499' title='bbox 3269 475 3471 532; x_wconf 85' lang='lat' dir='ltr'><strong>dictum</strong></span> <span class='ocrx_word' id='word_1_500' title='bbox 3497 490 3577 535; x_wconf 86' lang='lat' dir='ltr'><strong>est</strong></span> <span class='ocrx_word' id='word_1_501' title='bbox 3619 499 3641 534; x_wconf 91' lang='lat'><strong>:</strong></span> 
     </span>
    </p>
   </div>
   <div class='ocr_carea' id='block_1_65' title="bbox 2057 562 3641 639">
    <p class='ocr_par' dir='ltr' id='par_1_65' title="bbox 2057 562 3641 639">
     <span class='ocr_line' id='line_1_65' title="bbox 2057 562 3641 639; baseline 0.005 -23"><span class='ocrx_word' id='word_1_502' title='bbox 2057 562 2342 617; x_wconf 79' lang='lat' dir='ltr'><strong>Traduccnt</strong></span> <span class='ocrx_word' id='word_1_503' title='bbox 2391 581 2473 620; x_wconf 75' lang='lat' dir='ltr'><strong>eos</strong></span> <span class='ocrx_word' id='word_1_504' title='bbox 2513 581 2574 618; x_wconf 72' lang='lat' dir='ltr'><strong>ex</strong></span> <span class='ocrx_word' id='word_1_505' title='bbox 2612 564 2821 620; x_wconf 74' lang='lat' dir='ltr'><strong>adverso</strong></span> <span class='ocrx_word' id='word_1_506' title='bbox 2848 566 3133 636; x_wconf 79' lang='lat' dir='ltr'><strong>iniquitates</strong></span> <span class='ocrx_word' id='word_1_507' title='bbox 3157 582 3332 622; x_wconf 80' lang='lat' dir='ltr'><strong>eorum</strong></span> <span class='ocrx_word' id='word_1_508' title='bbox 3362 567 3526 639; x_wconf 80' lang='lat' dir='ltr'><strong>(Sap.</strong></span> <span class='ocrx_word' id='word_1_509' title='bbox 3556 588 3641 637; x_wconf 78' lang='lat' dir='ltr'><strong>tr,</strong></span> 
     </span>
    </p>
   </div>
   <div class='ocr_carea' id='block_1_66' title="bbox 2054 653 3639 730">
    <p class='ocr_par' dir='ltr' id='par_1_66' title="bbox 2054 653 3639 730">
     <span class='ocr_line' id='line_1_66' title="bbox 2054 653 3639 730; baseline 0.007 -24"><span class='ocrx_word' id='word_1_510' title='bbox 2054 653 2164 723; x_wconf 70' lang='grc'><strong>90).</strong></span> <span class='ocrx_word' id='word_1_511' title='bbox 2194 653 2321 709; x_wconf 83' lang='lat' dir='ltr'><strong>Sine</strong></span> <span class='ocrx_word' id='word_1_512' title='bbox 2357 654 2517 710; x_wconf 87' lang='lat' dir='ltr'><strong>dubio</strong></span> <span class='ocrx_word' id='word_1_513' title='bbox 2540 655 2787 711; x_wconf 83' lang='lat' dir='ltr'><strong>videbunt</strong></span> <span class='ocrx_word' id='word_1_514' title='bbox 2815 655 3035 727; x_wconf 85' lang='lat' dir='ltr'><strong>sejuste</strong></span> <span class='ocrx_word' id='word_1_515' title='bbox 3075 657 3321 714; x_wconf 82' lang='lat' dir='ltr'><strong>damnari</strong></span> <span class='ocrx_word' id='word_1_516' title='bbox 3369 675 3465 730; x_wconf 87' lang='lat' dir='ltr'><strong>pro</strong></span> <span class='ocrx_word' id='word_1_517' title='bbox 3508 676 3639 717; x_wconf 85' lang='lat' dir='ltr'><strong>sce-</strong></span> 
     </span>
    </p>
   </div>
   <div class='ocr_carea' id='block_1_67' title="bbox 2058 743 3644 820">
    <p class='ocr_par' dir='ltr' id='par_1_67' title="bbox 2058 743 3644 820">
     <span class='ocr_line' id='line_1_67' title="bbox 2058 743 3644 820; baseline 0.008 -23"><span class='ocrx_word' id='word_1_518' title='bbox 2058 743 2256 800; x_wconf 81' lang='lat' dir='ltr'><strong>leribus</strong></span> <span class='ocrx_word' id='word_1_519' title='bbox 2302 753 2356 800; x_wconf 86' lang='lat' dir='ltr'><strong>et</strong></span> <span class='ocrx_word' id='word_1_520' title='bbox 2398 745 2705 801; x_wconf 88' lang='lat' dir='ltr'><strong>criminibus</strong></span> <span class='ocrx_word' id='word_1_521' title='bbox 2755 748 2915 802; x_wconf 89' lang='lat' dir='ltr'><strong>suis:</strong></span> <span class='ocrx_word' id='word_1_522' title='bbox 2957 757 3010 803; x_wconf 90' lang='lat' dir='ltr'><strong>et</strong></span> <span class='ocrx_word' id='word_1_523' title='bbox 3061 750 3209 819; x_wconf 83' lang='lat' dir='ltr'><strong>quasi</strong></span> <span class='ocrx_word' id='word_1_524' title='bbox 3263 751 3341 805; x_wconf 88' lang='lat' dir='ltr'><strong>eis</strong></span> <span class='ocrx_word' id='word_1_525' title='bbox 3392 751 3644 820; x_wconf 83' lang='lat' dir='ltr'><strong>diceret,</strong></span> 
     </span>
    </p>
   </div>
   <div class='ocr_carea' id='block_1_68' title="bbox 2058 832 3647 909">
    <p class='ocr_par' dir='ltr' id='par_1_68' title="bbox 2058 832 3647 909">
     <span class='ocr_line' id='line_1_68' title="bbox 2058 832 3647 909; baseline 0.008 -21"><span class='ocrx_word' id='word_1_526' title='bbox 2058 832 2195 901; x_wconf 85' lang='lat' dir='ltr'><strong>Non,</strong></span> <span class='ocrx_word' id='word_1_527' title='bbox 2218 851 2322 889; x_wconf 90' lang='lat' dir='ltr'><strong>non</strong></span> <span class='ocrx_word' id='word_1_528' title='bbox 2346 835 2465 891; x_wconf 88' lang='lat' dir='ltr'><strong>inde</strong></span> <span class='ocrx_word' id='word_1_529' title='bbox 2491 835 2629 891; x_wconf 88' lang='lat' dir='ltr'><strong>unde</strong></span> <span class='ocrx_word' id='word_1_530' title='bbox 2650 838 2968 906; x_wconf 80' lang='lat' dir='ltr'><strong>putatis;scd</strong></span> <span class='ocrx_word' id='word_1_531' title='bbox 2988 840 3107 909; x_wconf 83' lang='lat' dir='ltr'><strong>quia</strong></span> <span class='ocrx_word' id='word_1_532' title='bbox 3125 841 3326 908; x_wconf 80' lang='lat' dir='ltr'><strong>rsurivi,</strong></span> <span class='ocrx_word' id='word_1_533' title='bbox 3349 852 3397 897; x_wconf 78' lang='lat' dir='ltr'><strong>et</strong></span> <span class='ocrx_word' id='word_1_534' title='bbox 3424 859 3523 897; x_wconf 82' lang='lat' dir='ltr'><strong>non</strong></span> <span class='ocrx_word' id='word_1_535' title='bbox 3547 846 3647 900; x_wconf 76' lang='lat' dir='ltr'><strong>dc-</strong></span> 
     </span>
    </p>
   </div>
   <div class='ocr_carea' id='block_1_69' title="bbox 2060 925 3643 995">
    <p class='ocr_par' dir='ltr' id='par_1_69' title="bbox 2060 925 3643 995">
     <span class='ocr_line' id='line_1_69' title="bbox 2060 925 3643 995; baseline 0.01 -16"><span class='ocrx_word' id='word_1_536' title='bbox 2060 925 2204 981; x_wconf 80' lang='lat' dir='ltr'><strong>distis</strong></span> <span class='ocrx_word' id='word_1_537' title='bbox 2229 928 2350 981; x_wconf 73' lang='lat' dir='ltr'><strong>milii</strong></span> <span class='ocrx_word' id='word_1_538' title='bbox 2378 926 2700 986; x_wconf 82' lang='lat' dir='ltr'><strong>manducare.</strong></span> <span class='ocrx_word' id='word_1_539' title='bbox 2727 928 2781 984; x_wconf 87' lang='lat' dir='ltr'><strong>Si</strong></span> <span class='ocrx_word' id='word_1_540' title='bbox 2798 929 2940 986; x_wconf 86' lang='lat' dir='ltr'><strong>enim</strong></span> <span class='ocrx_word' id='word_1_541' title='bbox 2958 931 3024 995; x_wconf 79' lang='lat' dir='ltr'><strong>ab</strong></span> <span class='ocrx_word' id='word_1_542' title='bbox 3047 932 3152 987; x_wconf 86' lang='lat' dir='ltr'><strong>illis</strong></span> <span class='ocrx_word' id='word_1_543' title='bbox 3171 935 3417 992; x_wconf 81' lang='lat' dir='ltr'><strong>ontnibus</strong></span> <span class='ocrx_word' id='word_1_544' title='bbox 3443 940 3643 995; x_wconf 77' lang='lat' dir='ltr'><strong>vestris</strong></span> 
     </span>
    </p>
   </div>
   <div class='ocr_carea' id='block_1_70' title="bbox 2056 1016 3646 1090">
    <p class='ocr_par' dir='ltr' id='par_1_70' title="bbox 2056 1016 3646 1090">
     <span class='ocr_line' id='line_1_70' title="bbox 2056 1016 3646 1090; baseline 0.006 -19"><span class='ocrx_word' id='word_1_545' title='bbox 2056 1016 2214 1072; x_wconf 77' lang='lat' dir='ltr'><strong>factis</strong></span> <span class='ocrx_word' id='word_1_546' title='bbox 2242 1018 2446 1084; x_wconf 84' lang='lat' dir='ltr'><strong>aversi,</strong></span> <span class='ocrx_word' id='word_1_547' title='bbox 2473 1028 2527 1074; x_wconf 89' lang='lat' dir='ltr'><strong>et</strong></span> <span class='ocrx_word' id='word_1_548' title='bbox 2554 1019 2621 1073; x_wconf 88' lang='lat' dir='ltr'><strong>ad</strong></span> <span class='ocrx_word' id='word_1_549' title='bbox 2666 1035 2751 1077; x_wconf 89' lang='lat' dir='ltr'><strong>me</strong></span> <span class='ocrx_word' id='word_1_550' title='bbox 2795 1023 3063 1089; x_wconf 84' lang='lat' dir='ltr'><strong>conversi,</strong></span> <span class='ocrx_word' id='word_1_551' title='bbox 3094 1024 3185 1090; x_wconf 70' lang='lat' dir='ltr'><strong>illa</strong></span> <span class='ocrx_word' id='word_1_552' title='bbox 3206 1027 3384 1085; x_wconf 77' lang='lat' dir='ltr'><strong>ontuia</strong></span> <span class='ocrx_word' id='word_1_553' title='bbox 3414 1028 3646 1083; x_wconf 77' lang='lat' dir='ltr'><strong>crimina</strong></span> 
     </span>
    </p>
   </div>
   <div class='ocr_carea' id='block_1_71' title="bbox 2061 1108 3646 1187">
    <p class='ocr_par' dir='ltr' id='par_1_71' title="bbox 2061 1108 3646 1187">
     <span class='ocr_line' id='line_1_71' title="bbox 2061 1108 3646 1187; baseline 0.006 -27"><span class='ocrx_word' id='word_1_554' title='bbox 2061 1116 2219 1177; x_wconf 87' lang='lat' dir='ltr'><strong>atque</strong></span> <span class='ocrx_word' id='word_1_555' title='bbox 2263 1120 2476 1177; x_wconf 83' lang='lat' dir='ltr'><strong>peccata</strong></span> <span class='ocrx_word' id='word_1_556' title='bbox 2524 1108 2881 1182; x_wconf 85' lang='lat' dir='ltr'><strong>eleemosynis</strong></span> <span class='ocrx_word' id='word_1_557' title='bbox 2929 1113 3309 1182; x_wconf 65' lang='lat' dir='ltr'><strong>redeatis-setis,</strong></span> <span class='ocrx_word' id='word_1_558' title='bbox 3338 1118 3466 1187; x_wconf 67' lang='lat' dir='ltr'><strong>ipsa!</strong></span> <span class='ocrx_word' id='word_1_559' title='bbox 3492 1119 3646 1174; x_wconf 63' lang='lat' dir='ltr'><strong>elue-</strong></span> 
     </span>
    </p>
   </div>
   <div class='ocr_carea' id='block_1_72' title="bbox 2064 1201 3647 1271">
    <p class='ocr_par' dir='ltr' id='par_1_72' title="bbox 2064 1201 3647 1271">
     <span class='ocr_line' id='line_1_72' title="bbox 2064 1201 3647 1271; baseline 0.007 -17"><span class='ocrx_word' id='word_1_560' title='bbox 2064 1216 2300 1271; x_wconf 78' lang='lat' dir='ltr'><strong>mosyua:</strong></span> <span class='ocrx_word' id='word_1_561' title='bbox 2340 1201 2498 1256; x_wconf 89' lang='lat' dir='ltr'><strong>modo</strong></span> <span class='ocrx_word' id='word_1_562' title='bbox 2538 1201 2829 1256; x_wconf 87' lang='lat' dir='ltr'><strong>liberarent</strong></span> <span class='ocrx_word' id='word_1_563' title='bbox 2874 1218 3001 1265; x_wconf 90' lang='lat' dir='ltr'><strong>vos.</strong></span> <span class='ocrx_word' id='word_1_564' title='bbox 3029 1214 3082 1260; x_wconf 90' lang='lat' dir='ltr'><strong>et</strong></span> <span class='ocrx_word' id='word_1_565' title='bbox 3119 1220 3148 1259; x_wconf 84' lang='lat' dir='ltr'><strong>a</strong></span> <span class='ocrx_word' id='word_1_566' title='bbox 3189 1215 3334 1261; x_wconf 90' lang='lat' dir='ltr'><strong>reatu</strong></span> <span class='ocrx_word' id='word_1_567' title='bbox 3375 1218 3647 1265; x_wconf 86' lang='lat' dir='ltr'><strong>tantorum</strong></span> 
     </span>
    </p>
   </div>
   <div class='ocr_carea' id='block_1_73' title="bbox 2063 1290 3647 1368">
    <p class='ocr_par' dir='ltr' id='par_1_73' title="bbox 2063 1290 3647 1368">
     <span class='ocr_line' id='line_1_73' title="bbox 2063 1290 3647 1368; baseline 0.006 -24"><span class='ocrx_word' id='word_1_568' title='bbox 2063 1290 2343 1344; x_wconf 83' lang='lat' dir='ltr'><strong>criminum</strong></span> <span class='ocrx_word' id='word_1_569' title='bbox 2374 1290 2731 1347; x_wconf 78' lang='lat' dir='ltr'><strong>absolverent.</strong></span> <span class='ocrx_word' id='word_1_570' title='bbox 2762 1290 2907 1346; x_wconf 82' lang='lat' dir='ltr'><strong>Beati</strong></span> <span class='ocrx_word' id='word_1_571' title='bbox 2942 1295 3085 1357; x_wconf 85' lang='lat' dir='ltr'><strong>enim</strong></span> <span class='ocrx_word' id='word_1_572' title='bbox 3116 1298 3491 1365; x_wconf 75' lang='lat' dir='ltr'><strong>misericordes,</strong></span> <span class='ocrx_word' id='word_1_573' title='bbox 3513 1317 3647 1368; x_wconf 79' lang='lat' dir='ltr'><strong>quo-</strong></span> 
     </span>
    </p>
   </div>
   <div class='ocr_carea' id='block_1_74' title="bbox 2065 1379 3652 1458">
    <p class='ocr_par' dir='ltr' id='par_1_74' title="bbox 2065 1379 3652 1458">
     <span class='ocr_line' id='line_1_74' title="bbox 2065 1379 3652 1458; baseline 0.006 -25"><span class='ocrx_word' id='word_1_574' title='bbox 2065 1381 2200 1433; x_wconf 84' lang='lat' dir='ltr'><strong>niam</strong></span> <span class='ocrx_word' id='word_1_575' title='bbox 2223 1379 2347 1447; x_wconf 79' lang='lat' dir='ltr'><strong>ipsis</strong></span> <span class='ocrx_word' id='word_1_576' title='bbox 2370 1379 2710 1435; x_wconf 82' lang='lat' dir='ltr'><strong>misericordia</strong></span> <span class='ocrx_word' id='word_1_577' title='bbox 2736 1382 3052 1450; x_wconf 72' lang='lat' dir='ltr'><strong>prcestnbitur</strong></span> <span class='ocrx_word' id='word_1_578' title='bbox 3070 1384 3089 1450; x_wconf 92' lang='lat'><strong>(</strong></span> <span class='ocrx_word' id='word_1_579' title='bbox 3100 1382 3282 1442; x_wconf 76' lang='lat' dir='ltr'><strong>.ilatth.</strong></span> <span class='ocrx_word' id='word_1_580' title='bbox 3307 1402 3358 1447; x_wconf 77' lang='grc' dir='ltr'><strong>ν.</strong></span> <span class='ocrx_word' id='word_1_581' title='bbox 3391 1387 3467 1458; x_wconf 83' lang='grc'><strong>7).</strong></span> <span class='ocrx_word' id='word_1_582' title='bbox 3487 1388 3652 1443; x_wconf 71' lang='lat' dir='ltr'><strong>Modo</strong></span> 
     </span>
    </p>
   </div>
   <div class='ocr_carea' id='block_1_75' title="bbox 2065 1469 3649 1545">
    <p class='ocr_par' dir='ltr' id='par_1_75' title="bbox 2065 1469 3649 1545">
     <span class='ocr_line' id='line_1_75' title="bbox 2065 1469 3649 1545; baseline 0.008 -25"><span class='ocrx_word' id='word_1_583' title='bbox 2065 1477 2240 1523; x_wconf 85' lang='lat' dir='ltr'><strong>autem</strong></span> <span class='ocrx_word' id='word_1_584' title='bbox 2261 1469 2326 1523; x_wconf 80' lang='lat' dir='ltr'><strong>ite</strong></span> <span class='ocrx_word' id='word_1_585' title='bbox 2343 1470 2396 1522; x_wconf 86' lang='lat' dir='ltr'><strong>in</strong></span> <span class='ocrx_word' id='word_1_586' title='bbox 2414 1470 2581 1541; x_wconf 77' lang='lat' dir='ltr'><strong>ignem</strong></span> <span class='ocrx_word' id='word_1_587' title='bbox 2601 1480 2858 1525; x_wconf 63' lang='lat' dir='ltr'><strong>uernum.</strong></span> <span class='ocrx_word' id='word_1_588' title='bbox 2876 1471 3133 1528; x_wconf 74' lang='lat' dir='ltr'><strong>Iudicium</strong></span> <span class='ocrx_word' id='word_1_589' title='bbox 3152 1476 3260 1529; x_wconf 83' lang='lat' dir='ltr'><strong>sine</strong></span> <span class='ocrx_word' id='word_1_590' title='bbox 3279 1476 3649 1545; x_wconf 75' lang='lat' dir='ltr'><strong>misericordia,</strong></span> 
     </span>
    </p>
   </div>
   <div class='ocr_carea' id='block_1_76' title="bbox 2068 1560 3335 1638">
    <p class='ocr_par' dir='ltr' id='par_1_76' title="bbox 2068 1560 3335 1638">
     <span class='ocr_line' id='line_1_76' title="bbox 2068 1560 3335 1638; baseline 0.006 -25"><span class='ocrx_word' id='word_1_591' title='bbox 2068 1560 2112 1613; x_wconf 72' lang='lat' dir='ltr'><strong>si</strong></span> <span class='ocrx_word' id='word_1_592' title='bbox 2135 1560 2220 1629; x_wconf 84' lang='lat' dir='ltr'><strong>qui</strong></span> <span class='ocrx_word' id='word_1_593' title='bbox 2249 1577 2348 1613; x_wconf 90' lang='lat' dir='ltr'><strong>non</strong></span> <span class='ocrx_word' id='word_1_594' title='bbox 2373 1561 2491 1631; x_wconf 80' lang='lat' dir='ltr'><strong>fecit</strong></span> <span class='ocrx_word' id='word_1_595' title='bbox 2515 1561 2911 1616; x_wconf 71' lang='lat' dir='ltr'><strong>misericordiam</strong></span> <span class='ocrx_word' id='word_1_596' title='bbox 2932 1562 3134 1636; x_wconf 80' lang='lat' dir='ltr'><strong>(Jacobi</strong></span> <span class='ocrx_word' id='word_1_597' title='bbox 3158 1578 3212 1631; x_wconf 87' lang='lat' dir='ltr'><strong>tt,</strong></span> <span class='ocrx_word' id='word_1_598' title='bbox 3249 1566 3335 1638; x_wconf 75' lang='grc'><strong>15)</strong></span> 
     </span>
    </p>
   </div>
   <div class='ocr_carea' id='block_1_77' title="bbox 2139 1652 3647 1737">
    <p class='ocr_par' dir='ltr' id='par_1_77' title="bbox 2139 1652 3647 1737">
     <span class='ocr_line' id='line_1_77' title="bbox 2139 1652 3647 1737; baseline 0.005 -30"><span class='ocrx_word' id='word_1_599' title='bbox 2139 1652 2364 1709; x_wconf 58' lang='lat' dir='ltr'><strong>CAPUT</strong></span> <span class='ocrx_word' id='word_1_600' title='bbox 2404 1653 2492 1708; x_wconf 81' lang='lat' dir='ltr'><strong>XI.</strong></span> <span class='ocrx_word' id='word_1_601' title='bbox 2517 1683 2586 1694; x_wconf 91' lang='lat'><strong>-—</strong></span> <span class='ocrx_word' id='word_1_602' title='bbox 2612 1655 2696 1710; x_wconf 77' lang='lat' dir='ltr'><strong>li.</strong></span> <span class='ocrx_word' id='word_1_603' title='bbox 2739 1653 2873 1711; x_wconf 81' lang='lat' dir='ltr'><strong>Deus</strong></span> <span class='ocrx_word' id='word_1_604' title='bbox 2897 1671 3039 1728; x_wconf 80' lang='lat' dir='ltr'><strong>egere</strong></span> <span class='ocrx_word' id='word_1_605' title='bbox 3060 1658 3213 1712; x_wconf 73' lang='lat' dir='ltr'><strong>voluit</strong></span> <span class='ocrx_word' id='word_1_606' title='bbox 3239 1658 3293 1712; x_wconf 82' lang='lat' dir='ltr'><strong>in</strong></span> <span class='ocrx_word' id='word_1_607' title='bbox 3319 1663 3647 1737; x_wconf 70' lang='lat' dir='ltr'><strong>pauperibus.</strong></span> 
     </span>
    </p>
   </div>
   <div class='ocr_carea' id='block_1_78' title="bbox 2068 1746 3654 1824">
    <p class='ocr_par' dir='ltr' id='par_1_78' title="bbox 2068 1746 3654 1824">
     <span class='ocr_line' id='line_1_78' title="bbox 2068 1746 3654 1824; baseline 0.004 -22"><span class='ocrx_word' id='word_1_608' title='bbox 2068 1746 2559 1803; x_wconf 85' lang='lat' dir='ltr'><strong>Commendavcrim</strong></span> <span class='ocrx_word' id='word_1_609' title='bbox 2628 1749 2818 1818; x_wconf 62' lang='lat' dir='ltr'><strong>vobis,</strong></span> <span class='ocrx_word' id='word_1_610' title='bbox 2861 1747 3049 1807; x_wconf 81' lang='lat' dir='ltr'><strong>fratres</strong></span> <span class='ocrx_word' id='word_1_611' title='bbox 3097 1751 3198 1815; x_wconf 85' lang='lat' dir='ltr'><strong>mei</strong></span> <span class='ocrx_word' id='word_1_612' title='bbox 3227 1768 3242 1804; x_wconf 88' lang='lat'><strong>:</strong></span> <span class='ocrx_word' id='word_1_613' title='bbox 3273 1751 3394 1811; x_wconf 85' lang='lat' dir='ltr'><strong>date</strong></span> <span class='ocrx_word' id='word_1_614' title='bbox 3456 1769 3654 1824; x_wconf 78' lang='lat' dir='ltr'><strong>pauens</strong></span> 
     </span>
    </p>
   </div>
   <div class='ocr_carea' id='block_1_79' title="bbox 2071 1841 3659 1920">
    <p class='ocr_par' dir='ltr' id='par_1_79' title="bbox 2071 1841 3659 1920">
     <span class='ocr_line' id='line_1_79' title="bbox 2071 1841 3659 1920; baseline 0.006 -26"><span class='ocrx_word' id='word_1_615' title='bbox 2071 1849 2359 1903; x_wconf 87' lang='lat' dir='ltr'><strong>terrenum,</strong></span> <span class='ocrx_word' id='word_1_616' title='bbox 2387 1849 2440 1896; x_wconf 87' lang='lat' dir='ltr'><strong>et</strong></span> <span class='ocrx_word' id='word_1_617' title='bbox 2460 1842 2665 1920; x_wconf 75' lang='lat' dir='ltr'><strong>pulsate</strong></span> <span class='ocrx_word' id='word_1_618' title='bbox 2684 1841 2751 1896; x_wconf 89' lang='lat' dir='ltr'><strong>ad</strong></span> <span class='ocrx_word' id='word_1_619' title='bbox 2776 1843 3065 1901; x_wconf 71' lang='lat' dir='ltr'><strong>caelestem.</strong></span> <span class='ocrx_word' id='word_1_620' title='bbox 3092 1843 3346 1901; x_wconf 84' lang='lat' dir='ltr'><strong>Dominus</strong></span> <span class='ocrx_word' id='word_1_621' title='bbox 3367 1849 3604 1915; x_wconf 80' lang='lat' dir='ltr'><strong>pauisest</strong></span> <span class='ocrx_word' id='word_1_622' title='bbox 3631 1867 3659 1904; x_wconf 85' lang='lat'><strong>:</strong></span> 
     </span>
    </p>
   </div>
   <div class='ocr_carea' id='block_1_80' title="bbox 2074 1929 3658 2013">
    <p class='ocr_par' dir='ltr' id='par_1_80' title="bbox 2074 1929 3658 2013">
     <span class='ocr_line' id='line_1_80' title="bbox 2074 1929 3658 2013; baseline 0.003 -29"><span class='ocrx_word' id='word_1_623' title='bbox 2074 1929 2182 2000; x_wconf 79' lang='lat' dir='ltr'><strong>Ego</strong></span> <span class='ocrx_word' id='word_1_624' title='bbox 2207 1947 2319 1985; x_wconf 86' lang='lat' dir='ltr'><strong>sum</strong></span> <span class='ocrx_word' id='word_1_625' title='bbox 2343 1932 2510 2001; x_wconf 78' lang='lat' dir='ltr'><strong>panis,</strong></span> <span class='ocrx_word' id='word_1_626' title='bbox 2551 1931 2739 2002; x_wconf 81' lang='lat' dir='ltr'><strong>inquit,</strong></span> <span class='ocrx_word' id='word_1_627' title='bbox 2770 1934 2886 1987; x_wconf 72' lang='lat' dir='ltr'><strong>vita</strong></span> <span class='ocrx_word' id='word_1_628' title='bbox 2919 1930 3091 2005; x_wconf 73' lang='lat' dir='ltr'><strong>(latin.</strong></span> <span class='ocrx_word' id='word_1_629' title='bbox 3119 1950 3201 1999; x_wconf 82' lang='lat' dir='ltr'><strong>vi,</strong></span> <span class='ocrx_word' id='word_1_630' title='bbox 3226 1935 3338 2006; x_wconf 79' lang='lat'><strong>35).</strong></span> <span class='ocrx_word' id='word_1_631' title='bbox 3368 1936 3658 2013; x_wconf 77' lang='lat' dir='ltr'><strong>Quomodo</strong></span> 
     </span>
    </p>
   </div>
   <div class='ocr_carea' id='block_1_81' title="bbox 2069 2022 3659 2102">
    <p class='ocr_par' dir='ltr' id='par_1_81' title="bbox 2069 2022 3659 2102">
     <span class='ocr_line' id='line_1_81' title="bbox 2069 2022 3659 2102; baseline 0.006 -25"><span class='ocrx_word' id='word_1_632' title='bbox 2069 2022 2217 2077; x_wconf 86' lang='lat' dir='ltr'><strong>dahit</strong></span> <span class='ocrx_word' id='word_1_633' title='bbox 2241 2022 2355 2089; x_wconf 82' lang='lat' dir='ltr'><strong>tibi,</strong></span> <span class='ocrx_word' id='word_1_634' title='bbox 2384 2023 2470 2093; x_wconf 91' lang='lat' dir='ltr'><strong>qui</strong></span> <span class='ocrx_word' id='word_1_635' title='bbox 2499 2038 2604 2078; x_wconf 88' lang='lat' dir='ltr'><strong>non</strong></span> <span class='ocrx_word' id='word_1_636' title='bbox 2632 2022 2731 2079; x_wconf 85' lang='lat' dir='ltr'><strong>das</strong></span> <span class='ocrx_word' id='word_1_637' title='bbox 2756 2025 2932 2098; x_wconf 78' lang='lat' dir='ltr'><strong>egenti</strong></span> <span class='ocrx_word' id='word_1_638' title='bbox 2957 2024 2988 2078; x_wconf 84' lang='lat'><strong>?</strong></span> <span class='ocrx_word' id='word_1_639' title='bbox 3011 2025 3141 2099; x_wconf 79' lang='lat' dir='ltr'><strong>Eget</strong></span> <span class='ocrx_word' id='word_1_640' title='bbox 3163 2026 3229 2081; x_wconf 87' lang='lat' dir='ltr'><strong>ad</strong></span> <span class='ocrx_word' id='word_1_641' title='bbox 3261 2038 3312 2083; x_wconf 87' lang='lat' dir='ltr'><strong>te</strong></span> <span class='ocrx_word' id='word_1_642' title='bbox 3336 2028 3488 2096; x_wconf 80' lang='lat' dir='ltr'><strong>alter,</strong></span> <span class='ocrx_word' id='word_1_643' title='bbox 3521 2047 3659 2102; x_wconf 77' lang='lat' dir='ltr'><strong>eges</strong></span> 
     </span>
    </p>
   </div>
   <div class='ocr_carea' id='block_1_82' title="bbox 2069 2113 3660 2192">
    <p class='ocr_par' dir='ltr' id='par_1_82' title="bbox 2069 2113 3660 2192">
     <span class='ocr_line' id='line_1_82' title="bbox 2069 2113 3660 2192; baseline 0.008 -26"><span class='ocrx_word' id='word_1_644' title='bbox 2069 2113 2137 2167; x_wconf 85' lang='lat' dir='ltr'><strong>ad</strong></span> <span class='ocrx_word' id='word_1_645' title='bbox 2158 2114 2381 2170; x_wconf 87' lang='lat' dir='ltr'><strong>alterum</strong></span> <span class='ocrx_word' id='word_1_646' title='bbox 2412 2132 2425 2169; x_wconf 89' lang='lat'><strong>:</strong></span> <span class='ocrx_word' id='word_1_647' title='bbox 2457 2124 2511 2170; x_wconf 89' lang='lat' dir='ltr'><strong>et</strong></span> <span class='ocrx_word' id='word_1_648' title='bbox 2552 2130 2673 2170; x_wconf 90' lang='lat' dir='ltr'><strong>cum</strong></span> <span class='ocrx_word' id='word_1_649' title='bbox 2720 2131 2845 2187; x_wconf 79' lang='lat' dir='ltr'><strong>eges</strong></span> <span class='ocrx_word' id='word_1_650' title='bbox 2890 2116 2954 2170; x_wconf 85' lang='lat' dir='ltr'><strong>ad</strong></span> <span class='ocrx_word' id='word_1_651' title='bbox 3004 2118 3226 2174; x_wconf 85' lang='lat' dir='ltr'><strong>alterum</strong></span> <span class='ocrx_word' id='word_1_652' title='bbox 3273 2129 3326 2179; x_wconf 84' lang='lat' dir='ltr'><strong>et</strong></span> <span class='ocrx_word' id='word_1_653' title='bbox 3360 2131 3479 2192; x_wconf 87' lang='lat' dir='ltr'><strong>eget</strong></span> <span class='ocrx_word' id='word_1_654' title='bbox 3504 2121 3573 2177; x_wconf 82' lang='lat' dir='ltr'><strong>ad</strong></span> <span class='ocrx_word' id='word_1_655' title='bbox 3596 2131 3660 2178; x_wconf 72' lang='lat' dir='ltr'><strong>te</strong></span> 
     </span>
    </p>
   </div>
   <div class='ocr_carea' id='block_1_83' title="bbox 2073 2205 3659 2286">
    <p class='ocr_par' dir='ltr' id='par_1_83' title="bbox 2073 2205 3659 2286">
     <span class='ocr_line' id='line_1_83' title="bbox 2073 2205 3659 2286; baseline 0.009 -29"><span class='ocrx_word' id='word_1_656' title='bbox 2073 2205 2226 2265; x_wconf 77' lang='lat' dir='ltr'><strong>alter.</strong></span> <span class='ocrx_word' id='word_1_657' title='bbox 2260 2205 2345 2260; x_wconf 89' lang='lat' dir='ltr'><strong>ille</strong></span> <span class='ocrx_word' id='word_1_658' title='bbox 2373 2206 2438 2260; x_wconf 89' lang='lat' dir='ltr'><strong>ad</strong></span> <span class='ocrx_word' id='word_1_659' title='bbox 2475 2215 2717 2277; x_wconf 81' lang='lat' dir='ltr'><strong>egentem</strong></span> <span class='ocrx_word' id='word_1_660' title='bbox 2766 2216 2903 2279; x_wconf 84' lang='lat' dir='ltr'><strong>eget.</strong></span> <span class='ocrx_word' id='word_1_661' title='bbox 2960 2207 3088 2264; x_wconf 82' lang='lat' dir='ltr'><strong>Nam</strong></span> <span class='ocrx_word' id='word_1_662' title='bbox 3115 2209 3182 2266; x_wconf 85' lang='lat' dir='ltr'><strong>ad</strong></span> <span class='ocrx_word' id='word_1_663' title='bbox 3228 2227 3383 2283; x_wconf 88' lang='lat' dir='ltr'><strong>quem</strong></span> <span class='ocrx_word' id='word_1_664' title='bbox 3421 2222 3476 2268; x_wconf 90' lang='lat' dir='ltr'><strong>tu</strong></span> <span class='ocrx_word' id='word_1_665' title='bbox 3500 2230 3659 2286; x_wconf 77' lang='lat' dir='ltr'><strong>eges,</strong></span> 
     </span>
    </p>
   </div>
   <div class='ocr_carea' id='block_1_84' title="bbox 2074 2296 3655 2377">
    <p class='ocr_par' dir='ltr' id='par_1_84' title="bbox 2074 2296 3655 2377">
     <span class='ocr_line' id='line_1_84' title="bbox 2074 2296 3655 2377; baseline 0.007 -28"><span class='ocrx_word' id='word_1_666' title='bbox 2074 2297 2266 2350; x_wconf 85' lang='lat' dir='ltr'><strong>nullius</strong></span> <span class='ocrx_word' id='word_1_667' title='bbox 2309 2306 2444 2367; x_wconf 88' lang='lat' dir='ltr'><strong>eget.</strong></span> <span class='ocrx_word' id='word_1_668' title='bbox 2488 2296 2594 2353; x_wconf 84' lang='lat' dir='ltr'><strong>Fac</strong></span> <span class='ocrx_word' id='word_1_669' title='bbox 2620 2299 2760 2368; x_wconf 88' lang='lat' dir='ltr'><strong>quod</strong></span> <span class='ocrx_word' id='word_1_670' title='bbox 2790 2300 2929 2355; x_wconf 87' lang='lat' dir='ltr'><strong>circa</strong></span> <span class='ocrx_word' id='word_1_671' title='bbox 2958 2308 3007 2355; x_wconf 85' lang='lat' dir='ltr'><strong>te</strong></span> <span class='ocrx_word' id='word_1_672' title='bbox 3037 2300 3143 2356; x_wconf 81' lang='lat' dir='ltr'><strong>ﬂat.</strong></span> <span class='ocrx_word' id='word_1_673' title='bbox 3175 2301 3289 2357; x_wconf 85' lang='lat' dir='ltr'><strong>Non</strong></span> <span class='ocrx_word' id='word_1_674' title='bbox 3333 2305 3475 2359; x_wconf 87' lang='lat' dir='ltr'><strong>enim</strong></span> <span class='ocrx_word' id='word_1_675' title='bbox 3512 2321 3655 2377; x_wconf 85' lang='lat' dir='ltr'><strong>quo-</strong></span> 
     </span>
    </p>
   </div>
   <div class='ocr_carea' id='block_1_85' title="bbox 2075 2388 3659 2464">
    <p class='ocr_par' dir='ltr' id='par_1_85' title="bbox 2075 2388 3659 2464">
     <span class='ocr_line' id='line_1_85' title="bbox 2075 2388 3659 2464; baseline 0.007 -23"><span class='ocrx_word' id='word_1_676' title='bbox 2075 2388 2232 2443; x_wconf 86' lang='lat' dir='ltr'><strong>modo</strong></span> <span class='ocrx_word' id='word_1_677' title='bbox 2253 2389 2390 2443; x_wconf 88' lang='lat' dir='ltr'><strong>inter</strong></span> <span class='ocrx_word' id='word_1_678' title='bbox 2409 2403 2469 2445; x_wconf 85' lang='lat' dir='ltr'><strong>se</strong></span> <span class='ocrx_word' id='word_1_679' title='bbox 2491 2390 2663 2445; x_wconf 85' lang='lat' dir='ltr'><strong>solent</strong></span> <span class='ocrx_word' id='word_1_680' title='bbox 2683 2391 3042 2462; x_wconf 88' lang='lat' dir='ltr'><strong>improperare</strong></span> <span class='ocrx_word' id='word_1_681' title='bbox 3061 2392 3289 2464; x_wconf 81' lang='lat' dir='ltr'><strong>quodam</strong></span> <span class='ocrx_word' id='word_1_682' title='bbox 3308 2396 3465 2451; x_wconf 87' lang='lat' dir='ltr'><strong>modo</strong></span> <span class='ocrx_word' id='word_1_683' title='bbox 3488 2397 3659 2452; x_wconf 82' lang='lat' dir='ltr'><strong>benc-</strong></span> 
     </span>
    </p>
   </div>
   <div class='ocr_carea' id='block_1_86' title="bbox 2078 2478 3658 2552">
    <p class='ocr_par' dir='ltr' id='par_1_86' title="bbox 2078 2478 3658 2552">
     <span class='ocr_line' id='line_1_86' title="bbox 2078 2478 3658 2552; baseline 0.007 -21"><span class='ocrx_word' id='word_1_684' title='bbox 2078 2479 2193 2533; x_wconf 88' lang='lat' dir='ltr'><strong>ticia</strong></span> <span class='ocrx_word' id='word_1_685' title='bbox 2222 2478 2376 2533; x_wconf 85' lang='lat' dir='ltr'><strong>amici</strong></span> <span class='ocrx_word' id='word_1_686' title='bbox 2409 2495 2423 2530; x_wconf 85' lang='lat'><strong>:</strong></span> <span class='ocrx_word' id='word_1_687' title='bbox 2453 2478 2564 2550; x_wconf 81' lang='lat' dir='ltr'><strong>Ego</strong></span> <span class='ocrx_word' id='word_1_688' title='bbox 2593 2478 2684 2534; x_wconf 86' lang='lat' dir='ltr'><strong>tibi</strong></span> <span class='ocrx_word' id='word_1_689' title='bbox 2721 2482 2938 2550; x_wconf 64' lang='lat' dir='ltr'><strong>praestiti</strong></span> <span class='ocrx_word' id='word_1_690' title='bbox 2990 2481 3126 2545; x_wconf 88' lang='lat' dir='ltr'><strong>hoc;</strong></span> <span class='ocrx_word' id='word_1_691' title='bbox 3182 2485 3550 2552; x_wconf 86' lang='lat' dir='ltr'><strong>respondetur,</strong></span> <span class='ocrx_word' id='word_1_692' title='bbox 3582 2486 3658 2542; x_wconf 82' lang='lat' dir='ltr'><strong>Et</strong></span> 
     </span>
    </p>
   </div>
   <div class='ocr_carea' id='block_1_87' title="bbox 2073 2569 3654 2657">
    <p class='ocr_par' dir='ltr' id='par_1_87' title="bbox 2073 2569 3654 2657">
     <span class='ocr_line' id='line_1_87' title="bbox 2073 2569 3654 2657; baseline 0.006 -34"><span class='ocrx_word' id='word_1_693' title='bbox 2073 2581 2173 2639; x_wconf 76' lang='lat' dir='ltr'><strong>ego</strong></span> <span class='ocrx_word' id='word_1_694' title='bbox 2196 2569 2289 2622; x_wconf 87' lang='lat' dir='ltr'><strong>tibi</strong></span> <span class='ocrx_word' id='word_1_695' title='bbox 2315 2569 2449 2624; x_wconf 88' lang='lat' dir='ltr'><strong>hoc:</strong></span> <span class='ocrx_word' id='word_1_696' title='bbox 2478 2570 2588 2625; x_wconf 80' lang='lat' dir='ltr'><strong>vult</strong></span> <span class='ocrx_word' id='word_1_697' title='bbox 2616 2580 2670 2623; x_wconf 88' lang='lat' dir='ltr'><strong>ut</strong></span> <span class='ocrx_word' id='word_1_698' title='bbox 2704 2578 3018 2642; x_wconf 69' lang='lat' dir='ltr'><strong>prcestemus</strong></span> <span class='ocrx_word' id='word_1_699' title='bbox 3042 2573 3111 2639; x_wconf 86' lang='lat' dir='ltr'><strong>ei,</strong></span> <span class='ocrx_word' id='word_1_700' title='bbox 3141 2573 3261 2644; x_wconf 84' lang='lat' dir='ltr'><strong>quia</strong></span> <span class='ocrx_word' id='word_1_701' title='bbox 3291 2582 3346 2630; x_wconf 90' lang='lat' dir='ltr'><strong>et</strong></span> <span class='ocrx_word' id='word_1_702' title='bbox 3372 2574 3485 2657; x_wconf 87' lang='lat' dir='ltr'><strong>ipse</strong></span> <span class='ocrx_word' id='word_1_703' title='bbox 3510 2592 3654 2647; x_wconf 70' lang='lat' dir='ltr'><strong>pne-</strong></span> 
     </span>
    </p>
   </div>
   <div class='ocr_carea' id='block_1_88' title="bbox 2075 2660 3653 2736">
    <p class='ocr_par' dir='ltr' id='par_1_88' title="bbox 2075 2660 3653 2736">
     <span class='ocr_line' id='line_1_88' title="bbox 2075 2660 3653 2736; baseline 0.004 -20"><span class='ocrx_word' id='word_1_704' title='bbox 2075 2661 2208 2716; x_wconf 84' lang='lat' dir='ltr'><strong>stitit</strong></span> <span class='ocrx_word' id='word_1_705' title='bbox 2249 2660 2418 2715; x_wconf 90' lang='lat' dir='ltr'><strong>nobis.</strong></span> <span class='ocrx_word' id='word_1_706' title='bbox 2446 2661 2649 2717; x_wconf 81' lang='lat' dir='ltr'><strong>Nullius</strong></span> <span class='ocrx_word' id='word_1_707' title='bbox 2677 2662 2895 2736; x_wconf 76' lang='lat' dir='ltr'><strong>indiget,</strong></span> <span class='ocrx_word' id='word_1_708' title='bbox 2928 2663 3048 2720; x_wconf 88' lang='lat' dir='ltr'><strong>ideo</strong></span> <span class='ocrx_word' id='word_1_709' title='bbox 3078 2680 3234 2721; x_wconf 84' lang='lat' dir='ltr'><strong>verus</strong></span> <span class='ocrx_word' id='word_1_710' title='bbox 3262 2677 3344 2722; x_wconf 88' lang='lat' dir='ltr'><strong>est</strong></span> <span class='ocrx_word' id='word_1_711' title='bbox 3373 2667 3653 2724; x_wconf 82' lang='lat' dir='ltr'><strong>Dominus.</strong></span> 
     </span>
    </p>
   </div>
   <div class='ocr_carea' id='block_1_89' title="bbox 2076 2750 3654 2827">
    <p class='ocr_par' dir='ltr' id='par_1_89' title="bbox 2076 2750 3654 2827">
     <span class='ocr_line' id='line_1_89' title="bbox 2076 2750 3654 2827; baseline 0.007 -23"><span class='ocrx_word' id='word_1_712' title='bbox 2076 2750 2196 2806; x_wconf 75' lang='lat' dir='ltr'><strong>Dixi</strong></span> <span class='ocrx_word' id='word_1_713' title='bbox 2217 2751 2431 2807; x_wconf 85' lang='lat' dir='ltr'><strong>Domino</strong></span> <span class='ocrx_word' id='word_1_714' title='bbox 2457 2770 2477 2807; x_wconf 92' lang='lat'><strong><em>:</em></strong></span> <span class='ocrx_word' id='word_1_715' title='bbox 2505 2752 2642 2808; x_wconf 82' lang='lat' dir='ltr'><strong>Deus</strong></span> <span class='ocrx_word' id='word_1_716' title='bbox 2664 2770 2803 2809; x_wconf 85' lang='lat' dir='ltr'><strong>meus</strong></span> <span class='ocrx_word' id='word_1_717' title='bbox 2825 2771 2877 2810; x_wconf 78' lang='lat' dir='ltr'><strong>es</strong></span> <span class='ocrx_word' id='word_1_718' title='bbox 2894 2764 2966 2821; x_wconf 79' lang='lat' dir='ltr'><strong>tu,</strong></span> <span class='ocrx_word' id='word_1_719' title='bbox 2994 2757 3228 2827; x_wconf 85' lang='lat' dir='ltr'><strong>quoniam</strong></span> <span class='ocrx_word' id='word_1_720' title='bbox 3252 2757 3492 2814; x_wconf 87' lang='lat' dir='ltr'><strong>bonorum</strong></span> <span class='ocrx_word' id='word_1_721' title='bbox 3514 2778 3654 2816; x_wconf 79' lang='lat' dir='ltr'><strong>meo-</strong></span> 
     </span>
    </p>
   </div>
   <div class='ocr_carea' id='block_1_90' title="bbox 2071 2844 3654 2919">
    <p class='ocr_par' dir='ltr' id='par_1_90' title="bbox 2071 2844 3654 2919">
     <span class='ocr_line' id='line_1_90' title="bbox 2071 2844 3654 2919; baseline 0.008 -22"><span class='ocrx_word' id='word_1_722' title='bbox 2071 2860 2184 2898; x_wconf 76' lang='lat' dir='ltr'><strong>rum</strong></span> <span class='ocrx_word' id='word_1_723' title='bbox 2214 2861 2313 2899; x_wconf 87' lang='lat' dir='ltr'><strong>non</strong></span> <span class='ocrx_word' id='word_1_724' title='bbox 2339 2861 2449 2916; x_wconf 61' lang='grc' dir='ltr'><strong>εστι</strong></span> <span class='ocrx_word' id='word_1_725' title='bbox 2470 2844 2638 2917; x_wconf 82' lang='lat' dir='ltr'><strong>(Psal.</strong></span> <span class='ocrx_word' id='word_1_726' title='bbox 2667 2862 2758 2910; x_wconf 83' lang='lat' dir='ltr'><strong>xv,</strong></span> <span class='ocrx_word' id='word_1_727' title='bbox 2782 2845 2861 2917; x_wconf 63' lang='grc' dir='ltr'><strong>ἓν).</strong></span> <span class='ocrx_word' id='word_1_728' title='bbox 2909 2846 3042 2915; x_wconf 81' lang='lat' dir='ltr'><strong>Cum</strong></span> <span class='ocrx_word' id='word_1_729' title='bbox 3067 2864 3193 2919; x_wconf 86' lang='lat' dir='ltr'><strong>ergo</strong></span> <span class='ocrx_word' id='word_1_730' title='bbox 3222 2850 3291 2905; x_wconf 90' lang='lat' dir='ltr'><strong>sit</strong></span> <span class='ocrx_word' id='word_1_731' title='bbox 3317 2851 3567 2906; x_wconf 82' lang='lat' dir='ltr'><strong>Dominus</strong></span> <span class='ocrx_word' id='word_1_732' title='bbox 3597 2864 3654 2909; x_wconf 85' lang='lat' dir='ltr'><strong>et</strong></span> 
     </span>
    </p>
   </div>
   <div class='ocr_carea' id='block_1_91' title="bbox 2075 2935 3653 3012">
    <p class='ocr_par' dir='ltr' id='par_1_91' title="bbox 2075 2935 3653 3012">
     <span class='ocr_line' id='line_1_91' title="bbox 2075 2935 3653 3012; baseline 0.006 -25"><span class='ocrx_word' id='word_1_733' title='bbox 2075 2949 2232 2989; x_wconf 80' lang='lat' dir='ltr'><strong>verus</strong></span> <span class='ocrx_word' id='word_1_734' title='bbox 2281 2935 2552 3002; x_wconf 88' lang='lat' dir='ltr'><strong>Dominus,</strong></span> <span class='ocrx_word' id='word_1_735' title='bbox 2599 2944 2652 2990; x_wconf 86' lang='lat' dir='ltr'><strong>et</strong></span> <span class='ocrx_word' id='word_1_736' title='bbox 2680 2936 2938 2992; x_wconf 87' lang='lat' dir='ltr'><strong>bonorum</strong></span> <span class='ocrx_word' id='word_1_737' title='bbox 2985 2949 3289 3007; x_wconf 22' lang='lat' dir='ltr'><strong>nostrorum,</strong></span> <span class='ocrx_word' id='word_1_738' title='bbox 3315 2954 3421 2995; x_wconf 88' lang='lat' dir='ltr'><strong>non</strong></span> <span class='ocrx_word' id='word_1_739' title='bbox 3460 2954 3653 3012; x_wconf 83' lang='lat' dir='ltr'><strong>egeat;</strong></span> 
     </span>
    </p>
   </div>
   <div class='ocr_carea' id='block_1_92' title="bbox 2074 3027 3654 3099">
    <p class='ocr_par' dir='ltr' id='par_1_92' title="bbox 2074 3027 3654 3099">
     <span class='ocr_line' id='line_1_92' title="bbox 2074 3027 3654 3099; baseline 0.007 -19"><span class='ocrx_word' id='word_1_740' title='bbox 2074 3035 2255 3082; x_wconf 85' lang='lat' dir='ltr'><strong>tamen</strong></span> <span class='ocrx_word' id='word_1_741' title='bbox 2279 3036 2335 3081; x_wconf 85' lang='lat' dir='ltr'><strong>ut</strong></span> <span class='ocrx_word' id='word_1_742' title='bbox 2359 3027 2553 3099; x_wconf 76' lang='lat' dir='ltr'><strong>aliquid</strong></span> <span class='ocrx_word' id='word_1_743' title='bbox 2580 3029 2738 3083; x_wconf 88' lang='lat' dir='ltr'><strong>etiam</strong></span> <span class='ocrx_word' id='word_1_744' title='bbox 2768 3046 2888 3099; x_wconf 77' lang='lat' dir='ltr'><strong>erga</strong></span> <span class='ocrx_word' id='word_1_745' title='bbox 2918 3030 3063 3086; x_wconf 82' lang='lat' dir='ltr'><strong>ilium</strong></span> <span class='ocrx_word' id='word_1_746' title='bbox 3099 3031 3409 3099; x_wconf 80' lang='lat' dir='ltr'><strong>faceremus,</strong></span> <span class='ocrx_word' id='word_1_747' title='bbox 3444 3036 3654 3091; x_wconf 79' lang='lat' dir='ltr'><strong>esurire</strong></span> 
     </span>
    </p>
   </div>
   <div class='ocr_carea' id='block_1_93' title="bbox 2071 3119 3653 3195">
    <p class='ocr_par' dir='ltr' id='par_1_93' title="bbox 2071 3119 3653 3195">
     <span class='ocr_line' id='line_1_93' title="bbox 2071 3119 3653 3195; baseline 0.006 -23"><span class='ocrx_word' id='word_1_748' title='bbox 2071 3119 2316 3191; x_wconf 85' lang='lat' dir='ltr'><strong>dignatus</strong></span> <span class='ocrx_word' id='word_1_749' title='bbox 2341 3127 2422 3175; x_wconf 87' lang='lat' dir='ltr'><strong>est</strong></span> <span class='ocrx_word' id='word_1_750' title='bbox 2453 3120 2504 3174; x_wconf 91' lang='lat' dir='ltr'><strong>in</strong></span> <span class='ocrx_word' id='word_1_751' title='bbox 2535 3120 2854 3191; x_wconf 87' lang='lat' dir='ltr'><strong>pauperibus</strong></span> <span class='ocrx_word' id='word_1_752' title='bbox 2882 3122 3007 3176; x_wconf 87' lang='lat' dir='ltr'><strong>suis.</strong></span> <span class='ocrx_word' id='word_1_753' title='bbox 3040 3122 3258 3191; x_wconf 75' lang='lat' dir='ltr'><strong>Esuiivi,</strong></span> <span class='ocrx_word' id='word_1_754' title='bbox 3283 3125 3469 3195; x_wconf 79' lang='lat' dir='ltr'><strong>inquit,</strong></span> <span class='ocrx_word' id='word_1_755' title='bbox 3493 3136 3538 3180; x_wconf 83' lang='lat' dir='ltr'><strong>et</strong></span> <span class='ocrx_word' id='word_1_756' title='bbox 3562 3127 3653 3181; x_wconf 79' lang='lat' dir='ltr'><strong>dc-</strong></span> 
     </span>
    </p>
   </div>
   <div class='ocr_carea' id='block_1_94' title="bbox 2070 3196 3655 3285">
    <p class='ocr_par' dir='ltr' id='par_1_94' title="bbox 2070 3196 3655 3285">
     <span class='ocr_line' id='line_1_94' title="bbox 2070 3196 3655 3285; baseline 0.006 -20"><span class='ocrx_word' id='word_1_757' title='bbox 2070 3212 2212 3266; x_wconf 80' lang='lat' dir='ltr'><strong>distis</strong></span> <span class='ocrx_word' id='word_1_758' title='bbox 2240 3213 2364 3266; x_wconf 83' lang='lat' dir='ltr'><strong>mihi</strong></span> <span class='ocrx_word' id='word_1_759' title='bbox 2395 3196 2722 3278; x_wconf 75' lang='lat' dir='ltr'><strong>manducare,</strong></span> <span class='ocrx_word' id='word_1_760' title='bbox 2749 3214 2975 3272; x_wconf 81' lang='lat' dir='ltr'><strong>Domine.</strong></span> <span class='ocrx_word' id='word_1_761' title='bbox 3003 3217 3204 3285; x_wconf 81' lang='lat' dir='ltr'><strong>quando</strong></span> <span class='ocrx_word' id='word_1_762' title='bbox 3232 3226 3279 3271; x_wconf 85' lang='lat' dir='ltr'><strong>te</strong></span> <span class='ocrx_word' id='word_1_763' title='bbox 3300 3219 3513 3274; x_wconf 82' lang='lat' dir='ltr'><strong>vidimus</strong></span> <span class='ocrx_word' id='word_1_764' title='bbox 3536 3238 3655 3275; x_wconf 85' lang='lat' dir='ltr'><strong>esu-</strong></span> 
     </span>
    </p>
   </div>
   <div class='ocr_carea' id='block_1_95' title="bbox 2070 3301 3647 3381">
    <p class='ocr_par' dir='ltr' id='par_1_95' title="bbox 2070 3301 3647 3381">
     <span class='ocr_line' id='line_1_95' title="bbox 2070 3301 3647 3381; baseline 0.008 -27"><span class='ocrx_word' id='word_1_765' title='bbox 2070 3305 2275 3355; x_wconf 85' lang='lat' dir='ltr'><strong>rientem</strong></span> <span class='ocrx_word' id='word_1_766' title='bbox 2295 3304 2322 3357; x_wconf 75' lang='grc' dir='ltr'><em>τ</em></span> <span class='ocrx_word' id='word_1_767' title='bbox 2349 3301 2477 3356; x_wconf 58' lang='lat' dir='ltr'><strong>(iam</strong></span> <span class='ocrx_word' id='word_1_768' title='bbox 2496 3304 2586 3356; x_wconf 83' lang='lat' dir='ltr'><strong>uni</strong></span> <span class='ocrx_word' id='word_1_769' title='bbox 2607 3320 2673 3357; x_wconf 80' lang='lat' dir='ltr'><strong>ea:</strong></span> <span class='ocrx_word' id='word_1_770' title='bbox 2686 3304 2905 3359; x_wconf 85' lang='lat' dir='ltr'><strong>minimis</strong></span> <span class='ocrx_word' id='word_1_771' title='bbox 2930 3307 3049 3361; x_wconf 80' lang='lat' dir='ltr'><strong>meis</strong></span> <span class='ocrx_word' id='word_1_772' title='bbox 3068 3307 3285 3379; x_wconf 54' lang='lat' dir='ltr'><strong>fecistis,</strong></span> <span class='ocrx_word' id='word_1_773' title='bbox 3302 3310 3426 3363; x_wconf 83' lang='lat' dir='ltr'><strong>mihi</strong></span> <span class='ocrx_word' id='word_1_774' title='bbox 3440 3312 3647 3381; x_wconf 74' lang='lat' dir='ltr'><strong>fecistis.</strong></span> 
     </span>
    </p>
   </div>
   <div class='ocr_carea' id='block_1_96' title="bbox 2068 3384 3663 3471">
    <p class='ocr_par' dir='ltr' id='par_1_96' title="bbox 2068 3384 3663 3471">
     <span class='ocr_line' id='line_1_96' title="bbox 2068 3384 3663 3471; baseline 0.006 -24"><span class='ocrx_word' id='word_1_775' title='bbox 2068 3394 2316 3450; x_wconf 68' lang='lat' dir='ltr'><strong>Breviter</strong></span> <span class='ocrx_word' id='word_1_776' title='bbox 2344 3410 2471 3466; x_wconf 85' lang='lat' dir='ltr'><strong>ergo</strong></span> <span class='ocrx_word' id='word_1_777' title='bbox 2493 3395 2710 3451; x_wconf 84' lang='lat' dir='ltr'><strong>audiant</strong></span> <span class='ocrx_word' id='word_1_778' title='bbox 2740 3398 3001 3462; x_wconf 86' lang='lat' dir='ltr'><strong>homines,</strong></span> <span class='ocrx_word' id='word_1_779' title='bbox 3026 3399 3284 3471; x_wconf 81' lang='lat' dir='ltr'><strong>digneque</strong></span> <span class='ocrx_word' id='word_1_780' title='bbox 3311 3384 3663 3458; x_wconf 70' lang='lat' dir='ltr'><strong>considerent</strong></span> 
     </span>
    </p>
   </div>
   <div class='ocr_carea' id='block_1_97' title="bbox 2070 3474 3649 3559">
    <p class='ocr_par' dir='ltr' id='par_1_97' title="bbox 2070 3474 3649 3559">
     <span class='ocr_line' id='line_1_97' title="bbox 2070 3474 3649 3559; baseline 0.008 -24"><span class='ocrx_word' id='word_1_781' title='bbox 2070 3494 2322 3553; x_wconf 87' lang='lat' dir='ltr'><strong>quantum</strong></span> <span class='ocrx_word' id='word_1_782' title='bbox 2338 3474 2689 3551; x_wconf 62' lang='lat' dir='ltr'><strong>sitmcritum,</strong></span> <span class='ocrx_word' id='word_1_783' title='bbox 2711 3484 2978 3543; x_wconf 77' lang='lat' dir='ltr'><strong>Christum</strong></span> <span class='ocrx_word' id='word_1_784' title='bbox 2996 3489 3200 3559; x_wconf 82' lang='lat' dir='ltr'><strong>pavisse</strong></span> <span class='ocrx_word' id='word_1_785' title='bbox 3224 3491 3545 3547; x_wconf 80' lang='lat' dir='ltr'><strong>esurientem</strong></span> <span class='ocrx_word' id='word_1_786' title='bbox 3561 3508 3577 3557; x_wconf 85' lang='lat'><strong>;</strong></span> <span class='ocrx_word' id='word_1_787' title='bbox 3594 3503 3649 3548; x_wconf 86' lang='lat' dir='ltr'><strong>et</strong></span> 
     </span>
    </p>
   </div>
   <div class='ocr_carea' id='block_1_98' title="bbox 2070 3568 3644 3654">
    <p class='ocr_par' dir='ltr' id='par_1_98' title="bbox 2070 3568 3644 3654">
     <span class='ocr_line' id='line_1_98' title="bbox 2070 3568 3644 3654; baseline 0.008 -27"><span class='ocrx_word' id='word_1_788' title='bbox 2070 3575 2226 3647; x_wconf 85' lang='lat' dir='ltr'><strong>quale</strong></span> <span class='ocrx_word' id='word_1_789' title='bbox 2247 3576 2313 3631; x_wconf 90' lang='lat' dir='ltr'><strong>sit</strong></span> <span class='ocrx_word' id='word_1_790' title='bbox 2345 3579 2567 3642; x_wconf 87' lang='lat' dir='ltr'><strong>crimen,</strong></span> <span class='ocrx_word' id='word_1_791' title='bbox 2596 3577 2860 3642; x_wconf 84' lang='lat' dir='ltr'><strong>Christum</strong></span> <span class='ocrx_word' id='word_1_792' title='bbox 2888 3568 3271 3654; x_wconf 80' lang='lat' dir='ltr'><strong>contempsisse</strong></span> <span class='ocrx_word' id='word_1_793' title='bbox 3301 3585 3644 3640; x_wconf 85' lang='lat' dir='ltr'><strong>esurientem.</strong></span> 
     </span>
    </p>
   </div>
   <div class='ocr_carea' id='block_1_99' title="bbox 2143 3666 3645 3746">
    <p class='ocr_par' dir='ltr' id='par_1_99' title="bbox 2143 3666 3645 3746">
     <span class='ocr_line' id='line_1_99' title="bbox 2143 3666 3645 3746; baseline 0.005 -23"><span class='ocrx_word' id='word_1_794' title='bbox 2143 3666 2228 3723; x_wconf 69' lang='lat'><strong>1‘2.</strong></span> <span class='ocrx_word' id='word_1_795' title='bbox 2282 3667 2589 3724; x_wconf 71' lang='lat' dir='ltr'><strong>Paenitcntia</strong></span> <span class='ocrx_word' id='word_1_796' title='bbox 2625 3670 2809 3727; x_wconf 66' lang='lat' dir='ltr'><strong>sterilis</strong></span> <span class='ocrx_word' id='word_1_797' title='bbox 2857 3671 2987 3727; x_wconf 79' lang='lat' dir='ltr'><strong>nihil</strong></span> <span class='ocrx_word' id='word_1_798' title='bbox 3040 3674 3262 3744; x_wconf 77' lang='lat' dir='ltr'><strong>prodest.</strong></span> <span class='ocrx_word' id='word_1_799' title='bbox 3314 3674 3476 3730; x_wconf 82' lang='lat' dir='ltr'><strong>Mutat</strong></span> <span class='ocrx_word' id='word_1_800' title='bbox 3525 3679 3645 3746; x_wconf 87' lang='lat' dir='ltr'><strong>qui-</strong></span> 
     </span>
    </p>
   </div>
   <div class='ocr_carea' id='block_1_100' title="bbox 2069 3759 3644 3835">
    <p class='ocr_par' dir='ltr' id='par_1_100' title="bbox 2069 3759 3644 3835">
     <span class='ocr_line' id='line_1_100' title="bbox 2069 3759 3644 3835; baseline 0.006 -22"><span class='ocrx_word' id='word_1_801' title='bbox 2069 3759 2189 3814; x_wconf 78' lang='lat' dir='ltr'><strong>dam</strong></span> <span class='ocrx_word' id='word_1_802' title='bbox 2217 3759 2461 3815; x_wconf 85' lang='lat' dir='ltr'><strong>homines</strong></span> <span class='ocrx_word' id='word_1_803' title='bbox 2498 3761 2551 3815; x_wconf 92' lang='lat' dir='ltr'><strong>in</strong></span> <span class='ocrx_word' id='word_1_804' title='bbox 2594 3761 2783 3816; x_wconf 81' lang='lat' dir='ltr'><strong>melius</strong></span> <span class='ocrx_word' id='word_1_805' title='bbox 2810 3764 3116 3832; x_wconf 62' lang='lat' dir='ltr'><strong>paenitentia</strong></span> <span class='ocrx_word' id='word_1_806' title='bbox 3143 3776 3480 3835; x_wconf 84' lang='lat' dir='ltr'><strong>peccatorum</strong></span> <span class='ocrx_word' id='word_1_807' title='bbox 3507 3786 3519 3822; x_wconf 93' lang='lat'>:</span> <span class='ocrx_word' id='word_1_808' title='bbox 3548 3769 3644 3822; x_wconf 86' lang='lat' dir='ltr'><strong>sed</strong></span> 
     </span>
    </p>
   </div>
   <div class='ocr_carea' id='block_1_101' title="bbox 2069 3849 3646 3927">
    <p class='ocr_par' dir='ltr' id='par_1_101' title="bbox 2069 3849 3646 3927">
     <span class='ocr_line' id='line_1_101' title="bbox 2069 3849 3646 3927; baseline 0.008 -26"><span class='ocrx_word' id='word_1_809' title='bbox 2069 3864 2170 3905; x_wconf 82' lang='lat' dir='ltr'><strong>nec</strong></span> <span class='ocrx_word' id='word_1_810' title='bbox 2194 3849 2246 3919; x_wconf 91' lang='lat' dir='ltr'><strong>ip</strong></span> <span class='ocrx_word' id='word_1_811' title='bbox 2274 3864 2303 3902; x_wconf 84' lang='lat' dir='ltr'><strong>a</strong></span> <span class='ocrx_word' id='word_1_812' title='bbox 2329 3850 2538 3905; x_wconf 89' lang='lat' dir='ltr'><strong>videtur</strong></span> <span class='ocrx_word' id='word_1_813' title='bbox 2562 3851 2765 3921; x_wconf 86' lang='lat' dir='ltr'><strong>aliquid-</strong></span> <span class='ocrx_word' id='word_1_814' title='bbox 2784 3852 3077 3922; x_wconf 82' lang='lat' dir='ltr'><strong>prol‘utura,</strong></span> <span class='ocrx_word' id='word_1_815' title='bbox 3108 3857 3153 3912; x_wconf 86' lang='lat' dir='ltr'><strong>si</strong></span> <span class='ocrx_word' id='word_1_816' title='bbox 3179 3856 3246 3911; x_wconf 88' lang='lat' dir='ltr'><strong>ab</strong></span> <span class='ocrx_word' id='word_1_817' title='bbox 3272 3859 3520 3927; x_wconf 87' lang='lat' dir='ltr'><strong>operibus</strong></span> <span class='ocrx_word' id='word_1_818' title='bbox 3544 3862 3646 3915; x_wconf 83' lang='lat' dir='ltr'><strong>mi-</strong></span> 
     </span>
    </p>
   </div>
   <div class='ocr_carea' id='block_1_102' title="bbox 2068 3939 3646 4026">
    <p class='ocr_par' dir='ltr' id='par_1_102' title="bbox 2068 3939 3646 4026">
     <span class='ocr_line' id='line_1_102' title="bbox 2068 3939 3646 4026; baseline 0.007 -32"><span class='ocrx_word' id='word_1_819' title='bbox 2068 3939 2370 3994; x_wconf 71' lang='lat' dir='ltr'><strong>sericordim</strong></span> <span class='ocrx_word' id='word_1_820' title='bbox 2397 3941 2592 3995; x_wconf 84' lang='lat' dir='ltr'><strong>sterilis</strong></span> <span class='ocrx_word' id='word_1_821' title='bbox 2630 3940 2806 3997; x_wconf 87' lang='lat' dir='ltr'><strong>luerit.</strong></span> <span class='ocrx_word' id='word_1_822' title='bbox 2851 3943 3099 4001; x_wconf 82' lang='lat' dir='ltr'><strong>Testatur</strong></span> <span class='ocrx_word' id='word_1_823' title='bbox 3145 3945 3245 4002; x_wconf 90' lang='lat' dir='ltr'><strong>hoc</strong></span> <span class='ocrx_word' id='word_1_824' title='bbox 3295 3948 3500 4011; x_wconf 70' lang='lat' dir='ltr'><strong>Veritas</strong></span> <span class='ocrx_word' id='word_1_825' title='bbox 3548 3966 3646 4026; x_wconf 85' lang='lat' dir='ltr'><strong>per</strong></span> 
     </span>
    </p>
   </div>
   <div class='ocr_carea' id='block_1_103' title="bbox 2068 4029 3646 4101">
    <p class='ocr_par' dir='ltr' id='par_1_103' title="bbox 2068 4029 3646 4101">
     <span class='ocr_line' id='line_1_103' title="bbox 2068 4029 3646 4101; baseline 0.006 -17"><span class='ocrx_word' id='word_1_826' title='bbox 2068 4029 2345 4096; x_wconf 84' lang='lat' dir='ltr'><strong>Joannem,</strong></span> <span class='ocrx_word' id='word_1_827' title='bbox 2389 4030 2477 4101; x_wconf 86' lang='lat' dir='ltr'><strong>qui</strong></span> <span class='ocrx_word' id='word_1_828' title='bbox 2527 4032 2859 4087; x_wconf 77' lang='lat' dir='ltr'><strong>venientibus</strong></span> <span class='ocrx_word' id='word_1_829' title='bbox 2901 4034 2966 4089; x_wconf 85' lang='lat' dir='ltr'><strong>ad</strong></span> <span class='ocrx_word' id='word_1_830' title='bbox 3000 4049 3058 4090; x_wconf 85' lang='lat' dir='ltr'><strong>se</strong></span> <span class='ocrx_word' id='word_1_831' title='bbox 3094 4035 3303 4091; x_wconf 85' lang='lat' dir='ltr'><strong>dicebat</strong></span> <span class='ocrx_word' id='word_1_832' title='bbox 3335 4053 3350 4091; x_wconf 90' lang='lat'><strong>:</strong></span> <span class='ocrx_word' id='word_1_833' title='bbox 3379 4036 3646 4093; x_wconf 75' lang='lat' dir='ltr'><strong>Cermatio</strong></span> 
     </span>
    </p>
   </div>
   <div class='ocr_carea' id='block_1_104' title="bbox 2068 4121 3645 4195">
    <p class='ocr_par' dir='ltr' id='par_1_104' title="bbox 2068 4121 3645 4195">
     <span class='ocr_line' id='line_1_104' title="bbox 2068 4121 3645 4195; baseline 0.008 -23"><span class='ocrx_word' id='word_1_834' title='bbox 2068 4121 2368 4187; x_wconf 75' lang='lat' dir='ltr'><strong>viperarum,</strong></span> <span class='ocrx_word' id='word_1_835' title='bbox 2414 4122 2524 4191; x_wconf 82' lang='lat' dir='ltr'><strong>quis</strong></span> <span class='ocrx_word' id='word_1_836' title='bbox 2564 4123 2701 4177; x_wconf 79' lang='lat' dir='ltr'><strong>vobis</strong></span> <span class='ocrx_word' id='word_1_837' title='bbox 2738 4124 2950 4178; x_wconf 70' lang='lat' dir='ltr'><strong>ostendit</strong></span> <span class='ocrx_word' id='word_1_838' title='bbox 2996 4125 3171 4195; x_wconf 77' lang='lat' dir='ltr'><strong>fugere</strong></span> <span class='ocrx_word' id='word_1_839' title='bbox 3190 4128 3253 4180; x_wconf 89' lang='lat' dir='ltr'><strong>ab</strong></span> <span class='ocrx_word' id='word_1_840' title='bbox 3280 4128 3357 4181; x_wconf 88' lang='lat' dir='ltr'><strong>ira</strong></span> <span class='ocrx_word' id='word_1_841' title='bbox 3392 4138 3599 4184; x_wconf 79' lang='lat' dir='ltr'><strong>ventura</strong></span> <span class='ocrx_word' id='word_1_842' title='bbox 3618 4133 3645 4185; x_wconf 84' lang='lat'><strong>.’</strong></span> 
     </span>
    </p>
   </div>
   <div class='ocr_carea' id='block_1_105' title="bbox 2070 4211 3641 4289">
    <p class='ocr_par' dir='ltr' id='par_1_105' title="bbox 2070 4211 3641 4289">
     <span class='ocr_line' id='line_1_105' title="bbox 2070 4211 3641 4289; baseline 0.008 -24"><span class='ocrx_word' id='word_1_843' title='bbox 2070 4211 2244 4267; x_wconf 80' lang='lat' dir='ltr'><strong>Facite</strong></span> <span class='ocrx_word' id='word_1_844' title='bbox 2278 4229 2396 4285; x_wconf 78' lang='lat' dir='ltr'><strong>ergo</strong></span> <span class='ocrx_word' id='word_1_845' title='bbox 2437 4214 2616 4285; x_wconf 86' lang='lat' dir='ltr'><strong>dignos</strong></span> <span class='ocrx_word' id='word_1_846' title='bbox 2659 4214 2851 4285; x_wconf 75' lang='lat' dir='ltr'><strong>fructus</strong></span> <span class='ocrx_word' id='word_1_847' title='bbox 2891 4218 3206 4288; x_wconf 73' lang='lat' dir='ltr'><strong>pmnitentite.</strong></span> <span class='ocrx_word' id='word_1_848' title='bbox 3238 4218 3305 4273; x_wconf 82' lang='lat' dir='ltr'><strong>Et</strong></span> <span class='ocrx_word' id='word_1_849' title='bbox 3331 4237 3395 4275; x_wconf 87' lang='lat' dir='ltr'><strong>ne</strong></span> <span class='ocrx_word' id='word_1_850' title='bbox 3441 4222 3641 4289; x_wconf 81' lang='lat' dir='ltr'><strong>dicatis,</strong></span> 
     </span>
    </p>
   </div>
   <div class='ocr_carea' id='block_1_106' title="bbox 2075 4304 3640 4385">
    <p class='ocr_par' dir='ltr' id='par_1_106' title="bbox 2075 4304 3640 4385">
     <span class='ocr_line' id='line_1_106' title="bbox 2075 4304 3640 4385; baseline 0.006 -27"><span class='ocrx_word' id='word_1_851' title='bbox 2075 4304 2276 4359; x_wconf 75' lang='lat' dir='ltr'><strong>Patrem</strong></span> <span class='ocrx_word' id='word_1_852' title='bbox 2314 4306 2553 4383; x_wconf 71' lang='lat' dir='ltr'><strong>habemus</strong></span> <span class='ocrx_word' id='word_1_853' title='bbox 2584 4305 2861 4362; x_wconf 80' lang='lat' dir='ltr'><strong>Abraham.</strong></span> <span class='ocrx_word' id='word_1_854' title='bbox 2892 4308 3020 4363; x_wconf 87' lang='lat' dir='ltr'><strong>Dico</strong></span> <span class='ocrx_word' id='word_1_855' title='bbox 3061 4312 3191 4364; x_wconf 78' lang='lat' dir='ltr'><strong>enim</strong></span> <span class='ocrx_word' id='word_1_856' title='bbox 3216 4312 3369 4376; x_wconf 83' lang='lat' dir='ltr'><strong>robis,</strong></span> <span class='ocrx_word' id='word_1_857' title='bbox 3402 4315 3519 4383; x_wconf 81' lang='lat' dir='ltr'><strong>quia</strong></span> <span class='ocrx_word' id='word_1_858' title='bbox 3544 4330 3640 4385; x_wconf 86' lang='lat' dir='ltr'><strong>po-</strong></span> 
     </span>
    </p>
   </div>
   <div class='ocr_carea' id='block_1_107' title="bbox 2070 4397 3639 4473">
    <p class='ocr_par' dir='ltr' id='par_1_107' title="bbox 2070 4397 3639 4473">
     <span class='ocr_line' id='line_1_107' title="bbox 2070 4397 3639 4473; baseline 0.006 -23"><span class='ocrx_word' id='word_1_859' title='bbox 2070 4408 2175 4451; x_wconf 78' lang='lat' dir='ltr'><strong>tens</strong></span> <span class='ocrx_word' id='word_1_860' title='bbox 2201 4409 2273 4452; x_wconf 79' lang='lat' dir='ltr'><strong>est</strong></span> <span class='ocrx_word' id='word_1_861' title='bbox 2295 4397 2430 4452; x_wconf 85' lang='lat' dir='ltr'><strong>Deus</strong></span> <span class='ocrx_word' id='word_1_862' title='bbox 2454 4398 2518 4452; x_wconf 86' lang='lat' dir='ltr'><strong>de</strong></span> <span class='ocrx_word' id='word_1_863' title='bbox 2540 4399 2794 4468; x_wconf 77' lang='lat' dir='ltr'><strong>lapidibus</strong></span> <span class='ocrx_word' id='word_1_864' title='bbox 2823 4400 2933 4455; x_wconf 86' lang='lat' dir='ltr'><strong>istis</strong></span> <span class='ocrx_word' id='word_1_865' title='bbox 2968 4403 3208 4456; x_wconf 85' lang='lat' dir='ltr'><strong>suscitare</strong></span> <span class='ocrx_word' id='word_1_866' title='bbox 3233 4401 3369 4473; x_wconf 79' lang='lat' dir='ltr'><strong>ﬁlios</strong></span> <span class='ocrx_word' id='word_1_867' title='bbox 3400 4406 3639 4461; x_wconf 69' lang='lat' dir='ltr'><strong>Aluntur.</strong></span> 
     </span>
    </p>
   </div>
   <div class='ocr_carea' id='block_1_108' title="bbox 2065 4487 3643 4563">
    <p class='ocr_par' dir='ltr' id='par_1_108' title="bbox 2065 4487 3643 4563">
     <span class='ocr_line' id='line_1_108' title="bbox 2065 4487 3643 4563; baseline 0.005 -20"><span class='ocrx_word' id='word_1_868' title='bbox 2065 4487 2187 4543; x_wconf 72' lang='lat' dir='ltr'><strong>lam</strong></span> <span class='ocrx_word' id='word_1_869' title='bbox 2214 4490 2343 4541; x_wconf 87' lang='lat' dir='ltr'><strong>enim</strong></span> <span class='ocrx_word' id='word_1_870' title='bbox 2367 4491 2555 4543; x_wconf 81' lang='lat' dir='ltr'><strong>securis</strong></span> <span class='ocrx_word' id='word_1_871' title='bbox 2569 4489 2872 4563; x_wconf 67' lang='lat' dir='ltr'><strong>admetireris</strong></span> <span class='ocrx_word' id='word_1_872' title='bbox 2896 4493 3130 4546; x_wconf 88' lang='lat' dir='ltr'><strong>arborum</strong></span> <span class='ocrx_word' id='word_1_873' title='bbox 3160 4494 3323 4559; x_wconf 86' lang='lat' dir='ltr'><strong>posita</strong></span> <span class='ocrx_word' id='word_1_874' title='bbox 3341 4505 3432 4549; x_wconf 81' lang='lat' dir='ltr'><strong>est.</strong></span> <span class='ocrx_word' id='word_1_875' title='bbox 3463 4496 3643 4552; x_wconf 85' lang='lat' dir='ltr'><strong>Omnis</strong></span> 
     </span>
    </p>
   </div>
   <div class='ocr_carea' id='block_1_109' title="bbox 2068 4582 3641 4656">
    <p class='ocr_par' dir='ltr' id='par_1_109' title="bbox 2068 4582 3641 4656">
     <span class='ocr_line' id='line_1_109' title="bbox 2068 4582 3641 4656; baseline 0.005 -20"><span class='ocrx_word' id='word_1_876' title='bbox 2068 4598 2184 4652; x_wconf 78' lang='lat' dir='ltr'><strong>ergo</strong></span> <span class='ocrx_word' id='word_1_877' title='bbox 2212 4582 2362 4636; x_wconf 81' lang='lat' dir='ltr'><strong>arbor</strong></span> <span class='ocrx_word' id='word_1_878' title='bbox 2387 4599 2486 4635; x_wconf 90' lang='lat' dir='ltr'><strong>non</strong></span> <span class='ocrx_word' id='word_1_879' title='bbox 2517 4584 2706 4654; x_wconf 76' lang='lat' dir='ltr'><strong>faciens</strong></span> <span class='ocrx_word' id='word_1_880' title='bbox 2734 4586 2954 4656; x_wconf 86' lang='lat' dir='ltr'><strong>fructum</strong></span> <span class='ocrx_word' id='word_1_881' title='bbox 2980 4584 3182 4652; x_wconf 86' lang='lat' dir='ltr'><strong>bonum,</strong></span> <span class='ocrx_word' id='word_1_882' title='bbox 3213 4587 3484 4651; x_wconf 71' lang='lat' dir='ltr'><strong>excidatur,</strong></span> <span class='ocrx_word' id='word_1_883' title='bbox 3520 4599 3567 4642; x_wconf 89' lang='lat' dir='ltr'><strong>et</strong></span> <span class='ocrx_word' id='word_1_884' title='bbox 3588 4590 3641 4644; x_wconf 80' lang='lat' dir='ltr'><strong>its</strong></span> 
     </span>
    </p>
   </div>
   <div class='ocr_carea' id='block_1_110' title="bbox 2067 4672 3642 4748">
    <p class='ocr_par' dir='ltr' id='par_1_110' title="bbox 2067 4672 3642 4748">
     <span class='ocr_line' id='line_1_110' title="bbox 2067 4672 3642 4748; baseline 0.006 -23"><span class='ocrx_word' id='word_1_885' title='bbox 2067 4672 2230 4742; x_wconf 83' lang='lat' dir='ltr'><strong>ignem</strong></span> <span class='ocrx_word' id='word_1_886' title='bbox 2258 4672 2496 4726; x_wconf 83' lang='lat' dir='ltr'><strong>mittetur.</strong></span> <span class='ocrx_word' id='word_1_887' title='bbox 2525 4673 2600 4728; x_wconf 84' lang='lat' dir='ltr'><strong>De</strong></span> <span class='ocrx_word' id='word_1_888' title='bbox 2629 4673 2730 4728; x_wconf 85' lang='lat' dir='ltr'><strong>hoc</strong></span> <span class='ocrx_word' id='word_1_889' title='bbox 2759 4674 2937 4745; x_wconf 82' lang='lat' dir='ltr'><strong>utique</strong></span> <span class='ocrx_word' id='word_1_890' title='bbox 2963 4675 3131 4747; x_wconf 72' lang='lat' dir='ltr'><strong>fructu</strong></span> <span class='ocrx_word' id='word_1_891' title='bbox 3156 4680 3397 4748; x_wconf 84' lang='lat' dir='ltr'><strong>superius</strong></span> <span class='ocrx_word' id='word_1_892' title='bbox 3415 4679 3505 4734; x_wconf 90' lang='lat' dir='ltr'><strong>ait.</strong></span> <span class='ocrx_word' id='word_1_893' title='bbox 3534 4679 3642 4734; x_wconf 79' lang='lat' dir='ltr'><strong>Fa-</strong></span> 
     </span>
    </p>
   </div>
   <div class='ocr_carea' id='block_1_111' title="bbox 2067 4761 3055 4833">
    <p class='ocr_par' dir='ltr' id='par_1_111' title="bbox 2067 4761 3055 4833">
     <span class='ocr_line' id='line_1_111' title="bbox 2067 4761 3055 4833; baseline 0.002 -18"><span class='ocrx_word' id='word_1_894' title='bbox 2067 4762 2164 4815; x_wconf 81' lang='lat' dir='ltr'><strong>cite</strong></span> <span class='ocrx_word' id='word_1_895' title='bbox 2187 4761 2379 4832; x_wconf 77' lang='lat' dir='ltr'><strong>[ructus</strong></span> <span class='ocrx_word' id='word_1_896' title='bbox 2406 4763 2583 4833; x_wconf 85' lang='lat' dir='ltr'><strong>dignos</strong></span> <span class='ocrx_word' id='word_1_897' title='bbox 2611 4766 2932 4833; x_wconf 72' lang='lat' dir='ltr'><strong>pwnitentiae.</strong></span> <span class='ocrx_word' id='word_1_898' title='bbox 3050 4765 3055 4769; x_wconf 82' lang='grc'><strong>’</strong></span> 
     </span>
    </p>
   </div>
   <div class='ocr_carea' id='block_1_112' title="bbox 2136 4852 3638 4932">
    <p class='ocr_par' dir='ltr' id='par_1_112' title="bbox 2136 4852 3638 4932">
     <span class='ocr_line' id='line_1_112' title="bbox 2136 4852 3638 4932; baseline 0.007 -26"><span class='ocrx_word' id='word_1_899' title='bbox 2136 4852 2360 4909; x_wconf 78' lang='lat' dir='ltr'><strong>CAPUT</strong></span> <span class='ocrx_word' id='word_1_900' title='bbox 2403 4852 2514 4909; x_wconf 79' lang='lat' dir='ltr'><strong>Xll.</strong></span> <span class='ocrx_word' id='word_1_901' title='bbox 2545 4884 2615 4897; x_wconf 92' lang='lat'><strong>--</strong></span> <span class='ocrx_word' id='word_1_902' title='bbox 2638 4854 2886 4928; x_wconf 81' lang='lat' dir='ltr'><strong>Quisquis</strong></span> <span class='ocrx_word' id='word_1_903' title='bbox 2914 4857 3091 4929; x_wconf 81' lang='lat' dir='ltr'><strong>itaque</strong></span> <span class='ocrx_word' id='word_1_904' title='bbox 3130 4860 3259 4932; x_wconf 78' lang='lat' dir='ltr'><strong>istos</strong></span> <span class='ocrx_word' id='word_1_905' title='bbox 3304 4860 3506 4927; x_wconf 77' lang='lat' dir='ltr'><strong>fructus</strong></span> <span class='ocrx_word' id='word_1_906' title='bbox 3532 4858 3638 4917; x_wconf 78' lang='lat' dir='ltr'><strong>non</strong></span> 
     </span>
    </p>
   </div>
   <div class='ocr_carea' id='block_1_113' title="bbox 2069 4944 3641 5023">
    <p class='ocr_par' dir='ltr' id='par_1_113' title="bbox 2069 4944 3641 5023">
     <span class='ocr_line' id='line_1_113' title="bbox 2069 4944 3641 5023; baseline 0.008 -24"><span class='ocrx_word' id='word_1_907' title='bbox 2069 4944 2270 5010; x_wconf 56' lang='lat' dir='ltr'><strong>uicerit,</strong></span> <span class='ocrx_word' id='word_1_908' title='bbox 2302 4946 2419 5001; x_wconf 86' lang='lat' dir='ltr'><strong>sine</strong></span> <span class='ocrx_word' id='word_1_909' title='bbox 2446 4961 2605 5002; x_wconf 84' lang='lat' dir='ltr'><strong>causa</strong></span> <span class='ocrx_word' id='word_1_910' title='bbox 2633 4957 2780 5017; x_wconf 88' lang='lat' dir='ltr'><strong>putat</strong></span> <span class='ocrx_word' id='word_1_911' title='bbox 2804 4964 2896 5020; x_wconf 84' lang='lat' dir='ltr'><strong>per</strong></span> <span class='ocrx_word' id='word_1_912' title='bbox 2924 4951 3161 5006; x_wconf 80' lang='lat' dir='ltr'><strong>sterilem</strong></span> <span class='ocrx_word' id='word_1_913' title='bbox 3187 4953 3546 5023; x_wconf 76' lang='lat' dir='ltr'><strong>pmnitentiant</strong></span> <span class='ocrx_word' id='word_1_914' title='bbox 3577 4970 3641 5012; x_wconf 78' lang='lat' dir='ltr'><strong>se</strong></span> 
     </span>
    </p>
   </div>
   <div class='ocr_carea' id='block_1_114' title="bbox 2068 5036 3639 5108">
    <p class='ocr_par' dir='ltr' id='par_1_114' title="bbox 2068 5036 3639 5108">
     <span class='ocr_line' id='line_1_114' title="bbox 2068 5036 3639 5108; baseline 0.008 -20"><span class='ocrx_word' id='word_1_915' title='bbox 2068 5036 2256 5091; x_wconf 81' lang='lat' dir='ltr'><strong>iuereri</strong></span> <span class='ocrx_word' id='word_1_916' title='bbox 2286 5036 2488 5092; x_wconf 79' lang='lat' dir='ltr'><strong>veniam</strong></span> <span class='ocrx_word' id='word_1_917' title='bbox 2538 5046 2893 5107; x_wconf 83' lang='lat' dir='ltr'><strong>peccatorum.</strong></span> <span class='ocrx_word' id='word_1_918' title='bbox 2940 5041 3039 5108; x_wconf 88' lang='lat' dir='ltr'><strong>Qui</strong></span> <span class='ocrx_word' id='word_1_919' title='bbox 3068 5040 3176 5096; x_wconf 86' lang='lat' dir='ltr'><strong>sint</strong></span> <span class='ocrx_word' id='word_1_920' title='bbox 3202 5052 3382 5099; x_wconf 84' lang='lat' dir='ltr'><strong>autem</strong></span> <span class='ocrx_word' id='word_1_921' title='bbox 3405 5045 3491 5100; x_wconf 90' lang='lat' dir='ltr'><strong>isti</strong></span> <span class='ocrx_word' id='word_1_922' title='bbox 3522 5044 3639 5107; x_wconf 32' lang='lat' dir='ltr'><strong>ficu-</strong></span> 
     </span>
    </p>
   </div>
   <div class='ocr_carea' id='block_1_115' title="bbox 2065 5125 3640 5203">
    <p class='ocr_par' dir='ltr' id='par_1_115' title="bbox 2065 5125 3640 5203">
     <span class='ocr_line' id='line_1_115' title="bbox 2065 5125 3640 5203; baseline 0.007 -25"><span class='ocrx_word' id='word_1_923' title='bbox 2065 5135 2201 5187; x_wconf 84' lang='lat' dir='ltr'><strong>ctus,</strong></span> <span class='ocrx_word' id='word_1_924' title='bbox 2231 5125 2345 5195; x_wconf 88' lang='lat' dir='ltr'><strong>ipse</strong></span> <span class='ocrx_word' id='word_1_925' title='bbox 2375 5136 2764 5196; x_wconf 83' lang='lat' dir='ltr'><strong>consequenter</strong></span> <span class='ocrx_word' id='word_1_926' title='bbox 2790 5129 3039 5184; x_wconf 88' lang='lat' dir='ltr'><strong>ostendit.</strong></span> <span class='ocrx_word' id='word_1_927' title='bbox 3079 5129 3217 5186; x_wconf 82' lang='lat' dir='ltr'><strong>Nam</strong></span> <span class='ocrx_word' id='word_1_928' title='bbox 3243 5142 3360 5203; x_wconf 91' lang='lat' dir='ltr'><strong>post</strong></span> <span class='ocrx_word' id='word_1_929' title='bbox 3385 5133 3498 5188; x_wconf 61' lang='lat' dir='ltr'><strong>hare</strong></span> <span class='ocrx_word' id='word_1_930' title='bbox 3522 5134 3640 5203; x_wconf 83' lang='lat' dir='ltr'><strong>ejus</strong></span> 
     </span>
    </p>
   </div>
   <div class='ocr_carea' id='block_1_116' title="bbox 2066 5218 3640 5297">
    <p class='ocr_par' dir='ltr' id='par_1_116' title="bbox 2066 5218 3640 5297">
     <span class='ocr_line' id='line_1_116' title="bbox 2066 5218 3640 5297; baseline 0.007 -30"><span class='ocrx_word' id='word_1_931' title='bbox 2066 5218 2221 5271; x_wconf 84' lang='lat' dir='ltr'><strong>verba</strong></span> <span class='ocrx_word' id='word_1_932' title='bbox 2254 5218 2646 5288; x_wconf 77' lang='lat' dir='ltr'><strong>interrogabant</strong></span> <span class='ocrx_word' id='word_1_933' title='bbox 2690 5235 2810 5276; x_wconf 88' lang='lat' dir='ltr'><strong>eum</strong></span> <span class='ocrx_word' id='word_1_934' title='bbox 2842 5221 3029 5291; x_wconf 63' lang='lat' dir='ltr'><strong>turbat,</strong></span> <span class='ocrx_word' id='word_1_935' title='bbox 3057 5221 3332 5278; x_wconf 85' lang='lat' dir='ltr'><strong>dicentes:</strong></span> <span class='ocrx_word' id='word_1_936' title='bbox 3358 5224 3493 5292; x_wconf 81' lang='lat' dir='ltr'><strong>Quid</strong></span> <span class='ocrx_word' id='word_1_937' title='bbox 3518 5240 3640 5297; x_wconf 79' lang='lat' dir='ltr'><strong>ergo</strong></span> 
     </span>
    </p>
   </div>
   <div class='ocr_carea' id='block_1_117' title="bbox 2064 5307 3639 5385">
    <p class='ocr_par' dir='ltr' id='par_1_117' title="bbox 2064 5307 3639 5385">
     <span class='ocr_line' id='line_1_117' title="bbox 2064 5307 3639 5385; baseline 0.005 -25"><span class='ocrx_word' id='word_1_938' title='bbox 2064 5307 2305 5377; x_wconf 75' lang='lat' dir='ltr'><strong>faciemus</strong></span> <span class='ocrx_word' id='word_1_939' title='bbox 2331 5307 2430 5362; x_wconf 54' lang='lat' dir='ltr'><strong>.’:id</strong></span> <span class='ocrx_word' id='word_1_940' title='bbox 2459 5318 2558 5371; x_wconf 87' lang='lat' dir='ltr'><strong>est,</strong></span> <span class='ocrx_word' id='word_1_941' title='bbox 2597 5310 2690 5381; x_wconf 86' lang='lat' dir='ltr'><strong>qui</strong></span> <span class='ocrx_word' id='word_1_942' title='bbox 2713 5321 2836 5365; x_wconf 87' lang='lat' dir='ltr'><strong>sunt</strong></span> <span class='ocrx_word' id='word_1_943' title='bbox 2865 5312 2949 5366; x_wconf 87' lang='lat' dir='ltr'><strong>isti</strong></span> <span class='ocrx_word' id='word_1_944' title='bbox 2988 5310 3207 5380; x_wconf 75' lang='lat' dir='ltr'><strong>fruetus,</strong></span> <span class='ocrx_word' id='word_1_945' title='bbox 3238 5330 3372 5385; x_wconf 86' lang='lat' dir='ltr'><strong>quos</strong></span> <span class='ocrx_word' id='word_1_946' title='bbox 3398 5324 3455 5369; x_wconf 89' lang='lat' dir='ltr'><strong>ut</strong></span> <span class='ocrx_word' id='word_1_947' title='bbox 3480 5314 3639 5370; x_wconf 80' lang='lat' dir='ltr'><strong>facia-</strong></span> 
     </span>
    </p>
   </div>
   <div class='ocr_carea' id='block_1_118' title="bbox 2066 5396 3640 5477">
    <p class='ocr_par' dir='ltr' id='par_1_118' title="bbox 2066 5396 3640 5477">
     <span class='ocr_line' id='line_1_118' title="bbox 2066 5396 3640 5477; baseline 0.009 -29"><span class='ocrx_word' id='word_1_948' title='bbox 2066 5411 2183 5449; x_wconf 85' lang='lat' dir='ltr'><strong>mns</strong></span> <span class='ocrx_word' id='word_1_949' title='bbox 2216 5396 2462 5462; x_wconf 90' lang='lat' dir='ltr'><strong>hortaris,</strong></span> <span class='ocrx_word' id='word_1_950' title='bbox 2504 5408 2558 5453; x_wconf 89' lang='lat' dir='ltr'><strong>et</strong></span> <span class='ocrx_word' id='word_1_951' title='bbox 2586 5400 2794 5455; x_wconf 86' lang='lat' dir='ltr'><strong>terres?</strong></span> <span class='ocrx_word' id='word_1_952' title='bbox 2845 5401 3191 5472; x_wconf 75' lang='lat' dir='ltr'><strong>Respondeus</strong></span> <span class='ocrx_word' id='word_1_953' title='bbox 3219 5414 3394 5460; x_wconf 87' lang='lat' dir='ltr'><strong>autem</strong></span> <span class='ocrx_word' id='word_1_954' title='bbox 3430 5407 3640 5477; x_wconf 63' lang='lat' dir='ltr'><strong>dicebat</strong></span> 
     </span>
    </p>
   </div>
   <div class='ocr_carea' id='block_1_119' title="bbox 2062 5488 3647 5569">
    <p class='ocr_par' dir='ltr' id='par_1_119' title="bbox 2062 5488 3647 5569">
     <span class='ocr_line' id='line_1_119' title="bbox 2062 5488 3647 5569; baseline 0.008 -27"><span class='ocrx_word' id='word_1_955' title='bbox 2062 5488 2168 5544; x_wconf 77' lang='lat' dir='ltr'><strong>illis</strong></span> <span class='ocrx_word' id='word_1_956' title='bbox 2198 5506 2213 5545; x_wconf 87' lang='lat'><strong>:</strong></span> <span class='ocrx_word' id='word_1_957' title='bbox 2247 5489 2347 5556; x_wconf 82' lang='lat' dir='ltr'><strong>Qui</strong></span> <span class='ocrx_word' id='word_1_958' title='bbox 2385 5491 2530 5546; x_wconf 74' lang='lat' dir='ltr'><strong>liabet</strong></span> <span class='ocrx_word' id='word_1_959' title='bbox 2572 5493 2697 5546; x_wconf 81' lang='lat' dir='ltr'><strong>duas</strong></span> <span class='ocrx_word' id='word_1_960' title='bbox 2737 5494 2948 5560; x_wconf 85' lang='lat' dir='ltr'><strong>tunicas,</strong></span> <span class='ocrx_word' id='word_1_961' title='bbox 2975 5495 3057 5548; x_wconf 85' lang='lat' dir='ltr'><strong>det</strong></span> <span class='ocrx_word' id='word_1_962' title='bbox 3085 5512 3185 5550; x_wconf 87' lang='lat' dir='ltr'><strong>non</strong></span> <span class='ocrx_word' id='word_1_963' title='bbox 3225 5496 3456 5565; x_wconf 79' lang='lat' dir='ltr'><strong>babenti;</strong></span> <span class='ocrx_word' id='word_1_964' title='bbox 3479 5509 3528 5553; x_wconf 86' lang='lat' dir='ltr'><strong>ct</strong></span> <span class='ocrx_word' id='word_1_965' title='bbox 3552 5501 3647 5569; x_wconf 68' lang='lat' dir='ltr'><strong>qui</strong></span> 
     </span>
    </p>
   </div>
   <div class='ocr_carea' id='block_1_120' title="bbox 2064 5582 3635 5660">
    <p class='ocr_par' dir='ltr' id='par_1_120' title="bbox 2064 5582 3635 5660">
     <span class='ocr_line' id='line_1_120' title="bbox 2064 5582 3635 5660; baseline 0.006 -26"><span class='ocrx_word' id='word_1_966' title='bbox 2064 5582 2208 5636; x_wconf 77' lang='lat' dir='ltr'><strong>habet</strong></span> <span class='ocrx_word' id='word_1_967' title='bbox 2236 5600 2391 5647; x_wconf 76' lang='lat' dir='ltr'><strong>escas,</strong></span> <span class='ocrx_word' id='word_1_968' title='bbox 2420 5586 2645 5640; x_wconf 81' lang='lat' dir='ltr'><strong>similiter</strong></span> <span class='ocrx_word' id='word_1_969' title='bbox 2679 5587 2833 5656; x_wconf 79' lang='lat' dir='ltr'><strong>faciat</strong></span> <span class='ocrx_word' id='word_1_970' title='bbox 2865 5586 3011 5657; x_wconf 82' lang='lat' dir='ltr'><strong>(Luc.</strong></span> <span class='ocrx_word' id='word_1_971' title='bbox 3041 5604 3118 5650; x_wconf 84' lang='grc' dir='ltr'>ιιι,</span> <span class='ocrx_word' id='word_1_972' title='bbox 3144 5588 3318 5660; x_wconf 84' lang='lat' dir='ltr'><strong>7-H).</strong></span> <span class='ocrx_word' id='word_1_973' title='bbox 3358 5589 3490 5658; x_wconf 77' lang='lat' dir='ltr'><strong>Quid</strong></span> <span class='ocrx_word' id='word_1_974' title='bbox 3522 5609 3635 5644; x_wconf 77' lang='lat' dir='ltr'><strong>ma-</strong></span> 
     </span>
    </p>
   </div>
   <div class='ocr_carea' id='block_1_121' title="bbox 2067 5673 3641 5753">
    <p class='ocr_par' dir='ltr' id='par_1_121' title="bbox 2067 5673 3641 5753">
     <span class='ocr_line' id='line_1_121' title="bbox 2067 5673 3641 5753; baseline 0.006 -26"><span class='ocrx_word' id='word_1_975' title='bbox 2067 5673 2326 5743; x_wconf 76' lang='lat' dir='ltr'><strong>nifestius,</strong></span> <span class='ocrx_word' id='word_1_976' title='bbox 2352 5674 2538 5731; x_wconf 69' lang='lat' dir='ltr'><strong>fratres</strong></span> <span class='ocrx_word' id='word_1_977' title='bbox 2561 5678 2695 5731; x_wconf 79' lang='lat' dir='ltr'><strong>:nci‘?</strong></span> <span class='ocrx_word' id='word_1_978' title='bbox 2723 5678 2843 5748; x_wconf 76' lang='lat' dir='ltr'><strong>quid</strong></span> <span class='ocrx_word' id='word_1_979' title='bbox 2876 5681 3112 5747; x_wconf 70' lang='lat' dir='ltr'><strong>certius?</strong></span> <span class='ocrx_word' id='word_1_980' title='bbox 3138 5678 3641 5753; x_wconf 60' lang='lat' dir='ltr'><strong>quidcxprcssutsiv</strong></span> 
     </span>
    </p>
   </div>
  </div>
