3954 6186
318 319 424 376 ιρι

312 434 449 503 Quid
480 446 608 498 etgo
626 425 773 482 aliud
798 429 972 485 sonat,
997 416 1139 489 quod
1168 414 1411 483 superius
1434 410 1527 476 ait,
1560 403 1906 503 omnis-arbor

317 497 422 582 non
478 524 670 595 faciens
722 521 942 589 fractum
993 513 1197 570 bonum,
1246 504 1525 565 excidetttr,
1571 511 1619 595 et
1640 499 1691 552 in
1740 497 1906 567 ignem

313 589 487 676 mittet
508 634 535 669 r
564 628 586 668 :
606 611 710 667 nisi
734 606 877 680 qttod
902 594 1102 663 sinistri
1130 598 1358 654 audituri
1387 603 1533 661 sunt,
1563 589 1639 653 Ite
1661 592 1715 646 in
1741 592 1907 663 ignem

313 723 594 768 retentum;
621 700 809 760 essuri
837 698 993 762 enim,
1015 703 1062 749 et
1088 709 1186 748 non
1208 689 1417 745 dedistis
1436 686 1557 740 mitti
1574 681 1906 741 manducare?

317 806 512 858 l'atuut
558 804 647 851 est
697 794 876 862 itaque
926 779 1178 843 recedere
1205 798 1235 837 a
1286 777 1535 850 peccatis,
1563 777 1607 831 si
1640 774 1904 846 prteterita

311 905 509 949 curare
531 884 834 957 neglexeris
865 898 879 934 :
920 880 1059 934 sicut
1097 876 1351 944 scriptum
1375 879 1478 936 est,
1509 867 1636 934 Fili,
1665 866 1903 936 peccasti,

312 1004 382 1041 ne
418 982 633 1055 adﬁnes
675 978 878 1031 iterum.
918 971 984 1027 Et
1016 984 1084 1025 ne
1124 967 1226 1021 hoc
1252 965 1367 1019 solo
1395 974 1641 1017 securum

317 1047 532 1147 putaret
560 1091 573 1127 :
607 1069 672 1124 Et
720 1067 783 1121 de
811 1062 1056 1137 pristinis,
1094 1057 1283 1128 inquit,
1314 1054 1602 1147 deprecare,
1625 1059 1687 1147 ut
1716 1047 1804 1102 tibi
1827 1048 1907 1147 di-

313 1138 585 1221 mittantur
612 1157 799 1231 (Ereti.
831 1170 946 1221 ut,
978 1149 1055 1223 l).
1081 1148 1184 1206 Sed
1205 1146 1329 1218 quid
1348 1142 1579 1215 proderit
1607 1138 1904 1231 deprecari,

314 1275 363 1311 τι
397 1269 448 1310 te
478 1268 586 1310 non
612 1228 833 1319 dignum
857 1243 1051 1300 feceris
1074 1238 1349 1303 exaudiri,
1398 1250 1502 1290 non
1530 1231 1773 1290 faciendo
1796 1228 1907 1284 fru—

319 1349 636 1419 ctusdignos
648 1338 1012 1414 poenitentiae;
1042 1345 1100 1390 ιιι
1124 1343 1370 1401 tauquam
1405 1327 1602 1419 sterilis
1623 1325 1907 1419 arbores-

314 1411 542 1504 cidaris,
570 1446 624 1493 ct
646 1411 700 1491 in
725 1435 900 1505 ignem
929 1430 1102 1484 mittat
1113 1425 1194 1479 is?
1216 1423 1272 1479 Si
1304 1435 1433 1491 ergo
1462 1418 1617 1473 vultis
1642 1411 1905 1505 exaudiri,

314 1494 825 1600 «ann—deprecantiui
866 1539 962 1595 pro
986 1520 1216 1593 peccatis
1239 1516 1451 1580 vestris,
1477 1511 1740 1575 Dimittite,
1763 1494 1808 1562 ἐι
1831 1508 1909 1600 di-

318 1598 551 1681 mittetur
565 1621 721 1687 vobis,
741 1619 877 1684 date,
900 1625 947 1670 ιι
974 1612 1176 1668 dabitur
1202 1608 1340 1664 vobis
1369 1605 1608 1678 (Luc.v1,
1631 1602 1697 1657 δι
1726 1609 1773 1655 et
1792 1598 1907 1668 δε).

862 1724 1091 1787 SERMO
1111 1722 1242 1793 LXI
1266 1728 1281 1747 ‘
1313 1721 1386 1796 (tt)
1398 1762 1411 1775 .

321 1847 402 1900 De
419 1844 579 1907 rerbis
598 1837 856 1908 Evangelii
884 1833 1115 1888 Mattltwi
1140 1846 1229 1893 \‘ll,
1249 1829 1332 1883 7-1
1348 1827 1394 1893 l,
1425 1826 1614 1891 Petito,
1631 1832 1686 1878 ct
1699 1820 1911 1876 dabitur

363 1939 532 2001 mltis,
548 1945 642 1989 etc.
665 1927 1051 1986 Exhortatorins
1067 1924 1133 1990 ad
1148 1919 1405 1995 faciendas
1425 1918 1762 1993 eleemosynas
1776 1913 1870 1987 (b).

395 2049 622 2117 CAPUT
664 2044 945 2115 Ριιιιιυιι.
1000 2075 1072 2095 -.—
1116 2042 1167 2101 l.
1224 2037 1379 2105 Pater
1420 2047 1586 2097 noster
1628 2034 1767 2092 Deus
1814 2042 1906 2089 est.

323 2147 380 2207 lu
435 2145 668 2205 let-tione
715 2139 883 2203 sant-ti
929 2134 1200 2204 Evangelii
1246 2131 1485 2186 hortatus
1536 2137 1619 2184 est
1660 2142 1758 2183 nos
1809 2124 1913 2179 Do-

324 2241 502 2303 "unus
554 2233 619 2289 ad
649 2230 929 2287 orandum.
956 2227 1138 2292 Potite,
1188 2224 1378 2294 inquit,
1409 2233 1454 2277 et
1494 2220 1696 2278 dabitur
1743 2218 1911 2282 vobis;

320 2329 552 2395 qutt't'llt,
586 2337 629 2379 et
659 2322 952 2384 invenietis;
974 2318 1190 2389 pulsate,
1217 2324 1262 2369 et
1285 2314 1537 2386 aperietur
1557 2311 1709 2365 vobis.
1737 2309 1913 2364 Omnis

323 2421 455 2471 enim
474 2417 560 2488 qui
588 2414 730 2485 petit,
768 2411 981 2480 accipit;
1031 2416 1075 2462 et
1117 2421 1342 2477 qtttcrens
1375 2403 1580 2461 invenit,
1621 2410 1665 2455 et
1691 2399 1915 2471 pulsanti

323 2508 599 2587 aperit-tur.
631 2505 728 2557 Aut
754 2501 865 2573 quis
884 2508 955 2554 est
984 2514 1046 2553 ex
1071 2496 1203 2552 vobis
1245 2497 1418 2560 homo,
1462 2509 1493 2545 a
1510 2508 1610 2562 quo
1632 2491 1752 2562 petit
1776 2489 1914 2560 ﬁlius

323 2582 436 2667 eius
486 2613 696 2667 panem,
746 2589 992 2661 numquid
1035 2587 1254 2660 lapidem
1303 2585 1524 2658 porriget
1577 2584 1668 2639 ei?
1728 2582 1828 2636 Aut
1869 2583 1915 2637 si

327 2691 513 2763 piscem
542 2685 760 2763 petierit,
784 2680 1024 2749 numquid
1040 2687 1315 2749 serpentem
1332 2676 1550 2748 porriget
1575 2675 1662 2735 ei?
1685 2673 1787 2727 Aut
1800 2690 1915 2728 cum

326 2762 451 2852 petit
480 2794 651 2844 orum,
705 2774 947 2845 numquid
987 2770 1298 2845 scorpionem
1334 2767 1553 2839 porriget
1580 2765 1665 2820 ei?
1709 2764 1771 2819 Si
1798 2780 1915 2835 ergo

329 2889 437 2934 rus,
482 2870 673 2938 inquit,
702 2882 813 2928 cum
848 2863 956 2923 sitis
996 2863 1134 2925 ntali,
1168 2859 1324 2914 nostis
1352 2859 1482 2913 bona
1507 2857 1626 2911 data
1647 2856 1770 2910 dare
1794 2855 1915 2925 ﬁliis

328 2963 536 3025 reatris;
557 2970 741 3035 quanto
766 2957 926 3028 magis
954 2954 1107 3027 Pater
1129 2961 1306 3019 rester,
1336 2951 1423 3020 qui
1446 2952 1497 3005 in
1531 2948 1667 3007 culis,
1691 2958 1782 3013 est,
1820 2949 1913 3002 da-

330 3039 397 3108 bit
438 3056 571 3109 banc
612 3050 888 3123 petentibus
938 3050 1030 3102 se?
1058 3045 1182 3101 Cum
1211 3044 1338 3107 sitis,
1378 3043 1565 3113 inquit,
1598 3040 1916 3107 mali,nastis

332 3148 464 3199 bona
486 3144 605 3197 data
621 3143 744 3196 dare
769 3141 889 3211 [iliis
916 3139 1111 3193 vestris.
1142 3135 1377 3200 Miranda
1406 3150 1511 3197 res,
1538 3132 1726 3195 fratres
1753 3150 1766 3186 :
1792 3131 1913 3195 mali

332 3253 538 3302 sumus,
563 3246 618 3290 et
654 3234 850 3289 bonum
881 3232 1091 3287 Patrem
1123 3229 1401 3294 habemus.
1422 3225 1558 3295 Quid
1586 3227 1916 3290 evidentius?

333 3329 646 3385 Audixiuuts
671 3341 864 3382 nomen
893 3332 1172 3379 nostrum:
1201 3320 1326 3376 Cum
1368 3320 1494 3383 sitis,
1547 3320 1744 3390 inquit.
1796 3319 1916 3373 mali

330 3422 463 3475 bona
483 3424 604 3472 data
630 3418 785 3472 nostis
808 3417 930 3471 dare
956 3415 1076 3485 [iliis
1102 3413 1293 3476 vestris.
1320 3411 1387 3469 Et
1410 3428 1543 3485 quos
1561 3412 1694 3468 dixit
1724 3413 1911 3478 malos,

334 3515 508 3569 \‘idcte
538 3511 749 3582 qualem
795 3509 1004 3581 Patrem
1045 3506 1147 3569 illis
1181 3502 1414 3565 ostendit
1454 3521 1468 3558 :
1517 3503 1717 3568 Quanto
1758 3505 1918 3575 magis

339 3604 492 3673 Pater
505 3614 664 3665 rester
677 3603 701 3657 .7
715 3602 951 3668 Quorum
970 3598 1127 3662 Pater
1146 3597 1169 3651 ?
1187 3596 1345 3652 Certe
1362 3598 1643 3652 malorum.
1664 3597 1731 3652 Et
1749 3598 1917 3665 qualis

334 3697 529 3761 Pater?
557 3682 721 3758 Nemo
742 3694 921 3756 bonus,
952 3691 1051 3753 nisi
1064 3690 1201 3749 solus
1226 3687 1691 3758 Deus(lntc.xvut,
1723 3689 1828 3759 l9}.

404 3761 632 3844 CAPUT
672 3786 737 3843 ll.
786 3816 858 3826 —-
898 3784 951 3839 2.
996 3781 1160 3839 ilotno
1209 3782 1273 3837 de
1321 3782 1454 3836 malo
1505 3781 1665 3838 bonus
1716 3797 1815 3836 non
1860 3782 1919 3850 ﬁt

328 3882 437 3941 nisi
464 3897 496 3932 a
522 3878 649 3935 Dea.
694 3875 1001 3948 Pelagianos
1044 3874 1321 3946 redarguit.
1370 3874 1529 3943 Ergo,
1561 3872 1771 3936 l'ratt'es,
1801 3873 1919 3929 ideo

333 3972 462 4028 ntali
488 3973 683 4027 bonum
713 3970 921 4025 Patrem
944 3967 1223 4031 habemus,
1256 3982 1322 4021 ne
1340 3981 1553 4036 semper
1576 3966 1702 4021 ntali
1747 3982 1920 4022 rema—

331 4077 578 4123 neamus.
616 4061 788 4123 Nemo
837 4061 1008 4119 malus
1051 4058 1175 4115 facit
1208 4058 1427 4114 bonum.
1483 4057 1538 4115 Si
1563 4072 1722 4113 nemo
1748 4058 1920 4114 malus

332 4156 461 4217 facit
488 4154 709 4219 bonum,
740 4151 901 4206 homo
930 4151 1099 4212 malus
1136 4148 1402 4221 quomodo
1451 4163 1510 4205 se
1534 4150 1657 4204 facit
1681 4151 1920 4205 bonum?

332 4245 484 4302 Facit
511 4245 577 4300 de
610 4245 750 4300 malo
780 4245 997 4311 bonum,
1038 4241 1130 4312 qui
1173 4256 1386 4309 semper
1436 4249 1514 4295 est
1558 4241 1747 4296 bonus.
1777 4239 1920 4295 Sana

332 4355 438 4403 me,
472 4337 700 4401 Domine,
735 4336 922 4406 inquit,
955 4344 1001 4390 et
1027 4334 1491 4401 sanabor;saluntn
1520 4351 1599 4388 me
1616 4337 1718 4407 (ac,
1741 4343 1787 4389 et
1811 4334 1918 4390 sal-

332 4445 429 4483 vus
456 4445 541 4480 era
569 4426 777 4500 (Jerem.
808 4441 936 4491 xvn,
956 4424 1069 4497 Η).
1095 4424 1230 4493 Quid
1258 4425 1384 4478 mihi
1410 4423 1590 4481 dicunt
1615 4425 1733 4479 vani
1753 4439 1881 4479 vana
1904 4443 1917 4481 :

334 4510 490 4573 Tute
517 4518 721 4572 salvum
752 4516 900 4581 lacis,
933 4516 978 4571 si
1001 4516 1233 4571 volueris
1258 4516 1281 4569 ?
1310 4517 1450 4570 Sana
1468 4532 1564 4577 me.
1609 4514 1846 4581 Domine,
1874 4526 1920 4571 et

331 4611 573 4666 sanaber.
609 4606 719 4663 Nos
762 4606 883 4663 boni
915 4605 1114 4661 conditi
1143 4622 1324 4660 sutum
1347 4622 1377 4660 ιι
1425 4604 1565 4661 bono
1594 4604 1756 4661 :fecit
1779 4607 1920 4662 enim

335 4700 480 4757 Deus
507 4699 777 4755 hominem
809 4710 1008 4755 rectum
1055 4697 1247 4771 (Eccle.
1290 4714 1382 4763 vn,
1412 4698 1533 4768 50);
1575 4698 1796 4769 arbitrio
1823 4716 1921 4754 au-

338 4801 447 4849 tem
479 4802 660 4846 nostro
690 4792 809 4847 facti
840 4807 1024 4847 sumus
1046 4791 1187 4846 ntali.
1223 4791 1496 4844 Potuimus
1531 4805 1651 4846 esse
1675 4806 1740 4846 es
1771 4790 1922 4847 bonis

332 4885 487 4951 mali,
518 4893 572 4940 et
594 4885 884 4955 poterimus
913 4899 1033 4939 che
1064 4899 1128 4938 es
1162 4883 1313 4938 malis
1357 4881 1505 4937 boui.
1534 4881 1638 4936 Sed
1666 4882 1754 4952 qui
1781 4897 1923 4938 sem.

335 4992 438 5047 per
470 4985 557 5032 est
596 4976 788 5044 bonus,
819 4975 934 5047 ipse
982 4974 1105 5030 facit
1139 4989 1203 5029 ex
1233 4974 1371 5028 malo
1394 4973 1589 5028 bonum
1615 4992 1628 5026 :
1657 4975 1779 5046 quia
1809 4976 1924 5046 ipse

334 5067 503 5123 homo
528 5066 796 5122 voluntate
816 5082 910 5122 sua
939 5083 999 5124 se
1027 5082 1217 5122 sanare
1239 5081 1342 5120 nou
1363 5067 1553 5137 potuit.
1583 5065 1701 5121 Non
1731 5068 1924 5138 qttmris

336 5157 632 5226 medicum,
660 5166 719 5212 ut
745 5158 996 5214 vulneres
1044 5166 1132 5212 te:
1161 5156 1255 5213 sed
1295 5173 1415 5211 cum
1445 5158 1815 5213 vulneraret-is
1833 5169 1883 5215 te
1904 5201 1922 5227 ,

334 5248 536 5318 quaeris
578 5249 667 5320 qui
718 5257 872 5304 sana
903 5258 975 5305 te.
1028 5248 1169 5304 Bona
1194 5232 1653 5317 crgo'secundum
1692 5259 1920 5322 tempus,

340 5342 479 5393 bona
519 5340 850 5409 temporalia,
895 5340 1212 5410 corporalia,
1250 5339 1482 5394 carnalia
1515 5340 1757 5395 novimus
1795 5341 1925 5397 dare

339 5432 461 5485 liliis
487 5432 707 5497 nostris,
737 5431 898 5488 etiam
927 5447 1047 5486 eum
1077 5431 1244 5487 simus
1277 5431 1421 5485 mali.
1450 5431 1593 5486 Bona
1629 5433 1774 5487 enim
1803 5441 1928 5487 sunt

407 5557 426 5572 ⁹
449 5556 518 5624 ad
553 5563 660 5607 tres
690 5555 773 5603 hu.
798 5557 858 5605 ad
874 5563 1080 5619 quatuor
1100 5556 1162 5608 cl.
1188 5557 1247 5607 ad
1269 5556 1346 5607 cb.
1375 5556 1406 5606 f.
1435 5559 1483 5609 ll.
1512 5559 1567 5610 l3.
1595 5572 1645 5622 ε.
1674 5556 1733 5610 lr.
1760 5573 1824 5610 ιιι.
1849 5574 1922 5624 pr.

340 5630 431 5668 nn.
455 5620 535 5668 nl.
560 5627 661 5668 Mn.
689 5624 762 5667 Er.
797 5626 896 5668 Par.
921 5626 1031 5669 Lov.

354 5676 357 5679 ’
405 5682 477 5739 (a)
513 5680 737 5739 Alias,dc
761 5680 930 5729 Verbis
953 5681 1198 5732 Doruinii)’.

405 5743 475 5806 (lt)
507 5746 684 5803 (ιι-ιιωο
706 5756 736 5793 a
759 5743 991 5794 tloroint
1024 5745 1129 5793 tim.
1150 5758 1213 5806 ιι,
1234 5744 1291 5794 ad
1317 5758 1442 5795 vers.
1469 5745 1517 5807 9,
1546 5745 1619 5809 l0,
1645 5755 1694 5797 et
1722 5747 1794 5797 l7.

1755 282 1986 340 SERMO
2026 282 2158 341 LXI.

3491 298 3597 355 ΗΟ

2012 406 2069 455 et
2111 400 2233 468 ista,
2285 418 2403 473 quts
2437 402 2682 460 dubitet?
2718 405 2909 473 Piscis,
2945 422 3126 476 ovum,
3154 410 3326 481 panis,
3352 426 3594 482 pomum,

2012 487 2355 561 frumentum,
2401 494 2493 550 lux
2546 495 2665 559 ista.
2711 512 2803 553 aer
2850 497 2950 555 iste
2985 516 3144 570 quem
3169 501 3432 571 ducimus,
3458 503 3594 558 bona

2012 591 2137 636 sunt
2160 582 2313 637 lucc:
2346 582 2477 653 ipsa:
2508 584 2715 642 divitia:
2769 587 2820 642 itt
2850 588 3041 657 quibus
3070 588 3315 647 homines
3330 594 3595 649 esttdlun-

2013 681 2115 735 tur,
2167 682 2221 727 et
2252 689 2406 741 pares
2443 690 2569 729 suos
2607 674 2854 733 homines
2878 678 3010 735 alios
3036 696 3141 736 non
3177 694 3510 753 agnoscunt;
3539 684 3629 739 iu~

2011 763 2224 833 quibus,
2256 764 2493 835 inquam,
2517 766 2761 823 homines
2787 770 3130 839 extolluntur,
3159 775 3328 846 nugis
3348 785 3593 831 amantes

2011 863 2210 910 vestem
2232 856 2535 927 fulgentem,
2555 874 2712 929 quam
2728 862 3021 932 cogitantes
3033 878 3369 924 communem
3384 876 3559 925 cutem
3576 887 3592 933 ς

2011 945 2141 1015 ipsa:
2166 961 2296 1017 ergo
2339 947 2537 1003 divitia:
2583 949 2735 1006 bona:
2779 963 2904 1019 sunt
2937 971 2950 1008 :
2981 955 3074 1010 sed
3110 958 3209 1012 ista
3249 960 3427 1015 munia
3457 960 3592 1018 bona

2010 1050 2130 1105 qua:
2174 1041 2607 1105 commemoravi,
2652 1057 2684 1097 a
2711 1042 2865 1100 bonis
2882 1055 2936 1101 et
2961 1047 3115 1102 malis
3135 1047 3317 1105 haberi
3342 1060 3591 1121 possunt;

2011 1137 2066 1185 ct
2092 1145 2212 1185 cum
2239 1130 2373 1187 bona
2404 1133 2530 1198 sint,
2560 1134 2728 1191 bonos
2750 1148 2924 1193 tamen
2954 1138 3251 1196 facerenon
3280 1154 3520 1212 possunt.

2084 1219 2215 1277 CAP
2240 1222 2308 1278 1T
2349 1221 2432 1279 Ill.
2461 1254 2531 1265 -—
2558 1225 2614 1281 ὅ.
2643 1224 2841 1281 Bonum
2865 1228 3074 1301 duplex.
3100 1231 3199 1287 Est
3221 1247 3349 1302 ergo
3371 1232 3591 1298 bonum,

2011 1312 2153 1381 quod
2175 1314 2334 1369 faciat
2357 1314 2551 1371 bonum
2573 1335 2586 1370 :
2610 1329 2662 1373 et
2688 1330 2770 1374 est
2790 1319 3006 1387 bonum,
3031 1322 3169 1380 unde
3187 1323 3349 1381 facias
3374 1325 3589 1381 bonum.

2013 1402 2218 1459 Bonum
2267 1405 2408 1476 quod
2452 1407 2578 1462 facit
2617 1408 2836 1475 bonum,
2870 1411 3009 1468 Deus
3032 1421 3135 1468 est.
3166 1413 3283 1469 Non
3307 1418 3448 1472 enim
3472 1418 3595 1472 facit

2015 1493 2286 1549 hominem
2313 1495 2531 1564 bonum,
2551 1498 2649 1554 ιιὶςί
2671 1500 2760 1555 ille
2780 1503 2869 1573 qui
2891 1517 3103 1575 semper
3125 1516 3209 1561 est
3234 1506 3421 1563 bonus.
3456 1509 3595 1581 Ergo

2017 1597 2074 1642 ut
2096 1588 2171 1644 sis
2201 1589 2391 1657 bonus,
2434 1590 2603 1646 Deum
2643 1593 2850 1649 invoca.
2891 1596 3046 1652 Aliud
3083 1607 3259 1654 autem
3288 1600 3485 1655 bonum
3511 1611 3594 1655 est

2016 1680 2153 1737 unde
2178 1681 2338 1737 iacias
2367 1682 2562 1738 bonum
2580 1702 2593 1738 :
2612 1684 2661 1738 id
2689 1695 2791 1750 est,
2813 1688 3066 1759 quidquid
3089 1689 3358 1745 habueris.
3389 1692 3592 1746 Aurum

2012 1781 2117 1840 est,
2144 1784 2418 1845 argentum
2446 1784 2560 1842 est;
2592 1775 2789 1832 bonum
2808 1787 2909 1843 est,
2944 1795 3049 1835 non
3068 1779 3209 1851 quod
3240 1789 3291 1836 te
3315 1781 3473 1836 faciat
3494 1781 3594 1837 bo-

2016 1879 2164 1927 num,
2184 1864 2276 1919 sed
2300 1863 2437 1920 unde
2464 1864 2624 1921 facias
2644 1866 2861 1922 bonum.
2890 1868 3067 1925 llabes
3087 1886 3297 1939 aurum,
3326 1871 3492 1927 habes
3510 1886 3599 1926 ar-

2013 1964 2268 2026 gentum;
2295 1965 2348 2011 et
2381 1958 2718 2028 concupiscis
2744 1975 2933 2013 aurum
2963 1969 3018 2016 et
3050 1962 3384 2033 concupiscis
3407 1978 3598 2034 argen-

2016 2055 2153 2101 tum.
2186 2047 2254 2102 Et
2279 2046 2465 2115 habes,
2495 2059 2550 2104 ct
2586 2050 2954 2120 concupiscis;
2980 2060 3037 2106 et
3066 2053 3255 2122 plenus
3280 2060 3442 2120 εχει
3458 2054 3595 2108 sitis.

2015 2136 2231 2194 Morbus
2256 2146 2359 2205 est,
2385 2147 2442 2195 et
2469 2153 2572 2194 non
2598 2139 2892 2209 opulentia.
2921 2141 3058 2196 Sunt
3086 2141 3332 2198 homines
3362 2143 3414 2198 lu
3442 2156 3592 2198 mor-

2016 2227 2107 2295 ho,
2151 2227 2375 2284 humore
2425 2227 2568 2298 pleni
2605 2238 2750 2296 sunt,
2782 2239 2836 2284 et
2874 2245 3088 2301 semper
3113 2230 3317 2286 sitiunt.
3363 2232 3598 2288 Homere

2017 2317 2157 2388 pleni
2184 2326 2328 2381 sunt,
2366 2328 2421 2373 et
2463 2318 2743 2374 humorem
2779 2319 2983 2375 sitiunt.
3030 2319 3312 2389 Quomodo
3344 2336 3478 2394 ergo
3499 2323 3598 2378 tle-

2018 2407 2182 2464 lectas
2205 2408 2554 2478 opulentiam,
2585 2409 2673 2480 qui
2706 2409 2871 2466 habes
2897 2409 3190 2482 hydrupem
3211 2413 3598 2482 concupiscet!»

2019 2499 2145 2557 tiam
2175 2500 2233 2555 ³2
2260 2499 2437 2556 Habes
2475 2515 2605 2572 ergo
2643 2516 2855 2564 aurum,
2879 2501 3076 2557 bonum
3124 2511 3206 2559 est
3237 2521 3252 2556 :
3280 2502 3467 2572 babes,
3494 2514 3599 2559 non

2020 2592 2159 2649 unde
2177 2593 2251 2650 sis
2274 2592 2464 2659 bonus,
2491 2593 2586 2648 sed
2610 2594 2749 2649 unde
2773 2593 2936 2649 facias
2959 2594 3176 2649 bonum.
3201 2594 3356 2662 Quod
3380 2595 3598 2663 hauritu,

2020 2684 2215 2754 inquis,
2245 2682 2482 2740 facturus
2504 2698 2625 2740 stuu
2644 2683 2713 2741 de
2736 2686 2905 2740 auro?
2929 2684 3046 2741 Non
3064 2685 3260 2742 audisti
3291 2686 3601 2743 Palmum?

2019 2775 2290 2845 Dispersit,
2318 2774 2508 2846 inquit,
2535 2775 2673 2831 dedit
2693 2774 2997 2845 pauperibus
3017 2791 3037 2839 ,'
3053 2776 3260 2847 iustitia
3280 2778 3410 2849 .ejus
3435 2788 3604 2833 tranet

2020 2869 2071 2924 in
2098 2868 2340 2923 sa’cnltmt
2364 2867 2539 2922 swcuti
2569 2865 2739 2937 (Psat.
2772 2882 2861 2933 cx,
2891 2866 2969 2935 9).
3000 2866 3113 2924 Hoc
3140 2877 3225 2924 est
3252 2867 3471 2933 bonum,
3500 2867 3605 2923 hoc

2004 2970 2103 3019 cst
2128 2961 2324 3017 bonum
2354 2958 2496 3015 unde
2519 2959 2691 3015 bonus
2711 2975 2792 3025 es,
2814 2958 3017 3029 iustitia
3041 2961 3083 3012 ⁸.
3109 2958 3165 3015 Si
3214 2958 3381 3016 habes
3404 2959 3604 3017 bonum

2022 3051 2160 3107 unde
2185 3053 2259 3107 sis
2285 3053 2489 3116 bonus;
2523 3053 2603 3106 lac
2625 3051 2822 3106 bonum
2855 3050 2925 3107 de
2955 3051 3095 3108 bono
3124 3051 3267 3108 unde
3290 3066 3397 3108 non
3416 3066 3476 3109 ω
3505 3051 3602 3109 bo-

2022 3160 2140 3200 nus.
2174 3143 2348 3199 llahcs
2388 3141 2688 3212 pecuniam,
2739 3157 2921 3213 eroga.
2978 3143 3260 3215 Erogando
3302 3144 3604 3215 pecuniam,

2020 3250 2184 3307 auges
2203 3235 2476 3305 justitiam.
2498 3233 2928 3306 Dispersiteuim,
2944 3235 3385 3305 distribuit,dedit
3413 3254 3607 3310 panpe-

2020 3327 2192 3390 ritms;
2231 3327 2433 3396 justitia
2477 3327 2589 3398 ejus
2636 3337 2803 3383 manet
2847 3328 2902 3382 in
2951 3328 3193 3383 stet-ultori
3243 3329 3437 3384 muti.
3473 3328 3609 3386 Vide

2021 3417 2147 3487 quid
2176 3417 2468 3481 minuatur,
2492 3427 2546 3473 et
2572 3416 2697 3487 quid
2743 3426 3019 3488 augeatur.
3066 3418 3321 3474 Minuitur
3359 3421 3605 3488 pecunia,

2021 3517 2242 3580 augetur
2258 3508 2486 3578 justitia.
2519 3509 2650 3565 lllud
2685 3510 2940 3566 minuitur
2956 3511 3099 3582 quod
3125 3527 3246 3568 eras
3262 3512 3605 3577 dimissurus,

2024 3598 2152 3655 illud
2179 3598 2430 3653 minuitur
2444 3599 2584 3668 quod
2597 3614 2716 3655 eras
2741 3600 3022 3658 relicturus
3040 3619 3054 3657 :
3076 3601 3206 3658 illud
3225 3610 3449 3675 augetur
3465 3605 3605 3676 quod

2024 3692 2075 3747 in
2102 3698 2357 3745 mtcruum
2377 3705 2437 3746 es
2466 3706 2831 3761 possessurus.

2093 3780 2316 3837 CAPUT
2356 3780 2444 3835 ιν.
2471 3782 2620 3837 -ι.
2668 3781 2943 3855 Erogattda
2985 3786 3218 3856 pecunia,
3267 3794 3322 3840 at
3363 3786 3611 3842 laetentur

2014 3874 2235 3944 jnstitia.
2292 3872 2558 3928 Mendicus
2601 3872 2717 3928 Dei.
2762 3873 2844 3929 Ad
2889 3876 3159 3942 petendum
3200 3876 3611 3934 similitudinibus

2023 3965 2165 4019 Βεαε
2180 3964 2429 4021 hortatur.
2445 3963 2740 4021 Consilium
2768 3967 2839 4021 do
2868 3966 3159 4030 lttcrorum,
3185 3966 3333 4023 disce
3358 3969 3606 4024 mercari.

2025 4056 2234 4112 Laudas
2260 4057 2403 4112 enim
2430 4065 2816 4124 mercatorem,
2858 4058 2950 4129 qui
2977 4057 3159 4113 vendit
3205 4059 3477 4128 plumbum
3502 4098 3517 4124 ,
3558 4068 3613 4116 ct

2024 4150 2249 4219 acquirit
2271 4163 2459 4202 aurum
2481 4165 2495 4213 ;
2517 4157 2571 4203 et
2597 4164 2702 4203 non
2730 4147 2915 4205 laudas
2942 4159 3287 4205 mercatorem
3308 4151 3397 4221 qui
3426 4161 3614 4221 emunt

2025 4239 2325 4310 pecuniam,
2348 4247 2402 4294 et
2425 4239 2651 4309 acquirit
2672 4240 2973 4309 justitiam?
3001 4240 3111 4297 Sed
3135 4256 3254 4312 ego,
3278 4242 3474 4312 inquis,
3507 4256 3612 4298 non

2026 4344 2188 4401 erogo
2214 4329 2512 4397 pecuniam,
2542 4330 2660 4400 quia
2688 4346 2791 4386 non
2814 4329 2986 4386 habeo
3001 4331 3280 4402 justitiam.
3305 4333 3495 4404 Eroget
3520 4349 3613 4405 pec

2026 4419 2260 4483 cnniam,
2279 4419 2367 4489 qui
2390 4418 2548 4475 habet
2566 4419 2826 4489 justitiam
2852 4440 2865 4476 :
2891 4438 2990 4493 ego
3014 4438 3119 4477 non
3144 4424 3316 4480 habeo
3329 4424 3608 4495 justitiam,

2028 4509 2253 4567 habeant
2272 4510 2352 4565 vel
2373 4512 2671 4581 muniam.
2697 4513 2837 4584 Ergo
2859 4514 2982 4583 quia
3011 4528 3115 4568 non
3139 4514 3304 4570 habes
3332 4516 3611 4586 justitiam,

2029 4602 2147 4658 ideo
2184 4620 2289 4659 nou
2332 4604 2411 4658 vis
2453 4614 2673 4675 erogare
2710 4607 3026 4676 pecuniam?
3060 4606 3228 4677 Magis
3256 4623 3420 4679 eroga
3449 4624 3613 4679 pecu-

2029 4693 2191 4759 niam,
2224 4704 2281 4748 ut
2308 4693 2506 4748 habeas
2535 4694 2813 4763 justitiam.
2838 4696 2882 4749 A
2910 4711 3017 4766 quo
3040 4697 3183 4751 enim
3211 4697 3429 4754 habebis
3452 4698 3614 4768 justi-

2029 4786 2179 4852 tiam,
2213 4786 2313 4841 nisi
2330 4801 2362 4840 a
2396 4785 2502 4840 Deo
2524 4785 2669 4840 fonte
2690 4786 2952 4853 justitim?
2976 4787 3118 4857 Ergo
3145 4788 3188 4842 si
3211 4788 3291 4843 vis
3320 4789 3516 4845 habere
3530 4790 3619 4859 jtta

2029 4877 2226 4932 stitiatu
2250 4917 2266 4942 ,
2307 4886 2423 4932 esto
2468 4875 2742 4932 mendicus
2782 4876 2872 4932 Dei
2896 4919 2913 4943 ,
2957 4876 3050 4946 qtti
3092 4887 3143 4933 te
3182 4878 3340 4946 paulo
3377 4888 3503 4935 ante
3548 4896 3615 4936 ex

2030 4967 2318 5037 Evangelia
2344 4976 2399 5020 ut
2430 4974 2675 5035 peteres,
2710 4981 3011 5037 quaereres,
3040 4967 3308 5037 pulsares,
3342 4970 3613 5026 mouebat.

2030 5058 2324 5114 Mendicum
2354 5072 2509 5111 suum
2534 5057 2758 5122 sciebat,
2778 5066 2832 5112 et
2854 5071 2980 5113 cccc
3006 5056 3391 5127 paterfamilias
3417 5068 3472 5114 et
3500 5075 3615 5114 ma-

2031 5164 2166 5221 gnus
2194 5148 2363 5210 dives,
2384 5146 2684 5203 divitiarum
2714 5149 2917 5204 scilicet
2939 5148 3290 5218 spiritualium
3315 5158 3371 5205 et
3392 5159 3617 5206 acterna-

2033 5256 2172 5306 rtun,
2205 5239 2465 5302 hortatur,
2495 5248 2550 5294 et
2571 5237 2701 5294 dicit
2730 5240 2820 5294 tibi
2854 5260 2867 5293 :
2900 5239 3046 5306 Pete,
3075 5257 3253 5311 quam:
3273 5283 3287 5306 ,
3317 5241 3484 5310 pulsa.
3517 5244 3618 5308 Qui

2034 5332 2154 5402 petit
2178 5331 2359 5402 accipit
2383 5347 2401 5386 :
2426 5346 2655 5402 quwrens
2682 5332 2868 5386 inuenit
2894 5347 2913 5384 :
2938 5331 3161 5402 pulsanti
3183 5333 3454 5402 aperietur.
3480 5331 3619 5388 llor-

2034 5436 2176 5482 tatur
2199 5436 2257 5481 ut
2275 5437 2426 5497 petas
2450 5444 2463 5480 :
2492 5426 2702 5498 negabit
2727 5426 2868 5498 quod
2894 5412 3067 5496 petis?

2060 5622 2069 5631 '
2097 5562 2114 5593 ι
2142 5558 2272 5669 Αριιὲ
2295 5564 2367 5609 Er.
2411 5559 2557 5622 Lugd.
2597 5566 2738 5621 \‘cu.,
2781 5556 2866 5623 qni
2900 5556 3046 5609 habes
3078 5556 3347 5625 hydropem
3379 5557 3621 5611 corruim-

2060 5634 2165 5669 tmn.
2232 5656 2243 5669 .
2276 5656 2289 5669 .

2032 5630 2165 5673 tiam.
2232 5630 2289 5669 Μ.

2098 5686 2117 5715 ²
2143 5683 2278 5753 aditi,
2302 5683 2430 5731 unde
2454 5681 2518 5732 sis
2531 5680 2722 5745 justitit
2746 5682 2907 5736 bonus.
2949 5685 3249 5748 tastigantut'
3281 5684 3360 5737 hic
3383 5696 3480 5750 ope
3516 5696 3621 5736 ωε·

2038 5753 2408 5809 ιιιιδριψιοτυιιι.
