3954 6186
481 377 585 433 illi

485 500 658 554 vimus
678 540 693 563 ,
717 512 839 554 cum
871 498 1213 569 Evangelium
1241 498 1533 570 legeretur,
1564 499 1719 554 lldcm
1750 507 1986 552 nostram
2018 495 2071 549 in

485 590 781 645 humilitate
825 589 1051 646 laudati.
1083 592 1165 647 Ad
1213 592 1429 648 domum
1487 593 1683 663 quippe
1735 591 2072 648 Centurinnis

481 696 603 734 cum
633 697 692 734 se
736 681 1069 748 promitteret
1092 683 1347 739 Dominus
1389 684 1543 739 Jcsus
1582 684 1813 751 iturmu,
1844 692 1901 737 ut
1944 699 2072 752 pne-

482 788 601 826 rmu
630 774 749 845 ejus
798 788 1044 841 sanaret,
1096 778 1184 832 ille
1215 777 1492 848 rcSpondit
1522 796 1536 834 :
1569 776 1692 832 Non
1739 792 1847 831 sunt
1893 778 2076 848 dignus

481 875 535 917 ut
558 866 650 919 sub
677 876 858 921 tectum
884 884 1049 923 meum
1078 871 1234 924 intres
1266 887 1285 925 :
1308 870 1397 925 sed
1423 880 1617 925 tantum
1656 870 1738 923 dic
1766 870 1967 924 verbum
1988 912 2002 933 ,
2030 880 2076 923 et

481 958 762 1013 sanabitur.
812 961 1046 1017 Dicenda
1075 978 1134 1018 se
1186 964 1458 1035 indignum
1485 1006 1501 1030 ,
1530 963 1780 1033 praestitit
1811 963 2028 1033 dignum
2054 978 2070 1027 ;

483 1066 590 1104 non
616 1051 668 1105 in
695 1052 848 1121 cujus
875 1055 1105 1123 parietes
1126 1096 1141 1119 ,
1190 1055 1284 1110 sed
1327 1056 1379 1111 in
1406 1057 1557 1126 cujus
1596 1071 1690 1112 cor
1715 1054 1961 1111 Christus
1999 1055 2078 1110 in-

484 1149 668 1195 traret.
696 1141 998 1213 Nequehoc
1017 1146 1352 1202 diceretcum
1377 1157 1520 1202 tanta
1543 1146 1645 1202 ﬁde
1665 1154 1720 1203 et
1744 1146 2041 1202 humilitate
2060 1187 2075 1210 ,

485 1233 586 1287 nisi
618 1234 799 1299 illum,
831 1250 990 1304 quem
1037 1237 1257 1293 timebat
1310 1240 1508 1294 intrare
1533 1240 1586 1293 in
1631 1238 1848 1293 domum
1880 1253 2029 1293 suam
2055 1278 2069 1301 ν

482 1322 650 1378 corde
673 1334 923 1394 gestaret.
949 1326 1080 1381 Nam
1113 1343 1218 1383 non
1246 1341 1360 1384 erat
1405 1345 1593 1400 magna
1614 1328 1865 1393 felicitas,
1899 1328 1943 1383 si
1981 1329 2078 1385 Do.

486 1412 661 1467 mimts
683 1413 841 1470 Jesus
864 1416 1084 1472 intraret
1105 1418 1159 1472 in
1182 1421 1409 1489 parietes
1454 1422 1571 1488 ejus
1594 1462 1607 1485 ,
1634 1431 1687 1476 et
1714 1436 1817 1475 non
1854 1430 1995 1476 esset
2025 1421 2077 1476 in

459 1516 705 1574 pectore
732 1508 869 1576 ejus.
900 1508 1149 1580 Magister
1172 1511 1367 1582 quippe
1399 1512 1712 1566 humilitatis
1739 1521 1795 1568 ct
1837 1514 2002 1567 verbo
2026 1522 2080 1566 et

487 1598 772 1668 exemplo,
809 1599 1083 1657 discubuit
1128 1613 1182 1657 et
1232 1604 1284 1658 iu
1328 1604 1487 1658 domo
1513 1602 1788 1671 cujusdam
1831 1602 2078 1673 pharisaai

484 1689 728 1758 superbi,
781 1693 997 1749 nomine
1025 1694 1259 1750 Simonis
1309 1696 1459 1768 (Luc.
1487 1712 1557 1751 vn
1579 1739 1593 1760 ,
1622 1696 1739 1765 56).
1784 1698 1990 1751 Etcum
2025 1697 2075 1750 in

482 1781 646 1832 domo
662 1781 779 1849 ejus
820 1786 1189 1851 recumberet,
1237 1803 1341 1842 nou
1384 1797 1500 1844 erat
1550 1790 1601 1843 in
1645 1789 1808 1845 corde
1836 1791 1950 1859 ejus
1991 1789 2077 1846 ubi

484 1878 644 1937 caput
658 1869 823 1927 Filius
844 1872 1075 1929 hominis
1099 1877 1402 1934 reclinaret.

555 1959 612 2012 2.
665 1960 933 2031 Superbus
978 1982 1009 2018 a
1066 1966 1374 2038 discipulam
1431 1969 1618 2024 Christi
1659 1963 1906 2042 repulsus.
1965 1970 2079 2024 Vita

482 2053 704 2119 animm,
759 2054 917 2110 Deus.
969 2057 1044 2114 lta
1092 2061 1235 2116 enim
1272 2062 1555 2131 quemdam
1577 2064 2078 2133 superlmm,qnan-

485 2151 596 2196 tum
626 2143 946 2216 intelligitur
966 2164 1029 2202 ex
1065 2151 1243 2205 verbis
1269 2152 1434 2221 ipsius
1459 2152 1667 2207 Domini
1694 2197 1707 2214 ,
1733 2153 1874 2208 nitro
1894 2170 2073 2208 secum

489 2235 567 2291 ire
588 2238 891 2307 cupientem
917 2282 939 2306 ,
964 2254 999 2294 θ
1039 2256 1138 2296 suo
1181 2242 1498 2313 discipulam
1548 2246 1849 2304 remeavit.
1882 2246 2081 2317 Sequar

482 2338 551 2393 te,
587 2327 830 2397 Domine,
859 2333 956 2396 ait,
981 2346 1291 2407 quocumque
1316 2337 1453 2392 ieris.
1491 2336 1555 2391 Et
1575 2336 1841 2393 Dominus
1886 2338 1942 2392 in
1965 2338 2081 2407 ejus

482 2417 647 2474 corde
687 2419 968 2476 invisibilia
998 2422 1221 2480 videns:
1269 2424 1490 2498 Vulpes,
1535 2427 1739 2499 inquit,
1769 2432 1938 2500 foveas
1981 2429 2078 2485 ha-

485 2509 599 2561 bent
621 2549 634 2571 ,
663 2519 711 2564 et
731 2511 958 2566 volatilia
984 2516 1097 2569 cali
1123 2515 1268 2570 nidos
1291 2532 1310 2571 :
1335 2515 1381 2570 F
1382 2518 1501 2571 ilius
1524 2528 1689 2573 autem
1736 2519 1951 2576 hominis
1979 2536 2080 2574 non

467 2599 634 2652 ‘hubet
663 2601 746 2654 ubi
770 2613 928 2672 caput
950 2619 1097 2658 suum
1125 2605 1350 2661 reclinet;
1383 2608 1492 2664 lloc
1510 2618 1592 2664 est
1611 2652 1625 2674 ,
1657 2609 1905 2665 Habitant
1930 2610 1982 2665 in
2027 2619 2080 2666 te

488 2687 697 2744 insidize
723 2691 861 2746 sicut
878 2693 1070 2763 vulpes
1096 2738 1111 2760 ,
1137 2695 1339 2752 habitat
1362 2700 1609 2768 superbia
1656 2701 1792 2756 sicut
1816 2700 1937 2759 ρωιὶ
1981 2714 2079 2756 vo-

481 2777 642 2832 latilia
671 2796 685 2836 :
709 2780 872 2838 Filius
900 2794 1078 2840 autem
1115 2786 1345 2844 hominis
1373 2789 1599 2861 simplex
1625 2803 1809 2849 contra
1834 2793 2076 2856 insidias,

483 2872 695 2928 Immitis
721 2885 914 2957 contra
932 2879 1237 2948 superbiam
1261 2923 1275 2946 ,
1306 2897 1410 2937 nou
1440 2882 1599 2939 haLet
1629 2884 1715 2939 ubi
1742 2895 1899 2957 caput
1917 2904 2071 2944 suum

481 2965 722 3021 reclinet.
757 2954 820 3023 Et
847 2968 958 3038 ipsa
980 2971 1268 3026 reclinatio
1294 2974 1482 3044 capitis
1506 3018 1521 3040 ,
1550 2991 1654 3032 non
1705 2979 1905 3033 erectio
1923 3020 1939 3045 ,
1982 2979 2080 3036 lm-

486 3054 728 3111 tnilitatis
750 3059 999 3130 magistra
1025 3071 1127 3117 est.
1154 3062 1389 3119 Revoeat
1416 3081 1543 3138 ergo
1570 3068 1727 3123 istum
1764 3069 1840 3126 ire
1858 3072 2078 3142 cupien-

486 3162 592 3204 tem
619 3193 632 3211 ,
661 3151 823 3206 trahit
864 3154 1024 3209 aliqu
1063 3166 1420 3214 recusantem.
1467 3159 1669 3217 Eodem
1718 3164 1913 3234 quippe
1961 3163 2078 3221 loco

481 3243 553 3294 ait
576 3242 784 3298 cuidam
814 3262 828 3299 :
862 3245 1082 3316 Sequere
1102 3265 1199 3303 me.
1226 3247 1294 3305 Et
1323 3250 1412 3305 ille
1443 3269 1456 3306 :
1481 3252 1680 3324 Sequar
1702 3265 1751 3310 te
1771 3297 1787 3323 ,
1820 3254 2038 3314 Domine
2059 3275 2079 3313 :

480 3334 581 3387 sed
596 3334 704 3389 sine
724 3353 803 3391 me
819 3338 981 3408 primo
1006 3339 1082 3395 ire
1100 3349 1146 3395 et
1174 3343 1384 3412 sepelire
1412 3354 1605 3415 patrem
1630 3363 1815 3404 meum.
1844 3348 1937 3405 Pie
1960 3348 2079 3421 qui-

474 3423 603 3479 dem
647 3428 960 3483 excusavit:
995 3440 1048 3485 et
1078 3430 1197 3487 ideo
1236 3431 1444 3504 dignior
1471 3436 1624 3505 cujus
1652 3439 1928 3494 excusatio
1982 3455 2076 3495 re-

488 3528 794 3574 moveretur
810 3562 826 3588 ,
850 3521 1056 3577 vacatio
1079 3523 1396 3588 ﬁrmaretur.
1425 3526 1576 3583 Pium
1625 3539 1740 3585 erat
1765 3535 1907 3603 quod
1929 3533 2075 3589 volc-

485 3609 572 3663 bat
611 3607 790 3666 facere
819 3628 834 3667 :
861 3610 956 3667 sed
995 3612 1175 3670 docuit
1198 3616 1449 3688 magister
1471 3618 1597 3690 quid
1617 3620 1839 3679 deberet
1863 3618 2073 3696 μηνυο-

386 3770 391 3773 Χ
484 3714 630 3755 nere.
654 3699 877 3758 Volebat
903 3706 1044 3760 enim
1067 3721 1185 3761 eum
1212 3723 1331 3764 esse
1346 3702 1449 3766 vivi
1472 3712 1623 3769 verbi
1646 3715 2069 3787 praedicatorem,

481 3790 553 3845 ad
575 3791 844 3851 faciendos
889 3796 1139 3854 victuros.
1193 3799 1356 3856 Erant
1395 3812 1577 3860 autem
1616 3805 1744 3874 alii,
1796 3824 1892 3880 per
1937 3826 2073 3882 quas

476 3882 571 3937 illa
600 3884 892 3940 necessitas
912 3887 1241 3958 impleretur.
1271 3891 1428 3960 Siue,
1456 3893 1662 3965 inquit,
1688 3908 1912 3955 mortuos
1930 3918 2074 3972 sepe-

470 3970 579 4026 ‘lirc
602 3983 827 4031 mortuos
863 3992 985 4033 suos
1026 3977 1136 4049 (Id.
1176 3996 1232 4035 tx
1255 4024 1270 4048 ,
1299 3982 1510 4056 57-60).
1543 3985 1789 4044 lulidclcs
1845 3970 2073 4048 cadaver

478 4062 699 4132 quando
726 4067 988 4136 sepeliant
1011 4111 1026 4136 ,
1055 4072 1246 4125 mortui
1297 4083 1563 4131 mortuum
1611 4078 1894 4148 sepeliant.
1926 4081 2071 4138 Illius

480 4166 680 4223 corpus
698 4157 927 4212 auintam
956 4159 1187 4229 perdidit
1211 4177 1224 4214 :
1254 4162 1465 4220 illorum
1504 4168 1679 4223 anima
1715 4170 1897 4226 Deum.
1923 4171 2071 4230 Sicut

474 4243 626 4298 ’euim
667 4245 773 4301 vita
797 4251 1037 4318 corporis
1066 4251 1239 4306 anima
1269 4263 1351 4309 est
1376 4273 1388 4308 :
1420 4256 1499 4313 sic
1538 4257 1641 4314 vita
1680 4262 1873 4318 anima:
1904 4263 2065 4320 Deus.

480 4332 628 4389 Sicut
654 4337 890 4406 exspirat
913 4354 1107 4410 corpus
1128 4382 1144 4406 ,
1168 4357 1287 4397 cum
1318 4344 1550 4402 animam
1605 4352 1800 4408 emittit
1829 4371 1841 4407 :
1873 4353 1942 4409 ita
1970 4371 2067 4411 cx-

483 4426 649 4494 spirat
673 4429 878 4495 anima,
906 4446 1026 4486 cum
1053 4432 1215 4487 Deum
1238 4437 1448 4492 atnittit.
1480 4439 1618 4496 Deus
1638 4442 1866 4500 amissus
1885 4487 1902 4514 ,
1922 4462 2069 4505 mors

483 4520 677 4574 aniune
708 4537 721 4572 :
750 4522 925 4576 anima
953 4523 1147 4579 emissa
1168 4567 1181 4588 .
1212 4542 1357 4581 mors
1377 4532 1635 4599 corporis.
1664 4532 1804 4591 Mors
1828 4541 2068 4609 corporis

476 4607 784 4665 'necessaria
819 4629 833 4667 :
865 4627 1009 4668 mors
1035 4613 1227 4670 anima:
1254 4619 1570 4675 voluntaria.

552 4696 608 4755 3.
663 4699 980 4759 Centurionis
1031 4685 1159 4774 ﬁdis
1213 4708 1265 4762 in
1330 4709 1631 4769 humilitate.
1694 4716 2068 4780 Discutnbehat

474 4794 611 4861 ergo
639 4791 894 4849 Dominus
941 4795 993 4851 in
1031 4794 1191 4851 domo
1217 4796 1463 4868 pharisaei
1510 4803 1785 4873 cujusdam
1826 4814 2062 4880 superbi.

476 4883 540 4940 lu
571 4883 729 4938 domo
754 4884 869 4957 ejus
897 4897 1041 4952 erat,
1087 4898 1142 4943 ut
1187 4889 1327 4955 dixi;
1357 4900 1412 4948 et
1455 4893 1507 4948 in
1559 4905 1774 4966 pectore
1802 4900 1918 4965 ejus
1960 4920 2064 4960 non

481 4983 615 5029 erat.
644 4973 699 5029 lu
730 4974 887 5046 hujus
908 4992 1033 5033 vero
1053 4977 1398 5037 Ceuturiouis
1424 4983 1640 5041 domum
1672 5002 1779 5046 non
1804 4989 2019 5050 intravit
2047 5038 2061 5061 ,

479 5077 535 5121 et
560 5074 743 5136 pertus
762 5068 1018 5137 possedit.
1057 5069 1341 5129 Zacchaaus
1363 5091 1489 5131 vero
1516 5077 1793 5137 Dominum
1813 5092 1867 5139 et
1904 5083 2066 5143 domo

481 5159 715 5228 suscepit
736 5199 752 5224 ,
774 5169 834 5216 ct
858 5161 1039 5216 animo
1067 5161 1178 5235 (Ιά.
1200 5179 1321 5229 nx,
1344 5167 1423 5237 6).
1460 5168 1626 5238 Hujus
1652 5180 1826 5229 tamen
1850 5175 1980 5231 lldes
2010 5178 2062 5235 itt

483 5248 777 5303 humilitate
806 5249 1067 5305 laudatur.
1100 5252 1239 5307 Dixit
1267 5255 1410 5310 enim
1436 5299 1449 5320 ,
1485 5256 1606 5313 Non
1647 5277 1759 5315 sum
1797 5263 1981 5335 dignus
2009 5276 2064 5322 ut

479 5338 569 5392 sub
595 5349 779 5393 tectum
805 5357 967 5394 meum
982 5342 1154 5398 intres.
1186 5344 1255 5399 Et
1283 5346 1568 5415 Dominus,
1598 5352 1757 5406 Amen
1775 5354 1889 5408 dico
1905 5358 2059 5424 vobis,

478 5446 579 5484 non
606 5431 766 5486 inveni
813 5441 1004 5487 tantam
1024 5432 1177 5502 ﬁdem
1200 5436 1252 5489 in
1272 5435 1435 5494 Israel
1462 5455 1481 5493 :
1508 5442 1801 5500 secundum
1824 5462 2059 5504 carnem.

479 5521 610 5577 Nam
635 5535 690 5579 et
736 5524 833 5580 iste
875 5525 985 5596 jam
1014 5525 1277 5583 Israclitrs
1307 5539 1421 5586 erat
1459 5534 1750 5591 secundum
1794 5539 2058 5610 spiritum.

480 5611 711 5669 Venerat
741 5616 994 5671 Dominus
1020 5618 1086 5673 ad
1119 5618 1362 5676 lsraelcm
1401 5626 1668 5682 carnalem
1695 5669 1710 5693 ,
1751 5629 1801 5686 id
1849 5642 1962 5697 cst,
1994 5636 2059 5689 ad

478 5696 726 5771 Judtcos,
763 5707 832 5761 ibi
885 5708 1109 5776 primunt
1137 5730 1377 5782 quaerere
1406 5731 1536 5773 oves
1574 5721 1807 5789 perditas
1831 5766 1845 5789 ,
1879 5726 1929 5780 iu
1954 5745 2061 5797 quo

481 5796 676 5862 poplth
701 5835 713 5858 ,
742 5807 792 5851 et
812 5798 874 5850 dc
903 5815 1007 5866 quo
1034 5804 1225 5872 popqu
1256 5806 1412 5862 etiam
1443 5825 1639 5880 (orptts
1661 5796 2017 5888 assumpscrat
2045 5840 2054 5875 :

1713 377 1768 433 S.
1812 370 2172 432 Αυειείἰκι
2204 373 2517 434 Ειιιθαωρι

3657 391 3775 448 πθ

2185 493 2301 549 Non
2328 495 2398 551 ibi
2422 499 2586 553 iuveni
2610 509 2798 555 tantam
2828 502 2981 572 [idem
3001 547 3014 570 ,
3048 500 3160 576 ipse
3188 503 3333 566 dicit.
3358 507 3643 567 Possumus
3667 530 3765 570 nos

2179 590 2349 643 metiri
2373 591 2529 646 fidem
2562 593 2832 649 hominum
2858 637 2873 661 ,
2898 596 3036 652 sicut
3063 596 3305 654 homines
3339 616 3354 655 :
3389 596 3479 657 ille
3505 605 3593 674 qui
3618 607 3754 662 inie-

2178 680 2316 734 riora
2363 683 2646 748 comebat,
2689 685 2776 742 ille
2803 702 2960 756 quem
3007 703 3164 744 nemo
3210 688 3461 757 fallebat,
3493 693 3754 764 perhibuit

2181 771 2538 826 testimonium
2568 775 2715 829 cordi
2745 775 2976 833 homin’s
3010 777 3262 837 .andiens
3292 784 3452 838 verba
3494 784 3762 843 humilita-

2180 862 2248 915 tis
2267 904 2282 925 ,
2309 866 2655 931 pronuntians
2677 870 2993 924 sententiam
3019 871 3283 929 sanitatis.

2251 953 2474 1012 CAPUT
2509 955 2571 1010 ll.
2601 987 2671 998 —
2693 958 2748 1014 4.
2801 958 2867 1013 lu
2926 963 3214 1018 centurione
3272 963 3454 1021 Gentes
3509 968 3761 1041 ﬁgurant.

2181 1042 2342 1098 Unde
2362 1055 2538 1100 autem
2576 1045 2676 1104 hoc
2715 1052 3094 1121 pnesutupsit?
3119 1051 3188 1107 Et
3217 1069 3308 1127 ego
3328 1097 3343 1121 ,
3379 1056 3549 1131 inquit
3573 1101 3588 1124 ,
3616 1062 3765 1115 homo

2180 1149 2290 1187 sum
2317 1135 2408 1189 sub
2430 1146 2672 1205 potestate
2698 1142 2996 1197 constitutus
3018 1185 3034 1208 ,
3067 1143 3254 1201 habens
3292 1148 3386 1203 sub
3434 1166 3512 1204 me
3536 1152 3720 1206 milites
3744 1171 3762 1217 ;

2181 1234 2237 1279 et.
2254 1226 2368 1281 dico
2395 1226 2512 1282 huic
2532 1271 2549 1293 ,
2591 1227 2731 1284 Vade
2752 1273 2767 1298 ,
2798 1241 2846 1286 et
2875 1234 3052 1298 vadit;
3079 1244 3126 1288 et
3148 1236 3273 1302 alii,
3327 1236 3451 1293 Veni
3477 1281 3492 1306 ,
3519 1251 3567 1295 ct
3590 1245 3717 1298 venit
3743 1263 3771 1310 ;.

2180 1327 2229 1372 et
2255 1334 2397 1373 servo
2418 1336 2529 1375 meo
2549 1362 2565 1386 ,
2598 1319 2705 1375 Fac
2730 1323 2824 1377 hoc
2845 1366 2860 1389 ,
2891 1335 2939 1379 et
2958 1327 3099 1396 facit.
3128 1327 3370 1384 Potestas
3399 1347 3518 1386 sum
3546 1334 3777 1406 quibusq

2181 1408 2302 1465 dam
2333 1412 2432 1466 sub
2475 1428 2561 1467 me
2592 1415 2775 1482 positis
2798 1457 2814 1481 ,
2862 1416 3065 1485 positus
3098 1418 3197 1473 sub
3226 1430 3487 1488 potestate
3533 1426 3760 1496 quadam

2180 1514 2343 1571 super
2372 1517 2474 1558 me.
2500 1503 2555 1558 Si
2578 1519 2705 1575 ergo
2724 1520 2855 1576 ego,
2884 1506 3083 1577 inquit,
3115 1510 3275 1565 homo
3319 1512 3419 1566 sub
3454 1502 3721 1583 potestate
3745 1560 3759 1582 .

2176 1591 2395 1662 jubcmli
2422 1592 2593 1649 habeo
2622 1603 2967 1665 potestatem;
2995 1599 3121 1668 quid
3156 1607 3211 1654 ttt
3235 1603 3436 1671 possis,
3460 1605 3545 1659 cui
3579 1623 3764 1665 omnes

2181 1689 2419 1744 serviunt
2447 1692 2775 1760 potcStates?
2803 1695 2928 1749 Erat
2964 1703 3141 1752 autem
3188 1698 3288 1754 iste
3334 1699 3403 1755 de
3453 1700 3766 1758 Gentibus:

2156 1784 2297 1833 erat
2317 1779 2513 1850 quippe
2555 1783 2817 1838 centurio.
2844 1784 2961 1839 Jam
2990 1785 3169 1841 Jttdtea
3196 1802 3326 1859 gens
3367 1788 3602 1847 habebat
3628 1792 3765 1845 tnili-

2183 1878 2289 1927 tem
2319 1872 2541 1930 Romani
2572 1875 2775 1946 imperii
2805 1879 2843 1930 ί.
2864 1877 2940 1933 lbi
2962 1880 3063 1936 istc
3084 1882 3304 1937 militem
3331 1884 3561 1955 agebat,
3595 1902 3767 1956 quan-

2183 1973 2292 2018 tum
2314 1980 2473 2035 agere
2498 1969 2739 2023 centurio
2776 1979 3014 2039 poterat;
3046 1982 3094 2028 et
3127 1974 3226 2029 sub
3248 1983 3548 2046 potestate,
3580 1986 3640 2032 et
3679 1977 3767 2032 ha~

2183 2054 2314 2112 hens
2336 2066 2649 2130 potestatem
2665 2078 2679 2126 ;
2697 2061 2943 2119 subditus
2962 2064 3215 2122 obcdiens
3236 2109 3252 2136 ,
3282 2067 3526 2126 subditos
3550 2087 3764 2142 regens.

2183 2150 2440 2205 Dominus
2460 2160 2643 2208 autem.
2666 2154 2684 2225 (
2708 2152 2851 2225 quod
2878 2155 3117 2213 intendat
3157 2158 3420 2230 prarcipue
3460 2165 3769 2218 necessario

2181 2239 2422 2296 Charitas
2447 2240 2644 2316 vestra)
2669 2286 2684 2311 ,
2715 2247 2960 2314 quamvis
2997 2246 3050 2302 in
3093 2249 3289 2319 populo
3327 2248 3552 2307 Judaico
3580 2265 3727 2309 esset

2176 2331 2287 2404 jam
2315 2335 2688 2403 pronuntiabat
2705 2337 3000 2394 Ecclesiam
3039 2350 3148 2396 toto
3176 2342 3308 2399 orbe
3334 2352 3605 2400 terrarum
3634 2345 3768 2401 lutu-

2183 2438 2336 2490 ram,
2367 2424 2418 2479 in
2447 2440 2606 2496 quam
2642 2435 2758 2483 erat
2781 2427 3040 2487 missurus
3068 2432 3355 2502 Apostolos
3380 2451 3394 2487 :
3419 2435 3535 2506 ipse
3556 2451 3591 2488 a
3632 2436 3769 2492 Geu-

2184 2515 2324 2571 tibus
2352 2531 2453 2572 non
2477 2518 2619 2573 visus
2643 2527 2698 2575 et
2715 2520 2951 2577 creditus
2968 2564 2984 2590 ,
3015 2537 3044 2577 a
3065 2521 3265 2581 Judseis
3291 2524 3434 2582 visus
3454 2537 3508 2583 et
3533 2529 3767 2586 occisus.

2182 2605 2459 2674 Quomodo
2485 2608 2626 2664 enim
2649 2610 2865 2668 domum
2894 2612 3052 2685 hujus
3090 2617 3342 2675 Dominus
3383 2635 3617 2691 corpore
3670 2640 3767 2680 non

2184 2696 2430 2764 intravit,
2459 2708 2513 2755 et
2558 2701 2674 2771 eius
2722 2712 2897 2759 tamen
2951 2705 3110 2763 ﬁdem
3152 2717 3311 2775 atque
3349 2710 3514 2784 ipsam
3547 2706 3768 2771 domum

2182 2790 2376 2844 absens
2418 2804 2680 2861 corpore,
2716 2810 2948 2866 prtesens
2978 2800 3253 2871 majestate
3301 2806 3504 2860 sanavit
3534 2825 3549 2861 :
3596 2808 3679 2863 sic
3720 2820 3769 2866 et

2185 2878 2323 2934 idem
2376 2881 2627 2941 Dominus
2658 2884 2709 2940 in
2755 2886 2872 2942 solo
2898 2889 3085 2945 Imbro
3118 2894 3312 2963 populo
3358 2909 3590 2968 corpore
3641 2897 3766 2962 fuit;

2181 2970 2327 3039 apud
2344 2971 2477 3027 alias
2495 2983 2680 3045 gentes
2697 2990 2796 3032 nec
2822 2978 2888 3034 de
2917 2978 3117 3059 vingine
3144 2993 3299 3041 natus
3318 2996 3400 3041 est
3422 3031 3434 3049 ,
3459 3002 3563 3042 nec
3588 3005 3771 3058 passus

2181 3069 2295 3129 est,
2329 3079 2426 3119 nec
2474 3065 2692 3136 pedibus
2720 3070 3045 3139 ambulavit,
3101 3090 3200 3129 nec
3241 3075 3469 3134 humana
3507 3082 3765 3150 pertulit,

2181 3170 2280 3210 nec
2306 3156 2481 3213 divina
2531 3159 2791 3237 mirabilia
2823 3161 2964 3219 fecit.
3020 3165 3160 3237 Nihil
3210 3167 3403 3226 bonum
3447 3171 3500 3227 in
3556 3177 3768 3230 caeteris

2180 3247 2462 3318 gentibus:
2491 3257 2547 3306 et
2576 3236 2750 3308 tamen
2793 3253 2860 3309 de
2898 3254 2991 3311 illo
3022 3255 3294 3328 impletum
3346 3270 3463 3329 est,
3490 3264 3647 3334 quod
3688 3266 3767 3321 di-

2180 3347 2323 3392 ctum
2344 3349 2479 3407 erat,
2525 3338 2755 3411 Populus
2776 3361 2923 3419 quem
2950 3363 3051 3401 non
3100 3350 3309 3420 cognovi
3329 3391 3344 3415 ,
3374 3352 3580 3407 servivit
3628 3356 3764 3441 mihi.

2179 3426 2491 3497 Quomodo,
2530 3432 2577 3488 si
2616 3449 2719 3489 non
2751 3437 3035 3506 cognovit?
3075 3437 3141 3496 In
3182 3440 3357 3495 auditu
3382 3444 3524 3498 auris
3550 3426 3765 3505 obedivit

2180 3523 2303 3576 mihi
2331 3521 2501 3594 (Psal‘.
2537 3540 2645 3581 xvtt
2666 3568 2679 3590 ,
2703 3528 2813 3598 i5).
2837 3528 3018 3585 Judtea
3040 3547 3170 3603 gens
3198 3535 3441 3604 cognovit
3467 3578 3503 3613 ,1.
3517 3547 3578 3592 et
3598 3541 3762 3595 cruci.

2159 3613 2291 3669 “fixit
2326 3634 2338 3668 :
2371 3615 2518 3672 orbis
2548 3626 2807 3675 terrarum
2835 3620 3071 3690 audivit,
3103 3634 3157 3681 et
3185 3625 3437 3682 credidit.

2248 3705 2472 3765 CAPUT
2513 3706 2596 3765 ill.
2625 3739 2694 3750 —-
2722 3708 2775 3767 5.
2810 3710 2998 3767 Mulier
3026 3725 3237 3785 tangens
3263 3716 3514 3786 [imbrium
3552 3719 3764 3791 Christi,

2160 3802 2290 3852 ‘cum
2331 3816 2443 3854 eum
2487 3801 2634 3856 turba
2680 3805 2878 3873 premit.-
2925 3802 3073 3861 Hanc
3110 3806 3339 3877 quodam
3368 3808 3538 3867 modo.
3567 3812 3765 3868 absen-

2178 3889 2302 3944 tiam
2332 3892 2572 3962 corporis
2600 3893 2680 3947 sui
2708 3902 2763 3949 et
2788 3895 3121 3965 praesentiam
3143 3898 3352 3957 virtutis
3379 3915 3491 3955 sine
3518 3901 3573 3957 in
3596 3902 3767 3962 omni-

2175 3978 2275 4035 bus
2298 3979 2576 4050 Gentibus,
2607 3993 2661 4040 et
2688 3984 2738 4039 iu
2767 3984 2851 4044 illa
2881 3986 3106 4044 muliere
3133 3989 3468 4060 signiﬁcavit,
3498 4009 3624 4063 qua:
3655 3997 3763 4051 timo

2174 4068 2343 4124 briam
2375 4072 2674 4128 vestimenti
2692 4073 2818 4144 ‘ejus
2846 4076 3120 4148 tetigerat,
3147 4093 3265 4134 cum
3293 4080 3515 4152 requicil.
3543 4083 3761 4140 dicens:

2178 4160 2303 4229 Quis
2331 4179 2410 4219 mc
2437 4165 2636 4238 tetigit?
2658 4165 2930 4238 Tanquam
2959 4169 3154 4226 absens
3172 4214 3187 4238 ,
3220 4173 3439 4248 requirit
3465 4194 3479 4229 :
3511 4184 3762 4247 tanquam

2174 4268 2431 4323 pra'sens,
2464 4266 2629 4311 sanat.
2666 4255 2847 4312 Turbae
2872 4268 2937 4326 te,
2973 4261 3213 4332 inquiunt
3242 4262 3508 4335 discipuli,
3536 4269 3762 4339 contpri-

2174 4355 2350 4411 munt,
2395 4356 2442 4399 et
2478 4346 2604 4401 dicis
2632 4362 2654 4401 θ
2681 4346 2805 4414 Quis
2847 4366 2925 4404 me
2965 4350 3124 4428 tetigit
3167 4350 3313 4423 (Luc.
3344 4369 3468 4421 vttt,
3508 4356 3763 4429 45-48)?

2173 4434 2331 4502 Quasi
2357 4439 2496 4492 enim
2526 4439 2604 4495 sic
2629 4440 2946 4509 ambularet,
2979 4454 3087 4499 uta
3114 4445 3261 4501 nullo
3292 4463 3509 4515 prorsus
3534 4465 3766 4520 corpore

2175 4534 2500 4599 tangeretur,
2527 4530 2595 4585 ita
2619 4530 2769 4596 dixit,
2806 4530 2929 4599 Quis
2954 4550 3031 4588 nte
3059 4535 3258 4607 tetigit?
3283 4536 3350 4591 Et
3375 4537 3481 4604 illi,
3512 4538 3700 4595 Turba:
3718 4552 3763 4595 ts

2172 4619 2527 4690 comprimunt.
2557 4616 2624 4675 Et
2645 4631 2890 4693 tanquam
2915 4624 3115 4681 diceret
3137 4626 3408 4696 Dominus,
3431 4628 3759 4701 Tangentem

2170 4724 2388 4780 quaero,
2430 4727 2533 4768 non
2573 4724 2923 4784 prementem.
2963 4715 3051 4774 Sic
3079 4718 3236 4774 etiam
3268 4736 3408 4775 nunc
3444 4731 3526 4778 est
3565 4737 3764 4794 corpus

2172 4799 2308 4870 ejus,
2332 4800 2384 4855 id
2403 4810 2506 4868 εει,
2529 4801 2762 4859 Ecclesia
2782 4805 2919 4875 ejus.
2945 4804 3132 4879 Tangit
3151 4825 3267 4866 eam
3293 4809 3423 4866 ﬁdes
3446 4829 3767 4881 paucorum,

2172 4894 2363 4962 premit
2391 4891 2542 4949 turba
2569 4896 2876 4953 multorum.
2905 4897 3111 4971 Corpus
3129 4901 3273 4958 etaim
3293 4901 3489 4979 Christi
3515 4921 3636 4961 esse
3658 4906 3757 4964 Ec-

2171 4984 2409 5049 clesiam,
2439 4994 2688 5057 tanquam
2716 4987 2810 5047 lilii
2835 4988 2983 5060 ejus,
3000 4991 3221 5048 audistis
3251 5011 3266 5049 :
3296 5003 3351 5050 et
3374 4996 3419 5050 si
3449 4994 3629 5062 vultis,
3657 4999 3772 5069 ipsi

2169 5079 2319 5134 estis.
2352 5080 2639 5148 Apostolus
2677 5083 2857 5139 multis
2896 5084 3026 5141 locis
3055 5085 3157 5142 hoc
3184 5085 3354 5143 dicit:
3386 5087 3494 5143 Pro
3521 5107 3755 5161 corpore,

2171 5172 2361 5243 inquit,
2387 5176 2495 5246 ejus
2517 5191 2631 5246 qum
2650 5186 2723 5231 est
2749 5177 2974 5232 Ecclesia
3001 5177 3217 5251 (Coloss.
3241 5196 3288 5249 ι,
3307 5182 3422 5253 ἰαί).
3447 5182 3512 5238 Et
3532 5184 3761 5239 iterum;

2179 5263 2280 5320 Vos
2298 5277 2464 5321 autem
2482 5269 2599 5323 estis
2616 5285 2800 5341 corpus
2816 5269 3002 5326 Christi
3019 5282 3067 5327 et
3087 5273 3306 5328 membra
3324 5274 3365 5349 (Ι
3387 5274 3503 5331 Cor.
3524 5291 3617 5343 ιη,
3633 5275 3751 5343 27').

2168 5353 2222 5411 Si
2253 5372 2380 5428 ergo
2407 5374 2603 5428 corpus
2640 5361 2755 5427 ejus
2788 5375 2996 5426 sumus,
3027 5363 3168 5434 quod
3205 5370 3330 5421 tunc
3364 5381 3558 5436 corpus
3587 5366 3754 5436 ipsius

2172 5448 2223 5501 in
2269 5449 2417 5503 turba
2462 5451 2793 5519 patiebatur,
2838 5450 2941 5508 hoc
2983 5453 3180 5524 patitur
3217 5455 3455 5512 Ecclesia
3494 5456 3676 5527 ipsius.
3706 5458 3751 5513 Α

2172 5543 2339 5598 turbis
2367 5546 2622 5612 premitur
2646 5562 2658 5599 :
2686 5560 2716 5599 a
2744 5546 2925 5616 paucis
2955 5547 3202 5617 tangitur.
3231 5547 3510 5607 Caroeam
3540 5549 3751 5620 premit,

2171 5635 2304 5692 tides
2335 5638 2518 5708 tangit.
2560 5637 2758 5709 Erigitc
2796 5638 2957 5710 igitur
2993 5641 3213 5711 oculos,
3250 5642 3475 5698 obsecro
3513 5655 3632 5705 vos.
3658 5644 3752 5710 qui

2233 5771 2247 5801 ί
2277 5771 2390 5840 [id-ili
2410 5809 2422 5827 .
2462 5772 2660 5840 habebat
2695 5775 2912 5835 militmt,
2952 5773 3151 5833 habebat
3186 5784 3443 5827 [tonantum
3480 5774 3748 5840 imperium.

2169 5834 2486 5884 Emcndantur
2509 5836 2566 5885 ad
2588 5843 2692 5888 Mss.
3121 5848 3125 5859 '
