1977 3093
86 138 122 171 ιη
784 132 864 160 SEL.‘

918 130 989 158 LXII.
1028 121 1031 125 ’

86 198 169 226 habetis
188 195 257 223 unde
277 195 396 222 videntis.
417 189 528 221 Habetis
549 187 618 219 enim
639 191 708 227 quod
730 190 849 217 videatis.

86 244 166 278 Erigite
177 241 267 269 oculos
280 240 351 272 ﬁdei,
367 240 464 274 la::gito
476 244 620 266 extremam
636 236 764 263 fimbriam
776 236 852 262 vcsti-

87 290 163 321 uu‘nti,
177 287 289 315 sufﬁciet
302 286 336 314 ad
350 286 472 313 salutent.

112 336 133 362 ﬁ.
149 333 280 368 lmpletum
299 339 367 358 nunc
386 331 452 363 quod
469 331 493 357 in
510 330 646 365 Evangelia
662 328 851 364 pra‘dt'ccbntttr.

86 380 153 407 lutei
177 386 253 414 quare
280 378 328 412 ﬁlii
353 377 436 412 regni.
466 375 559 404 Videte
587 375 656 409 quod
684 374 793 401 audistis
820 381 852 399 cx

87 425 209 460 Cvattgolio
224 429 288 451 tunc
300 422 434 455 futurum,
449 425 511 449 tunc
525 428 642 456 111-1115111111
654 424 703 447 est.
719 418 795 446 Ideo.
812 418 852 445 in-

87 471 138 506 quit,
149 469 200 495 dico
213 468 282 495 vobis
294 476 304 495 :
320 471 428 502 propter
440 466 572 493 laudatam
584 464 751 492 Ccnturionis
765 463 852 494 ﬁdem,

88 522 189 548 tanquam
205 513 361 548 alienigena;
376 519 456 539 carne
466 531 474 542 .
488 510 624 538 domestici
639 509 719 537 corde
745 508 854 542 Propte-

88 570 130 593 ru,
143 559 220 595 inquit
231 579 240 592 ,
260 558 333 585 multa
352 557 383 584 ob
400 557 494 584 oriente
505 561 527 583 et
541 556 666 583 occidmtte
677 555 783 581 venient.
798 554 854 580 Non

88 614 161 633 nntius
170 626 177 638 ,
192 604 238 633 sed
252 604 324 630 multi
338 611 348 630 :
361 607 448 630 tamen
465 602 512 636 ipsi
527 602 558 628 al;
570 601 662 628 oriente
676 605 698 626 et
711 600 856 626 occidente:

87 653 130 680 lSiiS
145 651 243 679 duabus
259 649 377 684 partibus
393 652 464 675 totus
476 647 549 674 orbis
561 647 722 681 designatur.
737 644 813 671 Multi
825 643 856 670 ab

86 699 163 725 triente
174 701 195 723 et
205 694 331 722 occidente
340 693 436 720 venimt
443 713 451 724 ,
466 697 489 719 et
502 691 640 719 recmnbent
651 699 708 717 cum
719 690 855 720 Abraham,

85 748 103 768 rt
113 741 180 768 Isaac
189 761 196 772 ,
210 744 233 766 et
243 738 333 771 Jacob,
348 738 375 764 in
387 745 462 773 regno
476 736 596 763 culorum
609 743 618 762 :
632 735 680 770 filii
694 740 776 761 autem
788 734 858 769 regni

85 789 198 822 qicientur
209 784 356 811 intenebris
366 783 507 810 exteriores.
520 781 582 807 Filii
590 785 674 807 autem
684 780 763 815 regni,
774 779 857 807 Jttdmi

86 832 179 859 milii-et.
194 829 268 857 Unde
283 828 330 862 ﬁlii
343 827 412 862 regni
420 827 432 854 ?
445 826 511 860 Quia
524 825 623 860 Legem
637 827 809 859 acceperunt,
824 823 857 850 ad

85 887 140 912 quos
154 876 291 910 Propheta:
304 875 376 902 missi
392 878 463 906 sunt,
478 872 546 908 apud
558 880 626 907 qttos
638 871 763 906 templum
777 875 804 898 et
816 877 858 896 sa-

85 923 214 950 cerdotium
231 921 289 954 fuit,
305 921 349 955 qui
364 919 534 947 celebrabant
546 918 642 952 ﬁguras
656 917 773 944 omnium
787 916 857 943 111111-

86 975 172 994 10111111.
188 967 305 999 Quarum
327 965 397 992 enim
417 971 506 992 rerum
530 963 627 998 ﬁguras
648 962 857 994 celebraverunt,

87 1012 238 1045 prtseutiam
264 1017 316 1037 non
335 1013 508 1045 agnoverunt.
527 1008 586 1035 Filii
605 1015 669 1042 ergo
689 1007 758 1042 regni
777 1007 858 1040 ibunt,

87 1058 166 1092 inquit,
180 1057 205 1083 in
217 1056 331 1083 tenebras
343 1055 493 1087 exteriores;
505 1054 538 1080 ibi
550 1054 596 1080 erit
608 1054 721 1089 ploratus
733 1057 756 1079 et
768 1052 861 1079 stridor

87 1103 191 1129 dentium.
206 1100 332 1129 Videmus
344 1099 450 1128 Judmos
463 1098 617 1133 reprobatos
627 1118 635 1131 ,
650 1098 768 1124 videmus
781 1097 859 1124 Chri-

87 1150 172 1175 stianos
189 1147 223 1173 ah
241 1147 345 1174 oriente
357 1150 386 1173 et
400 1144 537 1173 occidente
549 1148 657 1171 vocatos
676 1143 708 1170 ad
729 1143 861 1179 quoddam

87 1193 219 1220 convivium
241 1192 368 1225 omleste,
391 1195 421 1218 ut
438 1190 593 1218 recttmhant
613 1197 673 1216 cum
689 1188 821 1215 Abraham
835 1193 863 1215 et

87 1240 148 1266 Isaae
158 1244 182 1265 et
194 1238 293 1270 Jacob;
308 1237 352 1264 ubi
367 1236 442 1271 panis
453 1235 564 1270 justitia,
579 1234 621 1261 ubi
635 1238 711 1269 potus
723 1233 860 1268 sapientia.

114 1284 218 1311 CAPUT
232 1282 276 1311 ιν.
285 1298 321 1303 -
331 1283 358 1309 7.
372 1280 597 1317 Reprehenduntur
608 1280 633 1306 in
645 1279 722 1306 idolio
731 1278 865 1305 convivan-

87 1338 114 1357 trs
125 1339 177 1357 cum
192 1329 314 1364 Pagnnis.
337 1327 473 1355 Attendite
492 1334 554 1361 ergo
564 1347 571 1360 ,
594 1326 688 1353 fratres
702 1334 709 1353 :
725 1325 775 1352 hoc
791 1325 862 1352 enim

88 1376 148 1408 rstis,
162 1383 192 1402 ex
208 1375 259 1401 hoc
274 1374 372 1408 populo
386 1373 460 1405 estis,
473 1372 527 1407 jam
543 1376 605 1398 tunc
619 1371 746 1406 prmdicto
759 1371 778 1403 l,
794 1377 864 1397 nunc

90 1424 243 1453 prasentato.
262 1420 299 1447 De
320 1419 362 1446 his
381 1419 472 1453 utique
491 1417 569 1448 estis,
587 1417 631 1452 qui
651 1417 735 1444 vocati
755 1421 817 1443 sunt
831 1415 865 1443 ab

88 1467 175 1493 oriente
193 1470 221 1493 et
240 1464 380 1492 occidente
398 1462 553 1491 recumbere
573 1463 598 1489 in
621 1469 704 1497 regno
723 1461 863 1495 caelorum,

90 1512 168 1539 111111111
183 1510 283 1545 templo
298 1509 438 1537 idolorum.
457 1508 547 1536 Estote
565 1515 629 1542 ergo
647 1513 745 1541 corpus
756 1505 864 1538 Christi,

89 1565 133 1583 non
153 1563 274 1591 pressura
288 1557 298 1571 ²
318 1554 437 1588 corporis
456 1553 563 1581 Christi.
588 1552 694 1579 llahetis
715 1551 865 1579 vestimenti

91 1602 218 1633 ﬁmbriam,
232 1608 313 1635 quam
331 1600 440 1634 tangatis
450 1619 458 1632 ,
474 1604 501 1625 ut
514 1606 528 1625 a
542 1598 669 1633 profluvio
679 1596 824 1631 sanguinis,
841 1596 867 1623 id

90 1651 136 1679 cst,
152 1646 292 1673 carnalium
313 1645 474 1679 voluptatum
496 1643 566 1670 [luxu
588 1642 727 1670 sanomini.
749 1641 866 1675 llahetis,

92 1692 193 1725 mquam,
208 1691 359 1718 vestimenti
374 1690 512 1723 ﬁmbriam,
529 1696 608 1724 quant
621 1689 744 1723 tangatis.
762 1688 867 1716 Vestem

91 1741 168 1769 putate
183 1737 333 1771 Αρυειοιωε,
349 1735 398 1762 sub
413 1740 513 1762 textura
530 1734 638 1761 unitatis
651 1733 818 1761 adhaarentes
830 1734 868 1760 la-

91 1783 179 1809 tri-ibus
190 1782 296 1809 Christi.
312 1782 342 1809 111
357 1782 396 1808 his
410 1781 541 1815 Apostolis
557 1785 614 1808 erat
629 1784 752 1815 tanquam
765 1780 868 1807 ﬁmbria

90 1830 202 1856 minimus
215 1834 242 1856 ct
254 1828 414 1857 novissimus
424 1827 520 1857 Paulus
533 1836 539 1853 :
553 1827 611 1862 ipso
621 1826 735 1859 dicente,
749 1825 803 1861 Ego
813 1832 881 1854 sum,

90 1874 196 1900 miniatus
207 1874 382 1908 Apostolorum
397 1873 417 1906 (l
435 1872 492 1899 Cor.
506 1880 552 1904 xv,
565 1871 603 1908 9).
619 1872 645 1898 111
667 1877 739 1900 veste
757 1872 867 1900 novissip

92 1927 152 1945 mum
163 1924 188 1946 et
201 1919 338 1946 minimum
350 1939 356 1951 ,
369 1918 470 1945 ﬁmbria
483 1923 532 1945 est.
548 1917 664 1944 Fimbria
678 1925 740 1944 eum
752 1922 870 1945 contem-

92 1971 129 1997 ptu
140 1966 263 2000 aspicitur
275 1965 341 2000 :lscd
355 1972 414 1991 cum
430 1964 514 1991 salute
527 1964 651 1998 tangitur.
666 1963 749 1999 Usque
761 1964 793 1990 nd
807 1963 870 1990 hanc

92 2010 169 2036 harant
182 2015 204 2036 et
218 2010 340 2042 esurimus
349 2030 357 2042 ,
371 2015 393 2036 et
407 2009 505 2036 εἱιὶιηιις
514 2029 522 2040 ,
535 2013 558 2034 ct
571 2009 631 2035 ntuli
646 2017 731 2035 smnus
740 2030 747 2040 ,
761 2014 784 2036 et
799 2010 869 2035 cola-

93 2056 213 2085 yttizmnur
228 2055 282 2090 (Id.
296 2063 331 2084 tv.
346 2054 399 2090 tt).
416 2054 483 2087 Quid
495 2059 548 2081 tam
563 2059 709 2081 extremum
721 2075 727 2086 ,
743 2054 803 2089 quid
818 2060 870 2080 tam

92 2101 298 2136 contemptibile?
312 2100 418 2135 Tange,
438 2100 460 2127 si
481 2100 579 2126 fluxum
599 2100 733 2134 sanguinis
755 2099 869 2134 pateris:

93 2146 154 2173 exict
167 2147 248 2173 virtus
261 2146 293 2173 de
308 2147 352 2173 illo
364 2146 439 2179 cujus
452 2144 532 2172 vestis
542 2149 592 2178 cst,
604 2150 631 2172 ct
641 2144 743 2172 sanabit
754 2150 787 2172 te.
802 2145 872 2171 Fim-

94 2191 141 2217 liria
154 2192 232 2219 modo
247 2192 375 2226 tangenda
391 2190 587 2226 proponebatur
596 2210 604 2222 ,
620 2190 725 2225 quando
735 2198 765 2217 ex
777 2190 870 2218 eodem

94 2237 205 2270 apostolo
219 2237 356 2272 legebatur
370 2246 376 2263 :
392 2237 421 2264 Si
433 2237 500 2263 enim
511 2236 566 2270 quis
580 2236 666 2263 vidui!
679 2244 734 2262 eum
745 2236 788 2271 qui
801 2236 873 2263 habet

94 2282 228 2315 scientiam,
252 2282 277 2308 in
299 2282 375 2308 idolio
398 2282 595 2313 recumbentent,‘
618 2289 701 2308 nonne
723 2281 873 2308 conscientia

93 2326 156 2359 rjtts,
170 2335 227 2352 cum
246 2328 277 2353 sit
297 2327 414 2361 inﬁrma,
432 2326 597 2360 wdificabitur
618 2326 650 2352 ad
670 2327 872 2353 nmnducandum

92 2371 243 2407 idolothytu?
258 2371 291 2398 Et
309 2372 396 2406 peribit
414 2372 528 2406 inﬁrmus
546 2373 571 2398 in
590 2377 632 2398 tua
650 2372 767 2404 scientia,
785 2373 872 2406 frater,

93 2421 185 2450 prapter
204 2426 275 2449 quem
292 2417 405 2444 Christus
420 2422 532 2444 mortuus
545 2417 603 2444 est?
620 2417 758 2450 Quomodo
779 2418 874 2451 putatis

93 2462 169 2497 ‘lccipi
191 2472 267 2498 posse
288 2464 437 2491 simulacris
458 2464 597 2496 homines,
612 2472 671 2498 qum
685 2472 699 2490 a
718 2464 874 2492 Christianis

94 2509 210 2536 honorari
224 2509 334 2544 putant?
350 2510 441 2542 Novit,
457 2510 550 2544 inquit,
569 2510 636 2536 Deus
650 2518 696 2536 cor
709 2518 805 2537 meum.
822 2512 873 2539 Sed

93 2553 165 2580 llatcr
179 2559 239 2581 tuus
253 2562 303 2581 non
320 2555 393 2581 novit
412 2562 459 2582 cor
478 2559 560 2582 tuum.
576 2555 602 2582 Si
619 2556 737 2582 infirmus
751 2564 795 2585 es,
812 2565 874 2584 cave

92 2598 214 2631 majorem
225 2600 406 2634 :rgritudincm
420 2609 426 2626 τ
440 2600 463 2627 si
477 2599 568 2627 ﬁrmus
578 2609 618 2632 es,
629 2608 690 2627 cura
705 2601 791 2628 fratris
803 2602 875 2629 inﬁr-

92 2645 214 2671 mitatem.
229 2646 277 2677 Qui
292 2645 379 2671 \idcttt
393 2646 452 2677 ista,
467 2645 628 2673 adiﬁcantur
640 2646 671 2672 ad
685 2647 734 2672 alia
746 2647 765 2677 ³,
782 2652 806 2673 111
823 2656 873 2674 non

91 2694 184 2715 tantum
202 2691 236 2716 ibi
252 2691 428 2723 manducare,
445 2691 491 2718 sed
505 2696 531 2719 ct
544 2691 692 2718 sacriﬁcare
712 2691 872 2720 desiderent.

115 2747 119 2758 ῖ
132 2749 199 2775 3:55.,
210 2746 350 2777 praedicata.

114 2777 122 2808 ξ
135 2777 219 2801 Florus
232 2781 257 2801 et
267 2777 419 2801 uolbcrtinus
429 2781 480 2808 31s.,
492 2784 620 2807 presteres.

91 2807 124 2859 ut
136 2815 172 2832 .‘It’
186 2808 268 2832 Hurtts
280 2813 305 2832 ct
322 2814 407 2832 omnes
422 2811 475 2834 Mss.
488 2813 513 2834 Αι
530 2810 597 2838 editi,
616 2808 767 2841 (υέίίίῘιἾῖΜΗΓ
780 2811 811 2834 αα
822 2810 873 2836 ilo-

1643 128 1695 155 [118

907 187 973 214 Ecce
985 187 1050 225 norit
1063 187 1181 214 inﬁrmus
1193 188 1218 214 in
1231 192 1271 214 tua
1284 188 1393 214 scicntia
1405 187 1494 214 frater.
1507 185 1585 220 Audi,
1596 187 1692 214 frater:

905 235 925 261 si
938 235 1127 262 contemncbas
1144 235 1291 267 inlirnmm,
1309 235 1388 262 etiam
1407 234 1512 267 fratrem
1528 235 1695 262 contemnisl

908 279 1106 315 livpcrgiscerc.
1128 279 1211 313 Quid,
1242 280 1263 306 si
1284 280 1310 306 in
1332 280 1417 314 ip‘um
1431 280 1565 307 Christum
1584 282 1695 314 pett-as?

907 325 1019 352 Attende
1032 325 1102 352 enim
1114 325 1183 360 quod
1195 325 1269 352 nullo
1279 330 1355 359 pacto
1367 325 1450 359 possis
1460 329 1640 352 contemnere.
1653 324 1697 351 Si:

905 376 998 403 autent,
1012 371 1106 406 inquit,
1124 375 1253 406 pereuntes
1268 373 1293 397 tu
1307 372 1408 406 fratres,
1422 376 1445 397 et
1459 371 1622 405 percutiant“
1635 378 1696 396 con-

906 416 1035 443 scientiam
1051 424 1137 443 eorum
1157 416 1283 451 inﬁrmant
1293 436 1300 448 ,
1316 416 1341 442 in
1356 414 1481 442 Christum
1497 416 1613 449 peccatis.
1632 415 1696 442 Eant

908 469 994 495 nunc,
1015 461 1060 495 qui
1076 461 1124 488 ista
1140 465 1329 493 contemnunt,
1344 464 1370 487 ct.
1388 460 1542 487 recumbunt
1557 460 1582 487 itt
1599 460 1697 487 idolio:

908 514 996 533 nonne
1011 510 1088 533 crttttt
1107 510 1275 541 pretttentes,
1293 513 1344 532 non
1361 505 1516 540 tangentes?
1529 511 1554 533 et
1574 514 1634 532 cutn
1654 514 1698 533 re—

907 551 1047 579 cubuerint
1069 552 1093 578 111
1116 551 1212 584 idolio,
1229 552 1335 578 veniant
1355 556 1382 578 et
1401 551 1527 586 impleant
1539 551 1698 582 ecclesiam;

911 605 962 624 non
978 597 1088 624 salutem
1103 598 1246 632 accepturi.
1262 596 1308 624 sed
1323 605 1472 632 prcssuram
1489 596 1592 624 facturi.

943 642 1056 669 CAPUT
1074 641 1103 668 V.
1117 657 1152 661 —
1167 642 1192 669 8.
1211 642 1318 677 Mujort's
1332 643 1440 677 alicujus
1455 648 1519 669 metu
1535 642 1700 671 recutttbmlt'l
1725 650 1728 652 ‘

909 687 934 713 in
957 687 1044 713 idolio.
1067 686 1230 714 Obseruantia
1251 687 1277 713 in
1299 688 1419 722 majorem
1435 696 1555 723 quemque
1578 688 1608 715 sit
1630 689 1701 715 ordi-

910 737 980 758 nata.
998 731 1051 760 Sed
1063 733 1152 766 timeo,
1166 733 1277 767 inquies,
1292 741 1326 760 ne
1336 733 1466 760 otl'cudam
1478 733 1615 768 majorem.
1627 734 1702 761 Time

910 784 1030 811 prorsus,
1045 785 1078 804 ne
1090 777 1208 805 offendas
1218 778 1362 812 majorem;
1377 783 1402 805 et
1418 787 1469 805 non
1483 779 1595 806 otl‘cndis
1608 779 1700 806 Deum.

910 822 960 855 Qui
977 823 1047 849 enim
1069 823 1144 851 times
1155 844 1161 856 ,
1178 830 1212 850 ne
1226 823 1344 850 offendas
1359 824 1500 858 majorem,
1515 824 1574 851 vide
1590 833 1622 852 ne
1636 825 1702 852 forte

910 868 944 895 sit
956 869 1041 903 major
1055 869 1120 903 isto,
1139 877 1217 904 quem
1235 870 1312 897 times
1325 869 1470 898 otl'cndere.
1491 870 1615 905 Majorem
1630 877 1703 899 certe

912 914 963 941 noli
977 914 1120 941 oﬂcnderc.
1136 914 1198 941 llmc
1210 915 1254 941 tibi
1266 915 1354 948 regula
1367 915 1530 949 proponitur.
1544 915 1636 944 Nonne
1647 925 1703 944 tua-

912 958 1036 986 uifcstum
1048 963 1098 992 est,
1110 967 1170 987 eum
1182 960 1290 987 minime
1301 960 1499 994 offendendum,
1513 962 1557 996 qui
1568 962 1652 997 major
1661 968 1703 990 est

911 1004 1035 1031 caeteris?
1050 1004 1154 1031 Discute
1169 1012 1239 1031 ntmc
1253 1005 1367 1039 majores
1385 1009 1453 1032 tuos.
1475 1005 1555 1033 Primi
1578 1006 1623 1033 tibi
1643 1012 1704 1034 sunt

912 1053 987 1084 pater
1007 1053 1033 1076 et
1053 1054 1137 1076 tnater
1152 1058 1159 1076 :
1174 1049 1195 1076 si
1216 1054 1288 1076 recte
1309 1049 1469 1083 educantcs,
1489 1050 1510 1077 si
1530 1051 1554 1077 111
1568 1050 1703 1079 Christum

913 1095 1078 1128 nutrientes;
1094 1094 1216 1121 audiendi
1230 1095 1255 1121 in
1269 1095 1406 1128 omnibus,
1420 1096 1655 1131 obtemperundum
1667 1098 1718 1132 eis,

914 1139 940 1166 in
962 1140 1034 1167 omni
1055 1140 1192 1174 jussioue;
1208 1143 1299 1167 contra
1314 1140 1441 1175 majorem
1462 1141 1525 1168 nihil
1537 1141 1663 1176 jubeant,
1680 1148 1707 1170 et

914 1185 1046 1213 serviatur
1059 1185 1121 1212 illis.
1138 1185 1202 1219 Quis
1215 1189 1270 1217 est,
1286 1185 1386 1220 inquis,
1401 1185 1485 1221 tuajor
1499 1194 1531 1213 eo
1544 1186 1588 1222 qui
1604 1195 1646 1214 me
1659 1195 1707 1222 ge-

915 1231 1036 1259 neravit?
1049 1231 1095 1259 Ille
1105 1232 1150 1266 qui
1161 1236 1187 1258 te
1198 1232 1283 1266 ipsum
1295 1233 1402 1259 creavit.
1412 1232 1526 1260 Gcncral
1534 1234 1605 1261 enim
1617 1233 1705 1267 homo,

915 1283 988 1306 creat
998 1278 1077 1306 Deus.
1089 1278 1166 1306 Unde
1178 1282 1287 1313 generat
1300 1278 1390 1312 homo,
1405 1280 1490 1306 nescit
1502 1288 1509 1306 :
1524 1280 1585 1315 qttid
1598 1288 1709 1316 genera-

915 1328 990 1352 turus
1005 1325 1049 1357 sit.
1063 1326 1157 1352 nescit.
1172 1324 1217 1352 ille
1230 1325 1273 1360 qui
1289 1330 1315 1352 te
1329 1325 1393 1353 vidit
1406 1330 1433 1353 ut
1448 1326 1553 1359 faceret,
1567 1332 1708 1362 antequatn

915 1375 986 1398 eSsct
1002 1366 1081 1406 quem
1094 1370 1173 1404 fecit,
1189 1376 1261 1398 certe
1275 1371 1359 1406 major
1372 1376 1411 1398 est
1426 1376 1499 1406 patre
1513 1377 1567 1400 ttto.
1581 1372 1664 1408 Major
1675 1375 1710 1400 sit

916 1416 1001 1451 patria
1016 1421 1043 1443 et
1058 1416 1123 1452 ipsis
1140 1417 1293 1451 parentibus
1309 1417 1377 1450 tuis;
1394 1421 1422 1444 ut
1439 1417 1565 1453 quidquid
1583 1418 1711 1454 jusserint

916 1467 1040 1497 parentes
1053 1467 1142 1490 contra
1160 1463 1288 1497 patriam,
1305 1470 1357 1490 non
1371 1463 1520 1491 audiantur.
1536 1464 1570 1491 Et
1583 1465 1710 1500 quidquid

915 1509 1024 1543 jusserit
1044 1509 1126 1544 patria
1145 1513 1236 1536 contra
1250 1509 1350 1540 Deum,
1373 1517 1425 1536 non
1445 1509 1576 1537 audiatur.
1599 1510 1626 1538 Si
1639 1511 1710 1538 enim

918 1553 1005 1581 sanari
1024 1554 1080 1586 vis,
1101 1553 1123 1580 si
1144 1559 1203 1589 post
1222 1553 1321 1580 ﬂuxum
1346 1554 1496 1589 sanguinis,
1521 1555 1543 1583 si
1567 1560 1626 1591 post.
1644 1556 1711 1584 duo-

918 1599 1005 1627 decim
1022 1607 1106 1627 aunos
1122 1599 1148 1626 in
1160 1599 1205 1626 illo
1215 1600 1308 1626 morbo
1318 1620 1324 1631 ,
1345 1600 1366 1626 si
1381 1605 1440 1634 post
1454 1606 1610 1636 consumpta
1624 1604 1711 1630 omnia

920 1645 945 1672 in
959 1645 1068 1673 medicis
1077 1666 1084 1678 ,
1097 1650 1123 1672 et
1136 1653 1187 1672 non
1200 1651 1305 1680 recepta
1319 1646 1431 1674 sanitate
1442 1647 1583 1682 aliquando
1599 1649 1637 1676 vis
1649 1656 1712 1676 sana

921 1691 992 1724 ﬁeri,
1007 1699 1024 1719 ο
1033 1691 1142 1723 mulier,
1155 1699 1232 1726 quam
1246 1692 1366 1727 alloquor
1378 1693 1403 1719 in
1416 1698 1477 1728 typo
1488 1692 1625 1724 Ecclesiae,
1637 1694 1714 1728 jubet

920 1736 984 1763 llud
1003 1740 1078 1771 pater
1090 1739 1161 1768 tuus,
1176 1740 1202 1763 ct
1215 1735 1276 1763 illud
1289 1736 1363 1770 jubet
1377 1738 1488 1771 populus
1505 1741 1573 1764 tuus.
1586 1738 1636 1764 Sed
1650 1738 1714 1765 dit-it

921 1781 967 1808 tibi
980 1781 1107 1808 Dominus
1117 1786 1191 1814 tttus,
1205 1780 1355 1808 Obliviscere
1365 1782 1485 1816 populum
1499 1787 1567 1809 luunt
1579 1788 1601 1809 ct
1612 1783 1716 1811 (lautum

909 1827 999 1861 petris
1012 1827 1057 1853 tui.
1073 1826 1130 1860 Quo
1140 1826 1231 1854 bono?
1245 1834 1297 1861 quo
1310 1826 1415 1854 fructu?
1427 1835 1477 1862 qua
1490 1828 1631 1855 meret'dc?
1646 1828 1715 1863 Quo-

897 1888 899 1891 ‹
922 1874 989 1900 niam
999 1873 1147 1907 concupivit,
1164 1872 1257 1907 inqttil,
1271 1881 1316 1899 rex
1330 1872 1443 1899 decorent
1455 1879 1524 1899 tuum
1539 1873 1624 1909 (Ps-nl.
1642 1883 1714 1907 xuv,

924 1919 966 1951 11,
980 1918 1024 1953 19.)
1046 1918 1202 1953 Concttpivit.
1212 1918 1282 1953 quod
1299 1917 1358 1944 fecit
1371 1927 1377 1943 :
1391 1926 1432 1953 que
1445 1919 1514 1945 niani
1534 1924 1561 1945 ut
1577 1919 1714 1954 pulchram

924 1963 1037 1996 iaceret,
1054 1963 1152 1991 {mitam
1171 1964 1279 1990 amavit.
1300 1963 1350 1990 l‘ro
1367 1963 1466 1991 inﬁdeli
1480 1968 1506 1991 et
1520 1964 1589 1992 fazda
1608 1965 1715 2000 sangui-

923 2018 983 2037 nem
999 2010 1079 2042 fudit,
1096 2009 1199 2037 ﬁdelem
1221 2018 1252 2036 ac
1272 2009 1408 2044 pulchram
1428 2009 1558 2041 reddidit,
1580 2010 1648 2038 dona
1667 2019 1715 2038 sua

925 2057 949 2082 in
972 2060 996 2083 lc
1016 2057 1121 2082 :ttnnvil.
1143 2055 1210 2089 Quid
1228 2055 1299 2082 enim
1312 2063 1410 2090 sponso
1424 2059 1469 2083 tuo
1483 2056 1636 2083 contulisti?
1648 2056 1715 2090 Qu?d

925 2102 949 2128 in
968 2101 1055 2128 dotem
1076 2108 1090 2127 a
1111 2101 1199 2135 priore
1220 2105 1292 2135 patre
1310 2105 1335 2127 et
1351 2100 1439 2135 priore
1455 2101 1553 2136 populo
1571 2102 1716 2136 accepisti?

924 2146 1017 2173 Nonne
1029 2146 1146 2173 luvttrizts
1157 2150 1183 2173 et
1195 2153 1295 2180 pannos
1306 2146 1491 2179 peccatorum?
1502 2146 1605 2181 Abjecit
1617 2154 1717 2181 pannos

926 2198 994 2223 tuos,
1008 2192 1112 2219 discidit
1126 2192 1239 2218 cilicium
1253 2196 1326 2218 tuum
1341 2201 1347 2218 :
1360 2191 1485 2219 misertus
1494 2195 1543 2225 est,
1557 2198 1584 2219 ut
1594 2198 1716 2226 ornaret;

926 2238 1038 2269 ornavit,
1056 2241 1084 2264 ut
1099 2241 1208 2263 amaret.

961 2282 1073 2310 CAPUT
1089 2281 1130 2308 Vl.
1143 2297 1178 2301 ———
1188 2282 1213 2309 9.
1228 2282 1381 2308 Smmlalmn
1395 2283 1486 2317 fratri,
1503 2279 1629 2317 precntum
1645 2289 1679 2310 est
1692 2284 1717 2310 in

927 2329 1063 2355 Christum.
1085 2327 1153 2360 Quid
1180 2328 1270 2362 plura,
1295 2327 1408 2354 fratres?
1433 2328 1574 2355 Christiani
1597 2329 1717 2361 audistis,

927 2375 986 2409 quin
1010 2379 1139 2409 peccmtles
1159 2374 1183 2400 in
1204 2375 1310 2409 fratres,
1329 2378 1352 2399 et
1366 2374 1529 2408 perculit-ntus
1544 2375 1718 2401 conscientiam
1752 2405 1753 2408 η

927 2429 1012 2447 eorum
1026 2421 1152 2455 inﬁrmum
1165 2441 1171 2453 ,
1188 2420 1212 2446 in
1235 2419 1361 2447 Christum
1389 2422 1505 2455 parcatis.
1520 2421 1606 2449 Nolite
1623 2426 1718 2448 mnte-

929 2473 1028 2498 Inttore,
1039 2466 1060 2492 si
1075 2473 1125 2492 non
1140 2465 1218 2491 vultis
1234 2465 1315 2491 dolori
1328 2465 1361 2491 de
1374 2464 1441 2491 libro
1450 2465 1520 2491 vim.
1530 2465 1661 2499 Quamdiu
1674 2473 1720 2492 θοι
1752 2495 1755 2497 η

929 2519 1021 2537 namur
1039 2510 1183 2537 luculenter
1198 2514 1223 2535 ct
1235 2509 1427 2536 delectabiliter
1441 2510 1516 2536 vobis
1530 2510 1617 2537 dicere
1628 2531 1635 2542 ,
1649 2511 1718 2546 quod

925 2558 1004 2589 dolor
1018 2560 1107 2582 noster
1121 2555 1190 2589 cogit
1203 2555 1450 2590 quomodocumque
1465 2555 1554 2583 dicere
1565 2577 1572 2589 ,
1589 2562 1615 2583 et
1633 2561 1719 2584 tacere

929 2610 981 2628 non
996 2600 1140 2635 permittit?
1154 2601 1317 2635 Quicumque
1331 2601 1461 2627 voluerint
1475 2601 1522 2627 ista
1538 2607 1718 2634 contemnere,

929 2648 953 2673 in
967 2646 1101 2674 Christum
1117 2650 1236 2680 peccant,
1249 2645 1353 2673 videant
1367 2646 1429 2681 quid
1443 2651 1530 2681 agant.
1545 2647 1663 2680 l‘agattOs
1679 2656 1720 2675 re—

929 2693 1013 2725 liquos
1033 2691 1119 2725 colligi
1141 2689 1399 2725 1·0111111115,’111111‹Ιρε
1421 2692 1484 2718 estis
1505 2691 1530 2718 in
1551 2693 1609 2721 via;
1630 2694 1721 2720 vrttirz

929 2737 1047 2762 \‘tllt‘nlt‘S
1062 2736 1214 2767 offendunt.
1232 2741 1256 2763 ct
1271 2736 1391 2762 redeunt.
1409 2736 1501 2762 [licunt
1513 2738 1581 2762 cnim
1597 2737 1621 2762 in
1632 2737 1719 2764 cordi-

930 2783 977 2809 bus
988 2783 1042 2808 snis
1055 2792 1061 2808 :
1074 2783 1161 2815 Quare
1172 2790 1219 2808 nos
1232 2783 1410 2817 relinquamus
1419 2782 1494 2815 deos,
1505 2790 1571 2816 quos
1579 2783 1719 2810 Christiani

933 2828 980 2863 ipsi
996 2827 1131 2855 nobiscum
1143 2828 1252 2856 colunt?
1267 2829 1349 2862 Absit,
1363 2836 1378 2855 a
1390 2836 1442 2862 ne,
1456 2828 1546 2864 inquit,
1561 2834 1586 2856 ut
1597 2837 1646 2865 ego
1656 2830 1720 2857 deos
