3954 6186
371 361 555 419 s13“

371 473 689 531 minationes
724 470 777 525 in
823 467 995 522 fundis
1037 466 1145 520 suis
1178 483 1190 518 2
1221 461 1473 535 numquid
1508 462 1848 523 accedimus.
1889 468 1945 513 et

369 562 793 636 conlringimus?
821 561 974 616 Prius
1000 561 1143 614 enim
1171 559 1397 628 agimus,
1430 567 1487 611 ut
1516 556 1651 610 idola
1681 556 1733 609 in
1759 569 1942 610 eorum

369 658 534 713 corde
562 656 885 722 frangamus.
928 649 1155 718 Quando
1183 648 1455 705 christiani
1478 656 1536 703 et
1554 647 1651 716 ipsi
1684 645 1804 702 facti
1828 645 1943 700 fne-

369 750 509 813 I‘int,
542 757 633 803 aut
657 744 884 799 invitant
912 756 1009 798 nos
1026 741 1099 797 ad
1132 750 1235 795 tam
1273 740 1468 795 bonum
1491 752 1630 809 opus
1654 777 1667 802 ,
1697 746 1787 792 aut
1807 750 1947 807 prmu-

370 840 587 895 \‘cniunl.
607 851 723 892 nos.
749 834 905 891 Modo
923 832 1179 890 orandum
1205 840 1283 888 est
1311 846 1408 903 pro
1431 830 1558 896 illis,
1588 836 1693 885 non
1711 828 1945 882 irascen-

369 928 494 982 titnn
523 926 647 982 illis.
695 925 750 981 Si
793 930 978 979 movet
1000 922 1155 978 dolor
1181 932 1404 991 magnus
1426 961 1441 985 ,
1482 918 1763 974 adversum
1786 915 1945 971 Cltri~

370 1022 577 1079 silanos
602 1026 814 1080 movet,
851 1015 1130 1071 adversum
1170 1013 1358 1068 fratres
1381 1022 1591 1066 nostros
1620 1017 1823 1072 tnovct,
1858 1007 1945 1078 qui

369 1113 449 1167 sic
476 1110 660 1169 “dunt
687 1108 885 1165 intrare
928 1107 982 1162 in
1022 1105 1339 1170 ecclesiam,
1384 1110 1444 1158 ut
1489 1102 1575 1158 hic
1611 1112 1807 1171 corpus
1846 1098 1946 1153 ha-

372 1206 571 1268 heant,
608 1200 736 1258 alibi
761 1215 876 1256 cor.
927 1199 1121 1254 Totum
1150 1197 1293 1254 intus
1328 1209 1447 1251 esse
1483 1195 1660 1250 debet.
1709 1193 1765 1248 Si
1809 1193 1948 1247 intus

371 1306 453 1361 est
500 1293 640 1365 quod
690 1292 833 1347 videt
885 1293 1080 1356 homo,
1135 1298 1306 1359 quare
1363 1287 1492 1343 foris
1547 1296 1629 1342 (εει
1674 1285 1813 1356 quod
1867 1283 1945 1338 vi-

372 1387 461 1440 tici
500 1384 681 1441 Deus?
724 1418 727 1421 -

365 1540 374 1549 ,
441 1477 668 1534 CAPUT
706 1475 821 1531 XII.
861 1474 1048 1530 ~18.
1093 1470 1488 1528 Idololatrarum
1534 1470 1735 1541 injuste!
1775 1468 1948 1538 queri-

373 1570 572 1627 monia.
628 1567 822 1629 Sciatis
875 1575 1073 1630 autem,
1123 1561 1462 1627 clmrissimi,
1514 1566 1789 1614 murmura
1830 1558 1948 1613 illu-

373 1675 489 1714 rnm
536 1657 861 1728 conjungere
901 1670 961 1711 se
1010 1670 1130 1709 cum
1191 1650 1456 1707 lia-reticis
1486 1692 1500 1715 ,
1552 1664 1674 1705 cum
1732 1648 1947 1703 iudicis.

374 1748 647 1814 lbet-elici,
672 1746 843 1803 Judwi
866 1755 922 1803 et
945 1745 1138 1816 Pagani
1179 1745 1432 1799 unitatem
1480 1741 1720 1798 fecerunt
1767 1749 1948 1794 centra

372 1839 646 1901 unitatem.
670 1836 804 1904 Quia
829 1835 1047 1904 coniugii
1076 1846 1131 1888 ut
1168 1834 1220 1889 in
1253 1832 1519 1903 aliquibus
1546 1832 1677 1886 locis
1713 1830 1948 1900 discipli-

372 1944 494 1984 nam
522 1928 825 1998 acciperent
845 1924 1016 1981 Judaei
1040 1934 1258 1995 propter
1277 1923 1638 1992 impmhitatcs
1657 1934 1809 1986 snas;
1839 1919 1950 1974 cri-

373 2023 676 2085 minantur,
709 2026 766 2074 et
790 2017 1157 2089 suspicantur,
1187 2023 1280 2069 aut
1306 2014 1536 2084 fingunt,
1576 2013 1698 2083 quia
1729 2010 1852 2066 talia
1882 2010 1951 2067 de

373 2112 475 2168 illis
502 2125 717 2181 semper
741 2121 1061 2181 qumramus.
1084 2105 1218 2175 Quia
1244 2104 1466 2175 contigit
1487 2102 1750 2158 utalicubi
1783 2102 1952 2157 hzvre-

372 2202 457 2257 tici
488 2216 675 2272 pinnas
700 2199 888 2254 darent
910 2198 1112 2268 legibus
1139 2211 1233 2265 pro
1260 2194 1528 2265 impietate
1552 2202 1606 2249 ct
1634 2192 1810 2246 furore
1835 2190 1949 2245 vio-

372 2295 652 2351 lentiarum
680 2305 894 2355 suarum
915 2306 928 2351 ;
951 2289 1062 2358 jam
1082 2288 1262 2343 dicunt
1280 2302 1375 2341 nos
1393 2300 1491 2358 per
1509 2284 1686 2340 omnia
1710 2297 1952 2354 qinerere

369 2385 598 2454 aliquam
651 2378 1141 2439 ittcummoditatem
1203 2378 1440 2447 ipsorum
1505 2374 1573 2430 ad
1635 2375 1947 2446 perniciem.

372 2477 576 2535 ltursus
598 2476 721 2545 quia
747 2482 934 2530 contra
959 2472 1204 2541 Paganos
1238 2468 1437 2539 placuit
1472 2477 1528 2522 ut
1576 2468 1717 2537 teges
1746 2466 1951 2521 ferren-

371 2575 477 2633 tur,
505 2567 612 2622 imo
638 2580 738 2635 pro
764 2563 1008 2634 Paganis,
1052 2562 1097 2617 si
1141 2561 1350 2630 sapiant
1386 2557 1553 2631 (Sicut
1580 2559 1723 2614 enim
1770 2559 1951 2629 pueris

370 2656 658 2723 iuseusatis
676 2653 761 2715 ad
800 2653 974 2711 lutum
1006 2650 1308 2707 ludentibus
1326 2690 1341 2717 ,
1370 2658 1426 2705 et
1453 2663 1641 2705 manus
1666 2649 1948 2720 inquinan-

372 2751 529 2815 tibus,
566 2745 882 2817 pedagogos
915 2757 1038 2798 eum
1068 2742 1212 2796 venit
1235 2753 1475 2806 severus,
1502 2739 1668 2795 lutum
1691 2738 1761 2796 de
1788 2754 1948 2795 manu

368 2838 592 2905 excutit,
624 2836 861 2903 codicem
886 2833 1109 2906 porrigit
1135 2851 1150 2888 :
1178 2833 1248 2889 ita
1276 2831 1444 2888 voluit
1467 2832 1723 2903 Deus-per
1756 2833 1950 2912 priori-

373 2943 465 2997 res.
497 2927 741 2987 subditos
761 2926 862 2987 Silii
888 2935 1092 2982 terrere
1114 2923 1272 2979 corda
1303 2923 1569 2987 ittsensata
1600 2932 1815 3002 puerilia
1838 2973 1854 3000 ,
1894 2942 1949 2987 ut

369 3018 619 3095 abiciam
645 3019 817 3075 lutum
856 3016 925 3082 de
958 3024 1212 3080 inanibus
1234 3063 1248 3090 ,
1279 3031 1335 3079 et
1357 3022 1554 3095 aliquid
1584 3023 1710 3078 utile
1734 3024 1945 3078 faciant.

370 3117 508 3185 Quid
537 3126 621 3173 est.
660 3116 788 3173 utile
815 3115 885 3173 de
923 3114 1203 3171 manibus?
1246 3113 1450 3186 Frange
1494 3113 1731 3168 esurienti
1767 3130 1946 3184 panem

373 3222 535 3275 mum,
561 3218 608 3264 et
626 3224 844 3280 egenum
858 3209 979 3271 sine
1006 3205 1378 3263 terminatum
1400 3205 1605 3259 domum
1629 3214 1766 3260 tuam
1792 3203 1941 3279 (Isai.

372 3317 516 3368 mu,
530 3303 620 3372 ,7).
648 3302 720 3361 Et
746 3310 925 3359 tamen
950 3301 1099 3370 pueri
1126 3299 1361 3356 evadunt
1382 3299 1451 3356 ab
1467 3299 1638 3356 oculis
1654 3298 1944 3370 ptcdagogi,

370 3408 425 3450 ιιι
457 3395 680 3455 redeunt
701 3394 771 3452 ad
795 3395 964 3451 lutum
1004 3395 1217 3459 furtim;
1248 3402 1305 3450 et
1330 3393 1540 3465 quando
1568 3392 1944 3455 inveniuntur,

371 3486 705 3553 abscondunt
729 3500 940 3554 manus,
971 3501 1039 3541 ne
1075 3484 1375 3555 vidcantur)
1400 3501 1415 3539 :
1442 3484 1566 3556 quia
1611 3497 1740 3554 ergo
1783 3482 1947 3538 voluit

375 3580 515 3634 Deus
546 3578 564 3611 ί
585 3619 601 3645 ,
642 3585 829 3648 putant
864 3591 961 3632 nos
1002 3575 1320 3646 ubicumque
1360 3589 1601 3646 quaerere
1628 3573 1800 3635 idola;
1830 3588 1947 3643 qua:

370 3669 899 3733 unnjuveuorimns.
928 3668 979 3725 iu
1008 3666 1256 3723 omn-ibus
1281 3667 1415 3722 locis
1442 3664 1702 3736 frangere.
1737 3665 1949 3732 Quare?

373 3765 488 3818 Non
512 3773 762 3823 amasios
786 3770 925 3819 sunt
962 3760 1109 3825 loca,
1158 3760 1210 3814 in
1242 3757 1436 3829 quibus
1475 3757 1629 3812 sunt?
1667 3757 1774 3812 Ant
1822 3772 1948 3812 vere

375 3857 680 3925 ignoramus
707 3853 795 3909 ubi
814 3854 931 3913 sint
957 3851 1098 3907 ista?
1126 3851 1195 3905 Et
1222 3859 1398 3905 tamen
1419 3863 1524 3904 non
1541 3847 1764 3903 facimus
1788 3866 1802 3901 :
1827 3848 1949 3918 quia

376 3944 656 4011 “unum
692 3946 747 3999 in
789 3952 1101 4013 [uitestatem
1131 3941 1291 3997 Deus.
1336 3939 1563 4007 Quando
1597 3938 1689 3993 dat
1723 3940 1866 3995 Deus
1894 3941 1945 3994 in

377 4034 727 4104 ικιιεεωιειιιῖ
767 4032 991 4101 Quando
1025 4030 1347 4087 christianos
1386 4032 1490 4085 erit
1524 4029 1677 4099 cujus
1715 4043 1801 4085 res
1843 4040 1944 4085 est.

378 4126 533 4191 Modo
558 4124 755 4193 factum
782 4123 946 4180 voluit
970 4123 1124 4194 cuius
1146 4138 1236 4179 res
1261 4130 1363 4178 est.
1391 4120 1446 4176 Si
1475 4121 1643 4176 nollet
1668 4122 1839 4191 ipsum
1868 4121 1945 4175 lo-

380 4234 501 4272 i-inn
525 4217 657 4275 dare
684 4217 957 4282 Ecclesiae.
981 4227 1037 4273 et
1055 4225 1259 4271 tantum
1278 4214 1492 4286 jubet-et
1533 4215 1588 4270 in
1624 4229 1684 4270 re
1720 4228 1813 4270 sua
1842 4230 1948 4268 non

379 4326 502 4365 esse
536 4309 709 4374 idola;
740 4319 866 4378 puto
887 4308 1009 4378 quia
1029 4307 1211 4362 debuit
1248 4321 1453 4362 summa
1479 4305 1761 4361 devotione
1795 4306 1906 4360 fieri
1936 4351 1946 4365 .

381 4388 492 4454 nt'a
518 4399 831 4457 Christianis
854 4398 1192 4466 adjuvaretur
1217 4394 1412 4450 absens
1439 4393 1723 4450 christiana
1750 4397 1948 4461 anima,

380 4507 499 4560 qua:
543 4488 597 4544 in
636 4499 778 4544 terra
821 4488 934 4543 vult
973 4487 1087 4542 Deo
1120 4486 1317 4557 gratias
1341 4500 1500 4556 agere
1520 4488 1541 4518 ³
1561 4527 1576 4553 ,
1600 4502 1708 4542 non
1737 4488 1846 4541 vult
1880 4489 1949 4539 ibi

375 4580 572 4650 aliquid
616 4593 739 4635 esse
782 4578 833 4632 in
876 4575 1251 4633 contumeliam
1292 4576 1404 4630 Dei.
1434 4576 1547 4632 Huc
1569 4577 1803 4644 accedit,
1829 4580 1950 4631 auia

379 4669 633 4725 Ecclesia!
661 4667 808 4724 dedit
843 4667 957 4736 ipsa
996 4665 1130 4729 loca.
1160 4666 1225 4721 Et
1252 4667 1304 4721 in
1330 4681 1390 4722 re
1415 4665 1667 4722 Ecclesia:
1693 4666 1830 4721 idola
1862 4666 1921 4718 ιιι

385 4772 496 4813 mra
519 4759 704 4819 erant?
731 4759 970 4824 Fratres,
998 4772 1123 4813 ecce
1144 4756 1271 4829 quid
1297 4757 1541 4828 displicet
1565 4758 1806 4830 Paganis.
1844 4760 1917 4810 Ρ-

383 4866 498 4905 rnm
528 4860 614 4907 est
642 4850 743 4906 illis
765 4850 887 4920 quia
911 4849 977 4905 de
1004 4848 1139 4904 villis
1169 4849 1403 4920 ipsorum
1429 4865 1533 4905 non
1560 4851 1646 4905 illa
1675 4851 1908 4906 tollimus
1933 4897 1954 4909 .

382 4956 489 4996 non
533 4941 636 5005 illa,
669 4940 999 5015 frangimus:
1026 4948 1081 4994 et
1105 4939 1157 4994 in
1185 4940 1382 4995 nostris
1408 4941 1593 4998 volunt
1631 4956 1693 4998 ea
1731 4957 1952 4999 servari-

379 5033 577 5089 Contra
604 5032 744 5091 idola
772 5031 1120 5103 przedicamus
1143 5073 1159 5097 ,
1189 5033 1256 5089 de
1283 5033 1532 5089 cordibus
1560 5035 1644 5089 illa
1677 5036 1911 5090 tollimus
1938 5058 1952 5092 :

380 5114 566 5181 sumus
594 5133 960 5194 persectuores
989 5123 1247 5179 idolorum
1281 5142 1294 5179 :
1336 5127 1663 5195 profitemur.
1692 5127 1959 5184 Numaniu

383 5214 722 5270 servatores?
748 5214 862 5269 Non
889 5214 1022 5268 facio
1050 5213 1137 5269 ubi
1165 5230 1269 5270 non
1301 5232 1552 5285 possunt;
1581 5233 1684 5272 non
1713 5219 1850 5274 facio
1871 5226 1957 5275 utut

384 5308 726 5379 conqueritur
744 5306 990 5361 detniuus
1015 5306 1091 5359 rei
1125 5322 1137 5358 :
1166 5307 1252 5360 ubi
1279 5318 1452 5362 autem
1479 5310 1589 5362 vult
1616 5308 1749 5379 ﬁeri,
1769 5321 1824 5366 et
1838 5328 1959 5364 ara-

387 5402 485 5456 tias
508 5400 644 5470 agit;
672 5413 796 5454 reus
817 5412 945 5462 ero;
974 5396 1019 5451 si
1047 5411 1151 5451 non
1176 5395 1354 5452 fecero

388 5676 431 5724 Δ
454 5614 576 5722 ιὲις
597 5612 721 5677 aptat
744 5619 852 5663 tov.
872 5612 1078 5673 additur,
1096 5619 1278 5664 terrere
1299 5625 1407 5676 eos;
1431 5617 1556 5678 quod
1575 5632 1600 5669 a
1619 5622 1811 5670 exteris
1830 5624 1964 5673 itum

434 5687 481 5715 \P
533 5708 544 5719 .

434 5687 528 5719 ψει
533 5708 544 5719 ,

452 5736 473 5766 ³
497 5742 671 5783 (unum
692 5740 819 5796 Ima,
843 5747 945 5799 qua
977 5738 1039 5787 de
1051 5742 1201 5797 terra,
1222 5737 1347 5787 unde
1367 5737 1462 5788 ruit
1486 5749 1579 5793 Deo
1598 5744 1779 5809 gratias
1801 5764 1944 5801 iuuere

1591 339 1647 405 s.
1692 343 2056 404 Atcnsrm
2097 326 2396 404 erucem

3520 380 3628 439 525

2544 466 2771 526 statuto
2802 472 2960 529 Lxm
2994 478 3129 549 '(a).

2052 550 2131 606 Ds
2173 556 2331 610 verbis
2373 557 2634 631 Et'attgt'lii
2679 563 2907 621 Muttlta‘i
2928 609 2943 633 ,
2994 588 3108 641 cap.
3163 590 3272 642 \‘ttt,
3322 576 3518 639 95-27.
3560 587 3629 642 Ει

2351 649 2671 710 ascendente
2697 654 2838 710 eoin
2870 660 3191 730 naviculim,
3221 677 3318 723 etc.
3504 645 3510 649 ί

2136 738 2185 791 l.
2232 738 2542 812 Navigantes
2595 744 2646 800 iu
2693 750 2909 804 strculo.‘
2960 753 3034 808 De
3077 754 3303 815 lectione
3359 768 3590 822 recentis
3682 776 3685 777 ⁷

2052 828 2184 884 sima
2232 832 2744 926 sanctiAEVaugelii,
2787 838 3019 899 donante
3070 847 3330 915 Domino,
3383 854 3628 926 alloquor

2054 934 2183 1009 vos,
2209 930 2266 976 et
2304 923 2355 977 in
2394 924 2485 979 illo
2525 922 2815 995 exhortor,
2846 939 2903 985 ut
2952 945 3135 989 contra
3181 922 3523 1009 tempestates
3574 959 3632 1003 ct

2055 1008 2239 1066 tinctus
2281 1015 2458 1069 διδουιὶ
2498 1015 2656 1087 hujus
2697 1031 2801 1075 non
2842 1022 3064 1081 durmiat
3109 1027 3241 1086 lich
3284 1033 3335 1087 in
3373 1037 3628 1093 cordibus

2053 1100 2262 1156 vestris.
2293 1101 2408 1157 Non
2434 1104 2575 1161 enim
2605 1118 2789 1165 revera
2823 1111 3075 1171 Dominus
3112 1116 3353 1177 Christus
3396 1134 3625 1182 mortem

2054 1190 2234 1285 habuit
2260 1193 2315 1249 in
2342 1205 2621 1268 potestate,
2649 1210 2892 1259 somnum
2913 1219 3017 1261 non
3045 1207 3229 1266 habuit
3250 1214 3302 1267 in
3328 1225 3628 1285 potestate;

2053 1292 2108 1380 et
2147 1283 2286 1380 forte
2311 1286 2738 1380 Dmtiipotcntem
2784 1298 3114 1370 navigantem
3162 1283 3380 1363 somnus
3430 1314 3627 1380 pressit

2054 1375 2295 1432 invitum.
2325 1377 2439 1435 Hoc
2465 1380 2508 1436 si
2538 1383 2890 1456 credideritis,
2923 1390 3117 1447 dormit
3143 1395 3195 1449 in
3223 1397 3372 1455 vobis
3406 1375 3494 1457 :isi
3529 1419 3627 1457 an-

2054 1473 2161 1521 tem
2209 1467 2262 1522 in
2312 1469 2462 1525 vobis
2507 1474 2684 1544 vigilat
2721 1475 2983 1546 Christus,
3035 1483 3215 1554 vigilat
3257 1487 3386 1545 lides
3422 1504 3621 1550 vestra.
3682 1524 3693 1531 κ

2053 1557 2337 1628 Apostolus
2362 1560 2506 1629 dicit,
2536 1562 2781 1620 Habitare
2803 1568 3055 1627 Christum
3079 1591 3168 1644 per
3190 1575 3344 1647 ﬁdem
3368 1580 3419 1633 iu
3452 1585 3624 1636 canti-
3723 1557 3731 1587 ξ

2054 1649 2144 1705 bus
2167 1653 2340 1707 vestris
2363 1650 2578 1725 (Ep/tes.
2626 1671 2702 1721 nt,
2746 1651 2853 1733 l7).
2895 1660 3034 1733 Ergo
3073 1672 3127 1720 et
3166 1684 3385 1723 sunmus
3432 1672 3627 1729 Chrészi
3729 1648 3739 1659 ⁸

2055 1741 2260 1813 signum
2304 1755 2386 1800 cst
2430 1750 2766 1804 sacramenti.
2818 1749 3135 1825 Navigantes
3180 1769 3304 1814 sunt
3342 1764 3532 1819 aniunc
3575 1768 3626 1818 in

2056 1832 2199 1903 ligno
2220 1836 2468 1890 Sat-Culum
2497 1847 2847 1896 transeuntes.
2865 1843 3031 1899 Etiam
3054 1849 3199 1905 navis
3220 1851 3307 1905 illa
3330 1850 3622 1910 Ecclesiam

2053 1923 2330 1994 ﬁgurabat.
2361 1926 2425 1981 Et
2447 1929 2636 1999 singuli
2664 1934 2859 2004 quippe
2880 1937 3072 2006 templa
3094 1951 3218 1996 sunt
3243 1943 3354 2009 Dei,
3382 1954 3437 1999 et
3466 1962 3628 2001 unus-

2053 2020 2276 2089 quisque
2300 2021 2356 2074 in
2384 2022 2545 2078 cerde
2570 2038 2667 2080 suo
2695 2028 2905 2099 navigat
2931 2045 2947 2084 ε
2977 2045 3076 2086 nec
3106 2030 3227 2089 fat-it
3254 2039 3583 2099 naufragium
3609 2082 3625 2107 ,

2054 2110 2099 2165 si
2125 2111 2261 2166 bona
2284 2113 2499 2184 cogitat.

2122 2200 2178 2255 2.
2206 2200 2521 2260 Excitandus
2547 2206 2772 2263 Christus
2823 2208 2951 2265 inter
3001 2212 3092 2267 ira:
3138 2225 3467 2284 tempestates.
3519 2219 3627 2272 Au-

2053 2291 2176 2348 disti
2218 2296 2515 2352 convicium
2537 2340 2553 2363 ,
2587 2309 2772 2355 ventus
2799 2311 2882 2355 est
2911 2319 2925 2356 :
2958 2303 3121 2359 iratus
3158 2321 3250 2370 cs,
3291 2307 3481 2362 ﬂuctus
3522 2321 3624 2363 est.

2057 2383 2226 2439 Vento
2252 2386 2409 2456 igitur
2437 2387 2615 2455 flante,
2636 2390 2794 2446 ﬂuctu
2815 2405 3082 2465 surgente,
3106 2397 3431 2467 periclitatur
3452 2403 3624 2469 navis,

2054 2474 2383 2545 periclitatur
2406 2492 2500 2533 cor
2528 2488 2691 2546 tuum,
2722 2481 2937 2539 ﬂuctuat
2961 2500 3055 2540 cor
3084 2495 3249 2542 tuum.
3277 2489 3473 2546 Audito
3500 2506 3627 2547 con-

2055 2564 2191 2620 vicio
2232 2566 2486 2622 vindicari
2524 2567 2837 2628 desideras:
2868 2583 2924 2629 et
2949 2590 3075 2632 ecce
3114 2578 3410 2636 vindicatus
3443 2596 3538 2645 es,
3576 2594 3630 2636 ct

2053 2656 2195 2711 malo
2221 2656 2396 2713 alieno
2419 2658 2639 2727 cedens,
2662 2659 2830 2718 fecisti
2847 2665 3196 2736 naufragium.
3219 2669 3282 2724 Et
3302 2687 3469 2743 quare
3488 2670 3628 2739 huc?

2051 2747 2187 2815 Quia
2226 2745 2427 2804 dormit
2462 2750 2514 2805 in
2555 2764 2611 2811 te
2657 2749 2919 2819 Christus.
2960 2756 3095 2835 Quid
3124 2778 3239 2836 est,
3266 2770 3462 2827 dormit
3494 2774 3544 2829 in
3578 2787 3624 2831 te

2052 2842 2333 2917 Christus?
2350 2847 2556 2906 Oblitus
2576 2845 2637 2908 es
2654 2852 2947 2911 Christum.
2975 2856 3156 2913 Excita
3183 2875 3311 2933 ergo
3329 2862 3621 2931 Christum,

2054 2939 2334 2994 recordare
2356 2939 2659 3011 Christum,
2700 2947 2908 3016 evigilet
2955 2949 3008 3003 in
3050 2961 3099 3005 te
3129 2951 3374 3009 Christus
3402 2974 3415 3009 :
3447 2962 3622 3013 comi-

2052 3027 2181 3084 dera
2226 3029 2394 3088 illum.
2440 3033 2575 3103 Quid
2627 3036 2880 3092 Volehas?
2915 3039 3197 3096 Vindicavi.
3240 3043 3446 3101 Excidit
3486 3049 3620 3115 tibi,

2051 3122 2175 3193 quia
2204 3122 2318 3194 ipse
2342 3139 2461 3179 cum
2484 3126 2879 3198 cruciﬁgeretur
2898 3129 3030 3185 dixit
3055 3150 3068 3186 :
3095 3132 3265 3202 Pater,
3286 3138 3487 3208 ignosce
3501 3141 3621 3199 illis.

2052 3214 2169 3283 quia
2198 3215 2423 3269 uestiunt
2450 3216 2571 3287 quid
2607 3219 2798 3288 faciunt
2828 3219 2975 3293 (Luc.
3014 3239 3173 3292 xxm,
3202 3226 3334 3296 5i)?
3368 3228 3467 3296 Qui
3504 3231 3621 3285 dur-

2053 3303 2246 3358 miebat
2274 3302 2325 3358 in
2357 3305 2518 3361 corde
2555 3314 2677 3373 tuo,
2719 3308 2885 3363 uoluit
2914 3310 3187 3367 vindicari.
3222 3315 3406 3372 Excita
3436 3317 3580 3375 illum
3604 3363 3619 3386 ,

2053 3393 2227 3450 recole
2258 3394 2424 3449 illutn.
2452 3395 2702 3451 Memoria
2730 3399 2913 3467 ipsius,
2945 3402 3162 3457 verbum
3190 3404 3353 3476 ipsius
3381 3425 3396 3461 :
3425 3425 3598 3464 mrum

2053 3483 2127 3537 ria
2160 3484 2343 3553 ipsius,
2368 3485 2536 3554 jnssio
2562 3485 2744 3557 ipsius.
2771 3488 2835 3543 Et
2872 3490 3016 3547 dices
3064 3494 3204 3562 apud
3255 3505 3324 3561 tr,
3357 3498 3402 3552 si
3446 3500 3622 3569 \‘lgilal

2052 3574 2104 3627 in
2137 3582 2188 3630 te
2217 3573 2459 3631 Christus
2486 3593 2499 3630 :
2526 3576 2707 3644 Qualis
2731 3595 2828 3649 ego
2855 3580 3032 3650 homo,
3065 3585 3151 3655 qui
3184 3587 3304 3641 volo
3327 3589 3579 3646 vindicari
3603 3596 3623 3645 ?

2054 3665 2148 3732 Qui
2179 3680 2294 3720 sum
2326 3680 2445 3737 ego,
2473 3669 2560 3739 qui
2591 3669 2644 3725 in
2667 3670 2934 3727 hominem
2958 3690 3146 3731 exsere
3164 3682 3624 3739 comminationes't

2052 3756 2248 3812 Moriar
2294 3761 2428 3814 forte
2473 3769 2753 3832 antequam
2785 3764 3037 3821 vindicer.
3068 3767 3135 3823 Et
3172 3786 3291 3825 cum
3327 3773 3582 3831 anhelans
3607 3820 3622 3843 ,

2052 3849 2130 3902 ira
2162 3848 2548 3916 inﬂammatus,
2578 3861 2632 3907 et
2662 3853 2847 3910 sitiens
2879 3855 3185 3926 vindictam,
3213 3864 3393 3919 exicro
3418 3864 3484 3921 de
3508 3882 3623 3922 cor-

2053 3957 2181 4011 pore
2203 3984 2219 4009 ,
2270 3958 2374 3998 non
2417 3959 2504 3999 me
2544 3947 2762 4017 suscipit
2784 3947 2870 4003 ille
2893 3951 2981 4020 qui
3009 3951 3177 4008 noluit
3205 3955 3453 4014 vindicari
3477 3976 3492 4012 :
3522 3977 3621 4014 non

2054 4049 2139 4089 me
2166 4036 2385 4107 suscipit
2423 4037 2514 4093 ille
2547 4039 2635 4109 qui
2677 4040 2828 4106 dixit,
2871 4040 3020 4107 Date,
3052 4058 3100 4098 et
3124 4047 3325 4105 dubitur
3343 4051 3515 4117 vobis;
3543 4058 3623 4109 di.

2052 4125 2231 4179 mittite
2251 4166 2269 4193 ,
2317 4135 2366 4180 et
2411 4126 2687 4219 dimittetur
2732 4131 2866 4186 vobis
2903 4131 3051 4205 (Luc.
3089 4152 3161 4204 Vl,
3201 4140 3270 4197 37
3289 4183 3303 4205 ,
3342 4143 3455 4217 38).
3491 4146 3626 4219 Ergo

2056 4230 2390 4285 eompeseam
2418 4232 2505 4274 me
2522 4218 2591 4274 ab
2619 4221 2886 4277 iracundia
2916 4241 3054 4293 mea,
3082 4238 3137 4283 et
3171 4231 3357 4288 redibo
3382 4235 3448 4289 ad
3477 4218 3628 4307 quiis-

2058 4316 2164 4362 tcm
2203 4309 2381 4365 cordis
2421 4311 2545 4366 mei.
2591 4311 2875 4383 Imperavit
2919 4316 3157 4375 Christus
3187 4325 3337 4391 mari,
3370 4326 3507 4383 farta
3549 4343 3632 4385 est

2056 4401 2430 4468 tranquillitas.

2129 4491 2182 4544 5.
2216 4488 2506 4562 lmperaute
2539 4492 2738 4550 Christo
2800 4498 2856 4564 [it
2908 4503 3266 4573 tranquillitas.
3330 4507 3481 4574 Quod
3536 4529 3632 4565 an-

2056 4590 2165 4636 tem
2200 4581 2315 4636 dixi
2356 4583 2421 4636 ad
2463 4582 2807 4654 iracundiam,
2854 4589 2956 4644 hoc
2999 4600 3172 4647 tenete
3223 4596 3539 4667 regulariter
3579 4603 3635 4657 in

2057 4672 2706 4730 clunibus'tentationihus
2732 4678 2937 4733 vestris.
2970 4680 3099 4735 Nata
3126 4695 3206 4738 est
3234 4690 3472 4748 tentatio.
3500 4705 3633 4745 ven-

2059 4773 2144 4817 tus
2171 4772 2254 4818 est
2279 4781 2291 4815 :
2320 4764 2559 4821 turbatus
2584 4780 2678 4832 es,
2721 4766 2909 4823 tinctus
2952 4780 3049 4826 est.
3097 4773 3279 4830 Excita
3319 4777 3636 4847 Christum,
3728 4800 3737 4809 ·

2061 4855 2306 4924 loquatur
2334 4866 2524 4914 tecum.
2558 4857 2683 4922 Quis
2710 4869 2783 4914 est
2809 4860 2910 4927 hic,
2939 4865 3138 4933 quando
3175 4877 3219 4921 et
3260 4871 3391 4924 renti
3422 4882 3468 4924 et
3500 4880 3641 4927 inure

2062 4947 2297 5002 obediunt
2334 4950 2423 5004 ei?
2460 4948 2588 5017 Quis
2614 4961 2699 5006 est
2736 4952 2854 5021 hic,
2896 4956 2980 5011 cui
3015 4957 3228 5014 obaudit
3256 4963 3441 5016 mare?
3469 4962 3640 5032 Ipsius

2062 5050 2144 5095 est
2175 5055 2322 5095 mare
2342 5081 2356 5103 ,
2395 5049 2451 5097 et
2491 5042 2603 5111 ipse
2637 5042 2759 5099 fecit
2802 5044 2930 5099 illud
2970 5046 3142 5113 (Psal.
3175 5066 3313 5118 κων,
3339 5053 3415 5124 5).
3449 5056 3639 5109 Omnia

2063 5145 2159 5200 per
2179 5130 2350 5199 ipsum
2378 5129 2511 5183 facta
2538 5139 2661 5186 sunt
2684 5130 2860 5202 (Joan.
2889 5149 2940 5202 ι,
2976 5135 3054 5209 3).
3084 5138 3245 5209 Magis
3277 5141 3481 5197 imitare
3513 5162 3642 5199 \cn~

2066 5230 2148 5276 tos
2172 5229 2225 5276 et
2249 5235 2396 5276 mare
2416 5219 2754 5292 :obtempera
2776 5222 3034 5280 Creatori.
3060 5227 3171 5283 Sub
3181 5220 3421 5299 iussione
3441 5234 3640 5291 Clll‘lsli

2065 5327 2211 5365 mare
2247 5310 2429 5379 audit,
2471 5320 2525 5366 et
2549 5321 2603 5366 tu
2628 5313 2820 5368 surdus
2843 5316 3102 5373 es?Mare
3134 5306 3288 5375 audit
3311 5363 3328 5389 ,
3366 5337 3419 5380 et
3453 5338 3644 5382 vvnlm

2067 5414 2257 5470 cessat,
2287 5414 2341 5458 et
2371 5413 2424 5456 tu
2455 5403 2676 5458 sumas?
2703 5406 2878 5473 Quid?
2915 5408 3040 5463 Dico
3060 5452 3074 5475 ,
3118 5409 3274 5480 facio,
3304 5414 3442 5485 fingo
3472 5436 3484 5471 :
3517 5422 3643 5488 quid

2070 5503 2151 5548 est
2175 5492 2317 5548 aliud
2345 5493 2443 5546 nisi
2470 5492 2703 5556 sufllare,
2728 5505 2782 5549 ct
2808 5495 2907 5550 sub
2933 5498 3096 5552 verbo
3128 5500 3322 5558 Christi
3354 5506 3496 5561 mlle
3524 5522 3643 5564 crs

2134 5629 2149 5645 ‘
2179 5632 2247 5674 tiu
2270 5640 2311 5674 te
2340 5640 2616 5676 sermonm
2658 5642 2751 5677 non
2774 5627 3046 5681 invenimus
3082 5633 3173 5683 nisi
3223 5635 3274 5686 in
3315 5639 3431 5690 ﬁdit.
3468 5647 3569 5690 Par.
3599 5653 3649 5690 et

2068 5696 2204 5815 LOia)
2240 5749 2380 5819 Alias,
2401 5751 2433 5800 3
2455 5751 2577 5802 inter
2600 5751 2784 5801 utilitas
2802 5763 2830 5803 a
2855 5756 3217 5808 Parisiensibus.
