3922 6192
446 468 705 532 mentm
720 458 1071 533 ‘Evangelimn
1105 442 1389 525 legeretur,
1408 444 1705 533 'Dominnm
1742 440 1910 495 Deum
1940 450 2042 491 no-

464 528 635 624 strum
652 528 940 629 antequam
965 564 1061 623 pro
1090 546 1578 603 nobinnoreretur,
1603 528 1785 590 firmos
1802 540 2045 629 nosesse

468 654 695 712 voluisse
726 669 741 705 ε
769 619 863 705 sed
892 619 1226 700 admonendo
1269 651 1335 691 ne
1377 632 1719 690 timeremus.
1752 624 1816 679 et
1857 619 2045 712 admm

466 710 642 805 uendo
666 724 729 800 ut
754 743 1078 796 timeremus.
1107 732 1194 787 Ait
1218 728 1358 786 enim
1390 743 1403 780 :
1438 722 1613 778 Nolite
1639 719 1813 773 timere
1840 710 1941 805 eos
1960 711 2047 782 qui

467 850 648 909 rorpus
675 832 927 897 occidant,
966 826 1187 881 animam
1224 827 1393 874 autem
1426 830 1526 869 non
1558 818 1765 883 possunt
1800 804 2042 909 occidere.

466 896 606 988 liceo
632 914 718 984 ubi
750 921 948 982 monuit
977 930 1043 976 ne
1074 910 1404 973 timeremus.
1426 906 1624 963 Videte
1654 902 1739 989 ubi
1783 896 2050 955 monuerit

466 1034 523 1078 ut
546 1024 876 1077 timeremus.
906 1011 1013 1070 Sed
1039 1022 1168 1075 eum,
1196 1002 1400 1074 inquit,
1426 1000 1616 1063 timete,
1634 994 1727 1066 'qni
1754 998 2049 1063 potestatem

472 1110 617 1170 habet
655 1124 699 1167 ct
738 1123 923 1179 corpus
962 1112 1013 1160 et
1040 1103 1259 1157 animam
1285 1091 1597 1179 occidere-in
1625 1084 1876 1179 σώθητιιέ
1900 1078 2051 1179 τετςο

466 1210 752 1264 timeamus
771 1244 786 1269 ,
902 1212 1006 1253 non
1032 1196 1329 1249 timeamus.
1356 1176 1544 1242 Timor
1576 1179 1787 1234 ridetur
1814 1174 1878 1230 ad
1906 1173 2053 1243 igna-

414 1319 421 1334 ·
474 1300 610 1355 viam
641 1295 905 1368 pertinere
933 1307 947 1343 :
983 1272 1493 1368 tintoritihrmorum
1510 1270 1868 1368 videtur-csse
1889 1306 1904 1331 ,
1944 1276 2050 1368 non

753 1381 861 1439 Sed
894 1378 1070 1434 videte
1099 1371 1225 1445 quid
1264 1366 1337 1424 ait
1377 1362 1657 1434 Scriptura
1684 1352 1906 1413 :‘Timor
1942 1351 2051 1407 Do-

468 1470 602 1535 mini
638 1493 752 1546 spes
781 1467 1087 1547 fortitudinis
1112 1460 1301 1537 ’(Ρνου.
1333 1472 1442 1523 ittv,
1470 1450 1591 1525 ﬁ).
1619 1450 1968 1547 Timeamus,
1988 1457 2054 1497 ac

474 1539 759 1626 timeamus
781 1539 806 1620 ἐ
834 1564 935 1617 hoc
964 1548 1064 1624 c'st’,
1098 1552 1385 1627 prudenter
1404 1544 1709 1606 timeamus,
1739 1554 1805 1595 ne
1826 1539 2057 1592 inaniter

474 1665 779 1719 timeamus.
803 1655 1065 1724 Martyres
1090 1644 1282 1711 sancti,
1312 1646 1528 1711 promer
1551 1646 1774 1706 quorum
1799 1627 2055 1685 solemni-

478 1766 640 1812 tatem
668 1753 770 1807 hoc
794 1764 863 1805 ex
891 1722 1178 1814 Evangelia
1214 1737 1493 1793 recitatum
1533 1738 1634 1796 est,
1679 1722 1913 1782 timendo
1952 1735 2055 1775 non

477 1848 771 1903 timuerunt
797 1859 810 1895 :
841 1836 960 1908 quia
988 1835 1157 1890 Deum
1189 1825 1444 1891 timendo,
1472 1820 1715 1877 homines
1733 1824 2059 1883 contempse-

481 1928 643 1994 runtf

553 2027 606 2082 2.
641 2020 848 2080 Homini
889 2019 950 2074 ab
1007 2015 1207 2073 homine
1256 2009 1328 2065 nil
1372 2003 1706 2061 metuendum.
1753 1996 1887 2067 Quid
1918 1994 2059 2051 enim

484 2120 552 2175 ab
578 2111 878 2173 hominibus
918 2106 1116 2164 homini
1154 2094 1492 2159 metuendum
1539 2093 1666 2149 est?
1707 2092 1775 2148 Et
1819 2088 1942 2160 quid
1982 2095 2062 2141 est

484 2210 626 2267 unde
654 2206 877 2262 alterum
906 2207 1120 2266 terreat,
1147 2195 1309 2251 homo
1336 2188 1603 2246 hominem
1624 2186 1649 2240 ἲ
1670 2184 1880 2249 Terret,
1912 2176 2064 2235 ct’di-

486 2304 580 2370 cit,
612 2297 809 2357 Occido
836 2303 889 2349 te
916 2310 929 2346 :
959 2299 1013 2348 et
1041 2304 1147 2345 non
1177 2287 1347 2349 timet,
1371 2297 1441 2338 ne
1464 2294 1585 2338 eum
1624 2276 1857 2332 minatur
1879 2314 1893 2339 ,
1920 2268 2065 2342 prius

486 2364 764 2450 moriatur.
796 2382 1026 2446 Occide,
1058 2377 1246 2449 inquit.
1277 2375 1406 2442 Quis
1430 2369 1594 2426 dicit?
1622 2366 1706 2423 cui
1732 2364 1900 2421 dicit?
1928 2364 2067 2418 Duos

490 2484 649 2540 audio
683 2488 883 2537 :umtm
911 2481 1196 2531 terrentem
1223 2511 1237 2535 ,
1270 2468 1492 2522 alterum
1532 2466 1890 2520 metuentem;
1932 2469 2064 2526 quo-

491 2588 609 2630 rum
635 2582 771 2626 unus
796 2575 878 2623 est
906 2573 1121 2636 potens,
1154 2559 1288 2614 alter
1313 2555 1577 2615 inﬁrmus,
1610 2549 1701 2605 sed
1729 2544 1885 2601 ambo
1923 2559 2068 2600 mor-

492 2663 648 2721 tales.
668 2657 813 2728 ‘Quid
849 2670 907 2713 se
940 2668 1067 2725 ergo
1093 2648 1326 2707 extendit
1351 2647 1402 2701 in
1434 2639 1892 2725 honorelinllatior
1920 2647 2069 2709 pote-

493 2758 638 2820 stas,
665 2752 721 2806 in
754 2760 914 2804 carne
955 2741 1176 2813 :equalis
1217 2732 1537 2792 inﬁrmitas?
1579 2732 1807 2788 Securus
1843 2728 2073 2783 minetur

495 2853 744 2908 mortem,
778 2837 868 2909 qui
898 2850 1002 2891 non
1029 2833 1178 2888 timet
1204 2836 1451 2884 mortem.
1480 2824 1538 2880 Si
1562 2836 1689 2877 vero
1713 2820 1851 2875 unde
1877 2826 2069 2884 terret,

491 2936 647 2993 tiinc’t
667 2948 683 3001 ;
706 2907 945 2988 attendat
962 2940 1043 2993 se,
1070 2931 1123 2979 et
1152 2921 1201 2977 ei
1222 2919 1307 2976 cui
1328 2918 1558 2973 minatur
1580 2919 1852 2982 comparet
1874 2925 1952 2964 se.
1985 2907 2071 2963 ln-

494 3026 675 3083 veuiat
714 3023 766 3077 in
792 3034 861 3076 eo
886 3016 968 3073 eui
1011 3013 1243 3069 minatur
1265 3051 1279 3076 ,
1319 3018 1500 3079 parem
1543 3001 1935 3063 conditionem;
1966 3005 2021 3053 ct
2044 3012 2074 3051 a

499 3119 724 3178 Domino
764 3110 933 3170 simul
990 3122 1110 3164 cum
1152 3105 1244 3160 illo
1274 3110 1422 3175 petat
1439 3094 1859 3154 miserationem.
1903 3090 2078 3146 llomo

500 3219 582 3268 est
610 3208 793 3269 enim,
838 3213 893 3259 et
928 3196 1135 3255 homini
1178 3195 1447 3252 minatur,
1491 3194 1731 3241 creatura
1772 3190 2075 3238 creatum:

501 3302 597 3356 sed
624 3311 725 3353 una
755 3292 935 3350 inﬂata
961 3288 1063 3346 sub
1087 3287 1359 3349 Creatore,
1389 3278 1551 3334 altera
1578 3275 1782 3346 fugiens
1818 3271 1883 3327 ad
1917 3270 2079 3327 Crea-

592 3404 697 3443 cm.

592 3404 697 3443 cm.

503 3400 807 3536 erAl‘UT
839 3472 904 3530 ll.
930 3498 1000 3515 --
1020 3469 1074 3524 5.
1103 3465 1198 3521 Dei
1227 3471 1496 3534 martyrem
1517 3476 1606 3513 cur
1635 3473 1733 3511 non
1764 3463 1942 3509 terreat
1967 3469 2080 3525 per-

506 3578 723 3627 secutor.
774 3565 927 3620 Dicat
970 3570 1095 3631 ergo
1144 3553 1461 3612 fortissimus
1493 3558 1715 3620 martyr,
1750 3557 1897 3601 stans
1923 3545 2083 3600 homo

507 3673 631 3719 ante
659 3658 927 3715 hominem
956 3671 970 3707 ε
1000 3651 1113 3706 Non
1142 3647 1324 3723 timeo,
1356 3643 1476 3714 quia
1503 3641 1686 3697 timeo.
1712 3637 1794 3692 Tu
1821 3634 1961 3707 quod
1986 3635 2084 3689 mi-

508 3753 673 3818 naris,
700 3751 749 3804 si
782 3747 871 3802 ille
898 3742 1048 3808 nolit,
1077 3754 1185 3795 non
1212 3736 1342 3791 facis
1370 3751 1383 3788 :
1417 3730 1558 3805 quod
1589 3737 1764 3785 autem
1794 3728 1883 3782 ille
1908 3726 2084 3781 mina-

510 3859 629 3913 tur,
648 3850 708 3899 ut
736 3841 891 3897 faciat
917 3852 946 3891 a
973 3834 1121 3891 nni-lo
1151 3826 1452 3900 impeditur.
1486 3823 1685 3913 Deinde
1721 3832 1777 3877 tu
1813 3818 1953 3891 quod
1982 3818 2085 3873 mi-

511 3910 675 4002 naris,
705 3942 759 3991 et
781 3931 827 3987 si
857 3923 1204 4002 permitteris,
1231 3917 1356 3992 quid
1377 3912 1552 3973 facis?
1570 3912 1756 3984 Usque
1780 3910 1847 3968 ad
1872 3922 2086 3967 carnem

512 4026 688 4088 amris.
720 4024 1030 4081 animatum
1058 4022 1159 4072 est.
1188 4011 1307 4067 Non
1345 4006 1555 4065 occides
1582 4003 1721 4077 quod
1751 4016 1855 4058 non
1891 4001 2043 4057 vides
2070 4019 2085 4056 τ

513 4118 735 4176 visibilis
771 4110 1033 4169 visibilem
1064 4116 1252 4163 terres.
1285 4101 1552 4158 Habemus
1575 4095 1733 4152 ambo
1770 4094 2088 4150 iuvisibilem

513 4211 842 4273 Creatorem,
868 4212 1026 4274 quem
1050 4197 1207 4254 simul
1226 4194 1423 4250 timere
1447 4189 1769 4253 debeamus;
1800 4186 1889 4258 qui
1914 4184 2090 4241 homi-

513 4314 639 4358 nem
682 4300 854 4370 ipsmn
884 4309 955 4351 ex
984 4288 1178 4345 visibiii
1206 4292 1259 4341 et
1287 4282 1536 4339 invisibili
1562 4280 1760 4337 creavit
1791 4295 1804 4332 :
1834 4277 2091 4333 visibilem

517 4395 587 4451 de
613 4400 752 4449 terra
774 4386 908 4444 fecit
927 4425 944 4451 ,
972 4379 1289 4438 invisibilem
1314 4375 1440 4430 ﬂatu
1470 4389 1567 4429 suo
1595 4373 1847 4428 animavit
1874 4372 1911 4424 ‘.
1938 4370 2092 4426 'Sub—

520 4484 710 4542 sumtis
741 4493 866 4550 ergo
890 4472 1190 4535 invisibilis,
1220 4470 1320 4525 hoc
1345 4474 1428 4523 est
1448 4508 1462 4531 ,
1489 4466 1663 4520 anima
1693 4481 1810 4535 qua:
1829 4465 2092 4536 jacentem

523 4587 719 4633 teriam
735 4570 903 4628 erexit
921 4565 987 4623 de
1007 4572 1167 4626 terra,
1190 4575 1296 4615 non
1319 4560 1465 4614 timet
1483 4570 1602 4611 emn
1627 4556 1858 4625 percutis
1879 4563 2091 4609 terram.

525 4671 684 4727 Potes
710 4663 869 4720 ferire
893 4653 1270 4719 habitaculum,
1294 4645 1549 4717 numquid
1581 4645 1968 4702 habitatorem?
1995 4644 2096 4700 Fu-

525 4767 600 4838 git
625 4771 878 4834 percusso
902 4750 1111 4808 vinculo
1135 4747 1428 4816 colligatus,
1453 4749 1506 4795 et
1522 4740 1619 4795 erit
1642 4740 1694 4793 in
1718 4739 1924 4794 occulto
1939 4754 2095 4793 coro-

529 4827 705 4914 natus.
743 4846 878 4919 Quid
904 4857 1030 4915 ergo
1050 4838 1297 4903 minaris,
1322 4834 1409 4906 qui
1429 4832 1621 4887 animae
1643 4828 1773 4885 nihil
1798 4827 1971 4884 facere
2001 4844 2095 4899 po-

527 4946 651 5005 tes?
681 4945 781 5002 Per
804 4938 1052 4996 meritum
1078 4933 1193 5003 ejus
1217 4928 1302 4984 cui
1322 4926 1497 4983 facere
1516 4923 1643 4979 nihil
1666 4930 1840 4993 potes,
1860 4928 2102 4991 resurget

528 5041 614 5097 cui
641 5039 813 5092 lacere
836 5026 1029 5100 aliquid
1054 5032 1223 5097 potes.
1247 5021 1348 5077 Per
1372 5017 1618 5073 meritum
1642 5013 1785 5072 enim
1806 5014 1995 5068 animat
2013 5029 2099 5068 re-

530 5137 711 5201 surget
725 5136 776 5184 et
796 5137 920 5181 caro
947 5139 958 5177 :
982 5129 1034 5176 et
1054 5114 1330 5173 habitatori
1349 5111 1617 5177 reddetur,
1632 5109 1743 5181 jam
1760 5124 1862 5163 non
1880 5108 2098 5174 ruitura,

531 5222 623 5278 sed
661 5232 926 5275 mansura.
952 5212 1130 5276 Ecce,
1163 5205 1321 5264 verba
1362 5201 1609 5274 martyris
1646 5201 1766 5256 dico
1790 5242 1807 5269 ,
1851 5214 1977 5256 ecce
2004 5214 2105 5256 nec

537 5322 748 5387 propter
775 5310 795 5342 ¹
828 5308 992 5377 ipsam
1018 5314 1231 5356 carnem
1268 5310 1438 5350 meam
1472 5294 1631 5348 timeo
1668 5291 2107 5347 comminantem.

533 5383 672 5463 Caro
702 5416 816 5458 mea
844 5397 1081 5466 subjacet
1105 5387 1351 5460 potestati
1382 5404 1393 5438 ί
1423 5385 1516 5440 sed
1540 5383 1698 5438 etiam
1725 5384 1899 5453 capilli
1921 5385 2106 5452 capitis

538 5493 802 5554 munerati
827 5496 953 5547 sunt
974 5481 1217 5543 Creatori
1236 5477 1448 5551 (Matth.
1473 5492 1528 5540 ιι,
1560 5474 1670 5547 50).
1693 5474 1829 5543 Quid
1851 5476 2013 5532 timeo
2042 5491 2107 5531 ne

602 5653 619 5680 ι
644 5642 946 5694 Colbertinus
963 5644 1067 5697 Ms,
1092 5631 1301 5697 imisin
1318 5629 1483 5695 [iam
1499 5639 1636 5680 «tum
1657 5626 1921 5697 Matrinia-it:

606 5706 628 5737 ³
649 5690 783 5761 Cliti,
801 5690 909 5751 ecce
924 5690 1153 5761 propter;
1174 5690 1367 5756 omisso,
1389 5704 1494 5751 nec,
1517 5702 1626 5754 quze
1650 5690 1849 5754 negatio
1870 5690 1948 5740 hic
1970 5702 2113 5753 repe-

545 5772 669 5817 ritur
685 5767 737 5811 tn
767 5763 985 5815 vatieano
1017 5765 1099 5807 Its.

1691 328 1748 382 S.
1792 318 2156 380 Allt'j‘USTlNl
2174 330 2179 335 ‘
2194 320 2495 380 EPISCOPI

3625 322 3741 379 428

2155 448 2365 491 carnem
2404 435 2620 506 perdam
2643 477 2656 502 ,
2702 435 2788 507 qui
2819 451 2915 491 nec
2942 436 3185 507 capillum
3218 434 3421 507 perdo?
3450 435 3740 505 Quomodo

2154 542 2257 582 non
2302 527 2527 583 attendit
2553 544 2765 583 carnem
2802 545 2972 583 meam
3004 570 3017 594 ,
3045 529 3129 583 cui
3167 529 3244 582 sic
3286 540 3405 583 nota
3449 540 3568 585 sunt
3601 516 3732 586 vilia

2155 618 2315 673 mea?
2342 618 2517 691 lpSum
2547 634 2738 690 corpus
2770 619 2908 688 quod
2937 618 3136 689 percuti
3162 626 3216 673 et
3242 619 3408 673 occidi
3443 628 3631 693 potest,
3663 612 3738 675 ad

2156 716 2363 781 tempus
2388 711 2521 765 cinis
2546 712 2644 767 erit
2667 753 2681 777 ,
2731 711 2783 765 in
2813 718 3067 766 a‘tcrnum
3099 710 3396 766 immortale
3426 713 3529 767 erit
3556 714 3594 766 ¹.
3626 712 3740 767 Sed

2155 801 2241 857 cui
2291 803 2435 857 hoc?
2475 799 2570 857 Cui
2616 802 2883 857 reddetur
2911 817 3104 872 corpus
3144 800 3210 857 ad
3263 803 3425 857 t’ttam
3474 813 3737 876 :eternam

2154 894 2313 950 etiam
2340 896 2573 950 occisum
2593 938 2608 963 ,
2652 904 2977 967 peremptum
2998 937 3013 962 ,
3047 894 3401 965 dissipatum?
3428 895 3513 950 cui
3540 894 3742 949 redde-

2158 988 2284 1043 tur?
2314 987 2374 1042 Ei
2404 989 2492 1058 qui
2526 1004 2629 1043 non
2669 989 2840 1042 timuit
2869 1003 3067 1059 ponere
3091 989 3112 1020 ¹
3142 988 3371 1042 animam
3394 1002 3547 1042 suam
3567 1028 3581 1052 ,
3612 1002 3743 1042 cum

2160 1097 2263 1138 non
2297 1082 2446 1136 timet
2473 1098 2537 1135 ne
2563 1079 2835 1136 occidatur
2863 1096 2987 1135 caro
3015 1095 3128 1135 sua.

2228 1168 2452 1229 CAPUT
2491 1172 2581 1249 lll.
2610 1205 2681 1215 -——
2723 1175 2775 1235 4.
2835 1170 3017 1226 Anima
3072 1173 3220 1227 modo
3271 1190 3361 1229 suo
3417 1174 3743 1227 immortalis.

2160 1265 2389 1331 Etenim,
2423 1265 2630 1333 fratres,
2664 1265 2835 1318 anima
2866 1264 3178 1343 immortalis
3204 1264 3535 1345 perhibetur,
3556 1273 3619 1321 et
3652 1274 3745 1320 est

2161 1356 2472 1412 immortalis
2505 1355 2794 1413 secundtnn
2826 1355 3104 1429 quemdam
3133 1338 3348 1409 modum
3372 1338 3541 1421 suum
3571 1372 3586 1409 :
3615 1357 3748 1427 quia

2156 1452 2241 1511 est
2268 1448 2507 1521 qumdam
2536 1449 2635 1511 \‘ita
2658 1492 2672 1516 ,
2706 1466 2824 1519 quae
2864 1458 3037 1520 potest
3072 1446 3353 1518 prmscntia
3394 1462 3487 1501 sua
3516 1463 3749 1502 carnem

2162 1540 2447 1597 viviticarc.
2480 1541 2579 1597 Per
2621 1541 2850 1594 animam
2890 1540 3083 1615 quippe
3125 1554 3249 1593 caro
3274 1536 3418 1593 vivit.
3458 1529 3586 1605 llaec
3636 1538 3751 1593 vita

2163 1634 2297 1688 monii
2324 1648 2429 1688 non
2454 1622 2627 1703 potest
2654 1650 2665 1685 :
2690 1640 2743 1687 et
2765 1618 2885 1687 ideo
2908 1632 3080 1685 anima
3112 1620 3423 1684 immortalis
3444 1639 3545 1683 est.
3565 1628 3756 1696 Quare

2162 1732 2290 1799 ergo
2332 1727 2480 1790 dixi,
2521 1723 2823 1780 Secundum
2867 1739 3020 1778 suum
3060 1722 3312 1778 modum?
3340 1720 3530 1776 Audite
3555 1735 3755 1791 quire.

2164 1818 2425 1887 Queniam
2449 1826 2533 1873 est
2553 1817 2792 1889 qumdam
2819 1811 3184 1891 immortalitas
3206 1831 3349 1879 vera,
3374 1813 3758 1869 immortalitas

2166 1926 2285 1983 quia
2327 1919 2411 1965 est
2450 1904 2753 1963 omnimoda
2788 1892 3294 1963 incommutabilitas
3327 1923 3338 1958 :
3367 1904 3435 1959 de
3470 1918 3575 1974 qua
3622 1902 3761 1958 dicit

2166 2001 2453 2072 'Apostolus
2484 2002 2711 2072 loquens
2744 1998 2811 2054 de
2842 1999 2952 2054 Deo
2973 2040 2989 2063 ,
3020 1998 3120 2064 Qui
3152 1997 3288 2051 solus
3316 1997 3456 2050 habet
3484 1996 3761 2048 immorta-

2169 2092 2395 2160 litatem,
2444 2101 2490 2145 et
2542 2090 2700 2145 lucem
2738 2089 2931 2143 habitat
2968 2086 3384 2150 inacccssibilem;
3419 2102 3565 2155 quem
3603 2101 3757 2138 nemo

2171 2183 2429 2237 hominum
2452 2182 2570 2237 vidit
2590 2223 2604 2245 ,
2631 2178 2721 2236 sed
2746 2197 2835 2235 nec
2863 2180 3028 2235 ridere
3053 2187 3211 2251 potest
3236 2196 3254 2233 :
3280 2177 3362 2235 cui
3401 2188 3471 2232 est
3497 2178 3673 2231 honor
3711 2186 3761 2231 et

2173 2275 2334 2346 gloria
2369 2276 2421 2330 in
2467 2275 2656 2331 siccata
2697 2272 3017 2329 surculorum.
3048 2272 3207 2326 Amen
3249 2269 3289 2341 (ι
3337 2269 3465 2324 Tim.
3494 2284 3549 2324 vx
3573 2310 3589 2334 ,
3645 2267 3758 2338 16).

2171 2364 2402 2441 Siergo
2457 2362 2597 2420 Deus
2648 2363 2796 2421 solus
2844 2362 3007 2419 habet
3064 2359 3549 2423 immortalitatem,
3604 2367 3762 2413 certe

2171 2459 2347 2514 anima
2409 2458 2644 2513 mortalis
2700 2466 2801 2514 est.
2841 2457 2977 2512 Ecce
3015 2471 3178 2527 quare
3227 2448 3335 2509 dixi
3395 2453 3760 2507 immortalem

2175 2565 2295 2606 esse
2324 2551 2553 2604 animam
2587 2532 2876 2604 secundum
2906 2548 3119 2603 modum
3147 2562 3318 2601 suum.
3348 2530 3478 2600 Nam
3502 2554 3690 2615 potest
3711 2554 3764 2598 et

2172 2640 2613 2712 moriJrrtclligat
2632 2638 2874 2695 Charitas
2889 2649 3082 2705 vestra,
3105 2646 3159 2694 et
3177 2637 3319 2693 nulla
3338 2634 3561 2707 quaestio
3578 2648 3765 2689 rema-

2174 2734 2342 2789 nebit.
2368 2732 2553 2789 Audeo
2581 2732 2757 2788 dicere
2775 2774 2789 2799 ,
2822 2732 2998 2786 anima
3023 2738 3196 2801 potest
3222 2729 3384 2794 mori,
3414 2736 3592 2798 potest
3613 2728 3762 2783 oeci-

2176 2822 2251 2878 di.
2280 2822 2434 2879 Certe
2473 2823 2785 2877 immortalis
2818 2830 2918 2877 cst.
2957 2822 3094 2876 Ecce
3119 2820 3287 2876 audeo
3315 2819 3492 2875 dicere
3514 2859 3532 2886 ,
3564 2804 3636 2874 et
3664 2816 3767 2872 im-

2178 2915 2421 2971 mortalis
2449 2922 2530 2969 cst
2553 2956 2567 2979 ,
2596 2922 2649 2969 ct
2680 2919 2851 2984 potest
2887 2911 3053 2967 occidi
3085 2930 3097 2963 :
3131 2922 3185 2967 et
3224 2911 3342 2967 ideo
3367 2911 3473 2965 dixi
3506 2911 3765 2981 quoniam

2176 3014 2260 3061 est
2286 3003 2525 3076 quaedam
2553 3003 2943 3070 immortalitas,
2972 3001 3071 3058 hoc
3096 3011 3196 3068 ρει,
3229 3000 3533 3059 omnimodo
3565 3000 3770 3056 incom-

2183 3095 2523 3160 m‘utahilitas,
2556 3110 2712 3165 quam
2741 3092 2886 3149 solus
2914 3090 3056 3149 Deus
3085 3091 3237 3147 habet
3264 3133 3283 3157 ,
3320 3091 3388 3146 de
3424 3104 3532 3161 quo
3558 3090 3767 3146 dictum

2180 3195 2297 3253 est,
2346 3184 2445 3252 Qui
2473 3186 2610 3241 solus
2643 3185 2786 3239 habet
2833 3183 3274 3238 inunortalimtem.
3317 3181 3447 3237 Nam
3490 3182 3538 3237 si
3574 3184 3764 3237 anima

2177 3286 2288 3331 non
2318 3285 2491 3348 petes!
2513 3275 2683 3332 occidi
2704 3318 2717 3340 ,
2745 3277 3010 3346 quomodo
3037 3264 3169 3330 dixit
3207 3273 3318 3344 ipse
3349 3272 3606 3328 Dominus
3641 3288 3760 3328 cum

2184 3378 2408 3426 terreret
2436 3383 2533 3424 nos
2554 3409 2570 3435 ,
2604 3367 2736 3423 Eum
2762 3377 2947 3447 timete,
2974 3368 3058 3437 qui
3086 3375 3375 3439 potestatem
3401 3365 3548 3419 habet
3571 3376 3626 3420 et
3656 3383 3769 3420 cor-

2188 3474 2281 3533 pus
2301 3470 2346 3515 et
2370 3461 2591 3515 animant
2616 3460 2840 3515 occidere
2863 3458 2915 3513 in
2942 3454 3211 3530 gehenna?

2257 3552 2481 3608 CAPUT
2521 3552 2611 3607 IV.
2691 3583 2732 3591 —
2781 3552 2835 3607 5.
2878 3550 3140 3616 Quomodo
3172 3550 3310 3615 mori
3361 3550 3534 3603 anhna
3578 3560 3765 3620 potest.

2194 3642 2311 3698 Vita
2371 3642 2578 3710 animm,
2632 3641 2788 3697 Deus.
2841 3640 3029 3697 Adhuc
3079 3639 3424 3708 conﬁrmavi,
3471 3655 3576 3694 non
3644 3640 3774 3695 Solvi

2190 3736 2558 3808 quaestionem.
2588 3732 2820 3791 Probavi
2846 3733 2966 3807 quia
2999 3740 3171 3803 potest
3199 3731 3373 3787 anima
3403 3730 3595 3786 occidi.
3636 3731 3775 3786 Con-

2192 3829 2378 3885 tradici
2408 3825 2696 3899 Evangelio
2733 3841 2837 3882 non
2862 3833 3075 3898 potest,
3123 3823 3223 3879 nisi
3265 3823 3332 3878 ab
3363 3823 3539 3878 anima
3582 3822 3771 3894 impia.

2190 3918 2329 3975 Ecce
2354 3918 2481 3974 mihi
2507 3917 2736 3975 occurrit
2773 3925 2828 3972 et
2864 3915 2952 3972 hic
2973 3956 2989 3983 ,
3017 3922 3072 3970 et
3094 3913 3240 3970 venit
3277 3914 3327 3968 in
3355 3924 3587 3968 mentem
3635 3912 3774 3984 quod

2192 4011 2385 4089 dicam.
2433 4006 2733 4066 Contradici
2779 4023 2887 4063 non
2938 4013 3113 4077 potest
3157 4005 3313 4070 vita},
3355 4004 3454 4059 nisi
3482 4003 3552 4059 ab
3590 4003 3775 4057 anima

2195 4110 2422 4158 mortua.
2457 4099 2800 4171 Evangelium
2826 4098 2933 4152 vita
2971 4104 3054 4163 est
3075 4138 3091 4165 ,
3134 4094 3378 4165 impietas
3403 4102 3464 4148 et
3484 4092 3775 4149 inﬁdelitas

2195 4207 2340 4247 mors
2364 4191 2555 4246 anima:
2577 4198 2678 4245 est.
2703 4188 2843 4244 Ecce
2866 4193 3038 4257 potest
3064 4184 3217 4247 mori,
3249 4194 3301 4241 et
3330 4183 3652 4238 immortalis
3676 4190 3775 4237 est.

2196 4282 2472 4351 Quomodo
2512 4296 2639 4352 ergo
2665 4278 2982 4334 immortalis
3014 4276 3139 4332 est?
3180 4275 3312 4344 Quia
3341 4290 3555 4344 semper
3597 4275 3776 4343 aliqua

2196 4375 2303 4430 vita
2330 4386 2431 4440 est,
2460 4390 2577 4444 qua:
2607 4373 2660 4428 in
2688 4371 2775 4427 illa
2806 4366 3466 4439 nunquamexstinguitur.
3492 4366 3775 4432 Qnmnodo

2198 4469 2465 4525 moritur?
2490 4466 2604 4522 Non
2645 4473 2704 4519 ut
2737 4479 2847 4518 non
2872 4462 2941 4517 sit
2968 4461 3071 4515 vita
3093 4500 3107 4525 ,
3151 4457 3244 4513 sed
3271 4456 3563 4511 amittendo
3590 4452 3773 4510 vitam.

2200 4560 2409 4619 Etenim
2438 4560 2611 4615 anima
2633 4567 2686 4613 et
2705 4557 2810 4611 vita
2830 4564 2911 4611 est
2928 4552 3085 4611 alicui
3111 4550 3208 4617 rei,
3231 4557 3285 4604 et
3305 4548 3462 4604 habet
3478 4548 3644 4603 etiam
3668 4547 3776 4616 ipsa

2199 4655 2361 4708 vitam
2389 4667 2558 4706 suam.
2582 4649 2832 4704 Ordinem
2862 4643 3074 4700 attende
3102 4652 3483 4697 creaturarum.
3517 4638 3637 4692 Vita
3658 4651 3779 4691 eor-

2201 4745 2346 4818 porls
2374 4744 2547 4799 anima
2574 4749 2655 4797 est
2687 4758 2701 4795 :
2744 4739 2846 4793 vita
2888 4728 3078 4793 anima:
3115 4732 3260 4789 Deus
3297 4738 3395 4786 est.
3437 4728 3587 4787 Sicut
3626 4726 3781 4784 adest

2205 4837 2310 4893 vita
2333 4833 2566 4902 corpori,
2597 4831 2648 4885 id
2677 4836 2777 4893 est,
2804 4828 3002 4888 anima,
3031 4838 3098 4879 ne
3132 4823 3392 4877 moriatur
3418 4834 3614 4890 corpus
3644 4836 3659 4872 :
3699 4817 3779 4872 sic

2204 4927 2360 4984 debet
2387 4926 2573 4981 adesse
2591 4924 2698 4981 vita
2721 4922 2935 4986 animat,
2963 4918 3065 4974 hoc
3091 4926 3194 4979 est,
3226 4916 3383 4981 Dens,
3415 4928 3484 4969 ne
3521 4912 3781 4967 moriatur

2205 5020 2401 5073 animo.
2436 5015 2646 5084 Coepus
2672 5009 2938 5083 quomodo
2960 5006 3229 5065 moritur?
3259 5005 3448 5059 Anima
3473 5002 3781 5059 deserentis.

2208 5109 2394 5167 Anima
2423 5128 2438 5172 ,
2473 5108 2707 5177 inquam,
2733 5103 3010 5158 deserente
3054 5098 3278 5154 moritur
3296 5108 3489 5165 corpus
3516 5112 3531 5146 :
3561 5101 3613 5147 et
3635 5092 3778 5162 jacet

2206 5194 2431 5258 cadaver
2456 5200 2612 5270 paulo
2637 5205 2760 5251 ante
2787 5193 3092 5264 appetibiie,
3120 5188 3287 5245 modo
3305 5185 3656 5257 aspernohile.
3696 5182 3780 5237 ln-

2209 5303 2333 5351 sunt
2360 5293 2617 5358 membra,
2646 5289 2805 5355 oeuli,
2831 5302 2985 5341 aures
3009 5301 3023 5338 :
3047 5284 3140 5341 sed
3170 5282 3251 5337 ha:
3272 5280 3514 5337 fenestra!
3538 5285 3657 5332 sunt
3685 5275 3778 5329 doc

2211 5403 2328 5443 mus
2350 5428 2364 5452 ,
2394 5386 2653 5439 habitator
2672 5380 2945 5438 abscessit.
2969 5376 3069 5444 Qui
3096 5376 3293 5445 plangit
3314 5382 3593 5431 mortuum,
3614 5368 3685 5422 ad
3708 5368 3784 5420 fc-

2276 5503 2290 5534 ¹
2318 5500 2466 5559 Editi,
2489 5498 2556 5549 ad
2590 5503 2772 5559 tempus
2806 5489 2926 5559 cinis
2962 5488 3087 5551 erit,
3123 5484 3321 5558 mortale
3348 5479 3784 5559 erﬂ,.Co:herntinf

2215 5573 2315 5622 his,
2339 5548 2383 5612 et
2405 5548 2737 5622 dearmet
2752 5555 2816 5604 ad
2840 5563 3040 5622 tempus,
3074 5548 3176 5600 non
3198 5548 3423 5622 morietur:
3442 5548 3783 5622 ingenuit,

2215 5603 2916 5686 ἶιῆιῖιᾶἓιᾶῖέ’ἷῆἰῖλῗειιὶεζιιιιιὲρΔ
2936 5603 3155 5665 'iimitmte
3196 5611 3357 5675 (forte,
3404 5603 3626 5667 omnim)
3666 5606 3778 5659 erit.

2219 5688 2267 5738 in
2290 5693 2519 5737 triarium:
2538 5679 2806 5737 hnmortale
2823 5679 2935 5727 erit.

2284 5757 2303 5781 ι
2332 5754 2577 5795 Vaticanus
2600 5754 2701 5802 313.,
2726 5741 2944 5802 perdere.
