3922 6192
231 330 336 387 629

228 453 441 501 uestras
484 438 773 497 lmbitaculi
804 437 998 497 [rustra
1025 438 1221 494 clamat
1258 456 1271 492 :
1304 452 1409 492 non
1449 447 1532 493 est
1558 436 1701 492 intus
1736 434 1829 507 qui

227 535 429 592 audiat.
458 532 667 602 Quanta
692 531 827 587 dicit
849 530 1145 602 plangentis
1172 529 1395 586 allectus
1417 571 1433 596 ,
1469 538 1666 603 quanta
1697 544 1830 584 enu-

228 633 419 688 merat,
448 631 646 694 quanta
674 630 1096 688 commemorat;
1137 629 1191 677 et
1226 636 1323 692 per
1346 628 1600 691 quantam
1625 662 1641 685 ,
1671 628 1728 674 nt
1755 621 1828 675 ita

227 713 477 779 dixerim,
504 712 712 768 doloris
740 712 1001 766 insaniam
1027 712 1176 782 quasi
1212 725 1333 766 cum
1363 710 1630 766 sentiente
1657 709 1830 781 loqui-

228 815 310 862 tur
329 847 347 873 ,
398 819 529 860 cum
568 802 827 875 loquatur
860 816 981 857 cum
1010 801 1266 859 absente?
1294 796 1583 857 Enumerat
1605 814 1785 856 mures
1808 841 1823 865 ,

226 903 509 955 enumerat
559 894 756 953 iudicia
811 893 1200 951 benevolentiae
1240 894 1381 950 circa
1420 908 1500 950 se.
1548 893 1626 949 Tu
1651 907 1712 949 es
1732 895 1826 964 qui

226 990 353 1045 mihi
382 987 521 1044 illud
546 986 784 1055 dedisti;
816 986 942 1042 illud
964 995 1021 1043 et
1039 984 1172 1043 illud
1199 986 1491 1055 pnestitisti
1523 1004 1537 1041 :
1569 994 1626 1041 tu
1648 1000 1708 1042 es
1735 988 1825 1059 qui

226 1082 297 1137 sic
330 1089 392 1136 et
419 1081 502 1135 sic
531 1094 619 1135 me
652 1077 911 1133 dilexisti.
941 1077 998 1134 Si
1044 1076 1317 1144 attendas,
1345 1077 1389 1132 si
1432 1078 1737 1149 intelligas,
1775 1079 1824 1134 si

228 1174 485 1229 insaniam
506 1172 714 1228 doloris
736 1184 964 1241 premas,
990 1171 1081 1241 qui
1104 1179 1156 1225 te
1179 1169 1361 1226 dilein
1384 1169 1646 1226 abscessit
1671 1187 1686 1224 :
1715 1170 1825 1226 l‘ru—

151 1281 154 1284 '
222 1277 327 1322 stra
355 1276 412 1320 te
436 1265 634 1321 domus
660 1265 858 1334 patitur
890 1264 1211 1333 pulsaturum
1234 1301 1253 1331 ,
1294 1262 1347 1318 in
1387 1278 1491 1333 qua
1532 1278 1640 1318 non
1668 1274 1822 1334 potes

226 1357 469 1412 invenire
496 1369 827 1410 mansurum.

291 1447 523 1505 CAPUT
559 1446 621 1501 ν.
647 1477 722 1488 --
742 1446 798 1503 ϐ.
826 1445 1093 1501 Moratum
1112 1446 1360 1517 corporis,
1383 1455 1488 1500 ιιιηι
1507 1446 1694 1501 animae
1715 1442 1823 1517 qui-

221 1546 315 1599 tias
330 1541 539 1611 iudiciis
557 1540 894 1611 cognoscitur.
936 1538 1243 1594 Redeamus
1277 1539 1344 1593 ad
1394 1553 1608 1594 causam
1662 1532 1819 1611 quam

222 1632 379 1700 paulo
420 1639 550 1685 ante
591 1630 861 1685 dicebam.
907 1629 1174 1686 Mortuu‘m
1220 1638 1304 1685 est
1344 1645 1560 1701 corpus.
1602 1630 1820 1700 Quare?

222 1721 351 1787 Quia
380 1721 638 1777 discessit
671 1721 778 1775 vita
817 1724 934 1790 ejus
957 1762 973 1784 ,
1007 1719 1109 1776 hoc
1136 1730 1256 1785 est,
1285 1720 1486 1776 anima.
1505 1792 1508 1795 Α
1530 1720 1671 1776 Vivit
1694 1718 1817 1778 cor-

220 1827 335 1889 pus,
364 1821 423 1867 et
447 1812 648 1890 impius
664 1819 769 1877 est,
803 1811 1030 1866 infidelis
1057 1819 1159 1879 est,
1184 1811 1250 1866 ad
1276 1811 1602 1868 credendum
1630 1811 1814 1880 durus,

223 1904 286 1959 ad
314 1903 672 1975 corrigendos
699 1917 879 1959 mores
904 1902 1110 1958 ferreus
1139 1921 1154 1958 :
1181 1902 1393 1958 vivente
1419 1917 1642 1973 corpore
1670 1918 1814 1959 mor-

224 2005 313 2052 tua
340 2005 427 2053 est
450 1996 635 2050 anima
660 2037 677 2063 ,
707 2010 805 2065 per
839 2009 1000 2066 quam
1042 2006 1237 2065 corpus
1278 1993 1426 2049 vivit.
1467 1992 1634 2050 Tanta
1672 1996 1813 2051 enim

218 2104 313 2145 res
342 2099 424 2145 est
450 2089 634 2143 anima
660 2131 675 2155 ,
722 2096 783 2143 ut
817 2085 1005 2142 idonea
1033 2086 1105 2140 sit
1134 2085 1294 2140 vitam
1324 2093 1578 2157 pnestare
1603 2086 1815 2156 corpori

223 2184 381 2239 etiam
406 2191 643 2239 mortua.
671 2181 845 2237 Tanta
865 2223 880 2247 ,
926 2181 1140 2251 inquam
1165 2221 1181 2246 ,
1225 2193 1314 2236 res
1342 2187 1427 2234 est
1449 2180 1623 2234 anima
1649 2220 1665 2246 ,
1706 2188 1813 2234 tam

223 2274 498 2332 excellens
536 2283 783 2329 cratera
806 2312 823 2338 ,
866 2280 923 2327 ut
947 2271 1138 2327 idonea
1168 2271 1238 2326 sit
1264 2270 1425 2325 etiam
1463 2278 1670 2325 mortua
1694 2284 1814 2347 ear-

222 2381 347 2423 rem
373 2365 669 2433 viviﬁcare.
695 2363 829 2419 Nam
859 2364 975 2433 ipsa
999 2362 1179 2421 anima
1215 2361 1400 2432 impii,
1425 2360 1599 2415 anima
1629 2358 1815 2414 inlide-

220 2458 310 2525 lia,
341 2458 518 2513 ariima
546 2455 830 2527 perversi,
854 2455 1008 2521 duri,
1036 2463 1247 2510 mortua
1275 2462 1360 2509 est
1391 2471 1405 2509 :
1432 2461 1490 2509 et
1516 2454 1693 2508 tamen
1719 2465 1815 2523 per

225 2548 392 2619 ipsam
422 2556 693 2603 mortuam
722 2546 854 2602 vivit
880 2559 1096 2616 corpus.
1129 2544 1255 2600 Ideo
1278 2544 1460 2600 ibiest
1488 2561 1500 2597 :
1530 2550 1709 2598 movet
1745 2540 1813 2597 ad

220 2639 548 2708 sperandum
580 2648 794 2702 manus,
824 2636 896 2692 ad
918 2636 1297 2693 ambulandum
1326 2633 1509 2706 pedes,
1541 2634 1607 2689 ad
1639 2633 1814 2689 viden-

223 2731 347 2786 dum
366 2729 599 2787 intendit
625 2730 888 2797 obtutum,
918 2729 984 2784 ad
1002 2728 1329 2784 audiendum
1354 2727 1573 2784 auribus
1593 2724 1813 2783 inclina-

226 2833 344 2891 tur;
368 2836 596 2893 sapores
622 2821 898 2892 diiudicat,
930 2821 1147 2877 dolores
1172 2820 1400 2892 refugit,
1430 2819 1631 2890 appetit
1653 2819 1809 2874 volu-

220 2922 413 2984 ptates.
442 2910 639 2970 Omnia
678 2913 793 2968 haec
820 2913 1062 2984 corporis
1090 2912 1319 2968 viventis
1362 2910 1554 2966 indicia
1579 2951 1594 2976 ,
1622 2909 1715 2967 sed
1743 2926 1807 2966 ex

220 3008 406 3061 atuma-
422 3005 736 3076 prmscntia.
753 3003 1026 3074 Interrogo
1041 3018 1257 3074 corpus,
1277 3017 1346 3058 an
1370 3003 1533 3059 vivat.
1561 2999 1806 3074 Respon-

223 3097 309 3153 det
368 3097 502 3153 mihi
538 3116 553 3151 :
586 3095 752 3151 Vides
812 3095 1171 3150 ambulantem
1195 3135 1210 3160 ,
1259 3092 1408 3149 vides
1454 3101 1763 3164 uperantern
1788 3134 1803 3159 ,

220 3187 371 3243 audis
395 3187 728 3259 loquentem,
755 3184 934 3242 cernis
956 3192 1294 3254 appetentem
1315 3189 1372 3238 et
1396 3182 1712 3254 fugientem,
1752 3191 1807 3238 ct

222 3294 323 3334 non
353 3279 606 3349 intelligis
641 3293 836 3348 corpus
873 3276 1096 3333 vivere?
1133 3275 1237 3331 Per
1279 3275 1394 3330 lucc
1420 3290 1581 3346 opera
1613 3275 1806 3331 anima:

198 3360 365 3425 'iutus
383 3370 711 3436 constituue,
732 3369 974 3441 intelligo
994 3375 1189 3439 corpus
1209 3368 1414 3424 vivere.
1448 3369 1514 3423 Et
1537 3371 1805 3439 interrogo
1844 3400 1854 3413 ι

222 3459 384 3529 ipsam
404 3461 665 3526 animum,
694 3476 762 3515 an
784 3460 943 3514 vivat.
975 3457 1145 3514 liabet
1162 3465 1219 3514 et
1241 3457 1355 3528 ipsa
1376 3459 1543 3528 'upera
1565 3472 1682 3525 sua,
1710 3472 1805 3528 per

218 3564 334 3620 quia
361 3550 613 3606 ostendat
637 3550 803 3605 vitam
833 3564 1005 3605 suam.
1035 3547 1208 3605 Pedes
1232 3548 1528 3615 ambulant,
1564 3546 1804 3619 intelligo

219 3653 410 3711 corpus
435 3641 653 3707 vivere,
681 3640 778 3696 sed
805 3640 997 3695 animus
1042 3638 1347 3710 prresentia.
1385 3638 1602 3707 Quaero,
1626 3647 1803 3693 utrum

218 3731 358 3784 vivat
379 3731 579 3785 anima.
603 3729 771 3786 Pedes
798 3731 884 3786 isti
911 3729 1205 3785 ambulant.
1233 3730 1372 3785 Ecce
1395 3729 1463 3785 de
1486 3742 1595 3784 uno
1632 3737 1799 3784 motu.

220 3819 295 3875 De
323 3822 430 3877 vita
450 3821 722 3892 interrogo
737 3835 935 3890 corpus
948 3828 1010 3876 et
1028 3821 1282 3875 animam.
1305 3818 1593 3874 Ambulant
1618 3820 1798 3891 pedes,

216 3910 454 3983 intelligo
472 3926 670 3981 corpus
689 3912 898 3966 vivere.
918 3910 1024 3967 Sed
1058 3925 1164 3981 quo
1197 3910 1515 3966 ambulant?
1542 3910 1623 3967 Ad
1651 3911 1804 3967 adul-

215 4004 435 4070 terium,
459 4004 647 4073 inquit.
687 4004 828 4073 Ergo
853 4012 1061 4058 mortua
1087 4011 1169 4059 est
1192 4004 1388 4058 anima.
1420 4002 1510 4060 Sic
1532 4005 1676 4060 enim
1704 4019 1802 4061 ve-

211 4093 503 4149 missine
528 4092 802 4164 Scriptura
843 4092 981 4148 dixit
1011 4111 1023 4146 :
1071 4092 1297 4148 Mortua.
1321 4104 1393 4150 est
1432 4095 1584 4149 uidua
1610 4090 1801 4164 quain

213 4182 417 4237 deliciis
440 4182 557 4237 sisit
587 4180 634 4254 (ι
655 4181 791 4237 Tim.
818 4197 877 4250 v,
908 4182 988 4254 ti).
1016 4181 1151 4239 Cum
1174 4185 1400 4239 multum
1428 4184 1636 4240 intersit
1663 4185 1804 4242 inter

210 4272 442 4329 delicias
462 4283 519 4330 et
542 4274 865 4331 adtdteriuui
883 4315 902 4342 ,
928 4275 1198 4345 quomodo
1225 4277 1406 4347 potest
1429 4274 1605 4332 anima
1625 4319 1639 4345 ,
1679 4292 1803 4349 qua:

211 4364 266 4420 in
288 4366 503 4425 deliciis
524 4376 730 4423 mortua
764 4368 960 4423 dicitur
978 4409 996 4433 ,
1036 4369 1089 4424 in
1118 4368 1380 4426 adulterio
1402 4366 1626 4427 vivom?
1662 4370 1803 4427 biur-

210 4463 303 4510 tua
335 4464 441 4511 est.
486 4456 588 4511 Sed
630 4472 730 4513 nec
765 4458 843 4513 sic
883 4457 1099 4529 quidem
1127 4464 1291 4528 agens
1322 4468 1533 4516 mortua
1559 4469 1660 4518 est.
1690 4461 1800 4518 Lo-

208 4554 473 4615 quentem
502 4547 677 4612 audio,
703 4547 830 4602 vivit
855 4561 1071 4617 corpus.
1107 4547 1225 4604 Non
1249 4550 1395 4605 enim
1429 4550 1605 4622 lingua
1630 4551 1687 4606 in
1705 4566 1803 4609 ore

207 4650 528 4695 moreretur
546 4681 561 4701 ,
604 4650 658 4695 et
682 4648 984 4710 percuteret
1006 4639 1304 4711 quibusque
1326 4641 1462 4696 locis
1486 4642 1809 4700 articulares‘

205 4742 407 4794 sonos,
438 4730 537 4785 nisi
568 4729 710 4785 intus
735 4730 1003 4786 habitator
1021 4741 1205 4797 esset;
1233 4742 1287 4788 et
1312 4732 1466 4804 quasi
1495 4733 1562 4788 ad
1588 4733 1692 4789 hoc
1710 4747 1802 4790 or-

204 4834 419 4889 ganum
445 4821 694 4887 musicus,
721 4823 813 4893 qui
837 4823 1015 4894 lingua
1043 4839 1137 4879 sua
1164 4830 1424 4879 uteretur.
1465 4824 1695 4879 Prursns
1719 4824 1802 4879 ina

203 4911 424 4981 mitigo.
464 4909 575 4968 lloc
598 4913 758 4968 modo
792 4928 989 4984 corpus
1012 4915 1262 4983 loquitur,
1291 4927 1487 4984 corpus
1519 4915 1667 4970 vivit.
1693 4914 1796 4972 Sed

203 5000 510 5069 utter-rogo,
529 5010 705 5061 utrum
723 5012 781 5058 et
795 5005 976 5059 anima
998 5004 1155 5060 vivat.
1173 5004 1313 5061 Ecce
1332 5005 1567 5075 loquitur
1582 5018 1795 5076 corpus,

198 5090 370 5144 vivit.
408 5090 542 5157 Quid
570 5091 838 5163 loquitur?
863 5095 1143 5163 Quomodo
1178 5095 1420 5152 dicebam
1448 5096 1518 5153 de
1540 5097 1795 5167 pedibus,

199 5180 527 5246 Ambulant,
547 5196 675 5240 ecce
701 5184 832 5240 vivit
850 5199 1076 5256 corpus;
1108 5194 1165 5242 et
1185 5187 1511 5258 q‘uazreham,
1538 5188 1657 5253 Quo
1678 5203 1795 5244 am-

198 5272 447 5328 bulant?
484 5284 539 5329 ut
562 5275 913 5348 intelligerem
942 5287 1120 5334 utrum
1157 5289 1214 5335 et
1240 5280 1416 5335 anima
1446 5281 1649 5337 viveret
1676 5298 1689 5336 :
1721 5281 1799 5337 sic

198 5363 377 5418 etiam
406 5377 530 5418 cum
554 5366 717 5422 audio
740 5367 1067 5437 loquentem,
1092 5370 1325 5442 intelligo
1348 5370 1470 5440 quia
1507 5385 1703 5442 corpus
1727 5372 1800 5426 vi-

200 5456 283 5509 vit
301 5471 320 5517 ;
346 5470 532 5527 quau-0
552 5457 681 5528 quid
702 5458 975 5529 loquatur,
994 5471 1172 5516 utrum
1198 5470 1255 5517 et
1270 5462 1449 5518 anima
1472 5462 1638 5517 vivat.
1659 5462 1799 5519 blen-

198 5546 430 5602 dacium
459 5547 708 5618 loquitur.
733 5549 790 5606 Si
811 5552 1145 5608 mendacium
1164 5553 1414 5625 loquitur,
1439 5570 1567 5627 ergo
1587 5563 1796 5611 mortua

196 5646 316 5690 est.
365 5635 519 5691 Unde
565 5638 667 5695 hoc
703 5642 1031 5711 probamus?
1068 5644 1238 5715 Ipsam
1268 5646 1545 5701 veritatem
1572 5646 1797 5702 interro-

195 5722 436 5792 gemus,
461 5740 580 5795 qua:
605 5728 678 5783 ait
710 5747 724 5784 :
760 5724 832 5784 Os
870 5731 1005 5802 quod
1031 5735 1269 5788 mentitur
1290 5774 1306 5801 ,
1352 5734 1535 5788 occidit
1570 5736 1794 5791 animam

1657 322 1885 381 SERMO
1922 323 2011 379 LX
2023 325 2106 381 Vl.

3415 342 3521 398 450

1943 436 2101 507 (Sap.
2158 455 2195 505 ι,
2254 440 2363 511 ll).
2411 441 2624 510 Quaero,
2685 442 2860 512 Quare
2918 455 3129 503 mortua
3182 459 3265 505 est
3302 452 3520 508 anima?

1938 527 2091 595 Quod
2131 529 2288 599 paulo
2312 536 2438 587 ante
2462 531 2702 589 dicebam
2724 550 2744 600 ',
2785 546 2968 607 qner
2994 580 3011 604 ,
3041 538 3216 608 Quare
3254 551 3521 598 mortuum

1937 628 2018 673 est
2065 622 2305 690 corpus?
2343 614 2477 691 Quia
2525 623 2770 681 discessit
2810 627 2915 682 vita
2955 629 3071 699 ejus
3111 631 3308 686 anima.
3346 632 3525 701 Quare

1935 720 2144 767 mortua
2191 723 2275 769 est
2318 714 2544 770 anima?
2592 715 2730 784 Quia
2786 718 3023 775 deseruit
3074 736 3193 776 eam
3247 723 3353 778 vita
3406 724 3524 794 eius

1934 800 2096 857 Deus.

2003 889 2229 949 CAPUT
2262 892 2348 948 V‘l.
2380 925 2450 937 -—
2485 896 2537 951 7.
2573 894 2716 951 Mors
2743 899 2927 952 auium:
2951 898 3168 970 lugenda
3192 910 3239 956 et
3293 903 3515 959 timenda

1930 980 2094 1053 magis
2111 999 2262 1053 quam
2312 1000 2450 1040 mora
2486 988 2733 1057 corporis.
2763 990 3002 1045 Breviter
3051 1004 3180 1064 ergo
3209 993 3293 1049 bis
3336 998 3505 1066 cogni‘

1931 1073 2018 1138 tis,
2046 1075 2237 1131 scitote
2256 1086 2564 1150 certumque
2610 1086 2806 1141 tenete.
2852 1097 3045 1153 corpus
3090 1071 3356 1142 mortuum
3401 1086 3523 1143 esse

1929 1163 2049 1220 sine
2071 1166 2281 1220 anima:
2310 1169 2541 1224 animum
2577 1160 2840 1226 mortuam
2875 1162 2996 1228 esse
3023 1175 3141 1230 sine
3169 1175 3299 1231 Deo.
3334 1176 3524 1232 Omnis

1930 1255 2089 1310 homo
2128 1258 2246 1313 sine
2296 1259 2407 1315 Deo
2453 1271 2714 1317 mortuam
2755 1263 2914 1318 habet
2962 1254 3256 1321 animam‘.
3306 1268 3520 1340 Plnngis

1928 1358 2193 1403 mortuum
2220 1368 2233 1405 :
2268 1352 2455 1422 plango
2482 1352 2812 1423 peccatorum
2838 1356 3024 1427 magis,
3059 1359 3249 1429 plango
3274 1360 3511 1430 impium,

1926 1439 2115 1510 plunge
2144 1441 2428 1497 inﬁdelem.
2476 1443 2740 1517 Scriptum
2766 1458 2847 1503 est
2877 1465 2893 1501 :
2928 1448 3115 1503 Luctus
3133 1451 3317 1505 mortui
3342 1494 3357 1518 ,
3403 1468 3515 1522 sep-

1927 1538 2025 1583 tem
2055 1530 2196 1598 dies;
2219 1533 2349 1602 fami
2367 1544 2535 1588 autem
2561 1546 2606 1589 et
2630 1538 2809 1608 impii,
2833 1532 3003 1593 onznes
3031 1539 3137 1594 dies
3183 1543 3296 1596 vita:
3315 1544 3517 1599 illorum

1931 1618 1950 1691 (
1974 1618 2129 1674 Eccli.
2162 1638 2272 1677 χιιι
2295 1665 2310 1689 ,
2343 1625 2453 1695 l3).
2482 1627 2561 1680 An
2587 1643 2713 1682 vero
2739 1643 2845 1683 non
2875 1631 2924 1684 in
2958 1640 3008 1687 te
3037 1643 3160 1687 sunt
3186 1634 3387 1690 viscera
3409 1637 3519 1692 mi-

1923 1712 2203 1767 serationis
2227 1716 2549 1784 christianae,
2585 1720 2641 1773 ut
2670 1720 2887 1791 plangas
2916 1737 3111 1792 corpus
3140 1739 3170 1779 a
3195 1740 3303 1796 quo
3328 1742 3511 1783 reces-

1921 1802 1992 1856 sit
2039 1804 2246 1870 anima,
2275 1815 2329 1861 et
2378 1822 2483 1863 non
2529 1808 2748 1881 plangas
2793 1806 3023 1867 animum
3066 1827 3096 1869 a
3148 1830 3250 1886 qua
3298 1798 3519 1875 recessit

1923 1891 2106 1949 Deus?
2129 1892 2242 1950 Hoc
2264 1905 2451 1953 tenens
2492 1894 2693 1972 martyr
2737 1900 3056 1973 respondeat
3097 1904 3501 1966 coiiiminatori:

1920 1982 2056 2048 Quid
2087 2000 2172 2040 me
2196 1986 2373 2056 cogis,
2402 1996 2459 2042 ut
2514 2000 2705 2060 negem
2752 1992 3054 2049 Christum?
3100 1994 3258 2067 Cogis
3285 2013 3413 2070 ergo
3459 2012 3517 2056 ut

1920 2088 2108 2144 negem
2157 2078 2428 2132 veritatem
2456 2078 2556 2134 ?Si
2590 2081 2840 2147 noluero,
2880 2084 3006 2154 quid
3059 2082 3233 2142 facis?
3274 2088 3514 2145 Porculis

1918 2169 2114 2235 carpes
2142 2182 2318 2221 meum
2338 2208 2354 2234 ,
2384 2178 2440 2223 ut
2470 2170 2682 2226 recedat
2712 2173 2834 2228 inde
2854 2174 3030 2229 anima
3060 2188 3175 2232 mea
3205 2194 3219 2231 :
3250 2178 3345 2235 sed
3399 2180 3512 2251 ipsa

1920 2256 2099 2311 anima
2122 2272 2242 2314 mea
2293 2258 2360 2314 ad
2384 2273 2444 2315 se
2474 2260 2634 2317 habet
2662 2277 2874 2334 corpus.
2906 2265 3022 2321 Non
3071 2262 3152 2323 cst
3178 2270 3508 2341 imprudens,

1919 2361 2025 2401 non
2047 2355 2129 2402 est
2149 2347 2429 2419 insipiens.
2453 2350 2530 2407 Tu
2560 2352 2640 2409 vis
2666 2349 2827 2411 ferire
2854 2356 3050 2429 corpus
3072 2375 3248 2416 meum
3275 2378 3289 2416 :
3323 2365 3403 2419 vis
3428 2377 3506 2429 ut,

1916 2452 2036 2491 cum
2088 2439 2248 2494 timeo
2286 2456 2353 2495 ne
2382 2439 2542 2498 ferias
2571 2457 2768 2515 corpus
2803 2440 3005 2516 meum,
3037 2457 3091 2505 ct
3137 2452 3351 2509 recedat
3388 2456 3511 2512 inde

1915 2528 2092 2585 anima
2121 2545 2272 2600 mea,
2301 2547 2399 2604 ego
2438 2533 2623 2590 feriam
2680 2538 2912 2594 animam
2954 2532 3159 2609 meam,
3210 2555 3265 2601 et
3293 2549 3508 2605 recedat

1918 2621 2039 2675 inde
2072 2622 2210 2677 Deus
2233 2625 2423 2679 meus?
2462 2626 2577 2682 Non
2609 2640 2735 2700 ergo
2764 2630 2970 2701 timeas,
3004 2644 3226 2709 martyr,
3271 2640 3505 2710 gladium

1915 2715 2244 2795 percussoris
2274 2732 2285 2768 :
2318 2716 2547 2788 linguam
2581 2726 2724 2774 tuam
2770 2720 2916 2788 t‘imc,
2957 2738 3027 2779 ne
3054 2733 3106 2780 tu
3135 2722 3186 2782 te
3218 2733 3502 2801 percutias,

1912 2812 1968 2860 ct
1987 2805 2197 2862 occidas
2232 2821 2337 2862 non
2360 2824 2571 2866 carnem
2592 2851 2607 2877 ,
2641 2810 2733 2868 Sed
2760 2816 3013 2871 animum.
3047 2820 3288 2877 Animam
3340 2823 3501 2894 time,

1912 2900 1980 2951 ne
2006 2898 2265 2953 moriatur
2288 2898 2341 2953 in
2374 2902 2615 2972 geltenna
2642 2902 2798 2975 ignis.

1981 2988 2205 3046 CAPUT
2248 2990 2357 3046 νυ.
2386 3023 2457 3032 -
2481 2992 2531 3049 8.
2562 2988 2803 3065 Corporis
2840 2980 2885 3053 et
2913 3000 3098 3056 anima:
3152 3004 3285 3061 mors
3348 3015 3501 3064 mter-

1911 3094 2005 3147 πα,
2034 3096 2148 3151 qua:
2173 3080 2253 3136 sit.
2286 3081 2414 3138 Inde
2442 3100 2570 3155 ergo
2596 3081 2869 3155 Deminus,
2932 3090 3033 3157 Qui
3073 3092 3219 3149 habet
3271 3106 3496 3168 potesta-

1911 3179 2009 3225 tem
2037 3176 2083 3225 et
2099 3187 2281 3244 corpus
2300 3184 2344 3228 et
2360 3176 2583 3228 animum
2611 3178 2835 3233 occidere
2862 3179 2913 3244 in
2933 3176 3161 3252 geltenna
3178 3186 3329 3258 ignis.
3355 3189 3500 3259 Quo-

1909 3262 2103 3317 modo?
2123 3265 2333 3334 quando
2363 3267 2603 3322 mittetur
2624 3268 2674 3323 in
2699 3270 2996 3340 gehermam
3023 3275 3238 3347 impius,
3294 3282 3503 3340 ardebit

1909 3352 1981 3407 ibi
2024 3368 2240 3425 corpus,
2290 3356 2360 3413 ibi
2404 3358 2581 3413 anima
2616 3347 2640 3414 ἱ)
2686 3356 2829 3418 Mors
2874 3368 3155 3436 corporis,
3206 3373 3494 3443 sempiter-

1909 3454 1975 3496 na
2006 3458 2161 3513 poem
2197 3462 2210 3500 :
2237 3458 2385 3502 mors
2410 3449 2622 3515 animm,
2654 3451 2743 3505 Dei
2785 3453 3043 3510 absentia.
3077 3455 3170 3513 Vis
3199 3475 3357 3518 nosse
3380 3476 3500 3533 qua:

1907 3528 1975 3588 sit
2011 3548 2155 3590 mors
2180 3535 2405 3590 animae?
2428 3536 2669 3610 Intelligo
2696 3541 3008 3612 prophetam
3041 3545 3304 3604 dicentem
3329 3593 3344 3619 ,
3375 3528 3501 3608 Ῠοι-

1908 3624 2041 3680 latur
2067 3627 2273 3698 impius,
2293 3639 2350 3681 ut
2367 3645 2466 3683 non
2480 3629 2643 3685 videat
2663 3632 2944 3689 claritatem
2960 3635 3168 3693 Domini
3191 3639 3242 3713 (1
3245 3658 3325 3698 aa.
3346 3660 3494 3716 xm;

1908 3711 2033 3792 ιο).
2059 3719 2264 3776 Timent
2315 3732 2443 3793 ergo
2471 3723 2649 3781 anima
2695 3735 2922 3783 mortem
2962 3742 3114 3786 suam
3139 3774 3154 3801 ,
3185 3711 3242 3790 et
3279 3752 3384 3794 non
3429 3711 3497 3796 ti;

1907 3823 2049 3870 meat
2075 3822 2299 3870 mortem
2325 3817 2565 3893 corporis
2596 3818 2696 3874 sui.
2728 3817 2861 3888 Quia
2900 3822 2945 3877 si
2974 3823 3209 3880 timuerit
3261 3838 3488 3888 mortem

1906 3912 2086 3975 Suam,
2115 3914 2169 3962 et
2198 3906 2391 3963 vixerit
2411 3909 2462 3963 in
2494 3906 2605 3965 Deo
2633 3923 2730 3967 suo
2753 3951 2770 3978 ,
2800 3926 2909 3968 non
2936 3928 3056 3970 eum
3085 3915 3406 3977 oll'endendo
3438 3936 3495 3981 et

1906 3988 1936 4050 ἁ
1966 4009 2025 4052 se
2062 3992 2398 4067 repellendo,
2445 4000 2739 4057 merebitur
2766 4002 2820 4058 in
2875 4004 2980 4061 (ine
3024 4007 3261 4079 recipere
3296 4025 3493 4086 corpus

1906 4082 2097 4155 Suum;
2129 4103 2234 4144 non
2262 4088 2327 4145 ad
2356 4104 2567 4162 poenam
2599 4101 2853 4150 aeternam
2873 4136 2889 4164 ,
2920 4097 3058 4153 sicut
3086 4099 3233 4172 impii
3258 4120 3273 4170 ;
3298 4082 3490 4164 sed‘ad

1908 4172 2067 4249 vitam
2096 4189 2387 4250 aeternam,
2428 4185 2566 4240 sicut
2607 4184 2756 4256 justi.
2789 4187 2937 4245 illam
2967 4200 3195 4250 mortem
3223 4196 3492 4270 timentes,

1905 4280 1960 4328 et
1996 4272 2140 4328 illam
2180 4274 2341 4329 vitam
2396 4285 2659 4349 martyres
2687 4278 3006 4352 diligentes,
3063 4288 3325 4358 promissa
3397 4291 3494 4349 Dei

1904 4372 2294 4435 exspectantes,
2324 4368 2497 4424 minas
2525 4380 2923 4440 persecuturum
2968 4386 3394 4450 contemnentes,
3437 4396 3494 4442 et

1904 4451 2004 4522 ipsi
2032 4452 2171 4525 apud
2208 4456 2373 4512 Deum
2401 4461 2646 4515 coronari
2691 4474 3036 4534 meruerunt,
3084 4472 3138 4524 et
3175 4471 3326 4528 nobis
3353 4473 3494 4532 cele-

1905 4544 2106 4601 branda
2132 4542 2220 4601 illa
2242 4549 2503 4605 solemnia
2533 4550 2884 4622 reliquerunt.

2381 4662 2612 4721 saeuo
2660 4667 2821 4723 LXVI
2871 4669 2971 4743 (α).

1906 4772 1985 4828 De
2002 4774 2162 4830 verbis
2183 4773 2447 4848 Evangelii
2474 4776 2725 4846 Mattltci,
2757 4795 2874 4850 cap.
2900 4798 2978 4847 at,
3012 4783 3142 4839 2-H
3211 4785 3345 4843 Cum
3398 4804 3498 4845 au—

1975 4863 2140 4920 disset
2187 4864 2421 4922 Joannes
2465 4866 2520 4922 in
2568 4869 2792 4925 vinculis
2829 4886 2990 4942 opera
3009 4874 3240 4945 Christi,
3274 4878 3495 4941 mittens

1978 4955 2111 5011 duos
2127 4954 2197 5010 de
2222 4957 2496 5027 discipulis
2521 4958 2655 5024 suis,
2688 4959 2764 5016 ait
2790 4961 2868 5017 illi
2896 4981 2910 5016 :
2934 4946 3012 5019 Tu
3040 4980 3101 5021 es
3124 4967 3213 5036 qui
3237 4979 3498 5029 venturus

1975 5063 2032 5105 es
2056 5089 2072 5116 ,
2101 5064 2171 5104 an
2194 5049 2357 5105 alium
2384 5054 2770 5122 expectamus?
2793 5063 2889 5109 etc.

1976 5161 2028 5216 Ι.
2072 5159 2291 5215 Joannis
2326 5161 2395 5215 de
2446 5159 2646 5218 Christo
2700 5164 3055 5221 testimonium.
3121 5167 3305 5227 Lectio
3364 5186 3492 5229 san-

1905 5252 1977 5306 cti
2007 5250 2276 5322 Evangelii
2306 5253 2656 5323 quastionem
2685 5256 2838 5312 nobis
2864 5260 3142 5329 proposuit
3186 5261 3257 5319 de
3278 5262 3488 5323 Joanne

1903 5343 2159 5415 Baptista.
2188 5343 2418 5416 Adiuvat
2443 5360 2543 5403 nos
2585 5346 2843 5405 Dominus
2872 5359 2934 5406 ut
2956 5352 3227 5411 solvamus
3252 5370 3371 5412 eam
3398 5373 3493 5415 vo-

1902 5538 2631 5650 aéncxexclwonmishomo
2671 5541 2778 5595 sine
2812 5542 3148 5599 Deam
3178 5553 3270 5613 cst,
3301 5551 3507 5605 (thalia!

1940 5686 2038 5757 "((1)
2056 5681 2226 5757 Δε’νοάίι
2246 5695 2376 5757 nunc
2395 5686 2612 5757 primum
2638 5698 2703 5757 es
2725 5691 2883 5757 veteri
2905 5690 3071 5743 codice
3093 5691 3177 5744 821
3199 5692 3487 5750 coibertluz

1903 5744 2237 5807 bibliothecae,
2262 5753 2377 5797 ante
2397 5744 2551 5798 annos
2570 5750 2765 5802 circiter
2785 5752 3091 5817 octingentos
3108 5744 3304 5818 sci-intr;
