3954 6186
264 340 365 397 453

210 511 212 513 ,
262 453 387 509 scite
410 463 495 504 me
523 467 534 500 :
567 444 756 498 videtis
789 443 943 505 iacta,
978 439 1227 494 faetorem
1260 437 1546 506 agnoscite.
1577 431 1640 488 Et
1668 433 1840 488 beatus

259 543 338 613 qui
359 543 411 594 in
437 555 516 593 me
541 553 640 590 non
675 533 826 604 fuerit
853 531 1243 584 scandalizatus.
1274 526 1378 582 Sed
1418 526 1486 580 de
1515 523 1666 579 vobis
1701 523 1838 588 dico,

260 649 356 688 non
387 630 456 685 de
480 628 708 683 Joanne.
736 622 866 678 Nam
899 630 952 676 ut
983 621 1238 675 sciremus
1258 619 1377 690 quia
1403 633 1506 672 non
1536 617 1602 672 de
1637 615 1840 671 Joanne

258 724 384 779 dixit
407 739 420 774 :
455 719 572 773 Illis
597 715 890 771 abeuntibus
916 713 1063 784 coepit
1091 714 1257 766 dicere
1292 714 1359 765 ad
1399 711 1568 764 turbas
1591 710 1652 764 de
1678 708 1841 764 Joan-

259 832 314 871 ne
343 831 361 870 :
389 810 524 868 dixit
547 809 730 865 laudes
755 808 872 876 ejus
899 820 1051 860 veras
1079 821 1260 871 verax,
1288 803 1504 859 veritas.

321 907 374 962 5.
407 902 705 972 Pauperum
746 915 887 952 cura.
930 898 1066 952 Puto
1112 897 1240 952 Satis
1270 895 1422 951 istam
1463 896 1688 949 Solutum
1719 909 1838 948 esse

258 995 622 1068 quatstiouem.
652 989 895 1048 Sufﬁciat
923 1002 1049 1056 ergo
1077 1002 1242 1055 uszpte
1269 986 1334 1040 ad
1366 986 1480 1053 ejus
1519 983 1836 1040 solutionem

259 1085 563 1158 perduxisse
603 1094 928 1136 sermonem.
973 1076 1030 1131 lu
1078 1088 1254 1132 mente
1298 1076 1486 1131 habete
1534 1089 1832 1144 pauperes:

259 1181 405 1237 facite
430 1179 521 1250 qui
549 1176 782 1232 nomium
815 1173 1010 1228 fecistis
1036 1189 1048 1223 :
1075 1171 1294 1231 credite,
1321 1186 1423 1224 non
1452 1169 1699 1240 perditis;
1730 1168 1836 1220 imo

256 1272 349 1326 hoc
393 1269 567 1325 solum
615 1265 849 1335 perditis,
894 1263 1034 1332 quod
1083 1277 1186 1316 non
1231 1260 1376 1316 fertis
1414 1261 1476 1314 ad
1506 1260 1832 1330 quadrigam.

254 1363 367 1417 iam
411 1356 735 1414 reddendum
781 1361 865 1409 est
905 1352 1222 1422 pauperibus
1259 1349 1398 1420 quod
1429 1349 1713 1410 obtulistis,
1744 1349 1834 1417 qui

253 1450 519 1506 obtulistis
551 1466 564 1501 :
601 1456 652 1502 et
681 1445 904 1499 multum
950 1442 1124 1496 minus
1169 1441 1424 1496 habemus
1467 1440 1533 1494 ad
1574 1455 1832 1493 summam

253 1558 405 1613 quam
441 1539 626 1596 soletis
659 1537 855 1593 offerre
890 1555 902 1590 :
934 1537 1166 1590 excutite
1200 1534 1481 1603 pigritiam.
1531 1533 1639 1602 Ego
1667 1531 1834 1586 tactus

255 1649 364 1689 sum
401 1630 680 1686 mendicus
716 1626 1080 1682 meudicorum
1116 1641 1128 1678 :
1160 1623 1284 1694 quid
1323 1623 1386 1676 ad
1430 1622 1546 1676 tuo?
1587 1622 1695 1692 ligo
1732 1622 1830 1673 sim

252 1725 526 1780 mendicus
553 1720 938 1785 meudicorum,
962 1725 1018 1772 ιιι
1038 1731 1132 1772 vos
1161 1715 1508 1770 uumeremiui
1534 1713 1585 1768 in
1615 1730 1834 1768 nurnero

255 1817 476 1872 ﬁliorum
487 1855 502 1866 .

711 1900 936 1959 SERMO
990 1899 1176 1957 ωινιι
1206 1904 1223 1922 ⁶
1267 1898 1363 1972 (τι).

255 2039 323 2094 De
360 2037 529 2094 verbis
559 2035 825 2107 Evangelii
853 2035 1106 2100 Mattltcci,
1153 2051 1269 2104 cap.
1317 2051 1389 2100 ιιι,
1429 2034 1523 2098 25,
1563 2032 1832 2087 Conﬁteor

316 2131 436 2195 tibi,
470 2129 648 2192 Pater,
681 2127 902 2183 Domine
926 2127 1046 2183 coeli
1073 2135 1126 2182 et
1155 2136 1336 2193 terrae,
1363 2126 1482 2196 quia
1508 2125 1832 2180 abscondisti

316 2221 435 2276 h;1-c
460 2235 492 2274 a
521 2219 866 2289 sapientibus,
892 2229 989 2274 etc.
1015 2218 1114 2288 (ὁ).

313 2353 545 2409 CAPUT
582 2351 863 2407 PRIMUM.
889 2383 960 2392 —
989 2353 1036 2406 1.
1070 2350 1327 2422 Confessio
1352 2352 1541 2422 duplex
1574 2359 1646 2406 est
1665 2394 1679 2417 ,
1712 2368 1829 2420 pec-

252 2445 432 2498 catoris
499 2454 548 2497 et
615 2443 915 2497 laudatoris.
970 2441 1207 2496 Tundere
1263 2454 1432 2514 pectus
1490 2443 1628 2513 quid.
1702 2443 1834 2497 Sau-

252 2547 383 2590 ctum
417 2534 759 2606 Evangelium
780 2549 897 2589 cum
921 2534 1200 2603 legeretur,
1225 2533 1520 2587 audivimus
1540 2533 1833 2588 exsultasse

255 2629 532 2683 Dominum
557 2627 738 2683 Iesum
775 2628 826 2682 iu
849 2627 1070 2697 Spiritu,
1097 2635 1150 2682 et
1173 2627 1372 2682 dixisse
1401 2644 1414 2680 :
1443 2625 1696 2696 Conﬁteor
1721 2626 1829 2691 tibi,

253 2717 426 2784 Pater,
451 2716 668 2772 Domine
687 2717 798 2772 εαξιὶ
826 2728 872 2771 et
895 2726 1064 2794 teme,
1084 2717 1204 2788 quia
1229 2717 1530 2771 abscondisti
1554 2718 1660 2771 lucc
1688 2735 1718 2767 a
1743 2734 1830 2770 sa—

253 2813 495 2879 pientibus
532 2820 578 2864 et
617 2809 960 2880 prudentibus,
1003 2818 1048 2863 et
1070 2810 1300 2864 τεθριαεεί
1325 2826 1384 2862 ea
1422 2809 1660 2879 paruulis.
1694 2807 1833 2862 linc-

253 2917 417 2972 usque
446 2901 662 2956 interim
705 2900 860 2954 verba
891 2899 1118 2966 Domini,
1147 2900 1192 2954 si
1233 2900 1407 2970 digne,
1438 2901 1483 2955 si
1530 2901 1828 2972 diligenter,

253 2993 293 3046 si
332 2992 476 3063 quod
520 2995 749 3063 primum
791 3000 892 3056 est,
937 2991 1022 3060 pie
1067 2991 1500 3054 consideremus;
1536 2994 1833 3048 invenimus

253 3085 514 3152 primitus,
551 3099 654 3137 non
681 3097 896 3154 semper
921 3099 1039 3138 cum
1062 3083 1115 3137 in
1141 3083 1426 3154 Scripturis
1452 3085 1675 3155 legimus
1699 3101 1832 3140 cou-

254 3174 559 3237 fessionem,
597 3173 792 3229 debere
822 3189 919 3228 nos
961 3174 1253 3244 intelligere
1291 3189 1474 3230 vocem
1517 3177 1830 3245 peccatoris.

251 3264 470 3321 Maxime
500 3275 680 3320 autem
710 3265 810 3320 hoc
829 3265 1112 3320 dicendum
1141 3265 1254 3333 fuit,
1277 3275 1328 3321 et
1354 3266 1478 3322 hinc
1499 3267 1831 3323 admouenda

252 3357 492 3414 Charitas
515 3369 692 3412 vestra
723 3375 736 3410 :
767 3357 887 3428 quia
929 3373 1051 3412 mox
1096 3366 1152 3412 ut
1195 3356 1295 3413 hoc
1332 3357 1550 3412 verbum
1576 3359 1753 3414 sonuit
1780 3359 1830 3413 iu

251 3465 340 3505 ore
362 3450 630 3512 Lectoris,
669 3459 880 3504 secutus
909 3459 992 3504 est
1044 3449 1204 3504 etiam
1244 3464 1406 3504 sonus
1437 3451 1694 3506 tuusionis
1734 3467 1828 3522 pe-

250 3542 408 3596 ctoris
429 3542 616 3602 vestri,
636 3541 814 3596 audito
825 3541 1028 3594 scilicet
1041 3539 1178 3610 quod
1199 3541 1453 3596 Dominus
1473 3542 1565 3608 ait,
1581 3541 1834 3610 Conﬁteor

251 3634 367 3698 tibi,
402 3633 580 3686 Pater.
614 3632 668 3686 lu
701 3633 801 3686 hoc
843 3633 956 3702 ipso
995 3633 1134 3702 quod
1173 3634 1387 3701 senuit,
1419 3633 1692 3703 Confiteor,
1737 3649 1831 3702 pe-

252 3734 397 3778 ctora
431 3723 729 3778 tutudistis.
757 3723 1002 3778 Tundch
1028 3732 1204 3778 autem
1237 3733 1418 3793 peetus
1444 3723 1567 3793 quid
1598 3733 1698 3789 cst,
1731 3725 1832 3779 nisi

249 3830 470 3883 arguere
497 3814 638 3883 quod
660 3814 788 3869 latet
817 3815 868 3868 in
899 3825 1132 3882 pectore,
1155 3823 1208 3868 et
1228 3813 1456 3869 evidenti
1486 3815 1636 3884 pulsu
1657 3817 1834 3871 occul-

250 3914 355 3959 tum
379 3906 645 3975 castigare
676 3906 984 3974 peccatum?
1007 3904 1182 3972 Quare
1209 3904 1307 3960 hoc
1335 3905 1551 3967 fecistis,
1582 3906 1678 3960 nisi
1709 3908 1831 3976 quia

246 3995 492 4060 audistis,
525 3993 780 4064 Confiteor
803 3995 910 4058 tibi,
940 3992 1132 4048 Pater?
1162 3994 1432 4063 Confiteor,
1455 3994 1675 4050 audistis
1700 4013 1712 4049 :
1742 3996 1830 4065 qui

243 4089 549 4154 conﬁtetur,
583 4103 688 4141 non
725 4087 1039 4142 attendistis.
1080 4085 1232 4143 Nunc
1265 4103 1392 4156 ergo
1433 4087 1710 4142 advertite.
1749 4087 1825 4152 Si,

245 4179 527 4248 Conﬁteor,
557 4180 798 4235 Christus
831 4179 984 4244 dixit,
1015 4195 1044 4232 a
1082 4195 1187 4248 quo
1227 4179 1381 4249 longe
1419 4187 1500 4233 est
1523 4195 1680 4233 omne
1711 4195 1832 4249 pec-

241 4281 456 4330 catum;
488 4286 595 4324 non
617 4271 780 4325 solius
801 4277 889 4335 est
911 4270 1221 4340 peccatoris,
1245 4270 1337 4326 sed
1359 4270 1517 4325 etiam
1547 4269 1834 4340 aliquando

244 4361 554 4416 laudatoris.
589 4359 917 4415 Couﬁtemur
964 4375 1112 4431 ergo,
1157 4361 1268 4416 sive
1318 4361 1594 4417 laudantes
1641 4361 1827 4428 Deum,

241 4452 353 4506 sive
386 4461 708 4508 accusantes
734 4466 832 4506 nos
862 4452 1026 4520 ipsos.
1058 4452 1147 4506 Pia
1181 4461 1264 4506 est
1299 4462 1518 4521 utraque
1545 4452 1830 4519 confessio,

241 4545 354 4596 sive
397 4558 521 4597 cum
568 4551 621 4597 te
667 4543 1034 4612 reprehendis,
1073 4543 1163 4613 qui
1203 4558 1306 4599 non
1351 4559 1410 4599 cs
1439 4545 1552 4600 sine
1580 4555 1844 4614 peccato;-

238 4634 352 4689 sive
380 4651 505 4690 cum
547 4635 697 4689 illum
743 4633 943 4701 laudas,
985 4636 1072 4706 qui
1114 4650 1220 4691 non
1268 4644 1441 4706 potest
1486 4635 1683 4693 habere
1710 4651 1834 4707 pec-

237 4739 443 4778 mill").

304 4818 362 4870 2.
413 4816 704 4871 Pt'ccatoris
731 4820 977 4888 confessio
1007 4819 1155 4872 etiam
1195 4819 1304 4890 ipsa
1342 4828 1416 4873 est
1457 4819 1553 4873 Dri
1589 4820 1832 4874 laudatio.

237 4907 431 4962 Lasari
492 4910 748 4964 suscitatio
769 4952 785 4977 ,
836 4911 1106 4981 peccatoris
1161 4913 1461 4982 resurgentis
1526 4914 1710 4985 figura.
1778 4915 1834 4969 Si

233 5013 420 5057 autem
468 5002 608 5058 bene
646 5003 957 5073 cogitemus,
1001 5003 1346 5072 reprehensio
1386 5011 1493 5069 tua,
1529 5005 1642 5059 laus
1670 5005 1836 5076 ipsius

233 5103 334 5146 est.
368 5094 554 5162 Quare
579 5093 721 5148 enim
742 5094 851 5162 jam
881 5094 1149 5149 conﬁtens
1185 5094 1235 5147 in
1270 5096 1607 5150 accusatione
1635 5098 1832 5163 peccati

237 5184 355 5238 tui?
407 5184 466 5237 in
505 5182 842 5238 accusatione
885 5184 957 5237 ιιιὶ
1003 5185 1166 5254 ipsius
1206 5199 1370 5253 quare
1414 5186 1703 5252 conlitcris,
1733 5187 1834 5241 nisi

234 5275 358 5341 quia
389 5290 463 5328 ex
489 5282 699 5329 mortuo
723 5274 876 5328 vivus
902 5273 1068 5330 factus
1096 5275 1187 5329 es?
1207 5273 1478 5343 Scriptura
1505 5275 1699 5344 quippe
1724 5277 1833 5329 ait:

237 5367 278 5418 Α
307 5376 540 5432 mortuo,
561 5367 705 5437 quasi
723 5366 809 5437 qui
827 5382 927 5419 non
947 5367 1030 5430 sit,
1055 5366 1183 5436 perit
1211 5365 1458 5438 confessio
1486 5365 1670 5437 (Eccli.
1703 5382 1833 5434 xvu,

302 5547 318 5562 ‘
346 5552 614 5594 correctus
636 5542 805 5607 estad
829 5549 931 5594 tres
951 5545 1034 5594 bu.
1059 5543 1120 5593 ad
1141 5549 1345 5606 quatuor
1366 5542 1430 5594 cl.
1454 5542 1515 5593 ad
1545 5544 1623 5594 ob.
1650 5542 1683 5594 ι.
1709 5545 1757 5594 ﬁ.
1784 5559 1834 5607 g.

239 5603 296 5655 h.
321 5621 394 5655 ιιι.
442 5619 514 5666 [.r.
539 5619 631 5655 rm.
673 5606 752 5655 vd.
774 5615 873 5653 Am.
899 5613 970 5655 Er.
996 5614 1096 5654 Par.
1123 5603 1228 5655 Iov.

300 5691 380 5750 (τι)
422 5688 565 5744 Alias,
588 5689 652 5737 de
677 5688 848 5750 \fcrbis
867 5689 1046 5750 Domini
1069 5688 1116 5737 8.

303 5691 356 5750 (τι
422 5691 565 5744 Alias,
588 5691 652 5737 de
677 5691 848 5737 Verbis
867 5691 1046 5737 nomini
1069 5691 1116 5737 8.
1523 5700 1534 5709 ‘

303 5691 384 5813 (ei
419 5752 600 5800 nitatur
621 5748 796 5800 at-‘Ioro
821 5749 933 5813 int]
952 5751 1025 5800 ist.
1049 5751 1106 5800 ad
1125 5758 1251 5801 Rom.
1275 5766 1306 5813 l,
1335 5757 1382 5800 et
1405 5749 1570 5812 lii-hes.
1603 5764 1661 5799 ιι.

1669 313 1904 372 SEMIO
1942 315 2148 376 LXVII.

3421 327 3518 382 431

1949 429 2061 502 26).
2088 429 2145 485 Si
2173 431 2307 500 perit
2335 448 2364 486 a
2395 443 2603 487 mor:uo
2631 432 2915 500 confessio,
2941 435 3028 504 qui
3056 437 3335 490 conﬁtetur
3366 437 3518 505 viv-‘r,

1947 533 2000 578 et
2035 523 2079 579 si
2117 534 2387 593 peccaturo
2417 524 2720 591 conﬁtetur,
2759 528 2935 596 utique
2963 543 2992 581 a
3029 535 3198 584 morte
3234 531 3439 585 revisit.
3467 535 3524 588 Si

1945 617 2146 686 peccati
2177 615 2450 670 confessor
2486 617 2674 671 revixit
2702 633 2732 671 a
2770 628 2959 684 morte,
2999 619 3115 689 quis
3145 636 3263 676 eum
3300 624 3528 676 suscita-

1945 706 2059 760 vit?
2087 706 2272 760 Nullus
2307 716 2548 761 mortuus
2584 715 2667 762 est
2702 709 2782 762 sui
2823 709 2987 778 ipsius
3020 711 3321 766 suscitator.
3353 712 3442 767 life
3467 728 3534 769 5.:

1944 799 2114 868 potuit
2138 799 2411 864 suscitare,
2443 800 2533 869 qui
2574 810 2778 854 mortua
2819 816 2978 856 carne
3007 818 3111 857 non
3153 815 3392 861 mortuus
3423 817 3521 860 est.

1943 888 2152 943 Etenim
2191 889 2293 945 hoc
2321 891 2592 945 suscitavit
2628 891 2767 962 quod
2811 904 3078 949 mortuum
3121 895 3308 952 fuerat.
3347 899 3440 954 Ille
3466 915 3523 955 se

1941 979 2233 1047 suscitavit,
2265 981 2353 1050 qui
2380 981 2586 1036 vivebat
2622 983 2673 1036 in
2701 998 2780 1050 se,
2815 984 2864 1038 in
2896 1000 3054 1042 carne
3080 999 3252 1043 autem
3284 1006 3376 1044 sua
3408 1009 3525 1046 sus-

1941 1068 2145 1122 citauda
2177 1079 2416 1125 tuortuus
2459 1081 2590 1127 erat.
2636 1073 2747 1127 Non
2779 1074 2917 1129 enim
2950 1077 3104 1132 Pater
3140 1081 3282 1135 s'tlus
3330 1082 3518 1137 Filium

1941 1162 2233 1227 suscitavit,
2264 1162 2330 1216 de
2373 1178 2478 1232 quo
2520 1164 2716 1218 dictum
2760 1176 2841 1220 est
2885 1169 2952 1222 ab
2991 1172 3265 1240 Apostolo,
3303 1173 3520 1245 Propter

1939 1251 2074 1319 quod
2101 1260 2148 1304 et
2181 1251 2315 1305 Deus
2340 1269 2450 1306 eum
2479 1254 2715 1309 exultauit
2742 1255 2996 1329 (Philipp.
3032 1277 3087 1328 ιι,
3111 1262 3169 1333 9)
3199 1283 3211 1316 ε
3245 1265 3336 1319 sed
3361 1269 3530 1320 etiam

1942 1341 2197 1396 Dominus
2226 1358 2284 1398 se
2313 1343 2503 1413 ipsum,
2535 1347 2584 1399 id
2613 1356 2714 1408 est.
2752 1363 2944 1419 corpus
2983 1366 3170 1418 suum;
3201 1356 3339 1409 unde.
3367 1357 3515 1420 dicit,

1942 1430 2132 1485 Solvite
2157 1435 2394 1504 templum
2425 1436 2536 1502 hoc,
2566 1448 2611 1490 et
2637 1439 2687 1491 in
2713 1439 2881 1494 triduo
2901 1444 3150 1496 suscitabo
3183 1447 3312 1499 illud
3337 1448 3515 1517 (Joan.

1943 1541 1996 1589 ιι,
2031 1524 2140 1593 19).
2169 1525 2401 1581 Mortuus
2422 1539 2502 1582 est
2520 1538 2695 1584 autem
2721 1546 2983 1600 peccator,
3005 1536 3229 1592 maxime
3251 1538 3339 1592 ille
3361 1556 3517 1609 quem

1940 1615 2108 1668 moles
2147 1617 2544 1673 consuetudinis
2591 1620 2801 1688 premit,
2848 1625 2994 1691 quasi
3037 1625 3273 1694 sepultus
3302 1638 3385 1682 est
3414 1629 3516 1684 La~

1943 1719 2116 1758 zarus.
2149 1705 2340 1760 Parum
2381 1709 2520 1762 enim
2549 1718 2682 1773 erat,
2711 1712 2831 1780 quia
2857 1724 3126 1778 mortuus;
3157 1718 3314 1770 etiam
3337 1721 3518 1789 sepul-

1941 1808 2044 1854 tus.
2076 1801 2324 1872 Quisquis
2364 1803 2521 1873 igitur
2558 1806 2711 1859 malae
2753 1809 3166 1876 consuetudinis,
3194 1813 3345 1866 mala:
3375 1814 3516 1879 vita,

1942 1899 2272 1946 terrenarum
2316 1894 2520 1949 scilicet
2563 1896 2907 1966 cupiditatum
2954 1900 3093 1954 mole
3135 1904 3407 1970 premitur,
3447 1904 3518 1957 ita

1938 1992 1993 2037 ut
2035 1983 2086 2037 in
2131 1984 2220 2038 illo
2257 1984 2367 2054 jam
2414 1985 2606 2041 factum
2651 1988 2738 2052 sit,
2787 1988 2925 2057 quod
2967 1991 3017 2042 in
3055 1991 3282 2060 quodam
3317 1995 3515 2061 psalmo

1932 2074 2308 2129 miserabiliter
2331 2075 2543 2142 dicitur,
2577 2075 2718 2130 Dixit
2760 2079 2941 2132 stultus
2981 2080 3032 2131 in
3069 2081 3218 2133 corde
3243 2098 3355 2144 suo,
3397 2081 3518 2135 Non

1935 2171 2006 2216 est
2034 2162 2172 2217 Deus
2202 2164 2368 2234 (Psal.
2395 2181 2503 2230 xm,
2541 2169 2593 2236 1)
2620 2183 2635 2228 ς
2668 2166 2724 2219 ﬁt
2755 2167 2890 2234 talis,
2919 2168 2986 2222 de
3015 2170 3152 2237 quali
3180 2170 3378 2225 dictum
3410 2181 3513 2237 est,

1936 2257 1978 2308 Α
2010 2265 2224 2320 mortuo,
2266 2258 2396 2312 velut
2425 2259 2508 2327 qui
2539 2275 2638 2312 non
2665 2260 2746 2322 sit,
2775 2261 2900 2329 perit
2926 2263 3192 2332 confessio.
3225 2262 3353 2329 Quis
3394 2281 3515 2319 eum

1935 2347 2229 2414 suscitabit,
2271 2349 2370 2403 nisi
2413 2351 2499 2420 qui
2531 2361 2735 2405 remoto
2775 2350 2946 2420 lapide
2987 2351 3252 2421 clamavit,
3285 2354 3467 2410 dicens
3500 2372 3515 2412 :

1936 2436 2150 2504 Lazare,
2195 2440 2344 2510 prodi
2379 2440 2556 2510 foras?
2583 2440 2718 2506 Quid
2760 2450 2840 2495 est
2877 2451 3055 2496 autem
3098 2441 3241 2498 foras
3283 2446 3513 2514 prodire,

1939 2528 2038 2581 nisi
2069 2529 2208 2598 quod
2236 2529 2498 2584 occultum
2521 2540 2634 2586 erat
2656 2530 2797 2585 foras
2818 2531 3074 2602 prodere?
3094 2533 3192 2600 Qui
3215 2537 3514 2603 conﬁtetur,

1936 2617 2080 2673 foras
2103 2619 2297 2689 prodit.
2331 2620 2495 2675 Foras
2524 2621 2734 2690 prodire
2765 2638 2868 2677 non
2908 2632 3102 2692 posset,
3136 2625 3234 2679 nisi
3273 2626 3471 2681 viveret
3501 2645 3515 2680 :

1939 2711 2117 2766 vivere
2162 2728 2268 2766 non
2316 2722 2514 2782 posset,
2561 2715 2658 2768 nisi
2703 2716 3046 2772 resuscitatus
3075 2730 3234 2773 esset.
3283 2719 3423 2790 Ergo
3467 2723 3516 2775 iu

1937 2801 2272 2859 confessione
2300 2806 2378 2858 sui
2407 2807 2692 2871 accusatio,
2725 2807 2814 2860 Dei
2841 2807 3073 2862 laudatio
3097 2817 3196 2863 est.

2012 2892 2236 2948 CAPUT
2278 2895 2338 2948 11.
2380 2927 2449 2935 -
2479 2896 2529 2951 5.
2579 2895 2806 2952 Ecclesia
2831 2908 3111 2967 peccatores
3135 2899 3370 2955 solvendo
3397 2901 3520 2974 quid

1935 2988 2004 3041 eis
2031 2989 2205 3056 prosit.
2245 2988 2380 3042 Dicit
2411 3004 2536 3059 ergo
2574 2989 2784 3060 aliquis,
2826 2989 2963 3056 Quid
3004 2992 3223 3061 prodest
3251 2993 3504 3058 Ecclesia,

1937 3080 1982 3135 si
2009 3080 2116 3149 jam
2155 3082 2428 3137 confessor
2461 3095 2589 3137 voce
2623 3081 2883 3138 dominica
2929 3085 3272 3141 resuscitatus
3301 3087 3472 3156 prodit
3495 3088 3535 3140 Τ

1937 3172 2072 3239 Quid
2117 3172 2335 3244 prodest
2373 3175 2606 3229 Ecclesia
2631 3177 2923 3243 conﬁtenti,
2956 3178 3041 3232 cui
3090 3179 3344 3233 Dominus
3381 3181 3454 3234 ait
3502 3200 3517 3234 :

1942 3263 2070 3329 Qua:
2091 3265 2332 3318 solreritis
2359 3265 2408 3317 in
2436 3275 2594 3330 tcrra,
2625 3267 2788 3320 soluta
2815 3277 2956 3321 erunt
2985 3277 3030 3324 et
3064 3270 3114 3323 in
3149 3271 3274 3325 cwlo
3302 3272 3514 3341 (.ilatt/t'.

1940 3371 2048 3420 ιιι-ι,
2080 3356 2202 3426 19)?
2233 3356 2406 3425 Ipsum
2435 3356 2690 3412 Lazarum
2713 3359 2926 3414 attende
2959 3379 2971 3414 :
3000 3376 3118 3414 cum
3149 3362 3369 3416 vinculis
3395 3380 3520 3432 pro-

1941 3443 2036 3498 dit.
2065 3445 2179 3499 Jam
2212 3446 2420 3500 vivebat
2445 3447 2778 3513 conﬁtendo;
2801 3449 2894 3502 sed
2918 3450 3149 3503 nondum
3181 3452 3314 3506 liber
3334 3453 3518 3507 ambu-

1939 3537 2099 3601 labat,
2131 3537 2354 3591 vineulis
2389 3538 2641 3592 irretitus.
2687 3540 2819 3606 Quid
2847 3556 2974 3612 ergo
3003 3540 3124 3595 iacit
3151 3543 3403 3611 Ecclesia,
3431 3548 3515 3599 cui

1937 3627 2133 3681 dictum
2161 3636 2261 3690 est,
2299 3628 2423 3694 Qua:
2445 3630 2709 3696 solveritis,
2739 3629 2903 3684 soluta
2926 3643 3108 3705 erant;
3138 3635 3236 3688 nisi
3266 3636 3407 3705 quod
3446 3639 3519 3691 ait

1938 3716 2188 3771 Dominus
2227 3717 2478 3771 continuo
2505 3717 2570 3772 ad
2602 3718 2907 3788 discipulos,
2943 3704 3136 3778 Solei’te
3171 3704 3333 3788 illurn,
3376 3737 3422 3780 ct
3450 3729 3519 3782 si-

1936 3809 2036 3861 nite
2062 3808 2200 3861 abire
2235 3807 2407 3879 (Joan.
2445 3827 2512 3875 XI,
2551 3811 2632 3876 H,
2667 3813 2752 3879 i7,
2788 3813 3010 3884 45,“)?

2009 3901 2062 3954 4.
2103 3900 2338 3956 Laudare
2383 3901 2562 3956 Deum.
2599 3904 2848 3959 Accusare
2904 3923 2992 3961 nos
3028 3908 3181 3978 ipsos.
3233 3910 3355 3966 Sive
3393 3928 3522 3981 ergo

1937 4007 2034 4047 nos
2057 4009 2387 4061 accusemus,
2421 3996 2530 4050 sive
2565 3997 2728 4052 Deum
2761 3999 3055 4068 laudemus,
3084 4003 3164 4058 his
3200 4004 3362 4059 Deum
3404 4006 3518 4060 lau-

1936 4081 2123 4138 damus
2152 4085 2189 4136 ¹.
2223 4084 2281 4138 Si
2322 4084 2405 4154 pie
2431 4101 2526 4141 nos
2563 4101 2893 4154 accusamus,
2928 4090 3096 4146 Deum
3129 4093 3307 4164 utique
3339 4095 3520 4150 lauda-

1939 4190 2078 4229 mus.
2106 4175 2326 4242 Quando
2355 4177 2516 4233 Dcum
2549 4177 2842 4246 laudamus,
2869 4192 3116 4252 tanquam
3139 4199 3260 4239 cum
3287 4187 3374 4256 qui
3402 4187 3525 4243 sine

1938 4277 2158 4337 peccato
2199 4277 2280 4324 est
2321 4269 2666 4339 przndicamus
2710 4290 2722 4326 :
2761 4272 2970 4342 quando
3016 4283 3190 4330 autem
3236 4291 3332 4332 nos
3375 4278 3518 4347 ipsos

1938 4372 2267 4426 accusamus,
2305 4359 2352 4415 ei
2395 4375 2490 4431 per
2531 4375 2686 4432 quem
2729 4365 3139 4432 resurreximus,
3169 4366 3390 4436 gloriam
3421 4370 3517 4425 da-

1942 4465 2080 4504 mus.
2123 4449 2234 4504 lloc
2269 4450 2315 4506 si
2351 4450 2561 4520 feceris,
2590 4453 2788 4509 nullam
2818 4457 3149 4513 occasionem
3178 4459 3377 4516 invenit
3415 4463 3518 4516 ini-

1939 4541 2108 4595 micus
2134 4542 2176 4608 ',
2194 4557 2297 4612 qua
2325 4551 2375 4598 te
2399 4543 2776 4601 circumveniat
2803 4555 2925 4603 autc
2948 4547 3200 4619 iudicem.
3219 4553 3350 4608 Cum
3377 4555 3519 4610 enim

1946 4639 2000 4684 tu
2033 4631 2145 4699 ipse
2185 4631 2346 4687 fueris
2387 4645 2680 4700 accusator,
2707 4646 2760 4692 et
2788 4637 3042 4694 Dominus
3080 4641 3362 4710 liberator;
3396 4645 3520 4715 quid

1943 4725 2044 4778 erit
2081 4723 2188 4789 ille,
2227 4726 2326 4780 nisi
2364 4727 2748 4782 calumniator?
2773 4728 2959 4784 Merito
2987 4731 3072 4786 ille
3099 4731 3222 4787 hinc
3247 4735 3347 4789 sibi
3378 4742 3520 4791 tute-

1945 4815 2049 4870 lam
2088 4816 2317 4886 providit
2339 4817 2593 4872 adversus
2625 4819 2886 4886 inimicos,
2919 4836 3020 4875 non
3043 4824 3377 4894 conspicuos,
3406 4842 3522 4880 car-

1945 4922 2065 4960 nem
2097 4917 2147 4961 et
2172 4905 2501 4976 sanguinem,
2532 4908 2886 4962 miserandam
2927 4912 3117 4979 potius,
3146 4930 3301 4983 quam
3332 4931 3518 4970 caven-

1941 4999 2101 5064 dam;
2128 4997 2221 5054 sed
2255 4997 2512 5053 adversus
2547 4999 2669 5054 illos
2705 4999 2948 5058 inimiCos
2985 5013 3167 5058 contra
3211 5022 3344 5074 tinos
3373 5009 3520 5075 Apo~

1944 5092 2116 5147 stolus
2137 5105 2232 5146 nos
2255 5089 2497 5146 hortatur
2525 5099 2581 5146 ut
2606 5105 2873 5148 armemur
2907 5113 2919 5148 :
2947 5093 3068 5151 Non
3100 5105 3170 5151 est
3196 5099 3337 5152 nobis
3362 5101 3522 5153 collu-

1944 5183 2099 5237 ctatio
2125 5182 2364 5237 adversus
2389 5197 2593 5238 carnem
2619 5193 2667 5238 et
2691 5187 2990 5256 sanguinem
3014 5204 3032 5243 :
3057 5188 3107 5243 id
3137 5197 3236 5254 est,
3267 5190 3522 5246 adversus

1947 5274 2192 5329 homines
2215 5288 2349 5346 quos
2377 5273 2565 5331 videtis
2591 5278 2778 5333 saevire
2812 5279 2862 5333 in
2903 5296 3014 5335 vos.
3048 5281 3178 5337 Vasa
3217 5294 3358 5348 sum,
3386 5283 3521 5340 alius

1944 5367 2149 5422 utitur:
2188 5381 2384 5438 organa
2411 5377 2553 5434 sunt,
2591 5369 2725 5424 alios
2763 5373 2946 5440 tangit.
2977 5371 3196 5427 Immisit
3227 5391 3298 5439 sc,
3332 5376 3519 5445 inquit,

1942 5458 2171 5513 diabolus
2202 5458 2255 5512 in
2282 5457 2567 5527 cor'ludce,
2608 5470 2662 5514 ut
2697 5461 2913 5516 traderet
2954 5462 3222 5517 Dominum
3265 5465 3373 5538 (Id.
3407 5482 3518 5534 xm,

1942 5551 2022 5621 2).
2047 5552 2133 5605 Ait
2152 5551 2345 5620 aliquis
2371 5569 2384 5605 :
2406 5551 2544 5618 Quid
2569 5568 2695 5622 ergo
2714 5568 2813 5622 ego
2835 5555 2970 5608 t'eci'l
2995 5557 3130 5610 Audi
3159 5558 3465 5628 Apostohuu
3501 5577 3518 5616 :

2019 5685 2336 5733 ’t’ossalensis
2357 5691 2458 5742 Ms.,
2484 5681 2558 5733 Itis
2586 5692 2729 5733 neum
2753 5684 3005 5734 lattdtmms

2011 5756 2026 5782 ι
2044 5743 2342 5797 Fossateusis
2365 5751 2467 5808 his,
2502 5744 2681 5796 nullout
2713 5748 3057 5800 accusationem
3082 5747 3259 5804 invenit
3283 5753 3519 5806 iainacuv.
