3922 6192
445 322 552 379 455

443 440 619 517 Neque
663 444 789 519 dctis
834 442 1001 509 locum
1039 439 1238 495 diabolo
1279 437 1491 513 (Ep/trs.
1525 455 1592 505 tv,
1626 438 1739 509 27).
1769 439 1846 493 Tu
1885 439 2020 495 ntulit

437 537 708 592 voluntate
735 536 906 589 locum
937 532 1128 591 dedisti
1159 550 1172 587 :
1200 531 1721 604 intravhppossedit,
1752 531 1933 586 utitur.
1962 530 2018 586 Si

436 625 608 681 locum
640 640 746 703 non
769 623 945 696 dares,
970 638 1075 679 non
1105 622 1419 695 possideret.

509 716 733 774 CAPUT
786 715 874 772 Ill.
901 746 973 757 --
1011 716 1065 772 5.
1110 714 1314 791 Inimici
1357 714 1515 791 nostri
1551 713 1840 770 invisibiles.
1882 712 2020 783 Ergo

434 825 531 867 nos
557 808 851 887 admonens
888 808 985 876 ait,
1032 806 1157 887 Non
1185 817 1257 885 est
1290 792 1431 862 nobis
1467 804 1756 861 colluctatio
1784 806 2019 887 adversus

432 917 637 979 carnem
661 910 711 979 et
726 886 1044 977 sanguinem,
1074 880 1164 955 sed
1183 880 1425 979 adversus
1446 897 1696 969 principes
1723 906 1770 953 et
1796 880 2018 967 potesta-i

428 1002 526 1048 tes.
560 976 736 1048 Possit
771 991 1001 1065 quisque
1032 976 1218 1069 putare
1249 990 1502 1067 adversus
1539 1004 1697 1063 reges,
1719 998 1893 1057 terrm,
1921 988 2017 1045 ad-

428 1099 622 1140 versus
665 1090 955 1153 potestates
997 1082 1200 1140 szeculi.
1244 1081 1456 1149 Quare?
1503 1081 1604 1151 ipsi
1656 1095 1762 1136 non
1802 1093 1928 1135 caro
1964 1086 2020 1134 et

431 1174 680 1246 sanguis?
705 1174 884 1232 Semel
923 1172 1123 1247 dictum
1163 1182 1266 1239 est,
1299 1190 1400 1229 non
1442 1174 1683 1229 adversus
1728 1189 1930 1227 carnem
1972 1180 2019 1229 et

430 1265 747 1337 sanguinem.
796 1267 1052 1329 Avertere
1080 1264 1148 1320 ab
1186 1264 1335 1322 omni
1378 1263 1609 1327 homine.
1647 1262 1748 1332 Qui
1775 1278 1905 1336 ergo
1932 1278 2019 1319 re-

429 1364 575 1411 stant
618 1355 855 1411 inituici?
898 1356 1148 1411 Adversus
1189 1356 1441 1427 principes
1484 1365 1530 1411 et
1573 1363 1836 1426 potestates
1861 1354 2015 1424 spiri-

429 1447 582 1501 tualis
619 1446 871 1516 nequitiis,
902 1455 1117 1501 rectores
1140 1430 1340 1521 mundi.
1383 1445 1544 1515 Quasi
1582 1444 1700 1516 plus
1730 1443 1877 1501 dedit
1900 1443 2016 1500 dia-

430 1539 553 1596 bolo
578 1546 633 1596 et
652 1539 855 1610 angelis
875 1538 1012 1609 ejus.
1044 1538 1168 1594 Plus
1187 1537 1354 1604 dedit,
1373 1546 1610 1595 rectores
1632 1536 1813 1593 mundi
1834 1535 2018 1607 appel-

432 1630 578 1691 lavit.
603 1629 709 1687 Sed
732 1646 799 1688 ne
823 1629 961 1685 male
985 1629 1268 1707 intelligas,
1290 1628 1507 1701 exponit
1525 1628 1651 1699 quid
1676 1627 1747 1683 sit
1766 1627 2015 1694 mundus,

428 1720 583 1790 cujus
610 1727 734 1775 sunt
771 1720 847 1775 illi
886 1730 1143 1777 rectores.
1185 1719 1422 1775 [lectores
1465 1719 1661 1787 mundi,
1703 1718 2021 1787 tenebrarum

427 1811 610 1867 narum
655 1800 870 1882 (Ep/tes.
904 1826 981 1878 vt,
1016 1808 1122 1882 l9).
1157 1810 1292 1878 Quid
1338 1819 1439 1877 est,
1480 1810 1656 1865 mundi
1698 1812 2017 1867 tenebrarum

428 1902 647 1956 Irarum?
672 1901 876 1970 Quibus
901 1912 985 1959 est
1010 1912 1206 1970 rector,
1237 1902 1579 1965 dilectoribus
1606 1904 1717 1960 suis
1745 1914 1800 1962 et
1829 1906 2018 1963 inﬁdo-

404 1990 589 2075 Ilibus,
646 1991 835 2063 plenus
879 2000 964 2049 est
1008 1992 1257 2048 mundus.
1307 1992 1412 2049 llas
1455 1994 1741 2065 Apostolus
1785 1997 2019 2065 appellat

426 2082 696 2138 tenebras.
725 2082 924 2139 Harum
971 2093 1229 2151 rectores,
1273 2083 1518 2141 diabolus
1556 2094 1613 2141 et
1658 2087 1829 2156 angeli
1876 2087 2012 2157 ejus.

424 2171 522 2229 lla:
557 2173 791 2231 tenebrze
826 2189 932 2230 non
957 2175 1225 2231 naturales
1249 2183 1394 2243 sunt,
1423 2191 1531 2231 non
1559 2176 2016 2234 iucummutabiles

425 2275 592 2322 sunt:
620 2274 912 2332 mutantur,
955 2275 1010 2324 et
1048 2266 1136 2322 lux
1165 2265 1502 2334 efﬁciuntur;
1533 2268 1777 2336 credunt,
1820 2278 1874 2327 et
1897 2284 2015 2325 cre-

424 2357 603 2414 dendo
631 2358 1017 2426 illuminantur.
1056 2357 1210 2424 Quod
1252 2372 1374 2414 cum
1401 2356 1455 2413 in
1489 2358 1568 2414 eis
1608 2358 1803 2415 factum
1836 2359 2012 2427 fuerit,

424 2440 664 2516 audient,
694 2447 888 2528 Fuistis
925 2450 1058 2505 enim
1094 2451 1368 2520 aliquando
1411 2450 1655 2518 tenebrat,
1693 2469 1826 2506 nunc
1850 2463 2016 2507 autem

426 2534 517 2597 luo:
541 2543 593 2595 in
614 2541 834 2598 Domino
861 2540 972 2612 (Id.
1002 2558 1055 2609 v,
1078 2540 1154 2614 8).
1177 2541 1309 2597 Nam
1335 2542 1546 2612 quando
1572 2544 1804 2599 tenebrae
1836 2546 1874 2611 ³,
1908 2560 2013 2599 non

424 2631 480 2687 in
529 2631 802 2688 Domino:
847 2632 1038 2689 iterum
1081 2632 1295 2703 quando
1339 2632 1449 2698 lux,
1477 2648 1584 2688 non
1628 2634 1679 2687 in
1721 2642 1791 2700 te,
1822 2635 1917 2691 sed
1962 2636 2013 2690 iu

430 2723 680 2781 Domino.
711 2723 849 2793 Quid
878 2725 1021 2780 enim
1050 2723 1215 2780 babes
1243 2725 1384 2795 quod
1407 2740 1512 2782 non
1540 2727 1791 2797 accepisti
1823 2727 1863 2797 (l
1893 2728 2010 2783 Cor.

429 2829 504 2881 tv,
533 2813 625 2887 7)?
654 2813 787 2883 Quia
810 2830 939 2887 ergo
962 2825 1085 2893 sunt
1114 2815 1405 2872 invisibiles
1430 2817 1651 2883 inimici,
1682 2819 2014 2875 invisibiliter

427 2915 552 2963 sunt
575 2906 936 2978 expugnandi.
968 2906 1175 2977 Quippe
1205 2907 1410 2963 hostem
1441 2907 1702 2963 visibilem
1733 2910 1901 2965 vincis
1931 2911 2011 2965 lc-

428 2994 617 3051 riendo
645 3012 658 3049 :
692 2996 1015 3052 invisibiletn
1042 2996 1211 3051 vincis
1236 2997 1526 3055 credendo.
1561 2998 1791 3054 Visibilis
1819 3010 1901 3054 est
1925 3000 2015 3054 ho-

425 3086 522 3141 stis
547 3085 739 3154 homo;
771 3087 980 3144 visibile
1008 3098 1089 3145 est
1118 3098 1171 3145 et
1201 3088 1359 3145 ferire
1387 3107 1400 3143 :
1433 3090 1707 3146 invisibilis
1734 3100 1818 3148 est
1846 3090 2013 3148 hostis

425 3178 699 3246 diabolus;
738 3180 1001 3239 invisibile
1030 3189 1114 3237 est
1152 3191 1206 3237 et
1250 3180 1488 3237 credere.
1532 3182 1630 3237 Est
1667 3198 1793 3254 ergo
1839 3198 2012 3255 pugna

427 3270 709 3326 invisibilis
732 3271 991 3331 adversus
1019 3271 1309 3329 invisibiles
1338 3273 1597 3329 inimicos.

494 3361 722 3420 CAPUT
761 3362 849 3421 IV.
879 3393 952 3404 —
988 3364 1042 3420 6.
1083 3363 1234 3421 Unde
1275 3365 1572 3434 prtesidium
1614 3375 1791 3420 contra
1845 3366 2010 3420 inimi-

424 3473 531 3511 cos.
591 3456 674 3513 Ab
729 3457 813 3512 his
853 3456 1084 3513 inimicis
1127 3457 1392 3528 quomodo
1419 3472 1480 3513 se
1510 3465 1679 3512 tutum
1722 3456 1850 3513 dicit
1890 3458 2015 3527 qui-

423 3547 585 3604 dam?
614 3546 726 3602 Hoc
749 3547 892 3603 enim
917 3561 1183 3617 cmperam
1206 3547 1382 3602 dicere
1400 3589 1414 3613 ,
1443 3556 1499 3602 et
1523 3562 1741 3604 necesse
1767 3546 1926 3602 habui
1947 3547 2015 3604 de

425 3641 541 3697 istis
571 3640 799 3696 inimicis
821 3639 1086 3711 aliquanta
1111 3654 1231 3695 cum
1255 3655 1402 3696 mora
1442 3648 1686 3695 tractare.
1723 3639 1841 3696 iam
1886 3655 2013 3711 ergo

420 3731 650 3802 cognitis
680 3728 939 3795 inimicis,
986 3730 1259 3786 videamus
1296 3731 1538 3786 tutelam.
1580 3728 1823 3785 Laudans
1868 3730 2011 3784 invo-

425 3824 547 3879 cabo
583 3824 889 3890 Dominum,
936 3834 980 3878 et
1009 3824 1072 3877 ab
1101 3824 1316 3879 inimicis
1348 3825 1468 3878 meis
1496 3823 1664 3878 salrus
1692 3840 1781 3877 ero
1825 3822 2009 3895 (Psal.

425 3934 559 3984 xvii,
589 3916 665 3989 4).
699 3916 873 3973 Habes
901 3915 1025 3986 quid
1055 3931 1199 3986 agas.
1234 3914 1478 3969 Laudans
1506 3914 1689 3969 invoca
1732 3914 1864 3969 :sed
1907 3915 2011 3968 llo-

428 4009 629 4064 minum
664 4007 884 4063 laudans
907 4008 1114 4062 invoca.
1139 4006 1192 4059 Si
1219 4006 1359 4061 enim
1387 4015 1436 4059 te
1464 4004 1792 4069 laudaveris,
1821 4004 1888 4059 ab
1914 4004 2013 4058 ini-

424 4101 578 4157 micis
604 4100 708 4161 tuis
733 4084 910 4156 salvus
939 4115 1042 4156 non
1065 4099 1190 4153 eris.
1218 4096 1465 4153 Laudans
1492 4098 1675 4169 invoca
1706 4095 2010 4160 Dominum,

342 4208 349 4213 '
426 4199 481 4259 et
508 4191 576 4247 ab
602 4189 830 4245 inimicis
853 4189 956 4244 tuis
980 4190 1160 4244 salvus
1189 4188 1318 4243 eris.
1347 4186 1478 4252 Quia
1504 4174 1637 4257 quid
1655 4186 1729 4240 ait
1769 4186 1881 4254 ipse
1914 4186 2012 4239 Do-

426 4268 638 4351 minus?
668 4283 992 4357 Sacriﬁcium
1035 4280 1201 4335 laudis
1239 4278 1541 4352 gloriﬁcabit
1580 4293 1695 4341 me;
1735 4288 1780 4332 et
1819 4277 1886 4332 ibi
1932 4277 2012 4331 via

427 4385 524 4442 est,
552 4376 636 4431 ubi
662 4373 922 4429 ostendam
948 4373 1025 4427 illi
1043 4373 1267 4427 salutare
1295 4388 1459 4425 meum
1480 4370 1651 4445 (Psal.
1696 4388 1814 4427 χιιι
1835 4412 1850 4437 ,
1891 4370 2009 4437 23).

427 4466 530 4536 Ubi
560 4465 680 4520 via?
710 4466 767 4520 In
788 4463 1051 4520 sacriﬁcio
1079 4462 1269 4517 laudis.
1296 4461 1415 4518 Noli
1453 4462 1641 4533 pedem
1683 4472 1834 4519 extra
1873 4462 2014 4519 hanc

426 4556 565 4612 viam
598 4555 829 4612 mittere.
860 4554 919 4610 In
967 4554 1049 4608 via
1078 4560 1240 4609 esto:
1288 4568 1321 4609 a
1357 4551 1444 4607 via
1490 4552 1600 4608 noli
1647 4554 1931 4631 recedere;
1979 4570 2013 4611 a

425 4647 582 4725 laude
613 4647 821 4703 Domini
848 4661 947 4704 nec
972 4660 1201 4717 unguem
1224 4686 1244 4725 η
1283 4644 1479 4702 nedum
1505 4645 1714 4717 pedem.
1763 4647 1820 4702 Si
1867 4648 2011 4707 enim

425 4722 657 4795 volueris
683 4738 751 4794 ah
777 4738 876 4795 hac
899 4738 983 4793 via
1000 4721 1244 4803 deviare,
1260 4744 1315 4793 et
1332 4751 1430 4807 pro
1454 4736 1681 4793 Domino
1701 4744 1753 4793 te
1772 4736 2008 4804 laudare,

425 4850 533 4889 non
559 4831 665 4888 eris
684 4833 864 4889 salvus
887 4832 956 4887 ab
981 4831 1085 4887 illis
1109 4830 1337 4887 inimicis
1369 4848 1385 4886 :
1409 4829 1531 4903 quia
1561 4829 1630 4885 de
1657 4829 1786 4901 ipsis
1811 4830 2011 4915 dictum

424 4935 529 4991 est,
571 4922 737 4979 Juxta
776 4923 1010 4979 semitam
1046 4922 1292 4978 scandala
1343 4931 1619 4994 posuerunt
1666 4922 1794 4977 milii
1834 4920 2011 4994 (Psal.

424 5033 649 5082 usus,
672 5016 750 5088 6).
790 5015 1055 5087 Quidquid
1086 5029 1215 5087 ergo
1244 5015 1512 5088 putaveris
1548 5014 1676 5072 boni
1711 5024 1763 5071 te
1812 5013 2012 5075 habere

427 5109 523 5165 abs
552 5118 624 5174 te,
653 5106 877 5164 deviasti
903 5122 934 5162 a
963 5104 1119 5163 laude
1142 5106 1257 5162 Dei.
1296 5105 1434 5179 Quid
1455 5105 1566 5179 jam
1595 5104 1824 5173 miraris,
1870 5106 1915 5161 si
1961 5114 2015 5162 te

430 5198 639 5261 seducit
665 5199 929 5264 inimicus,
962 5197 1173 5270 quando
1195 5197 1269 5253 tui
1294 5197 1461 5273 ipsius
1489 5197 1740 5269 seductor
1760 5194 1855 5253 es?
1871 5196 2013 5253 Audi

427 5292 745 5364 Apostolum
775 5307 787 5343 :
823 5289 923 5356 Qui
946 5291 1079 5345 enim
1111 5299 1257 5360 putat
1283 5306 1339 5346 se
1361 5290 1557 5361 aliquid
1576 5307 1684 5347 esse
1700 5331 1716 5359 ,
1742 5307 1860 5349 cum
1886 5291 2014 5348 nihil

427 5384 515 5451 sit,
541 5380 988 5454 scipsumseducit
1012 5380 1206 5450 (Calat.
1239 5398 1314 5450 Vl,
1346 5380 1423 5454 5).

503 5475 555 5528 7.
588 5473 767 5529 Gratia
809 5474 864 5528 in
906 5472 1107 5529 Christo
1133 5473 1353 5527 maxime
1379 5476 1567 5540 elucet,
1624 5485 1670 5528 et
1706 5474 1761 5528 in
1797 5475 2012 5532 latrone.

433 5561 718 5621 Dominum
751 5579 880 5647 ergo
920 5563 1139 5621 attende
1171 5564 1511 5620 conﬁtentem
1545 5582 1558 5619 :
1599 5565 1855 5636 Conﬁteor
1904 5566 2014 5634 tibi,

437 5698 637 5811 abuse
656 5696 763 5748 loco
792 5699 916 5761 apud
939 5706 1046 5752 l.0v.
1072 5699 1278 5762 additur,
1301 5697 1443 5764 inte;
1465 5698 1593 5764 quod
1617 5713 1643 5749 a
1666 5701 1859 5753 caeteris
1886 5701 2019 5753 libn‘s

1657 327 1714 382 s.
1754 314 2445 403 Aneositmmmscort
3584 341 3674 400 tot

2130 435 2303 504 Pater,
2352 439 2564 495 Domine
2583 443 2692 498 cazli
2722 453 2767 497 et
2796 454 2958 500 terrm.
3001 446 3254 518 Conﬁteor
3289 452 3408 518 tibi,
3444 455 3580 513 laudo
3605 469 3667 514 Ic.

2128 525 2309 603 Laudo
2332 538 2411 597 te,
2444 546 2548 586 non
2576 547 2766 588 accuso
2807 550 2912 589 me.
2950 539 3215 602 Quantum
3255 548 3434 596 autem
3476 546 3672 614 pertinet

2127 619 2193 674 ad
2219 620 2383 690 ipsius
2408 622 2640 679 hominis
2665 626 3080 696 susceptionem,
3111 638 3219 685 tota
3247 635 3414 699 gratia
3433 676 3449 702 ,
3475 616 3675 708 singula-

2127 708 2202 801 ris
2224 710 2412 801 gratia,
2438 711 2668 783 perlecta
2701 716 2890 786 gratia.
2913 716 3049 786 Quid
3079 722 3275 776 meruit
3300 723 3458 779 homo
3498 727 3574 782 ille
3593 730 3674 801 qui

2126 798 2370 859 Christus
2411 812 2526 870 est,
2554 807 2601 861 si
2629 807 2781 863 tollas
2809 810 3067 879 gratiam,
3110 820 3167 868 ct
3214 822 3412 873 tantam
3455 794 3677 890 gratiam,

2127 907 2230 965 qua
2257 910 2424 977 unum
2448 898 2727 969 oportebat
2754 916 2873 955 esse
2915 901 3222 974 Christum,
3266 916 3321 964 et
3369 908 3532 980 ipsum
3572 895 3678 970 esse

2127 1001 2285 1059 quem
2316 988 2597 1045 novimus?
2626 989 2778 1047 Tolle
2806 993 3025 1062 gratiam
3055 995 3208 1052 istam
3227 1039 3247 1064 ,
3284 999 3409 1071 quid
3436 999 3676 1072 Christus,

2125 1077 2228 1137 nisi
2255 1078 2453 1136 homo?
2478 1081 2602 1153 quid
2630 1082 2731 1138 nisi
2753 1083 2890 1154 quod
2918 1086 3006 1140 tu?
3028 1087 3272 1160 Suscepit
3293 1093 3548 1161 animant,
3575 1111 3679 1152 sus-

2123 1170 2264 1243 cepit
2290 1186 2504 1243 corpus,
2528 1175 2759 1246 suscepit
2781 1176 2991 1247 plenum
3013 1179 3281 1238 hominem
3305 1202 3320 1238 :
3347 1196 3549 1257 coaptat
3569 1187 3679 1252 sibi,

2125 1277 2283 1347 unam
2330 1262 2456 1320 facit
2502 1265 2755 1322 Dominus
2800 1284 2920 1323 cum
2964 1285 3123 1329 servo
3159 1290 3458 1347 personam.
3495 1279 3683 1347 Quanta

2125 1344 2223 1399 ista
2251 1346 2457 1417 gratia?
2483 1347 2726 1415 Christus
2754 1351 2805 1405 in
2835 1352 2994 1420 etelo,
3020 1344 3264 1413 Christus
3309 1359 3361 1413 in
3394 1344 3535 1415 terra
3571 1382 3593 1422 ε,
3625 1365 3684 1419 si-

2123 1436 2233 1490 mul
2262 1436 2503 1493 Christus
2526 1448 2581 1495 et
2609 1439 2663 1494 in
2682 1441 2821 1498 cmlo
2845 1452 2900 1499 et
2928 1443 2978 1498 in
3008 1455 3147 1502 terra
3179 1467 3192 1503 :
3222 1465 3319 1505 nec
3338 1451 3441 1505 duo
3482 1451 3681 1523 Christi,

2123 1524 2216 1581 sed
2239 1527 2378 1593 idem
2408 1528 2650 1587 Christus
2675 1538 2729 1586 et
2772 1531 2825 1587 in
2875 1534 3012 1590 etelo
3058 1545 3113 1591 et
3150 1539 3204 1592 in
3250 1551 3409 1595 terra.
3457 1544 3686 1602 Christus

2121 1618 2261 1688 apud
2283 1617 2514 1688 Patrem,
2544 1619 2788 1678 Christus
2816 1624 2868 1679 in
2894 1633 3044 1681 utero
3071 1629 3287 1700 virginis
3325 1649 3342 1686 :
3370 1633 3600 1691 Christus
3637 1638 3686 1693 in

2121 1725 2301 1776 cruce,
2322 1710 2565 1781 Christus
2595 1715 2733 1785 apud
2762 1715 2961 1775 inferos
2991 1721 3311 1779 subvenieus
3351 1726 3693 1797 quibusdam:

2121 1812 2381 1860 eoautem
2402 1805 2511 1876 ipsa
2544 1807 2630 1863 die
2673 1807 2913 1865 Christus
2952 1800 3003 1866 in
3038 1814 3282 1883 paradiso
3335 1832 3454 1872 cum
3494 1819 3695 1879 latrone

2121 1896 2434 1980 conﬁtente.
2462 1897 2530 1953 Et
2554 1898 2628 1953 ibi
2655 1899 2937 1973 latroquid
2969 1906 3165 1963 meruit
3186 1946 3202 1971 ,
3231 1907 3341 1962 'nisi
3391 1910 3510 1980 quia
3550 1912 3691 1968 illam

2121 1974 2259 2041 viam
2287 1987 2470 2054 tenuit,
2493 1988 2583 2045 ubi
2607 1991 2838 2047 ostendit
2866 1994 3096 2051 salutare
3139 1999 3332 2052 suum?
3360 1974 3423 2053 Α·
3449 2016 3549 2070 qua
3602 2004 3694 2059 tibi

2120 2091 2215 2148 pes
2245 2093 2350 2134 non
2374 2088 2547 2136 exeat.
2575 2080 2638 2137 in
2664 2097 2734 2139 eo
2757 2083 2898 2140 enim
2924 2085 3066 2155 quod
3101 2100 3160 2142 se
3187 2089 3452 2144 accusavit
3470 2131 3486 2157 ,
3534 2091 3697 2148 Deum

2121 2168 2371 2240 laudavit,
2401 2180 2456 2229 et
2480 2173 2641 2230 vitam
2676 2190 2827 2232 suam
2870 2177 3081 2233 beatam
3127 2178 3312 2236 lecit'.
3359 2182 3698 2256 Pmsumpsit

2119 2262 2333 2332 quidem
2361 2278 2391 2318 a
2423 2265 2666 2333 Domino,
2694 2277 2751 2322 et
2779 2268 2851 2321 ait
2878 2268 2975 2334 illi,
3009 2268 3261 2338 Domine,
3300 2285 3545 2329 memento
3579 2278 3694 2341 mei,

2119 2369 2235 2407 cum
2270 2357 2460 2411 veneris
2486 2356 2537 2412 in
2578 2374 2787 2429 regnum
2813 2367 2974 2414 tuum.
3028 2360 3407 2419 Considerabat
3440 2366 3583 2421 enim
3626 2367 3700 2421 l'a-

2120 2446 2301 2500 cinora
2327 2463 2439 2513 sua,
2475 2456 2529 2503 et
2555 2464 2654 2519 pro
2677 2465 2868 2522 magno
2900 2451 3147 2516 habebat,
3180 2454 3226 2508 si
3268 2455 3317 2510 ei
3356 2456 3439 2511 vel
3489 2458 3543 2511 in
3594 2457 3702 2514 ﬁne

2121 2548 2447 2604 parceretur.
2474 2538 2729 2595 Dominus
2759 2549 2935 2596 autem
2963 2543 3233 2611 continuo,
3265 2559 3386 2600 cum
3426 2546 3516 2601 ille
3553 2547 3699 2605 dice-

2120 2636 2222 2694 ret,
2253 2627 2503 2683 Memento
2532 2631 2664 2697 mgi;
2692 2630 2784 2686 sed
2802 2632 3045 2702 quando?
3073 2632 3198 2688 Cum
3214 2620 3408 2692 veneris
3424 2637 3477 2691 in
3495 2654 3706 2708 regnum

2120 2727 2262 2772 tuum
2290 2735 2308 2773 :
2337 2718 2515 2785 Amen,
2548 2721 2746 2791 inquit,
2777 2724 2889 2778 dico
2934 2725 3042 2790 tibi,
3075 2726 3223 2780 hodie
3265 2743 3454 2782 meeum
3504 2729 3605 2783 eris
3650 2729 3706 2787 in

2120 2810 2357 2878 paradiso
2391 2810 2541 2881 (Luc.
2582 2829 2744 2879 xxut,
2792 2815 2901 2882 42,
2942 2813 3053 2888 45).
3106 2816 3468 2879 Misericordia
3511 2820 3713 2877 obtulit

2118 2901 2258 2972 quod
2291 2904 2501 2957 miseria
2527 2904 2753 2958 distulit.
3710 2898 3719 2907 ’

2189 2991 2416 3049 CAPUT
2448 2993 2509 3049 V.
2533 2995 2669 3052 —8.
2712 2995 2868 3052 Fides
2893 2996 3136 3071 denegata
3160 3000 3405 3072 superbis.
3435 3001 3715 3073 Sapientes

2117 3093 2164 3138 et
2207 3084 2492 3155 prudentes.
2543 3085 2770 3142 Parvuli.
2824 3088 3022 3144 Stultus
3081 3091 3365 3157 tenebrosus
3405 3092 3460 3146 in
3510 3072 3725 3149 corde.

2118 3175 2257 3257 Audi
2277 3192 2403 3248 εικέο
2430 3177 2707 3233 Dominum
2738 3179 3079 3259 conﬁtentem
3113 3180 3404 3252 :Conﬁteor
3432 3183 3561 3253 tibi,
3598 3183 3718 3237 Pa-

2118 3276 2214 3335 ter,
2245 3267 2460 3323 Domine
2488 3268 2603 3324 caeli
2630 3280 2675 3325 et
2704 3279 2868 3325 terra'.
2893 3271 3033 3338 Quid
3064 3272 3365 3333 conﬁteor?
3394 3274 3446 3329 in
3495 3290 3608 3349 quo
3661 3283 3723 3331 te

2118 3359 2317 3415 laudo?
2345 3361 2469 3418 llaec
2494 3363 2636 3417 enim
2662 3362 2949 3439 confessio,
2978 3373 3037 3421 ut
3079 3365 3210 3432 dixi,
3256 3366 3466 3422 laudem
3520 3367 3719 3424 habet.

2122 3449 2256 3518 Quia
2279 3451 2583 3507 abscondisti
2606 3453 2713 3508 hate
2755 3471 2785 3506 a
2812 3440 3121 3525 sapientibus
3162 3465 3209 3509 et
3250 3456 3608 3526 prudentibus,
3666 3468 3721 3514 ct

2117 3544 2348 3599 revelasti
2381 3561 2443 3599 ea
2463 3545 2706 3616 parvulis.
2736 3545 2870 3614 Quid
2914 3557 2996 3602 est
3026 3547 3147 3612 hoc,
3189 3548 3422 3605 fratres?
3469 3551 3514 3604 Α
3567 3566 3718 3606 cou-

2117 3637 2281 3693 trario
2304 3650 2464 3693 sensu
2495 3638 2789 3709 intelligite.
2823 3640 3140 3695 Abscondisti
3172 3642 3300 3706 licet,
3330 3642 3521 3712 inquit,
3542 3660 3584 3696 α
3624 3660 3724 3698 sa-

2119 3730 2366 3797 pientibus
2390 3738 2434 3784 et
2456 3728 2782 3801 prudentibus
2814 3746 2832 3784 :
2860 3742 2915 3786 et
2956 3746 3061 3786 non
3100 3731 3272 3798 dixit,
3319 3732 3595 3789 Revelasti
3654 3750 3730 3789 ea

2117 3808 2293 3891 stultis
2321 3831 2375 3879 et
2408 3818 2861 3893 imprudentibus:
2890 3824 2983 3880 scd
3011 3825 3120 3891 ait,
3145 3824 3461 3879 Abseondisti
3489 3826 3727 3897 quidem

2116 3931 2148 3973 lt
2176 3915 2483 3985 sapientibus
2512 3925 2560 3969 et
2598 3914 2961 3986 prudentibus,
3007 3925 3054 3970 et
3091 3916 3317 3971 revelastt'
3349 3932 3409 3969 ea
3457 3916 3725 3986 parvulis.

2116 4005 2458 4077 Sapientibus
2504 4016 2557 4062 et
2592 4007 2939 4078 prudentibus
2984 4007 3300 4080 irridendis,
3331 4008 3735 4081 arrogantibus

2119 4100 2249 4155 falso
2271 4099 2582 4171 grandibus,
2608 4114 2733 4155 vere
2757 4109 2933 4154 autem
2965 4100 3305 4167 tumentibus,
3324 4100 3582 4171 opposuit
3608 4116 3733 4156 non

2119 4191 2449 4262 insipientes,
2474 4203 2578 4245 non
2605 4188 3028 4259 imprudentes‘,
3048 4188 3141 4245 sed
3166 4190 3430 4259 parvulos.
3457 4189 3561 4256 Qui
3590 4198 3749 4263 sunt.

2118 4281 2361 4353 parvuli?
2385 4280 2644 4336 llumiles.
2670 4280 2829 4350 Ergo,
2856 4279 3173 4334 Abscondiin
3198 4280 3305 4334 Ilaec
3332 4296 3363 4332 ιι
3391 4279 3740 4349 sapientibus

2116 4385 2162 4455 et
2190 4372 2536 4446 prudentibus.
2554 4372 2778 4429 Nomine
2805 4373 3118 4443 sapientium
3143 4380 3196 4427 et
3222 4372 3598 4442 prudentium,
3622 4387 3737 4426 su-

2117 4468 2310 4545 perbos
2335 4466 2556 4539 intelligi
2591 4466 2704 4537 ipse
2740 4467 3024 4536 exposuit,
3054 4481 3176 4522 cum
3213 4466 3308 4531 ait,
3348 4465 3611 4521 ιίινειαδιὶ
3666 4482 3743 4521 ea

2116 4557 2360 4629 parvulis.
2405 4556 2546 4630 Ergo
2580 4555 2922 4627 Abscondisti
2959 4571 3066 4613 non
3100 4555 3356 4626 parvulis.
3389 4553 3530 4622 Quid
3594 4564 3697 4610 est
3720 4596 3743 4615 .

2117 4665 2224 4704 non
2250 4647 2517 4722 parvulis?
2536 4646 2654 4705 Non
2680 4646 2987 4705 humilibus.
3011 4646 3147 4715 Quid
3161 4656 3249 4702 est
3272 4688 3287 4712 ,
3303 4632 3307 4637 δ
3324 4660 3429 4702 nou
3481 4645 3739 4702 humili-

2115 4738 2235 4804 bus,
2268 4738 2365 4793 nisi
2388 4738 2669 4809 superbis?
2696 4737 2740 4794 Ο
2768 4738 2850 4792 via
2878 4737 3116 4793 Domini!
3147 4746 3238 4791 aut
3263 4751 3369 4791 non
3406 4735 3591 4802 erat’,
3628 4738 3752 4793 aut

2115 4829 2335 4899 latebat,
2360 4837 2421 4885 ut
2448 4829 2773 4886 revelaretur
2797 4828 2969 4885 nobis.
2999 4827 3152 4888 Unde
3172 4827 3431 4883 Dominus
3459 4828 3747 4882 exsulta-

2117 4922 2228 4977 vit?
2246 4921 2381 4991 Quia
2404 4921 2695 4979 revelatum
2716 4929 2800 4977 est
2820 4921 3068 4991 parvulis.
3099 4921 3361 4979 Debemus
3400 4936 3519 4976 esse
3590 4936 3750 4993 par-

2116 5014 2258 5080 vuli;
2288 5029 2410 5069 nam
2435 5014 2482 5091 si
2508 5013 2831 5079 voluerimus
2854 5028 2973 5069 esse
3003 5012 3197 5085 magni,
3238 5013 3390 5084 quasi
3432 5013 3748 5083 sapientes

2117 5113 2173 5160 et
2202 5104 2505 5175 prudentes,
2536 5119 2642 5160 non
2663 5104 2814 5161 nobis
2839 5104 2968 5159 illud
2997 5105 3280 5161 revelatur.
3311 5104 3414 5175 Qui
3446 5120 3589 5161 sunt
3610 5100 3747 5159 tua-

2117 5196 2244 5269 gni?
2271 5197 2548 5267 Sapientes
2566 5204 2623 5251 et
2647 5194 2960 5273 prudentes.
2975 5194 3201 5250 Dicentes
3224 5211 3280 5251 se
3296 5212 3403 5251 esse
3425 5196 3749 5265 sapientes.

2118 5289 2258 5344 stulti
2281 5290 2401 5362 («icti
2420 5298 2561 5345 sunt.
2585 5288 2762 5345 llabes
2787 5288 3080 5344 remedium
3109 5304 3141 5345 a
3173 5289 3461 5347 contrario.
3508 5288 3580 5344 Si
3645 5289 3751 5343 di.

2120 5380 2291 5438 cendo
2312 5390 2365 5437 te
2392 5396 2517 5437 esse
2535 5381 2829 5453 sapientem
2848 5381 3040 5438 stultus
3065 5378 3238 5437 {actus
3265 5396 3362 5449 es;
3384 5379 3472 5435 die
3497 5388 3562 5436 te
3587 5381 3758 5437 stul—

2187 5508 3775 5622 fAm.Er.etaliq:otuss.,ett3itamsuambeatmnprm

2187 5573 2600 5622 inomissover
2667 5571 3775 5622 .l'ecst.cutusloooduolt$.habens_

2122 5575 2254 5703 pg;
2298 5573 2478 5625 omisso
2512 5571 2687 5633 verbo,
2725 5571 2858 5636 fecit,
2902 5574 3044 5636 cujus
3078 5573 3188 5624 loco
3226 5573 3326 5623 duo
3360 5571 3783 5636 “labent.

2189 5672 2333 5769 ξ’ξωι.
2357 5703 2439 5769 Er-
2456 5702 2509 5768 et
2530 5695 2753 5769 plerique
2771 5703 2900 5768 Mss,
2925 5710 3018 5747 non
3039 5697 3291 5769 sapientes,
3311 5711 3405 5749 non
3427 5699 3796 5769 prudentes.

2196 5763 2214 5794 ³
2239 5763 2533 5811 r'ossateusis
2556 5765 2659 5821 Ms,
2682 5763 2825 5821 quasi
2849 5763 2921 5811 ria
2944 5763 3132 5811 Domini
3152 5769 3234 5812 aut
3254 5773 3348 5812 non
3368 5766 3492 5821 erat,
3521 5771 3655 5816 etc.
