3922 6192
508 398 648 480 Ergo
692 407 814 478 quia
859 415 941 462 est
969 403 1202 471 niirtnn,
1255 405 1342 475 qui
1393 395 1583 460 talibus
1627 405 1953 473 sapientibus
1991 421 2083 456 oe.-

507 499 711 570 supatis
751 497 889 552 circa
931 503 1205 552 creaturas
1227 537 1242 560 ,
1293 496 1382 567 qui
1409 494 1717 550 Creatorem
1760 494 2086 565 negligenter

502 595 744 660 quierere
769 585 1086 652 voluerunt,
1119 601 1216 642 nec
1245 586 1486 642 invenire
1513 595 1829 656 potuerunt,
1857 585 2050 640 absrou
2069 616 2083 625 -

497 680 604 734 alita
653 685 777 734 sunt
820 677 904 733 illa
930 721 944 742 ,
977 677 1043 733 de
1084 678 1276 750 quibus
1299 677 1430 734 dixit
1457 677 1699 734 Christus
1721 719 1737 746 ,
1769 678 2085 733 Abscondisti

494 772 602 822 htt‘c
628 785 659 822 a
678 763 985 842 sapientibus
1008 779 1054 823 et
1074 770 1400 841 prudentibus
1421 787 1440 824 :
1461 770 1753 826 mirabilius
1777 779 1859 828 est
1878 771 2084 841 sapien-

495 870 574 913 tes
622 870 678 916 et
720 860 1004 930 prudentes
1032 859 1394 932 deprehensos
1438 861 1597 918 etiam
1641 862 1731 934 qui
1758 877 2081 934 cognoscere

500 961 806 1024 potuerunt.
834 953 1100 1010 Revelatur
1127 956 1290 1023 enim,
1323 957 1512 1027 inquit,
1537 957 1617 1013 ira
1643 955 1741 1012 Dei
1763 958 1826 1012 de
1848 957 1972 1012 ccio
1997 974 2082 1011 su-

499 1055 589 1111 per
615 1062 813 1102 onmem
837 1047 1138 1118 impietatem
1163 1057 1209 1103 et
1233 1048 1531 1120 iniustitiam
1557 1049 1818 1103 hominum
1841 1091 1857 1116 ,
1887 1049 1975 1119 qui
2000 1065 2082 1104 ve-

499 1131 697 1194 ritatem
721 1141 773 1194 in
793 1138 1054 1212 iniquitate
1077 1141 1314 1196 detinent.
1337 1140 1542 1210 Quzcris
1565 1139 1788 1196 fortasse
1809 1137 1968 1211 quani
1991 1156 2080 1196 ve-

498 1229 711 1285 ritatem
739 1227 1012 1287 detineant
1048 1229 1103 1286 in
1131 1230 1444 1300 iniquitate?
1476 1230 1608 1297 Quia
1646 1231 1780 1298 quod
1808 1240 1980 1285 notum
2007 1240 2079 1286 est

499 1309 616 1386 Dei,
638 1321 959 1392 manifestum
981 1331 1054 1378 est
1077 1322 1130 1377 in
1153 1323 1276 1378 illis.
1304 1321 1456 1379 Unde
1482 1323 1817 1378 inanilestum
1848 1323 1963 1379 est?
1983 1323 2079 1378 Se-

492 1411 706 1481 quitur,
736 1420 790 1468 ct
830 1410 958 1467 dicit
987 1430 1001 1467 :
1032 1409 1170 1466 Deus
1207 1413 1338 1466 enim
1363 1413 1468 1467 illis
1507 1413 1860 1482 manifestavit.
1890 1411 2078 1468 Adhuc

494 1501 691 1573 quaeris
710 1502 976 1573 quomodo
1004 1502 1421 1560 manifestaverit
1441 1504 1538 1569 eis,
1561 1504 1755 1575 quibus
1779 1504 1948 1576 legem
1972 1520 2077 1560 non

495 1582 682 1648 dedit?
709 1593 987 1662 Quomodo
1011 1595 1181 1667 ergo?
1209 1595 1493 1651 Invisibilia
1515 1598 1647 1652 enim
1670 1598 1801 1667 ejus,
1833 1615 1864 1651 u
1891 1600 2078 1653 consti-

495 1685 685 1739 tutione
710 1686 906 1755 mundi,
936 1704 1026 1758 per
1049 1704 1108 1743 ea
1134 1705 1246 1758 qua:
1269 1689 1404 1760 facta
1427 1699 1564 1756 sunt,
1597 1690 1845 1746 intellecta
1872 1693 2077 1761 conspi-

495 1766 714 1830 ciuntur.
740 1770 982 1834 Fuerunt
1021 1795 1148 1850 ergo
1170 1779 1382 1850 quidam
1407 1821 1423 1848 ,
1455 1795 1575 1837 non'
1599 1781 1737 1838 sicut
1757 1780 1967 1853 Moyses
1995 1781 2076 1836 ia-

494 1864 670 1921 mulus
699 1866 812 1932 Dei,
844 1883 949 1923 non
977 1869 1116 1924 sicut
1137 1871 1286 1925 multi
1318 1871 1589 1942 propheta:
1614 1872 1714 1929 ista
1738 1873 2001 1929 intuentes
2023 1882 2078 1929 et

496 1949 852 2028 intelligentes
873 2001 888 2025 ,
919 1960 1085 2032 adjuti
1114 1961 1314 2032 Spiritu
1347 1964 1437 2019 Dei
1458 2004 1474 2029 ,
1505 1976 1662 2035 quem
1688 1965 1940 2036 Spiritum
1973 1964 2077 2022 ﬁde

496 2044 786 2106 transerunt
808 2092 824 2118 ,
855 2051 1094 2110 l'attcibus
1134 2055 1346 2125 pietatis
1373 2055 1620 2114 biberunt
1639 2097 1654 2122 ,
1685 2072 1780 2112 ore
1807 2056 2076 2112 interioris

495 2133 727 2197 ltominis
755 2152 1150 2200 ructuavcrunt.
1179 2144 1292 2202 Non
1335 2162 1463 2218 ergo
1490 2149 1621 2204 tales
1649 2148 1666 2181 ¹
1701 2165 1714 2202 :
1745 2147 1838 2202 sed
1867 2148 2075 2204 fuerunt

493 2220 580 2284 alii
609 2229 914 2301 dissimiles,
938 2235 1024 2306 qui
1047 2251 1142 2306 per
1165 2236 1318 2292 istam
1340 2249 1636 2294 creaturam
1658 2247 1943 2310 potuerunt
1965 2255 2076 2310 pero

494 2321 678 2378 venire
701 2323 768 2379 ad
800 2325 1203 2398 intelligendum
1231 2328 1540 2386 Creatorem
1559 2373 1574 2396 ,
1604 2342 1659 2387 et
1681 2331 1862 2389 dicere
1885 2331 1954 2388 de
1993 2334 2076 2388 bis

493 2421 614 2492 qua:
636 2412 756 2470 fecit
781 2413 922 2471 Deus
946 2434 958 2472 :
984 2416 1124 2476 Ecce
1150 2436 1269 2491 qua:
1283 2420 1425 2480 fecit.
1445 2421 1706 2492 gubernat
1727 2433 1783 2479 et
1807 2423 2072 2491 continet;

495 2489 585 2590 ille
612 2505 724 2576 ipse
747 2507 836 2578 qui
864 2507 1006 2576 fecit,
1035 2489 1214 2582 implet
1236 2527 1330 2568 sua
1358 2489 1636 2585 prmwntia
1663 2517 1763 2573 ista
1785 2534 1904 2590 qum
1929 2489 2073 2575 fecit.

493 2585 788 2652 Potuerunt
828 2595 934 2654 boc
955 2599 1153 2658 dicere.
1181 2601 1310 2658 Nam
1340 2603 1484 2674 ipsos
1523 2615 1579 2661 et
1603 2607 1655 2662 in
1682 2585 1900 2665 Actibus
1928 2611 2072 2681 Apo-

493 2687 753 2745 stolorum
777 2696 1220 2752 commemoravit
1240 2697 1474 2754 Paulus:
1507 2699 1737 2755 tibi‘cum
1763 2701 1981 2758 dixisset
2005 2703 2076 2760 de

496 2777 640 2849 Deo,
683 2778 751 2838 In
775 2783 866 2840 illo
895 2787 1027 2840 enim
1050 2785 1259 2844 vivimus
1287 2799 1332 2844 et
1357 2803 1610 2847 moventur
1634 2801 1682 2847 et
1704 2806 1918 2862 sumus;
1945 2807 2074 2866 quo-

495 2873 637 2931 niam
656 2875 796 2947 apud
817 2876 1172 2937 Athenienses
1196 2881 1524 2952 loquebatur,
1547 2884 1636 2940 ubi
1665 2885 1750 2940 isti
1779 2885 2071 2943 doctissimi

492 2965 807 3024 exstiterant
830 3007 847 3036 ,
877 2968 1119 3040 adiunxit
1161 2975 1413 3030 continuo
1435 3017 1450 3040 ,
1485 2975 1629 3032 Sicut
1671 2985 1718 3031 et
1741 2977 1947 3049 quidam
1989 2996 2072 3036 se-

492 3057 714 3114 cundum
735 3075 820 3116 vos
837 3061 1072 3117 dixerunt
1098 3063 1233 3131 (Act.
1260 3081 1392 3131 xvn,
1413 3067 1506 3136 '28)
1557 3066 1670 3122 Non
1693 3079 1771 3124 est
1797 3069 1913 3125 lere
1933 3070 2071 3141 quod

492 3149 741 3208 dixerunt
785 3172 799 3207 :
843 3151 1104 3222 Quoniam
1147 3157 1200 3210 in
1249 3155 1353 3212 Deo
1392 3158 1601 3212 vicimus
1642 3167 1689 3214 et
1729 3173 1984 3215 moremur
2026 3172 2072 3217 et

495 3256 683 3297 tunsus.
1169 3293 1172 3295 λ

561 3334 786 3392 CAPUT
804 3335 890 3392 ιιι.
907 3361 977 3378 δέ
991 3339 1044 3394 4.
1068 3338 1216 3394 Unde
1231 3341 1592 3397 inexcusabiles
1613 3343 1859 3412 sapientes
1876 3346 2066 3400 stcculi.

491 3415 645 3480 Unde
687 3441 817 3498 ergo
847 3426 1173 3486 dissimiles?
1214 3430 1354 3487 unde
1391 3432 1712 3503 vituperati?
1757 3434 1898 3491 unde
1925 3448 2069 3492 recte

488 3517 760 3572 accusati?
805 3518 943 3574 Audi
985 3521 1223 3591 Apostoli
1267 3523 1462 3590 verba,
1509 3538 1630 3595 qum
1666 3525 1846 3583 dicere
1891 3543 2068 3599 caspe-

488 3621 603 3662 rum
633 3625 648 3662 :
682 3607 972 3678 Revelatur,
1001 3610 1190 3682 inquit,
1221 3613 1298 3667 ira
1323 3612 1420 3670 Dei
1443 3615 1507 3670 de
1534 3617 1658 3672 creto
1682 3627 1833 3689 super
1872 3634 2067 3674 omnem

485 3697 823 3770 impietatem,
851 3711 906 3759 et
927 3716 1112 3759 eorum
1141 3705 1343 3762 scilicet
1365 3707 1454 3778 qui
1497 3708 1666 3780 legem
1710 3725 1816 3767 non
1841 3723 2066 3784 accepe-

485 3797 610 3844 runt
636 3809 650 3843 :
679 3807 834 3861 super
854 3807 1052 3848 omnem
1075 3793 1374 3867 impietatem
1395 3805 1442 3852 et
1464 3798 1762 3870 injustitiam
1783 3801 2062 3870 hominum,

482 3881 571 3949 qui
608 3884 863 3940 veritatem
887 3887 940 3940 in
974 3887 1236 3958 iniquitate
1270 3890 1510 3946 detinent.
1539 3892 1707 3960 Quam
1745 3896 2066 3953 veritatem?

485 3969 618 4039 Quia
641 3975 778 4045 quod
799 3985 973 4031 nolunt
1017 3987 1088 4034 est
1113 3977 1212 4035 Dei
1233 4021 1248 4047 ,
1279 3984 1598 4054 manifestum
1623 3993 1694 4038 est
1719 3987 1772 4040 in
1797 3987 1917 4042 illis.
1947 3989 2064 4056 Quo

481 4065 898 4123 induite-stante?
935 4066 1073 4124 Dens
1109 4072 1242 4126 enim
1278 4073 1350 4129 eis
1390 4075 1746 4147 manifestavit.
1785 4078 2064 4146 Quomodo

480 4155 884 4214 tnanifestavit?
927 4158 1213 4218 luvisibilia
1259 4164 1391 4220 enim
1437 4166 1544 4237 ejus
1572 4207 1587 4232 ,
1637 4184 1669 4222 a
1711 4169 2063 4226 constitutione

479 4248 675 4316 utendi,
709 4266 798 4317 per
823 4266 882 4305 ea
905 4268 1020 4321 qua:
1044 4257 1180 4324 facta
1205 4266 1340 4324 sunt,
1368 4258 1622 4314 intellecta
1648 4262 2060 4331 conspiciuntur;

478 4339 784 4410 sentpiterna
805 4356 1000 4414 quoque
1025 4345 1178 4398 virtus
1201 4347 1310 4416 ejus
1335 4357 1383 4401 et
1408 4348 1662 4405 divinitas.
1695 4351 1869 4420 Quare
1891 4357 2061 4409 maui-

478 4425 726 4484 iestavit?
757 4429 826 4484 Ut
850 4431 950 4484 sint
986 4433 1370 4492 inexcusabilcs.
1395 4437 1450 4494 Si
1490 4441 1847 4499 manifesuvlt
1870 4454 1928 4501 ut
1954 4446 2061 4501 sint

477 4508 886 4606 i-neseosabites,
907 4521 1048 4578 unde
1068 4537 1196 4594 ergo
1215 4525 1539 4598 culpabiles?
1558 4530 1691 4596 Quia
1709 4541 2059 4606 cognoscentes

475 4604 660 4670 Deunt,
683 4623 783 4664 non
800 4611 929 4666 sicut
952 4609 1110 4668 Deum
1135 4617 1559 4686 gloriﬁcaverunt.

545 4698 772 4758 CAPUT
801 4699 890 4758 IV.
911 4734 981 4745 —-
1000 4706 1052 4762 5.
1082 4706 1380 4780 Cleri/icore
1413 4709 1574 4767 Deum
1593 4723 1639 4769 et
1669 4717 1861 4785 gratias
1887 4736 2053 4791 agerc,

472 4789 629 4851 idem.
667 4791 805 4861 Quid
829 4805 912 4850 est
953 4799 1095 4869 quod
1119 4797 1254 4856 dicis
1281 4842 1297 4867 ,
1333 4801 1452 4857 Non
1493 4805 1622 4860 sicut
1650 4799 1812 4862 Deum
1857 4789 2056 4882 gloriﬁ-

469 4890 755 4945 caverunt?
797 4886 906 4946 Nec
945 4895 1140 4964 gratias
1184 4906 1406 4968 egerunt.
1451 4895 1565 4955 Hoc
1601 4909 1684 4957 est
1719 4916 1848 4975 ergo
1889 4905 2055 4978 glori-

389 4990 418 5064 ;
451 4978 633 5062 ﬁcare
658 4980 844 5048 Deum,
863 4986 1059 5054 gratias
1083 5002 1244 5058 agere
1274 4989 1418 5044 Deo?
1437 4989 1547 5047 lloc
1568 5008 1715 5049 sane.
1746 4995 1882 5064 Quid
1911 4997 2053 5053 enim

468 5071 622 5142 polus
645 5114 658 5138 ,
691 5074 734 5129 si
759 5075 827 5132 ad
870 5076 1151 5149 imaginem
1175 5089 1386 5141 creatus
1410 5125 1425 5151 ,
1453 5088 1665 5156 cognito
1702 5087 1813 5144 Deo
1839 5089 1946 5146 eris
1970 5091 2054 5146 iu-

466 5165 694 5231 gratus?
723 5166 834 5222 tloc
859 5177 941 5224 est
970 5185 1187 5239 prorsus
1210 5213 1224 5238 ,
1259 5172 1360 5230 hoc
1387 5185 1470 5231 est
1491 5218 1507 5244 ,
1539 5177 1834 5248 gloriﬁcare
1861 5181 2050 5250 Deum,

467 5254 668 5322 gratias
705 5269 864 5326 agere
894 5257 1023 5314 Deo.
1057 5260 1260 5316 Norant
1301 5263 1484 5320 ﬁdeles
1523 5266 1609 5321 ubi
1650 5275 1702 5322 et
1729 5270 1942 5340 quando
1968 5271 2051 5327 di-

468 5355 621 5401 catur
639 5389 654 5413 ,
684 5346 894 5403 Gratias
929 5364 1148 5420 agamus
1177 5351 1401 5409 Domino
1430 5355 1537 5411 Deo
1561 5362 1765 5414 nostro.
1795 5360 1926 5428 Quis
1953 5377 2050 5417 au-

468 5445 574 5490 tem
616 5433 811 5508 gratias
849 5438 958 5510 agit
985 5435 1094 5495 Deo
1116 5481 1132 5508 ,
1167 5439 1268 5496 nisi
1307 5442 1398 5513 qui
1427 5459 1636 5502 sursum
1675 5463 1770 5504 cor
1799 5451 1957 5507 habet
1983 5452 2050 5508 ad

468 5527 750 5585 Dominum
773 5529 967 5604 “Ergo
1002 5532 1080 5588 illi
1118 5533 1407 5604 culpabiles
1431 5537 1520 5608 qui
1549 5547 1674 5593 sunt
1711 5540 2046 5598 inexcusabi-

471 5721 500 5767 .
513 5659 703 5770 aditi,
728 5672 827 5714 .Von
842 5678 957 5730 ergo
977 5665 1096 5720 tales
1117 5667 1472 5734 ignorarerunt.
1501 5675 1665 5738 Abest,
1693 5675 2045 5745 ignoraverunt,

2153 5681 2213 5731 67
2229 5680 2402 5743 design

1730 287 1785 346 s.
1828 276 2192 346 AUGUSTINI
2237 282 2532 348 :jl‘lsml't
3663 307 3749 366 tto

2195 401 2306 469 les,
2337 406 2458 476 quia
2491 418 2871 480 edgnoscentcs
2912 412 3076 469 Dcmn
3102 457 3115 479 ,
3149 425 3253 470 non
3297 416 3434 473 sient
3461 410 3619 475 Deum
3645 425 3745 494 glo-

2195 497 2534 555 riﬁcaverunt
2553 544 2566 566 ,
2598 518 2696 558 nec
2714 507 2908 575 gratias
2933 516 3175 575 egerunt.
3197 508 3301 564 Sed
3325 511 3450 581 quid
3466 510 3492 564 ἲ
3518 511 3618 568 Sed
3643 533 3742 570 eva-

2192 597 2408 643 nuerunt
2435 590 2485 645 in
2524 595 2904 662 cogitutidnibus
2943 598 3066 652 suis.
3101 597 3251 654 Unde
3275 615 3630 671 evanuerunt,
3658 609 3744 664 nisi

2191 680 2313 749 quia
2357 680 2570 752 superbi
2617 683 2870 741 fuerunt?
2901 687 3179 745 Evauescit
3222 701 3272 746 et
3303 691 3477 749 fumus
3521 695 3574 749 in
3602 697 3743 755 altum

2189 770 2456 840 stirgcndo
2481 814 2493 836 ,
2525 783 2578 829 et
2600 776 2765 846 magis
2793 777 2926 848 ignis
2953 779 3094 834 lucet
3118 790 3171 836 et
3200 783 3480 839 roboratur
3520 784 3746 846 humilius

2188 859 2656 944 apprehendendo.
2699 865 3022 922 Evanueruut
3055 885 3108 924 in
3140 871 3523 942 cogitationibus
3549 870 3648 930 suis
3667 920 3680 944 ,
3707 891 3747 935 ct

2187 942 2506 1006 obscuratum
2531 962 2602 1008 est
2626 949 2868 1026 insipiens
2891 965 2977 1012 cor
3005 975 3196 1016 eorunt.
3232 960 3400 1016 Etiam
3425 961 3617 1033 iunius,
3641 942 3744 1024 cum

2185 1041 2256 1097 sit
2277 1042 2393 1112 igne
2417 1045 2592 1113 altior,
2617 1047 2876 1104 obscurus
2895 1055 2995 1105 est.

2255 1127 2482 1192 CAPUT
2515 1136 2579 1194 V.
2600 1149 2683 1178 ’-
2716 1137 2767 1195 6.
2807 1141 3052 1210 Superbis
3081 1137 3456 1201 abscondantur
3489 1153 3743 1222 mysteria,

2137 1253 2141 1256 -
2186 1226 2408 1292 parvulis
2447 1237 2613 1282 autem
2645 1232 2944 1286 revelantur.
2991 1234 3226 1305 Denique
3265 1239 3477 1293 attende
3502 1243 3640 1311 quod
3673 1259 3746 1300 se-

2183 1315 2364 1383 quitur
2393 1357 2409 1384 ,
2457 1323 2513 1374 ct
2551 1319 2669 1376 vide
2709 1321 2846 1376 unde
2878 1331 2982 1377 luta
3013 1339 3172 1380 causa
3213 1329 3438 1397 pendeat
3470 1351 3482 1386 :
3536 1331 3746 1391 Dicentrs

2182 1406 2316 1460 enim
2355 1425 2410 1463 se
2435 1426 2544 1466 esse
2581 1414 2826 1483 sapientes
2846 1457 2862 1482 ,
2892 1417 3034 1470 stulti
3073 1421 3197 1488 facti
3221 1431 3335 1475 sunt
3375 1421 3552 1495 (Rom.
3583 1442 3630 1490 ι.
3661 1428 3744 1484 l8-

2181 1494 2297 1588 22).
2327 1497 2436 1554 Sibi
2458 1504 2753 1573 arrogantia
2782 1507 2920 1576 quod
2951 1511 3268 1577 pra-stiterut
3296 1512 3452 1578 Deus,
3484 1515 3603 1570 tulit
3623 1520 3743 1588 quod

2182 1585 2401 1644 dederat
2438 1589 2596 1646 Deus.
2630 1593 2768 1663 Ergo
2809 1597 3051 1665 superbis
3096 1599 3208 1668 ipse
3237 1601 3514 1660 abscondit
3550 1621 3608 1661 se
3626 1585 3649 1675 ,⁷
3669 1610 3745 1678 qui

2183 1690 2278 1746 per
2313 1690 2610 1736 creaturam
2650 1683 2931 1755 diligenter
2957 1689 3313 1745 scrutantibus
3342 1691 3648 1750 Creatorem
3678 1698 3747 1751 iu-

2181 1767 2482 1827 sinuaverat
2510 1770 2718 1828 nonnisi
2759 1790 2836 1831 se.
2868 1777 3011 1833 Bene
3049 1788 3178 1850 ergo
3217 1775 3502 1849 Dominus,
3535 1780 3748 1842 Abscon-

2181 1856 2300 1912 disti
2325 1858 2432 1914 licet:
2455 1877 2487 1914 a
2509 1863 2817 1932 sapientibus
2842 1871 2888 1920 et
2918 1866 3244 1938 prudentibus
3266 1880 3287 1926 .‘
3315 1873 3427 1950 sive
3453 1875 3520 1929 ab
3547 1876 3650 1932 illis
3669 1878 3745 1947 qui

2180 1947 2560 2021 multiplicibus
2587 1947 3031 2025 disputationibus
3059 1964 3114 2014 et
3144 1947 3487 2018 solertissima
3539 1966 3747 2038 inquisi-

2181 2039 2323 2096 tione
2348 2041 2415 2096 ad
2461 2043 2916 2115 investigationem
2947 2059 3206 2106 creatum
3247 2065 3636 2122 pervenerunt,
3666 2056 3748 2114 Sed

2179 2127 2488 2188 Creatorem
2505 2133 2723 2192 minime
2749 2149 3144 2209 cognoverunt;
3177 2141 3288 2198 sive
3311 2144 3378 2200 ab
3409 2145 3535 2213 illis,
3561 2148 3647 2218 qui
3670 2163 3749 2203 eo-

2178 2233 2498 2291 guoscentes
2523 2223 2692 2281 Deum
2711 2267 2727 2294 ,
2762 2243 2869 2284 non
2897 2229 3031 2286 sicut
3062 2231 3226 2286 Deum
3255 2233 3679 2305 gloriﬁcaverunt
3703 2249 3749 2294 et

2178 2313 2374 2385 gratias
2397 2324 2619 2387 egerunt
2641 2359 2657 2385 ,
2687 2327 2742 2374 et
2770 2320 2950 2377 videre
2974 2323 3207 2392 perfecte
3230 2335 3320 2380 aut
3343 2325 3632 2384 salubriter
3656 2346 3747 2386 non

2181 2413 2482 2474 potuerunt,
2505 2405 2628 2478 quia
2650 2409 2864 2480 superbi
2893 2410 3124 2468 fuerunt.
3154 2413 3473 2472 Abscondisti
3499 2433 3633 2491 ergo
3654 2421 3749 2475 lucc

2177 2509 2210 2550 a
2252 2496 2560 2568 sapientibus
2588 2503 2635 2554 et
2677 2501 3007 2572 prudentibus
3027 2545 3041 2568 ,
3074 2513 3123 2559 et
3165 2506 3394 2561 revelasti
3421 2524 3479 2562 ea
3518 2512 3746 2580 parvulis.

2177 2587 2382 2654 Quibus
2409 2584 2687 2659 parvulls?
2729 2585 3046 2650 ilumilibus.
3087 2594 3184 2648 Dic
3210 2613 3363 2667 super
3387 2613 3542 2669 quem
3568 2597 3746 2672 requie-

2178 2679 2270 2731 scit
2297 2678 2521 2749 Spiritus
2541 2697 2679 2734 meus
2696 2683 2722 2737 .9
2751 2681 2919 2753 Super
2947 2684 3208 2752 humilem,
3237 2692 3283 2741 et
3305 2689 3562 2760 quietum,
3591 2703 3634 2746 et
3657 2697 3748 2746 tre-

2177 2776 2388 2823 mentem
2416 2771 2562 2825 verba
2589 2787 2699 2826 mea
2739 2771 2890 2846 (lsai.
2923 2789 3041 2830 ωτι
3067 2817 3081 2840 ,
3113 2775 3193 2848 2).
3232 2777 3356 2834 llaec
3383 2775 3548 2836 verba
3578 2782 3750 2838 Petrus

2180 2860 2389 2915 tremuit
2408 2877 2421 2927 ;
2443 2857 2591 2916 Plato
2613 2875 2718 2917 non
2737 2865 2969 2920 tremuit.
2993 2860 3196 2922 Teneat
3217 2868 3463 2936 piscator,
3486 2872 3632 2940 quod
3654 2886 3750 2942 per~

2177 2949 2309 3006 didit
2347 2952 2708 3008 nobilissimas
2746 2953 3062 3025 disputator.
3113 2957 3429 3013 Abscondisti
3475 2960 3593 3017 Iste:
3619 2979 3649 3016 α
3673 2975 3750 3017 sa-

2177 3043 2425 3113 pientibus
2439 3053 2486 3098 et
2505 3045 2851 3116 prudentibus,
2875 3056 2922 3101 et
2949 3046 3177 3103 revelasti
3190 3061 3249 3103 ea
3265 3051 3515 3120 parvulis.
3536 3051 3752 3109 Abscon-

2175 3132 2300 3188 disti
2329 3130 2592 3204 superbis,
2624 3145 2678 3193 et
2702 3138 2947 3193 revelasti
2971 3137 3275 3197 humilibus.
3299 3142 3428 3209 Quae
3455 3154 3592 3200 sunt
3615 3145 3751 3216 ipsa?

2174 3223 2289 3279 Non
2320 3226 2462 3281 enim
2502 3241 2621 3282 cum
2651 3229 2753 3285 hoc
2792 3228 3026 3299 dioeret,
3057 3230 3251 3288 cmlum
3277 3242 3332 3289 ct
3359 3239 3564 3291 terram
3589 3242 3749 3292 atten-

2173 3310 2352 3384 debat,
2377 3326 2431 3373 et
2454 3320 2601 3388 quasi
2629 3335 2788 3376 manu
2809 3319 3225 3390 demonstrabat,
3250 3340 3371 3380 eum
3392 3326 3606 3385 diceret
3627 3329 3750 3384 lure.

2172 3407 2301 3477 Quis
2325 3409 2465 3465 enim
2497 3425 2601 3466 non
2632 3409 2775 3468 videt
2804 3412 2958 3469 haec?
2987 3414 3175 3471 Vident
3202 3415 3349 3484 boni,
3381 3414 3572 3476 vident
3599 3421 3749 3476 mali:

2171 3505 2292 3577 quia
2309 3501 2435 3562 facit
2448 3504 2615 3562 solem
2625 3523 2781 3564 suum
2793 3510 2919 3565 oriri
2937 3525 3098 3582 super
3107 3509 3276 3568 bonos
3291 3521 3346 3568 et
3360 3514 3534 3570 malos
3553 3511 3748 3587 (Matth.

2171 3613 2223 3663 v,
2250 3593 2362 3672 i5).
2391 3596 2520 3667 Qua:
2548 3609 2674 3656 sunt
2697 3613 2824 3673 ergo
2850 3600 2986 3658 ista?
3018 3601 3201 3659 Omnia
3231 3603 3355 3660 mihi
3380 3605 3578 3662 tradita
3596 3618 3705 3663 sunt
3723 3623 3751 3660 a

2172 3688 2327 3745 Patre
2346 3705 2454 3745 meo
2475 3683 2582 3759 (Id.
2607 3707 2680 3756 ιι,
2702 3683 2814 3763 27).

2666 3781 2894 3838 SERMO
2931 3777 3094 3840 LXIX
3117 3785 3134 3808 ο
3157 3785 3254 3858 (η).

2167 3871 2247 3927 De
2273 3873 2432 3928 verbis
2460 3872 2722 3946 Evangelii
2751 3874 2984 3930 Mattltwi
3006 3917 3022 3942 ,
3066 3893 3180 3949 cap.
3222 3893 3276 3932 XI
3301 3918 3314 3942 ,
3345 3877 3416 3932 18
3437 3917 3453 3945 ,
3507 3878 3581 3934 29
3603 3922 3619 3946 ,
3655 3878 3748 3933 Ve-

2239 3957 2348 4020 nite
2402 3966 2468 4020 ad
2524 3981 2611 4021 me
2641 4007 2657 4034 ,
2725 3981 2911 4024 omnes
2964 3967 3053 4038 qui
3114 3968 3363 4024 laboratis
3423 3979 3484 4025 et
3547 3971 3749 4027 onerati

2235 4047 2367 4110 estis
2389 4097 2404 4123 ,
2436 4065 2533 4110 etc.
2569 4057 2608 4112 ‘.

2236 4141 2459 4205 CAPUT
2489 4141 2771 4207 PRIMUM.
2795 4183 2866 4194 —
2887 4151 2937 4207 l.
2965 4144 3113 4208 Unde
3135 4146 3216 4207 hic
3244 4148 3405 4210 labor.
3433 4155 3752 4211 Audit-imus

2165 4236 2217 4290 in
2257 4235 2546 4309 Evangelia
2586 4235 2865 4297 Dominum
2905 4236 3259 4300 exbilaratutu
3311 4241 3506 4316 spiritu
3555 4247 3750 4302 dixisse

2166 4328 2275 4383 Deo
2321 4325 2462 4385 Patri
2505 4347 2520 4385 ε
2563 4326 2818 4402 Conﬁteor
2861 4335 2986 4402 tibi,
3032 4326 3190 4390 Pater
3211 4377 3227 4400 ,
3273 4335 3495 4392 Domine
3555 4339 3672 4392 casti
3707 4346 3752 4390 ct

2164 4429 2310 4475 terra:
2330 4463 2344 4485 ,
2390 4423 2510 4493 quia
2549 4422 2848 4480 abscondisti
2891 4425 2998 4480 lucc
3022 4443 3054 4479 a
3081 4427 3389 4497 sapientibus
3429 4439 3483 4483 et
3526 4429 3751 4500 pruden-

2163 4516 2312 4582 tibus,
2344 4527 2389 4569 ct
2429 4512 2658 4572 revelasti
2685 4535 2743 4572 ea
2772 4520 3014 4588 parvulis.
3059 4510 3167 4585 Ita,
3201 4518 3378 4586 Pater,
3414 4523 3666 4591 quernum
3685 4521 3754 4573 sic

2164 4603 2407 4677 placitum
2441 4618 2513 4664 est
2534 4624 2704 4664 coram
2742 4621 2808 4666 te.
2851 4604 3036 4665 Omnia
3056 4604 3176 4665 mihi
3205 4613 3390 4666 tradita
3417 4624 3542 4667 sunt
3581 4624 3614 4667 a
3655 4612 3756 4666 Pa-

2163 4707 2237 4752 tre
2260 4714 2368 4753 meo
2396 4715 2414 4753 :
2441 4709 2488 4754 et
2524 4717 2668 4754 nemo
2706 4703 2930 4772 agnoscit
2958 4693 3146 4756 Filium
3163 4740 3179 4769 ,
3211 4703 3309 4757 nisi
3353 4694 3557 4770 Pater;
3601 4722 3756 4769 neque

2163 4786 2369 4844 Putrem
2405 4790 2516 4860 quis
2553 4794 2810 4862 agnoscit,
2843 4793 2940 4846 nisi
2970 4786 3133 4848 Filius
3153 4833 3167 4858 ,
3199 4803 3246 4848 et
3287 4787 3370 4848 cui
3408 4795 3631 4850 coluerit
3660 4795 3753 4849 Fi-

2159 4881 2258 4936 lius
2285 4883 2522 4937 revelare.
2553 4883 2610 4938 In
2637 4885 2915 4940 clamando
2944 4885 3264 4948 laboramus.
3299 4887 3349 4941 in
3376 4888 3656 4944 audiendo
3679 4889 3754 4942 la-

2161 4973 2380 5030 boratis.
2426 4974 2716 5032 Audiamus
2742 4963 2872 5049 ergo
2900 4993 3020 5032 cum
3059 4979 3148 5048 qui
3187 4980 3455 5049 sequitur,
3491 4987 3552 5034 et
3580 4980 3751 5035 dicit:

2173 5063 2344 5120 Venite
2365 5059 2434 5120 ad
2457 5083 2554 5133 me,
2585 5084 2758 5124 omnes
2783 5070 2869 5138 qui
2894 5063 3154 5125 laboratis.
3183 5072 3360 5137 Quare
3382 5071 3530 5127 enim
3562 5087 3756 5129 omnes

2159 5155 2461 5212 laboramus
2481 5199 2496 5222 ,
2525 5158 2625 5212 nisi
2654 5155 2774 5228 quia
2814 5174 2996 5216 sumus
3032 5161 3276 5218 homines
3311 5163 3608 5231 mortales,
3642 5163 3751 5219 fra—

2155 5246 2320 5316 giles,
2353 5247 2547 5303 inﬁrmi
2572 5287 2587 5314 ,
2620 5248 2758 5304 lutea
2786 5266 2908 5305 vasa
2937 5259 3210 5322 portantes
3233 5293 3249 5321 ,
3277 5270 3394 5324 qua:
3423 5253 3638 5310 faciunt
3670 5256 3750 5310 in—

2156 5339 2326 5396 vicem
2356 5341 2667 5413 angustias?
2698 5341 2804 5399 Sed
2835 5343 2879 5399 si
2909 5354 3258 5416 angustantur
3282 5362 3402 5401 vasa
3427 5347 3642 5414 carnis,
3675 5347 3755 5402 di-

2220 5473 2235 5503 ι
2266 5471 2461 5542 additiu-
2477 5472 2590 5542 huic
2611 5473 2752 5525 titulo
2776 5476 2824 5527 in
2848 5458 3067 5542 pluribus
3087 5477 3252 5542 protue
3282 5485 3407 5531 noue
3424 5485 3540 5530 llas.
3575 5487 3760 5532 castra

2175 5531 2476 5585 It'estorianos
2492 5535 2554 5586 de
2573 5543 2714 5586 Patre
2739 5531 2955 5589 Domino.

2219 5620 2613 5687 ‘_tte_ccnsuimus
2633 5621 2692 5672 ad
2715 5619 2909 5672 codices
2930 5630 3037 5673 uss.
3064 5631 3116 5674 ct
3137 5624 3252 5675 ﬁdit.
3275 5635 3412 5687 supra
3431 5622 3486 5673 in
3515 5638 3757 5675 sermone

2403 5689 2527 5732 atos.

2215 5744 2289 5805 (α)
2322 5743 2460 5804 Alias,
2484 5745 2548 5796 de
2572 5746 2743 5798 Verbis
2763 5750 2946 5800 Domini
2971 5745 3039 5799 ιο.
