3922 6192
292 213 394 268 445

290 339 427 376 min.
449 320 634 375 Mirum
657 316 965 389 quibusdam
996 311 1219 375 videtur,
1259 307 1447 362 fratres
1486 305 1746 370 mei,Cum
1773 316 1872 355 au‘

293 412 446 468 dium
489 411 769 464 Dominum
808 406 1108 468 dicentem,
1157 398 1327 452 Venite
1354 397 1429 449 at!
1450 411 1528 448 nte
1549 435 1563 461 ,
1592 408 1762 446 omnes
1785 391 1870 462 qui

296 503 537 556 laboratis
560 509 605 553 et
630 496 824 552 onerati
851 493 966 549 estis
984 536 997 555 ,
1028 501 1077 546 et
1096 507 1185 562 ego
1215 488 1435 558 reﬁciam
1456 501 1558 539 vos.
1587 479 1771 538 Tollite
1779 482 1870 552 ju-

294 610 415 664 gum
455 605 617 644 memn
654 603 807 658 super
842 601 956 648 vos,
1003 594 1048 637 et
1082 582 1256 635 discite
1289 596 1319 632 a
1351 595 1430 631 me
1461 577 1698 648 quoniam
1736 566 1871 627 initis

296 701 406 738 sum
453 693 498 735 et
543 676 747 733 Immitis
784 676 966 743 corde,
1009 684 1054 729 et
1082 671 1337 727 invenietis
1365 670 1581 739 requiem
1608 663 1871 720 animabus

291 775 484 827 vestris.
511 771 704 843 Iugum
729 769 860 825 enim
889 782 1063 833 meum,
1080 766 1190 819 lene
1218 773 1307 828 est,
1336 770 1381 814 et
1405 761 1602 814 sarcina
1625 774 1732 811 mea
1754 756 1875 810 levis

292 876 364 920 est
409 881 426 918 :
468 877 523 920 et
568 863 906 920 considerant
946 874 1039 917 eos
1073 859 1160 930 qui
1192 858 1376 929 jugum
1413 855 1584 925 ipsum
1609 849 1871 921 intrepida

291 961 499 1035 cervice
542 957 818 1012 subierunt
857 964 911 1011 et
948 952 1091 1008 illam
1132 952 1394 1005 sarcinam
1433 942 1873 1002 mansuetissimis

296 1032 529 1123 humeris
556 1055 893 1117 acceperunt,
922 1044 1080 1103 tantis
1105 1042 1293 1112 agitari
1311 1048 1361 1094 et
1387 1036 1623 1093 exerceri
1648 1032 1874 1091 difficul-

295 1144 488 1197 tatibus
517 1141 672 1209 hujus
702 1136 878 1192 saeculi
900 1178 916 1204 ,
949 1144 1005 1189 ut
1034 1149 1137 1189 non
1168 1149 1196 1185 a
1218 1130 1484 1186 laboribus
1512 1127 1576 1189 ad
1604 1126 1870 1196 quietem,

295 1236 387 1290 sed
410 1252 437 1288 a
459 1234 634 1304 quiete
659 1231 725 1285 ad
748 1230 979 1285 laborem
1005 1225 1173 1280 vocati
1198 1224 1471 1279 videantur
1491 1236 1504 1283 ;
1528 1234 1647 1272 cum
1666 1225 1715 1272 et
1736 1218 1873 1283 Apo-

296 1328 462 1380 stolus
504 1324 680 1389 dicat,
727 1321 910 1375 Omnes
949 1318 1034 1388 qui
1067 1316 1234 1369 volunt
1268 1314 1318 1367 in
1353 1311 1549 1367 Christo
1575 1309 1657 1378 pie
1681 1308 1872 1371 virere,

298 1418 685 1489 persecutionem
725 1414 972 1484 patientur
1004 1409 1070 1481 (Il
1103 1408 1233 1463 Tim.
1262 1410 1347 1471 tu,
1379 1404 1486 1477 l2).
1518 1404 1603 1457 Ait
1627 1416 1754 1471 ergo
1776 1399 1874 1455 ali-

295 1510 414 1580 quis
445 1528 458 1564 :
487 1506 961 1576 Quomodojugum
986 1504 1103 1558 lene
1124 1510 1225 1563 cst,
1247 1507 1301 1552 ct
1321 1497 1523 1551 sarcina
1546 1494 1694 1554 levis,
1712 1506 1877 1561 quan-

297 1601 581 1671 doquidem
604 1595 731 1653 illud
748 1586 929 1668 jugum
946 1604 999 1647 et
1019 1592 1278 1648 sarcinam
1298 1588 1450 1647 ferre,
1473 1585 1603 1645 nihil
1619 1580 1873 1665 estaliud,

297 1707 455 1762 quam
495 1691 580 1762 pie
622 1690 799 1743 vivere
848 1688 900 1740 in
944 1680 1199 1740 Clu-Isto?
1244 1680 1307 1733 Et
1348 1674 1616 1748 quomodo
1649 1672 1874 1737 dicitur,

310 1783 480 1838 Venite
517 1781 585 1835 ad
624 1797 734 1846 ine,
775 1795 943 1833 omnes
981 1777 1066 1848 qui
1095 1773 1330 1828 laboratis
1360 1780 1406 1824 et
1436 1765 1628 1822 onerati
1654 1764 1802 1831 estis,
1832 1771 1878 1816 et

299 1895 389 1948 ego
430 1876 652 1945 reﬁciam
691 1890 774 1926 eos
812 1887 830 1925 :
862 1886 923 1924 ac
955 1884 1056 1923 non
1089 1865 1264 1938 potius
1291 1863 1513 1925 dicitur,
1545 1858 1761 1921 Venite,
1788 1854 1877 1926 qui

298 1971 496 2025 vacatis
519 2011 533 2034 ,
577 1977 633 2022 ut
667 1962 960 2021 lahoretis?
985 1957 1115 2015 Nam
1144 1967 1197 2012 et
1220 1963 1469 2010 vacantes
1495 1949 1720 2012 invenit,
1746 1961 1879 2018 quos

300 2062 553 2120 conduxit
595 2062 646 2114 in
692 2058 926 2119 vincam,
968 2064 1025 2108 ιιι
1066 2050 1268 2105 ferrent
1304 2055 1490 2103 aestum
1526 2041 1629 2098 diei
1662 2036 1877 2113 (Matth.

302 2172 390 2219 xx,
414 2152 556 2224 5-7).
585 2151 647 2207 Et
674 2148 773 2205 sub
800 2146 889 2203 illo
910 2147 1038 2216 jugo
1064 2143 1166 2198 leui
1194 2149 1248 2196 et
1268 2137 1475 2194 sarcina
1496 2133 1879 2202 levi,audimus

305 2247 621 2320 Apostolum
649 2246 853 2300 dicere:
872 2240 935 2294 In
965 2238 1197 2294 omnibus
1226 2234 1627 2290 contnwntlantes
1651 2236 1874 2283 nosmet-

300 2340 465 2411 ipsos,
520 2348 755 2408 tanquam
804 2334 898 2388 Dei
939 2334 1226 2396 ministros,
1272 2329 1325 2381 in
1360 2325 1519 2378 multa
1544 2317 1880 2393 patientia,in

302 2431 705 2487 tribulationibus
728 2470 741 2492 ,
765 2429 816 2481 in
837 2424 1209 2481 necessitatibus
1226 2463 1240 2485 ,
1262 2421 1314 2473 in
1336 2416 1580 2489 angustiis
1602 2454 1615 2479 ,
1646 2413 1698 2466 in
1719 2411 1882 2483 plagis

301 2538 407 2579 etc.
453 2523 530 2594 (ll
563 2522 680 2576 Cor.
709 2536 763 2575 vt
789 2561 803 2581 ,
834 2519 909 2589 4).
943 2519 1008 2573 Ει
1033 2517 1136 2571 alio
1160 2513 1277 2573 loco
1306 2512 1357 2566 in
1387 2509 1574 2575 eadem
1602 2506 1834 2576 Epistola
1863 2521 1877 2556 :

301 2619 344 2670 Ἀ
392 2615 587 2669 Jutlteis
623 2612 883 2682 quinquies
920 2612 1301 2679 quadragenas,
1340 2620 1442 2656 una
1476 2601 1660 2664 minus,
1688 2597 1877 2665 accepi.

303 2705 403 2759 Ter
431 2703 580 2774 virgis
610 2716 766 2756 census
788 2716 901 2753 sum
923 2740 937 2763 ,
967 2696 1118 2751 semel
1138 2693 1393 2764 lapidatus
1414 2707 1522 2746 sum
1542 2732 1556 2755 ,
1582 2698 1656 2743 ter
1674 2687 1884 2756 naufra-

302 2800 439 2869 gium
459 2772 575 2867 feci,
595 2803 735 2847 nocte
759 2802 803 2846 et
833 2792 913 2846 die
932 2792 984 2844 in
1008 2772 1434 2859 profundummaris
1458 2783 1533 2854 fui
1562 2779 1669 2849 (Id.
1692 2796 1766 2844 ιιι,
1789 2779 1880 2845 24,

302 2887 395 2962 25)
439 2907 451 2941 :
495 2895 548 2942 et
596 2894 787 2941 ccetera
827 2881 1058 2952 pericula
1086 2893 1204 2948 qum
1232 2875 1496 2930 numerari
1522 2872 1730 2942 quidem
1764 2885 1884 2938 pos-

304 2988 460 3043 sunt,
507 2978 601 3033 sed
647 2974 890 3039 tolerari,
934 2971 1035 3025 nisi
1077 2969 1272 3039 Spiritu
1298 2972 1480 3020 sancto
1500 2965 1749 3034 juvante,
1777 2977 1881 3015 non

305 3077 542 3141 possunt.

376 3156 599 3212 CAPUT
626 3154 683 3209 ιι
701 3153 836 3207 -2,
866 3151 1011 3205 Unde
1038 3151 1145 3213 lene
1173 3150 1229 3219 ﬁt
1251 3149 1433 3218 jngum
1468 3143 1669 3213 Christi.
1697 3141 1884 3197 Omnia

306 3266 434 3321 ergo
480 3249 565 3302 illa
612 3263 731 3317 qua:
773 3241 1208 3305 commemoravit
1242 3252 1427 3307 aspera
1458 3246 1509 3290 et
1537 3235 1749 3307 gravia,
1778 3232 1885 3287 frc-

307 3342 555 3414 qucntius
578 3349 630 3394 et
655 3337 1009 3393 abundantius
1033 3316 1325 3390 sustinebat
1349 3349 1361 3384 :
1386 3329 1480 3384 sed
1508 3327 1742 3397 trofecto
1763 3325 1826 3378 ad
1851 3346 1886 3364 --

307 3441 391 3486 rat
414 3431 460 3487 ei
489 3429 714 3498 Spiritus
744 3435 956 3493 sanctus
976 3464 993 3491 ,
1021 3422 1188 3493 qui'in
1211 3418 1488 3476 exterioris
1514 3415 1742 3470 hominis
1764 3429 1885 3467 cor-

309 3523 553 3593 ruptione
572 3560 588 3588 ,
618 3517 920 3574 interiorem
951 3523 1234 3569 renovaret
1257 3510 1323 3565 de
1353 3510 1438 3564 die
1469 3509 1521 3562 in
1541 3507 1701 3569 diem,
1724 3514 1775 3559 ct
1794 3520 1891 3575 gu-

312 3600 446 3668 Stata
478 3609 658 3680 requie
682 3605 939 3677 spirituali
972 3606 1024 3660 in
1049 3602 1317 3659 affluentia
1343 3600 1649 3655 deliciarum
1680 3596 1805 3658 Dei,
1836 3594 1887 3647 in

311 3718 407 3773 spe
463 3698 801 3757 beatitudinis
856 3696 1041 3752 futura:
1092 3694 1265 3759 omnia
1321 3689 1598 3761 pulsantia
1646 3686 1891 3741 deliuiret

310 3807 497 3861 aspera
518 3832 532 3855 ,
577 3800 630 3843 et
666 3787 842 3842 omnia
868 3786 1045 3855 gravia
1075 3784 1355 3838 relevaret.
1387 3780 1522 3834 Ecce
1544 3792 1701 3849 quam
1731 3789 1891 3830 suave

308 3884 489 3954 iugum
518 3880 713 3934 (Zhri~ti
745 3879 986 3949 portabat
1005 3918 1019 3942 ,
1047 3885 1101 3929 et
1126 3889 1279 3944 quam
1311 3874 1475 3926 levem
1502 3868 1764 3923 sarcinam
1798 3884 1810 3919 :
1836 3872 1893 3919 ut

315 3974 488 4029 omnia
521 3972 607 4026 illa
634 4014 648 4037 ,
682 3987 796 4040 qua:
821 3965 1064 4038 superius
1088 3972 1393 4019 enumerata
1415 3960 1543 4014 dura
1568 3966 1621 4012 et
1644 3954 1893 4009 immania

315 4067 488 4120 omnis
507 4063 716 4119 auditor
736 4058 993 4114 horrescit
1016 4099 1030 4121 ,
1055 4056 1221 4110 levem
1247 4050 1636 4107 tribulationem
1662 4047 1890 4105 diceret;

315 4153 892 4215 intuensinterioribus
919 4159 971 4206 et
1001 4149 1239 4206 lidelihus
1264 4146 1433 4200 oculis
1458 4185 1472 4208 ,
1501 4149 1699 4213 quanto
1726 4139 1895 4209 pretio

320 4247 685 4319 temporalium
712 4244 933 4301 emenda
965 4241 1034 4295 sit
1055 4242 1222 4299 futura
1246 4238 1350 4291 vita
1370 4279 1386 4303 ,
1414 4251 1518 4290 non
1543 4232 1646 4302 pati
1668 4222 1897 4286 internus

321 4341 532 4396 labores
573 4337 886 4406 impiorum,
934 4341 988 4386 et
1010 4332 1126 4385 sine
1163 4329 1269 4382 ulla
1303 4325 1659 4382 sollicitudine
1699 4321 1895 4391 perfrui

319 4441 517 4487 :utcrna
560 4427 807 4483 felicitate
835 4423 1125 4492 iustorum.
1163 4417 1343 4474 Secari
1383 4423 1437 4470 et
1464 4415 1543 4468 uri
1571 4430 1629 4469 se
1657 4412 1898 4467 homines

319 4520 594 4591 patiuntur
616 4558 631 4582 ,
663 4523 722 4569 ut
744 4512 955 4568 dolores
979 4523 1084 4563 non
1107 4506 1288 4561 mterui
1310 4547 1323 4568 ,
1351 4503 1444 4560 sed
1486 4503 1754 4572 aliquanto
1780 4501 1897 4555 ditt.-

321 4590 572 4664 ttuuioris
613 4603 803 4659 ulceris
823 4643 836 4666 ,
883 4600 1145 4656 aeriarum
1173 4594 1412 4650 dolorum
1443 4590 1612 4662 pretio
1638 4590 1902 4644 rediman-

323 4713 427 4756 tur.
455 4698 510 4753 Ιιι
537 4694 781 4767 languida
803 4703 854 4748 ct
877 4693 1077 4746 incerta
1098 4684 1385 4741 vacationis
1406 4682 1730 4739 brevissim-.n
1746 4690 1903 4750 atque

323 4794 507 4850 ultima
531 4794 632 4846 vita
651 4792 667 4823 ¹
689 4832 703 4857 ,
728 4786 1124 4844 imtuanissimis
1147 4784 1300 4841 bellis
1319 4781 1471 4836 miles
1490 4776 1752 4836 atteritur;
1779 4776 1865 4844 plu
1882 4807 1899 4819 ς

326 4886 474 4939 ribus
513 4883 734 4937 fortasse
778 4879 932 4934 annis
962 4880 1014 4931 in
1042 4874 1310 4932 laboribus
1339 4870 1603 4941 inquietus
1623 4909 1638 4936 ,
1668 4882 1822 4936 quam
1848 4865 1906 4920 in

324 4981 435 5035 otio
479 4977 774 5049 quieturus.
823 4972 1022 5041 Quibus
1069 4965 1469 5038 tempestatibus
1515 4969 1572 5016 et
1617 4958 1903 5030 procellis,

325 5085 482 5140 quam
515 5066 754 5121 horribili
784 5072 838 5119 ct
863 5060 1132 5117 tremenda
1164 5056 1362 5113 szevitia
1390 5054 1509 5111 etnli
1541 5062 1593 5108 et
1620 5052 1780 5107 maris
1811 5051 1908 5105 im-

327 5239 409 5348 qu:
429 5238 646 5350 proxime
663 5234 925 5292 antecedit,
944 5237 1134 5281 notatur
1151 5241 1180 5278 a
1196 5226 1403 5278 Possidio
1419 5226 1468 5274 in
1489 5221 1714 5284 lndiculo,
1731 5233 1836 5284 cap.
1860 5220 1909 5282 8,

330 5315 391 5350 ve
465 5338 475 5349 .

330 5315 409 5351 νει
429 5315 475 5350 θ.

396 5342 409 5393 ί
428 5342 509 5413 itis
519 5361 791 5420 discretam
801 5354 917 5420 aliti
931 5367 942 5400 :
954 5359 1033 5420 fr.
1050 5358 1097 5405 et
1111 5357 1241 5420 tota,
1251 5345 1550 5420 redimantur
1562 5342 1852 5420 nilmtguitla
1867 5348 1912 5420 et

333 5409 535 5473 incerta
558 5409 812 5471 uaratimn's
836 5413 1124 5465 brerissima:
1141 5418 1278 5468 (itque
1302 5409 1468 5473 ultima
1484 5409 1594 5473 rita.
1624 5409 1912 5473 romanisa-

336 5465 450 5541 illi;
466 5465 831 5543 Galatiam
844 5487 980 5533 \‘eu.,
1010 5465 1378 5543 redint'mwrjn
1394 5467 1624 5543 languida
1645 5474 1691 5538 et
1709 5465 1915 5543 incerta

337 5534 593 5593 vocationis
607 5534 900 5593 bre'eissimw
929 5547 1070 5601 atque
1084 5534 1263 5585 ultima:
1278 5534 1401 5582 titre.
1425 5534 1798 5601 Ipunmti‘ssinu's,
1816 5535 1909 5601 etc.

345 5590 715 5668 Litubirlegitur
737 5604 794 5650 ad
818 5590 1083 5664 marginem
1107 5604 1297 5659 «Forte,
1316 5603 1410 5645 t'ro
1433 5590 1678 5656 languida,
1696 5608 1715 5635 ι
1741 5599 1831 5641 etc.
1854 5595 1909 5638 Μ.

1518 194 1575 249 s.
1618 189 1979 277 ΑυιῖιιδτιΝι
2021 187 2329 267 ειιιβευρι

3448 200 3563 257 464

1980 302 2189 371 portuni
2217 310 2340 359 sunt
2364 312 2684 361 mercatores
2707 306 2722 337 ¹
2745 346 2761 373 ,
2791 314 2849 361 ιιι
2866 305 3074 363 divitias
3100 317 3345 368 ventosas
3369 328 3563 385 vauI-

1978 398 2124 458 raut,
2149 392 2435 463 majoribus
2459 410 2615 466 quam
2635 396 2825 467 quibus
2844 399 3112 469 acquisita:
3138 410 3277 467 sunt,
3304 404 3563 473 periculis

1977 491 2032 538 et
2073 484 2474 555 tempestatibus
2515 485 2734 556 plenas?
2776 487 2920 555 Quos
2954 490 3142 557 m'stus,
3172 507 3292 562 qua:
3317 492 3515 566 frigora
3539 538 3560 565 ,

1977 589 2096 643 quae
2123 575 2353 643 pericula
2375 576 2440 631 ab
2460 577 2628 648 equis,
2652 592 2681 632 a
2699 577 2853 636 fossis
2871 619 2887 645 ,
2910 595 2939 634 a
2961 582 3291 653 prmcipitiis,
3316 601 3348 642 ιι
3374 588 3564 645 humi-

1976 665 2166 734 nibus,
2214 682 2245 722 a
2287 667 2414 723 feris
2453 669 2725 740 perferunt
2757 674 3074 741 venatores?
3116 692 3274 747 quem
3316 678 3561 735 laborem

1978 757 2247 813 esuriendi
2271 766 2326 813 et
2346 759 2557 816 sitiendi
2576 801 2592 829 ,
2621 770 2844 833 quantas
2869 764 3106 823 vilissimi
3133 778 3188 822 et
3207 770 3562 829 sordidissimi

1977 848 2078 903 cibi
2117 858 2171 904 et
2208 860 2361 920 potus
2388 853 2655 937 angustias
2672 895 2687 921 ,
2716 863 2774 910 ut
2797 854 3018 911 bestiam
3044 859 3290 929 capiant?
3316 873 3369 917 et
3391 863 3567 919 inter-

1978 936 2104 997 dum
2128 954 2226 995 nec
2244 940 2410 1010 ipsius
2433 936 2615 998 bestiae
2635 960 2839 1017 carnes,
2865 956 3081 1017 propter
3099 965 3255 1021 quam
3279 951 3389 1007 hazc
3412 940 3564 1011 tanta

1980 1030 2272 1096 sustinent,
2316 1041 2439 1088 sunt
2476 1034 2646 1103 epulis
2684 1036 2995 1091 necessaria:
3020 1040 3062 1093 ¹.
3104 1039 3411 1111 Quanquam
3454 1045 3564 1098 etsi

1979 1132 2110 1184 aper
2144 1133 2436 1193 cervusque
2477 1124 2751 1193 capiatur,
2793 1126 2960 1196 magis
3001 1142 3161 1181 suave
3207 1131 3273 1184 sit
3315 1134 3565 1188 venantis

1981 1209 2160 1262 animo
2194 1211 2315 1281 quia
2347 1221 2530 1281 captus
2560 1223 2643 1269 est
2662 1256 2676 1279 ,
2702 1231 2859 1284 quam
2885 1218 3211 1273 comedentis
3238 1210 3407 1290 palato
3433 1225 3564 1293 quia

1979 1306 2161 1352 Cuclns
2198 1308 2298 1353 est.
2341 1299 2563 1375 Quantis
2598 1303 2918 1359 cruciatibus
2948 1320 3111 1376 prope
3132 1308 3563 1378 quotidianarum

1982 1389 2252 1460 plagarum
2300 1400 2477 1446 tenera
2517 1408 2799 1463 puerorum
2845 1406 2974 1453 mtas
3011 1399 3297 1456 subditur?
3336 1401 3563 1470 Quantis

1982 1482 2141 1535 etiam
2184 1481 2238 1536 in
2275 1481 2472 1539 scholis
2509 1485 2801 1556 vigiliarum
2843 1482 2901 1544 et
2934 1491 3264 1547 abstinentia:
3303 1495 3564 1550 molestiis

1981 1582 2327 1641 exercentur,
2371 1591 2478 1629 non
2520 1586 2734 1648 propter
2760 1578 3064 1637 discendam
3093 1584 3431 1655 sapientiam,
3462 1586 3563 1641 sed

1983 1672 2200 1735 propter
2237 1682 2365 1736 opes
2406 1666 2742 1740 honoresque
2778 1673 3057 1741 vanitatis,
3096 1684 3151 1728 ut
3192 1692 3473 1745 numeros,
3500 1688 3566 1734 et

1983 1756 2185 1812 litteras
2205 1800 2220 1822 ,
2251 1767 2305 1813 et
2332 1759 2556 1816 disertus
2578 1760 2811 1817 fallacias
2836 1763 3011 1835 eloqui
3034 1766 3274 1823 discant?

2052 1847 2402 1905 CAPUT'I".
2443 1883 2514 1892 —
2552 1855 2603 1909 5.
2653 1855 2834 1909 Amore
2875 1856 3003 1912 dura
3038 1877 3244 1932 qumque
3275 1863 3561 1918 mitescunt.

1986 1940 2091 1997 Sed
2141 1943 2192 1997 in
2258 1944 2340 1998 his
2397 1945 2642 2001 onmihus
2705 1948 2792 2017 qui
2832 1947 2946 2003 haec
2986 1967 3090 2005 non
3128 1961 3337 2019 amant,
3369 1953 3564 2010 eadem

1982 2033 2160 2103 gravia
2209 2035 2478 2104 patiuntur
2518 2055 2530 2089 ε
2572 2038 2662 2107 qui
2703 2054 2824 2093 vero
2850 2051 3062 2110 amant,
3093 2042 3276 2100 eadem
3301 2045 3560 2116 quidem,

1987 2123 2080 2177 sed
2104 2140 2210 2212 non
2236 2123 2415 2195 gravia
2439 2126 2543 2196 pati
2567 2127 2828 2183 videntur.
2855 2128 3041 2185 Omnia
3064 2132 3203 2187 enim
3225 2148 3364 2188 smva
3386 2144 3439 2189 et
3460 2134 3568 2195 im-

1988 2210 2164 2272 mania
2190 2257 2203 2281 ,
2249 2232 2467 2287 prorsus
2508 2218 2676 2274 facilia
2719 2229 2773 2275 et
2813 2237 2974 2291 prope
3010 2224 3150 2278 nulla
3189 2225 3348 2279 efficit
3383 2210 3561 2280 amor.

1985 2307 2194 2375 Quanto
2219 2323 2345 2379 ergo
2368 2308 2565 2364 certius
2591 2327 2653 2365 ac
2676 2310 2876 2367 facilius
2896 2313 2960 2369 ad
2984 2330 3159 2369 veram
3182 2315 3566 2374 beatitudinem

1985 2399 2216 2455 charilas
2263 2400 2419 2469 facit,
2468 2402 2607 2473 quod
2644 2403 2710 2457 ad
2749 2406 3011 2481 miseriam
3033 2448 3049 2473 ,
3078 2418 3327 2478 quantum
3354 2410 3565 2479 potuit,

1985 2492 2245 2561 cupiditas
2270 2491 2384 2548 fecit
2408 2493 2431 2546 ?
2459 2492 2625 2562 Quam
2651 2494 2801 2551 facile
2826 2497 3077 2554 toleratur
3101 2500 3345 2571 qualibet
3369 2500 3569 2554 adver-

1987 2581 2114 2653 sitas
2149 2583 2486 2652 temporalis,
2528 2594 2588 2639 ut
2627 2594 2823 2640 aeterna
2856 2602 3008 2656 poena
3035 2588 3257 2655 vitetur,
3285 2599 3338 2643 et
3362 2599 3568 2657 acterna

1986 2673 2200 2742 requies
2228 2675 2600 2753 comparetur?
2627 2675 2736 2730 Non
2770 2672 3032 2751 iunncrito
3058 2677 3146 2732 ille
3174 2694 3263 2733 vas
3288 2679 3569 2736 electiOuis

1988 2780 2108 2820 cum
2135 2766 2333 2835 ingenti
2358 2766 2537 2822 la‘titia
2559 2768 2691 2823 dixit
2721 2788 2732 2822 :
2763 2768 2881 2822 Non
2903 2756 3018 2824 sunt
3034 2769 3295 2843 condigna:
3308 2773 3571 2842 passiones

1989 2858 2142 2927 Imjus
2182 2861 2415 2929 temporis
2434 2901 2449 2926 ,
2493 2860 2561 2929 ad
2583 2873 3013 2931 superventuram
3023 2863 3236 2933 gloriam
3254 2905 3269 2928 ,
3294 2882 3405 2935 quia
3428 2881 3574 2919 reve-

1989 2950 2171 3002 labitur
2198 2951 2248 3004 in
2274 2951 2413 3005 nobis
2440 2950 2616 3020 (R’om.
2638 2970 2756 3018 vtn,
2788 2954 2894 3024 18).
2923 2955 3059 3010 Ecce
3079 2956 3217 3011 unde
3234 2956 3361 3010 illud
3376 2957 3571 3029 jugqu

1988 3055 2149 3095 suave
2187 3050 2298 3107 est,
2342 3050 2395 3095 et
2426 3041 2630 3098 sarcina
2667 3044 2815 3098 levis.
2860 3045 2927 3099 Et
2957 3045 3001 3101 si
3033 3056 3252 3115 angusta
3280 3058 3357 3102 est
3382 3048 3572 3116 paucis

1989 3132 2304 3202 eligentihus
2323 3174 2337 3198 ,
2372 3133 2542 3189 facilis
2570 3144 2742 3190 tamen
2770 3132 3017 3193 omnibus
3046 3137 3400 3207 diligentibus.
3432 3122 3576 3193 Dicit

1991 3223 2271 3278 Psalmista
2299 3243 2309 3276 :
2341 3223 2563 3301 Propter
2585 3228 2728 3281 verba
2757 3227 3001 3282 labiorum
3030 3238 3228 3282 tuorum
3246 3270 3261 3293 ,
3293 3246 3381 3299 ego
3400 3239 3577 3283 custo-

1991 3314 2093 3366 diri
2127 3315 2229 3367 vias
2264 3315 2416 3368 duras
2446 3314 2616 3386 (Psal.
2650 3333 2737 3371 avt
2759 3360 2772 3381 ,
2804 3317 2880 3388 4).
2913 3316 3016 3373 Sed
3047 3334 3161 3388 qua:
3187 3318 3317 3387 dura
3345 3330 3465 3381 sunt
3494 3319 3576 3381 la-

1992 3403 2299 3458 borantibus
2324 3446 2340 3471 ,
2384 3404 2582 3459 eisdem
2624 3405 2750 3474 ipsis
2791 3388 3409 3462 mitescuntamantibus.
3440 3408 3578 3463 Pro.-

1992 3502 2109 3563 μοι·
2138 3493 2276 3563 quod
2299 3495 2367 3547 ita
2393 3494 2583 3549 divina}
2613 3496 2819 3565 pictatis
2840 3497 3233 3566 dispensatione
3253 3486 3431 3551 actum
3450 3507 3532 3551 est
3553 3540 3570 3563 ,

1994 3582 2050 3637 'ut
2071 3585 2290 3639 interior
2311 3583 2468 3639 homo
2488 3628 2502 3653 ,
2530 3587 2614 3656 qui
2640 3598 2922 3640 renovatur
2942 3587 3006 3641 de
3028 3588 3112 3641 die
3134 3588 3183 3641 in
3206 3588 3341 3642 diem
3366 3585 3426 3659 (ll
3447 3584 3575 3642 Cor.

1995 3690 2083 3739 tv,
2126 3674 2249 3744 16),
2288 3690 2392 3729 non
2430 3675 2601 3730 adhuc
2635 3675 2732 3730 sub
2768 3675 2904 3746 Lege
2941 3677 3180 3747 positus,
3217 3675 3308 3731 sed
3340 3675 3448 3745 jam
3471 3675 3580 3730 sub

1995 3766 2161 3835 gratia
2205 3778 2521 3820 exoneratus
2563 3767 2784 3821 Sarcinis
2830 3767 3287 3823 innumerabilium
3321 3769 3584 3821 observa-

1999 3856 2200 3912 tiouum
2224 3899 2239 3923 ,
2267 3857 2406 3928 quod
2430 3867 2541 3912 erat
2564 3873 2745 3914 revera
2765 3874 2924 3929 grave
2940 3858 3145 3929 jugum,
3172 3858 3263 3913 sed
3290 3858 3435 3913 dune
3457 3874 3585 3913 cer-

1998 3949 2098 4003 vici
2123 3950 2501 4004 convcuicntcr
2528 3950 2850 4020 impositum,
2878 3952 3129 4005 facilitate
3152 3951 3403 4020 simplicis
3428 3950 3582 4016 ﬁdei,

1998 4053 2052 4099 et
2094 4045 2248 4099 bonae
2287 4045 2399 4116 spei
2425 4086 2437 4110 ,
2481 4055 2534 4099 ct
2569 4055 2762 4100 sanctm
2797 4045 3102 4111 charitalis,
3130 4046 3378 4115 quidquid
3408 4045 3587 4099 mole-

1998 4136 2218 4191 stiarum
2241 4133 2487 4191 exteriori
2513 4135 2710 4191 homini
2739 4136 3028 4190 forinsecus
3046 4119 3303 4205 intulisset
3324 4135 3410 4189 ille
3433 4135 3589 4203 priu-

2002 4241 2128 4294 cep;
2144 4227 2241 4296 qui
2262 4226 2457 4311 missus
2482 4235 2564 4280 cst
2586 4226 2723 4280 foras
2748 4268 2764 4293 ,
2792 4226 3025 4281 interiori
3048 4226 3241 4295 gaudio
3268 4225 3381 4280 leve
3401 4226 3584 4279 tit-ret.

2004 4319 2142 4373 Nihil
2182 4317 2321 4373 enim
2359 4328 2463 4373 tam
2491 4318 2645 4374 facile
2675 4329 2756 4374 est
2781 4319 2934 4374 bona:
2959 4319 3210 4372 voluntati
3236 4360 3250 4383 ,
3282 4334 3436 4387 quant
3465 4319 3587 4386 ipsa

2003 4408 2102 4464 sibi
2147 4426 2159 4461 :
2198 4418 2250 4463 ct
2285 4407 2396 4461 lucc
2435 4406 2631 4463 sufﬁcit
2664 4409 2792 4463 Deo.
2824 4408 3221 4476 Quantumlibct
3244 4423 3367 4477 ergo
3393 4407 3591 4460 suniat

2005 4498 2106 4555 iste
2133 4498 2361 4554 mundus
2384 4540 2399 4564 ,
2428 4499 2705 4555 verissime
2734 4499 2921 4569 Angeli
2951 4510 3074 4554 nato
3100 4500 3152 4553 iu
3175 4514 3333 4554 carne
3358 4498 3592 4555 Domino

2005 4592 2363 4647 clatuavcruut
2386 4631 2400 4655 ,
2443 4587 2620 4643 Gloria
2658 4590 2709 4643 in
2749 4578 2955 4643 arcela-is
3000 4588 3132 4655 Deo,
3170 4599 3214 4642 et
3244 4589 3295 4641 in
3324 4598 3454 4642 terra
3480 4605 3596 4657 pax

2008 4684 2288 4738 hominibus
2316 4681 2461 4737 bona:
2489 4680 2920 4753 voluntatis(Luc.
2955 4696 3011 4749 ιι,
3046 4680 3131 4750 ii)
3165 4697 3177 4733 :
3207 4680 3326 4750 quia
3353 4676 3468 4749 ejus
3492 4680 3594 4751 qui

2008 4784 2165 4829 natus
2203 4782 2337 4841 erat,
2363 4788 2522 4829 suave
2554 4772 2737 4844 jugum
2762 4752 2841 4827 est
2860 4813 2875 4839 ,
2902 4780 2953 4826 ct
2976 4769 3181 4825 sarcina
3206 4769 3354 4824 levis.
3378 4752 3451 4822 Et
3474 4769 3593 4825 sic-

2010 4878 2068 4922 ut
2112 4867 2240 4923 dicit
2268 4867 2555 4937 Apostolus
2572 4906 2587 4931 ,
2612 4861 2805 4919 Fidelis
2836 4862 2967 4918 Deus
2990 4864 3074 4933 qui
3100 4878 3189 4917 nos
3215 4877 3315 4915 non
3337 4862 3452 4915 sinit
3475 4870 3598 4914 ten-

2012 4962 2109 5015 tari
2136 4976 2288 5031 supra
2314 4960 2367 5012 id
2394 4957 2526 5026 quod
2553 4973 2817 5028 possumus
2845 4960 2976 5027 ferre
2994 4970 3015 5017 ;
3035 4954 3122 5010 sed
3141 4953 3261 5025 facit
3285 4968 3395 5006 cum
3416 4960 3596 5004 tenta-

2013 5052 2146 5105 tione
2167 5051 2316 5105 etiam
2336 5050 2542 5113 exitum,
2573 5056 2628 5101 ut
2657 5047 2906 5118 possimus
2932 5044 3174 5099 sustinere
3191 5041 3234 5111 (l
3256 5039 3371 5097 Cor.
3395 5040 3599 5110 3,15).

2078 5188 2094 5219 ι
2116 5188 2189 5237 sic
2209 5194 2306 5234 Am.
2330 5191 2404 5233 Er.
2430 5189 2484 5232 et
2503 5189 2606 5231 Mss.
2634 5186 2691 5230 At
2708 5186 2842 5240 ποι,
2865 5175 3049 5241 auspicii
3066 5181 3175 5226 sunt
3195 5177 3504 5241 avertam-es.

1995 5291 2001 5297 .
2078 5252 2097 5280 ι
2121 5233 2269 5296 una
2290 5246 2438 5309 Lugd.
2459 5252 2597 5303 veu.,
2621 5248 2671 5292 ut
2696 5233 2891 5295 bestiam
2912 5233 3121 5309 capiant,
3143 5243 3188 5309 et
3226 5233 3467 5309 atteritur}:
3490 5244 3604 5309 nec

2016 5295 2167 5371 ipsius
2187 5295 2343 5371 iam
2356 5295 2551 5365 ‘éarnes,
2570 5295 2763 5369 propter
2777 5315 2921 5369 quam
2942 5295 3045 5352 ha'c
3067 5295 3199 5350 tanta
3214 5295 3460 5355 sustinent,
3478 5304 3610 5357 epu-

2017 5368 2053 5423 li
2058 5389 2076 5420 δ
2097 5368 2401 5421 necessarias.
2469 5373 2527 5416 tt.
