3922 6192
234 284 342 342 445

675 394 681 404 ’
762 414 955 469 Sermo
992 412 1155 473 LXXI
1186 417 1199 435 ·
1230 411 1326 484 (α).

233 549 310 605 De
338 547 496 602 verbis
523 543 793 616 Evangelii
812 543 1070 609 Mattluri,
1094 560 1207 613 cap.
1242 557 1345 608 xu,
1377 541 1447 597 32
1467 584 1480 608 ,
1509 541 1606 608 Qui
1631 540 1825 596 dixerit

301 638 526 692 verbum
554 643 742 690 contra
786 632 1044 709 Spiritum
1063 642 1309 687 sanctum
1337 674 1350 697 ,
1379 646 1481 685 non
1524 631 1826 685 remittetur

302 729 389 795 ei,
411 741 588 797 neque
610 724 667 779 in
695 724 798 778 hoc
833 723 1057 788 stcwlo,
1087 737 1263 793 neque
1303 721 1356 777 in
1384 721 1578 776 futuro.
1619 720 1737 777 Sive
1764 719 1828 774 de

304 816 622 889 blasphemia
642 816 696 868 in
726 813 976 883 Spiritum
1000 822 1228 868 sanctum
1251 810 1345 884 (b).

306 973 539 1032 CAPUT
567 971 850 1027 PRIMUM.
874 999 951 1010 —-
972 974 1023 1024 1.
1068 969 1268 1023 Pra'viu
1295 967 1570 1025 observatio
1593 969 1664 1023 ad
1682 980 1839 1034 quoa.

229 1068 455 1124 stionem
511 1061 851 1117 tractandam.
916 1059 1164 1115 Plunisaei
1213 1059 1276 1114 de
1326 1075 1480 1129 regno
1517 1058 1705 1117 diaboli
1745 1074 1825 1114 re-

232 1156 414 1211 cedere
472 1171 538 1209 ra:
590 1154 695 1208 suis
748 1153 981 1221 ipsorum
1021 1149 1180 1205 verbis
1232 1148 1586 1204 admouentur.
1636 1148 1821 1217 Magna

230 1248 467 1317 quaestio
492 1253 578 1302 est
603 1243 679 1299 de
699 1241 900 1299 recenti
923 1239 1225 1310 evangelica
1253 1239 1478 1295 lectitme
1520 1239 1787 1308 proposita
1805 1278 1841 1304 ,-

227 1339 326 1393 cui
349 1335 621 1393 solvenda
639 1376 655 1398 ,
682 1341 938 1404 quantum
976 1330 1044 1386 ad
1091 1346 1187 1387 nos
1215 1330 1439 1397 attinet,
1467 1330 1698 1400 impares
1735 1345 1827 1385 su-

226 1448 366 1490 mus
389 1449 404 1484 :
429 1429 521 1485 sed
538 1427 852 1485 sufﬁcientia
880 1434 1060 1481 nostra
1078 1441 1144 1483 ex
1171 1425 1279 1480 Deo
1302 1432 1382 1480 est
1397 1465 1414 1489 ,
1433 1432 1686 1495 quantum
1710 1424 1827 1493 ejus

225 1522 561 1592 adjutorium
586 1519 673 1575 vel
692 1518 936 1587 accipere
978 1516 1064 1571 vel
1104 1530 1299 1586 capere
1339 1530 1641 1585 possumus.
1672 1515 1836 1572 Prius.

230 1631 376 1685 ergo
399 1609 814 1682 magnitudinem
837 1608 1096 1664 advertite
1117 1607 1455 1678 quaestionis;
1480 1615 1540 1662 ut
1561 1621 1681 1662 cum
1708 1607 1825 1675 ejus

232 1706 441 1759 molem
490 1702 727 1757 humeris
754 1701 958 1756 nostris
1002 1700 1303 1769 impositam
1351 1698 1590 1753 videritis
1612 1739 1627 1762 ,
1660 1699 1826 1754 oretis

230 1812 338 1865 pro
388 1795 662 1850 laboribus
702 1792 931 1857 nostris,
959 1789 1118 1861 atque
1158 1791 1211 1846 in
1250 1791 1447 1845 auxilio
1488 1791 1626 1860 quod
1671 1791 1836 1846 nobis.

229 1887 505 1955 przcbctur
528 1886 566 1948 ί,
598 1883 875 1939 inveniatis
895 1882 1297 1937 aediﬁcationem
1320 1881 1586 1937 mentibus
1611 1882 1821 1938 vestris.

227 1978 372 2032 Cum
402 1977 628 2030 Domino
659 1974 844 2029 fuisset
866 1974 1077 2029 oblatus
1101 1972 1421 2027 daemonium
1448 1971 1650 2027 habens
1668 2012 1686 2036 ,
1714 1986 1822 2027 ca:-

226 2084 327 2122 cus
351 2078 409 2121 et
454 2075 667 2131 mutus,
713 2072 766 2120 et
792 2070 1035 2120 curasset
1073 2078 1194 2117 cum
1235 2063 1305 2119 ita
1332 2072 1388 2117 ut
1428 2062 1734 2132 loqueretur
1769 2071 1827 2117 et

228 2161 476 2217 videret.
506 2168 561 2212 ct
596 2165 870 2227 stuperent
907 2171 1095 2211 omnes
1133 2155 1328 2219 turbat,
1359 2154 1625 2221 dicentes,
1659 2153 1825 2208 Nunt-

226 2252 356 2320 quid
387 2251 470 2304 hic
496 2260 569 2303 est
595 2248 732 2318 ﬁlius
757 2248 957 2302 David?
978 2245 1231 2301 Pharisa'i
1264 2246 1524 2300 audientes
1545 2246 1824 2300 dixerunt:

234 2343 341 2397 llic
379 2360 482 2395 non
525 2342 671 2411 ejicit
701 2340 954 2394 dictitantes
975 2381 988 2403 ,
1019 2339 1118 2392 nisi
1158 2339 1210 2391 in
1259 2336 1562 2403 Beelzebub,
1594 2338 1825 2408 principe

227 2432 629 2487 dmuoniorum.
671 2427 709 2482 J
712 2445 824 2483 esus
860 2438 1027 2482 autem
1070 2429 1235 2481 sciens
1263 2427 1588 2497 cogitationes
1614 2443 1787 2483 eorum
1806 2469 1821 2493 ,

227 2525 361 2578 dixit
387 2523 461 2577 eis
486 2538 505 2575 :
532 2521 696 2576 Omne
721 2536 925 2591 regnum
952 2520 1166 2574 divisum
1189 2531 1363 2574 contra
1383 2537 1454 2583 se,
1481 2521 1824 2585 desolabitur;

227 2624 277 2671 et
295 2617 467 2670 omnis
489 2615 667 2668 ciuitas
692 2613 768 2666 vel
796 2613 976 2667 domus
1015 2613 1175 2667 diuisa
1201 2622 1378 2666 contra
1404 2629 1458 2667 se
1476 2653 1491 2679 ,
1514 2629 1616 2677 non
1651 2612 1820 2667 stabit.

232 2706 299 2761 Et
330 2709 378 2760 si
416 2716 624 2760 satanas
649 2713 883 2757 satanam
921 2704 1055 2772 cjicit
1073 2744 1087 2769 ,
1115 2703 1378 2761 adversum
1405 2719 1461 2757 se
1493 2704 1681 2758 divisus
1708 2713 1780 2758 est
1805 2720 1825 2757 :

229 2799 486 2869 quomodo
510 2814 629 2868 ergo
656 2797 806 2851 stabit
832 2811 1044 2865 regnum
1075 2796 1185 2864 ejus
1202 2795 1228 2848 Ι)
1251 2795 1362 2851 lloc
1388 2794 1569 2851 dicens
1588 2835 1602 2861 ,
1633 2810 1697 2850 ex
1742 2799 1823 2866 ip-

228 2903 419 2945 sorum
444 2886 788 2942 confessione
813 2884 1025 2945 volebat
1060 2886 1285 2954 intelligi
1309 2885 1530 2955 quodin
1566 2902 1687 2941 eum
1717 2902 1821 2940 non

228 2977 545 3043 exedendo,
576 2977 631 3031 in
675 2990 839 3046 regno
883 2974 1081 3030 diaboli
1129 2989 1248 3031 esse
1288 2975 1644 3045 delegissent,
1682 2978 1823 3046 quod

226 3071 419 3139 utique
444 3069 731 3124 adversum
758 3067 1071 3123 sudivisum
1092 3075 1236 3123 stare
1258 3084 1361 3122 non
1392 3078 1589 3138 posset.
1618 3070 1826 3140 Eligant

227 3177 363 3232 ergo
379 3160 637 3217 Phariszui
662 3159 801 3231 quod
825 3160 1106 3214 voiueriut.
1132 3159 1191 3216 Si
1218 3169 1430 3216 satanas
1448 3172 1689 3216 sutanam
1718 3178 1822 3218 non

228 3262 415 3323 potest
436 3253 659 3321 ejicere,
690 3250 820 3306 nihil
858 3260 1053 3307 contra.
1075 3252 1351 3305 Dominum
1384 3254 1525 3323 quod
1553 3252 1819 3320 dicerent,

228 3343 483 3399 invenire
524 3343 917 3413 pouieruutni
967 3351 1146 3397 autem
1197 3351 1404 3411 potest,
1438 3343 1604 3398 multo
1658 3346 1828 3413 magis

226 3435 339 3489 sibi
376 3434 728 3503 prospiciunt,
755 3442 809 3487 et
839 3431 1089 3487 recedant
1112 3431 1181 3487 de
1205 3447 1369 3503 regno
1387 3433 1531 3503 ejus,
1563 3434 1703 3503 quod
1727 3434 1824 3488 ad-

227 3539 457 3580 versum
478 3538 539 3579 se
561 3523 793 3589 divisum
822 3530 966 3578 stare
996 3537 1100 3578 non
1131 3531 1324 3591 potest.
1661 3540 1665 3544 '

302 3616 369 3669 2.
421 3614 621 3669 Diaboli
682 3615 857 3684 eiectio
924 3630 1012 3683 per
1081 3613 1308 3667 uirtutem
1352 3614 1561 3669 Christi.
1618 3617 1672 3669 lu
1719 3630 1827 3685 quo

227 3716 422 3763 autem
453 3705 702 3760 Dominus
727 3703 971 3758 Christus
997 3702 1174 3772 ejiciat
1202 3703 1476 3759 dzemones
1493 3747 1507 3768 ,
1541 3721 1607 3760 ne
1628 3705 1828 3761 daemo-

227 3801 457 3855 niorum
489 3796 779 3867 principem
813 3795 1145 3861 existiment,
1174 3796 1458 3851 attendant.
1480 3797 1825 3867 quodseqoi-

230 3901 351 3945 tur.
390 3888 456 3942 Et
494 3889 538 3943 si
580 3905 703 3959 ego,
731 3887 928 3957 inquit,
962 3887 1017 3940 in
1042 3885 1317 3941 Beelzebub
1361 3888 1508 3958 ejicio
1537 3887 1822 3955 dwmoncs,

228 3982 344 4050 ﬁlii
367 3981 515 4034 oesfn'
537 3980 587 4033 in
604 3995 701 4050 quo
724 3979 931 4050 ejiciunt
948 3979 974 4032 ?
998 3976 1027 4031 I
1033 3978 1128 4033 deo
1151 3978 1251 4048 ipsi
1263 3978 1469 4048 judices
1487 3980 1635 4033 uestri
1657 3989 1822 4036 erunt.

230 4070 393 4127 Dixit
417 4070 519 4127 hoc
549 4070 724 4138 utique
745 4070 812 4125 de
831 4067 1106 4139 discipulis
1129 4068 1257 4133 suis,
1288 4068 1429 4122 illius
1450 4069 1631 4138 populi
1660 4070 1821 4125 filiis:

227 4163 335 4234 qui
367 4171 514 4217 certe
539 4160 787 4232 discipuli
828 4159 1039 4227 Domini
1078 4159 1246 4215 nostri
1287 4158 1413 4237 Jesu
1454 4157 1647 4217 Christi
1691 4160 1835 4227 bene

228 4255 356 4312 sibi
380 4254 577 4311 conscii
601 4253 851 4319 fuerant,
878 4253 1009 4327 nihil
1035 4268 1095 4308 se
1118 4252 1380 4307 malarum
1415 4252 1607 4307 artium
1628 4267 1658 4307 a
1685 4253 1828 4311 bono

227 4348 506 4417 mgistro
532 4346 809 4413 didicisse,
838 4354 895 4400 ut
919 4344 1232 4416 inprincipe
1258 4344 1642 4400 daemoniorum
1670 4346 1830 4415 ejice-

228 4446 372 4496 resit
393 4437 662 4494 «immunes
708 4436 870 4501 Ideo,
901 4436 1096 4507 inquit,
1125 4436 1224 4504 ipsi
1242 4435 1443 4505 judices
1478 4439 1624 4491 uestri
1661 4447 1829 4501 erant.

229 4529 399 4600 Ipsi,
430 4530 625 4600 inquit,
661 4530 760 4599 ipsi
815 4528 1061 4600 ignobilia
1104 4538 1159 4583 et
1203 4530 1620 4599 contemptibilia
1674 4530 1835 4601 hujus

227 4620 436 4678 mundi
451 4662 467 4684 ,
489 4620 541 4677 in
561 4620 754 4690 quibus
776 4635 880 4676 non
900 4618 1187 4675 artiﬁciosa
1210 4619 1514 4690 malignitas
1530 4661 1547 4687 ,
1572 4621 1669 4677 sed
1707 4636 1831 4677 san-

226 4722 336 4768 cta
360 4710 671 4781 simplicitas
691 4726 826 4765 mea:
852 4709 1065 4764 virtutis
1090 4718 1346 4779 apparet,
1374 4709 1475 4780 ipsi
1502 4718 1668 4768 testes
1691 4714 1827 4780 mei,

224 4795 466 4876 indices
492 4809 645 4856 erunt
668 4800 849 4856 vestri.
877 4799 1078 4857 Deinde
1105 4800 1372 4872 subjungit
1398 4818 1413 4856 :
1438 4801 1501 4857 Si
1534 4811 1701 4858 autent
1735 4820 1831 4875 ego

304 5013 332 5046 ⁸
356 5019 486 5062 (.‘nus
505 5025 534 5061 e
553 5012 841 5062 autumnus
854 5018 984 5071 Mss,
1008 5010 1136 5074 quod
1158 5011 1290 5063 nobis
1313 5011 1549 5077 prtcbetts.

313 5098 338 5120 ⁶
353 5097 696 5146 amusium
730 5095 790 5146 ad
814 5095 1006 5145 codices
1168 5102 1218 5145 et
1232 5095 1345 5145 add
1371 5104 1515 5158 supra
1534 5097 1583 5147 in
1601 5110 1831 5153 sermone

225 5161 306 5211 66
330 5158 623 5211 desimus.

302 5183 306 5198 ν
330 5172 623 5220 designatos.

302 5243 382 5365 Ea)
577 5240 642 5291 de
851 5241 1034 5326 Dantitii

329 5302 383 5365 θ)
419 5303 491 5351 sic
509 5301 777 5365 appellatur
802 5302 1076 5365 tnut’ossnln
1100 5309 1130 5351 ll

329 5302 383 5365 θ)
419 5303 491 5351 sic
509 5301 777 5365 appellatur
800 5300 1076 5365 inut’nssidii
1100 5300 1328 5365 lndiculo,
1353 5316 1457 5365 cap.
1486 5304 1561 5365 10,
1586 5311 1638 5356 ct
1664 5308 1711 5356 in
1745 5313 1833 5359 Eu-

302 5304 359 5365 (b
419 5304 491 5351 sic
509 5304 777 5365 appellatur
800 5304 849 5350 in
882 5304 1076 5351 Possidii
1100 5304 1328 5365 lndiculo,
1353 5316 1457 5365 cap.
1486 5304 1544 5359 1ο
1586 5311 1638 5356 ct
1664 5308 1711 5356 in
1745 5313 1833 5359 Eu-

230 5304 398 5437 8M2.»
421 5365 557 5414 “die
572 5377 629 5414 ³ο
780 5362 1092 5438 βοιιαὲίὲοθεν
1110 5342 1835 5438 Ῡπίέετᾳὲίὲκέἱυείίθιθὲψ

369 5427 479 5499 ipse
514 5426 733 5477 meminit
770 5433 799 5472 Α
919 5426 1062 5476 'tinus
1112 5428 1175 5500 ip.
1199 5426 1602 5502 Encbirid'ii'cax
1638 5431 1719 5489 83,
1759 5432 1835 5482 his

234 5489 418 5539 verbis
438 5498 451 5535 :
474 5491 696 5551 AsDeqtta
710 5439 979 5551 (magiae
1001 5486 1195 5551 diﬂicth,
1212 5504 1234 5531 to
1264 5442 1585 5539 trrcmtssdnii
1606 5491 1834 5544 videlicet

234 5489 418 5539 verbis
438 5498 451 5535 :
480 5505 502 5533 ι
517 5491 585 5537 De
600 5498 696 5597 qua
710 5489 979 5551 quastione
1001 5489 1195 5547 dlﬂicili,
1212 5504 1234 5531 to
1264 5489 1581 5539 irremissibili
1606 5491 1834 5544 videlicet

235 5555 450 5623 {necato
471 5548 519 5597 in
548 5556 613 5623 Sp.
653 5550 772 5623 itum
793 5557 1038 5623 stipatum,
1068 5550 1390 5623 findtpiodam
1430 5558 1624 5623 promer
1646 5553 1737 5623 hoc
1759 5569 1834 5623 so-

242 5609 271 5657 i
724 5610 906 5676 uitello,
942 5609 1334 5667 cuucleatiskitnc
1352 5609 1584 5676 quintum
1602 5618 1739 5679 potui
1768 5618 1834 5667 di-

245 5690 276 5722 ι
324 5688 351 5735 ικ
495 5709 508 5722 .

245 5690 276 5722 ι
298 5690 508 5722 δυηπι.

1646 275 1874 334 SERMO
1908 275 2098 331 LXXI.

3412 278 3516 361 tu

1938 390 1992 442 in
2039 389 2238 460 Spiritu
2263 388 2361 443 Dei
2408 389 2552 461 ejicio
2580 389 2864 459 dwmones,
2893 393 3046 463 igitur
3093 394 3313 465 pervenit
3356 395 3407 447 in
3434 410 3519 449 vos

1935 496 2147 549 regnum
2169 477 2281 532 Dei.
2312 477 2450 547 Quid
2481 491 2560 547 est
2595 479 2731 545 hoc?
2760 481 2821 536 Si
2850 499 2940 552 ego
2963 527 2977 549 ,
3011 483 3211 553 inquit,
3243 486 3295 538 in
3323 484 3521 551 Spiritu

1933 569 2030 623 Dei
2053 570 2303 625 dcemones
2332 570 2481 640 cjicio
2502 612 2516 636 ,
2551 585 2649 626 nec
2690 573 2844 626 aliter
2886 582 3109 643 possunt
3147 583 3199 629 et
3235 572 3325 629 lilii
3359 576 3519 630 vestri

1933 662 2160 732 ejicere,
2191 663 2385 732 quibus
2424 678 2530 718 non
2561 663 2842 733 malignam
2878 664 3203 735 doctrinam,
3230 665 3324 720 sed
3360 665 3519 720 tidem

1931 752 2227 823 simplicem
2254 750 2409 817 dedi;
2441 753 2622 823 procul
2649 754 2809 808 dubio
2836 758 3074 824 pervenit
3104 757 3157 810 in
3178 771 3273 811 vos
3296 770 3516 826 regnum

1932 844 2059 910 Dei,
2089 860 2195 914 quo
2222 844 2545 908 subvertitur
2574 859 2793 916 regnum
2818 840 3046 913 diaboli,
3078 861 3197 917 cum
3227 861 3333 916 quo
3353 855 3406 901 et
3427 862 3519 900 vos

1931 935 2300 1011 Subvet‘timini
2333 938 2374 991 ¹.

2000 1026 2053 1082 5.
2093 1012 2344 1081 Liberalia
2388 1045 2416 1081 a
2465 1026 2666 1082 diabolo
2715 1044 2804 1099 per
2848 1028 3084 1099 gratiam.
3140 1025 3388 1099 Discretio
3452 1043 3516 1081 ca:

1930 1136 2097 1175 massa
2133 1118 2447 1190 perditionis.
2506 1119 2569 1174 Et
2614 1108 2863 1188 quoniam
2906 1119 3146 1186 dixerat,
3194 1117 3319 1173 Filii
3372 1119 3521 1174 vostri

1929 1212 1980 1264 iu
2004 1228 2100 1282 quo
2122 1212 2364 1285 cjiciunt?
2386 1221 2443 1267 ut
2461 1214 2766 1268 OSlClldt‘l‘Cl
2786 1213 3008 1282 gratiam
3032 1212 3083 1267 in
3108 1213 3190 1268 eis
3211 1228 3383 1278 suam,
3414 1228 3518 1267 non

1929 1301 2176 1356 meritum
2216 1301 2421 1355 illorum
2449 1320 2461 1355 :
2492 1302 2590 1375 Aut
2633 1301 2882 1374 quomodo
2923 1311 3082 1373 potest
3106 1303 3370 1372 quisquam
3394 1345 3408 1368 ,
3443 1306 3522 1357 in-

1929 1391 2074 1463 quit,
2107 1392 2300 1445 inlrare
2345 1392 2396 1445 in
2438 1393 2641 1445 domum
2681 1393 2857 1464 prtia,
2883 1402 2929 1446 ct
2967 1408 3086 1461 vasa
3128 1394 3239 1462 ejus
3268 1393 3517 1461 diripere,

1928 1479 2030 1533 nisi
2055 1482 2193 1551 prius
2220 1482 2501 1552 alligaverit
2526 1483 2724 1551 fortem,
2746 1491 2792 1536 et
2808 1483 2881 1537 sic
2911 1481 3115 1535 domum
3142 1482 3251 1552 ejus
3277 1481 3522 1551 diripiat?

1935 1570 2088 1638 Filii,
2119 1571 2316 1642 inquit,
2349 1573 2524 1639 vestri,
2556 1573 2647 1642 qui
2700 1573 2782 1628 vel
2823 1572 3166 1629 crediderunt
3196 1573 3247 1626 in
3295 1588 3380 1627 me
3400 1614 3414 1638 ,
3440 1573 3521 1627 vel

1931 1660 2107 1717 adhuc
2156 1662 2405 1731 credituri
2454 1671 2610 1728 sunt,
2640 1670 2695 1717 et
2730 1663 2948 1733 ejecturi
2996 1662 3299 1729 dmmoncs,
3332 1679 3436 1716 non
3469 1664 3520 1717 in

1928 1752 2228 1809 dtemonum
2274 1755 2544 1824 principe,
2577 1753 2670 1808 sed
2711 1755 2763 1809 in
2812 1755 3041 1825 simplici
3086 1754 3399 1818 Sanctitate;
3431 1756 3522 1824 qui

1928 1850 2074 1898 certe
2103 1845 2192 1897 vel
2215 1844 2457 1910 ruerunt,
2487 1843 2569 1898 vel
2599 1826 2702 1898 hoc
2726 1851 2851 1898 sunt
2875 1846 3017 1913 quod
3045 1844 3202 1898 etiam
3231 1856 3326 1919 vos
3354 1843 3484 1899 estis
3505 1883 3521 1911 ,

1928 1933 1980 1987 id
2006 1940 2120 1997 est,
2152 1942 2461 2005 peccatores
2489 1942 2647 2004 atquc
2674 1934 2854 2007 impii;
2885 1943 2937 1989 et
2977 1933 3097 1989 ideo
3129 1935 3179 1988 iu
3209 1935 3370 1989 domo
3407 1933 3518 1988 dia.

1929 2023 2033 2078 boli
2060 2064 2074 2089 ,
2107 2033 2308 2097 etvasa
2336 2023 2529 2078 diaboli
2559 2042 2571 2078 :
2597 2024 2864 2093 quomodo
2902 2026 2969 2078 ab
3001 2025 3088 2078 illo
3127 2034 3347 2093 possent
3376 2027 3519 2090 erui,

1927 2127 2060 2183 quos
2085 2113 2410 2182 prtevalcntc
2434 2113 2710 2181 iniquitate
2733 2113 2940 2167 fortiter
2958 2114 3263 2178 obtinebat,
3289 2114 3386 2168 nisi
3410 2114 3526 2167 alli-

1927 2201 2377 2272 gareturjustitim
2403 2218 2537 2257 mea:
2565 2204 2819 2267 vinculis,
2849 2212 2903 2258 ct
2933 2219 3052 2257 vasa
3084 2206 3200 2273 ejus
3230 2205 3520 2275 eriperem,

1928 2308 2046 2360 qum
2076 2291 2284 2345 fuerant
2310 2307 2429 2345 vasa
2463 2291 2585 2358 inc,
2616 2300 2670 2347 et
2710 2308 2772 2347 ca
2804 2293 3029 2347 facerem
3059 2309 3182 2347 vasa
3226 2295 3525 2348 miscricor-

1928 2381 2068 2435 diaa?
2097 2380 2206 2436 lloc
2234 2390 2315 2436 est
2343 2381 2482 2452 quod
2509 2382 2668 2435 etiam
2712 2381 2897 2436 beatus
2937 2383 3227 2452 Apostolus
3250 2384 3523 2453 superbis,

1932 2480 1987 2527 ct
2010 2473 2159 2544 quasi
2188 2473 2255 2528 de
2281 2474 2392 2527 suis
2422 2473 2624 2528 meritis
2650 2472 3000 2543 gloriantibus
3037 2475 3317 2546 increpans
3347 2476 3475 2531 dicit
3499 2493 3513 2528 :

1932 2563 2057 2629 Quis
2098 2564 2228 2616 enim
2255 2571 2301 2618 te
2330 2562 2605 2617 discernit?
2626 2563 2737 2618 Hoc
2760 2572 2837 2619 cst
2858 2607 2870 2631 ,
2904 2564 2945 2619 Α
2993 2565 3167 2620 massa
3212 2565 3527 2636 perditionis

1929 2670 1993 2711 ex
2023 2655 2190 2709 Adam
2224 2663 2275 2708 et
2302 2669 2330 2707 τι
2359 2655 2499 2709 vasis
2529 2655 2620 2709 irm
2649 2654 2766 2726 quis
2796 2664 2846 2710 te
2872 2655 3163 2711 discernit?
3194 2657 3260 2711 Et
3290 2673 3355 2715 ne
3381 2660 3527 2727 quis-

1928 2761 2084 2816 quam
2114 2744 2343 2813 diceret,
2371 2745 2583 2800 Justilia
2616 2760 2731 2819 mea
2757 2764 2769 2798 :
2798 2742 2935 2811 Quid
2968 2748 3101 2802 enim
3128 2748 3298 2815 habes,
3336 2748 3521 2818 inquit,

1928 2836 2064 2907 quod
2100 2851 2201 2888 non
2228 2835 2463 2904 accepisti
2491 2836 2535 2905 (Ι
2563 2833 2680 2890 Cor.
2706 2850 2778 2904 tv,
2808 2835 2906 2906 7)?
2938 2835 3089 2891 Unde
3118 2845 3173 2891 ct
3211 2836 3277 2891 de
3321 2852 3379 2892 se
3413 2838 3528 2907 ipso

1927 2910 2089 2991 dicit,
2124 2924 2338 2978 Fuimus
2377 2925 2508 2978 enini
2546 2933 2592 2979 et
2635 2942 2727 2979 nos
2775 2926 3047 2992 aliquando
3088 2928 3389 2983 naturaliter
3431 2930 3527 2999 ﬁlii

1927 3017 2046 3083 ἕνας,
2080 3016 2210 3070 sicut
2250 3024 2295 3070 et
2325 3017 2494 3070 ca‘teri
2522 3014 2734 3088 (Epltes.
2780 3032 2845 3083 u,
2876 3015 2960 3091 5).
3006 3018 3145 3091 Ergo
3184 3029 3237 3075 ct
3280 3022 3392 3091 ipsc
3432 3036 3524 3077 vus

1927 3118 2043 3164 erat
2080 3109 2131 3162 in
2163 3108 2322 3163 do'mo
2354 3107 2493 3164 illius
2525 3109 2663 3165 male
2704 3109 2854 3164 fortis
2875 3152 2889 3177 ,
2914 3118 3045 3165 cum
3088 3114 3235 3166 esset
3273 3113 3526 3168 Ecclesia:

1929 3208 2273 3271 perseeutor,
2330 3199 2706 3270 hlaslthcmns,
2752 3202 3069 3272 injuriosus,
3124 3205 3172 3258 in
3224 3206 3421 3259 malitia
3473 3212 3527 3261 et

1930 3292 2121 3347 invidia
2144 3334 2157 3355 ,
2191 3292 2326 3346 sicut
2366 3290 2578 3359 fatetur,
2613 3298 2791 3364 agens
2818 3294 2872 3366 (l
2908 3293 3038 3349 Tim.
3069 3298 3269 3365 1,15).
3298 3298 3403 3353 Sed
3437 3298 3525 3353 ille

1928 3382 2022 3452 qui
2051 3382 2287 3451 alligavit
2314 3380 2509 3436 fortem
2532 3425 2546 3448 ,
2576 3384 2644 3439 ab
2671 3400 2735 3440 eo
2762 3400 2853 3439 vas
2883 3387 3198 3456 perditionis
3225 3389 3438 3458 eripuit,
3466 3398 3522 3443 et

1929 3486 2022 3526 vas
2052 3471 2329 3527 electionis
2355 3471 2556 3527 ell’ecit.
2830 3473 2839 3482 '
3434 3498 3439 3502 ·

1997 3559 2224 3617 CAPUT
2255 3560 2318 3615 ll.
2342 3592 2412 3602 -—
2436 3563 2489 3617 4.
2523 3560 2751 3634 Regnum
2774 3563 2960 3619 Christi
2986 3566 3258 3621 ltwresibus
3288 3577 3333 3622 et
3381 3567 3519 3621 stlti-

1927 3652 2171 3707 smatibus
2204 3651 2350 3705 etiam
2412 3652 2635 3707 excitatis
2688 3653 2976 3707 imlivisum.
3020 3654 3218 3710 Deinde
3262 3671 3331 3711 ne
3357 3666 3513 3727 puta.

1930 3751 2050 3798 rent
2080 3740 2338 3797 increduli
2358 3748 2413 3796 et
2437 3741 2582 3812 impii
2609 3744 2953 3799 adversantes
2978 3746 3177 3800 nomini
3203 3746 3515 3815 christiano,

1932 3842 2150 3904 propter
2177 3832 2417 3888 diversas
2444 3832 2678 3889 haereses
2703 3842 2757 3889 et
2782 3834 3068 3890 schismata
3097 3852 3278 3891 eorum
3309 3839 3395 3909 qui
3423 3840 3522 3891 sub

1931 3922 2148 3978 nomine
2174 3922 2466 3976 christiano
2493 3937 2681 3993 greges
2710 3923 2962 3993 colligunt
2984 3926 3328 3994 perditorum,
3361 3929 3519 3983 etiam

1929 4012 2124 4070 Christi
2173 4028 2394 4083 regnum
2429 4012 2709 4068 adversum
2754 4030 2812 4069 sc
2856 4031 2975 4069 esse
3026 4016 3283 4084 divisum,
3335 4035 3522 4075 conse-

1929 4111 2154 4174 quenter
2179 4103 2417 4173 adjungit
2443 4121 2455 4156 :
2482 4102 2583 4168 Qui
2606 4119 2706 4157 non
2749 4112 2819 4159 est
2855 4120 3046 4158 mecum
3063 4148 3079 4174 ,
3107 4118 3282 4161 contra
3307 4127 3386 4164 me
3411 4121 3521 4178 est;

1931 4202 1979 4248 et
2006 4195 2090 4265 qui
2111 4210 2209 4248 non
2240 4203 2511 4265 congregat
2536 4210 2729 4249 mecum
2747 4237 2760 4262 ,
2784 4198 2997 4269 spargit.
3019 4196 3131 4254 Non
3154 4201 3259 4268 ait,
3282 4201 3383 4270 Qui
3414 4220 3519 4260 non

1930 4296 2011 4341 est
2037 4286 2137 4339 sub
2167 4292 2296 4340 voce
2327 4286 2555 4340 nominis
2579 4287 2716 4353 mei,
2747 4297 2837 4343 aut
2862 4289 2962 4345 sub
2990 4291 3169 4363 specie
3197 4274 3515 4351 sacramenti

1932 4379 2034 4432 mei
2060 4395 2072 4430 :
2096 4377 2217 4444 sed,
2253 4377 2353 4444 Qui
2372 4395 2471 4432 non
2496 4387 2565 4433 est
2592 4396 2815 4446 merum,
2839 4393 3013 4436 contra
3040 4400 3121 4438 me
3142 4396 3234 4440 est.
3262 4386 3370 4443 Nec
3405 4389 3477 4443 ait
3500 4431 3513 4452 ,

1931 4467 2029 4533 Qui
2058 4483 2162 4522 non
2188 4477 2473 4539 etutgregat
2501 4469 2599 4524 sub
2638 4486 2769 4527 voce
2788 4472 2808 4504 ³
2833 4472 3064 4528 nominis
3094 4476 3196 4530 moi
3225 4493 3238 4530 :
3267 4476 3382 4544 scd,
3415 4478 3518 4544 Qui

1932 4576 2032 4614 non
2055 4569 2323 4631 congregat
2356 4568 2548 4615 mecum
2567 4605 2582 4627 ,
2607 4564 2820 4635 spargit.
2843 4565 2959 4622 Non
2985 4580 3112 4639 ergo
3134 4580 3215 4625 cst
3241 4571 3521 4627 adversum

1931 4663 1992 4706 sc
2018 4648 2246 4704 divisum
2295 4665 2516 4721 regnum
2558 4651 2758 4707 Christi
2795 4669 2808 4707 :
2839 4655 2933 4710 sed
2979 4655 3222 4714 homines
3264 4670 3526 4717 conantur

1930 4741 2349 4813 dividere,qnud
2392 4752 2629 4814 emptum
2673 4752 2756 4800 est
2793 4746 2964 4816 pretio
3006 4751 3276 4820 sanguinis
3303 4752 3520 4807 Clu-isti.

1935 4832 2092 4887 Novit
2119 4835 2258 4889 enim
2289 4832 2535 4887 Dominus
2552 4834 2639 4905 qui
2662 4846 2780 4889 sunt
2803 4837 2910 4905 ejus
2934 4852 2952 4889 :
2976 4836 3041 4889 Et
3069 4839 3265 4891 recedat
3285 4882 3298 4903 ,
3332 4842 3520 4911 inquit,

1937 4924 1995 4979 ab
2020 4925 2283 4995 iniquitate
2305 4930 2466 4978 omnis
2490 4941 2571 4995 qm
2598 4928 2819 4979 nominat
2846 4940 3021 4981 nomen
3063 4928 3265 4983 Domini
3296 4930 3359 5001 (ll
3389 4931 3519 4987 Tim.

1935 5028 1969 5071 η
1991 5056 2006 5083 ,
2044 5017 2151 5081 t9).
2183 5015 2314 5069 Nam
2342 5016 2385 5069 si
2414 5016 2482 5067 ab
2513 5017 2787 5085 iniquitate
2829 5034 2932 5073 non
2976 5021 3199 5083 rrecdit,
3233 5037 3334 5075 non
3363 5026 3523 5093 pertio

1935 5111 2028 5161 net
2051 5103 2116 5159 ad
2145 5119 2368 5175 regnum
2391 5104 2617 5170 Christi,
2646 5106 2808 5160 etiam
2839 5108 3118 5162 nominans
3140 5126 3332 5165 nomen
3361 5112 3522 5168 Cbri.

1935 5199 2025 5255 sti.
2054 5197 2125 5253 Ut
2150 5211 2278 5268 ergo
2321 5197 2495 5267 aliqua
2515 5239 2529 5263 ,
2562 5199 2791 5268 exetnpli
2826 5200 3024 5270 gratia,
3064 5216 3475 5260 commemorem
3505 5218 3518 5261 ε

1935 5289 2153 5361 spiritus
2173 5289 2410 5344 avaritim
2429 5299 2481 5344 et
2510 5290 2724 5360 spiritus
2765 5291 2987 5347 luxnria:
3009 5337 3022 5359 ,
3050 5295 3170 5364 quia
3202 5294 3288 5351 illc
3314 5307 3522 5352 contra-

1938 5380 2043 5473 hit,
2077 5381 2164 5436 ille
2189 5379 2492 5452 profundit,
2523 5382 2677 5439 divisi
2704 5393 2830 5440 sunt
2856 5384 3136 5440 adversum
3168 5402 3256 5454 se;
3286 5396 3340 5444 ct
3368 5391 3526 5445 ambo

2002 5537 2018 5570 ι
2044 5538 2436 5609 Fossatensis
2457 5538 2601 5595 addit.
2627 5538 2671 5588 si
2690 5550 2783 5588 non
2804 5540 3064 5591 nudentim'.

2002 5621 2021 5649 ³
2040 5626 2175 5687 tot,
2193 5619 2288 5693 sub
2311 5612 2615 5693 virm-atumo.
2642 5630 2769 5671 tinus
2786 5637 2833 5693 7e
2867 5626 3117 5693 veteribus
3140 5625 3288 5689 libris,
3309 5628 3392 5679 sub
3411 5640 3521 5693 pro-

1940 5680 2154 5740 fessicmc.
2183 5679 2263 5729 .tlii
2288 5696 2396 5731 cum
2424 5684 2563 5733 editis
2590 5693 2685 5732 λιιι.
2716 5693 2765 5734 ct
2785 5692 2878 5744 lin,
2895 5690 2980 5739 sub
3006 5703 3127 5741 rore.
