  <div class='ocr_page' id='page_1' title='image "/cluster/home/n/w/nwhite01/storage/ocr_20150623/38/hvd.32044096580600/230.png"; bbox 0 0 3954 6186; ppageno 0'>
   <div class='ocr_carea' id='block_1_1' title="bbox 328 378 431 432">
    <p class='ocr_par' dir='ltr' id='par_1_1' title="bbox 328 378 431 432">
     <span class='ocr_line' id='line_1_1' title="bbox 328 378 431 432; baseline 0 -1"><span class='ocrx_word' id='word_1_1' title='bbox 328 378 431 432; x_wconf 69' lang='grc' dir='ltr'><strong>ιόυ</strong></span> 
     </span>
    </p>
   </div>
   <div class='ocr_carea' id='block_1_2' title="bbox 324 483 1916 550">
    <p class='ocr_par' dir='ltr' id='par_1_2' title="bbox 324 483 1916 550">
     <span class='ocr_line' id='line_1_2' title="bbox 324 483 1916 550; baseline -0.005 -6"><span class='ocrx_word' id='word_1_2' title='bbox 324 490 470 546; x_wconf 84' lang='lat' dir='ltr'><strong>aliud</strong></span> <span class='ocrx_word' id='word_1_3' title='bbox 503 489 694 544; x_wconf 84' lang='lat' dir='ltr'><strong>habeat</strong></span> <span class='ocrx_word' id='word_1_4' title='bbox 723 500 917 540; x_wconf 85' lang='lat' dir='ltr'><strong>nomen</strong></span> <span class='ocrx_word' id='word_1_5' title='bbox 949 486 1167 550; x_wconf 88' lang='lat' dir='ltr'><strong>erroris,</strong></span> <span class='ocrx_word' id='word_1_6' title='bbox 1194 500 1298 539; x_wconf 92' lang='lat' dir='ltr'><strong>non</strong></span> <span class='ocrx_word' id='word_1_7' title='bbox 1326 483 1524 539; x_wconf 85' lang='lat' dir='ltr'><strong>dictum</strong></span> <span class='ocrx_word' id='word_1_8' title='bbox 1571 491 1671 546; x_wconf 88' lang='lat' dir='ltr'><strong>est.</strong></span> <span class='ocrx_word' id='word_1_9' title='bbox 1708 483 1798 538; x_wconf 89' lang='lat' dir='ltr'><strong>llle</strong></span> <span class='ocrx_word' id='word_1_10' title='bbox 1827 491 1916 537; x_wconf 88' lang='lat' dir='ltr'><strong>aut</strong></span> 
     </span>
    </p>
   </div>
   <div class='ocr_carea' id='block_1_3' title="bbox 326 574 1911 646">
    <p class='ocr_par' dir='ltr' id='par_1_3' title="bbox 326 574 1911 646">
     <span class='ocr_line' id='line_1_3' title="bbox 326 574 1911 646; baseline -0.008 -10"><span class='ocrx_word' id='word_1_11' title='bbox 326 581 447 646; x_wconf 82' lang='lat' dir='ltr'><strong>ille;</strong></span> <span class='ocrx_word' id='word_1_12' title='bbox 477 578 594 642; x_wconf 83' lang='lat' dir='ltr'><strong>sed,</strong></span> <span class='ocrx_word' id='word_1_13' title='bbox 621 576 719 644; x_wconf 79' lang='lat' dir='ltr'><strong>Qui</strong></span> <span class='ocrx_word' id='word_1_14' title='bbox 745 577 928 630; x_wconf 74' lang='lat' dir='ltr'><strong>dixerit</strong></span> <span class='ocrx_word' id='word_1_15' title='bbox 951 577 1153 630; x_wconf 75' lang='lat' dir='ltr'><strong>verbum</strong></span> <span class='ocrx_word' id='word_1_16' title='bbox 1181 584 1356 629; x_wconf 78' lang='lat' dir='ltr'><strong>contra</strong></span> <span class='ocrx_word' id='word_1_17' title='bbox 1383 574 1631 645; x_wconf 76' lang='lat' dir='ltr'><strong>Spiritum</strong></span> <span class='ocrx_word' id='word_1_18' title='bbox 1661 582 1911 639; x_wconf 80' lang='lat' dir='ltr'><strong>sanctum,</strong></span> 
     </span>
    </p>
   </div>
   <div class='ocr_carea' id='block_1_4' title="bbox 330 665 1915 738">
    <p class='ocr_par' dir='ltr' id='par_1_4' title="bbox 330 665 1915 738">
     <span class='ocr_line' id='line_1_4' title="bbox 330 665 1915 738; baseline -0.006 -11"><span class='ocrx_word' id='word_1_19' title='bbox 330 672 383 727; x_wconf 89' lang='lat' dir='ltr'><strong>id</strong></span> <span class='ocrx_word' id='word_1_20' title='bbox 411 679 512 736; x_wconf 88' lang='lat' dir='ltr'><strong>est,</strong></span> <span class='ocrx_word' id='word_1_21' title='bbox 547 667 1000 738; x_wconf 79' lang='lat' dir='ltr'><strong>blaSphemaverit</strong></span> <span class='ocrx_word' id='word_1_22' title='bbox 1026 667 1279 736; x_wconf 78' lang='lat' dir='ltr'><strong>Spiritum</strong></span> <span class='ocrx_word' id='word_1_23' title='bbox 1306 675 1571 732; x_wconf 89' lang='lat' dir='ltr'><strong>sanctum,</strong></span> <span class='ocrx_word' id='word_1_24' title='bbox 1611 681 1711 718; x_wconf 82' lang='lat' dir='ltr'><strong>non</strong></span> <span class='ocrx_word' id='word_1_25' title='bbox 1739 665 1915 718; x_wconf 84' lang='lat' dir='ltr'><strong>remit-</strong></span> 
     </span>
    </p>
   </div>
   <div class='ocr_carea' id='block_1_5' title="bbox 325 755 1915 831">
    <p class='ocr_par' dir='ltr' id='par_1_5' title="bbox 325 755 1915 831">
     <span class='ocr_line' id='line_1_5' title="bbox 325 755 1915 831; baseline -0.006 -14"><span class='ocrx_word' id='word_1_26' title='bbox 325 773 458 818; x_wconf 78' lang='lat' dir='ltr'><strong>tetur</strong></span> <span class='ocrx_word' id='word_1_27' title='bbox 476 779 543 828; x_wconf 82' lang='lat' dir='ltr'><strong>et,</strong></span> <span class='ocrx_word' id='word_1_28' title='bbox 577 777 735 831; x_wconf 74' lang='lat' dir='ltr'><strong>neque</strong></span> <span class='ocrx_word' id='word_1_29' title='bbox 760 760 814 814; x_wconf 82' lang='lat' dir='ltr'><strong>in</strong></span> <span class='ocrx_word' id='word_1_30' title='bbox 834 759 928 812; x_wconf 78' lang='lat' dir='ltr'><strong>hoc</strong></span> <span class='ocrx_word' id='word_1_31' title='bbox 951 759 1158 824; x_wconf 68' lang='lat' dir='ltr'><strong>siccato,</strong></span> <span class='ocrx_word' id='word_1_32' title='bbox 1177 773 1334 826; x_wconf 77' lang='lat' dir='ltr'><strong>neque</strong></span> <span class='ocrx_word' id='word_1_33' title='bbox 1351 757 1405 810; x_wconf 87' lang='lat' dir='ltr'><strong>in</strong></span> <span class='ocrx_word' id='word_1_34' title='bbox 1429 755 1794 826; x_wconf 83' lang='lat' dir='ltr'><strong>futuro.Porro</strong></span> <span class='ocrx_word' id='word_1_35' title='bbox 1817 769 1915 808; x_wconf 88' lang='lat' dir='ltr'><strong>an-</strong></span> 
     </span>
    </p>
   </div>
   <div class='ocr_carea' id='block_1_6' title="bbox 327 845 1918 908">
    <p class='ocr_par' dir='ltr' id='par_1_6' title="bbox 327 845 1918 908">
     <span class='ocr_line' id='line_1_6' title="bbox 327 845 1918 908; baseline -0.005 -1"><span class='ocrx_word' id='word_1_36' title='bbox 327 866 434 908; x_wconf 87' lang='lat' dir='ltr'><strong>tem</strong></span> <span class='ocrx_word' id='word_1_37' title='bbox 464 854 508 907; x_wconf 88' lang='lat' dir='ltr'><strong>si</strong></span> <span class='ocrx_word' id='word_1_38' title='bbox 538 851 716 906; x_wconf 91' lang='lat' dir='ltr'><strong>omnis</strong></span> <span class='ocrx_word' id='word_1_39' title='bbox 743 865 896 906; x_wconf 89' lang='lat' dir='ltr'><strong>error</strong></span> <span class='ocrx_word' id='word_1_40' title='bbox 919 851 1219 904; x_wconf 88' lang='lat' dir='ltr'><strong>contrarius</strong></span> <span class='ocrx_word' id='word_1_41' title='bbox 1242 847 1450 903; x_wconf 84' lang='lat' dir='ltr'><strong>veritati</strong></span> <span class='ocrx_word' id='word_1_42' title='bbox 1477 854 1532 902; x_wconf 85' lang='lat' dir='ltr'><strong>et</strong></span> <span class='ocrx_word' id='word_1_43' title='bbox 1560 845 1804 901; x_wconf 87' lang='lat' dir='ltr'><strong>inimicus</strong></span> <span class='ocrx_word' id='word_1_44' title='bbox 1827 859 1918 900; x_wconf 88' lang='lat' dir='ltr'><strong>ea-</strong></span> 
     </span>
    </p>
   </div>
   <div class='ocr_carea' id='block_1_7' title="bbox 329 939 1913 1013">
    <p class='ocr_par' dir='ltr' id='par_1_7' title="bbox 329 939 1913 1013">
     <span class='ocr_line' id='line_1_7' title="bbox 329 939 1913 1013; baseline -0.005 -13"><span class='ocrx_word' id='word_1_45' title='bbox 329 944 540 1000; x_wconf 77' lang='lat' dir='ltr'><strong>tholica:</strong></span> <span class='ocrx_word' id='word_1_46' title='bbox 579 945 727 1013; x_wconf 84' lang='lat' dir='ltr'><strong>paci,</strong></span> <span class='ocrx_word' id='word_1_47' title='bbox 770 942 908 997; x_wconf 85' lang='lat' dir='ltr'><strong>sicut</strong></span> <span class='ocrx_word' id='word_1_48' title='bbox 934 957 1094 1011; x_wconf 88' lang='lat' dir='ltr'><strong>supra</strong></span> <span class='ocrx_word' id='word_1_49' title='bbox 1123 941 1454 996; x_wconf 78' lang='lat' dir='ltr'><strong>ostendimus</strong></span> <span class='ocrx_word' id='word_1_50' title='bbox 1478 981 1492 1004; x_wconf 93' lang='lat'><strong>,</strong></span> <span class='ocrx_word' id='word_1_51' title='bbox 1540 939 1669 993; x_wconf 87' lang='lat' dir='ltr'><strong>dicit</strong></span> <span class='ocrx_word' id='word_1_52' title='bbox 1694 940 1913 993; x_wconf 82' lang='lat' dir='ltr'><strong>verbum</strong></span> 
     </span>
    </p>
   </div>
   <div class='ocr_carea' id='block_1_8' title="bbox 327 1029 1914 1104">
    <p class='ocr_par' dir='ltr' id='par_1_8' title="bbox 327 1029 1914 1104">
     <span class='ocr_line' id='line_1_8' title="bbox 327 1029 1914 1104; baseline -0.006 -12"><span class='ocrx_word' id='word_1_53' title='bbox 327 1047 512 1093; x_wconf 87' lang='lat' dir='ltr'><strong>contra</strong></span> <span class='ocrx_word' id='word_1_54' title='bbox 534 1035 790 1104; x_wconf 83' lang='lat' dir='ltr'><strong>Spiritum</strong></span> <span class='ocrx_word' id='word_1_55' title='bbox 822 1042 1086 1099; x_wconf 86' lang='lat' dir='ltr'><strong>sanctum,</strong></span> <span class='ocrx_word' id='word_1_56' title='bbox 1118 1047 1216 1087; x_wconf 90' lang='lat' dir='ltr'><strong>nec</strong></span> <span class='ocrx_word' id='word_1_57' title='bbox 1247 1041 1421 1086; x_wconf 88' lang='lat' dir='ltr'><strong>tamen</strong></span> <span class='ocrx_word' id='word_1_58' title='bbox 1463 1040 1639 1087; x_wconf 80' lang='lat' dir='ltr'><strong>cessat</strong></span> <span class='ocrx_word' id='word_1_59' title='bbox 1678 1029 1914 1086; x_wconf 87' lang='lat' dir='ltr'><strong>Ecclesia</strong></span> 
     </span>
    </p>
   </div>
   <div class='ocr_carea' id='block_1_9' title="bbox 329 1123 1914 1196">
    <p class='ocr_par' dir='ltr' id='par_1_9' title="bbox 329 1123 1914 1196">
     <span class='ocr_line' id='line_1_9' title="bbox 329 1123 1914 1196; baseline -0.006 -10"><span class='ocrx_word' id='word_1_60' title='bbox 329 1147 392 1186; x_wconf 88' lang='lat' dir='ltr'><strong>ex</strong></span> <span class='ocrx_word' id='word_1_61' title='bbox 427 1128 573 1184; x_wconf 86' lang='lat' dir='ltr'><strong>omni</strong></span> <span class='ocrx_word' id='word_1_62' title='bbox 604 1142 789 1182; x_wconf 90' lang='lat' dir='ltr'><strong>errore</strong></span> <span class='ocrx_word' id='word_1_63' title='bbox 815 1126 1088 1196; x_wconf 75' lang='lat' dir='ltr'><strong>Corrigcre</strong></span> <span class='ocrx_word' id='word_1_64' title='bbox 1116 1135 1274 1196; x_wconf 90' lang='lat' dir='ltr'><strong>atque</strong></span> <span class='ocrx_word' id='word_1_65' title='bbox 1301 1125 1566 1194; x_wconf 76' lang='lat' dir='ltr'><strong>colligere,</strong></span> <span class='ocrx_word' id='word_1_66' title='bbox 1604 1123 1690 1193; x_wconf 86' lang='lat' dir='ltr'><strong>qui</strong></span> <span class='ocrx_word' id='word_1_67' title='bbox 1721 1123 1914 1178; x_wconf 82' lang='lat' dir='ltr'><strong>remis-</strong></span> 
     </span>
    </p>
   </div>
   <div class='ocr_carea' id='block_1_10' title="bbox 329 1213 1916 1290">
    <p class='ocr_par' dir='ltr' id='par_1_10' title="bbox 329 1213 1916 1290">
     <span class='ocr_line' id='line_1_10' title="bbox 329 1213 1916 1290; baseline -0.006 -14"><span class='ocrx_word' id='word_1_68' title='bbox 329 1223 533 1276; x_wconf 80' lang='lat' dir='ltr'><strong>sionem</strong></span> <span class='ocrx_word' id='word_1_69' title='bbox 566 1230 907 1290; x_wconf 91' lang='lat' dir='ltr'><strong>peccatorum</strong></span> <span class='ocrx_word' id='word_1_70' title='bbox 939 1226 994 1271; x_wconf 91' lang='lat' dir='ltr'><strong>et</strong></span> <span class='ocrx_word' id='word_1_71' title='bbox 1029 1218 1200 1286; x_wconf 90' lang='lat' dir='ltr'><strong>ipsum</strong></span> <span class='ocrx_word' id='word_1_72' title='bbox 1231 1231 1388 1286; x_wconf 79' lang='lat' dir='ltr'><strong>quem</strong></span> <span class='ocrx_word' id='word_1_73' title='bbox 1418 1213 1916 1284; x_wconf 86' lang='lat' dir='ltr'><strong>blasphemaverant</strong></span> 
     </span>
    </p>
   </div>
   <div class='ocr_carea' id='block_1_11' title="bbox 328 1304 1916 1382">
    <p class='ocr_par' dir='ltr' id='par_1_11' title="bbox 328 1304 1916 1382">
     <span class='ocr_line' id='line_1_11' title="bbox 328 1304 1916 1382; baseline -0.004 -17"><span class='ocrx_word' id='word_1_74' title='bbox 328 1313 594 1382; x_wconf 72' lang='lat' dir='ltr'><strong>accipiant</strong></span> <span class='ocrx_word' id='word_1_75' title='bbox 615 1310 872 1379; x_wconf 76' lang='lat' dir='ltr'><strong>Spiritum</strong></span> <span class='ocrx_word' id='word_1_76' title='bbox 904 1317 1175 1372; x_wconf 87' lang='lat' dir='ltr'><strong>sanctum;</strong></span> <span class='ocrx_word' id='word_1_77' title='bbox 1204 1316 1326 1375; x_wconf 89' lang='lat' dir='ltr'><strong>puto</strong></span> <span class='ocrx_word' id='word_1_78' title='bbox 1351 1305 1489 1375; x_wconf 87' lang='lat' dir='ltr'><strong>quod</strong></span> <span class='ocrx_word' id='word_1_79' title='bbox 1515 1304 1716 1374; x_wconf 87' lang='lat' dir='ltr'><strong>grande</strong></span> <span class='ocrx_word' id='word_1_80' title='bbox 1738 1318 1916 1359; x_wconf 88' lang='lat' dir='ltr'><strong>secre-</strong></span> 
     </span>
    </p>
   </div>
   <div class='ocr_carea' id='block_1_12' title="bbox 331 1395 1918 1472">
    <p class='ocr_par' dir='ltr' id='par_1_12' title="bbox 331 1395 1918 1472">
     <span class='ocr_line' id='line_1_12' title="bbox 331 1395 1918 1472; baseline -0.005 -14"><span class='ocrx_word' id='word_1_81' title='bbox 331 1416 449 1458; x_wconf 91' lang='lat' dir='ltr'><strong>tum</strong></span> <span class='ocrx_word' id='word_1_82' title='bbox 497 1412 604 1458; x_wconf 87' lang='lat' dir='ltr'><strong>tam</strong></span> <span class='ocrx_word' id='word_1_83' title='bbox 647 1416 851 1472; x_wconf 76' lang='lat' dir='ltr'><strong>magna:</strong></span> <span class='ocrx_word' id='word_1_84' title='bbox 882 1399 1037 1469; x_wconf 85' lang='lat' dir='ltr'><strong>hujus</strong></span> <span class='ocrx_word' id='word_1_85' title='bbox 1065 1399 1376 1468; x_wconf 68' lang='lat' dir='ltr'><strong>quaestionis</strong></span> <span class='ocrx_word' id='word_1_86' title='bbox 1421 1397 1770 1452; x_wconf 79' lang='lat' dir='ltr'><strong>ostendimus.</strong></span> <span class='ocrx_word' id='word_1_87' title='bbox 1813 1395 1918 1450; x_wconf 87' lang='lat' dir='ltr'><strong>Lu-</strong></span> 
     </span>
    </p>
   </div>
   <div class='ocr_carea' id='block_1_13' title="bbox 331 1489 1676 1563">
    <p class='ocr_par' dir='ltr' id='par_1_13' title="bbox 331 1489 1676 1563">
     <span class='ocr_line' id='line_1_13' title="bbox 331 1489 1676 1563; baseline -0.007 -14"><span class='ocrx_word' id='word_1_88' title='bbox 331 1511 462 1550; x_wconf 83' lang='lat' dir='ltr'><strong>tucn</strong></span> <span class='ocrx_word' id='word_1_89' title='bbox 493 1509 620 1563; x_wconf 87' lang='lat' dir='ltr'><strong>ergo</strong></span> <span class='ocrx_word' id='word_1_90' title='bbox 644 1492 992 1561; x_wconf 74' lang='lat' dir='ltr'><strong>expositionis</strong></span> <span class='ocrx_word' id='word_1_91' title='bbox 1017 1505 1045 1542; x_wconf 85' lang='lat' dir='ltr'><strong>a</strong></span> <span class='ocrx_word' id='word_1_92' title='bbox 1080 1490 1301 1543; x_wconf 88' lang='lat' dir='ltr'><strong>Domino</strong></span> <span class='ocrx_word' id='word_1_93' title='bbox 1329 1489 1676 1557; x_wconf 84' lang='lat' dir='ltr'><strong>requiramus.</strong></span> 
     </span>
    </p>
   </div>
   <div class='ocr_carea' id='block_1_14' title="bbox 409 1577 1914 1650">
    <p class='ocr_par' dir='ltr' id='par_1_14' title="bbox 409 1577 1914 1650">
     <span class='ocr_line' id='line_1_14' title="bbox 409 1577 1914 1650; baseline -0.007 -10"><span class='ocrx_word' id='word_1_94' title='bbox 409 1584 636 1640; x_wconf 74' lang='lat' dir='ltr'><strong>CAPUT</strong></span> <span class='ocrx_word' id='word_1_95' title='bbox 697 1583 760 1638; x_wconf 66' lang='grc' dir='ltr'><strong>ν.</strong></span> <span class='ocrx_word' id='word_1_96' title='bbox 800 1613 870 1622; x_wconf 94' lang='lat'><strong>——</strong></span> <span class='ocrx_word' id='word_1_97' title='bbox 923 1581 976 1637; x_wconf 91' lang='lat'><strong>8.</strong></span> <span class='ocrx_word' id='word_1_98' title='bbox 1025 1581 1247 1646; x_wconf 70' lang='lat' dir='ltr'><strong>Quwstio</strong></span> <span class='ocrx_word' id='word_1_99' title='bbox 1298 1581 1519 1634; x_wconf 85' lang='lat' dir='ltr'><strong>omnium</strong></span> <span class='ocrx_word' id='word_1_100' title='bbox 1598 1577 1914 1650; x_wconf 71' lang='lat' dir='ltr'><strong>difﬁcillima.</strong></span> 
     </span>
    </p>
   </div>
   <div class='ocr_carea' id='block_1_15' title="bbox 335 1669 1916 1746">
    <p class='ocr_par' dir='ltr' id='par_1_15' title="bbox 335 1669 1916 1746">
     <span class='ocr_line' id='line_1_15' title="bbox 335 1669 1916 1746; baseline -0.006 -15"><span class='ocrx_word' id='word_1_101' title='bbox 335 1677 398 1731; x_wconf 74' lang='lat' dir='ltr'><strong>Et</strong></span> <span class='ocrx_word' id='word_1_102' title='bbox 415 1677 539 1746; x_wconf 90' lang='lat' dir='ltr'><strong>igite</strong></span> <span class='ocrx_word' id='word_1_103' title='bbox 565 1676 762 1743; x_wconf 84' lang='lat' dir='ltr'><strong>itaque,</strong></span> <span class='ocrx_word' id='word_1_104' title='bbox 790 1671 1000 1733; x_wconf 87' lang='lat' dir='ltr'><strong>fratres,</strong></span> <span class='ocrx_word' id='word_1_105' title='bbox 1031 1672 1216 1738; x_wconf 81' lang='lat' dir='ltr'><strong>erigite</strong></span> <span class='ocrx_word' id='word_1_106' title='bbox 1240 1671 1305 1725; x_wconf 89' lang='lat' dir='ltr'><strong>ad</strong></span> <span class='ocrx_word' id='word_1_107' title='bbox 1332 1687 1416 1724; x_wconf 91' lang='lat' dir='ltr'><strong>me</strong></span> <span class='ocrx_word' id='word_1_108' title='bbox 1444 1685 1620 1734; x_wconf 88' lang='lat' dir='ltr'><strong>aures,</strong></span> <span class='ocrx_word' id='word_1_109' title='bbox 1647 1670 1713 1723; x_wconf 89' lang='lat' dir='ltr'><strong>ad</strong></span> <span class='ocrx_word' id='word_1_110' title='bbox 1740 1669 1916 1723; x_wconf 85' lang='lat' dir='ltr'><strong>Domi-</strong></span> 
     </span>
    </p>
   </div>
   <div class='ocr_carea' id='block_1_16' title="bbox 335 1763 1914 1823">
    <p class='ocr_par' dir='ltr' id='par_1_16' title="bbox 335 1763 1914 1823">
     <span class='ocr_line' id='line_1_16' title="bbox 335 1763 1914 1823; baseline -0.004 0"><span class='ocrx_word' id='word_1_111' title='bbox 335 1785 465 1823; x_wconf 87' lang='lat' dir='ltr'><strong>num</strong></span> <span class='ocrx_word' id='word_1_112' title='bbox 496 1777 723 1822; x_wconf 84' lang='lat' dir='ltr'><strong>mentes.</strong></span> <span class='ocrx_word' id='word_1_113' title='bbox 767 1765 894 1820; x_wconf 88' lang='lat' dir='ltr'><strong>Dico</strong></span> <span class='ocrx_word' id='word_1_114' title='bbox 927 1764 1181 1818; x_wconf 73' lang='lat' dir='ltr'><strong>Charitati</strong></span> <span class='ocrx_word' id='word_1_115' title='bbox 1225 1772 1448 1817; x_wconf 76' lang='lat' dir='ltr'><strong>vestrm:</strong></span> <span class='ocrx_word' id='word_1_116' title='bbox 1481 1763 1616 1817; x_wconf 86' lang='lat' dir='ltr'><strong>forte</strong></span> <span class='ocrx_word' id='word_1_117' title='bbox 1656 1764 1707 1816; x_wconf 91' lang='lat' dir='ltr'><strong>in</strong></span> <span class='ocrx_word' id='word_1_118' title='bbox 1738 1763 1914 1816; x_wconf 82' lang='lat' dir='ltr'><strong>omni-</strong></span> 
     </span>
    </p>
   </div>
   <div class='ocr_carea' id='block_1_17' title="bbox 334 1851 1914 1926">
    <p class='ocr_par' dir='ltr' id='par_1_17' title="bbox 334 1851 1914 1926">
     <span class='ocr_line' id='line_1_17' title="bbox 334 1851 1914 1926; baseline -0.005 -12"><span class='ocrx_word' id='word_1_119' title='bbox 334 1861 438 1914; x_wconf 89' lang='lat' dir='ltr'><strong>bus</strong></span> <span class='ocrx_word' id='word_1_120' title='bbox 466 1858 668 1914; x_wconf 85' lang='lat' dir='ltr'><strong>sanctis</strong></span> <span class='ocrx_word' id='word_1_121' title='bbox 695 1855 981 1926; x_wconf 82' lang='lat' dir='ltr'><strong>Scripturis</strong></span> <span class='ocrx_word' id='word_1_122' title='bbox 1005 1855 1149 1908; x_wconf 90' lang='lat' dir='ltr'><strong>nulla</strong></span> <span class='ocrx_word' id='word_1_123' title='bbox 1181 1853 1349 1922; x_wconf 83' lang='lat' dir='ltr'><strong>major</strong></span> <span class='ocrx_word' id='word_1_124' title='bbox 1373 1854 1616 1922; x_wconf 72' lang='lat' dir='ltr'><strong>qumstio,</strong></span> <span class='ocrx_word' id='word_1_125' title='bbox 1648 1853 1789 1906; x_wconf 91' lang='lat' dir='ltr'><strong>nulla</strong></span> <span class='ocrx_word' id='word_1_126' title='bbox 1813 1851 1914 1906; x_wconf 86' lang='lat' dir='ltr'><strong>dif-</strong></span> 
     </span>
    </p>
   </div>
   <div class='ocr_carea' id='block_1_18' title="bbox 339 1943 1916 2014">
    <p class='ocr_par' dir='ltr' id='par_1_18' title="bbox 339 1943 1916 2014">
     <span class='ocr_line' id='line_1_18' title="bbox 339 1943 1916 2014; baseline -0.004 -11"><span class='ocrx_word' id='word_1_127' title='bbox 339 1948 534 2004; x_wconf 81' lang='lat' dir='ltr'><strong>ficilior</strong></span> <span class='ocrx_word' id='word_1_128' title='bbox 563 1947 848 2002; x_wconf 82' lang='lat' dir='ltr'><strong>invenitur.</strong></span> <span class='ocrx_word' id='word_1_129' title='bbox 879 1945 1031 2002; x_wconf 89' lang='lat' dir='ltr'><strong>Unde</strong></span> <span class='ocrx_word' id='word_1_130' title='bbox 1061 1955 1116 2000; x_wconf 91' lang='lat' dir='ltr'><strong>ut</strong></span> <span class='ocrx_word' id='word_1_131' title='bbox 1147 1943 1295 1999; x_wconf 82' lang='lat' dir='ltr'><strong>vobis</strong></span> <span class='ocrx_word' id='word_1_132' title='bbox 1327 1944 1526 2014; x_wconf 88' lang='lat' dir='ltr'><strong>aliquid</strong></span> <span class='ocrx_word' id='word_1_133' title='bbox 1560 1944 1626 1998; x_wconf 90' lang='lat' dir='ltr'><strong>de</strong></span> <span class='ocrx_word' id='word_1_134' title='bbox 1669 1959 1754 1996; x_wconf 90' lang='lat' dir='ltr'><strong>me</strong></span> <span class='ocrx_word' id='word_1_135' title='bbox 1801 1944 1916 2013; x_wconf 90' lang='lat' dir='ltr'><strong>ipso</strong></span> 
     </span>
    </p>
   </div>
   <div class='ocr_carea' id='block_1_19' title="bbox 338 2036 1916 2112">
    <p class='ocr_par' dir='ltr' id='par_1_19' title="bbox 338 2036 1916 2112">
     <span class='ocr_line' id='line_1_19' title="bbox 338 2036 1916 2112; baseline -0.004 -17"><span class='ocrx_word' id='word_1_136' title='bbox 338 2043 530 2108; x_wconf 83' lang='lat' dir='ltr'><strong>fatear,</strong></span> <span class='ocrx_word' id='word_1_137' title='bbox 561 2056 773 2112; x_wconf 85' lang='lat' dir='ltr'><strong>semper</strong></span> <span class='ocrx_word' id='word_1_138' title='bbox 794 2041 847 2094; x_wconf 88' lang='lat' dir='ltr'><strong>iu</strong></span> <span class='ocrx_word' id='word_1_139' title='bbox 885 2039 1220 2094; x_wconf 84' lang='lat' dir='ltr'><strong>sermonibus</strong></span> <span class='ocrx_word' id='word_1_140' title='bbox 1250 2053 1383 2108; x_wconf 87' lang='lat' dir='ltr'><strong>quos</strong></span> <span class='ocrx_word' id='word_1_141' title='bbox 1423 2037 1488 2090; x_wconf 86' lang='lat' dir='ltr'><strong>ad</strong></span> <span class='ocrx_word' id='word_1_142' title='bbox 1525 2038 1774 2106; x_wconf 85' lang='lat' dir='ltr'><strong>populum</strong></span> <span class='ocrx_word' id='word_1_143' title='bbox 1820 2036 1916 2090; x_wconf 86' lang='lat' dir='ltr'><strong>ha-</strong></span> 
     </span>
    </p>
   </div>
   <div class='ocr_carea' id='block_1_20' title="bbox 337 2126 1916 2201">
    <p class='ocr_par' dir='ltr' id='par_1_20' title="bbox 337 2126 1916 2201">
     <span class='ocr_line' id='line_1_20' title="bbox 337 2126 1916 2201; baseline -0.003 -16"><span class='ocrx_word' id='word_1_144' title='bbox 337 2132 449 2194; x_wconf 87' lang='lat' dir='ltr'><strong>bui,</strong></span> <span class='ocrx_word' id='word_1_145' title='bbox 479 2131 636 2201; x_wconf 87' lang='lat' dir='ltr'><strong>hujus</strong></span> <span class='ocrx_word' id='word_1_146' title='bbox 665 2130 970 2201; x_wconf 72' lang='lat' dir='ltr'><strong>qumstionis</strong></span> <span class='ocrx_word' id='word_1_147' title='bbox 1018 2127 1381 2183; x_wconf 79' lang='lat' dir='ltr'><strong>difﬁcultatem</strong></span> <span class='ocrx_word' id='word_1_148' title='bbox 1408 2127 1808 2197; x_wconf 83' lang='lat' dir='ltr'><strong>molestiamque</strong></span> <span class='ocrx_word' id='word_1_149' title='bbox 1833 2126 1916 2180; x_wconf 83' lang='lat' dir='ltr'><strong>vi-</strong></span> 
     </span>
    </p>
   </div>
   <div class='ocr_carea' id='block_1_21' title="bbox 337 2217 1918 2292">
    <p class='ocr_par' dir='ltr' id='par_1_21' title="bbox 337 2217 1918 2292">
     <span class='ocr_line' id='line_1_21' title="bbox 337 2217 1918 2292; baseline -0.004 -14"><span class='ocrx_word' id='word_1_150' title='bbox 337 2227 487 2278; x_wconf 83' lang='lat' dir='ltr'><strong>tavi:</strong></span> <span class='ocrx_word' id='word_1_151' title='bbox 523 2238 627 2278; x_wconf 91' lang='lat' dir='ltr'><strong>non</strong></span> <span class='ocrx_word' id='word_1_152' title='bbox 670 2223 794 2292; x_wconf 93' lang='lat' dir='ltr'><strong>quia</strong></span> <span class='ocrx_word' id='word_1_153' title='bbox 825 2221 953 2276; x_wconf 80' lang='lat' dir='ltr'><strong>nihil</strong></span> <span class='ocrx_word' id='word_1_154' title='bbox 993 2219 1244 2275; x_wconf 81' lang='lat' dir='ltr'><strong>haberem</strong></span> <span class='ocrx_word' id='word_1_155' title='bbox 1286 2217 1429 2288; x_wconf 89' lang='lat' dir='ltr'><strong>quod</strong></span> <span class='ocrx_word' id='word_1_156' title='bbox 1474 2219 1596 2273; x_wconf 90' lang='lat' dir='ltr'><strong>inde</strong></span> <span class='ocrx_word' id='word_1_157' title='bbox 1633 2227 1918 2286; x_wconf 88' lang='lat' dir='ltr'><strong>utcumque</strong></span> 
     </span>
    </p>
   </div>
   <div class='ocr_carea' id='block_1_22' title="bbox 335 2312 1913 2385">
    <p class='ocr_par' dir='ltr' id='par_1_22' title="bbox 335 2312 1913 2385">
     <span class='ocr_line' id='line_1_22' title="bbox 335 2312 1913 2385; baseline -0.004 -16"><span class='ocrx_word' id='word_1_158' title='bbox 335 2315 662 2385; x_wconf 76' lang='lat' dir='ltr'><strong>cogitarem;</strong></span> <span class='ocrx_word' id='word_1_159' title='bbox 693 2328 863 2383; x_wconf 88' lang='lat' dir='ltr'><strong>neque</strong></span> <span class='ocrx_word' id='word_1_160' title='bbox 891 2313 1032 2368; x_wconf 88' lang='lat' dir='ltr'><strong>enim</strong></span> <span class='ocrx_word' id='word_1_161' title='bbox 1055 2312 1114 2365; x_wconf 86' lang='lat' dir='ltr'><strong>in</strong></span> <span class='ocrx_word' id='word_1_162' title='bbox 1145 2325 1203 2365; x_wconf 89' lang='lat' dir='ltr'><strong>re</strong></span> <span class='ocrx_word' id='word_1_163' title='bbox 1234 2318 1375 2364; x_wconf 89' lang='lat' dir='ltr'><strong>tanta</strong></span> <span class='ocrx_word' id='word_1_164' title='bbox 1407 2319 1615 2378; x_wconf 88' lang='lat' dir='ltr'><strong>petere,</strong></span> <span class='ocrx_word' id='word_1_165' title='bbox 1655 2322 1913 2377; x_wconf 66' lang='lat' dir='ltr'><strong>quaerere,</strong></span> 
     </span>
    </p>
   </div>
   <div class='ocr_carea' id='block_1_23' title="bbox 336 2398 1919 2476">
    <p class='ocr_par' dir='ltr' id='par_1_23' title="bbox 336 2398 1919 2476">
     <span class='ocr_line' id='line_1_23' title="bbox 336 2398 1919 2476; baseline -0.006 -16"><span class='ocrx_word' id='word_1_166' title='bbox 336 2407 556 2476; x_wconf 88' lang='lat' dir='ltr'><strong>pulsare</strong></span> <span class='ocrx_word' id='word_1_167' title='bbox 581 2404 902 2475; x_wconf 85' lang='lat' dir='ltr'><strong>negligerem</strong></span> <span class='ocrx_word' id='word_1_168' title='bbox 936 2419 949 2455; x_wconf 91' lang='lat'><strong>:</strong></span> <span class='ocrx_word' id='word_1_169' title='bbox 983 2400 1074 2456; x_wconf 84' lang='lat' dir='ltr'><strong>sed</strong></span> <span class='ocrx_word' id='word_1_170' title='bbox 1100 2401 1222 2471; x_wconf 86' lang='lat' dir='ltr'><strong>quia</strong></span> <span class='ocrx_word' id='word_1_171' title='bbox 1252 2399 1350 2470; x_wconf 89' lang='lat' dir='ltr'><strong>ipsi</strong></span> <span class='ocrx_word' id='word_1_172' title='bbox 1380 2398 1735 2469; x_wconf 74' lang='lat' dir='ltr'><strong>intelligentiae</strong></span> <span class='ocrx_word' id='word_1_173' title='bbox 1756 2439 1771 2461; x_wconf 90' lang='lat'><strong>,</strong></span> <span class='ocrx_word' id='word_1_174' title='bbox 1801 2413 1919 2467; x_wconf 79' lang='lat' dir='ltr'><strong>qua:</strong></span> 
     </span>
    </p>
   </div>
   <div class='ocr_carea' id='block_1_24' title="bbox 336 2491 1918 2568">
    <p class='ocr_par' dir='ltr' id='par_1_24' title="bbox 336 2491 1918 2568">
     <span class='ocr_line' id='line_1_24' title="bbox 336 2491 1918 2568; baseline -0.005 -16"><span class='ocrx_word' id='word_1_175' title='bbox 336 2499 471 2553; x_wconf 83' lang='lat' dir='ltr'><strong>mihi</strong></span> <span class='ocrx_word' id='word_1_176' title='bbox 501 2497 826 2568; x_wconf 87' lang='lat' dir='ltr'><strong>aliquantum</strong></span> <span class='ocrx_word' id='word_1_177' title='bbox 853 2494 1208 2564; x_wconf 86' lang='lat' dir='ltr'><strong>aperiebatur,</strong></span> <span class='ocrx_word' id='word_1_178' title='bbox 1228 2492 1401 2547; x_wconf 85' lang='lat' dir='ltr'><strong>verbis</strong></span> <span class='ocrx_word' id='word_1_179' title='bbox 1421 2491 1489 2546; x_wconf 90' lang='lat' dir='ltr'><strong>ad</strong></span> <span class='ocrx_word' id='word_1_180' title='bbox 1518 2491 1701 2545; x_wconf 90' lang='lat' dir='ltr'><strong>horam</strong></span> <span class='ocrx_word' id='word_1_181' title='bbox 1732 2505 1918 2545; x_wconf 90' lang='lat' dir='ltr'><strong>occur-</strong></span> 
     </span>
    </p>
   </div>
   <div class='ocr_carea' id='block_1_25' title="bbox 336 2583 1920 2657">
    <p class='ocr_par' dir='ltr' id='par_1_25' title="bbox 336 2583 1920 2657">
     <span class='ocr_line' id='line_1_25' title="bbox 336 2583 1920 2657; baseline -0.005 -13"><span class='ocrx_word' id='word_1_182' title='bbox 336 2588 591 2644; x_wconf 84' lang='lat' dir='ltr'><strong>rentibus</strong></span> <span class='ocrx_word' id='word_1_183' title='bbox 619 2603 704 2643; x_wconf 90' lang='lat' dir='ltr'><strong>me</strong></span> <span class='ocrx_word' id='word_1_184' title='bbox 730 2601 886 2657; x_wconf 84' lang='lat' dir='ltr'><strong>posse</strong></span> <span class='ocrx_word' id='word_1_185' title='bbox 915 2586 1156 2641; x_wconf 81' lang='lat' dir='ltr'><strong>sufﬁcere</strong></span> <span class='ocrx_word' id='word_1_186' title='bbox 1185 2599 1288 2640; x_wconf 93' lang='lat' dir='ltr'><strong>non</strong></span> <span class='ocrx_word' id='word_1_187' title='bbox 1319 2592 1579 2654; x_wconf 86' lang='lat' dir='ltr'><strong>putarem.</strong></span> <span class='ocrx_word' id='word_1_188' title='bbox 1618 2583 1786 2638; x_wconf 24' lang='lat' dir='ltr'><strong>l’lodic</strong></span> <span class='ocrx_word' id='word_1_189' title='bbox 1821 2598 1920 2636; x_wconf 89' lang='lat' dir='ltr'><strong>au-</strong></span> 
     </span>
    </p>
   </div>
   <div class='ocr_carea' id='block_1_26' title="bbox 341 2673 1922 2744">
    <p class='ocr_par' dir='ltr' id='par_1_26' title="bbox 341 2673 1922 2744">
     <span class='ocr_line' id='line_1_26' title="bbox 341 2673 1922 2744; baseline -0.004 -10"><span class='ocrx_word' id='word_1_190' title='bbox 341 2688 452 2735; x_wconf 90' lang='lat' dir='ltr'><strong>tem</strong></span> <span class='ocrx_word' id='word_1_191' title='bbox 480 2679 741 2735; x_wconf 86' lang='lat' dir='ltr'><strong>lectiones</strong></span> <span class='ocrx_word' id='word_1_192' title='bbox 768 2675 1008 2740; x_wconf 78' lang='lat' dir='ltr'><strong>audiens,</strong></span> <span class='ocrx_word' id='word_1_193' title='bbox 1052 2674 1119 2730; x_wconf 89' lang='lat' dir='ltr'><strong>de</strong></span> <span class='ocrx_word' id='word_1_194' title='bbox 1157 2674 1348 2744; x_wconf 88' lang='lat' dir='ltr'><strong>quibus</strong></span> <span class='ocrx_word' id='word_1_195' title='bbox 1389 2673 1540 2728; x_wconf 88' lang='lat' dir='ltr'><strong>vobis</strong></span> <span class='ocrx_word' id='word_1_196' title='bbox 1566 2680 1706 2727; x_wconf 86' lang='lat' dir='ltr'><strong>esset</strong></span> <span class='ocrx_word' id='word_1_197' title='bbox 1746 2687 1922 2727; x_wconf 85' lang='lat' dir='ltr'><strong>sermo</strong></span> 
     </span>
    </p>
   </div>
   <div class='ocr_carea' id='block_1_27' title="bbox 338 2762 1921 2836">
    <p class='ocr_par' dir='ltr' id='par_1_27' title="bbox 338 2762 1921 2836">
     <span class='ocr_line' id='line_1_27' title="bbox 338 2762 1921 2836; baseline -0.006 -11"><span class='ocrx_word' id='word_1_198' title='bbox 338 2769 672 2835; x_wconf 89' lang='lat' dir='ltr'><strong>reddendus,</strong></span> <span class='ocrx_word' id='word_1_199' title='bbox 701 2783 821 2822; x_wconf 91' lang='lat' dir='ltr'><strong>cum</strong></span> <span class='ocrx_word' id='word_1_200' title='bbox 851 2765 1190 2836; x_wconf 87' lang='lat' dir='ltr'><strong>Evangelium</strong></span> <span class='ocrx_word' id='word_1_201' title='bbox 1233 2765 1516 2835; x_wconf 79' lang='lat' dir='ltr'><strong>legeretur,</strong></span> <span class='ocrx_word' id='word_1_202' title='bbox 1554 2763 1622 2816; x_wconf 87' lang='lat' dir='ltr'><strong>ita</strong></span> <span class='ocrx_word' id='word_1_203' title='bbox 1661 2762 1921 2831; x_wconf 84' lang='lat' dir='ltr'><strong>pulsatum</strong></span> 
     </span>
    </p>
   </div>
   <div class='ocr_carea' id='block_1_28' title="bbox 335 2852 1923 2925">
    <p class='ocr_par' dir='ltr' id='par_1_28' title="bbox 335 2852 1923 2925">
     <span class='ocr_line' id='line_1_28' title="bbox 335 2852 1923 2925; baseline -0.006 -9"><span class='ocrx_word' id='word_1_204' title='bbox 335 2870 425 2916; x_wconf 86' lang='lat' dir='ltr'><strong>est</strong></span> <span class='ocrx_word' id='word_1_205' title='bbox 461 2874 558 2914; x_wconf 91' lang='lat' dir='ltr'><strong>cor</strong></span> <span class='ocrx_word' id='word_1_206' title='bbox 584 2873 761 2915; x_wconf 90' lang='lat' dir='ltr'><strong>meum</strong></span> <span class='ocrx_word' id='word_1_207' title='bbox 780 2899 796 2925; x_wconf 91' lang='lat'><strong>,</strong></span> <span class='ocrx_word' id='word_1_208' title='bbox 834 2865 896 2912; x_wconf 87' lang='lat' dir='ltr'><strong>ut</strong></span> <span class='ocrx_word' id='word_1_209' title='bbox 923 2857 1083 2911; x_wconf 89' lang='lat' dir='ltr'><strong>Deum</strong></span> <span class='ocrx_word' id='word_1_210' title='bbox 1113 2854 1388 2911; x_wconf 89' lang='lat' dir='ltr'><strong>crederem</strong></span> <span class='ocrx_word' id='word_1_211' title='bbox 1418 2855 1550 2910; x_wconf 87' lang='lat' dir='ltr'><strong>velle</strong></span> <span class='ocrx_word' id='word_1_212' title='bbox 1576 2853 1773 2923; x_wconf 87' lang='lat' dir='ltr'><strong>aliquid</strong></span> <span class='ocrx_word' id='word_1_213' title='bbox 1799 2852 1923 2907; x_wconf 90' lang='lat' dir='ltr'><strong>hinc</strong></span> 
     </span>
    </p>
   </div>
   <div class='ocr_carea' id='block_1_29' title="bbox 337 2948 1374 3024">
    <p class='ocr_par' dir='ltr' id='par_1_29' title="bbox 337 2948 1374 3024">
     <span class='ocr_line' id='line_1_29' title="bbox 337 2948 1374 3024; baseline -0.005 -16"><span class='ocrx_word' id='word_1_214' title='bbox 337 2971 440 3024; x_wconf 85' lang='lat' dir='ltr'><strong>per</strong></span> <span class='ocrx_word' id='word_1_215' title='bbox 465 2968 643 3009; x_wconf 89' lang='lat' dir='ltr'><strong>meum</strong></span> <span class='ocrx_word' id='word_1_216' title='bbox 672 2951 1022 3010; x_wconf 86' lang='lat' dir='ltr'><strong>ministerium</strong></span> <span class='ocrx_word' id='word_1_217' title='bbox 1048 2963 1143 3004; x_wconf 90' lang='lat' dir='ltr'><strong>vos</strong></span> <span class='ocrx_word' id='word_1_218' title='bbox 1170 2948 1374 3004; x_wconf 86' lang='lat' dir='ltr'><strong>audire.</strong></span> 
     </span>
    </p>
   </div>
   <div class='ocr_carea' id='block_1_30' title="bbox 415 3039 1924 3114">
    <p class='ocr_par' dir='ltr' id='par_1_30' title="bbox 415 3039 1924 3114">
     <span class='ocr_line' id='line_1_30' title="bbox 415 3039 1924 3114; baseline -0.006 -13"><span class='ocrx_word' id='word_1_219' title='bbox 415 3047 468 3101; x_wconf 88' lang='lat'><strong>9.</strong></span> <span class='ocrx_word' id='word_1_220' title='bbox 512 3044 636 3101; x_wconf 80' lang='lat' dir='ltr'><strong>Non</strong></span> <span class='ocrx_word' id='word_1_221' title='bbox 662 3061 855 3099; x_wconf 80' lang='lat' dir='ltr'><strong>omnem</strong></span> <span class='ocrx_word' id='word_1_222' title='bbox 882 3043 1105 3114; x_wconf 82' lang='lat' dir='ltr'><strong>Spiritus</strong></span> <span class='ocrx_word' id='word_1_223' title='bbox 1130 3041 1492 3111; x_wconf 75' lang='lat' dir='ltr'><strong>blasphemiam</strong></span> <span class='ocrx_word' id='word_1_224' title='bbox 1537 3039 1924 3094; x_wconf 79' lang='lat' dir='ltr'><strong>irremissibilem</strong></span> 
     </span>
    </p>
   </div>
   <div class='ocr_carea' id='block_1_31' title="bbox 335 3130 1924 3206">
    <p class='ocr_par' dir='ltr' id='par_1_31' title="bbox 335 3130 1924 3206">
     <span class='ocr_line' id='line_1_31' title="bbox 335 3130 1924 3206; baseline -0.006 -13"><span class='ocrx_word' id='word_1_225' title='bbox 335 3155 467 3194; x_wconf 78' lang='lat' dir='ltr'><strong>esse.</strong></span> <span class='ocrx_word' id='word_1_226' title='bbox 502 3137 658 3192; x_wconf 88' lang='lat' dir='ltr'><strong>Prius</strong></span> <span class='ocrx_word' id='word_1_227' title='bbox 703 3150 832 3206; x_wconf 88' lang='lat' dir='ltr'><strong>ergo</strong></span> <span class='ocrx_word' id='word_1_228' title='bbox 882 3143 939 3190; x_wconf 87' lang='lat' dir='ltr'><strong>ut</strong></span> <span class='ocrx_word' id='word_1_229' title='bbox 993 3133 1280 3189; x_wconf 86' lang='lat' dir='ltr'><strong>advertatis</strong></span> <span class='ocrx_word' id='word_1_230' title='bbox 1305 3141 1358 3187; x_wconf 90' lang='lat' dir='ltr'><strong>et</strong></span> <span class='ocrx_word' id='word_1_231' title='bbox 1383 3130 1708 3202; x_wconf 84' lang='lat' dir='ltr'><strong>intelligatis,</strong></span> <span class='ocrx_word' id='word_1_232' title='bbox 1739 3131 1924 3185; x_wconf 88' lang='lat' dir='ltr'><strong>admo-</strong></span> 
     </span>
    </p>
   </div>
   <div class='ocr_carea' id='block_1_32' title="bbox 345 3221 1925 3291">
    <p class='ocr_par' dir='ltr' id='par_1_32' title="bbox 345 3221 1925 3291">
     <span class='ocr_line' id='line_1_32' title="bbox 345 3221 1925 3291; baseline -0.006 -7"><span class='ocrx_word' id='word_1_233' title='bbox 345 3244 455 3284; x_wconf 85' lang='lat' dir='ltr'><strong>neo</strong></span> <span class='ocrx_word' id='word_1_234' title='bbox 484 3244 590 3283; x_wconf 93' lang='lat' dir='ltr'><strong>non</strong></span> <span class='ocrx_word' id='word_1_235' title='bbox 620 3227 820 3282; x_wconf 85' lang='lat' dir='ltr'><strong>dixisse</strong></span> <span class='ocrx_word' id='word_1_236' title='bbox 858 3225 1161 3289; x_wconf 82' lang='lat' dir='ltr'><strong>Dominum,</strong></span> <span class='ocrx_word' id='word_1_237' title='bbox 1191 3223 1376 3278; x_wconf 88' lang='lat' dir='ltr'><strong>Omnis</strong></span> <span class='ocrx_word' id='word_1_238' title='bbox 1405 3221 1730 3290; x_wconf 66' lang='lat' dir='ltr'><strong>blasphemia</strong></span> <span class='ocrx_word' id='word_1_239' title='bbox 1761 3221 1925 3291; x_wconf 87' lang='lat' dir='ltr'><strong>Spiri-</strong></span> 
     </span>
    </p>
   </div>
   <div class='ocr_carea' id='block_1_33' title="bbox 341 3313 1927 3387">
    <p class='ocr_par' dir='ltr' id='par_1_33' title="bbox 341 3313 1927 3387">
     <span class='ocr_line' id='line_1_33' title="bbox 341 3313 1927 3387; baseline -0.006 -10"><span class='ocrx_word' id='word_1_240' title='bbox 341 3333 434 3376; x_wconf 91' lang='lat' dir='ltr'><strong>tus</strong></span> <span class='ocrx_word' id='word_1_241' title='bbox 457 3336 561 3377; x_wconf 92' lang='lat' dir='ltr'><strong>non</strong></span> <span class='ocrx_word' id='word_1_242' title='bbox 591 3321 890 3376; x_wconf 86' lang='lat' dir='ltr'><strong>remittetur</strong></span> <span class='ocrx_word' id='word_1_243' title='bbox 912 3336 927 3385; x_wconf 92' lang='lat'><strong>;</strong></span> <span class='ocrx_word' id='word_1_244' title='bbox 953 3331 1124 3387; x_wconf 90' lang='lat' dir='ltr'><strong>neque</strong></span> <span class='ocrx_word' id='word_1_245' title='bbox 1143 3315 1360 3380; x_wconf 76' lang='lat' dir='ltr'><strong>dixisse,</strong></span> <span class='ocrx_word' id='word_1_246' title='bbox 1383 3314 1482 3380; x_wconf 86' lang='lat' dir='ltr'><strong>Qui</strong></span> <span class='ocrx_word' id='word_1_247' title='bbox 1542 3313 1737 3370; x_wconf 78' lang='lat' dir='ltr'><strong>dixerit</strong></span> <span class='ocrx_word' id='word_1_248' title='bbox 1759 3313 1927 3384; x_wconf 91' lang='lat' dir='ltr'><strong>quod-</strong></span> 
     </span>
    </p>
   </div>
   <div class='ocr_carea' id='block_1_34' title="bbox 342 3407 1924 3483">
    <p class='ocr_par' dir='ltr' id='par_1_34' title="bbox 342 3407 1924 3483">
     <span class='ocr_line' id='line_1_34' title="bbox 342 3407 1924 3483; baseline -0.004 -15"><span class='ocrx_word' id='word_1_249' title='bbox 342 3427 575 3483; x_wconf 86' lang='lat' dir='ltr'><strong>cumque</strong></span> <span class='ocrx_word' id='word_1_250' title='bbox 609 3410 829 3468; x_wconf 87' lang='lat' dir='ltr'><strong>verbum</strong></span> <span class='ocrx_word' id='word_1_251' title='bbox 864 3417 1048 3465; x_wconf 90' lang='lat' dir='ltr'><strong>contra</strong></span> <span class='ocrx_word' id='word_1_252' title='bbox 1084 3407 1338 3476; x_wconf 88' lang='lat' dir='ltr'><strong>Spiritum</strong></span> <span class='ocrx_word' id='word_1_253' title='bbox 1381 3415 1618 3461; x_wconf 87' lang='lat' dir='ltr'><strong>sanctum</strong></span> <span class='ocrx_word' id='word_1_254' title='bbox 1640 3446 1655 3471; x_wconf 98' lang='lat'><strong>,</strong></span> <span class='ocrx_word' id='word_1_255' title='bbox 1687 3423 1792 3460; x_wconf 91' lang='lat' dir='ltr'><strong>non</strong></span> <span class='ocrx_word' id='word_1_256' title='bbox 1836 3421 1924 3461; x_wconf 88' lang='lat' dir='ltr'><strong>re-</strong></span> 
     </span>
    </p>
   </div>
   <div class='ocr_carea' id='block_1_35' title="bbox 343 3497 1925 3568">
    <p class='ocr_par' dir='ltr' id='par_1_35' title="bbox 343 3497 1925 3568">
     <span class='ocr_line' id='line_1_35' title="bbox 343 3497 1925 3568; baseline -0.005 -10"><span class='ocrx_word' id='word_1_257' title='bbox 343 3503 590 3559; x_wconf 88' lang='lat' dir='ltr'><strong>mittetur</strong></span> <span class='ocrx_word' id='word_1_258' title='bbox 614 3502 661 3558; x_wconf 91' lang='lat' dir='ltr'><strong>ei</strong></span> <span class='ocrx_word' id='word_1_259' title='bbox 693 3520 706 3556; x_wconf 93' lang='lat'>:</span> <span class='ocrx_word' id='word_1_260' title='bbox 740 3501 853 3566; x_wconf 88' lang='lat' dir='ltr'><strong>sed,</strong></span> <span class='ocrx_word' id='word_1_261' title='bbox 897 3501 996 3568; x_wconf 83' lang='lat' dir='ltr'><strong>Qui</strong></span> <span class='ocrx_word' id='word_1_262' title='bbox 1032 3499 1212 3554; x_wconf 75' lang='lat' dir='ltr'><strong>dixerit</strong></span> <span class='ocrx_word' id='word_1_263' title='bbox 1254 3497 1474 3552; x_wconf 78' lang='lat' dir='ltr'><strong>verbum.</strong></span> <span class='ocrx_word' id='word_1_264' title='bbox 1519 3497 1650 3552; x_wconf 84' lang='lat' dir='ltr'><strong>illud</strong></span> <span class='ocrx_word' id='word_1_265' title='bbox 1690 3498 1832 3552; x_wconf 89' lang='lat' dir='ltr'><strong>enim</strong></span> <span class='ocrx_word' id='word_1_266' title='bbox 1879 3497 1925 3552; x_wconf 90' lang='lat' dir='ltr'><strong>si</strong></span> 
     </span>
    </p>
   </div>
   <div class='ocr_carea' id='block_1_36' title="bbox 341 3589 1923 3658">
    <p class='ocr_par' dir='ltr' id='par_1_36' title="bbox 341 3589 1923 3658">
     <span class='ocr_line' id='line_1_36' title="bbox 341 3589 1923 3658; baseline -0.004 -8"><span class='ocrx_word' id='word_1_267' title='bbox 341 3595 590 3656; x_wconf 77' lang='lat' dir='ltr'><strong>dixisset,</strong></span> <span class='ocrx_word' id='word_1_268' title='bbox 646 3595 776 3650; x_wconf 89' lang='lat' dir='ltr'><strong>nihil</strong></span> <span class='ocrx_word' id='word_1_269' title='bbox 803 3593 956 3648; x_wconf 90' lang='lat' dir='ltr'><strong>nobis</strong></span> <span class='ocrx_word' id='word_1_270' title='bbox 981 3591 1200 3647; x_wconf 89' lang='lat' dir='ltr'><strong>omnino</strong></span> <span class='ocrx_word' id='word_1_271' title='bbox 1235 3597 1536 3646; x_wconf 87' lang='lat' dir='ltr'><strong>remaneret</strong></span> <span class='ocrx_word' id='word_1_272' title='bbox 1563 3589 1703 3645; x_wconf 87' lang='lat' dir='ltr'><strong>unde</strong></span> <span class='ocrx_word' id='word_1_273' title='bbox 1741 3589 1923 3658; x_wconf 65' lang='lat' dir='ltr'><strong>distiu-</strong></span> 
     </span>
    </p>
   </div>
   <div class='ocr_carea' id='block_1_37' title="bbox 343 3681 1927 3756">
    <p class='ocr_par' dir='ltr' id='par_1_37' title="bbox 343 3681 1927 3756">
     <span class='ocr_line' id='line_1_37' title="bbox 343 3681 1927 3756; baseline -0.003 -15"><span class='ocrx_word' id='word_1_274' title='bbox 343 3696 464 3741; x_wconf 87' lang='lat' dir='ltr'><strong>tare</strong></span> <span class='ocrx_word' id='word_1_275' title='bbox 511 3699 806 3756; x_wconf 82' lang='lat' dir='ltr'><strong>possemus.</strong></span> <span class='ocrx_word' id='word_1_276' title='bbox 867 3684 1126 3751; x_wconf 84' lang='lat' dir='ltr'><strong>Quoniam</strong></span> <span class='ocrx_word' id='word_1_277' title='bbox 1179 3683 1224 3738; x_wconf 92' lang='lat' dir='ltr'><strong>si</strong></span> <span class='ocrx_word' id='word_1_278' title='bbox 1271 3685 1446 3737; x_wconf 90' lang='lat' dir='ltr'><strong>omnis</strong></span> <span class='ocrx_word' id='word_1_279' title='bbox 1493 3681 1818 3751; x_wconf 83' lang='lat' dir='ltr'><strong>blasphemia</strong></span> <span class='ocrx_word' id='word_1_280' title='bbox 1872 3691 1927 3736; x_wconf 91' lang='lat' dir='ltr'><strong>et</strong></span> 
     </span>
    </p>
   </div>
   <div class='ocr_carea' id='block_1_38' title="bbox 342 3771 1920 3847">
    <p class='ocr_par' dir='ltr' id='par_1_38' title="bbox 342 3771 1920 3847">
     <span class='ocr_line' id='line_1_38' title="bbox 342 3771 1920 3847; baseline -0.006 -13"><span class='ocrx_word' id='word_1_281' title='bbox 342 3793 510 3834; x_wconf 87' lang='lat' dir='ltr'><strong>omne</strong></span> <span class='ocrx_word' id='word_1_282' title='bbox 536 3777 757 3832; x_wconf 83' lang='lat' dir='ltr'><strong>verbum</strong></span> <span class='ocrx_word' id='word_1_283' title='bbox 783 3775 925 3847; x_wconf 89' lang='lat' dir='ltr'><strong>quod</strong></span> <span class='ocrx_word' id='word_1_284' title='bbox 949 3773 1141 3830; x_wconf 91' lang='lat' dir='ltr'><strong>dicitur</strong></span> <span class='ocrx_word' id='word_1_285' title='bbox 1163 3781 1347 3829; x_wconf 90' lang='lat' dir='ltr'><strong>contra</strong></span> <span class='ocrx_word' id='word_1_286' title='bbox 1375 3771 1626 3842; x_wconf 82' lang='lat' dir='ltr'><strong>Spiritum</strong></span> <span class='ocrx_word' id='word_1_287' title='bbox 1656 3780 1920 3838; x_wconf 87' lang='lat' dir='ltr'><strong>sanctum,</strong></span> 
     </span>
    </p>
   </div>
   <div class='ocr_carea' id='block_1_39' title="bbox 345 3863 1928 3934">
    <p class='ocr_par' dir='ltr' id='par_1_39' title="bbox 345 3863 1928 3934">
     <span class='ocr_line' id='line_1_39' title="bbox 345 3863 1928 3934; baseline -0.004 -10"><span class='ocrx_word' id='word_1_288' title='bbox 345 3884 458 3924; x_wconf 89' lang='lat' dir='ltr'><strong>non</strong></span> <span class='ocrx_word' id='word_1_289' title='bbox 485 3871 841 3925; x_wconf 84' lang='lat' dir='ltr'><strong>remitteretur</strong></span> <span class='ocrx_word' id='word_1_290' title='bbox 865 3866 1207 3929; x_wconf 88' lang='lat' dir='ltr'><strong>hominibus;</strong></span> <span class='ocrx_word' id='word_1_291' title='bbox 1251 3881 1316 3920; x_wconf 85' lang='lat' dir='ltr'><strong>ex</strong></span> <span class='ocrx_word' id='word_1_292' title='bbox 1347 3863 1493 3920; x_wconf 89' lang='lat' dir='ltr'><strong>nullo</strong></span> <span class='ocrx_word' id='word_1_293' title='bbox 1517 3878 1712 3934; x_wconf 80' lang='lat' dir='ltr'><strong>genere</strong></span> <span class='ocrx_word' id='word_1_294' title='bbox 1740 3863 1928 3932; x_wconf 75' lang='lat' dir='ltr'><strong>impie-</strong></span> 
     </span>
    </p>
   </div>
   <div class='ocr_carea' id='block_1_40' title="bbox 343 3953 1926 4030">
    <p class='ocr_par' dir='ltr' id='par_1_40' title="bbox 343 3953 1926 4030">
     <span class='ocr_line' id='line_1_40' title="bbox 343 3953 1926 4030; baseline -0.003 -17"><span class='ocrx_word' id='word_1_295' title='bbox 343 3962 474 4014; x_wconf 81' lang='lat' dir='ltr'><strong>tatis</strong></span> <span class='ocrx_word' id='word_1_296' title='bbox 497 3974 680 4015; x_wconf 87' lang='lat' dir='ltr'><strong>eorum</strong></span> <span class='ocrx_word' id='word_1_297' title='bbox 709 3959 798 4030; x_wconf 91' lang='lat' dir='ltr'><strong>qui</strong></span> <span class='ocrx_word' id='word_1_298' title='bbox 823 3958 966 4014; x_wconf 93' lang='lat' dir='ltr'><strong>dono</strong></span> <span class='ocrx_word' id='word_1_299' title='bbox 992 3956 1186 4012; x_wconf 79' lang='lat' dir='ltr'><strong>Christi</strong></span> <span class='ocrx_word' id='word_1_300' title='bbox 1222 3964 1277 4012; x_wconf 89' lang='lat' dir='ltr'><strong>et</strong></span> <span class='ocrx_word' id='word_1_301' title='bbox 1304 3953 1706 4011; x_wconf 87' lang='lat' dir='ltr'><strong>sanetilicationi</strong></span> <span class='ocrx_word' id='word_1_302' title='bbox 1734 3953 1926 4010; x_wconf 90' lang='lat' dir='ltr'><strong>Eccle-</strong></span> 
     </span>
    </p>
   </div>
   <div class='ocr_carea' id='block_1_41' title="bbox 341 4044 1926 4118">
    <p class='ocr_par' dir='ltr' id='par_1_41' title="bbox 341 4044 1926 4118">
     <span class='ocr_line' id='line_1_41' title="bbox 341 4044 1926 4118; baseline -0.004 -12"><span class='ocrx_word' id='word_1_303' title='bbox 341 4050 445 4106; x_wconf 76' lang='lat' dir='ltr'><strong>sia:</strong></span> <span class='ocrx_word' id='word_1_304' title='bbox 472 4048 856 4115; x_wconf 86' lang='lat' dir='ltr'><strong>contradicunt,</strong></span> <span class='ocrx_word' id='word_1_305' title='bbox 883 4047 968 4102; x_wconf 84' lang='lat' dir='ltr'><strong>vel</strong></span> <span class='ocrx_word' id='word_1_306' title='bbox 995 4048 1349 4118; x_wconf 87' lang='lat' dir='ltr'><strong>Paganorum,</strong></span> <span class='ocrx_word' id='word_1_307' title='bbox 1375 4045 1460 4100; x_wconf 89' lang='lat' dir='ltr'><strong>vel</strong></span> <span class='ocrx_word' id='word_1_308' title='bbox 1483 4044 1812 4113; x_wconf 77' lang='lat' dir='ltr'><strong>Jddzeorum,</strong></span> <span class='ocrx_word' id='word_1_309' title='bbox 1843 4046 1926 4100; x_wconf 87' lang='lat' dir='ltr'><strong>vel</strong></span> 
     </span>
    </p>
   </div>
   <div class='ocr_carea' id='block_1_42' title="bbox 342 4135 1924 4209">
    <p class='ocr_par' dir='ltr' id='par_1_42' title="bbox 342 4135 1924 4209">
     <span class='ocr_line' id='line_1_42' title="bbox 342 4135 1924 4209; baseline -0.002 -15"><span class='ocrx_word' id='word_1_310' title='bbox 342 4139 708 4209; x_wconf 87' lang='lat' dir='ltr'><strong>quorumlibet</strong></span> <span class='ocrx_word' id='word_1_311' title='bbox 733 4139 1126 4205; x_wconf 71' lang='lat' dir='ltr'><strong>hmreticorum,</strong></span> <span class='ocrx_word' id='word_1_312' title='bbox 1149 4135 1522 4193; x_wconf 90' lang='lat' dir='ltr'><strong>nonnullorum</strong></span> <span class='ocrx_word' id='word_1_313' title='bbox 1544 4136 1704 4191; x_wconf 84' lang='lat' dir='ltr'><strong>etiam</strong></span> <span class='ocrx_word' id='word_1_314' title='bbox 1729 4135 1784 4192; x_wconf 90' lang='lat' dir='ltr'><strong>in</strong></span> <span class='ocrx_word' id='word_1_315' title='bbox 1811 4137 1924 4206; x_wconf 87' lang='lat' dir='ltr'><strong>ipsa</strong></span> 
     </span>
    </p>
   </div>
   <div class='ocr_carea' id='block_1_43' title="bbox 341 4225 1929 4300">
    <p class='ocr_par' dir='ltr' id='par_1_43' title="bbox 341 4225 1929 4300">
     <span class='ocr_line' id='line_1_43' title="bbox 341 4225 1929 4300; baseline -0.001 -16"><span class='ocrx_word' id='word_1_316' title='bbox 341 4230 619 4284; x_wconf 87' lang='lat' dir='ltr'><strong>Catholica</strong></span> <span class='ocrx_word' id='word_1_317' title='bbox 650 4230 1012 4300; x_wconf 88' lang='lat' dir='ltr'><strong>imperitorum</strong></span> <span class='ocrx_word' id='word_1_318' title='bbox 1031 4270 1046 4295; x_wconf 95' lang='lat'><strong>,</strong></span> <span class='ocrx_word' id='word_1_319' title='bbox 1075 4243 1394 4299; x_wconf 90' lang='lat' dir='ltr'><strong>quemquam</strong></span> <span class='ocrx_word' id='word_1_320' title='bbox 1431 4226 1664 4282; x_wconf 82' lang='lat' dir='ltr'><strong>Ecclesia</strong></span> <span class='ocrx_word' id='word_1_321' title='bbox 1691 4225 1929 4283; x_wconf 86' lang='lat' dir='ltr'><strong>lucrare-</strong></span> 
     </span>
    </p>
   </div>
   <div class='ocr_carea' id='block_1_44' title="bbox 344 4317 1925 4386">
    <p class='ocr_par' dir='ltr' id='par_1_44' title="bbox 344 4317 1925 4386">
     <span class='ocr_line' id='line_1_44' title="bbox 344 4317 1925 4386; baseline -0.003 -10"><span class='ocrx_word' id='word_1_322' title='bbox 344 4333 457 4376; x_wconf 86' lang='lat' dir='ltr'><strong>tur.</strong></span> <span class='ocrx_word' id='word_1_323' title='bbox 498 4321 600 4377; x_wconf 85' lang='lat' dir='ltr'><strong>Sed</strong></span> <span class='ocrx_word' id='word_1_324' title='bbox 641 4321 778 4376; x_wconf 85' lang='lat' dir='ltr'><strong>absit</strong></span> <span class='ocrx_word' id='word_1_325' title='bbox 811 4329 870 4376; x_wconf 92' lang='lat' dir='ltr'><strong>ut</strong></span> <span class='ocrx_word' id='word_1_326' title='bbox 906 4321 1006 4376; x_wconf 91' lang='lat' dir='ltr'><strong>hoc</strong></span> <span class='ocrx_word' id='word_1_327' title='bbox 1035 4319 1292 4375; x_wconf 88' lang='lat' dir='ltr'><strong>Dominus</strong></span> <span class='ocrx_word' id='word_1_328' title='bbox 1335 4318 1536 4374; x_wconf 87' lang='lat' dir='ltr'><strong>diceret</strong></span> <span class='ocrx_word' id='word_1_329' title='bbox 1577 4336 1589 4371; x_wconf 91' lang='lat'><strong>:</strong></span> <span class='ocrx_word' id='word_1_330' title='bbox 1631 4317 1803 4386; x_wconf 87' lang='lat' dir='ltr'><strong>absit,</strong></span> <span class='ocrx_word' id='word_1_331' title='bbox 1841 4317 1925 4372; x_wconf 92' lang='lat' dir='ltr'><strong>in-</strong></span> 
     </span>
    </p>
   </div>
   <div class='ocr_carea' id='block_1_45' title="bbox 342 4408 1927 4482">
    <p class='ocr_par' dir='ltr' id='par_1_45' title="bbox 342 4408 1927 4482">
     <span class='ocr_line' id='line_1_45' title="bbox 342 4408 1927 4482; baseline -0.001 -17"><span class='ocrx_word' id='word_1_332' title='bbox 342 4428 529 4482; x_wconf 86' lang='lat' dir='ltr'><strong>quam,</strong></span> <span class='ocrx_word' id='word_1_333' title='bbox 560 4425 616 4467; x_wconf 93' lang='lat' dir='ltr'><strong>ut</strong></span> <span class='ocrx_word' id='word_1_334' title='bbox 643 4413 846 4468; x_wconf 82' lang='lat' dir='ltr'><strong>Veritas</strong></span> <span class='ocrx_word' id='word_1_335' title='bbox 883 4411 1118 4476; x_wconf 87' lang='lat' dir='ltr'><strong>diceret,</strong></span> <span class='ocrx_word' id='word_1_336' title='bbox 1163 4425 1373 4466; x_wconf 89' lang='lat' dir='ltr'><strong>omnem</strong></span> <span class='ocrx_word' id='word_1_337' title='bbox 1415 4408 1797 4478; x_wconf 85' lang='lat' dir='ltr'><strong>blasphemiam</strong></span> <span class='ocrx_word' id='word_1_338' title='bbox 1842 4409 1927 4464; x_wconf 90' lang='lat' dir='ltr'><strong>vel</strong></span> 
     </span>
    </p>
   </div>
   <div class='ocr_carea' id='block_1_46' title="bbox 344 4497 1927 4573">
    <p class='ocr_par' dir='ltr' id='par_1_46' title="bbox 344 4497 1927 4573">
     <span class='ocr_line' id='line_1_46' title="bbox 344 4497 1927 4573; baseline -0.001 -16"><span class='ocrx_word' id='word_1_339' title='bbox 344 4518 512 4557; x_wconf 88' lang='lat' dir='ltr'><strong>omne</strong></span> <span class='ocrx_word' id='word_1_340' title='bbox 540 4502 756 4558; x_wconf 88' lang='lat' dir='ltr'><strong>verbum</strong></span> <span class='ocrx_word' id='word_1_341' title='bbox 784 4501 923 4573; x_wconf 88' lang='lat' dir='ltr'><strong>quod</strong></span> <span class='ocrx_word' id='word_1_342' title='bbox 953 4511 1135 4557; x_wconf 89' lang='lat' dir='ltr'><strong>contra</strong></span> <span class='ocrx_word' id='word_1_343' title='bbox 1166 4499 1416 4571; x_wconf 89' lang='lat' dir='ltr'><strong>Spiritum</strong></span> <span class='ocrx_word' id='word_1_344' title='bbox 1446 4507 1686 4554; x_wconf 89' lang='lat' dir='ltr'><strong>sanctum</strong></span> <span class='ocrx_word' id='word_1_345' title='bbox 1716 4497 1927 4555; x_wconf 87' lang='lat' dir='ltr'><strong>dicere-</strong></span> 
     </span>
    </p>
   </div>
   <div class='ocr_carea' id='block_1_47' title="bbox 347 4591 1925 4662">
    <p class='ocr_par' dir='ltr' id='par_1_47' title="bbox 347 4591 1925 4662">
     <span class='ocr_line' id='line_1_47' title="bbox 347 4591 1925 4662; baseline -0.001 -14"><span class='ocrx_word' id='word_1_346' title='bbox 347 4603 459 4662; x_wconf 86' lang='lat' dir='ltr'><strong>tur,</strong></span> <span class='ocrx_word' id='word_1_347' title='bbox 487 4611 589 4649; x_wconf 91' lang='lat' dir='ltr'><strong>non</strong></span> <span class='ocrx_word' id='word_1_348' title='bbox 619 4593 813 4650; x_wconf 87' lang='lat' dir='ltr'><strong>habere</strong></span> <span class='ocrx_word' id='word_1_349' title='bbox 837 4593 1204 4651; x_wconf 89' lang='lat' dir='ltr'><strong>remissionem</strong></span> <span class='ocrx_word' id='word_1_350' title='bbox 1225 4634 1241 4659; x_wconf 94' lang='lat'><strong>,</strong></span> <span class='ocrx_word' id='word_1_351' title='bbox 1281 4606 1452 4662; x_wconf 89' lang='lat' dir='ltr'><strong>neque</strong></span> <span class='ocrx_word' id='word_1_352' title='bbox 1481 4591 1533 4646; x_wconf 92' lang='lat' dir='ltr'><strong>in</strong></span> <span class='ocrx_word' id='word_1_353' title='bbox 1564 4592 1666 4647; x_wconf 90' lang='lat' dir='ltr'><strong>hoc</strong></span> <span class='ocrx_word' id='word_1_354' title='bbox 1700 4591 1925 4660; x_wconf 67' lang='lat' dir='ltr'><strong>stmulo,</strong></span> 
     </span>
    </p>
   </div>
   <div class='ocr_carea' id='block_1_48' title="bbox 347 4685 833 4756">
    <p class='ocr_par' dir='ltr' id='par_1_48' title="bbox 347 4685 833 4756">
     <span class='ocr_line' id='line_1_48' title="bbox 347 4685 833 4756; baseline -0.002 -15"><span class='ocrx_word' id='word_1_355' title='bbox 347 4701 526 4756; x_wconf 84' lang='lat' dir='ltr'><strong>neque</strong></span> <span class='ocrx_word' id='word_1_356' title='bbox 555 4687 606 4742; x_wconf 92' lang='lat' dir='ltr'><strong>in</strong></span> <span class='ocrx_word' id='word_1_357' title='bbox 637 4685 833 4742; x_wconf 85' lang='lat' dir='ltr'><strong>futuro.</strong></span> 
     </span>
    </p>
   </div>
   <div class='ocr_carea' id='block_1_49' title="bbox 425 4775 1927 4847">
    <p class='ocr_par' dir='ltr' id='par_1_49' title="bbox 425 4775 1927 4847">
     <span class='ocr_line' id='line_1_49' title="bbox 425 4775 1927 4847; baseline -0.001 -16"><span class='ocrx_word' id='word_1_358' title='bbox 425 4777 648 4833; x_wconf 81' lang='lat' dir='ltr'><strong>CAPUT</strong></span> <span class='ocrx_word' id='word_1_359' title='bbox 688 4776 774 4832; x_wconf 81' lang='lat' dir='ltr'><strong>Vl.</strong></span> <span class='ocrx_word' id='word_1_360' title='bbox 802 4808 874 4818; x_wconf 96' lang='lat'><strong>—</strong></span> <span class='ocrx_word' id='word_1_361' title='bbox 898 4777 985 4833; x_wconf 79' lang='lat' dir='ltr'><strong>l0.</strong></span> <span class='ocrx_word' id='word_1_362' title='bbox 1027 4776 1225 4832; x_wconf 78' lang='lat' dir='ltr'><strong>Certant</strong></span> <span class='ocrx_word' id='word_1_363' title='bbox 1254 4777 1523 4847; x_wconf 80' lang='lat' dir='ltr'><strong>quamdam</strong></span> <span class='ocrx_word' id='word_1_364' title='bbox 1560 4793 1666 4832; x_wconf 80' lang='lat' dir='ltr'><strong>esse</strong></span> <span class='ocrx_word' id='word_1_365' title='bbox 1692 4775 1927 4847; x_wconf 81' lang='lat' dir='ltr'><strong>blasphe-</strong></span> 
     </span>
    </p>
   </div>
   <div class='ocr_carea' id='block_1_50' title="bbox 344 4867 1928 4938">
    <p class='ocr_par' dir='ltr' id='par_1_50' title="bbox 344 4867 1928 4938">
     <span class='ocr_line' id='line_1_50' title="bbox 344 4867 1928 4938; baseline 0 -16"><span class='ocrx_word' id='word_1_366' title='bbox 344 4869 508 4922; x_wconf 76' lang='lat' dir='ltr'><strong>miam</strong></span> <span class='ocrx_word' id='word_1_367' title='bbox 558 4868 964 4923; x_wconf 83' lang='lat' dir='ltr'><strong>irremissibilem.</strong></span> <span class='ocrx_word' id='word_1_368' title='bbox 1032 4867 1298 4923; x_wconf 75' lang='lat' dir='ltr'><strong>Exercere</strong></span> <span class='ocrx_word' id='word_1_369' title='bbox 1359 4867 1555 4938; x_wconf 88' lang='lat' dir='ltr'><strong>quippe</strong></span> <span class='ocrx_word' id='word_1_370' title='bbox 1624 4881 1720 4921; x_wconf 91' lang='lat' dir='ltr'><strong>nos</strong></span> <span class='ocrx_word' id='word_1_371' title='bbox 1761 4867 1928 4922; x_wconf 88' lang='lat' dir='ltr'><strong>voluit</strong></span> 
     </span>
    </p>
   </div>
   <div class='ocr_carea' id='block_1_51' title="bbox 345 4956 1931 5030">
    <p class='ocr_par' dir='ltr' id='par_1_51' title="bbox 345 4956 1931 5030">
     <span class='ocr_line' id='line_1_51' title="bbox 345 4956 1931 5030; baseline -0.001 -16"><span class='ocrx_word' id='word_1_372' title='bbox 345 4959 664 5014; x_wconf 80' lang='lat' dir='ltr'><strong>difﬁcultate</strong></span> <span class='ocrx_word' id='word_1_373' title='bbox 691 4959 1019 5030; x_wconf 65' lang='lat' dir='ltr'><strong>quatstionis,</strong></span> <span class='ocrx_word' id='word_1_374' title='bbox 1049 4974 1154 5013; x_wconf 93' lang='lat' dir='ltr'><strong>non</strong></span> <span class='ocrx_word' id='word_1_375' title='bbox 1184 4957 1432 5028; x_wconf 89' lang='lat' dir='ltr'><strong>decipere</strong></span> <span class='ocrx_word' id='word_1_376' title='bbox 1471 4958 1747 5012; x_wconf 63' lang='lat' dir='ltr'><strong>sententiae</strong></span> <span class='ocrx_word' id='word_1_377' title='bbox 1787 4956 1931 5013; x_wconf 87' lang='lat' dir='ltr'><strong>falsi-</strong></span> 
     </span>
    </p>
   </div>
   <div class='ocr_carea' id='block_1_52' title="bbox 349 5047 1928 5122">
    <p class='ocr_par' dir='ltr' id='par_1_52' title="bbox 349 5047 1928 5122">
     <span class='ocr_line' id='line_1_52' title="bbox 349 5047 1928 5122; baseline -0.003 -14"><span class='ocrx_word' id='word_1_378' title='bbox 349 5061 484 5108; x_wconf 82' lang='lat' dir='ltr'><strong>tate.</strong></span> <span class='ocrx_word' id='word_1_379' title='bbox 512 5051 844 5122; x_wconf 87' lang='lat' dir='ltr'><strong>Quapropter</strong></span> <span class='ocrx_word' id='word_1_380' title='bbox 871 5066 974 5105; x_wconf 94' lang='lat' dir='ltr'><strong>non</strong></span> <span class='ocrx_word' id='word_1_381' title='bbox 1005 5058 1087 5105; x_wconf 91' lang='lat' dir='ltr'><strong>est</strong></span> <span class='ocrx_word' id='word_1_382' title='bbox 1113 5064 1332 5106; x_wconf 87' lang='lat' dir='ltr'><strong>necesse</strong></span> <span class='ocrx_word' id='word_1_383' title='bbox 1361 5058 1417 5103; x_wconf 94' lang='lat' dir='ltr'><strong>ut</strong></span> <span class='ocrx_word' id='word_1_384' title='bbox 1438 5064 1646 5104; x_wconf 90' lang='lat' dir='ltr'><strong>omnem</strong></span> <span class='ocrx_word' id='word_1_385' title='bbox 1676 5047 1928 5119; x_wconf 84' lang='lat' dir='ltr'><strong>blasphe-</strong></span> 
     </span>
    </p>
   </div>
   <div class='ocr_carea' id='block_1_53' title="bbox 349 5139 1928 5211">
    <p class='ocr_par' dir='ltr' id='par_1_53' title="bbox 349 5139 1928 5211">
     <span class='ocr_line' id='line_1_53' title="bbox 349 5139 1928 5211; baseline -0.003 -13"><span class='ocrx_word' id='word_1_386' title='bbox 349 5144 519 5198; x_wconf 83' lang='lat' dir='ltr'><strong>miam</strong></span> <span class='ocrx_word' id='word_1_387' title='bbox 545 5142 628 5198; x_wconf 90' lang='lat' dir='ltr'><strong>vel</strong></span> <span class='ocrx_word' id='word_1_388' title='bbox 656 5155 816 5198; x_wconf 89' lang='lat' dir='ltr'><strong>omne</strong></span> <span class='ocrx_word' id='word_1_389' title='bbox 841 5141 1058 5196; x_wconf 84' lang='lat' dir='ltr'><strong>verbum</strong></span> <span class='ocrx_word' id='word_1_390' title='bbox 1083 5140 1223 5211; x_wconf 91' lang='lat' dir='ltr'><strong>quod</strong></span> <span class='ocrx_word' id='word_1_391' title='bbox 1249 5139 1440 5194; x_wconf 87' lang='lat' dir='ltr'><strong>dicitur</strong></span> <span class='ocrx_word' id='word_1_392' title='bbox 1465 5147 1648 5194; x_wconf 89' lang='lat' dir='ltr'><strong>contra</strong></span> <span class='ocrx_word' id='word_1_393' title='bbox 1672 5139 1928 5208; x_wconf 89' lang='lat' dir='ltr'><strong>Spiritum</strong></span> 
     </span>
    </p>
   </div>
   <div class='ocr_carea' id='block_1_54' title="bbox 347 5227 1927 5301">
    <p class='ocr_par' dir='ltr' id='par_1_54' title="bbox 347 5227 1927 5301">
     <span class='ocr_line' id='line_1_54' title="bbox 347 5227 1927 5301; baseline -0.004 -11"><span class='ocrx_word' id='word_1_394' title='bbox 347 5240 629 5300; x_wconf 76' lang='lat' dir='ltr'><strong>sanctum,</strong></span> <span class='ocrx_word' id='word_1_395' title='bbox 667 5231 1036 5288; x_wconf 86' lang='lat' dir='ltr'><strong>remissionem</strong></span> <span class='ocrx_word' id='word_1_396' title='bbox 1069 5231 1348 5301; x_wconf 85' lang='lat' dir='ltr'><strong>quisquam</strong></span> <span class='ocrx_word' id='word_1_397' title='bbox 1384 5227 1649 5286; x_wconf 76' lang='lat' dir='ltr'><strong>existimet</strong></span> <span class='ocrx_word' id='word_1_398' title='bbox 1685 5244 1789 5285; x_wconf 91' lang='lat' dir='ltr'><strong>non</strong></span> <span class='ocrx_word' id='word_1_399' title='bbox 1829 5229 1927 5284; x_wconf 81' lang='lat' dir='ltr'><strong>ha-</strong></span> 
     </span>
    </p>
   </div>
   <div class='ocr_carea' id='block_1_55' title="bbox 348 5320 1928 5394">
    <p class='ocr_par' dir='ltr' id='par_1_55' title="bbox 348 5320 1928 5394">
     <span class='ocr_line' id='line_1_55' title="bbox 348 5320 1928 5394; baseline -0.002 -12"><span class='ocrx_word' id='word_1_400' title='bbox 348 5326 487 5382; x_wconf 86' lang='lat' dir='ltr'><strong>bere</strong></span> <span class='ocrx_word' id='word_1_401' title='bbox 510 5343 524 5379; x_wconf 89' lang='lat'><strong><em>:</em></strong></span> <span class='ocrx_word' id='word_1_402' title='bbox 550 5325 645 5381; x_wconf 86' lang='lat' dir='ltr'><strong>sed</strong></span> <span class='ocrx_word' id='word_1_403' title='bbox 670 5339 890 5381; x_wconf 86' lang='lat' dir='ltr'><strong>necesse</strong></span> <span class='ocrx_word' id='word_1_404' title='bbox 914 5333 996 5380; x_wconf 88' lang='lat' dir='ltr'><strong>est</strong></span> <span class='ocrx_word' id='word_1_405' title='bbox 1019 5326 1173 5394; x_wconf 86' lang='lat' dir='ltr'><strong>plane</strong></span> <span class='ocrx_word' id='word_1_406' title='bbox 1202 5333 1261 5379; x_wconf 93' lang='lat' dir='ltr'><strong>ut</strong></span> <span class='ocrx_word' id='word_1_407' title='bbox 1291 5320 1362 5377; x_wconf 89' lang='lat' dir='ltr'><strong>sit</strong></span> <span class='ocrx_word' id='word_1_408' title='bbox 1399 5322 1575 5393; x_wconf 87' lang='lat' dir='ltr'><strong>aliqua</strong></span> <span class='ocrx_word' id='word_1_409' title='bbox 1604 5322 1928 5392; x_wconf 82' lang='lat' dir='ltr'><strong>blaSphemia</strong></span> 
     </span>
    </p>
   </div>
   <div class='ocr_carea' id='block_1_56' title="bbox 347 5413 1927 5491">
    <p class='ocr_par' dir='ltr' id='par_1_56' title="bbox 347 5413 1927 5491">
     <span class='ocr_line' id='line_1_56' title="bbox 347 5413 1927 5491; baseline -0.005 -15"><span class='ocrx_word' id='word_1_410' title='bbox 347 5429 408 5476; x_wconf 87' lang='lat' dir='ltr'><strong>et</strong></span> <span class='ocrx_word' id='word_1_411' title='bbox 436 5419 646 5491; x_wconf 89' lang='lat' dir='ltr'><strong>aliquod</strong></span> <span class='ocrx_word' id='word_1_412' title='bbox 673 5418 914 5483; x_wconf 79' lang='lat' dir='ltr'><strong>verbum,</strong></span> <span class='ocrx_word' id='word_1_413' title='bbox 941 5417 1095 5488; x_wconf 86' lang='lat' dir='ltr'><strong>quod</strong></span> <span class='ocrx_word' id='word_1_414' title='bbox 1129 5417 1174 5472; x_wconf 90' lang='lat' dir='ltr'><strong>si</strong></span> <span class='ocrx_word' id='word_1_415' title='bbox 1209 5415 1416 5471; x_wconf 86' lang='lat' dir='ltr'><strong>dicatur</strong></span> <span class='ocrx_word' id='word_1_416' title='bbox 1451 5424 1636 5469; x_wconf 87' lang='lat' dir='ltr'><strong>contra</strong></span> <span class='ocrx_word' id='word_1_417' title='bbox 1677 5413 1927 5484; x_wconf 90' lang='lat' dir='ltr'><strong>Spiritum</strong></span> 
     </span>
    </p>
   </div>
   <div class='ocr_carea' id='block_1_57' title="bbox 345 5506 1929 5581">
    <p class='ocr_par' dir='ltr' id='par_1_57' title="bbox 345 5506 1929 5581">
     <span class='ocr_line' id='line_1_57' title="bbox 345 5506 1929 5581; baseline -0.004 -14"><span class='ocrx_word' id='word_1_418' title='bbox 345 5522 594 5568; x_wconf 77' lang='lat' dir='ltr'><strong>sanctum</strong></span> <span class='ocrx_word' id='word_1_419' title='bbox 619 5553 633 5576; x_wconf 95' lang='lat'><strong>,</strong></span> <span class='ocrx_word' id='word_1_420' title='bbox 680 5511 878 5566; x_wconf 90' lang='lat' dir='ltr'><strong>nullam</strong></span> <span class='ocrx_word' id='word_1_421' title='bbox 923 5524 1153 5581; x_wconf 86' lang='lat' dir='ltr'><strong>unquam</strong></span> <span class='ocrx_word' id='word_1_422' title='bbox 1194 5508 1402 5563; x_wconf 86' lang='lat' dir='ltr'><strong>veniam</strong></span> <span class='ocrx_word' id='word_1_423' title='bbox 1451 5506 1929 5576; x_wconf 86' lang='lat' dir='ltr'><strong>remissionemque</strong></span> 
     </span>
    </p>
   </div>
   <div class='ocr_carea' id='block_1_58' title="bbox 347 5599 1929 5674">
    <p class='ocr_par' dir='ltr' id='par_1_58' title="bbox 347 5599 1929 5674">
     <span class='ocr_line' id='line_1_58' title="bbox 347 5599 1929 5674; baseline -0.004 -14"><span class='ocrx_word' id='word_1_424' title='bbox 347 5613 636 5661; x_wconf 87' lang='lat' dir='ltr'><strong>mereatur.</strong></span> <span class='ocrx_word' id='word_1_425' title='bbox 667 5605 804 5674; x_wconf 85' lang='lat' dir='ltr'><strong>Quia</strong></span> <span class='ocrx_word' id='word_1_426' title='bbox 831 5604 876 5659; x_wconf 91' lang='lat' dir='ltr'><strong>si</strong></span> <span class='ocrx_word' id='word_1_427' title='bbox 902 5618 1061 5660; x_wconf 85' lang='lat' dir='ltr'><strong>omne</strong></span> <span class='ocrx_word' id='word_1_428' title='bbox 1092 5600 1471 5672; x_wconf 84' lang='lat' dir='ltr'><strong>receperimus,</strong></span> <span class='ocrx_word' id='word_1_429' title='bbox 1497 5599 1738 5670; x_wconf 85' lang='lat' dir='ltr'><strong>quisnam</strong></span> <span class='ocrx_word' id='word_1_430' title='bbox 1780 5606 1929 5668; x_wconf 88' lang='lat' dir='ltr'><strong>pote-</strong></span> 
     </span>
    </p>
   </div>
   <div class='ocr_carea' id='block_1_59' title="bbox 337 5691 1928 5760">
    <p class='ocr_par' dir='ltr' id='par_1_59' title="bbox 337 5691 1928 5760">
     <span class='ocr_line' id='line_1_59' title="bbox 337 5691 1928 5760; baseline -0.002 -12"><span class='ocrx_word' id='word_1_431' title='bbox 337 5694 421 5750; x_wconf 82' lang='lat' dir='ltr'><strong>rit</strong></span> <span class='ocrx_word' id='word_1_432' title='bbox 443 5694 670 5752; x_wconf 83' lang='lat' dir='ltr'><strong>salvari?</strong></span> <span class='ocrx_word' id='word_1_433' title='bbox 690 5694 749 5753; x_wconf 88' lang='lat' dir='ltr'><strong>Si</strong></span> <span class='ocrx_word' id='word_1_434' title='bbox 772 5705 950 5752; x_wconf 88' lang='lat' dir='ltr'><strong>autem</strong></span> <span class='ocrx_word' id='word_1_435' title='bbox 971 5707 1155 5750; x_wconf 89' lang='lat' dir='ltr'><strong>rursus</strong></span> <span class='ocrx_word' id='word_1_436' title='bbox 1175 5691 1377 5747; x_wconf 91' lang='lat' dir='ltr'><strong>nullum</strong></span> <span class='ocrx_word' id='word_1_437' title='bbox 1399 5691 1782 5760; x_wconf 84' lang='lat' dir='ltr'><strong>putaverimus,</strong></span> <span class='ocrx_word' id='word_1_438' title='bbox 1806 5705 1928 5746; x_wconf 84' lang='lat' dir='ltr'><strong>con-</strong></span> 
     </span>
    </p>
   </div>
   <div class='ocr_carea' id='block_1_60' title="bbox 343 5779 1927 5854">
    <p class='ocr_par' dir='ltr' id='par_1_60' title="bbox 343 5779 1927 5854">
     <span class='ocr_line' id='line_1_60' title="bbox 343 5779 1927 5854; baseline -0.003 -14"><span class='ocrx_word' id='word_1_439' title='bbox 343 5785 659 5844; x_wconf 67' lang='lat' dir='ltr'><strong>indicimus</strong></span> <span class='ocrx_word' id='word_1_440' title='bbox 685 5784 967 5846; x_wconf 84' lang='lat' dir='ltr'><strong>Salvatori.</strong></span> <span class='ocrx_word' id='word_1_441' title='bbox 1001 5785 1092 5840; x_wconf 86' lang='lat' dir='ltr'><strong>Est</strong></span> <span class='ocrx_word' id='word_1_442' title='bbox 1120 5798 1245 5854; x_wconf 83' lang='lat' dir='ltr'><strong>ergo</strong></span> <span class='ocrx_word' id='word_1_443' title='bbox 1273 5781 1388 5838; x_wconf 87' lang='lat' dir='ltr'><strong>sine</strong></span> <span class='ocrx_word' id='word_1_444' title='bbox 1416 5779 1580 5837; x_wconf 90' lang='lat' dir='ltr'><strong>dubio</strong></span> <span class='ocrx_word' id='word_1_445' title='bbox 1605 5780 1778 5852; x_wconf 89' lang='lat' dir='ltr'><strong>aliqua</strong></span> <span class='ocrx_word' id='word_1_446' title='bbox 1810 5781 1927 5836; x_wconf 87' lang='lat' dir='ltr'><strong>bla-</strong></span> 
     </span>
    </p>
   </div>
   <div class='ocr_carea' id='block_1_61' title="bbox 1745 365 2195 423">
    <p class='ocr_par' dir='ltr' id='par_1_61' title="bbox 1745 365 2195 423">
     <span class='ocr_line' id='line_1_61' title="bbox 1745 365 2195 423; baseline -0.009 0"><span class='ocrx_word' id='word_1_447' title='bbox 1745 367 1973 423; x_wconf 73' lang='lat' dir='ltr'><strong>SERMO</strong></span> <span class='ocrx_word' id='word_1_448' title='bbox 2014 365 2195 421; x_wconf 76' lang='lat' dir='ltr'><strong>LXXI.</strong></span> 
     </span>
    </p>
   </div>
   <div class='ocr_carea' id='block_1_62' title="bbox 3493 372 3595 427">
    <p class='ocr_par' dir='ltr' id='par_1_62' title="bbox 3493 372 3595 427">
     <span class='ocr_line' id='line_1_62' title="bbox 3493 372 3595 427; baseline 0.01 -1"><span class='ocrx_word' id='word_1_449' title='bbox 3493 372 3595 427; x_wconf 65' lang='lat'><strong>450</strong></span> 
     </span>
    </p>
   </div>
   <div class='ocr_carea' id='block_1_63' title="bbox 2022 481 3676 553">
    <p class='ocr_par' dir='ltr' id='par_1_63' title="bbox 2022 481 3676 553">
     <span class='ocr_line' id='line_1_63' title="bbox 2022 481 3676 553; baseline 0.006 -19"><span class='ocrx_word' id='word_1_450' title='bbox 2022 481 2262 551; x_wconf 87' lang='lat' dir='ltr'><strong>sphemia</strong></span> <span class='ocrx_word' id='word_1_451' title='bbox 2304 490 2355 536; x_wconf 91' lang='lat' dir='ltr'><strong>et</strong></span> <span class='ocrx_word' id='word_1_452' title='bbox 2397 481 2611 550; x_wconf 91' lang='lat' dir='ltr'><strong>aliquod</strong></span> <span class='ocrx_word' id='word_1_453' title='bbox 2652 482 2906 548; x_wconf 79' lang='lat' dir='ltr'><strong>verbum,</strong></span> <span class='ocrx_word' id='word_1_454' title='bbox 2951 483 3093 553; x_wconf 88' lang='lat' dir='ltr'><strong>quod</strong></span> <span class='ocrx_word' id='word_1_455' title='bbox 3139 485 3185 539; x_wconf 89' lang='lat' dir='ltr'><strong>si</strong></span> <span class='ocrx_word' id='word_1_456' title='bbox 3213 485 3412 541; x_wconf 90' lang='lat' dir='ltr'><strong>dictum</strong></span> <span class='ocrx_word' id='word_1_457' title='bbox 3440 487 3600 544; x_wconf 86' lang='lat' dir='ltr'><strong>fuerit</strong></span> <span class='ocrx_word' id='word_1_458' title='bbox 3638 494 3676 516; x_wconf 77' lang='lat'>&quot;</span> 
     </span>
    </p>
   </div>
   <div class='ocr_carea' id='block_1_64' title="bbox 2017 572 3600 646">
    <p class='ocr_par' dir='ltr' id='par_1_64' title="bbox 2017 572 3600 646">
     <span class='ocr_line' id='line_1_64' title="bbox 2017 572 3600 646; baseline 0.005 -19"><span class='ocrx_word' id='word_1_459' title='bbox 2017 581 2201 627; x_wconf 87' lang='lat' dir='ltr'><strong>contra</strong></span> <span class='ocrx_word' id='word_1_460' title='bbox 2240 572 2492 642; x_wconf 84' lang='lat' dir='ltr'><strong>Spiritum</strong></span> <span class='ocrx_word' id='word_1_461' title='bbox 2538 583 2802 638; x_wconf 90' lang='lat' dir='ltr'><strong>sanctum,</strong></span> <span class='ocrx_word' id='word_1_462' title='bbox 2848 589 2952 628; x_wconf 88' lang='lat' dir='ltr'><strong>non</strong></span> <span class='ocrx_word' id='word_1_463' title='bbox 3000 576 3316 632; x_wconf 87' lang='lat' dir='ltr'><strong>remittetur.</strong></span> <span class='ocrx_word' id='word_1_464' title='bbox 3351 578 3500 646; x_wconf 88' lang='lat' dir='ltr'><strong>Quod</strong></span> <span class='ocrx_word' id='word_1_465' title='bbox 3527 579 3600 635; x_wconf 85' lang='lat' dir='ltr'><strong>sit</strong></span> 
     </span>
    </p>
   </div>
   <div class='ocr_carea' id='block_1_65' title="bbox 2017 665 3597 736">
    <p class='ocr_par' dir='ltr' id='par_1_65' title="bbox 2017 665 3597 736">
     <span class='ocr_line' id='line_1_65' title="bbox 2017 665 3597 736; baseline 0.004 -18"><span class='ocrx_word' id='word_1_466' title='bbox 2017 674 2196 720; x_wconf 89' lang='lat' dir='ltr'><strong>autem</strong></span> <span class='ocrx_word' id='word_1_467' title='bbox 2227 665 2327 720; x_wconf 91' lang='lat' dir='ltr'><strong>hoc</strong></span> <span class='ocrx_word' id='word_1_468' title='bbox 2368 666 2588 721; x_wconf 87' lang='lat' dir='ltr'><strong>verbum</strong></span> <span class='ocrx_word' id='word_1_469' title='bbox 2611 706 2625 731; x_wconf 94' lang='lat'><strong>,</strong></span> <span class='ocrx_word' id='word_1_470' title='bbox 2659 667 2824 736; x_wconf 71' lang='lat' dir='ltr'><strong>quaeri</strong></span> <span class='ocrx_word' id='word_1_471' title='bbox 2864 680 2894 720; x_wconf 90' lang='lat' dir='ltr'><strong>a</strong></span> <span class='ocrx_word' id='word_1_472' title='bbox 2925 667 3079 721; x_wconf 90' lang='lat' dir='ltr'><strong>nobis</strong></span> <span class='ocrx_word' id='word_1_473' title='bbox 3116 668 3370 723; x_wconf 88' lang='lat' dir='ltr'><strong>Dominus</strong></span> <span class='ocrx_word' id='word_1_474' title='bbox 3397 670 3597 735; x_wconf 88' lang='lat' dir='ltr'><strong>voluit;</strong></span> 
     </span>
    </p>
   </div>
   <div class='ocr_carea' id='block_1_66' title="bbox 2017 759 3598 832">
    <p class='ocr_par' dir='ltr' id='par_1_66' title="bbox 2017 759 3598 832">
     <span class='ocr_line' id='line_1_66' title="bbox 2017 759 3598 832; baseline 0.003 -19"><span class='ocrx_word' id='word_1_475' title='bbox 2017 759 2139 814; x_wconf 88' lang='lat' dir='ltr'><strong>ideo</strong></span> <span class='ocrx_word' id='word_1_476' title='bbox 2170 775 2274 814; x_wconf 91' lang='lat' dir='ltr'><strong>non</strong></span> <span class='ocrx_word' id='word_1_477' title='bbox 2305 760 2585 829; x_wconf 83' lang='lat' dir='ltr'><strong>expressit.</strong></span> <span class='ocrx_word' id='word_1_478' title='bbox 2617 759 2824 827; x_wconf 64' lang='lat' dir='ltr'><strong>Quaeri,</strong></span> <span class='ocrx_word' id='word_1_479' title='bbox 2862 761 3095 832; x_wconf 91' lang='lat' dir='ltr'><strong>inquam,</strong></span> <span class='ocrx_word' id='word_1_480' title='bbox 3126 761 3322 828; x_wconf 89' lang='lat' dir='ltr'><strong>voluit,</strong></span> <span class='ocrx_word' id='word_1_481' title='bbox 3367 779 3470 816; x_wconf 89' lang='lat' dir='ltr'><strong>non</strong></span> <span class='ocrx_word' id='word_1_482' title='bbox 3499 779 3598 819; x_wconf 87' lang='lat' dir='ltr'><strong>ne-</strong></span> 
     </span>
    </p>
   </div>
   <div class='ocr_carea' id='block_1_67' title="bbox 2015 850 3598 923">
    <p class='ocr_par' dir='ltr' id='par_1_67' title="bbox 2015 850 3598 923">
     <span class='ocr_line' id='line_1_67' title="bbox 2015 850 3598 923; baseline 0.003 -20"><span class='ocrx_word' id='word_1_483' title='bbox 2015 851 2149 918; x_wconf 87' lang='lat' dir='ltr'><strong>gari.</strong></span> <span class='ocrx_word' id='word_1_484' title='bbox 2173 850 2358 905; x_wconf 85' lang='lat' dir='ltr'><strong>Solent</strong></span> <span class='ocrx_word' id='word_1_485' title='bbox 2381 851 2522 906; x_wconf 87' lang='lat' dir='ltr'><strong>enim</strong></span> <span class='ocrx_word' id='word_1_486' title='bbox 2553 850 2842 921; x_wconf 73' lang='lat' dir='ltr'><strong>Scriptum</strong></span> <span class='ocrx_word' id='word_1_487' title='bbox 2872 851 2940 905; x_wconf 90' lang='lat' dir='ltr'><strong>ita</strong></span> <span class='ocrx_word' id='word_1_488' title='bbox 2971 851 3146 922; x_wconf 87' lang='lat' dir='ltr'><strong>loqui,</strong></span> <span class='ocrx_word' id='word_1_489' title='bbox 3174 861 3232 907; x_wconf 89' lang='lat' dir='ltr'><strong>ut</strong></span> <span class='ocrx_word' id='word_1_490' title='bbox 3255 854 3468 923; x_wconf 89' lang='lat' dir='ltr'><strong>quando</strong></span> <span class='ocrx_word' id='word_1_491' title='bbox 3495 855 3598 909; x_wconf 89' lang='lat' dir='ltr'><strong>ali-</strong></span> 
     </span>
    </p>
   </div>
   <div class='ocr_carea' id='block_1_68' title="bbox 2017 939 3601 1014">
    <p class='ocr_par' dir='ltr' id='par_1_68' title="bbox 2017 939 3601 1014">
     <span class='ocr_line' id='line_1_68' title="bbox 2017 939 3601 1014; baseline 0.004 -22"><span class='ocrx_word' id='word_1_492' title='bbox 2017 939 2142 1009; x_wconf 86' lang='lat' dir='ltr'><strong>quid</strong></span> <span class='ocrx_word' id='word_1_493' title='bbox 2170 941 2248 995; x_wconf 90' lang='lat' dir='ltr'><strong>sic</strong></span> <span class='ocrx_word' id='word_1_494' title='bbox 2274 941 2486 1007; x_wconf 88' lang='lat' dir='ltr'><strong>dicitur,</strong></span> <span class='ocrx_word' id='word_1_495' title='bbox 2517 951 2576 996; x_wconf 89' lang='lat' dir='ltr'><strong>ut</strong></span> <span class='ocrx_word' id='word_1_496' title='bbox 2604 957 2775 1012; x_wconf 89' lang='lat' dir='ltr'><strong>neque</strong></span> <span class='ocrx_word' id='word_1_497' title='bbox 2805 956 2869 996; x_wconf 87' lang='lat' dir='ltr'><strong>cx</strong></span> <span class='ocrx_word' id='word_1_498' title='bbox 2904 949 3016 996; x_wconf 89' lang='lat' dir='ltr'><strong>toto</strong></span> <span class='ocrx_word' id='word_1_499' title='bbox 3042 957 3214 1012; x_wconf 85' lang='lat' dir='ltr'><strong>neque</strong></span> <span class='ocrx_word' id='word_1_500' title='bbox 3239 959 3304 998; x_wconf 87' lang='lat' dir='ltr'><strong>ex</strong></span> <span class='ocrx_word' id='word_1_501' title='bbox 3336 953 3484 1014; x_wconf 90' lang='lat' dir='ltr'><strong>parte</strong></span> <span class='ocrx_word' id='word_1_502' title='bbox 3511 945 3601 999; x_wconf 81' lang='lat' dir='ltr'><strong>di-</strong></span> 
     </span>
    </p>
   </div>
   <div class='ocr_carea' id='block_1_69' title="bbox 2017 1033 3596 1106">
    <p class='ocr_par' dir='ltr' id='par_1_69' title="bbox 2017 1033 3596 1106">
     <span class='ocr_line' id='line_1_69' title="bbox 2017 1033 3596 1106; baseline 0.002 -21"><span class='ocrx_word' id='word_1_503' title='bbox 2017 1042 2160 1086; x_wconf 90' lang='lat' dir='ltr'><strong>ctum</strong></span> <span class='ocrx_word' id='word_1_504' title='bbox 2192 1033 2404 1088; x_wconf 83' lang='lat' dir='ltr'><strong>finiatur</strong></span> <span class='ocrx_word' id='word_1_505' title='bbox 2430 1036 2468 1100; x_wconf 84' lang='lat'><strong>&#39;,</strong></span> <span class='ocrx_word' id='word_1_506' title='bbox 2492 1049 2598 1088; x_wconf 94' lang='lat' dir='ltr'><strong>non</strong></span> <span class='ocrx_word' id='word_1_507' title='bbox 2625 1035 2695 1090; x_wconf 90' lang='lat' dir='ltr'><strong>sit</strong></span> <span class='ocrx_word' id='word_1_508' title='bbox 2720 1048 2940 1089; x_wconf 88' lang='lat' dir='ltr'><strong>necesse</strong></span> <span class='ocrx_word' id='word_1_509' title='bbox 2961 1042 3018 1087; x_wconf 92' lang='lat' dir='ltr'><strong>ut</strong></span> <span class='ocrx_word' id='word_1_510' title='bbox 3042 1048 3104 1089; x_wconf 86' lang='lat' dir='ltr'><strong>ex</strong></span> <span class='ocrx_word' id='word_1_511' title='bbox 3134 1041 3244 1089; x_wconf 89' lang='lat' dir='ltr'><strong>toto</strong></span> <span class='ocrx_word' id='word_1_512' title='bbox 3268 1035 3378 1090; x_wconf 77' lang='lat' dir='ltr'><strong>fieri</strong></span> <span class='ocrx_word' id='word_1_513' title='bbox 3409 1036 3596 1106; x_wconf 85' lang='lat' dir='ltr'><strong>possit,</strong></span> 
     </span>
    </p>
   </div>
   <div class='ocr_carea' id='block_1_70' title="bbox 2019 1125 3598 1196">
    <p class='ocr_par' dir='ltr' id='par_1_70' title="bbox 2019 1125 3598 1196">
     <span class='ocr_line' id='line_1_70' title="bbox 2019 1125 3598 1196; baseline 0.001 -18"><span class='ocrx_word' id='word_1_514' title='bbox 2019 1132 2078 1178; x_wconf 89' lang='lat' dir='ltr'><strong>ut</strong></span> <span class='ocrx_word' id='word_1_515' title='bbox 2101 1134 2156 1179; x_wconf 90' lang='lat' dir='ltr'><strong>et</strong></span> <span class='ocrx_word' id='word_1_516' title='bbox 2183 1139 2252 1180; x_wconf 88' lang='lat' dir='ltr'><strong>ex</strong></span> <span class='ocrx_word' id='word_1_517' title='bbox 2280 1133 2430 1194; x_wconf 86' lang='lat' dir='ltr'><strong>parte</strong></span> <span class='ocrx_word' id='word_1_518' title='bbox 2457 1141 2561 1180; x_wconf 92' lang='lat' dir='ltr'><strong>non</strong></span> <span class='ocrx_word' id='word_1_519' title='bbox 2590 1126 2934 1196; x_wconf 78' lang='lat' dir='ltr'><strong>intelligatur.</strong></span> <span class='ocrx_word' id='word_1_520' title='bbox 2964 1125 3064 1180; x_wconf 84' lang='lat' dir='ltr'><strong>ista</strong></span> <span class='ocrx_word' id='word_1_521' title='bbox 3091 1140 3218 1195; x_wconf 83' lang='lat' dir='ltr'><strong>ergo</strong></span> <span class='ocrx_word' id='word_1_522' title='bbox 3242 1127 3506 1181; x_wconf 89' lang='lat' dir='ltr'><strong>sententia</strong></span> <span class='ocrx_word' id='word_1_523' title='bbox 3533 1143 3598 1181; x_wconf 87' lang='lat' dir='ltr'><strong>ex</strong></span> 
     </span>
    </p>
   </div>
   <div class='ocr_carea' id='block_1_71' title="bbox 2020 1216 3600 1289">
    <p class='ocr_par' dir='ltr' id='par_1_71' title="bbox 2020 1216 3600 1289">
     <span class='ocr_line' id='line_1_71' title="bbox 2020 1216 3600 1289; baseline 0.003 -19"><span class='ocrx_word' id='word_1_524' title='bbox 2020 1224 2152 1282; x_wconf 90' lang='lat' dir='ltr'><strong>toto,</strong></span> <span class='ocrx_word' id='word_1_525' title='bbox 2182 1216 2232 1270; x_wconf 91' lang='lat' dir='ltr'><strong>id</strong></span> <span class='ocrx_word' id='word_1_526' title='bbox 2262 1228 2361 1283; x_wconf 89' lang='lat' dir='ltr'><strong>cst,</strong></span> <span class='ocrx_word' id='word_1_527' title='bbox 2404 1218 2778 1273; x_wconf 88' lang='lat' dir='ltr'><strong>universalitcr</strong></span> <span class='ocrx_word' id='word_1_528' title='bbox 2821 1219 3271 1289; x_wconf 87' lang='lat' dir='ltr'><strong>pronuntiaretur,</strong></span> <span class='ocrx_word' id='word_1_529' title='bbox 3301 1220 3344 1272; x_wconf 91' lang='lat' dir='ltr'><strong>si</strong></span> <span class='ocrx_word' id='word_1_530' title='bbox 3391 1219 3600 1274; x_wconf 86' lang='lat' dir='ltr'><strong>dicere-</strong></span> 
     </span>
    </p>
   </div>
   <div class='ocr_carea' id='block_1_72' title="bbox 2020 1310 3596 1382">
    <p class='ocr_par' dir='ltr' id='par_1_72' title="bbox 2020 1310 3596 1382">
     <span class='ocr_line' id='line_1_72' title="bbox 2020 1310 3596 1382; baseline 0.001 -18"><span class='ocrx_word' id='word_1_531' title='bbox 2020 1319 2125 1374; x_wconf 89' lang='lat' dir='ltr'><strong>tur,</strong></span> <span class='ocrx_word' id='word_1_532' title='bbox 2154 1310 2339 1365; x_wconf 87' lang='lat' dir='ltr'><strong>Omnis</strong></span> <span class='ocrx_word' id='word_1_533' title='bbox 2369 1310 2695 1382; x_wconf 88' lang='lat' dir='ltr'><strong>blasphemia</strong></span> <span class='ocrx_word' id='word_1_534' title='bbox 2722 1311 2948 1381; x_wconf 90' lang='lat' dir='ltr'><strong>Spiritus</strong></span> <span class='ocrx_word' id='word_1_535' title='bbox 2975 1327 3079 1366; x_wconf 90' lang='lat' dir='ltr'><strong>non</strong></span> <span class='ocrx_word' id='word_1_536' title='bbox 3109 1311 3436 1376; x_wconf 90' lang='lat' dir='ltr'><strong>remittetur;</strong></span> <span class='ocrx_word' id='word_1_537' title='bbox 3468 1321 3596 1378; x_wconf 91' lang='lat' dir='ltr'><strong>aut,</strong></span> 
     </span>
    </p>
   </div>
   <div class='ocr_carea' id='block_1_73' title="bbox 2017 1399 3597 1473">
    <p class='ocr_par' dir='ltr' id='par_1_73' title="bbox 2017 1399 3597 1473">
     <span class='ocr_line' id='line_1_73' title="bbox 2017 1399 3597 1473; baseline 0.002 -18"><span class='ocrx_word' id='word_1_538' title='bbox 2017 1401 2117 1470; x_wconf 88' lang='lat' dir='ltr'><strong>Qui</strong></span> <span class='ocrx_word' id='word_1_539' title='bbox 2166 1399 2360 1456; x_wconf 85' lang='lat' dir='ltr'><strong>dixerit</strong></span> <span class='ocrx_word' id='word_1_540' title='bbox 2404 1404 2794 1473; x_wconf 86' lang='lat' dir='ltr'><strong>qualecumque</strong></span> <span class='ocrx_word' id='word_1_541' title='bbox 2845 1404 3066 1458; x_wconf 85' lang='lat' dir='ltr'><strong>verbum</strong></span> <span class='ocrx_word' id='word_1_542' title='bbox 3111 1411 3294 1458; x_wconf 86' lang='lat' dir='ltr'><strong>contra</strong></span> <span class='ocrx_word' id='word_1_543' title='bbox 3343 1403 3597 1472; x_wconf 89' lang='lat' dir='ltr'><strong>Spiritum</strong></span> 
     </span>
    </p>
   </div>
   <div class='ocr_carea' id='block_1_74' title="bbox 2019 1493 3603 1564">
    <p class='ocr_par' dir='ltr' id='par_1_74' title="bbox 2019 1493 3603 1564">
     <span class='ocr_line' id='line_1_74' title="bbox 2019 1493 3603 1564; baseline 0.002 -18"><span class='ocrx_word' id='word_1_544' title='bbox 2019 1500 2283 1558; x_wconf 89' lang='lat' dir='ltr'><strong>sanctum,</strong></span> <span class='ocrx_word' id='word_1_545' title='bbox 2313 1507 2418 1547; x_wconf 93' lang='lat' dir='ltr'><strong>non</strong></span> <span class='ocrx_word' id='word_1_546' title='bbox 2443 1493 2741 1550; x_wconf 88' lang='lat' dir='ltr'><strong>remittetur</strong></span> <span class='ocrx_word' id='word_1_547' title='bbox 2765 1495 2812 1548; x_wconf 91' lang='lat' dir='ltr'><strong>ei</strong></span> <span class='ocrx_word' id='word_1_548' title='bbox 2833 1537 2849 1562; x_wconf 96' lang='lat'><strong>,</strong></span> <span class='ocrx_word' id='word_1_549' title='bbox 2875 1509 3048 1564; x_wconf 88' lang='lat' dir='ltr'><strong>neque</strong></span> <span class='ocrx_word' id='word_1_550' title='bbox 3073 1495 3124 1548; x_wconf 91' lang='lat' dir='ltr'><strong>in</strong></span> <span class='ocrx_word' id='word_1_551' title='bbox 3154 1493 3253 1548; x_wconf 90' lang='lat' dir='ltr'><strong>hoc</strong></span> <span class='ocrx_word' id='word_1_552' title='bbox 3281 1494 3476 1549; x_wconf 66' lang='lat' dir='ltr'><strong>sarculo</strong></span> <span class='ocrx_word' id='word_1_553' title='bbox 3505 1509 3603 1549; x_wconf 84' lang='lat' dir='ltr'><strong>ne-</strong></span> 
     </span>
    </p>
   </div>
   <div class='ocr_carea' id='block_1_75' title="bbox 2025 1584 3602 1656">
    <p class='ocr_par' dir='ltr' id='par_1_75' title="bbox 2025 1584 3602 1656">
     <span class='ocr_line' id='line_1_75' title="bbox 2025 1584 3602 1656; baseline 0.002 -19"><span class='ocrx_word' id='word_1_554' title='bbox 2025 1600 2130 1654; x_wconf 90' lang='lat' dir='ltr'><strong>que</strong></span> <span class='ocrx_word' id='word_1_555' title='bbox 2155 1586 2206 1639; x_wconf 92' lang='lat' dir='ltr'><strong>in</strong></span> <span class='ocrx_word' id='word_1_556' title='bbox 2241 1584 2436 1640; x_wconf 89' lang='lat' dir='ltr'><strong>futuro.</strong></span> <span class='ocrx_word' id='word_1_557' title='bbox 2467 1586 2544 1641; x_wconf 88' lang='lat' dir='ltr'><strong>Ex</strong></span> <span class='ocrx_word' id='word_1_558' title='bbox 2573 1596 2721 1656; x_wconf 88' lang='lat' dir='ltr'><strong>parte</strong></span> <span class='ocrx_word' id='word_1_559' title='bbox 2749 1597 2948 1653; x_wconf 88' lang='lat' dir='ltr'><strong>autem,</strong></span> <span class='ocrx_word' id='word_1_560' title='bbox 2978 1586 3029 1641; x_wconf 88' lang='lat' dir='ltr'><strong>id</strong></span> <span class='ocrx_word' id='word_1_561' title='bbox 3073 1595 3181 1652; x_wconf 89' lang='lat' dir='ltr'><strong>est,</strong></span> <span class='ocrx_word' id='word_1_562' title='bbox 3215 1586 3602 1656; x_wconf 86' lang='lat' dir='ltr'><strong>particulariter</strong></span> 
     </span>
    </p>
   </div>
   <div class='ocr_carea' id='block_1_76' title="bbox 2023 1677 3600 1746">
    <p class='ocr_par' dir='ltr' id='par_1_76' title="bbox 2023 1677 3600 1746">
     <span class='ocr_line' id='line_1_76' title="bbox 2023 1677 3600 1746; baseline 0.001 -18"><span class='ocrx_word' id='word_1_563' title='bbox 2023 1678 2476 1745; x_wconf 83' lang='lat' dir='ltr'><strong>pronuntiaretur,</strong></span> <span class='ocrx_word' id='word_1_564' title='bbox 2527 1678 2572 1733; x_wconf 92' lang='lat' dir='ltr'><strong>si</strong></span> <span class='ocrx_word' id='word_1_565' title='bbox 2620 1678 2921 1740; x_wconf 84' lang='lat' dir='ltr'><strong>diceretur,</strong></span> <span class='ocrx_word' id='word_1_566' title='bbox 2972 1677 3224 1745; x_wconf 65' lang='lat' dir='ltr'><strong>Quatdam</strong></span> <span class='ocrx_word' id='word_1_567' title='bbox 3273 1677 3600 1746; x_wconf 79' lang='lat' dir='ltr'><strong>bIaSphemia</strong></span> 
     </span>
    </p>
   </div>
   <div class='ocr_carea' id='block_1_77' title="bbox 2023 1767 3600 1839">
    <p class='ocr_par' dir='ltr' id='par_1_77' title="bbox 2023 1767 3600 1839">
     <span class='ocr_line' id='line_1_77' title="bbox 2023 1767 3600 1839; baseline -0.001 -17"><span class='ocrx_word' id='word_1_568' title='bbox 2023 1767 2252 1836; x_wconf 84' lang='lat' dir='ltr'><strong>Spiritus</strong></span> <span class='ocrx_word' id='word_1_569' title='bbox 2283 1783 2388 1821; x_wconf 91' lang='lat' dir='ltr'><strong>non</strong></span> <span class='ocrx_word' id='word_1_570' title='bbox 2431 1769 2748 1822; x_wconf 87' lang='lat' dir='ltr'><strong>remittetur.</strong></span> <span class='ocrx_word' id='word_1_571' title='bbox 2780 1767 2910 1834; x_wconf 88' lang='lat' dir='ltr'><strong>Quia</strong></span> <span class='ocrx_word' id='word_1_572' title='bbox 2949 1783 3078 1839; x_wconf 83' lang='lat' dir='ltr'><strong>ergo</strong></span> <span class='ocrx_word' id='word_1_573' title='bbox 3106 1783 3202 1822; x_wconf 87' lang='lat' dir='ltr'><strong>nec</strong></span> <span class='ocrx_word' id='word_1_574' title='bbox 3231 1767 3600 1822; x_wconf 84' lang='lat' dir='ltr'><strong>univcrsaliter</strong></span> 
     </span>
    </p>
   </div>
   <div class='ocr_carea' id='block_1_78' title="bbox 2020 1859 3599 1931">
    <p class='ocr_par' dir='ltr' id='par_1_78' title="bbox 2020 1859 3599 1931">
     <span class='ocr_line' id='line_1_78' title="bbox 2020 1859 3599 1931; baseline -0.001 -17"><span class='ocrx_word' id='word_1_575' title='bbox 2020 1875 2118 1914; x_wconf 91' lang='lat' dir='ltr'><strong>nec</strong></span> <span class='ocrx_word' id='word_1_576' title='bbox 2143 1860 2529 1929; x_wconf 86' lang='lat' dir='ltr'><strong>particulariter</strong></span> <span class='ocrx_word' id='word_1_577' title='bbox 2555 1860 2824 1914; x_wconf 89' lang='lat' dir='ltr'><strong>enuntiata</strong></span> <span class='ocrx_word' id='word_1_578' title='bbox 2862 1859 3124 1914; x_wconf 89' lang='lat' dir='ltr'><strong>sententia</strong></span> <span class='ocrx_word' id='word_1_579' title='bbox 3155 1867 3235 1914; x_wconf 88' lang='lat' dir='ltr'><strong>est</strong></span> <span class='ocrx_word' id='word_1_580' title='bbox 3268 1861 3414 1931; x_wconf 87' lang='lat' dir='ltr'><strong>(non</strong></span> <span class='ocrx_word' id='word_1_581' title='bbox 3457 1860 3599 1914; x_wconf 85' lang='lat' dir='ltr'><strong>enim</strong></span> 
     </span>
    </p>
   </div>
   <div class='ocr_carea' id='block_1_79' title="bbox 2019 1948 3604 2020">
    <p class='ocr_par' dir='ltr' id='par_1_79' title="bbox 2019 1948 3604 2020">
     <span class='ocr_line' id='line_1_79' title="bbox 2019 1948 3604 2020; baseline -0.001 -16"><span class='ocrx_word' id='word_1_582' title='bbox 2019 1950 2219 2005; x_wconf 86' lang='lat' dir='ltr'><strong>dictum</strong></span> <span class='ocrx_word' id='word_1_583' title='bbox 2259 1958 2375 2015; x_wconf 90' lang='lat' dir='ltr'><strong>est,</strong></span> <span class='ocrx_word' id='word_1_584' title='bbox 2405 1948 2591 2004; x_wconf 87' lang='lat' dir='ltr'><strong>Omnis</strong></span> <span class='ocrx_word' id='word_1_585' title='bbox 2618 1950 2946 2020; x_wconf 84' lang='lat' dir='ltr'><strong>blasphemia</strong></span> <span class='ocrx_word' id='word_1_586' title='bbox 2983 1950 3242 2019; x_wconf 88' lang='lat' dir='ltr'><strong>Spiritus;</strong></span> <span class='ocrx_word' id='word_1_587' title='bbox 3289 1958 3414 2015; x_wconf 88' lang='lat' dir='ltr'><strong>aut,</strong></span> <span class='ocrx_word' id='word_1_588' title='bbox 3458 1966 3604 2020; x_wconf 78' lang='lat' dir='ltr'><strong>qum-</strong></span> 
     </span>
    </p>
   </div>
   <div class='ocr_carea' id='block_1_80' title="bbox 2019 2041 3600 2110">
    <p class='ocr_par' dir='ltr' id='par_1_80' title="bbox 2019 2041 3600 2110">
     <span class='ocr_line' id='line_1_80' title="bbox 2019 2041 3600 2110; baseline 0.002 -16"><span class='ocrx_word' id='word_1_589' title='bbox 2019 2041 2140 2095; x_wconf 91' lang='lat' dir='ltr'><strong>dam</strong></span> <span class='ocrx_word' id='word_1_590' title='bbox 2174 2041 2531 2110; x_wconf 86' lang='lat' dir='ltr'><strong>blasphemia;</strong></span> <span class='ocrx_word' id='word_1_591' title='bbox 2576 2041 2669 2096; x_wconf 88' lang='lat' dir='ltr'><strong>sed</strong></span> <span class='ocrx_word' id='word_1_592' title='bbox 2711 2041 3076 2096; x_wconf 86' lang='lat' dir='ltr'><strong>tantummodo</strong></span> <span class='ocrx_word' id='word_1_593' title='bbox 3106 2041 3376 2098; x_wconf 78' lang='lat' dir='ltr'><strong>indefinite</strong></span> <span class='ocrx_word' id='word_1_594' title='bbox 3403 2043 3600 2097; x_wconf 88' lang='lat' dir='ltr'><strong>dictum</strong></span> 
     </span>
    </p>
   </div>
   <div class='ocr_carea' id='block_1_81' title="bbox 2018 2131 3600 2200">
    <p class='ocr_par' dir='ltr' id='par_1_81' title="bbox 2018 2131 3600 2200">
     <span class='ocr_line' id='line_1_81' title="bbox 2018 2131 3600 2200; baseline -0.001 -14"><span class='ocrx_word' id='word_1_595' title='bbox 2018 2140 2120 2198; x_wconf 83' lang='lat' dir='ltr'><strong>est,</strong></span> <span class='ocrx_word' id='word_1_596' title='bbox 2168 2131 2390 2200; x_wconf 77' lang='lat' dir='ltr'><strong>Spiritus</strong></span> <span class='ocrx_word' id='word_1_597' title='bbox 2419 2132 2727 2200; x_wconf 81' lang='lat' dir='ltr'><strong>blasphemia</strong></span> <span class='ocrx_word' id='word_1_598' title='bbox 2756 2148 2855 2184; x_wconf 81' lang='lat' dir='ltr'><strong>non</strong></span> <span class='ocrx_word' id='word_1_599' title='bbox 2896 2132 3214 2185; x_wconf 83' lang='lat' dir='ltr'><strong>remittetur:</strong></span> <span class='ocrx_word' id='word_1_600' title='bbox 3259 2147 3357 2187; x_wconf 87' lang='lat' dir='ltr'><strong>nec</strong></span> <span class='ocrx_word' id='word_1_601' title='bbox 3399 2132 3600 2186; x_wconf 89' lang='lat' dir='ltr'><strong>dictum</strong></span> 
     </span>
    </p>
   </div>
   <div class='ocr_carea' id='block_1_82' title="bbox 2021 2223 3602 2294">
    <p class='ocr_par' dir='ltr' id='par_1_82' title="bbox 2021 2223 3602 2294">
     <span class='ocr_line' id='line_1_82' title="bbox 2021 2223 3602 2294; baseline 0 -15"><span class='ocrx_word' id='word_1_602' title='bbox 2021 2233 2123 2290; x_wconf 88' lang='lat' dir='ltr'><strong>est,</strong></span> <span class='ocrx_word' id='word_1_603' title='bbox 2161 2223 2261 2290; x_wconf 85' lang='lat' dir='ltr'><strong>Qui</strong></span> <span class='ocrx_word' id='word_1_604' title='bbox 2299 2223 2492 2278; x_wconf 88' lang='lat' dir='ltr'><strong>dixerit</strong></span> <span class='ocrx_word' id='word_1_605' title='bbox 2519 2223 2889 2294; x_wconf 90' lang='lat' dir='ltr'><strong>quodcumque</strong></span> <span class='ocrx_word' id='word_1_606' title='bbox 2915 2224 3167 2291; x_wconf 91' lang='lat' dir='ltr'><strong>verbum;</strong></span> <span class='ocrx_word' id='word_1_607' title='bbox 3197 2233 3304 2289; x_wconf 88' lang='lat' dir='ltr'><strong>aut,</strong></span> <span class='ocrx_word' id='word_1_608' title='bbox 3335 2224 3425 2294; x_wconf 89' lang='lat' dir='ltr'><strong>qui</strong></span> <span class='ocrx_word' id='word_1_609' title='bbox 3450 2224 3602 2279; x_wconf 84' lang='lat' dir='ltr'><strong>dixe-</strong></span> 
     </span>
    </p>
   </div>
   <div class='ocr_carea' id='block_1_83' title="bbox 2022 2314 3605 2386">
    <p class='ocr_par' dir='ltr' id='par_1_83' title="bbox 2022 2314 3605 2386">
     <span class='ocr_line' id='line_1_83' title="bbox 2022 2314 3605 2386; baseline 0.001 -16"><span class='ocrx_word' id='word_1_610' title='bbox 2022 2316 2095 2370; x_wconf 87' lang='lat' dir='ltr'><strong>rit</strong></span> <span class='ocrx_word' id='word_1_611' title='bbox 2121 2315 2386 2386; x_wconf 90' lang='lat' dir='ltr'><strong>quoddam</strong></span> <span class='ocrx_word' id='word_1_612' title='bbox 2419 2316 2672 2380; x_wconf 88' lang='lat' dir='ltr'><strong>verbum;</strong></span> <span class='ocrx_word' id='word_1_613' title='bbox 2703 2315 2796 2370; x_wconf 88' lang='lat' dir='ltr'><strong>sed</strong></span> <span class='ocrx_word' id='word_1_614' title='bbox 2827 2314 3117 2382; x_wconf 87' lang='lat' dir='ltr'><strong>indefinite,</strong></span> <span class='ocrx_word' id='word_1_615' title='bbox 3158 2315 3258 2380; x_wconf 79' lang='lat' dir='ltr'><strong>Qui</strong></span> <span class='ocrx_word' id='word_1_616' title='bbox 3285 2317 3466 2371; x_wconf 72' lang='lat' dir='ltr'><strong>dixerit</strong></span> <span class='ocrx_word' id='word_1_617' title='bbox 3496 2334 3605 2371; x_wconf 78' lang='lat' dir='ltr'><strong>vcr-</strong></span> 
     </span>
    </p>
   </div>
   <div class='ocr_carea' id='block_1_84' title="bbox 2023 2407 3605 2480">
    <p class='ocr_par' dir='ltr' id='par_1_84' title="bbox 2023 2407 3605 2480">
     <span class='ocr_line' id='line_1_84' title="bbox 2023 2407 3605 2480; baseline 0.001 -17"><span class='ocrx_word' id='word_1_618' title='bbox 2023 2410 2209 2480; x_wconf 85' lang='lat' dir='ltr'><strong>bum);</strong></span> <span class='ocrx_word' id='word_1_619' title='bbox 2240 2425 2347 2464; x_wconf 90' lang='lat' dir='ltr'><strong>non</strong></span> <span class='ocrx_word' id='word_1_620' title='bbox 2375 2418 2457 2464; x_wconf 87' lang='lat' dir='ltr'><strong>est</strong></span> <span class='ocrx_word' id='word_1_621' title='bbox 2493 2423 2710 2463; x_wconf 87' lang='lat' dir='ltr'><strong>necesse</strong></span> <span class='ocrx_word' id='word_1_622' title='bbox 2741 2418 2798 2462; x_wconf 91' lang='lat' dir='ltr'><strong>ut</strong></span> <span class='ocrx_word' id='word_1_623' title='bbox 2838 2423 3051 2463; x_wconf 92' lang='lat' dir='ltr'><strong>omnem</strong></span> <span class='ocrx_word' id='word_1_624' title='bbox 3095 2407 3478 2478; x_wconf 87' lang='lat' dir='ltr'><strong>blasphemiam</strong></span> <span class='ocrx_word' id='word_1_625' title='bbox 3523 2411 3605 2466; x_wconf 90' lang='lat' dir='ltr'><strong>vel</strong></span> 
     </span>
    </p>
   </div>
   <div class='ocr_carea' id='block_1_85' title="bbox 2024 2499 3609 2570">
    <p class='ocr_par' dir='ltr' id='par_1_85' title="bbox 2024 2499 3609 2570">
     <span class='ocr_line' id='line_1_85' title="bbox 2024 2499 3609 2570; baseline 0 -14"><span class='ocrx_word' id='word_1_626' title='bbox 2024 2517 2186 2556; x_wconf 91' lang='lat' dir='ltr'><strong>omne</strong></span> <span class='ocrx_word' id='word_1_627' title='bbox 2206 2501 2426 2556; x_wconf 90' lang='lat' dir='ltr'><strong>verbum</strong></span> <span class='ocrx_word' id='word_1_628' title='bbox 2457 2499 2813 2570; x_wconf 74' lang='lat' dir='ltr'><strong>intelligamus</strong></span> <span class='ocrx_word' id='word_1_629' title='bbox 2838 2518 2852 2555; x_wconf 92' lang='lat'><strong>:</strong></span> <span class='ocrx_word' id='word_1_630' title='bbox 2883 2499 2976 2555; x_wconf 88' lang='lat' dir='ltr'><strong>sed</strong></span> <span class='ocrx_word' id='word_1_631' title='bbox 3007 2514 3227 2555; x_wconf 87' lang='lat' dir='ltr'><strong>necesse</strong></span> <span class='ocrx_word' id='word_1_632' title='bbox 3253 2511 3334 2555; x_wconf 87' lang='lat' dir='ltr'><strong>est</strong></span> <span class='ocrx_word' id='word_1_633' title='bbox 3373 2501 3526 2570; x_wconf 89' lang='lat' dir='ltr'><strong>plane</strong></span> <span class='ocrx_word' id='word_1_634' title='bbox 3551 2511 3609 2556; x_wconf 91' lang='lat' dir='ltr'><strong>ut</strong></span> 
     </span>
    </p>
   </div>
   <div class='ocr_carea' id='block_1_86' title="bbox 2023 2590 3610 2662">
    <p class='ocr_par' dir='ltr' id='par_1_86' title="bbox 2023 2590 3610 2662">
     <span class='ocr_line' id='line_1_86' title="bbox 2023 2590 3610 2662; baseline 0.001 -16"><span class='ocrx_word' id='word_1_635' title='bbox 2023 2592 2306 2662; x_wconf 88' lang='lat' dir='ltr'><strong>quamdam</strong></span> <span class='ocrx_word' id='word_1_636' title='bbox 2336 2591 2718 2662; x_wconf 77' lang='lat' dir='ltr'><strong>blasphemiam</strong></span> <span class='ocrx_word' id='word_1_637' title='bbox 2749 2598 2804 2647; x_wconf 87' lang='lat' dir='ltr'><strong>et</strong></span> <span class='ocrx_word' id='word_1_638' title='bbox 2830 2590 3096 2661; x_wconf 90' lang='lat' dir='ltr'><strong>quoddam</strong></span> <span class='ocrx_word' id='word_1_639' title='bbox 3128 2591 3347 2646; x_wconf 89' lang='lat' dir='ltr'><strong>verbum</strong></span> <span class='ocrx_word' id='word_1_640' title='bbox 3385 2593 3610 2648; x_wconf 85' lang='lat' dir='ltr'><strong>voluerit</strong></span> 
     </span>
    </p>
   </div>
   <div class='ocr_carea' id='block_1_87' title="bbox 2025 2681 3608 2753">
    <p class='ocr_par' dir='ltr' id='par_1_87' title="bbox 2025 2681 3608 2753">
     <span class='ocr_line' id='line_1_87' title="bbox 2025 2681 3608 2753; baseline 0.001 -16"><span class='ocrx_word' id='word_1_641' title='bbox 2025 2683 2244 2753; x_wconf 77' lang='lat' dir='ltr'><strong>intelligi</strong></span> <span class='ocrx_word' id='word_1_642' title='bbox 2272 2682 2571 2747; x_wconf 84' lang='lat' dir='ltr'><strong>Dominus;</strong></span> <span class='ocrx_word' id='word_1_643' title='bbox 2589 2681 2832 2750; x_wconf 86' lang='lat' dir='ltr'><strong>quamvis</strong></span> <span class='ocrx_word' id='word_1_644' title='bbox 2860 2681 2912 2735; x_wconf 91' lang='lat' dir='ltr'><strong>id</strong></span> <span class='ocrx_word' id='word_1_645' title='bbox 2943 2681 3242 2752; x_wconf 87' lang='lat' dir='ltr'><strong>exprimere</strong></span> <span class='ocrx_word' id='word_1_646' title='bbox 3270 2682 3515 2746; x_wconf 86' lang='lat' dir='ltr'><strong>noluerit,</strong></span> <span class='ocrx_word' id='word_1_647' title='bbox 3551 2695 3608 2739; x_wconf 91' lang='lat' dir='ltr'><strong>ut</strong></span> 
     </span>
    </p>
   </div>
   <div class='ocr_carea' id='block_1_88' title="bbox 2023 2772 3608 2843">
    <p class='ocr_par' dir='ltr' id='par_1_88' title="bbox 2023 2772 3608 2843">
     <span class='ocr_line' id='line_1_88' title="bbox 2023 2772 3608 2843; baseline 0.003 -16"><span class='ocrx_word' id='word_1_648' title='bbox 2023 2773 2274 2843; x_wconf 84' lang='lat' dir='ltr'><strong>petendo,</strong></span> <span class='ocrx_word' id='word_1_649' title='bbox 2297 2773 2605 2842; x_wconf 64' lang='lat' dir='ltr'><strong>qurerendo,</strong></span> <span class='ocrx_word' id='word_1_650' title='bbox 2637 2772 2912 2842; x_wconf 90' lang='lat' dir='ltr'><strong>pulsando,</strong></span> <span class='ocrx_word' id='word_1_651' title='bbox 2935 2773 2978 2827; x_wconf 89' lang='lat' dir='ltr'><strong>si</strong></span> <span class='ocrx_word' id='word_1_652' title='bbox 3002 2773 3128 2843; x_wconf 92' lang='lat' dir='ltr'><strong>quid</strong></span> <span class='ocrx_word' id='word_1_653' title='bbox 3147 2775 3276 2829; x_wconf 89' lang='lat' dir='ltr'><strong>recti</strong></span> <span class='ocrx_word' id='word_1_654' title='bbox 3307 2775 3608 2832; x_wconf 89' lang='lat' dir='ltr'><strong>intellectus</strong></span> 
     </span>
    </p>
   </div>
   <div class='ocr_carea' id='block_1_89' title="bbox 2024 2861 3107 2932">
    <p class='ocr_par' dir='ltr' id='par_1_89' title="bbox 2024 2861 3107 2932">
     <span class='ocr_line' id='line_1_89' title="bbox 2024 2861 3107 2932; baseline -0.002 -14"><span class='ocrx_word' id='word_1_655' title='bbox 2024 2863 2404 2932; x_wconf 82' lang='lat' dir='ltr'><strong>acceperimus,</strong></span> <span class='ocrx_word' id='word_1_656' title='bbox 2441 2877 2545 2918; x_wconf 91' lang='lat' dir='ltr'><strong>non</strong></span> <span class='ocrx_word' id='word_1_657' title='bbox 2583 2861 2763 2917; x_wconf 82' lang='lat' dir='ltr'><strong>viliter</strong></span> <span class='ocrx_word' id='word_1_658' title='bbox 2800 2863 3107 2918; x_wconf 84' lang='lat' dir='ltr'><strong>habeamus.</strong></span> 
     </span>
    </p>
   </div>
   <div class='ocr_carea' id='block_1_90' title="bbox 2095 2952 3609 3024">
    <p class='ocr_par' dir='ltr' id='par_1_90' title="bbox 2095 2952 3609 3024">
     <span class='ocr_line' id='line_1_90' title="bbox 2095 2952 3609 3024; baseline 0.001 -16"><span class='ocrx_word' id='word_1_659' title='bbox 2095 2953 2322 3009; x_wconf 82' lang='lat' dir='ltr'><strong>CAPUT</strong></span> <span class='ocrx_word' id='word_1_660' title='bbox 2355 2952 2462 3007; x_wconf 72' lang='lat' dir='ltr'><strong>V‘Il.</strong></span> <span class='ocrx_word' id='word_1_661' title='bbox 2483 2984 2556 2994; x_wconf 89' lang='lat'>—</span> <span class='ocrx_word' id='word_1_662' title='bbox 2584 2954 2671 3008; x_wconf 80' lang='lat' dir='ltr'><strong>ll.</strong></span> <span class='ocrx_word' id='word_1_663' title='bbox 2702 2953 2865 3008; x_wconf 85' lang='lat' dir='ltr'><strong>Locus</strong></span> <span class='ocrx_word' id='word_1_664' title='bbox 2887 2953 3105 3007; x_wconf 81' lang='lat' dir='ltr'><strong>Joannis</strong></span> <span class='ocrx_word' id='word_1_665' title='bbox 3131 2953 3194 3007; x_wconf 87' lang='lat' dir='ltr'><strong>de</strong></span> <span class='ocrx_word' id='word_1_666' title='bbox 3231 2963 3366 3008; x_wconf 87' lang='lat' dir='ltr'><strong>certo</strong></span> <span class='ocrx_word' id='word_1_667' title='bbox 3388 2959 3609 3024; x_wconf 82' lang='lat' dir='ltr'><strong>quodam</strong></span> 
     </span>
    </p>
   </div>
   <div class='ocr_carea' id='block_1_91' title="bbox 2031 3045 3610 3115">
    <p class='ocr_par' dir='ltr' id='par_1_91' title="bbox 2031 3045 3610 3115">
     <span class='ocr_line' id='line_1_91' title="bbox 2031 3045 3610 3115; baseline 0.001 -16"><span class='ocrx_word' id='word_1_668' title='bbox 2031 3045 2331 3100; x_wconf 70' lang='lat' dir='ltr'><strong>Iuda-orum</strong></span> <span class='ocrx_word' id='word_1_669' title='bbox 2378 3053 2600 3115; x_wconf 82' lang='lat' dir='ltr'><strong>peccato.</strong></span> <span class='ocrx_word' id='word_1_670' title='bbox 2633 3045 2744 3099; x_wconf 88' lang='lat' dir='ltr'><strong>Hoc</strong></span> <span class='ocrx_word' id='word_1_671' title='bbox 2789 3053 2846 3098; x_wconf 93' lang='lat' dir='ltr'><strong>ut</strong></span> <span class='ocrx_word' id='word_1_672' title='bbox 2901 3045 3231 3100; x_wconf 87' lang='lat' dir='ltr'><strong>manifestius</strong></span> <span class='ocrx_word' id='word_1_673' title='bbox 3280 3045 3525 3112; x_wconf 87' lang='lat' dir='ltr'><strong>videatis,</strong></span> <span class='ocrx_word' id='word_1_674' title='bbox 3557 3049 3610 3101; x_wconf 83' lang='lat' dir='ltr'><strong>il-</strong></span> 
     </span>
    </p>
   </div>
   <div class='ocr_carea' id='block_1_92' title="bbox 2028 3136 3609 3208">
    <p class='ocr_par' dir='ltr' id='par_1_92' title="bbox 2028 3136 3609 3208">
     <span class='ocr_line' id='line_1_92' title="bbox 2028 3136 3609 3208; baseline 0.002 -16"><span class='ocrx_word' id='word_1_675' title='bbox 2028 3138 2116 3192; x_wconf 91' lang='lat' dir='ltr'><strong>lud</strong></span> <span class='ocrx_word' id='word_1_676' title='bbox 2155 3137 2408 3192; x_wconf 87' lang='lat' dir='ltr'><strong>attendite</strong></span> <span class='ocrx_word' id='word_1_677' title='bbox 2444 3137 2585 3208; x_wconf 89' lang='lat' dir='ltr'><strong>quod</strong></span> <span class='ocrx_word' id='word_1_678' title='bbox 2625 3137 2700 3190; x_wconf 92' lang='lat' dir='ltr'><strong>ait</strong></span> <span class='ocrx_word' id='word_1_679' title='bbox 2740 3136 2878 3191; x_wconf 88' lang='lat' dir='ltr'><strong>idem</strong></span> <span class='ocrx_word' id='word_1_680' title='bbox 2911 3137 3022 3205; x_wconf 89' lang='lat' dir='ltr'><strong>ipse</strong></span> <span class='ocrx_word' id='word_1_681' title='bbox 3051 3136 3117 3191; x_wconf 91' lang='lat' dir='ltr'><strong>de</strong></span> <span class='ocrx_word' id='word_1_682' title='bbox 3143 3137 3379 3193; x_wconf 64' lang='lat' dir='ltr'><strong>Iudaeis:</strong></span> <span class='ocrx_word' id='word_1_683' title='bbox 3413 3139 3475 3194; x_wconf 88' lang='lat' dir='ltr'><strong>Si</strong></span> <span class='ocrx_word' id='word_1_684' title='bbox 3508 3157 3609 3195; x_wconf 78' lang='lat' dir='ltr'><strong>non</strong></span> 
     </span>
    </p>
   </div>
   <div class='ocr_carea' id='block_1_93' title="bbox 2027 3227 3610 3298">
    <p class='ocr_par' dir='ltr' id='par_1_93' title="bbox 2027 3227 3610 3298">
     <span class='ocr_line' id='line_1_93' title="bbox 2027 3227 3610 3298; baseline 0.003 -17"><span class='ocrx_word' id='word_1_685' title='bbox 2027 3230 2266 3283; x_wconf 78' lang='lat' dir='ltr'><strong>venissem</strong></span> <span class='ocrx_word' id='word_1_686' title='bbox 2285 3239 2330 3282; x_wconf 79' lang='lat' dir='ltr'><strong>et</strong></span> <span class='ocrx_word' id='word_1_687' title='bbox 2363 3227 2560 3282; x_wconf 76' lang='lat' dir='ltr'><strong>locutus</strong></span> <span class='ocrx_word' id='word_1_688' title='bbox 2595 3228 2800 3298; x_wconf 79' lang='lat' dir='ltr'><strong>fuissent</strong></span> <span class='ocrx_word' id='word_1_689' title='bbox 2832 3228 2904 3281; x_wconf 85' lang='lat' dir='ltr'><strong>cis</strong></span> <span class='ocrx_word' id='word_1_690' title='bbox 2922 3268 2937 3293; x_wconf 98' lang='lat'><strong>,</strong></span> <span class='ocrx_word' id='word_1_691' title='bbox 2967 3237 3222 3296; x_wconf 74' lang='lat' dir='ltr'><strong>peccatum</strong></span> <span class='ocrx_word' id='word_1_692' title='bbox 3248 3245 3348 3284; x_wconf 83' lang='lat' dir='ltr'><strong>non</strong></span> <span class='ocrx_word' id='word_1_693' title='bbox 3373 3231 3610 3287; x_wconf 78' lang='lat' dir='ltr'><strong>haberent</strong></span> 
     </span>
    </p>
   </div>
   <div class='ocr_carea' id='block_1_94' title="bbox 2028 3317 3611 3391">
    <p class='ocr_par' dir='ltr' id='par_1_94' title="bbox 2028 3317 3611 3391">
     <span class='ocr_line' id='line_1_94' title="bbox 2028 3317 3611 3391; baseline 0.003 -19"><span class='ocrx_word' id='word_1_694' title='bbox 2028 3318 2204 3391; x_wconf 85' lang='lat' dir='ltr'><strong>(Joan.</strong></span> <span class='ocrx_word' id='word_1_695' title='bbox 2224 3335 2312 3384; x_wconf 86' lang='lat' dir='ltr'><strong>xv,</strong></span> <span class='ocrx_word' id='word_1_696' title='bbox 2338 3317 2452 3388; x_wconf 64' lang='grc' dir='ltr'><strong>ΞΩ).</strong></span> <span class='ocrx_word' id='word_1_697' title='bbox 2478 3317 2662 3388; x_wconf 90' lang='lat' dir='ltr'><strong>Neque</strong></span> <span class='ocrx_word' id='word_1_698' title='bbox 2681 3317 2822 3372; x_wconf 89' lang='lat' dir='ltr'><strong>enim</strong></span> <span class='ocrx_word' id='word_1_699' title='bbox 2845 3317 2911 3370; x_wconf 84' lang='lat' dir='ltr'><strong>ita</strong></span> <span class='ocrx_word' id='word_1_700' title='bbox 2937 3317 3232 3373; x_wconf 74' lang='lat' dir='ltr'><strong>dictnmest</strong></span> <span class='ocrx_word' id='word_1_701' title='bbox 3252 3359 3267 3383; x_wconf 94' lang='lat'><strong>,</strong></span> <span class='ocrx_word' id='word_1_702' title='bbox 3297 3322 3482 3376; x_wconf 90' lang='lat' dir='ltr'><strong>utsine</strong></span> <span class='ocrx_word' id='word_1_703' title='bbox 3502 3324 3611 3378; x_wconf 91' lang='lat' dir='ltr'><strong>ullo</strong></span> 
     </span>
    </p>
   </div>
   <div class='ocr_carea' id='block_1_95' title="bbox 2029 3409 3604 3480">
    <p class='ocr_par' dir='ltr' id='par_1_95' title="bbox 2029 3409 3604 3480">
     <span class='ocr_line' id='line_1_95' title="bbox 2029 3409 3604 3480; baseline 0.001 -14"><span class='ocrx_word' id='word_1_704' title='bbox 2029 3419 2245 3480; x_wconf 86' lang='lat' dir='ltr'><strong>peccato</strong></span> <span class='ocrx_word' id='word_1_705' title='bbox 2272 3409 2490 3465; x_wconf 90' lang='lat' dir='ltr'><strong>omnino</strong></span> <span class='ocrx_word' id='word_1_706' title='bbox 2515 3409 2673 3464; x_wconf 85' lang='lat' dir='ltr'><strong>vellet</strong></span> <span class='ocrx_word' id='word_1_707' title='bbox 2704 3409 2918 3480; x_wconf 80' lang='lat' dir='ltr'><strong>intelligi</strong></span> <span class='ocrx_word' id='word_1_708' title='bbox 2945 3409 3149 3465; x_wconf 82' lang='lat' dir='ltr'><strong>futuros</strong></span> <span class='ocrx_word' id='word_1_709' title='bbox 3175 3410 3337 3466; x_wconf 87' lang='lat' dir='ltr'><strong>fuisse</strong></span> <span class='ocrx_word' id='word_1_710' title='bbox 3365 3413 3604 3478; x_wconf 67' lang='lat' dir='ltr'><strong>Judaeos,</strong></span> 
     </span>
    </p>
   </div>
   <div class='ocr_carea' id='block_1_96' title="bbox 2028 3502 3611 3576">
    <p class='ocr_par' dir='ltr' id='par_1_96' title="bbox 2028 3502 3611 3576">
     <span class='ocr_line' id='line_1_96' title="bbox 2028 3502 3611 3576; baseline 0.002 -20"><span class='ocrx_word' id='word_1_711' title='bbox 2028 3503 2073 3557; x_wconf 94' lang='lat' dir='ltr'><strong>si</strong></span> <span class='ocrx_word' id='word_1_712' title='bbox 2115 3517 2219 3556; x_wconf 92' lang='lat' dir='ltr'><strong>non</strong></span> <span class='ocrx_word' id='word_1_713' title='bbox 2248 3503 2479 3558; x_wconf 88' lang='lat' dir='ltr'><strong>venisset</strong></span> <span class='ocrx_word' id='word_1_714' title='bbox 2506 3509 2560 3556; x_wconf 92' lang='lat' dir='ltr'><strong>et</strong></span> <span class='ocrx_word' id='word_1_715' title='bbox 2605 3503 2810 3556; x_wconf 88' lang='lat' dir='ltr'><strong>loeutus</strong></span> <span class='ocrx_word' id='word_1_716' title='bbox 2847 3503 2924 3556; x_wconf 92' lang='lat' dir='ltr'><strong>eis</strong></span> <span class='ocrx_word' id='word_1_717' title='bbox 2959 3502 3164 3556; x_wconf 83' lang='lat' dir='ltr'><strong>fuisset.</strong></span> <span class='ocrx_word' id='word_1_718' title='bbox 3198 3503 3389 3558; x_wconf 83' lang='lat' dir='ltr'><strong>Plenos</strong></span> <span class='ocrx_word' id='word_1_719' title='bbox 3416 3507 3611 3576; x_wconf 88' lang='lat' dir='ltr'><strong>quippe</strong></span> 
     </span>
    </p>
   </div>
   <div class='ocr_carea' id='block_1_97' title="bbox 2029 3591 3607 3663">
    <p class='ocr_par' dir='ltr' id='par_1_97' title="bbox 2029 3591 3607 3663">
     <span class='ocr_line' id='line_1_97' title="bbox 2029 3591 3607 3663; baseline -0.002 -14"><span class='ocrx_word' id='word_1_720' title='bbox 2029 3593 2262 3658; x_wconf 91' lang='lat' dir='ltr'><strong>invenit,</strong></span> <span class='ocrx_word' id='word_1_721' title='bbox 2302 3601 2658 3661; x_wconf 85' lang='lat' dir='ltr'><strong>oneratosque</strong></span> <span class='ocrx_word' id='word_1_722' title='bbox 2702 3591 2948 3662; x_wconf 86' lang='lat' dir='ltr'><strong>peccatis.</strong></span> <span class='ocrx_word' id='word_1_723' title='bbox 2992 3591 3215 3662; x_wconf 84' lang='lat' dir='ltr'><strong>Propter</strong></span> <span class='ocrx_word' id='word_1_724' title='bbox 3251 3593 3392 3663; x_wconf 91' lang='lat' dir='ltr'><strong>quod</strong></span> <span class='ocrx_word' id='word_1_725' title='bbox 3441 3594 3607 3650; x_wconf 89' lang='lat' dir='ltr'><strong>dicit:</strong></span> 
     </span>
    </p>
   </div>
   <div class='ocr_carea' id='block_1_98' title="bbox 2038 3682 3610 3751">
    <p class='ocr_par' dir='ltr' id='par_1_98' title="bbox 2038 3682 3610 3751">
     <span class='ocr_line' id='line_1_98' title="bbox 2038 3682 3610 3751; baseline 0.002 -13"><span class='ocrx_word' id='word_1_726' title='bbox 2038 3683 2210 3738; x_wconf 82' lang='lat' dir='ltr'><strong>Venite</strong></span> <span class='ocrx_word' id='word_1_727' title='bbox 2251 3684 2320 3737; x_wconf 86' lang='lat' dir='ltr'><strong>ad</strong></span> <span class='ocrx_word' id='word_1_728' title='bbox 2365 3699 2477 3748; x_wconf 82' lang='lat' dir='ltr'><strong>me,</strong></span> <span class='ocrx_word' id='word_1_729' title='bbox 2521 3698 2692 3737; x_wconf 84' lang='lat' dir='ltr'><strong>omnes</strong></span> <span class='ocrx_word' id='word_1_730' title='bbox 2750 3683 2837 3751; x_wconf 80' lang='lat' dir='ltr'><strong>qui</strong></span> <span class='ocrx_word' id='word_1_731' title='bbox 2880 3682 3117 3736; x_wconf 84' lang='lat' dir='ltr'><strong>laboratis</strong></span> <span class='ocrx_word' id='word_1_732' title='bbox 3160 3692 3210 3736; x_wconf 82' lang='lat' dir='ltr'><strong>et</strong></span> <span class='ocrx_word' id='word_1_733' title='bbox 3255 3686 3450 3738; x_wconf 76' lang='lat' dir='ltr'><strong>onerati</strong></span> <span class='ocrx_word' id='word_1_734' title='bbox 3493 3688 3610 3741; x_wconf 79' lang='lat' dir='ltr'><strong>estis</strong></span> 
     </span>
    </p>
   </div>
   <div class='ocr_carea' id='block_1_99' title="bbox 2032 3772 3612 3847">
    <p class='ocr_par' dir='ltr' id='par_1_99' title="bbox 2032 3772 3612 3847">
     <span class='ocr_line' id='line_1_99' title="bbox 2032 3772 3612 3847; baseline 0.002 -17"><span class='ocrx_word' id='word_1_735' title='bbox 2032 3775 2246 3847; x_wconf 81' lang='lat' dir='ltr'><strong>(Matth.</strong></span> <span class='ocrx_word' id='word_1_736' title='bbox 2279 3791 2365 3838; x_wconf 88' lang='lat' dir='ltr'><strong>xt,</strong></span> <span class='ocrx_word' id='word_1_737' title='bbox 2393 3773 2509 3844; x_wconf 73' lang='lat'><strong>9.8).</strong></span> <span class='ocrx_word' id='word_1_738' title='bbox 2542 3772 2714 3838; x_wconf 85' lang='lat' dir='ltr'><strong>Unde,</strong></span> <span class='ocrx_word' id='word_1_739' title='bbox 2761 3772 2859 3826; x_wconf 90' lang='lat' dir='ltr'><strong>nisi</strong></span> <span class='ocrx_word' id='word_1_740' title='bbox 2911 3773 3136 3828; x_wconf 89' lang='lat' dir='ltr'><strong>sarcinis</strong></span> <span class='ocrx_word' id='word_1_741' title='bbox 3179 3784 3514 3844; x_wconf 88' lang='lat' dir='ltr'><strong>peccatorum</strong></span> <span class='ocrx_word' id='word_1_742' title='bbox 3557 3791 3612 3833; x_wconf 90' lang='lat' dir='ltr'><strong>et</strong></span> 
     </span>
    </p>
   </div>
   <div class='ocr_carea' id='block_1_100' title="bbox 2032 3861 3611 3935">
    <p class='ocr_par' dir='ltr' id='par_1_100' title="bbox 2032 3861 3611 3935">
     <span class='ocr_line' id='line_1_100' title="bbox 2032 3861 3611 3935; baseline 0 -15"><span class='ocrx_word' id='word_1_743' title='bbox 2032 3863 2536 3935; x_wconf 83' lang='lat' dir='ltr'><strong>transgressionibus</strong></span> <span class='ocrx_word' id='word_1_744' title='bbox 2565 3861 2754 3933; x_wconf 85' lang='lat' dir='ltr'><strong>Legis?</strong></span> <span class='ocrx_word' id='word_1_745' title='bbox 2783 3861 3040 3928; x_wconf 89' lang='lat' dir='ltr'><strong>Quoniam</strong></span> <span class='ocrx_word' id='word_1_746' title='bbox 3071 3861 3176 3918; x_wconf 74' lang='lat' dir='ltr'><strong>Lex</strong></span> <span class='ocrx_word' id='word_1_747' title='bbox 3199 3864 3490 3919; x_wconf 70' lang='lat' dir='ltr'><strong>subintratvit</strong></span> <span class='ocrx_word' id='word_1_748' title='bbox 3513 3908 3529 3934; x_wconf 92' lang='lat'><strong>,</strong></span> <span class='ocrx_word' id='word_1_749' title='bbox 3557 3876 3611 3922; x_wconf 81' lang='lat' dir='ltr'><strong>ut</strong></span> 
     </span>
    </p>
   </div>
   <div class='ocr_carea' id='block_1_101' title="bbox 2029 3951 3610 4025">
    <p class='ocr_par' dir='ltr' id='par_1_101' title="bbox 2029 3951 3610 4025">
     <span class='ocr_line' id='line_1_101' title="bbox 2029 3951 3610 4025; baseline 0 -15"><span class='ocrx_word' id='word_1_750' title='bbox 2029 3957 2305 4010; x_wconf 85' lang='lat' dir='ltr'><strong>abundaret</strong></span> <span class='ocrx_word' id='word_1_751' title='bbox 2331 3955 2565 4009; x_wconf 83' lang='lat' dir='ltr'><strong>delictum</strong></span> <span class='ocrx_word' id='word_1_752' title='bbox 2591 3953 2764 4025; x_wconf 85' lang='lat' dir='ltr'><strong>(Rom.</strong></span> <span class='ocrx_word' id='word_1_753' title='bbox 2785 3967 2839 4017; x_wconf 91' lang='lat' dir='ltr'><strong>v,</strong></span> <span class='ocrx_word' id='word_1_754' title='bbox 2858 3952 2974 4022; x_wconf 74' lang='lat'><strong>20).</strong></span> <span class='ocrx_word' id='word_1_755' title='bbox 3005 3951 3138 4007; x_wconf 90' lang='lat' dir='ltr'><strong>Cum</strong></span> <span class='ocrx_word' id='word_1_756' title='bbox 3164 3969 3291 4024; x_wconf 83' lang='lat' dir='ltr'><strong>ergo</strong></span> <span class='ocrx_word' id='word_1_757' title='bbox 3318 3955 3430 4023; x_wconf 90' lang='lat' dir='ltr'><strong>ipse</strong></span> <span class='ocrx_word' id='word_1_758' title='bbox 3449 3957 3610 4010; x_wconf 89' lang='lat' dir='ltr'><strong>etiam</strong></span> 
     </span>
    </p>
   </div>
   <div class='ocr_carea' id='block_1_102' title="bbox 2030 4044 3612 4115">
    <p class='ocr_par' dir='ltr' id='par_1_102' title="bbox 2030 4044 3612 4115">
     <span class='ocr_line' id='line_1_102' title="bbox 2030 4044 3612 4115; baseline 0.001 -14"><span class='ocrx_word' id='word_1_759' title='bbox 2030 4047 2153 4102; x_wconf 89' lang='lat' dir='ltr'><strong>alibi</strong></span> <span class='ocrx_word' id='word_1_760' title='bbox 2193 4047 2365 4109; x_wconf 89' lang='lat' dir='ltr'><strong>dicat,</strong></span> <span class='ocrx_word' id='word_1_761' title='bbox 2425 4044 2544 4098; x_wconf 83' lang='lat' dir='ltr'><strong>Non</strong></span> <span class='ocrx_word' id='word_1_762' title='bbox 2592 4044 2703 4098; x_wconf 81' lang='lat' dir='ltr'><strong>veni</strong></span> <span class='ocrx_word' id='word_1_763' title='bbox 2743 4058 2920 4097; x_wconf 74' lang='lat' dir='ltr'><strong>vocare</strong></span> <span class='ocrx_word' id='word_1_764' title='bbox 2957 4044 3161 4114; x_wconf 86' lang='lat' dir='ltr'><strong>justas,</strong></span> <span class='ocrx_word' id='word_1_765' title='bbox 3202 4045 3291 4097; x_wconf 86' lang='lat' dir='ltr'><strong>sed</strong></span> <span class='ocrx_word' id='word_1_766' title='bbox 3330 4056 3612 4115; x_wconf 82' lang='lat' dir='ltr'><strong>peccatores</strong></span> 
     </span>
    </p>
   </div>
   <div class='ocr_carea' id='block_1_103' title="bbox 2031 4133 3610 4209">
    <p class='ocr_par' dir='ltr' id='par_1_103' title="bbox 2031 4133 3610 4209">
     <span class='ocr_line' id='line_1_103' title="bbox 2031 4133 3610 4209; baseline 0.003 -19"><span class='ocrx_word' id='word_1_767' title='bbox 2031 4137 2244 4209; x_wconf 79' lang='lat' dir='ltr'><strong>(Matth.</strong></span> <span class='ocrx_word' id='word_1_768' title='bbox 2277 4152 2354 4199; x_wconf 86' lang='lat' dir='ltr'><strong>tx,</strong></span> <span class='ocrx_word' id='word_1_769' title='bbox 2382 4135 2500 4204; x_wconf 79' lang='lat' dir='ltr'><strong>l5);</strong></span> <span class='ocrx_word' id='word_1_770' title='bbox 2529 4133 2814 4205; x_wconf 90' lang='lat' dir='ltr'><strong>quomodo,</strong></span> <span class='ocrx_word' id='word_1_771' title='bbox 2843 4134 2886 4187; x_wconf 87' lang='lat' dir='ltr'><strong>si</strong></span> <span class='ocrx_word' id='word_1_772' title='bbox 2913 4148 3019 4187; x_wconf 89' lang='lat' dir='ltr'><strong>non</strong></span> <span class='ocrx_word' id='word_1_773' title='bbox 3045 4135 3305 4200; x_wconf 90' lang='lat' dir='ltr'><strong>venisset,</strong></span> <span class='ocrx_word' id='word_1_774' title='bbox 3336 4145 3610 4205; x_wconf 89' lang='lat' dir='ltr'><strong>peccatum</strong></span> 
     </span>
    </p>
   </div>
   <div class='ocr_carea' id='block_1_104' title="bbox 2033 4225 3615 4295">
    <p class='ocr_par' dir='ltr' id='par_1_104' title="bbox 2033 4225 3615 4295">
     <span class='ocr_line' id='line_1_104' title="bbox 2033 4225 3615 4295; baseline 0 -12"><span class='ocrx_word' id='word_1_775' title='bbox 2033 4243 2139 4283; x_wconf 91' lang='lat' dir='ltr'><strong>non</strong></span> <span class='ocrx_word' id='word_1_776' title='bbox 2170 4227 2460 4290; x_wconf 89' lang='lat' dir='ltr'><strong>haberent,</strong></span> <span class='ocrx_word' id='word_1_777' title='bbox 2489 4225 2591 4279; x_wconf 91' lang='lat' dir='ltr'><strong>nisi</strong></span> <span class='ocrx_word' id='word_1_778' title='bbox 2618 4226 2737 4295; x_wconf 89' lang='lat' dir='ltr'><strong>quia</strong></span> <span class='ocrx_word' id='word_1_779' title='bbox 2764 4226 3025 4279; x_wconf 87' lang='lat' dir='ltr'><strong>sententia</strong></span> <span class='ocrx_word' id='word_1_780' title='bbox 3055 4225 3153 4280; x_wconf 88' lang='lat' dir='ltr'><strong>ista</strong></span> <span class='ocrx_word' id='word_1_781' title='bbox 3181 4241 3278 4280; x_wconf 90' lang='lat' dir='ltr'><strong>nec</strong></span> <span class='ocrx_word' id='word_1_782' title='bbox 3305 4229 3615 4284; x_wconf 86' lang='lat' dir='ltr'><strong>universali-</strong></span> 
     </span>
    </p>
   </div>
   <div class='ocr_carea' id='block_1_105' title="bbox 2032 4314 3612 4388">
    <p class='ocr_par' dir='ltr' id='par_1_105' title="bbox 2032 4314 3612 4388">
     <span class='ocr_line' id='line_1_105' title="bbox 2032 4314 3612 4388; baseline 0.001 -14"><span class='ocrx_word' id='word_1_783' title='bbox 2032 4328 2114 4374; x_wconf 85' lang='lat' dir='ltr'><strong>ter</strong></span> <span class='ocrx_word' id='word_1_784' title='bbox 2143 4334 2242 4374; x_wconf 89' lang='lat' dir='ltr'><strong>nec</strong></span> <span class='ocrx_word' id='word_1_785' title='bbox 2273 4317 2677 4388; x_wconf 85' lang='lat' dir='ltr'><strong>particulariter,</strong></span> <span class='ocrx_word' id='word_1_786' title='bbox 2706 4314 2800 4370; x_wconf 90' lang='lat' dir='ltr'><strong>sed</strong></span> <span class='ocrx_word' id='word_1_787' title='bbox 2845 4314 3116 4370; x_wconf 85' lang='lat' dir='ltr'><strong>indefinite</strong></span> <span class='ocrx_word' id='word_1_788' title='bbox 3147 4319 3480 4385; x_wconf 85' lang='lat' dir='ltr'><strong>pronuntiata</strong></span> <span class='ocrx_word' id='word_1_789' title='bbox 3509 4334 3612 4376; x_wconf 91' lang='lat' dir='ltr'><strong>non</strong></span> 
     </span>
    </p>
   </div>
   <div class='ocr_carea' id='block_1_106' title="bbox 2033 4406 3615 4481">
    <p class='ocr_par' dir='ltr' id='par_1_106' title="bbox 2033 4406 3615 4481">
     <span class='ocr_line' id='line_1_106' title="bbox 2033 4406 3615 4481; baseline -0.001 -13"><span class='ocrx_word' id='word_1_790' title='bbox 2033 4426 2189 4468; x_wconf 92' lang='lat' dir='ltr'><strong>omne</strong></span> <span class='ocrx_word' id='word_1_791' title='bbox 2215 4417 2490 4481; x_wconf 86' lang='lat' dir='ltr'><strong>peccatum</strong></span> <span class='ocrx_word' id='word_1_792' title='bbox 2516 4407 2656 4478; x_wconf 88' lang='lat' dir='ltr'><strong>cogit</strong></span> <span class='ocrx_word' id='word_1_793' title='bbox 2678 4406 2939 4477; x_wconf 84' lang='lat' dir='ltr'><strong>intelligi?</strong></span> <span class='ocrx_word' id='word_1_794' title='bbox 2965 4406 3072 4462; x_wconf 90' lang='lat' dir='ltr'><strong>Sed</strong></span> <span class='ocrx_word' id='word_1_795' title='bbox 3100 4407 3252 4476; x_wconf 88' lang='lat' dir='ltr'><strong>plane</strong></span> <span class='ocrx_word' id='word_1_796' title='bbox 3279 4408 3379 4462; x_wconf 91' lang='lat' dir='ltr'><strong>nisi</strong></span> <span class='ocrx_word' id='word_1_797' title='bbox 3399 4409 3615 4480; x_wconf 88' lang='lat' dir='ltr'><strong>aliquod</strong></span> 
     </span>
    </p>
   </div>
   <div class='ocr_carea' id='block_1_107' title="bbox 2032 4497 3614 4575">
    <p class='ocr_par' dir='ltr' id='par_1_107' title="bbox 2032 4497 3614 4575">
     <span class='ocr_line' id='line_1_107' title="bbox 2032 4497 3614 4575; baseline 0 -19"><span class='ocrx_word' id='word_1_798' title='bbox 2032 4510 2309 4575; x_wconf 89' lang='lat' dir='ltr'><strong>peccatum</strong></span> <span class='ocrx_word' id='word_1_799' title='bbox 2351 4499 2806 4562; x_wconf 84' lang='lat' dir='ltr'><strong>intellexerimus,</strong></span> <span class='ocrx_word' id='word_1_800' title='bbox 2837 4497 2976 4568; x_wconf 89' lang='lat' dir='ltr'><strong>quod</strong></span> <span class='ocrx_word' id='word_1_801' title='bbox 3023 4513 3128 4552; x_wconf 91' lang='lat' dir='ltr'><strong>non</strong></span> <span class='ocrx_word' id='word_1_802' title='bbox 3173 4498 3462 4561; x_wconf 85' lang='lat' dir='ltr'><strong>haberent,</strong></span> <span class='ocrx_word' id='word_1_803' title='bbox 3513 4503 3614 4556; x_wconf 89' lang='lat' dir='ltr'><strong>nisi</strong></span> 
     </span>
    </p>
   </div>
   <div class='ocr_carea' id='block_1_108' title="bbox 2033 4587 3615 4662">
    <p class='ocr_par' dir='ltr' id='par_1_108' title="bbox 2033 4587 3615 4662">
     <span class='ocr_line' id='line_1_108' title="bbox 2033 4587 3615 4662; baseline -0.003 -13"><span class='ocrx_word' id='word_1_804' title='bbox 2033 4593 2275 4649; x_wconf 85' lang='lat' dir='ltr'><strong>Christus</strong></span> <span class='ocrx_word' id='word_1_805' title='bbox 2300 4591 2531 4646; x_wconf 83' lang='lat' dir='ltr'><strong>venisset</strong></span> <span class='ocrx_word' id='word_1_806' title='bbox 2559 4599 2613 4644; x_wconf 89' lang='lat' dir='ltr'><strong>et</strong></span> <span class='ocrx_word' id='word_1_807' title='bbox 2650 4588 2858 4643; x_wconf 89' lang='lat' dir='ltr'><strong>locutus</strong></span> <span class='ocrx_word' id='word_1_808' title='bbox 2877 4587 2955 4642; x_wconf 88' lang='lat' dir='ltr'><strong>eis</strong></span> <span class='ocrx_word' id='word_1_809' title='bbox 2983 4587 3196 4653; x_wconf 90' lang='lat' dir='ltr'><strong>fuisset,</strong></span> <span class='ocrx_word' id='word_1_810' title='bbox 3225 4587 3409 4644; x_wconf 87' lang='lat' dir='ltr'><strong>falsam</strong></span> <span class='ocrx_word' id='word_1_811' title='bbox 3430 4633 3444 4656; x_wconf 94' lang='lat'><strong>,</strong></span> <span class='ocrx_word' id='word_1_812' title='bbox 3473 4591 3615 4662; x_wconf 90' lang='lat' dir='ltr'><strong>quod</strong></span> 
     </span>
    </p>
   </div>
   <div class='ocr_carea' id='block_1_109' title="bbox 2033 4679 3614 4752">
    <p class='ocr_par' dir='ltr' id='par_1_109' title="bbox 2033 4679 3614 4752">
     <span class='ocr_line' id='line_1_109' title="bbox 2033 4679 3614 4752; baseline 0.001 -13"><span class='ocrx_word' id='word_1_813' title='bbox 2033 4686 2200 4752; x_wconf 89' lang='lat' dir='ltr'><strong>absit,</strong></span> <span class='ocrx_word' id='word_1_814' title='bbox 2232 4682 2548 4740; x_wconf 86' lang='lat' dir='ltr'><strong>sententiam</strong></span> <span class='ocrx_word' id='word_1_815' title='bbox 2577 4696 2696 4737; x_wconf 83' lang='lat' dir='ltr'><strong>esse</strong></span> <span class='ocrx_word' id='word_1_816' title='bbox 2738 4680 3056 4735; x_wconf 85' lang='lat' dir='ltr'><strong>diceremus.</strong></span> <span class='ocrx_word' id='word_1_817' title='bbox 3103 4679 3220 4735; x_wconf 87' lang='lat' dir='ltr'><strong>Non</strong></span> <span class='ocrx_word' id='word_1_818' title='bbox 3261 4695 3388 4752; x_wconf 82' lang='lat' dir='ltr'><strong>ergo</strong></span> <span class='ocrx_word' id='word_1_819' title='bbox 3417 4683 3524 4750; x_wconf 91' lang='lat' dir='ltr'><strong>ait,</strong></span> <span class='ocrx_word' id='word_1_820' title='bbox 3559 4682 3614 4740; x_wconf 91' lang='lat' dir='ltr'><strong>Si</strong></span> 
     </span>
    </p>
   </div>
   <div class='ocr_carea' id='block_1_110' title="bbox 2034 4772 3617 4843">
    <p class='ocr_par' dir='ltr' id='par_1_110' title="bbox 2034 4772 3617 4843">
     <span class='ocr_line' id='line_1_110' title="bbox 2034 4772 3617 4843; baseline -0.003 -8"><span class='ocrx_word' id='word_1_821' title='bbox 2034 4796 2141 4835; x_wconf 93' lang='lat' dir='ltr'><strong>non</strong></span> <span class='ocrx_word' id='word_1_822' title='bbox 2167 4780 2428 4834; x_wconf 87' lang='lat' dir='ltr'><strong>venissem</strong></span> <span class='ocrx_word' id='word_1_823' title='bbox 2456 4784 2511 4832; x_wconf 90' lang='lat' dir='ltr'><strong>et</strong></span> <span class='ocrx_word' id='word_1_824' title='bbox 2536 4775 2741 4830; x_wconf 89' lang='lat' dir='ltr'><strong>locutus</strong></span> <span class='ocrx_word' id='word_1_825' title='bbox 2780 4772 2995 4828; x_wconf 89' lang='lat' dir='ltr'><strong>fuissem</strong></span> <span class='ocrx_word' id='word_1_826' title='bbox 3035 4772 3148 4838; x_wconf 91' lang='lat' dir='ltr'><strong>cis,</strong></span> <span class='ocrx_word' id='word_1_827' title='bbox 3194 4773 3393 4828; x_wconf 90' lang='lat' dir='ltr'><strong>nullum</strong></span> <span class='ocrx_word' id='word_1_828' title='bbox 3427 4789 3617 4843; x_wconf 82' lang='lat' dir='ltr'><strong>pecca-</strong></span> 
     </span>
    </p>
   </div>
   <div class='ocr_carea' id='block_1_111' title="bbox 2035 4859 3614 4924">
    <p class='ocr_par' dir='ltr' id='par_1_111' title="bbox 2035 4859 3614 4924">
     <span class='ocr_line' id='line_1_111' title="bbox 2035 4859 3614 4924; baseline -0.004 0"><span class='ocrx_word' id='word_1_829' title='bbox 2035 4879 2144 4924; x_wconf 89' lang='lat' dir='ltr'><strong>tum</strong></span> <span class='ocrx_word' id='word_1_830' title='bbox 2170 4868 2462 4922; x_wconf 84' lang='lat' dir='ltr'><strong>haberent:</strong></span> <span class='ocrx_word' id='word_1_831' title='bbox 2493 4878 2560 4918; x_wconf 92' lang='lat' dir='ltr'><strong>ne</strong></span> <span class='ocrx_word' id='word_1_832' title='bbox 2591 4861 2798 4918; x_wconf 79' lang='lat' dir='ltr'><strong>Veritas</strong></span> <span class='ocrx_word' id='word_1_833' title='bbox 2823 4859 3150 4914; x_wconf 88' lang='lat' dir='ltr'><strong>mentiretur.</strong></span> <span class='ocrx_word' id='word_1_834' title='bbox 3183 4860 3292 4915; x_wconf 85' lang='lat' dir='ltr'><strong>Nec</strong></span> <span class='ocrx_word' id='word_1_835' title='bbox 3317 4876 3502 4916; x_wconf 88' lang='lat' dir='ltr'><strong>rursus</strong></span> <span class='ocrx_word' id='word_1_836' title='bbox 3530 4863 3614 4918; x_wconf 68' lang='lat' dir='ltr'><strong>de</strong></span> 
     </span>
    </p>
   </div>
   <div class='ocr_carea' id='block_1_112' title="bbox 2035 4947 3612 5021">
    <p class='ocr_par' dir='ltr' id='par_1_112' title="bbox 2035 4947 3612 5021">
     <span class='ocr_line' id='line_1_112' title="bbox 2035 4947 3612 5021; baseline -0.006 -7"><span class='ocrx_word' id='word_1_837' title='bbox 2035 4960 2181 5014; x_wconf 84' lang='lat' dir='ltr'><strong>finite</strong></span> <span class='ocrx_word' id='word_1_838' title='bbox 2207 4955 2368 5021; x_wconf 86' lang='lat' dir='ltr'><strong>dixit,</strong></span> <span class='ocrx_word' id='word_1_839' title='bbox 2399 4953 2454 5008; x_wconf 90' lang='lat' dir='ltr'><strong>Si</strong></span> <span class='ocrx_word' id='word_1_840' title='bbox 2481 4967 2587 5007; x_wconf 92' lang='lat' dir='ltr'><strong>non</strong></span> <span class='ocrx_word' id='word_1_841' title='bbox 2624 4951 2888 5005; x_wconf 85' lang='lat' dir='ltr'><strong>venissem</strong></span> <span class='ocrx_word' id='word_1_842' title='bbox 2919 4957 2973 5002; x_wconf 90' lang='lat' dir='ltr'><strong>ct</strong></span> <span class='ocrx_word' id='word_1_843' title='bbox 3004 4949 3212 5003; x_wconf 84' lang='lat' dir='ltr'><strong>locutus</strong></span> <span class='ocrx_word' id='word_1_844' title='bbox 3250 4947 3466 5005; x_wconf 83' lang='lat' dir='ltr'><strong>fuissem</strong></span> <span class='ocrx_word' id='word_1_845' title='bbox 3495 4952 3574 5006; x_wconf 91' lang='lat' dir='ltr'><strong>eis</strong></span> <span class='ocrx_word' id='word_1_846' title='bbox 3595 4993 3612 5018; x_wconf 92' lang='lat'><strong>,</strong></span> 
     </span>
    </p>
   </div>
   <div class='ocr_carea' id='block_1_113' title="bbox 2033 5040 3613 5122">
    <p class='ocr_par' dir='ltr' id='par_1_113' title="bbox 2033 5040 3613 5122">
     <span class='ocr_line' id='line_1_113' title="bbox 2033 5040 3613 5122; baseline -0.004 -17"><span class='ocrx_word' id='word_1_847' title='bbox 2033 5049 2296 5122; x_wconf 89' lang='lat' dir='ltr'><strong>quoddam</strong></span> <span class='ocrx_word' id='word_1_848' title='bbox 2322 5053 2596 5117; x_wconf 84' lang='lat' dir='ltr'><strong>peccatum</strong></span> <span class='ocrx_word' id='word_1_849' title='bbox 2636 5056 2742 5097; x_wconf 94' lang='lat' dir='ltr'><strong>non</strong></span> <span class='ocrx_word' id='word_1_850' title='bbox 2791 5040 3046 5096; x_wconf 84' lang='lat' dir='ltr'><strong>haberent</strong></span> <span class='ocrx_word' id='word_1_851' title='bbox 3076 5057 3090 5093; x_wconf 91' lang='lat'><strong>:</strong></span> <span class='ocrx_word' id='word_1_852' title='bbox 3121 5055 3188 5095; x_wconf 90' lang='lat' dir='ltr'><strong>ne</strong></span> <span class='ocrx_word' id='word_1_853' title='bbox 3214 5040 3356 5109; x_wconf 89' lang='lat' dir='ltr'><strong>pium</strong></span> <span class='ocrx_word' id='word_1_854' title='bbox 3381 5041 3613 5098; x_wconf 89' lang='lat' dir='ltr'><strong>studium</strong></span> 
     </span>
    </p>
   </div>
   <div class='ocr_carea' id='block_1_114' title="bbox 2035 5131 3612 5215">
    <p class='ocr_par' dir='ltr' id='par_1_114' title="bbox 2035 5131 3612 5215">
     <span class='ocr_line' id='line_1_114' title="bbox 2035 5131 3612 5215; baseline -0.006 -17"><span class='ocrx_word' id='word_1_855' title='bbox 2035 5156 2220 5215; x_wconf 89' lang='lat' dir='ltr'><strong>parum</strong></span> <span class='ocrx_word' id='word_1_856' title='bbox 2246 5143 2604 5195; x_wconf 87' lang='lat' dir='ltr'><strong>exerceretur.</strong></span> <span class='ocrx_word' id='word_1_857' title='bbox 2635 5134 2693 5189; x_wconf 93' lang='lat' dir='ltr'><strong>ln</strong></span> <span class='ocrx_word' id='word_1_858' title='bbox 2721 5133 2864 5187; x_wconf 91' lang='lat' dir='ltr'><strong>omni</strong></span> <span class='ocrx_word' id='word_1_859' title='bbox 2893 5132 3087 5202; x_wconf 88' lang='lat' dir='ltr'><strong>quippe</strong></span> <span class='ocrx_word' id='word_1_860' title='bbox 3115 5132 3262 5202; x_wconf 88' lang='lat' dir='ltr'><strong>copia</strong></span> <span class='ocrx_word' id='word_1_861' title='bbox 3306 5131 3612 5204; x_wconf 84' lang='lat' dir='ltr'><strong>Scriptura-</strong></span> 
     </span>
    </p>
   </div>
   <div class='ocr_carea' id='block_1_115' title="bbox 2036 5225 3613 5300">
    <p class='ocr_par' dir='ltr' id='par_1_115' title="bbox 2036 5225 3613 5300">
     <span class='ocr_line' id='line_1_115' title="bbox 2036 5225 3613 5300; baseline -0.006 -10"><span class='ocrx_word' id='word_1_862' title='bbox 2036 5250 2152 5290; x_wconf 90' lang='lat' dir='ltr'><strong>rum</strong></span> <span class='ocrx_word' id='word_1_863' title='bbox 2191 5241 2492 5288; x_wconf 87' lang='lat' dir='ltr'><strong>sanctarum</strong></span> <span class='ocrx_word' id='word_1_864' title='bbox 2529 5227 2798 5300; x_wconf 86' lang='lat' dir='ltr'><strong>pascimur</strong></span> <span class='ocrx_word' id='word_1_865' title='bbox 2820 5225 3018 5296; x_wconf 88' lang='lat' dir='ltr'><strong>apertis</strong></span> <span class='ocrx_word' id='word_1_866' title='bbox 3037 5265 3050 5289; x_wconf 93' lang='lat'><strong>,</strong></span> <span class='ocrx_word' id='word_1_867' title='bbox 3083 5239 3396 5280; x_wconf 89' lang='lat' dir='ltr'><strong>exercemur</strong></span> <span class='ocrx_word' id='word_1_868' title='bbox 3422 5225 3613 5282; x_wconf 85' lang='lat' dir='ltr'><strong>obscu-</strong></span> 
     </span>
    </p>
   </div>
   <div class='ocr_carea' id='block_1_116' title="bbox 2036 5315 3611 5392">
    <p class='ocr_par' dir='ltr' id='par_1_116' title="bbox 2036 5315 3611 5392">
     <span class='ocr_line' id='line_1_116' title="bbox 2036 5315 3611 5392; baseline -0.008 -9"><span class='ocrx_word' id='word_1_869' title='bbox 2036 5329 2109 5383; x_wconf 90' lang='lat' dir='ltr'><strong>ris</strong></span> <span class='ocrx_word' id='word_1_870' title='bbox 2138 5344 2150 5380; x_wconf 90' lang='lat'><strong>:</strong></span> <span class='ocrx_word' id='word_1_871' title='bbox 2177 5325 2282 5380; x_wconf 90' lang='lat' dir='ltr'><strong>illic</strong></span> <span class='ocrx_word' id='word_1_872' title='bbox 2307 5325 2472 5379; x_wconf 88' lang='lat' dir='ltr'><strong>fames</strong></span> <span class='ocrx_word' id='word_1_873' title='bbox 2501 5321 2729 5392; x_wconf 91' lang='lat' dir='ltr'><strong>pellitur,</strong></span> <span class='ocrx_word' id='word_1_874' title='bbox 2761 5316 2847 5373; x_wconf 89' lang='lat' dir='ltr'><strong>hic</strong></span> <span class='ocrx_word' id='word_1_875' title='bbox 2874 5315 3159 5371; x_wconf 83' lang='lat' dir='ltr'><strong>fastidium.</strong></span> <span class='ocrx_word' id='word_1_876' title='bbox 3187 5315 3316 5384; x_wconf 89' lang='lat' dir='ltr'><strong>Quia</strong></span> <span class='ocrx_word' id='word_1_877' title='bbox 3347 5330 3475 5385; x_wconf 84' lang='lat' dir='ltr'><strong>ergo</strong></span> <span class='ocrx_word' id='word_1_878' title='bbox 3503 5332 3611 5371; x_wconf 89' lang='lat' dir='ltr'><strong>non</strong></span> 
     </span>
    </p>
   </div>
   <div class='ocr_carea' id='block_1_117' title="bbox 2036 5409 3607 5482">
    <p class='ocr_par' dir='ltr' id='par_1_117' title="bbox 2036 5409 3607 5482">
     <span class='ocr_line' id='line_1_117' title="bbox 2036 5409 3607 5482; baseline -0.008 -6"><span class='ocrx_word' id='word_1_879' title='bbox 2036 5430 2116 5476; x_wconf 90' lang='lat' dir='ltr'><strong>est</strong></span> <span class='ocrx_word' id='word_1_880' title='bbox 2136 5420 2352 5482; x_wconf 90' lang='lat' dir='ltr'><strong>dictum,</strong></span> <span class='ocrx_word' id='word_1_881' title='bbox 2383 5416 2662 5473; x_wconf 87' lang='lat' dir='ltr'><strong>Peccatum</strong></span> <span class='ocrx_word' id='word_1_882' title='bbox 2688 5412 2890 5468; x_wconf 90' lang='lat' dir='ltr'><strong>nullum</strong></span> <span class='ocrx_word' id='word_1_883' title='bbox 2934 5409 3223 5473; x_wconf 86' lang='lat' dir='ltr'><strong>haberent;</strong></span> <span class='ocrx_word' id='word_1_884' title='bbox 3250 5423 3354 5463; x_wconf 93' lang='lat' dir='ltr'><strong>non</strong></span> <span class='ocrx_word' id='word_1_885' title='bbox 3396 5417 3607 5478; x_wconf 86' lang='lat' dir='ltr'><strong>pertur-</strong></span> 
     </span>
    </p>
   </div>
   <div class='ocr_carea' id='block_1_118' title="bbox 2036 5501 3614 5579">
    <p class='ocr_par' dir='ltr' id='par_1_118' title="bbox 2036 5501 3614 5579">
     <span class='ocr_line' id='line_1_118' title="bbox 2036 5501 3614 5579; baseline -0.007 -10"><span class='ocrx_word' id='word_1_886' title='bbox 2036 5515 2242 5578; x_wconf 87' lang='lat' dir='ltr'><strong>bemur,</strong></span> <span class='ocrx_word' id='word_1_887' title='bbox 2264 5525 2386 5566; x_wconf 90' lang='lat' dir='ltr'><strong>cum</strong></span> <span class='ocrx_word' id='word_1_888' title='bbox 2413 5516 2719 5579; x_wconf 73' lang='lat' dir='ltr'><strong>pewatores</strong></span> <span class='ocrx_word' id='word_1_889' title='bbox 2740 5503 2970 5568; x_wconf 70' lang='lat' dir='ltr'><strong>Judteos,</strong></span> <span class='ocrx_word' id='word_1_890' title='bbox 2997 5501 3201 5556; x_wconf 85' lang='lat' dir='ltr'><strong>etiamsi</strong></span> <span class='ocrx_word' id='word_1_891' title='bbox 3224 5501 3478 5556; x_wconf 86' lang='lat' dir='ltr'><strong>Dominus</strong></span> <span class='ocrx_word' id='word_1_892' title='bbox 3505 5517 3614 5558; x_wconf 93' lang='lat' dir='ltr'><strong>non</strong></span> 
     </span>
    </p>
   </div>
   <div class='ocr_carea' id='block_1_119' title="bbox 2037 5592 3613 5672">
    <p class='ocr_par' dir='ltr' id='par_1_119' title="bbox 2037 5592 3613 5672">
     <span class='ocr_line' id='line_1_119' title="bbox 2037 5592 3613 5672; baseline -0.007 -12"><span class='ocrx_word' id='word_1_893' title='bbox 2037 5604 2307 5669; x_wconf 86' lang='lat' dir='ltr'><strong>venisset,</strong></span> <span class='ocrx_word' id='word_1_894' title='bbox 2337 5599 2689 5672; x_wconf 80' lang='lat' dir='ltr'><strong>agnoscimus.</strong></span> <span class='ocrx_word' id='word_1_895' title='bbox 2713 5594 2818 5650; x_wconf 85' lang='lat' dir='ltr'><strong>Sed</strong></span> <span class='ocrx_word' id='word_1_896' title='bbox 2846 5605 3021 5649; x_wconf 88' lang='lat' dir='ltr'><strong>tamen</strong></span> <span class='ocrx_word' id='word_1_897' title='bbox 3047 5593 3167 5662; x_wconf 87' lang='lat' dir='ltr'><strong>quia</strong></span> <span class='ocrx_word' id='word_1_898' title='bbox 3187 5592 3384 5648; x_wconf 89' lang='lat' dir='ltr'><strong>dictum</strong></span> <span class='ocrx_word' id='word_1_899' title='bbox 3412 5603 3492 5650; x_wconf 88' lang='lat' dir='ltr'><strong>est</strong></span> <span class='ocrx_word' id='word_1_900' title='bbox 3512 5635 3527 5656; x_wconf 87' lang='lat'><strong>.</strong></span> <span class='ocrx_word' id='word_1_901' title='bbox 3550 5595 3613 5649; x_wconf 88' lang='lat' dir='ltr'><strong>Si</strong></span> 
     </span>
    </p>
   </div>
   <div class='ocr_carea' id='block_1_120' title="bbox 2039 5685 3615 5761">
    <p class='ocr_par' dir='ltr' id='par_1_120' title="bbox 2039 5685 3615 5761">
     <span class='ocr_line' id='line_1_120' title="bbox 2039 5685 3615 5761; baseline -0.003 -10"><span class='ocrx_word' id='word_1_902' title='bbox 2039 5713 2138 5751; x_wconf 84' lang='lat' dir='ltr'><strong>non</strong></span> <span class='ocrx_word' id='word_1_903' title='bbox 2176 5709 2446 5756; x_wconf 67' lang='lat' dir='ltr'><strong>omnem,</strong></span> <span class='ocrx_word' id='word_1_904' title='bbox 2486 5697 2742 5761; x_wconf 82' lang='lat' dir='ltr'><strong>peccatum</strong></span> <span class='ocrx_word' id='word_1_905' title='bbox 2784 5703 2884 5742; x_wconf 85' lang='lat' dir='ltr'><strong>non</strong></span> <span class='ocrx_word' id='word_1_906' title='bbox 2929 5685 3199 5753; x_wconf 77' lang='lat' dir='ltr'><strong>haberent;</strong></span> <span class='ocrx_word' id='word_1_907' title='bbox 3229 5685 3350 5744; x_wconf 86' lang='lat' dir='ltr'><strong>inde</strong></span> <span class='ocrx_word' id='word_1_908' title='bbox 3395 5702 3615 5746; x_wconf 78' lang='lat' dir='ltr'><strong>necesse</strong></span> 
     </span>
    </p>
   </div>
   <div class='ocr_carea' id='block_1_121' title="bbox 2103 5775 2876 5843">
    <p class='ocr_par' dir='ltr' id='par_1_121' title="bbox 2103 5775 2876 5843">
     <span class='ocr_line' id='line_1_121' title="bbox 2103 5775 2876 5843; baseline -0.009 -9"><span class='ocrx_word' id='word_1_909' title='bbox 2103 5789 2118 5818; x_wconf 78' lang='grc' dir='ltr'><strong>ι</strong></span> <span class='ocrx_word' id='word_1_910' title='bbox 2145 5783 2436 5837; x_wconf 73' lang='lat' dir='ltr'><strong>r‘ossateusis</strong></span> <span class='ocrx_word' id='word_1_911' title='bbox 2457 5789 2556 5842; x_wconf 65' lang='lat'><strong>115.,</strong></span> <span class='ocrx_word' id='word_1_912' title='bbox 2593 5775 2876 5843; x_wconf 74' lang='lat' dir='ltr'><strong>diﬂiaiatur.</strong></span> 
     </span>
    </p>
   </div>
  </div>
