3954 6186
411 382 511 440 451

328 509 331 512 ‘
413 506 517 563 est,
542 493 748 549 etiamsi
776 506 878 545 non
906 504 1091 555 omne,
1115 488 1326 559 aliquod
1354 497 1526 542 tamen
1557 499 1650 539 eos
1673 498 1738 537 ex
1764 481 1991 535 adventu

418 588 646 650 Demini,
678 583 818 654 quod
865 599 970 638 non
1015 580 1301 648 habebant,
1329 578 1658 635 contrusisse
1697 582 1990 646 peceatum.

415 678 552 734 Illud
584 677 752 747 ipsum
778 674 1017 744 profecto
1038 682 1153 739 est,
1179 672 1319 743 quod
1359 671 1411 725 in
1448 677 1765 739 praesentem
1793 666 1997 734 sibique

416 770 720 838 loquentem
747 780 851 821 non
882 764 1222 820 crediderunt
1241 801 1259 829 ,
1282 770 1514 832 eumque
1539 758 1810 814 inimicum
1828 756 1995 825 depu-

418 870 623 923 tantes,
657 858 907 929 quoniam
958 871 1082 911 vera
1126 854 1365 918 dicebat,
1392 853 1620 920 insuper
1664 847 1994 904 occiderunt.

414 951 531 1006 lloc
548 959 831 1020 peceatum
846 958 950 1003 tam
976 956 1302 1017 mnuum-et
1322 942 1650 999 horrendum
1668 981 1685 1005 ,
1711 940 1755 995 si
1782 945 1886 994 nan
1906 953 1999 992 vc-

419 1041 587 1096 nisset
611 1051 664 1096 et
700 1040 909 1095 loeutus
925 1038 1009 1092 eis
1035 1037 1238 1101 luisset,
1269 1036 1451 1105 utique
1474 1047 1584 1088 non
1610 1031 1886 1088 baberent.
1916 1028 2001 1085 Si-

417 1140 510 1187 cut
548 1146 676 1201 ergo
714 1131 784 1185 ibi
820 1144 942 1184 cum
985 1127 1258 1193 audimus,
1299 1125 1568 1180 Peccatum
1598 1139 1700 1178 non
1728 1121 2000 1184 haberent;

421 1237 525 1276 non
554 1235 712 1276 omne
732 1261 748 1286 ,
778 1219 870 1275 sed
899 1218 1113 1289 aliquod
1141 1224 1413 1288 peceatum
1438 1213 1780 1282 intelligimus
1807 1230 1820 1265 :
1846 1209 1917 1265 ita
1945 1209 1999 1263 in

423 1314 676 1369 hodierna
707 1312 935 1367 lectione
967 1325 1087 1367 cum
1127 1305 1655 1377 audimus,.Spiritus
1691 1300 2003 1371 blasphemia

421 1420 523 1461 non
550 1405 858 1468 t'antittetur;
891 1419 993 1455 non
1020 1415 1230 1455 onmem
1254 1396 1634 1467 blasphemiam
1653 1436 1668 1460 ,
1701 1392 1795 1449 sed
1819 1406 2003 1463 quam—

421 1496 545 1555 dam
572 1512 586 1559 ;
613 1504 666 1550 et
682 1492 1102 1555 cum'audimus,
1137 1489 1236 1555 Qui
1259 1489 1380 1543 dicit
1409 1487 1609 1542 verbum
1633 1494 1806 1539 eorum
1830 1483 2002 1554 Spiri-

423 1598 527 1645 tum
568 1597 816 1649 sanctum,
850 1602 947 1641 non
976 1589 1251 1639 remittetur
1293 1582 1339 1639 ei
1356 1598 1375 1645 ,°
1425 1593 1529 1637 non
1557 1592 1718 1634 omne
1748 1577 1965 1632 verbum
1985 1613 2002 1640 ,

422 1679 517 1734 sed
544 1679 811 1748 quoddam
841 1678 1132 1747 intelligere
1158 1675 1436 1730 debemus.

498 1770 583 1823 l2.
617 1769 690 1823 De
717 1769 914 1839 Spiritu
962 1781 1133 1823 sancto
1154 1768 1235 1821 hic
1280 1769 1465 1820 dictum
1507 1782 1628 1820 esse.
1671 1764 1801 1819 Nam
1827 1761 2007 1817 ethoc

424 1861 600 1930 ipsum
626 1859 764 1929 quod
790 1861 896 1919 ait,
929 1858 1344 1929 Spiritusautem
1371 1856 1682 1925 blasphemia
1709 1871 1816 1909 non
1837 1853 2002 1907 remit-

425 1961 587 2016 tetur;
627 1950 811 2019 utique
825 1962 932 2002 non
958 1948 1134 2003 omnis
1155 1947 1375 2017 spiritus
1395 1987 1411 2013 ,
1454 1945 1547 2001 sed
1586 1942 1815 2015 Spiritus
1839 1943 2007 1998 sancti

424 2039 807 2109 blasphemiam
837 2052 1059 2093 necesse
1082 2049 1164 2094 est
1193 2038 1564 2107 intelligamus.
1594 2035 1745 2104 Quod
1764 2034 1865 2089 etsi
1894 2033 2007 2102 plac

426 2131 689 2186 niusalibi
713 2147 816 2184 non
843 2130 1074 2195 diceret,
1098 2128 1218 2197 quis
1248 2136 1352 2181 tam
1381 2140 1568 2183 vecors
1595 2134 1756 2191 esset,
1783 2133 1841 2179 ut
1868 2122 2011 2179 aliud

428 2222 779 2292 intelligeret?
803 2221 1104 2277 Secundum
1134 2220 1272 2275 hanc
1318 2220 1554 2289 regulam
1597 2218 1915 2282 locutionis,
1955 2226 2012 2273 et

426 2312 557 2367 illud
586 2312 845 2383 accipitur
870 2331 882 2373 :
910 2312 1030 2371 Nisi
1054 2292 1168 2384 quis
1187 2322 1390 2367 renatus
1411 2312 1562 2383 fuerit
1581 2327 1645 2366 ea:
1669 2321 1802 2381 aqua
1820 2320 1866 2364 et
1896 2309 2013 2380 Spi-

425 2405 527 2465 ritu
554 2403 732 2474 (Joau.
772 2403 970 2473 tit-,5).
1005 2403 1120 2461 Non
1147 2405 1288 2459 enim
1314 2403 1389 2457 ait
1426 2403 1526 2468 ibi,
1557 2403 1624 2457 Et
1662 2402 1862 2472 Spiritu
1888 2414 2014 2457 san-

427 2500 513 2547 eto
542 2510 556 2544 ε
586 2500 641 2566 et
668 2501 841 2549 tamen
870 2491 972 2547 bne
1000 2492 1333 2562 intelligitur.
1361 2492 1469 2546 Nec
1495 2493 1745 2562 quoniam
1773 2493 1929 2559 dixit,
1950 2508 2014 2547 ea:

426 2598 560 2650 aqua
580 2590 625 2634 et
656 2582 886 2651 Spiritu,
913 2597 1124 2637 omnem
1145 2583 1390 2652 spiritum
1419 2584 1699 2653 quisquam
1719 2584 2013 2655 intelligere

428 2670 654 2741 Cogitur.
700 2671 956 2737 Quocirca
1002 2688 1124 2727 cum
1174 2672 1359 2738 audis,
1411 2674 1636 2744 Spiritus
1680 2684 1852 2729 autem
1894 2675 2011 2731 bla-

428 2763 659 2831 sphemia
692 2778 793 2817 non
822 2765 1127 2829 remittetur;
1156 2765 1294 2823 sicut
1333 2781 1438 2819 non
1477 2781 1690 2822 omnem
1733 2766 1974 2836 spiritum
1995 2807 2011 2832 ,

433 2855 507 2909 ita
554 2871 660 2909 non
710 2856 884 2911 onmis
929 2856 1148 2925 spiritus
1185 2857 1571 2928 blasphemiam
1616 2865 1828 2928 oportet
1868 2848 2013 2914 neci;

430 2947 565 3017 pias.
1099 2938 1105 2943 ’

503 3037 727 3094 CAPUT
761 3037 891 3093 Vlll.
913 3068 984 3078 —
1015 3040 1098 3095 15.
1139 3039 1476 3111 Evangelista!
1497 3041 1588 3096 alii
1613 3041 1675 3095 de
1697 3041 1794 3096 hac
1815 3056 1871 3097 re
1890 3048 2015 3097 cun-

435 3131 700 3185 sentientes
727 3146 842 3185 cum
875 3130 1138 3186 Matthiae.
1167 3132 1368 3189 Audire
1387 3132 1498 3203 jam
1529 3134 1669 3189 velle
1691 3149 1788 3190 vos
1837 3134 2012 3202 video,

433 3222 684 3291 quoniam
714 3237 820 3277 non
848 3229 931 3276 est
957 3221 1132 3277 omnis
1152 3263 1167 3289 ,
1194 3236 1437 3293 quaenam
1464 3223 1534 3278 sit
1565 3224 1652 3278 illa
1683 3224 2015 3295 blasphemia

435 3312 692 3383 Spiritus,
723 3328 842 3384 qua:
888 3328 997 3368 non
1030 3313 1365 3379 remittetur;
1404 3324 1460 3370 et
1500 3315 1639 3385 quod
1666 3316 1735 3370 sit
1754 3317 1971 3373 verbum
1998 3357 2014 3384 ,

435 3402 687 3473 quoniam
713 3417 820 3458 non
853 3412 934 3458 est
957 3417 1137 3468 omne,
1162 3403 1302 3473 quod
1342 3404 1388 3460 si
1415 3403 1613 3460 dictum
1652 3404 1809 3462 fuerit
1832 3415 2017 3462 contra

435 3492 693 3563 Spiritum
711 3502 986 3562 sanctum,
1017 3509 1122 3549 non
1143 3495 1461 3562 remittetur,
1484 3510 1658 3566 neque
1688 3497 1742 3551 in
1781 3497 1883 3553 hoc
1916 3506 2018 3553 sm-

379 3600 383 3604 ·
436 3584 578 3649 culo,
600 3598 771 3654 neque
794 3584 845 3639 in
875 3581 1077 3639 tutuo.
1099 3583 1215 3639 lam
1230 3593 1287 3640 et
1308 3600 1408 3656 ego
1434 3585 1631 3643 vellem
1648 3586 1852 3654 dicere,
1874 3587 2018 3657 quod

437 3672 793 3730 intenuissime
812 3674 1132 3745 exspectatis
1160 3674 1344 3731 audire
1372 3693 1386 3729 :
1414 3675 1508 3732 sed
1537 3676 1757 3734 tolerate
1780 3677 2020 3749 aliquan-

440 3775 521 3820 tas
547 3766 764 3836 majoris
795 3766 1082 3836 diligentia:
1118 3781 1330 3833 moras,
1354 3766 1561 3835 donec,
1596 3768 1880 3839 adiuvante
1909 3771 2017 3826 Do-

440 3857 607 3921 mino,
631 3865 798 3912 totum
827 3856 969 3926 quod
991 3856 1225 3912 occurrit
1250 3857 1550 3928 expediam.
1577 3858 1894 3930 Aliiquippe
1913 3859 2018 3917 duo

441 3950 798 4019 evangelium,
829 3949 1033 4004 Marcus
1054 3957 1112 4004 et
1132 3948 1322 4014 Lucas,
1353 3962 1474 4003 eum
1508 3948 1580 4006 de
1621 3950 1721 4005 hac
1748 3966 1807 4006 re
1831 3951 2016 4022 loque-

441 4049 642 4104 rentur,
673 4055 777 4093 non
799 4038 1077 4106 dixerunt,
1118 4039 1633 4110 blaspltemiam,seu
1663 4043 1885 4098 verbum
1918 4060 1934 4099 :
1962 4053 2022 4100 ut

441 4130 856 4200 intelligeremus
888 4146 991 4185 non
1009 4144 1223 4187 omnem
1257 4130 1637 4202 blaSpbemiam
1659 4135 1797 4199 ,sed
1827 4151 2017 4205 quam-

441 4220 599 4278 dam;
645 4235 744 4275 nec
788 4222 1007 4277 verbum
1051 4236 1242 4287 omne,
1291 4222 1385 4279 sed
1415 4224 1701 4294 quoddam.
1731 4226 1869 4294 Quid
1892 4244 2020 4299 ergo

442 4310 726 4365 dixerunt?
746 4310 897 4381 Apud
938 4311 1168 4365 Linteum
1197 4312 1266 4367 ita
1290 4314 1546 4383 scriptum
1568 4324 1652 4371 est
1674 4334 1692 4370 :
1718 4316 1877 4372 Anien
1906 4318 2020 4373 dico

442 4403 598 4467 vobis,
621 4403 855 4472 quoniam
883 4403 1049 4456 omnia
1069 4402 1378 4459 tlintitteutur
1391 4406 1511 4474 ﬁliis
1534 4407 1794 4462 norninant
1817 4419 2022 4474 peccata

443 4503 489 4548 et
516 4493 838 4561 blasphemiae
855 4533 869 4556 ,
899 4494 1075 4562 quibus
1098 4494 1545 4564 blasphemarerint
1570 4513 1590 4551 :
1617 4499 1701 4567 qui
1723 4510 1886 4554 autem
1909 4500 2019 4554 blu-

444 4582 775 4653 spltemaverit
806 4582 857 4635 in
896 4581 1145 4651 Spiritum
1185 4592 1441 4652 sanctum,
1475 4602 1577 4641 non
1601 4588 1746 4643 habet
1767 4592 2023 4646 remissio-

447 4689 560 4725 nem
584 4672 636 4725 in
659 4681 899 4727 attentum
918 4712 932 4736 ,
960 4672 1048 4726 sed
1072 4689 1185 4728 reus
1203 4674 1296 4728 erit
1322 4677 1498 4731 (sterni
1518 4676 1688 4733 delicti
1714 4679 1903 4750 (Herc.
1928 4692 2018 4750 ιιι,

446 4762 537 4827 28,
559 4762 671 4833 29).
708 4762 860 4831 Apud
898 4762 1095 4819 Lucam
1130 4764 1238 4819 ita:
1270 4764 1446 4820 Omnis
1472 4769 1556 4838 qui
1579 4769 1703 4824 dicit
1734 4772 1933 4827 verbum
1968 4776 2023 4829 in

447 4854 642 4910 Filium
668 4855 883 4910 hominis
900 4897 916 4923 ,
938 4858 1215 4912 remittetur
1233 4859 1378 4914 ei:ei
1399 4871 1567 4916 autem
1589 4864 1676 4933 qui
1698 4864 1750 4917 in
1775 4865 2024 4937 Spiritum

447 4957 677 5003 sanctum
700 4945 1141 5017 blaspltemaverit,
1167 4965 1268 5004 non
1290 4952 1571 5007 remittetur
1587 4952 1742 5023 (Luc.
1773 4970 1880 5022 xu,
1908 4957 2019 5027 10).

448 5036 713 5106 Numquid
756 5047 975 5108 propter
1014 5040 1321 5096 nonnullam
1352 5042 1632 5099 verborum
1661 5044 2023 5103 diversitatem

446 5128 714 5184 receditur
747 5128 814 5183 ab
839 5127 1077 5198 ejusdem
1105 5132 1327 5187 veritate
1346 5136 1662 5192 sententiis?
1684 5136 1817 5193 Nam
1851 5153 2025 5209 neque

446 5218 553 5273 alia
598 5232 757 5275 causa
798 5228 883 5276 est
929 5235 1025 5274 cur
1068 5222 1417 5294 Evangelistte
1451 5227 1638 5283 eadem
1684 5245 1790 5286 non
1835 5232 2024 5289 eodem

451 5309 612 5366 modo
641 5309 853 5375 dicant,
878 5309 981 5367 nisi
1022 5321 1080 5366 ut
1116 5312 1240 5368 inde
1275 5314 1542 5373 discamus
1569 5334 1657 5375 res
1681 5321 1889 5391 verbis,
1917 5338 2025 5380 non

447 5402 611 5459 rebus
635 5402 793 5457 verba
822 5405 1447 5477 prmponere,~nihilqne
1487 5410 1628 5465 aliud
1672 5412 1728 5468 in
1777 5414 2026 5484 loquente

450 5508 690 5564 quaarcre
706 5533 724 5561 ,
746 5493 847 5551 nisi
872 5494 1193 5551 voluntatem
1206 5536 1222 5563 ,
1243 5498 1461 5567 propter
1476 5515 1637 5571 quam
1656 5503 2025 5563 insimtandam

451 5583 608 5637 verba
641 5593 971 5654 promuntur.
998 5585 1132 5652 Quid
1159 5588 1301 5644 enim
1328 5589 1397 5646 ad
1423 5606 1534 5647 rem
1562 5592 1817 5665 interest,
1848 5607 2024 5656 utrum

454 5671 681 5736 dicatur,
710 5675 934 5744 Spiritus
973 5678 1280 5748 blasphemia
1313 5698 1415 5738 non
1444 5687 1757 5756 remittetur;
1782 5704 1850 5746 an
1877 5691 2024 5748 dica-

455 5766 558 5824 tur,
600 5762 699 5823 Qui
737 5765 1145 5827 blasphemaverit
1182 5772 1234 5826 in
1275 5772 1527 5847 Spiritum
1557 5792 1814 5855 sanetum,
1852 5804 1953 5845 non
1981 5789 2027 5844 ei

1630 374 1691 425 δ.
1729 360 2087 425 ΑυϐιῖδΊίΝί
2130 356 2430 415 EPlSCOI‘l

3569 356 3678 414 b5!

2102 473 2414 529 remittetur?
2456 471 2566 530 Nisi
2608 472 2742 528 forte
2771 469 2913 543 quod
2946 468 3134 527 eadem
3180 484 3267 527 res
3302 472 3543 540 apertius
3580 473 3687 531 isto

2102 566 2262 622 modo
2280 582 2439 636 quam
2464 566 2559 620 illo
2572 564 2785 630 dicitur,
2808 573 2862 621 et
2880 564 3041 619 alium
3063 564 3437 635 evangelistam
3452 582 3563 622 non
3588 567 3686 624 de-

2100 658 2260 713 struit
2282 658 2448 723 alius,
2473 657 2569 712 sed
2596 656 2832 728 exponit.
2873 656 3102 727 Spiritus
3132 666 3302 712 atatem
3326 657 3643 729 blasphemia
3664 700 3683 730 ,

2101 749 2281 805 clause
2314 747 2517 804 dictum
2546 756 2678 828 est;
2715 747 2841 818 quia
2883 763 2991 803 non
3024 760 3356 817 expresstnn.
3377 758 3499 816 est,
3531 751 3688 822 cujus

2101 841 2337 913 spiritus.
2369 840 2484 896 Non
2508 840 2650 897 enim
2673 840 2993 911 quicumque
3017 840 3268 910 spiritus,
3296 839 3528 912 Spiritus
3552 858 3687 899 san-

2100 946 2220 990 ctus
2247 943 2347 990 est.
2374 933 2504 989 Item
2549 942 2729 1004 potest
2764 932 2868 989 dici
2905 934 3122 1004 spiritus
3148 932 3523 1004 blasphemia,
3564 952 3687 993 cura

2102 1027 2293 1096 spiritu
2318 1027 2538 1096 quisque
2560 1024 2895 1096 blasphemat
2920 1042 2937 1078 :
2965 1023 3233 1094 quomodo
3259 1027 3433 1094 petest
3450 1025 3554 1082 dici
3574 1028 3686 1096 spi-

2105 1117 2240 1173 ritus
2274 1118 2484 1185 eratin,
2529 1130 2651 1172 cum
2692 1115 2883 1186 spiritu
2925 1116 3146 1187 quiSque
3183 1125 3318 1171 orat.
3365 1115 3521 1173 Unde
3562 1118 3692 1177 dicit

2105 1207 2429 1278 Apostolus:
2457 1206 2625 1262 Orabo
2660 1206 2842 1276 spiritu
2861 1244 2878 1270 ,
2905 1205 3058 1261 orabo
3095 1216 3144 1260 et
3182 1216 3345 1261 mente
3364 1206 3410 1277 (Ι
3433 1206 3550 1262 Cor.
3582 1225 3687 1271 xiv,

2107 1300 2222 1371 15).
2247 1298 2380 1354 Cum
2405 1306 2532 1355 vero
2555 1298 2754 1355 dictum
2777 1306 2857 1352 est
2876 1339 2893 1363 ,
2922 1298 3022 1373 Qui
3050 1298 3463 1364 blasphemath
3483 1301 3537 1353 in
3561 1301 3688 1370 Spi-

2105 1391 2261 1444 ritum
2281 1400 2541 1455 sanctum,
2586 1390 2691 1445 illa:
2731 1389 3099 1460 ambiguitates
3145 1391 3331 1445 solutae
3373 1402 3516 1446 sunt.
3556 1391 3689 1448 item

2108 1480 2249 1552 quod
2274 1481 2530 1550 scriptum
2547 1489 2648 1545 est,
2675 1479 2797 1534 Non
2819 1478 2969 1535 habet
2980 1480 3321 1539 remissionem
3346 1485 3396 1538 iu
3423 1495 3686 1552 uernum,

2106 1575 2199 1631 sed
2235 1592 2348 1631 reus
2393 1577 2488 1629 erit
2524 1576 2700 1630 α-ιεηιί
2739 1575 2947 1640 delicti;
2973 1576 3099 1646 quid
3129 1586 3212 1631 est
3233 1577 3374 1632 aliud
3397 1619 3412 1643 ,
3452 1592 3608 1648 quam
3638 1580 3690 1633 id

2109 1668 2249 1739 quod
2274 1668 2565 1724 secundum
2584 1667 2886 1723 Mattlneum
2913 1667 3126 1737 legitur,
3164 1667 3282 1739 Non
3302 1671 3578 1723 remittetur
3608 1671 3686 1736 ei,

2110 1776 2269 1829 neque
2293 1761 2347 1814 in
2366 1761 2459 1814 hoc
2483 1759 2666 1814 swculo
2684 1798 2699 1825 ,
2716 1775 2877 1830 neque
2892 1758 2944 1814 in
2972 1760 3145 1828 futuro
3159 1761 3184 1819 2
3198 1759 3336 1815 Aliis
3353 1761 3548 1831 quippe
3574 1776 3691 1816 vero

2110 1840 2293 1907 ωερε
2332 1852 2438 1906 alio
2475 1851 2725 1922 loquendi
2767 1850 2927 1905 modo
2966 1851 3155 1925 cadet!)
3187 1851 3296 1920 ipsa
3324 1850 3410 1906 est
3436 1865 3689 1921 expressa

2111 1942 2393 1998 sententia.
2426 1943 2492 1997 Et
2530 1942 2672 2020 quod
2709 1930 2794 2020 est
2820 1942 2970 2012 apud
3010 1940 3347 2010 tla'ttlneum,
3378 1940 3477 2009 Qui
3512 1942 3695 1997 dixerit

2112 2035 2315 2090 uerbum
2355 2044 2531 2089 contra
2574 2012 2823 2103 Spirituin
2875 2043 3101 2089 sanctum
3118 2075 3134 2101 ,
3179 2035 3255 2090 ne
3298 2035 3446 2089 aliud
3491 2035 3694 2104 aliquid

2105 2130 2273 2198 quam
2310 2126 2691 2198 blasphemiam
2721 2126 3136 2197 intelligeremus
3173 2127 3380 2196 planius
3417 2126 3504 2182 alii
3540 2124 3694 2182 dise-

2112 2229 2239 2274 mnt
2269 2238 2285 2272 :
2317 2219 2416 2286 Qui
2445 2218 2860 2289 blaspltentauerit
2877 2219 2932 2272 in
2955 2216 3207 2289 Spiritum
3228 2218 3473 2273 sanctum.
3499 2219 3696 2274 Eadem

2078 2352 2082 2357 .
2112 2318 2292 2363 tamen
2319 2325 2406 2364 res
2428 2308 2495 2363 ab
2522 2308 2767 2365 omnibus
2788 2308 2932 2363 dicta
2956 2308 3039 2364 est
3066 2326 3081 2364 :
3108 2324 3209 2366 nec
3232 2309 3427 2380 ntiquis
3449 2325 3637 2366 eorum
3665 2326 3697 2366 a

2116 2399 2382 2470 loquentis
2426 2399 2701 2455 voluntate
2746 2398 3027 2466 discessit,
3059 2409 3276 2471 propter
3314 2414 3473 2471 quam
3498 2398 3698 2456 intelli-

2115 2490 2342 2561 gendam
2393 2489 2557 2546 verba
2602 2489 2872 2558 dicuntur,
2916 2492 3238 2560 scribarum,
3280 2492 3555 2562 leguntur,
3595 2505 3697 2546 au-

2114 2579 2412 2728 ὼιὲἱιὲξίῖΐ
2451 2671 2543 2727 IX.
2578 2702 2648 2716 --
2674 2672 2763 2728 ﬂ.
2786 2672 3072 2745 Difﬁcultas
3095 2674 3150 2730 in
3176 2675 3337 2730 verbis
3374 2671 3558 2729 Marci.
3590 2674 3698 2730 S‘ed

2058 2782 2069 2797 ι
2112 2763 2193 2818 ait
2215 2763 2407 2834 aliquis
2434 2782 2446 2818 :
2476 2764 2616 2820 Ecce
2641 2766 2822 2835 accepi
2849 2774 2903 2821 et
2930 2766 3199 2833 intellexi,
3227 2766 3350 2837 quia
3395 2780 3518 2821 cum
3560 2766 3692 2821 diei-

2090 2882 2095 2887 ,
2120 2862 2205 2908 tur
2228 2854 2557 2924 blaSphemia
2580 2897 2594 2921 ,
2637 2870 2736 2911 nec
2755 2854 3073 2927 exprimitur
3091 2859 3265 2913 tlmuis
3300 2866 3392 2913 aut
3418 2857 3661 2929 quaedam
3682 2900 3699 2925 ,

2118 2952 2295 3015 potest
2322 2945 2563 3015 qumdam
2593 2946 2813 3018 intelligi
2831 2989 2844 3012 ,
2866 2956 2963 3002 aut
2987 2949 3193 3015 omnis;
3234 2950 3333 3004 sed
3354 2964 3461 3004 non
3500 2959 3584 3005 est
3608 2966 3702 3005 ne-

2118 3052 2270 3094 cesse
2296 3047 2355 3093 ut
2379 3038 2584 3104 omnis;
2623 3041 2723 3094 nisi
2748 3049 2926 3096 autem
2954 3035 3194 3112 quasdam
3220 3038 3564 3113 intelligatur,
3604 3042 3706 3097 lal-

2119 3144 2239 3184 sum
2273 3140 2354 3185 est
2378 3130 2521 3201 quod
2558 3130 2788 3187 dicitur:
2819 3132 2890 3186 ita
2914 3142 2972 3187 et
2998 3132 3218 3188 vet-bum
3263 3134 3309 3188 si
3353 3148 3458 3188 non
3497 3132 3706 3189 dicatur

2121 3238 2281 3278 omne
2300 3263 2316 3290 ,
2345 3238 2441 3279 seu
2471 3220 2735 3294 quoddam
2753 3266 2768 3291 ,
2799 3239 2906 3280 non
2934 3236 3017 3281 est
3036 3240 3256 3282 necesse
3281 3236 3338 3282 ut
3360 3240 3519 3281 omne
3540 3227 3699 3283 intel-

2121 3313 2347 3385 ligatur;
2395 3313 2489 3369 sed
2530 3314 2637 3370 nisi
2693 3316 2779 3371 rel
2825 3316 3091 3386 quoddam
3134 3316 3295 3372 ﬁterit
3339 3318 3700 3382 intellectum,

2120 3405 2271 3461 nullo
2294 3405 2454 3462 modo
2481 3414 2656 3477 petest
2680 3405 2863 3462 verum
2893 3421 3015 3464 esse
3036 3409 3181 3480 quod
3217 3404 3434 3465 dicitur.
3465 3410 3574 3466 Sed
3617 3410 3705 3465 ubi

2121 3498 2332 3569 legitur,
2366 3498 2469 3565 Qui
2496 3498 2941 3570 blasphemaoerit,
2964 3494 3232 3571 quomodo
3257 3497 3491 3572 intelligo
3517 3516 3710 3572 quam-

2122 3591 2245 3647 dam
2283 3589 2699 3661 blasphemiam,
2724 3591 2816 3647 ubi
2853 3606 2961 3648 non
3006 3593 3199 3663 legitur
3223 3590 3587 3664 blasphemia;
3622 3593 3707 3649 vel

2121 3683 2386 3754 quoddam
2411 3684 2630 3739 verbum
2648 3724 2663 3750 ,
2701 3678 2789 3739 ubi
2810 3698 2917 3739 non
2945 3684 3138 3755 legitur
3162 3685 3382 3740 verbum
3401 3725 3417 3749 ,
3447 3685 3543 3741 sed
3582 3694 3727 3757 tan:

2121 3790 2280 3845 quam
2316 3774 2635 3845 generaliter
2672 3774 2777 3830 diei
2828 3774 3055 3842 videtur,
3110 3774 3210 3842 Qui
3249 3776 3710 3847 bium/tamin

2124 3865 2258 3921 Huic
2283 3866 2687 3922 contradictioni
2713 3866 2792 3921 sic
2819 3866 3206 3936 respondemus
3231 3883 3246 3921 :
3270 3867 3405 3935 Quia
3436 3869 3595 3925 etiam
3618 3868 3709 3925 hic

2121 3956 2169 4010 si
2209 3952 2493 4021 diceretur,
2542 3957 2641 4024 Qui
2676 3958 3124 4028 blasphematur“
3148 3954 3549 4030 quamcumque
3586 3959 3707 4015 bla-

2122 4046 2416 4117 sphemiam
2450 4048 2505 4101 in
2543 4043 2799 4117 Spiritum
2827 4056 3071 4119 sanetum
3091 4092 3107 4114 ,
3146 4050 3278 4106 nihil
3303 4059 3448 4106 esset
3485 4065 3584 4107 cur
3609 4052 3709 4107 ali-

2123 4136 2282 4211 quam
2320 4139 2706 4211 blaSpltetniam
2732 4141 3073 4211 quaerendam
3114 4151 3450 4212 putaremus,
3492 4143 3707 4213 quando

2123 4228 2338 4284 omnem
2384 4228 2679 4300 intelligere
2718 4229 3076 4287 deberemus:
3109 4231 3203 4285 sed
3237 4232 3360 4301 quia
3387 4233 3561 4286 omnis
3596 4247 3707 4287 non

2123 4322 2299 4389 poterit
2317 4319 2537 4391 intelligi
2558 4361 2574 4386 ,
2603 4336 2675 4375 ne
2700 4321 2925 4391 Paganis
2946 4360 2962 4387 ,
2987 4320 3185 4377 ludatis
3207 4362 3223 4389 ,
3251 4319 3520 4377 haereticis
3542 4364 3557 4389 ,
3589 4338 3711 4378 om-

2124 4412 2284 4482 nique
2300 4408 2580 4467 hominum
2606 4414 2820 4483 generi,
2849 4414 2936 4483 qui
2965 4408 3188 4468 diversis
3208 4415 3481 4469 erroribus
3506 4425 3559 4469 et
3577 4428 3712 4469 con-

2126 4500 2528 4559 tradictlonibus
2557 4506 2668 4558 suis
2690 4504 3061 4574 blasphemant
3082 4502 3132 4558 in
3160 4504 3415 4575 Spiritum
3440 4515 3708 4571 sanetum,

2125 4608 2248 4663 spes
2276 4594 2635 4665 remissionis,
2652 4595 2704 4649 si
2747 4610 2808 4651 se
2828 4596 3186 4664 correxerint,
3213 4598 3513 4663 auferatur;
3541 4606 3707 4655 restat

2128 4687 2305 4754 utique
2334 4695 2392 4739 ut
2415 4684 2468 4739 in
2487 4698 2554 4740 eo
2576 4683 2718 4755 quod
2747 4686 3000 4756 scriptum
3025 4693 3140 4752 est,
3166 4686 3267 4752 Qui
3292 4687 3715 4759 blaspheth

2124 4771 2179 4824 in
2218 4770 2468 4843 Spiritum
2500 4779 2756 4836 sanctum,
2798 4786 2901 4823 non
2932 4768 3078 4823 habet
3103 4769 3439 4826 remissionem
3477 4773 3533 4826 in
3555 4782 3710 4827 ater-

2127 4874 2284 4924 nmn,
2334 4860 2423 4916 ille
2474 4859 2798 4930 intelligatur
2840 4859 2969 4928 qui,
3017 4874 3124 4914 non
3170 4862 3316 4916 omni
3377 4862 3567 4931 mede,
3610 4864 3712 4920 sed

2127 4967 2194 5008 eo
2251 4952 2409 5008 modo
2458 4951 2934 5024 blasphemarerit,
2994 4959 3053 5008 ut
3104 4952 3154 5009 ei
3211 4967 3485 5025 nunquam
3538 4957 3715 5026 possit

2127 5044 2347 5114 ignosci.

2199 5137 2425 5194 CAPUT
2466 5138 2535 5193 Χ.
2574 5168 2644 5180 -
2682 5140 2767 5196 l5.
2801 5139 3029 5196 Tentatio
3066 5138 3275 5211 duplex.
3300 5140 3449 5197 Sient
3475 5141 3616 5196 enim
3654 5138 3713 5193 in

2124 5244 2194 5285 eo
2211 5231 2350 5299 quod
2368 5229 2567 5286 dictum
2583 5239 2686 5297 est,
2706 5230 2847 5287 Deus
2872 5234 3118 5289 neminem
3139 5242 3294 5289 tentet
3313 5232 3515 5307 (Jacobi
3532 5246 3569 5301 ι,
3594 5233 3683 5301 t3)
3697 5268 3716 5296 ,

2129 5336 2235 5376 non
2259 5322 2436 5387 omni,
2464 5320 2560 5379 sed
2584 5324 2813 5394 quodam
2842 5324 3151 5380 tentationis
3177 5325 3336 5380 modo
3366 5318 3503 5380 Deus
3532 5324 3710 5379 uerni-

2127 5427 2253 5468 nem
2294 5422 2496 5470 tentare
2538 5414 2909 5487 intelligendus
2946 5424 3074 5472 est:
3123 5430 3195 5472 ne
3236 5414 3426 5472 nam
3467 5416 3539 5471 sit
3578 5412 3710 5469 illud

2127 5508 2271 5577 quod
2312 5509 2568 5579 scriptum
2610 5518 2724 5576 est,
2771 5509 2950 5564 Tentat
2984 5524 3073 5566 vos
3113 5510 3359 5565 Dominus
3388 5508 3526 5564 Deus
3553 5515 3711 5563 Iader

2129 5601 2308 5674 (Deut.
2329 5617 2461 5669 xm,
2489 5605 2580 5677 5);
2613 5615 2668 5661 et
2698 5623 2765 5662 ne
2792 5607 3059 5663 Christum
3099 5603 3352 5677 negemus
3394 5606 3592 5672 Deutn,
3623 5602 3710 5658 vel

2129 5695 2369 5751 dicamus
2397 5698 2587 5753 falSum
2619 5699 2962 5769 Evangelium
2983 5740 2998 5765 ,
3030 5699 3120 5754 ubi
3153 5698 3373 5770 legimus
3402 5699 3525 5769 quia
3547 5698 3710 5752 iuta-

2130 5790 2349 5863 rogabat
2387 5792 2701 5863 discipulum
2744 5802 2940 5848 lentam
2980 5808 3127 5862 eum,
3172 5794 3281 5865 ipse
3317 5804 3490 5847 autem
3530 5790 3708 5846 seis-im
