3954 6186
310 342 407 398 155

305 453 422 523 quid
447 457 575 503 esset
598 436 827 520 {eratres
854 446 1030 517 (Joan.
1056 460 1107 500 ιι
1129 489 1141 510 ,
1165 447 1196 503 5
1222 489 1235 511 ,
1266 434 1347 514 6).
1370 443 1463 498 Est
1491 446 1630 500 enim
1665 445 1882 499 tentalio

305 540 573 595 adducens
617 546 924 608 peccatum,
972 552 1071 607 qua
1114 530 1249 591 Deus
1290 535 1553 591 neminem
1582 538 1800 591 ‘tcntat:
1834 543 1887 589 et

266 632 275 645 ‘
306 641 381 688 est
411 631 636 687 teutatio
684 630 914 700 probans
956 629 1110 682 tidem
1136 669 1149 692 ,
1181 636 1282 697 qua
1311 636 1364 682 et
1395 620 1533 682 Deus
1577 632 1778 681 tentare
1807 620 1886 679 di-

304 732 511 792 gnatur.
546 718 770 774 ltaeum
804 718 1078 784 audimus,
1119 714 1217 783 Qui
1250 716 1663 784 blasphemaverit
1687 717 1738 770 in
1766 714 1888 784 Spi-

306 815 450 866 ritum
471 817 736 876 sanctum,
768 823 1060 863 non‘om‘ne
1089 807 1485 877 blasphemandi
1514 818 1682 877 genus
1726 804 1889 863 dcb'c-

306 912 422 958 mus
448 901 695 971 accipere
720 941 734 966 ,
764 900 901 953 sicut
921 915 1021 955 nec
1045 894 1114 953 ibi
1143 913 1301 954 omne
1327 897 1581 952 tentandi.

372 991 462 1047 16.
520 991 681 1045 Salus
726 987 949 1043 credenti
1012 999 1058 1043 et
1112 988 1362 1058 baptizata
1439 988 1703 1058 promissa,
1758 982 1888 1040 item

307 1094 424 1139 eum
453 1082 718 1147 audimus,
743 1080 840 1146 Qui
857 1079 1143 1144 crediderit,
1168 1088 1215 1132 et
1232 1077 1514 1148 baptizatus
1534 1076 1705 1147 fuerit,
1722 1076 1892 1130 salvus

310 1174 399 1227 erit
426 1171 619 1243 (Mure.
646 1169 847 1235 “1,16
878 1169 898 1242 )
930 1185 944 1220 :
975 1180 1078 1222 non
1107 1168 1285 1238 utique
1316 1166 1657 1237 intelligimus
1683 1179 1748 1220 co
1774 1172 1891 1218 m0-

309 1265 379 1319 do
399 1262 726 1323 credentem,
745 1275 851 1329 quo
866 1269 912 1312 et
931 1259 1182 1314 dcemoncs
1202 1257 1413 1311 credant
1438 1266 1484 1311 et
1505 1254 1893 1319 contremiscunt

308 1356 331 1427 (
363 1353 541 1407 Jacobi
565 1367 619 1415 ιι,
644 1351 721 1405 19
752 1354 772 1420 )
802 1392 815 1413 ,
868 1362 966 1403 nec
1017 1350 1068 1402 in
1119 1348 1185 1403 eo
1228 1362 1449 1402 numero
1482 1346 1796 1417 baptizatos,
1832 1343 1888 1398 in

310 1459 424 1513 quo
451 1456 631 1511 magus
675 1438 860 1495 Simon
912 1439 1167 1509 baptizari
1221 1439 1388 1509 putuit
1414 1438 1433 1509 (
1459 1438 1568 1491 Aet.
1615 1452 1725 1502 vni,
1760 1433 1890 1507 ιδ),

306 1536 411 1590 sed
437 1535 750 1587 salvusesse
780 1547 882 1585 non
933 1531 1120 1600 potuit.
1148 1528 1299 1585 Sicut
1338 1545 1464 1600 ergo
1508 1542 1626 1584 cum
1675 1528 1895 1597 diceret,

314 1625 418 1691 Qui
436 1624 703 1678 crediderit
717 1632 763 1677 et
780 1622 1060 1690 baptizatus
1072 1623 1241 1693 fuerit,
1262 1622 1428 1675 salvus
1449 1620 1564 1688 erit,
1588 1628 1690 1674 nun
1709 1626 1896 1673 omnes

323 1715 610 1770 credentes
638 1724 693 1768 et
712 1713 1023 1781 baptizatos,
1066 1710 1157 1766 sed
1184 1711 1443 1781 quosdam
1483 1707 1815 1773 intuebatur;
1843 1708 1897 1762 in

310 1823 375 1863 ea
394 1807 597 1861 scilicet
616 1804 932 1859 constitutos
954 1802 1076 1867 title,
1104 1819 1221 1873 qua:
1239 1803 1494 1872 Apostolo
1513 1802 1893 1871 distinguente,

314 1915 404 1962 per
420 1898 737 1951 dilectionem
753 1906 991 1967 operatur
1020 1894 1038 1968 (
1066 1895 1236 1949 Galat.
1255 1908 1312 1962 v,
1343 1894 1376 1950 6
1402 1893 1425 1965 ')
1459 1912 1471 1945 :
1503 1895 1571 1948 ita
1603 1909 1721 1949 cum
1743 1884 1896 1960 dixit,

318 1989 417 2054 Qui
446 1988 862 2057 btusphemaoerit
886 1987 941 2040 in
967 1984 1214 2056 Spiritum
1248 1994 1490 2049 sanctum,
1521 2001 1621 2039 non
1650 1985 1796 2039 habet
1818 2002 1898 2039 re-

315 2082 602 2134 missionem
629 2080 684 2132 in
731 2088 1145 2135 teternummon
1180 2091 1415 2143 omnem,
1471 2077 1563 2132 sed
1618 2075 1901 2147 quemdam

321 2169 742 2241 biaspbcmantis
782 2168 836 2222 in
877 2167 1128 2236 Spiritum
1157 2175 1394 2222 sanctum
1449 2166 1751 2221 intendebat
1782 2180 1900 2221 rea-

320 2271 455 2327 tum,
476 2276 583 2331 quo
609 2259 847 2330 quisquis
878 2256 1033 2312 fuerit
1061 2256 1345 2328 obligatus,
1370 2256 1514 2310 nulla
1551 2271 1782 2326 unquam
1813 2271 1899 2310 re-

317 2353 575 2408 missione
599 2352 868 2406 solvetur.

390 2441 618 2497 CAPUT
661 2441 749 2496 X1.
779 2469 851 2480 —-
877 2441 963 2494 i7.
993 2439 1179 2494 Modus
1199 2438 1403 2510 quidam
1423 2436 1765 2491 manducandi
1783 2444 1902 2492 car-

318 2532 642 2589 nemChristi
662 2531 901 2601 praprius
951 2531 1166 2599 piorum.
1226 2528 1359 2582 illud
1408 2528 1570 2583 etiam
1621 2527 1761 2599 quod
1808 2526 1903 2595 ait,

324 2616 424 2694 Qui
449 2624 721 2680 numdueat
750 2639 951 2677 carnem
981 2636 1163 2686 meam,
1190 2629 1234 2673 et
1261 2621 1379 2674 bibit
1402 2621 1695 2690 sanguinem
1722 2630 1904 2686 uicum,

319 2717 377 2771 in
407 2723 686 2779 atemanet,
709 2724 755 2768 et
785 2730 874 2784 ego
902 2714 955 2766 in
993 2711 1083 2765 illo
1108 2709 1302 2783 (Joan.
1336 2726 1409 2776 γι,
1436 2711 1502 2765 57
1535 2715 1550 2779 )
1577 2726 1591 2775 ς
1624 2710 1891 2781 quomodo

320 2805 644 2862 intellecturi
672 2801 897 2857 sumus?
923 2799 1183 2869 Nmnqnid
1228 2800 1385 2853 etiam
1433 2800 1552 2853 illos
1600 2798 1683 2853 hic
1714 2800 1909 2870 poteri-

320 2911 443 2951 mus
469 2894 735 2964 accipere,
755 2891 823 2947 de
845 2892 1035 2961 quibus
1054 2892 1179 2945 dicit
1195 2890 1478 2958 Apostolus
1495 2888 1632 2959 quod
1655 2889 1909 2959 judicium

318 2986 428 3040 sibi
462 2984 789 3040 manducent
813 2990 866 3036 et
890 2981 1070 3035 bibant
1097 2979 1114 3050 (
1138 2979 1159 3033 Ι
1182 2976 1299 3034 Cor.
1320 2996 1391 3045 xi,
1417 2978 1526 3051 9.9)
1557 2995 1571 3043 ;
1600 2994 1720 3034 cum
1744 2979 1909 3050 ipsam

321 3090 545 3132 carnem
602 3074 942 3138 maiidueent,
995 3080 1050 3126 et
1102 3071 1275 3140 ipsum
1314 3071 1623 3140 sanguinem
1680 3070 1906 3124 bibant?

324 3166 594 3238 Numquid
636 3176 695 3221 et
747 3164 912 3219 Judas
953 3162 1189 3233 magistri
1216 3162 1459 3216 venditor
1485 3170 1538 3215 et
1566 3160 1788 3216 traditor
1816 3162 1911 3216 im-

324 3259 467 3327 pius,
488 3256 732 3327 quamvis
759 3256 983 3325 primum
1012 3255 1184 3323 ipsum
1208 3251 1455 3327 matribus
1473 3253 1588 3321 ejus
1613 3251 1912 3308 coniectum

327 3326 733 3404 Sacramentqu
774 3345 949 3400 carnis
1000 3351 1054 3397 et
1095 3342 1365 3413 sanguinis
1401 3326 1515 3413 ejus
1540 3358 1660 3398 cum
1708 3346 1915 3401 caeteris

329 3440 631 3510 discipulis,
652 3439 791 3493 sicut
816 3436 1052 3508 apertius
1098 3434 1267 3490 Lucas
1288 3435 1614 3505 evangelista
1658 3435 1912 3505 declarat,

328 3530 680 3587 manducaret
728 3538 783 3584 et
829 3525 1229 3598 biberet(Luc.
1270 3542 1398 3591 χχιι,
1443 3527 1507 3581 2|
1543 3528 1583 3598 ),
1625 3529 1819 3584 mansit
1863 3529 1915 3584 in

328 3623 570 3687 Christo,
597 3632 689 3676 aut
714 3613 955 3677 Christus
985 3619 1167 3673 ineo?
1205 3618 1335 3673 Tam
1363 3618 1514 3673 multi
1554 3618 1795 3689 denique,
1829 3621 1918 3690 qui

329 3716 414 3770 vel
440 3714 607 3770 corde
629 3714 750 3768 licio
779 3727 992 3767 carnem
1013 3711 1157 3765 illam
1187 3709 1512 3764 manducant
1538 3716 1590 3764 et
1608 3698 1917 3781 sanguinem

328 3806 542 3869 libant,
573 3804 660 3860 vel
687 3818 805 3858 cum
835 3800 1269 3856 tnauducaverint
1298 3809 1351 3855 ct
1380 3798 1633 3867 biberint,
1662 3809 1918 3871 apostata:

322 3896 489 3960 riunt,
523 3894 776 3964 nmnquid
808 3900 1025 3947 manent
1073 3890 1125 3945 in
1170 3889 1421 3956 Christo;
1470 3898 1560 3945 aut
1584 3890 1826 3947 Christus
1862 3891 1920 3948 in

331 3987 414 4042 eis
427 3987 452 4039 ἲ
482 3986 590 4042 Sed
612 3984 846 4056 profecto
862 3992 945 4039 est
968 3982 1181 4054 quidam
1194 3981 1383 4037 modus
1404 3974 1757 4037 manducandi
1775 3978 1918 4037 illam

328 4090 576 4143 eat-nem,
609 4085 665 4131 et
704 4074 918 4130 bibendi
952 4074 1100 4128 illum
1142 4073 1477 4144 sanguinem,
1523 4088 1628 4143 quo
1654 4073 1815 4129 modo
1832 4074 1922 4145 qui

334 4167 737 4223 manduesverit
756 4175 811 4221 ct
839 4164 1050 4233 biberit,
1070 4164 1121 4218 in
1139 4161 1352 4220 Christo
1369 4170 1566 4231 manet,
1596 4173 1649 4219 et
1679 4162 1923 4221 Christus

336 4257 391 4312 in
414 4272 501 4312 eo.
529 4256 646 4311 Non
676 4268 806 4326 ergo
831 4268 1172 4325 quocumque
1203 4253 1361 4308 modo
1388 4253 1664 4323 quisquam
1696 4253 1922 4309 mandu-

334 4351 540 4406 caverit
559 4364 774 4404 carnem
800 4346 1021 4413 Christi,
1046 4353 1100 4401 et
1125 4344 1316 4400 biberit
1357 4343 1668 4415 sanguinem
1695 4343 1919 4414 Christi,

338 4449 522 4496 manet
542 4441 595 4494 in
615 4440 848 4505 Christo,
879 4446 932 4493 et
962 4437 1012 4491 in
1030 4433 1136 4490 illo
1161 4432 1404 4490 Christus
1433 4451 1447 4500 ;
1493 4437 1588 4492 sed
1614 4446 1762 4492 certo
1790 4440 1924 4508 quo-

339 4529 461 4584 dam
484 4529 672 4593 modo,
690 4538 850 4598 quem
876 4520 1091 4582 modum
1145 4525 1325 4597 utique
1351 4526 1462 4595 ipse
1489 4527 1721 4595 videbat,
1753 4543 1925 4598 quan-

342 4622 528 4677 doista
548 4621 778 4677 dicebat.
801 4620 891 4677 Sic
914 4620 1071 4690 igitur
1098 4619 1224 4674 etin
1253 4633 1317 4673 eo
1343 4616 1484 4689 quod
1517 4620 1611 4687 ait,
1665 4619 1766 4686 Qui
1791 4618 1926 4674 blas-

344 4713 650 4784 phemauerit
667 4713 721 4766 in
746 4711 994 4783 Spiritum
1022 4718 1269 4776 sanctum,
1297 4726 1395 4763 non
1418 4708 1562 4762 habet
1584 4708 1929 4764 remissionem

344 4805 400 4857 iu
421 4813 687 4866 mentum,
711 4818 816 4857 non
870 4815 1205 4872 quocumque
1256 4798 1416 4854 modo
1464 4798 1926 4869 biaspbemaverit,

347 4912 471 4951 reus
482 4904 569 4951 est
585 4895 739 4965 hujus
754 4893 1137 4950 irremissihilis
1153 4892 1329 4947 delicti
1351 4909 1363 4955 ;
1396 4891 1488 4946 sed
1502 4891 1660 4946 modo
1677 4892 1927 4962 quodam,

348 5002 507 5057 quem
530 5001 630 5042 nos
656 5001 894 5056 quaerere
930 4994 1090 5055 atque
1127 4984 1419 5054 intelligere
1442 4984 1630 5051 voluit,
1655 4984 1747 5054 qui
1795 4984 1932 5041 hanc

350 5080 668 5135 sententiam
700 5093 875 5133 veram
904 5077 1300 5146 terribilemque
1320 5075 1671 5146 deprompsit.

420 5158 647 5219 CAPUT
686 5161 797 5215 Xll.
824 5161 998 5216 ~18.
1025 5160 1327 5232 Aggreditur
1350 5159 1650 5214 solutionem
1691 5162 1931 5232 quotatio-

359 5253 457 5320 nis.
478 5252 705 5307 Trinitas
750 5251 909 5307 Deus.
955 5252 1208 5318 Quisnam
1256 5249 1521 5309 sitautem
1562 5251 1660 5307 iste
1683 5251 1933 5323 blasphe-

362 5345 534 5401 mandi
557 5345 768 5413 modus,
796 5344 883 5400 vel
928 5343 1105 5414 potius
1159 5342 1548 5408 immoderatio,
1594 5358 1835 5414 quaenam
1866 5346 1936 5400 sit

360 5436 455 5490 ista
480 5435 835 5507 blasphemia,
864 5442 920 5491 et
952 5434 1093 5505 quod
1122 5434 1191 5489 sit
1217 5433 1436 5489 verbum
1469 5444 1656 5489 contra
1676 5435 1930 5505 Spiritum

362 5536 597 5583 sanctum
621 5544 637 5593 ;
659 5527 795 5598 jam,
822 5535 1075 5596 quantum
1101 5525 1370 5591 existimo,
1400 5524 1513 5596 ipse
1542 5525 1676 5581 ordo
1706 5527 1937 5596 postulat

366 5627 420 5672 ut
443 5618 703 5684 dicamus,
743 5622 1079 5687 vestramque
1107 5615 1559 5685 exspectationem
1587 5615 1808 5683 tamdiu,
1840 5618 1935 5673 sed

368 5709 663 5764 necessario
679 5707 968 5773 detentum,
1001 5716 1107 5761 ιιοιι
1132 5707 1352 5762 ulterius
1378 5706 1702 5762 differamus.
1735 5705 1932 5775 Nostis,

371 5794 682 5866 charissimi,
721 5796 776 5851 in
806 5796 895 5851 illa
935 5795 1181 5851 invisibili
1208 5804 1262 5853 et
1284 5795 1671 5865 ineorruptihili
1696 5794 1929 5851 Trinita-

1695 334 1919 387 SEiiiIO
1961 333 2143 388 LXXI.

3465 335 3565 389 διῖώ

1999 452 2069 507 te,
2099 459 2255 514 quam
2290 443 2419 498 fides
2457 454 2633 500 nostra
2678 455 2727 501 et
2756 445 3012 501 catholica
3062 428 3295 501 Ecclesia
3343 455 3487 502 teuct
3511 458 3565 503 et

1995 533 2262 604 prmdicat,
2293 534 2454 587 Deum
2498 535 2702 589 Patrem
2753 552 2855 589 non
2891 536 3127 606 Spiritus
3157 537 3321 592 sancti
3351 536 3558 593 Patrem

1978 630 2134 696 '_CSSC,
2168 622 2261 677 sed
2288 623 2406 677 Filii
2437 639 2451 688 ;
2483 632 2536 679 et
2577 626 2737 680 Deum
2766 625 2957 680 Filium
2990 643 3092 681 non
3124 626 3350 696 Spiritus
3395 626 3565 684 sancti
3618 614 3630 626 ’

1986 694 2183 767 Filium
2214 726 2352 776 esse,
2376 713 2469 768 sed
2502 712 2707 778 Patris;
2738 717 2908 770 ‘Deum
2945 725 3120 771 autem
3165 694 3414 787 Spiritum
3447 726 3567 773 san.

1952 808 1965 813 “
1992 794 2255 858 ιιιιιιιιέιιυιι
2274 804 2439 859 solius
2464 804 2657 868 Patris,
2679 816 2769 860 ant
2798 806 2963 861 solius
2993 822 3112 863 esse
3139 806 3258 862 Filii
3280 806 3566 879 Spiritum,

1956 900 1961 911 ·
1995 888 2088 948 sed
2106 880 2289 949 "Patris
2317 903 2370 949 et
2394 894 2533 949 Filii.
2568 894 2634 950 Et
2662 896 2796 950 hanc
2825 892 3429 969 Trinitatem,‘q'uannis
3456 902 3572 953 scr.

1992 991 2113 1037 ‘vata
2159 984 2481 1055 singulanun
2527 986 2844 1056 proprietate
2884 984 2937 1041 et
2964 987 3256 1041 substantia
3280 989 3295 1020 ¹
3326 1002 3575 1058 persona-

1996 1089 2154 1141 rum;
2198 1084 2370 1130 tamen
2405 1087 2619 1147 preptcr
2656 1078 2820 1147 ipsum
2854 1078 3172 1133 individuam
3220 1090 3272 1136 et
3302 1080 3572 1151 insepara-

1998 1161 2155 1220 bilem
2190 1166 2518 1235 teteruitatis,
2572 1170 2832 1232 veritatis,
2866 1170 3120 1224 bonitatis
3176 1173 3459 1225 essentiam
3491 1173 3573 1227 vel

1999 1263 2263 1319 naturam,
2284 1262 2388 1309 n‘on
2412 1271 2530 1312 csse
2553 1266 2659 1312 tres
2684 1258 2832 1324 deos,
2853 1260 2944 1313 sed
2963 1276 3123 1313 unum
3153 1256 3340 1315 Deum.
3368 1261 3445 1316 Ac
3476 1277 3572 1330 per

2001 1342 2103 1400 hoc
2126 1360 2225 1417 pro
2250 1354 2402 1415 captu
2426 1354 2626 1411 nostro,
2651 1357 2901 1417 quantum
2921 1350 3016 1403 ista
3044 1365 3137 1419 per
3157 1351 3427 1419 speculum
3450 1354 3576 1407 etin

1994 1434 2306 1504 renigmate,
2355 1438 2648 1505 przcsertim
2687 1440 2895 1504 talibus,
2928 1441 3109 1509 quales
3160 1442 3331 1497 adhuc
3369 1458 3573 1509 sumus,

2000 1526 2180 1581 videre
2195 1527 2535 1591 conceditur;
2578 1530 2872 1584 insinuatur
2902 1533 3121 1587 nobisin
3156 1534 3313 1589 Patre
3349 1537 3581 1589 aucturi-

2002 1625 2106 1684 tas,
2136 1618 2188 1671 in
2205 1617 2339 1672 Filio
2364 1619 2629 1683 nativitas,
2653 1619 2705 1673 in
2728 1619 2923 1690 Spiritu
2948 1633 3131 1678 sancto
3158 1623 3326 1677 Patris
3348 1622 3572 1693 Filiique

2002 1709 2372 1773 communitas,
2392 1708 2444 1761 in
2473 1708 2640 1763 tribus
2664 1711 2955 1779 mqualitas.
2981 1708 3132 1778 Quod
3150 1727 3275 1781 ergo
3295 1726 3578 1770 commune

2002 1807 2084 1851 est
2115 1797 2259 1851 Patri
2287 1807 2337 1852 et
2370 1797 2520 1868 Filio,
2552 1813 2646 1868 per
2665 1798 2764 1854 hoc
2793 1812 2889 1854 nos
2907 1801 3186 1857 voluerant
3215 1802 3411 1858 habere
3432 1819 3583 1859 com-

2003 1887 2308 1942 munionem
2328 1896 2383 1942 et
2408 1888 2546 1942 inter
2569 1903 2665 1942 nos
2695 1897 2749 1943 et
2794 1904 2995 1956 secum,
3020 1901 3072 1945 et
3100 1907 3195 1961 per
3227 1892 3353 1947 illud
3381 1893 3579 1948 donum

2005 1991 2102 2031 nos
2127 1978 2376 2048 colligere
2393 1978 2444 2032 in
2469 1994 2635 2033 unum
2680 1980 2823 2049 quod
2864 1981 3024 2035 ambo
3051 1982 3246 2037 habent
3271 1998 3456 2047 unum,
3487 1984 3588 2040 hoc

2005 2078 2105 2131 est,
2159 2081 2255 2136 per
2303 2067 2554 2137 Spiritum
2604 2078 2846 2122 sanctum
2876 2070 3039 2123 Deum
3069 2079 3124 2125 et
3150 2070 3346 2125 donum
3383 2073 3495 2128 Dei.
3525 2074 3583 2128 lu

2007 2157 2111 2212 hoc
2132 2159 2274 2212 enim
2297 2159 2699 2213 reconciliamur
2719 2159 2998 2225 divinitati,
3030 2176 3196 2230 eaque
3238 2161 3586 2218 delectamur.

2006 2250 2137 2305 Nam
2159 2250 2285 2321 quid
2330 2251 2482 2306 nobis
2509 2251 2787 2321 prodesset
2834 2254 3239 2324 quidq‘uidboui
3280 2270 3588 2323 nossemus,

2009 2341 2108 2395 nisi
2126 2342 2282 2396 etiam
2304 2341 2682 2412 diligeremns?
2707 2344 2855 2399 Sient
2878 2353 3053 2400 autem
3068 2346 3290 2401 veritate
3309 2348 3586 2418 discimus,

2010 2431 2080 2486 ita
2106 2431 2389 2487 'cliaritate
2430 2432 2733 2503 diligimus;
2759 2444 2814 2488 ut
2844 2443 2905 2488 'ct
2941 2435 3145 2503 plenius
3187 2452 3592 2510 cognoscamus,

2010 2531 2064 2576 et
2089 2522 2230 2576 beati
2277 2523 2492 2591 cognito
2533 2523 2889 2594 perfruamur.
2925 2525 3167 2581 Charitas
3198 2540 3359 2596 porro
3403 2528 3592 2585 diffusa

2011 2622 2093 2669 est
2120 2615 2169 2668 in
2200 2614 2447 2670 cordibus
2470 2619 2665 2671 nostris
2694 2610 3068 2688 per‘Spiritum
3093 2626 3354 2684 sanctum,
3381 2621 3472 2691 qui
3492 2621 3586 2676 da-

2015 2716 2099 2761 tus
2140 2717 2221 2762 est
2252 2707 2403 2762 nobis
2433 2707 2452 2780 (
2483 2698 2630 2763 Rom.
2654 2725 2706 2773 ν,
2737 2709 2770 2763 5
2801 2709 2841 2780 ).
2873 2710 2940 2764 Ει
2973 2711 3095 2780 quia
3122 2711 3356 2780 peccatis
3384 2713 3589 2768 aliena-

2013 2796 2203 2851 bamur
2226 2811 2256 2849 a
2286 2797 2620 2866 possessione
2649 2813 2897 2853 verorum
2926 2799 3207 2868 honorum,
3234 2800 3467 2857 charitas
3497 2817 3592 2857 co-

2015 2888 2186 2956 operit
2228 2888 2616 2943 multitudinem
2647 2890 3020 2961 peccatorum(
3050 2890 3069 2944 l
3100 2890 3243 2947 Petr.
3276 2909 3345 2957 tv,
3371 2893 3468 2965 8).
3504 2895 3598 2950 Est

2014 2995 2143 3050 ergo
2174 2980 2332 3035 Pater-
2356 2979 2494 3035 Filio
2519 2983 2726 3037 veritati
2748 2984 2898 3053 origo
2924 2999 3107 3051 verax,
3138 2995 3192 3041 et
3222 2986 3388 3041 Filius
3405 2987 3472 3041 de
3503 3004 3597 3043 ve-

2015 3071 2124 3126 raci
2171 3071 2327 3127 Patre
2358 3082 2475 3128 orta
2504 3074 2718 3140 veritas,
2742 3083 2797 3129 et
2836 3076 3063 3146 Spiritus
3110 3087 3324 3133 sanctus
3356 3095 3385 3134 a
3437 3078 3595 3137 Patro

2018 3159 2161 3215 bono
2216 3170 2271 3217 et
2316 3162 2453 3238 F‘ilio
2504 3163 2646 3218 bono
2705 3163 2868 3219 eiiusa
2913 3164 3119 3222 bonitas
3162 3186 3176 3222 :
3217 3169 3455 3225 omnium
3503 3179 3588 3225 est

2016 3261 2192 3308 autem
2212 3267 2318 3307 non
2350 3254 2520 3324 impar
2540 3252 2812 3319 divinitas,
2840 3269 2939 3311 nec
2956 3257 3264 3327 separabilis
3293 3260 3488 3314 unitas.

2092 3343 2179 3398 i9.
2211 3343 2555 3399 ~Peeeoterum
2602 3346 2828 3400 remissio
2865 3347 3017 3401 datur
3067 3364 3157 3417 per
3198 3348 3445 3421 Spiritum
3485 3366 3606 3404 sm:-

2023 3445 2178 3492 ctum.
2199 3432 2361 3509 Ignis,
2383 3437 2654 3491 tribulatio.
2686 3437 2846 3509 Ignis,
2878 3438 3102 3510 Spiritus
3126 3448 3346 3494 sanctus.
3364 3441 3602 3496 Primum

2018 3542 2149 3599 ergo
2169 3529 2222 3583 in
2248 3543 2366 3595 nos,
2392 3528 2458 3583 ad
2504 3529 2864 3597 accipiendam
2908 3530 3073 3584 vitam
3100 3538 3374 3596 aeternam,
3392 3546 3517 3602 qua:
3548 3533 3603 3588 in

2020 3619 2312 3675 novissimo
2336 3619 2561 3685 (habitur,
2594 3620 2662 3674 de
2698 3619 2937 3676 bonitate
2982 3621 3073 3676 Dei
3115 3634 3307 3677 munus
3344 3624 3488 3679 venit
3538 3625 3606 3680 ab

2023 3710 2174 3766 initio
2199 3709 2339 3776 tidei,
2361 3710 2607 3766 remissio
2630 3721 2991 3782 peccatorum.
3039 3712 3149 3768 illis
3170 3714 3310 3769 enim
3336 3716 3606 3771 manenti-

2024 3801 2145 3867 bus,
2171 3809 2386 3857 manent
2403 3801 2631 3872 quodam
2650 3800 2808 3857 modo
2829 3802 3114 3858 inim‘icitite
3136 3802 3392 3861 adversus
3412 3804 3605 3871 Deum,

2025 3899 2082 3947 et
2101 3891 2288 3947 abillo
2302 3891 2576 3959 alienatio,
2605 3904 2724 3962 qua:
2759 3906 2789 3946 ιι
2821 3904 3003 3947 nostro
3029 3893 3170 3947 malo
3192 3901 3279 3948 est
3308 3911 3322 3947 :
3353 3895 3607 3963 quoniam

2024 3995 2131 4036 non
2148 3982 2401 4038 mentitur
2414 3981 2705 4052 Scriptura,
2725 3982 2929 4048 dicens,
2949 3980 3164 4036 Peccata
3184 3993 3347 4038 vestra
3366 3994 3610 4055 separant

2023 4074 2156 4129 inter
2176 4090 2263 4129 uos
2285 4082 2339 4129 et
2357 4074 2518 4133 Deum
2538 4074 2562 4146 (
2592 4072 2719 4128 Isai.
2752 4090 2860 4142 tax,
2882 4075 2919 4127 2
2935 4076 2974 4144 ).
3007 4072 3121 4129 Non
3148 4075 3332 4145 itaque
3362 4077 3514 4131 nobis
3534 4077 3611 4131 in-

2029 4164 2134 4221 fert
2160 4166 2300 4221 bona
2321 4178 2443 4235 sua,
2465 4166 2569 4221 nisi
2596 4168 2805 4222 auferat
2823 4167 2958 4221 mala
2993 4176 3194 4223 nostra.
3224 4168 3293 4223 Et
3322 4169 3374 4223 in
3408 4178 3611 4226 tantum

2028 4256 2118 4312 illa
2152 4266 2420 4324 crescunt,
2451 4257 2503 4312 in
2551 4268 2807 4328 quantum
2854 4258 2954 4313 ista
2994 4259 3305 4315 minuuntur
3333 4279 3349 4314 :
3380 4276 3479 4316 nec
3524 4260 3612 4316 illa

2031 4350 2387 4421 perﬁcientur,
2416 4350 2519 4405 nisi
2548 4352 2645 4406 ista
2667 4350 2934 4405 ﬁniantur.
2965 4351 3080 4406 Jam
3103 4368 3229 4408 vero
3267 4354 3406 4423 quod
3426 4354 3614 4408 ‘Domi-

2031 4455 2132 4496 nus
2157 4440 2309 4496 Jesus
2333 4439 2483 4496 sicin
2504 4440 2703 4510 Spiritu
2725 4453 2910 4497 sancto
2928 4452 3137 4511 peccata
3164 4444 3399 4510 dimittit,
3423 4450 3627 4514 quem;

2030 4533 2316 4589 admodum
2346 4533 2815 4604 iiiSpiritusancto
2828 4534 3097 4590 daemones
3116 4531 3287 4604 ejieit,
3312 4535 3437 4591 hinc
3472 4536 3618 4591 intel-

2033 4626 2122 4697 ligi
2175 4634 2369 4697 potest,
2422 4626 2564 4696 quod
2612 4633 2955 4696 posteaquam
2984 4624 3278 4679 resurrexit
3302 4640 3333 4680 a
3360 4625 3611 4688 mortuis,

2034 4731 2160 4772 cum
2203 4716 2428 4773 dixisset
2455 4715 2727 4786 discipulis
2772 4716 2907 4781 suis,
2960 4714 3186 4784 Accipite
3225 4715 3474 4785 Spiritum
3499 4732 3618 4769 son—

2035 4818 2205 4872 etum;
2228 4808 2481 4863 continuo
2500 4806 2753 4876 subjecit,
2787 4806 2850 4859 Si
2868 4806 2951 4858 cui
2974 4804 3265 4861 dimiseritis
3278 4814 3505 4875 peccata,
3540 4807 3619 4859 ιιι-

2036 4894 2388 4952 mittenturilti
2412 4910 2443 4958 ;-
2480 4896 2524 4948 si
2542 4897 2623 4949 cui
2650 4895 2927 4959 tenueritis,
2976 4893 3272 4947 tenebuntur
3300 4895 3318 4963 (
3342 4892 3500 4948 Joa’n.
3525 4900 3615 4959 xlv,

2036 4988 2129 5053 22,
2159 4988 2288 5057 23).
2317 4986 2449 5041 Nam
2500 4994 2561 5041 et
2604 4986 2692 5039 illa
2738 4980 3090 5054 regeneratio,
3127 4985 3214 5037 ubi
3272 4984 3331 5039 tut
3379 4985 3618 5041 omnium

2038 5078 2430 5151 praeteritorum
2450 5076 3079 5146 remissiopeccatortim.
3102 5076 3152 5128 in
3188 5073 3387 5145 Spiritu
3421 5085 3614 5130 sanam

2040 5169 2121 5235 ﬁt,
2151 5168 2363 5224 dicente
2382 5166 2626 5232 Domino,
2654 5165 2770 5220 Nisi
2793 5166 2907 5236 quis
2932 5166 3139 5219 renatus
3160 5166 3317 5237 fuerit
3336 5182 3399 5222 ea:
3422 5182 3553 5237 aqua
3572 5179 3621 5223 et

2043 5260 2262 5330 Spiritu,
2292 5272 2393 5314 non
2412 5267 2573 5329 potest
2594 5259 2811 5313 introire
2824 5258 2879 5312 in
2904 5264 3111 5330 regnum
3134 5257 3227 5312 Dei
3247 5259 3266 5329 (
3290 5258 3380 5312 Id.
3408 5274 3486 5325 ιιι,
3518 5260 3616 5327 5).

2042 5352 2146 5409 Sed
2171 5352 2309 5408 aliud
2326 5361 2429 5421 est,
2455 5352 2598 5408 nasci
2626 5352 2691 5409 de
2711 5352 2909 5422 Spiritu
2938 5369 2952 5415 ;
2995 5350 3156 5415 aliud,
3186 5352 3329 5422 pasci
3351 5351 3418 5406 de
3439 5351 3609 5421 Spiri—

2044 5451 2139 5500 tu:
2164 5444 2300 5499 sicut
2328 5442 2470 5498 aliud
2495 5452 2597 5512 est,
2629 5444 2773 5498 nasci
2816 5442 2885 5496 de
2909 5456 3087 5505 carne,
3116 5440 3256 5510 quod
3289 5442 3347 5496 tit
3377 5458 3497 5496 cum
3531 5454 3620 5512 pa.

2042 5537 2113 5592 rit
2158 5534 2363 5600 mater;
2400 5535 2541 5590 aliud
2600 5544 2701 5601 est,
2737 5532 2977 5603 pasei‘de
3024 5547 3201 5600 carne,
3232 5532 3374 5603 quod
3398 5533 3453 5588 tit
3499 5546 3619 5590 cum

2042 5628 2204 5684 lactat
2228 5628 2503 5693 infantem,
2530 5627 2597 5680 ad
2632 5626 2733 5680 hoc
2758 5638 3074 5681 conversmn
3100 5633 3158 5679 ut
3194 5639 3313 5680 cum
3348 5626 3622 5696 voluptate

2047 5800 2084 5852 ι.
2109 5743 2125 5772 ί
2151 5740 2435 5793 Colbertinze
2480 5739 2782 5789 bibliothecae
2814 5744 2893 5787 Ms.
2935 5743 3126 5789 notatus
3142 5736 3250 5801 821,
3287 5743 3332 5789 et
3368 5735 3620 5789 subsisten-

2066 5815 2131 5852 ta.

2066 5815 2131 5852 ια.
