3954 6186
443 283 546 340 155

436 400 661 464 biberet,
707 394 845 452 unde
885 401 1041 449 natus
1069 401 1151 447 cst
1187 401 1243 447 ut
1273 392 1472 449 viveret
1502 411 1515 461 ;
1549 404 1605 450 ut
1644 395 1767 451 inde
1793 395 2018 464 accipiat

438 488 650 545 vivendi
697 488 1030 552 alimentum,
1065 484 1203 541 unde
1251 488 1456 558 accepit
1499 489 1750 544 nascendi
1787 489 2017 544 initium.

334 603 347 615 -
436 581 672 635 Primutn
694 579 870 648 itaque
912 575 1235 632 credendum
1267 579 1283 609 ⁸
1326 577 1641 634 beneﬁcium
1668 591 1750 635 est
1778 579 2019 652 benigni-

436 673 569 729 tatis-
584 671 675 727 Dei
701 671 755 726 in
782 669 982 740 Spiritu
1009 677 1191 725 sancto
1217 671 1460 726 remissio
1482 680 1840 741 peccatorum.
1868 670 2018 728 [lude

438 764 508 818 ita
535 761 695 832 cmpit
714 769 765 817 ct
796 761 1101 832 przedicatio
1128 761 1346 816 Joannis
1375 761 1750 832 B.iptistze,qui
1781 777 2016 833 praecur-

437 869 529 908 sor
582 853 791 908 Domini
830 853 1028 909 missus
1068 861 1168 908 est.
1199 851 1287 908 Sic
1312 853 1454 909 enim
1481 854 1735 924 scriptum
1781 863 1905 910 est:
1947 853 2016 909 In

441 946 616 1000 diebus
669 954 836 1001 autem
880 945 983 999 illis
1011 946 1141 999 vertit
1180 944 1406 1000 Joannes
1450 944 1702 1018 Baptista,
1731 946 2015 1018 pratdicans

430 1037 481 1092 in
511 1037 706 1093 deserto
722 1035 941 1100 ludicre,
959 1045 1004 1090 et
1021 1035 1190 1090 dicens
1213 1051 1232 1090 :
1259 1033 1612 1092 Pamitentiam
1637 1038 1800 1110 agile;
1823 1053 2014 1109 appro-

429 1129 687 1195 pinquavit
736 1127 868 1182 enim
917 1143 1123 1198 regnum
1164 1126 1650 1198 caelorum(Muttlt.
1700 1143 1776 1194 ιιι,
1823 1128 1875 1195 l,
1905 1127 1942 1182 Ξ
1967 1129 2008 1198 ).

429 1221 562 1276 lline
591 1231 643 1276 et
666 1219 832 1291 ipsius
858 1220 1084 1284 Domini,
1119 1219 1259 1289 quod
1287 1219 1354 1272 ita
1384 1220 1604 1290 legitur:
1636 1217 1838 1274 Exinde
1863 1219 2011 1288 erepit

426 1311 576 1366 Jesus
601 1313 878 1382 prtedicare
921 1321 965 1364 et
991 1311 1192 1364 dicere:
1221 1308 1368 1380 Agite
1410 1309 1745 1378 pa'nitentiam
1769 1327 1788 1375 ;
1817 1325 2010 1379 appro-

425 1403 684 1474 pinquavit
708 1402 838 1456 enim
874 1418 1084 1472 regnum
1111 1399 1348 1454 cartorum
1375 1399 1393 1468 (
1426 1399 1511 1452 Id.
1559 1415 1630 1464 tv,
1664 1400 1727 1454 17
1749 1399 1788 1470 ).
1811 1399 2008 1453 Aitau-

399 1514 402 1518 ·
453 1507 556 1550 tem
581 1494 813 1550 Joannes
840 1493 976 1548 inter
1000 1500 1213 1555 ca-tcra,
1241 1505 1360 1560 quae
1392 1489 1598 1544 locutus
1618 1497 1697 1544 cst
1717 1488 1782 1543 ad
1802 1503 1895 1545 eos
1918 1485 2009 1559 qui

425 1594 707 1651 venerunt,
735 1595 791 1640 ut
834 1585 900 1639 ab
941 1584 1032 1638 illo
1079 1582 1473 1653 baptizarentur
1501 1599 1514 1634 :
1545 1579 1657 1652 Ego
1685 1581 1885 1650 quidem
1924 1598 2008 1636 vos

425 1678 623 1746 implle
645 1677 696 1730 in
717 1693 852 1746 aqua
879 1681 929 1728 in
953 1673 1292 1745 paenitentiam
1321 1690 1339 1726 :
1364 1673 1450 1742 qui
1477 1681 1641 1726 autent
1671 1682 1905 1728 venturus
1933 1682 2006 1727 est

426 1778 538 1840 post
563 1786 660 1833 me,
680 1768 861 1838 fortior
880 1783 956 1820 me
971 1774 1062 1832 est,
1083 1767 1225 1835 cujus
1246 1780 1346 1817 non
1367 1780 1479 1818 sum
1499 1766 1680 1833 dignus
1700 1767 2006 1822 calceamen-

424 1872 475 1915 ta
496 1871 737 1929 portare;
769 1859 875 1929 ipse
915 1874 1000 1912 vos
1031 1855 1300 1926 baptizabit
1327 1855 1378 1908 in
1403 1854 1602 1924 Spiritu
1626 1867 1798 1912 sancto
1826 1868 1872 1911 et
1899 1857 2005 1928 igni

429 1955 447 2022 (
481 1951 565 2004 Id.
593 1967 668 2014 tu,
700 1951 756 2003 ll
792 1949 834 2020 ).
863 1948 950 2003 Ait
973 1957 1027 2002 et
1055 1946 1346 2003 Dominus:
1373 1945 1598 2000 Joannes
1617 1946 1816 2017 quidem
1846 1945 2006 2017 bapti-

420 2044 546 2096 zavit
586 2058 716 2110 aqua
742 2081 756 2106 ,
803 2057 888 2094 ros
927 2049 1093 2092 autent
1140 2038 1513 2109 baptizabimini
1563 2037 1764 2108 Spiritu
1805 2049 2000 2104 sancto,

419 2151 566 2204 quem
587 2132 841 2204 accepturi
870 2131 984 2187 estis
1009 2147 1108 2186 non
1129 2140 1241 2203 post
1271 2132 1453 2184 multos
1481 2134 1572 2184 nos
1597 2130 1723 2191 dies.
1756 2147 1910 2199 usque
1933 2130 2003 2184 ad

426 2225 752 2280 Pentecosten
777 2224 794 2294 (
822 2223 934 2277 Act.
963 2237 1001 2290 t,
1033 2223 1066 2277 5
1095 2222 1136 2291 j.
1181 2221 1332 2290 Quod
1363 2231 1539 2276 autem
1569 2221 1702 2275 dixit
1745 2220 1997 2287 Joannes,

440 2315 504 2370 Et
525 2315 651 2388 igni.
679 2313 920 2384 quamvis
959 2313 1126 2383 possit
1165 2313 1387 2383 intelligi
1427 2321 1483 2370 et
1518 2312 1805 2378 tribulatio,
1841 2328 1998 2382 quam

421 2422 518 2478 pro
548 2405 762 2460 nomine
810 2402 1005 2457 Christi
1055 2401 1335 2459 credentes
1387 2400 1597 2456 inerant
1643 2403 1996 2472 pcrpessuri;

418 2507 592 2552 tamen
646 2498 750 2548 neu
793 2493 860 2546 ah
908 2508 966 2547 re
1009 2500 1112 2556 est,
1167 2492 1412 2549 eumdem
1463 2493 1718 2562 Spiritum
1751 2501 1996 2548 sanctum

415 2587 574 2643 etiam
614 2583 830 2639 nomine
852 2582 988 2652 ignis
1012 2581 1364 2652 signiﬁcatum
1391 2582 1578 2637 videri.
1605 2581 1830 2652 Propter
1855 2583 1996 2653 quod

417 2690 473 2736 et
503 2680 554 2734 in
587 2677 813 2733 adventu
835 2677 950 2747 ejus
976 2677 1173 2732 dictum
1208 2685 1326 2732 est:
1367 2676 1497 2732 Visa:
1541 2685 1658 2731 sunt
1680 2677 1782 2732 illis
1807 2678 1998 2750 lingua:

419 2770 613 2836 dit-istc,
645 2769 769 2823 velut
795 2768 946 2838 ignis,
967 2767 1054 2839 qui
1080 2779 1126 2821 et
1168 2767 1350 2821 insedit
1403 2783 1555 2836 super
1597 2784 1997 2839 unumquemque

413 2859 626 2930 eorum(
661 2861 820 2926 ld.u,
842 2861 874 2914 3
898 2859 940 2930 ).
973 2858 1107 2914 llinc
1149 2869 1204 2914 et
1235 2859 1347 2929 ipse
1385 2858 1638 2914 Dominus
1663 2859 1736 2912 ait
1766 2874 1781 2911 :
1815 2859 1995 2931 Ignem

411 2955 523 3011 veni
546 2955 736 3007 mittere
765 2953 813 3006 in
843 2951 1082 3005 mundum
1108 2951 1124 3010 (
1156 2950 1283 3004 Luc.
1317 2967 1412 3018 xu,
1437 2951 1505 3008 49
1598 2951 1734 3007 llittc
1754 2960 1808 3007 et
1847 2953 1993 3022 Apo-

407 3045 578 3102 stolus
623 3045 696 3098 ait
727 3061 739 3096 :
771 3042 966 3113 Spiritu
1009 3044 1249 3113 ferventes
1277 3041 1472 3114 (Rom.
1512 3059 1586 3098 xu
1611 3085 1626 3112 ,
1673 3044 1779 3115 ll)
1816 3061 1828 3097 :
1861 3059 1993 3114 quo~

411 3136 553 3192 uiam
577 3135 696 3188 hinc
727 3133 892 3188 fervet
940 3133 1190 3188 Charitas.
1226 3133 1542 3190 Ditl'uuditur
1569 3135 1765 3206 quippe
1793 3135 1844 3190 iu
1869 3149 1990 3192 cor-

409 3228 564 3284 dibus
591 3225 785 3280 nostris
802 3240 895 3294 pcr
914 3223 1168 3294 Spiritum
1195 3234 1457 3292 sanctum,
1490 3225 1582 3295 qui
1608 3225 1762 3281 datus
1784 3236 1867 3281 est
1894 3241 1992 3281 uo-

412 3320 516 3374 bis.
545 3318 638 3374 Cui
691 3316 884 3372 l'crvori
935 3316 1259 3372 contrarium
1302 3325 1404 3382 est,
1439 3316 1581 3386 quod
1608 3317 1863 3373 Dominus
1891 3318 1986 3385 ait,

410 3410 717 3480 llefrigescet
745 3407 967 3461 Charitas
993 3407 1264 3460 multorum
1287 3408 1308 3478 (
1343 3405 1529 3460 Matth.
1554 3423 1697 3474 xxiv,
1733 3408 1800 3463 li
1828 3407 1984 3480 ).Scd

417 3498 649 3570 perlecta
675 3497 907 3553 charitas
934 3495 1228 3567 perfectum
1263 3496 1459 3554 donum
1485 3507 1568 3554 est
1589 3496 1816 3568 Spiritus
1858 3516 1987 3557 sau-

403 3591 496 3646 cti.
521 3589 674 3645 Prius
698 3596 780 3644 cst
807 3597 985 3644 autem
1004 3587 1130 3642 illud
1155 3586 1295 3658 quod
1321 3587 1387 3643 ad
1417 3589 1788 3647 remissionem
1817 3592 1984 3661 perti-

401 3689 496 3738 net
523 3690 856 3751 peccatorum
891 3697 906 3736 :
935 3694 1028 3749 per
1048 3678 1190 3749 quod
1208 3679 1525 3738 beneﬁcium
1543 3682 1781 3738 cruimur
1805 3683 1872 3739 de
1893 3701 1988 3755 po.

403 3780 596 3830 testate
636 3771 976 3826 tenebrarum
1007 3771 1027 3842 (
1056 3769 1248 3826 Coloss.
1279 3786 1319 3837 ι,
1343 3771 1408 3826 15
1437 3770 1481 3841 ),
1512 3780 1566 3827 et
1613 3773 1862 3844 princeps
1884 3773 1984 3829 hu-

399 3866 485 3938 jus
511 3865 692 3920 mundi
745 3863 968 3920 mittitur
1007 3862 1148 3918 foras
1177 3862 1280 3918 l‘ide
1310 3873 1489 3922 nostra
1513 3864 1532 3935 (
1553 3863 1710 3919 Joan.
1733 3882 1831 3934 xu,
1856 3867 1980 3938 51),

403 3958 492 4028 qui
523 3964 774 4028 operatur
799 3955 851 4010 in
882 3955 1004 4010 liliis
1025 3954 1389 4023 inﬁdelitatis(
1424 3953 1616 4026 Ephes.
1639 3973 1694 4024 u,
1725 3958 1983 4027 2),nulla

399 4051 451 4104 vi
480 4050 616 4104 alia”I
640 4048 740 4102 nisi
796 4047 1048 4103 societate
1073 4055 1130 4103 et
1165 4047 1487 4118 obligatione
1524 4049 1745 4119 peccati.
1776 4050 1834 4106 lu
1860 4051 1982 4122 Spi-

394 4143 501 4202 ritu
529 4142 669 4209 cnim
693 4149 898 4206 sancto,
926 4155 1033 4210 quo
1059 4140 1110 4194 in
1129 4155 1290 4197 unum
1322 4141 1412 4196 Dei
1445 4141 1670 4212 populus
1690 4157 1982 4215 congrega-

406 4247 514 4300 tur,
541 4234 748 4303 ejiciwr
773 4233 990 4302 spiritus
1039 4233 1363 4299 immundus,
1391 4235 1480 4304 qui
1506 4235 1558 4290 in
1583 4251 1644 4294 se
1685 4236 1857 4307 ipsum
1893 4238 1980 4294 di-

397 4327 612 4382 viditur.

469 4415 559 4472 20.
623 4413 1026 4484 Impacnitentia,
1075 4422 1332 4483 peccatum
1401 4418 1454 4471 in
1519 4417 1772 4490 Spiritum
1845 4440 1967 4480 ωη-

389 4516 549 4562 etum.
601 4503 800 4560 Contra
840 4503 941 4559 hoc
987 4504 1188 4561 donum
1234 4507 1542 4578 gratuitum,
1585 4521 1768 4568 contra
1818 4515 1974 4572 istam

399 4599 494 4656 Dei
537 4597 758 4669 gratiam
806 4597 1042 4668 loquitur
1089 4611 1184 4653 cor
1243 4600 1606 4670 imposuitens.
1672 4605 1789 4677 Ipsa
1845 4623 1974 4682 ergo

405 4689 792 4761 impmnitcntia
809 4699 895 4746 est
923 4688 1156 4759 Spiritus
1184 4691 1535 4763 blasphemia,
1575 4712 1696 4769 qua:
1738 4715 1844 4756 non
1882 4717 1972 4758 re-

406 4781 649 4839 mittetur
673 4795 846 4851 neque
861 4780 915 4834 in
955 4780 1058 4834 hoc
1083 4782 1307 4850 sarculo,
1333 4799 1506 4856 neque
1530 4787 1582 4842 in
1612 4787 1811 4846 loturo.
1832 4791 1972 4849 Con-

399 4883 482 4930 tra
513 4873 768 4944 Spiritum
813 4873 955 4929 enim
986 4884 1250 4944 sanetum,
1297 4892 1403 4948 quo
1453 4878 1784 4950 haptizantur
1833 4900 1971 4956 quo-

401 4982 519 5022 rum
563 4973 779 5038 peccata
825 4965 1002 5022 omnia
1040 4965 1412 5037 dimittuntur,
1455 4979 1511 5027 et
1557 4988 1716 5044 quem
1766 4979 1971 5048 accepit

407 5058 670 5124 Ecclesia,
697 5065 756 5113 ut
803 5057 890 5112 cui
937 5057 1201 5114 dimiserit
1247 5070 1485 5130 peccata,
1533 5062 1868 5123 dimittantur
1892 5069 1964 5138 ei,

394 5147 616 5203 verbum
634 5147 786 5202 valde
810 5147 1008 5202 malum
1024 5157 1079 5203 et
1106 5149 1268 5205 nimis
1294 5151 1535 5222 impium,
1563 5155 1676 5211 sive
1701 5159 1969 5229 cogitatio-

389 5255 478 5306 ne,
509 5239 622 5294 sive
668 5238 828 5294 etiam
877 5237 1056 5308 lingua
1103 5254 1196 5294 sua
1222 5240 1373 5308 dicit,
1405 5260 1562 5313 quem
1592 5249 1846 5317 patientia
1873 5251 1966 5309 Dei

445 5375 630 5448 ιἰονζ,
666 5370 996 5448 εἴεάεῃιὶίφυ
1041 5378 1428 5448 repugnantibus
1471 5379 1577 5448 aliis
1611 5383 1754 5436 editis
1779 5395 1833 5437 et
1857 5394 1962 5440 Mss.

377 5434 532 5485 libris.
564 5441 646 5507 ‘Er.
871 5443 1008 5507 _v_en.
1040 5434 1240 5507 ﬁnitioni
1276 5434 1965 5507 Lov.__sulli'agantur._ttlt;a

378 5496 683 5573 ιῐοῆειιιιιίο3
701 5496 887 5573 scilicet
909 5501 1096 5570 l’arisiis
1132 5513 1311 5573 excusa
1342 5503 1478 5573 ltili,
1496 5496 1700 5558 intExtu
1721 5496 1962 5573 tertii};

379 5555 608 5629 deludunt,
634 5555 684 5607 ct
705 5559 758 5629 tu
777 5561 1010 5629 margine,
1035 5562 1346 5629 credentium.
1375 5555 1466 5629 LM;

443 5616 617 5697 {Eoi-2
655 5616 1204 5697 pgm_q@_rel_Wtqi
1229 5624 1334 5697 fere
1374 5626 1483 5678 libri
1513 5641 1683 5684 carent
1705 5636 1962 5697 particula,

375 5678 621 5790 alii)
655 5684 819 5729 tamen
857 5678 963 5732 loco
1017 5689 1310 5741 Fossatcnsis
1362 5697 1440 5740 its.
1487 5678 1964 5764 eritigﬁiihfifai

1680 282 1737 338 S.
1779 279 2144 338 AUGUSTINI
2174 284 2468 342 EPISCOPI

3613 306 3714 366 ‘56

2147 413 2268 452 cum
2313 398 2379 452 ad
2409 398 2774 468 [minitentiam
2808 402 3058 470 adduc..t,
3106 406 3217 477 ipse
3246 409 3544 468 secundum
3564 414 3711 472 duri-

2128 484 2258 543 tiam
2281 491 2455 546 cordis
2471 493 2554 547 sui
2576 501 2629 548 et
2643 509 2737 548 cor
2751 495 3089 566 impomitcns
3116 499 3439 556 thesaurizat
3452 505 3553 560 sibi
3581 507 3710 564 iram

2127 577 2180 632 iu
2210 577 2295 634 die
2326 579 2416 634 ira:
2437 589 2490 636 ct
2517 583 2858 640 revelationis
2883 586 3011 656 justi
3040 587 3231 658 judicii
3261 590 3376 656 Dei,
3405 593 3495 663 qui
3523 596 3708 652 reddet

2075 692 2084 701 ο
2125 668 2408 740 unicuique
2431 671 2722 728 secundum
2747 689 2909 745 opera
2932 676 3048 746 ejus
3073 677 3092 750 (
3121 677 3272 734 Rom.
3297 697 3357 748 ιι,
3389 683 3490 739 ι-ϐ
3516 682 3558 757 ).
3587 685 3711 742 lla:c

2123 775 2252 832 ergo
2271 761 2653 833 impaenitentia
2679 782 2694 832 ;
2725 766 2804 822 sic
2839 768 2982 823 enim
3013 785 3117 825 uno
3136 771 3314 842 aliquo
3345 775 3558 832 nomine
3590 794 3712 848 pos-

2119 867 2304 909 sumus
2360 864 2643 927 utcumque
2689 859 2960 930 appellare
2998 872 3053 916 et
3075 863 3481 934 blasphemiam,
3507 879 3562 925 et
3583 887 3706 926 ver-

2119 940 2246 997 bum
2288 955 2472 1001 contra
2512 945 2767 1017 Spiritum
2816 959 3097 1018 sanctum,
3145 955 3286 1024 quod
3336 959 3705 1017 remissionem

2119 1047 2227 1090 non
2255 1034 2414 1090 habet
2430 1037 2478 1090 in
2499 1047 2755 1093 aeternum
2781 1057 2794 1092 :
2821 1039 2956 1107 haec,
2982 1042 3217 1113 inquam,
3241 1045 3705 1120 impmuitentiaut,

2117 1133 2300 1180 contra
2329 1141 2486 1195 quam
2515 1128 2817 1184 clamabant
2841 1141 2889 1186 et
2937 1147 3112 1202 pra-co
3137 1145 3191 1190 et
3230 1137 3415 1207 jndcx,
3443 1140 3703 1208 dicentes.

2119 1209 2472 1270 Paenitentiam
2496 1218 2648 1288 agite,
2691 1222 3111 1293 appropinquarit
3145 1242 3274 1279 enim
3319 1246 3526 1301 regnum
3554 1235 3707 1288 eclo-

2115 1321 2271 1375 rum;
2299 1317 2479 1364 wntra
2505 1326 2660 1380 quam
2685 1313 2940 1369 Dominus
2964 1331 3025 1372 os
3067 1319 3389 1390 evangelicae
3434 1325 3703 1393 pradica-

2116 1393 2273 1451 tionis
2297 1399 2520 1470 aperuit,
2547 1413 2600 1456 et
2626 1412 2811 1458 contra
2843 1421 3001 1476 quam
3057 1407 3226 1479 ipsum
3271 1411 3614 1484 Evattgeliutn
3646 1419 3701 1474 iu

2114 1495 2225 1542 toto
2268 1489 2398 1544 orbe
2442 1490 2834 1560 praedicandum
2879 1510 3001 1552 esse
3049 1499 3331 1569 prmdixit;
3365 1504 3450 1558 ubi
3487 1517 3699 1575 postea-

2111 1590 2267 1646 quam
2322 1581 2669 1637 resurrexita
2700 1585 2943 1651 mortuis,
2989 1587 3063 1642 ait
3093 1589 3386 1662 discipulis.
3423 1594 3700 1666 Oportebat

2111 1669 2224 1737 pati
2242 1667 2518 1736 Christum,
2559 1683 2605 1726 et
2634 1690 2887 1747 resurgere
2906 1694 2936 1730 a
2956 1683 3165 1736 mortuis
3192 1685 3338 1738 tertio
3361 1687 3460 1750 die,
3486 1698 3533 1743 et
3563 1706 3703 1759 pra:-

2110 1759 2268 1814 dicari
2288 1761 2338 1814 in
2360 1763 2560 1818 neruine
2577 1765 2686 1834 ejus
2711 1769 3057 1837 paenitentiam
3091 1782 3140 1827 et
3179 1776 3537 1832 remissionem
3579 1798 3703 1850 pec-

2107 1861 2352 1919 catorum,
2381 1871 2470 1924 per
2489 1870 2658 1910 omnes
2701 1868 2890 1928 gentes,
2917 1859 3268 1932 incipientibus
3314 1866 3376 1920 ab
3403 1867 3700 1926 Jerusalem

2109 1940 2128 2012 (
2151 1941 2274 1996 Luc.
2300 1958 2441 2012 sxw,
2465 1944 2554 2012 46,
2575 1947 2641 2001 47
2671 1949 2690 2017 )
2720 1965 2734 2002 :
2764 1947 2881 2004 bare
2915 1953 3134 2009 omnino
3164 1955 3550 2026 itnpmttiteutia
3579 1978 3696 2018 nou

2108 2029 2268 2087 habet
2312 2034 2706 2102 remissionem,
2741 2054 2916 2111 neque
2959 2041 3011 2096 in
3040 2042 3142 2100 hoc
3179 2048 3394 2112 seculo,
3431 2066 3602 2121 neque
3640 2053 3702 2108 iu

2107 2120 2317 2189 futuro;
2351 2125 2471 2194 quia
2501 2127 2810 2196 pmnitentia
2831 2129 3080 2202 impetrat
3103 2137 3471 2195 remissionem
3501 2120 3554 2196 in
3583 2143 3695 2199 hoc

2105 2213 2322 2290 swcnlo,
2346 2231 2464 2285 quas
2487 2218 2658 2274 valeat
2685 2219 2738 2274 in
2768 2221 2961 2277 futuro.

2174 2305 2398 2362 CAPUT
2416 2307 2552 2363 XIII.
2575 2311 2748 2365 —2l.
2772 2311 2846 2367 De
2863 2315 3001 2370 nullo
3024 2315 3393 2386 desperandum
3411 2334 3481 2378 est
3499 2324 3701 2396 inprw-

2101 2395 2230 2449 senti
2282 2397 2402 2451 vita.
2454 2397 2558 2454 Sed
2598 2400 2696 2456 ista
2752 2403 3136 2474 impocuitentia
3185 2411 3263 2464 vel
3310 2427 3404 2467 cor
3446 2395 3704 2485 impleui-

2103 2494 2222 2540 tcns
2246 2487 2498 2556 quamdiu
2527 2489 2751 2562 quisque
2784 2493 2836 2548 in
2868 2495 2966 2550 hac
2993 2512 3153 2553 carne
3192 2499 3355 2569 vivit,
3383 2518 3490 2559 non
3515 2515 3702 2574 potest

2094 2574 2340 2645 judicari.
2374 2578 2448 2634 De
2486 2580 2630 2635 nullo
2664 2582 2804 2637 enim
2835 2583 3221 2655 desperandum
3265 2600 3346 2646 est
3369 2632 3384 2657 ,
3433 2596 3699 2664 quamdiu

2098 2668 2348 2738 patientia
2377 2669 2470 2726 Dei
2497 2671 2560 2726 ad
2583 2674 2948 2744 pmuitentiam
2975 2677 3218 2744 adducit,
3243 2697 3342 2737 nec
3370 2683 3438 2739 de
3459 2684 3559 2742 hac
3579 2688 3697 2744 vita

2099 2757 2236 2827 rapit
2279 2758 2527 2830 impium,
2555 2763 2646 2833 qui
2677 2778 2784 2819 non
2817 2778 3042 2823 mortem
3069 2770 3182 2828 vult
3209 2771 3389 2843 impii,
3429 2787 3697 2845 quantum

2099 2857 2154 2902 ut
2179 2858 2475 2905 revertatur
2503 2861 2557 2908 et
2576 2854 2716 2910 vivat
2750 2855 2964 2927 (Ezeclt.
2988 2875 3118 2916 xvut
3138 2903 3151 2927 ,
3179 2861 3296 2935 23).
3322 2864 3563 2937 Paganus
3601 2881 3700 2927 est

2097 2936 2254 2993 hodie
2283 2954 2296 2994 :
2328 2940 2465 2998 unde
2494 2943 2619 3010 scis,
2648 2953 2823 3000 utrum
2846 2948 2913 3003 sit
2934 2947 3141 3006 futurus
3169 2936 3410 3011 crastiro
3428 2954 3699 3018 Christia-

2096 3029 2233 3084 nus?
2265 3030 2480 3088 Judzeus
2517 3033 2743 3091 inﬁdelis
2767 3047 2852 3093 est
2889 3039 3047 3096 hodie
3085 3060 3097 3096 :
3129 3045 3253 3114 quid
3280 3047 3324 3101 si
3356 3062 3475 3103 cras
3499 3051 3699 3109 credat

2095 3121 2148 3175 in
2196 3121 2514 3178 Christum?
2543 3126 2835 3182 lla-relictis
2861 3141 2945 3185 est
2989 3132 3183 3188 hodie:
3228 3138 3353 3206 quid
3379 3139 3423 3192 si
3452 3155 3571 3195 cras
3596 3157 3696 3200 se-

2092 3220 2286 3282 quatur
2313 3213 2628 3270 catholicam
2673 3218 2994 3274 veritatem?
3038 3221 3417 3282 Schismaticus
3451 3238 3535 3284 est
3579 3230 3694 3289 lto-

2092 3301 2178 3356 die
2219 3303 2388 3372 :quid
2438 3305 2481 3359 si
2532 3311 2652 3361 eras
2693 3309 3044 3378 amplectatur
3087 3315 3400 3373 catholicam
3453 3326 3696 3390 pacem?

2091 3392 2227 3462 Quid
2253 3394 2296 3448 si
2321 3395 2429 3463 isti,
2457 3411 2588 3465 quos
2615 3399 2665 3452 in
2692 3415 3028 3473 quocumque
3051 3421 3246 3477 genere
3277 3412 3474 3467 erroris
3501 3423 3689 3486 notas,

2091 3494 2145 3539 et
2166 3494 2412 3556 tanquam
2441 3487 2902 3559 desperatissimos
2925 3494 3166 3564 damnas,
3187 3509 3469 3572 antequam
3495 3506 3696 3565 ﬁniant

2090 3578 2247 3636 istam
2278 3579 2437 3636 vitam
2460 3623 2474 3646 ,
2507 3593 2665 3654 agant
2690 3587 3055 3654 ptenitcntiam
3077 3631 3091 3656 ,
3121 3601 3177 3646 et
3206 3592 3475 3651 inveniant
3499 3614 3692 3659 veram

2089 3668 2250 3724 vitam
2291 3669 2342 3724 in
2383 3671 2590 3726 t'utnro?
2619 3673 2848 3731 Proinde
2866 3718 2881 3744 ,
2922 3677 3114 3735 fratres
3133 3722 3149 3748 ,
3175 3684 3334 3739 etiam
3363 3687 3431 3741 ad
3457 3687 3561 3744 hoc
3586 3707 3693 3750 vos

2087 3755 2404 3826 admoneat,
2453 3761 2594 3830 quod
2636 3763 2711 3817 ait
2746 3765 3034 3836 Apostolus
3073 3788 3086 3824 :
3117 3769 3292 3828 Nolite
3331 3786 3447 3831 ante
3482 3788 3692 3851 tempus

2086 3849 2359 3920 quidquam
2380 3851 2617 3921 judicare
2641 3854 2682 3926 (Ι
2727 3855 2844 3911 Cor.
2874 3873 2947 3926 tv,
2989 3861 3067 3932 5).
3109 3861 3232 3920 limo
3255 3865 3396 3922 enim
3424 3849 3691 3942 blaspbe-

2087 3940 2192 3994 tnia
2228 3940 2490 4011 Spiritus,
2522 3944 2605 3999 cui
2636 3961 2902 4018 nunquam
2940 3961 3022 4007 est
3067 3954 3168 4008 ulla
3209 3959 3454 4015 remissio
3493 3940 3688 4034 (quam

2085 4046 2193 4086 non
2235 4046 2488 4100 omnem,
2533 4035 2625 4091 scd
2672 4039 2953 4108 quamdam
3005 4043 3392 4114 intelleximus,
3445 4066 3689 4125 eamque

2085 4133 2514 4194 perseverantem
2537 4125 2786 4186 duritiam
2813 4131 2990 4189 cordis
3017 4134 3394 4205 impmnitentis
3424 4143 3509 4199 vel
3534 4145 3688 4202 dixi-

2083 4227 2203 4268 mus
2232 4214 2313 4268 vcl
2342 4215 2668 4285 invenimus,
2703 4221 2784 4276 vel
2815 4222 2974 4278 etiam
3000 4237 3254 4294 quantum
3281 4231 3685 4302 existimamus,

2082 4303 2467 4378 ostendimus),
2494 4322 2598 4362 non
2622 4317 2795 4378 potest
2811 4311 2862 4366 in
2888 4329 3171 4385 quoquam,
3196 4327 3252 4374 ut
3273 4319 3526 4391 diximus,
3543 4325 3688 4384 dum

2082 4391 2135 4446 in
2165 4392 2262 4448 hac
2291 4393 2466 4452 adhuc
2488 4397 2593 4451 vita
2620 4408 2720 4466 est,
2752 4399 3099 4472 deprehendi.

2152 4483 2242 4542 22.
2295 4483 2520 4557 Objectio
2566 4489 2795 4546 diluitur.
2839 4522 2907 4533 —
2934 4493 3086 4562 Quod
3124 4513 3228 4554 non
3270 4500 3389 4556 ideo
3427 4503 3690 4563 videatur

2079 4572 2367 4631 absurdum
2390 4617 2406 4639 ,
2434 4578 2556 4648 quia
2577 4594 2698 4640 cum
2726 4581 2887 4640 homo
2911 4601 3076 4658 usque
3100 4589 3154 4644 in
3181 4591 3340 4650 ﬁnem
3364 4593 3522 4666 hujus
3547 4599 3689 4655 vita

2079 4663 2131 4720 in
2180 4665 2313 4722 dura
2351 4666 2736 4738 imparnitentia
2775 4689 3122 4744 perseverans
3145 4721 3160 4747 ,
3197 4681 3286 4736 diu
3331 4663 3686 4758 multumque

2077 4759 2324 4830 loquatur
2343 4761 2598 4822 adversus
2621 4765 2757 4823 banc
2783 4771 3005 4841 gratiam
3032 4773 3260 4845 Spiritus
3280 4782 3470 4846 sancti;
3493 4783 3689 4840 Evan-

2076 4851 2272 4922 gelium
2297 4862 2470 4910 tamen
2496 4864 2600 4912 tam
2628 4857 2835 4930 longam
2856 4866 3326 4924 contradictionem
3353 4872 3532 4928 cordis
3559 4873 3686 4930 im-

2076 4939 2382 5010 pcenitcutis
2405 4983 2420 5009 ,
2460 4947 2612 5015 quasi
2641 4947 2802 5005 breve
2829 4952 3026 5024 aliquid
3047 4995 3061 5018 ,
3093 4960 3312 5013 verbum
3341 4963 3638 5030 appellavit
3660 5009 3680 5033 ,

2075 5029 2258 5086 dicens
2290 5049 2304 5086 :
2331 5032 2646 5108 Quicumque
2671 5037 2854 5094 dixerit
2877 5043 3078 5097 verbum
3118 5057 3295 5101 contra
3334 5029 3527 5108 Filium
3563 5029 3688 5109 lto;

2074 5122 2222 5180 minis
2243 5163 2258 5190 ,
2285 5125 2560 5180 remittetur
2582 5128 2624 5182 ei
2648 5144 2667 5183 :
2694 5130 2782 5199 qui
2798 5141 2966 5187 autem
2991 5135 3171 5190 dixerit
3199 5150 3373 5197 contra
3409 5140 3684 5211 Spiritum

2071 5225 2298 5268 sanctum
2317 5256 2332 5280 ,
2350 5233 2450 5270 non
2477 5220 2753 5276 remittetur
2779 5224 2824 5279 ei
2841 5265 2856 5292 ,
2879 5240 3038 5296 neque
3059 5227 3110 5282 in
3137 5229 3232 5286 hoc
3255 5233 3438 5287 scutulo
3461 5274 3476 5299 ,
3503 5225 3691 5304 neque

2073 5303 2124 5358 in
2151 5308 2342 5376 futuro.
2375 5307 2500 5364 Hzcc
2523 5310 2666 5366 enim
2691 5316 2932 5385 quamvis
2960 5319 3162 5388 prolixa
3192 5321 3299 5388 sit,
3329 5333 3383 5379 ct
3415 5326 3687 5396 plurimis

2073 5395 2250 5450 verbis
2277 5407 2524 5455 contexta
2553 5409 2608 5456 et
2642 5403 2892 5474 producta
2919 5407 3247 5479 blasphemia
3271 5429 3284 5478 ;
3313 5395 3450 5470 solet
3476 5423 3690 5476 tamen

2072 5486 2342 5557 Scriptura
2370 5490 2530 5546 etiam
2557 5495 2722 5550 multa
2761 5498 2922 5553 verba
2964 5500 3185 5556 verbum
3226 5505 3512 5574 appellare.
3549 5505 3692 5565 Nc-

2074 5591 2179 5646 que
2208 5579 2348 5634 enim
2379 5596 2540 5636 unum
2566 5585 2786 5642 verbum
2813 5587 3022 5645 locutus
3049 5600 3133 5646 est
3169 5593 3490 5666 quicumque
3523 5610 3687 5664 pm-

2075 5666 2230 5736 pheta
2252 5709 2266 5733 ,
2298 5679 2352 5724 et
2383 5680 2558 5728 tamen
2586 5675 2664 5731 sic
2692 5675 2884 5748 legitur
2914 5697 2928 5734 :
2969 5678 3183 5737 Verbum
3207 5685 3344 5755 quod
3368 5685 3558 5755 factum
3590 5701 3691 5745 est

2074 5757 2138 5818 ad
2171 5757 2314 5818 illum
2343 5761 2422 5816 vel
2449 5762 2594 5821 illum
2623 5767 2956 5838 prophetam.
2985 5769 3049 5827 Et
3071 5771 3363 5842 Apostolus
3392 5792 3404 5830 :
3435 5774 3689 5849 Presby-
