3954 6186
313 319 416 381 μιν

312 446 408 498 teri
420 485 436 510 ,
459 441 662 512 inquit,
697 439 890 513 duplici
915 439 1102 495 honore
1126 440 1465 500 honorantur;
1492 435 1709 490 maxime
1722 436 1807 506 qui
1827 436 1904 489 la-

309 537 488 590 borant
514 535 568 588 in
593 533 736 589 verbo
765 542 814 587 et
837 532 1067 587 doctrina
1098 531 1138 604 (Ι
1169 531 1302 585 Tim.
1341 547 1394 597 v,
1427 530 1542 602 Π).
1571 530 1688 586 Non
1713 531 1814 595 ait,
1847 531 1902 586 In

310 628 521 691 verbis;
547 625 641 681 sed
663 667 678 691 ,
711 626 763 680 in
787 625 954 680 verba.
974 625 1042 680 Et
1056 635 1270 680 sanctus
1296 623 1526 681 Jacobus
1551 644 1564 679 :
1589 623 1766 680 Estote
1786 668 1800 693 ,
1825 627 1904 680 in-

310 722 458 792 quit,
488 723 708 791 factores
733 717 867 772 verbi
886 760 902 785 ,
924 727 970 771 et
990 735 1090 772 non
1115 719 1366 772 auditores
1393 727 1585 772 tantum
1619 717 1821 791 (Jacobi
1849 735 1900 784 ι,

306 813 422 884 22).
447 812 566 866 Non
596 811 670 866 ait
693 819 746 864 et
777 811 916 880 ipse,
953 799 1277 876 Verborum;
1299 809 1393 865 sed
1413 851 1426 876 ,
1465 809 1638 864 verbi:
1659 810 1904 881 quamvis

309 917 416 960 tam
458 904 624 958 multa
653 902 812 957 verba
839 902 907 956 de
936 901 1223 971 Scripturis
1243 901 1440 956 sanctis
1470 901 1524 955 in
1559 901 1782 957 ecclesia
1809 915 1902 957 ce-

311 996 530 1050 lehriter
553 1003 608 1050 et
635 994 950 1049 solemniter
980 993 1222 1063 legantur
1241 1035 1256 1060 ,
1279 991 1524 1046 dicantur
1541 1034 1557 1058 ,
1597 991 1897 1046 audiantur.

310 1085 460 1141 Sicut
496 1101 623 1156 ergo
659 1093 1087 1155 quantocumque
1127 1093 1364 1153 tempore
1393 1083 1632 1154 quisquis
1657 1092 1902 1138 nostrum

309 1179 361 1232 in
384 1175 724 1247 praedicando
757 1176 1041 1246 Evangelio
1067 1174 1406 1241 laboraret-it,
1441 1190 1546 1230 non
1573 1174 1856 1230 verborum
1883 1216 1898 1242 ,

307 1268 404 1323 sed
437 1267 583 1322 verbi
610 1266 805 1321 dicitur
844 1267 1158 1336 praedicator
1186 1285 1200 1333 ;
1228 1274 1281 1321 et
1314 1273 1740 1336 quantocumque
1769 1275 1904 1320 tem-

306 1377 445 1432 pore
491 1360 728 1431 quisquis
773 1368 1009 1415 vestrum
1041 1369 1276 1415 nostram
1309 1359 1739 1429 praedicationem
1784 1359 1904 1414 dili-

308 1464 504 1525 genter
533 1464 688 1522 atque
732 1453 992 1508 instanter
1019 1452 1270 1518 audierit,
1315 1468 1418 1508 non
1441 1453 1724 1508 verborum
1751 1494 1764 1517 ,
1805 1451 1902 1507 sed

308 1545 460 1600 verbi
509 1535 758 1600 audiendi
803 1544 1223 1601 studiosissimus
1282 1555 1614 1616 nuncupatur
1662 1565 1674 1599 :
1721 1546 1792 1601 ita
1836 1561 1902 1601 eo

307 1651 461 1692 more
484 1651 590 1707 quo
619 1635 909 1706 Scriptura:
935 1637 1224 1706 loquuntur
1247 1680 1260 1704 ,
1291 1645 1346 1692 et
1372 1653 1528 1708 quem
1561 1638 1708 1692 novit
1738 1639 1903 1694 eccle-

305 1728 520 1782 siastica
546 1727 879 1783 consuetudo
899 1771 913 1794 ,
955 1728 1195 1799 quisquis
1221 1729 1465 1784 universa
1490 1743 1586 1784 sua
1622 1730 1728 1784 vita
1751 1771 1765 1796 ,
1794 1744 1900 1800 qua

307 1818 466 1872 istam
496 1819 633 1889 gerit
674 1834 891 1874 carnem
938 1821 978 1885 ⁸,
1027 1819 1357 1891 quantalibet
1403 1809 1731 1891 longitudine
1769 1836 1898 1892 pro-

307 1910 590 1976 tendatur,
626 1926 974 1982 quaecumque
1001 1910 1162 1966 verba
1186 1911 1266 1966 vel
1295 1926 1389 1966 ore
1413 1911 1499 1966 vel
1541 1911 1656 1967 sola
1696 1913 1895 1981 cogita-

309 2002 454 2056 tione
481 2001 690 2056 locutus
717 2003 874 2058 fuerit
896 2003 1056 2058 corde
1084 2002 1466 2072 impmnitenti,
1494 2012 1676 2058 contra
1704 2003 1900 2058 remis-

306 2093 516 2148 sionem
543 2103 884 2162 peccatorum
905 2109 1023 2165 qua:
1049 2093 1107 2148 Iit
1141 2094 1193 2150 in
1224 2093 1461 2150 Ecclesia
1482 2135 1497 2161 ,
1531 2094 1748 2150 verbum
1771 2094 1921 2160 dicit

304 2195 495 2239 contra
520 2182 780 2254 Spiritum
802 2194 1064 2242 sanctum.

380 2275 472 2331 εδ.
510 2275 688 2331 Omnis
707 2277 810 2330 alia
839 2277 1168 2347 blasphemia,
1191 2277 1396 2332 dimisso
1422 2285 1625 2347 peccato
1650 2279 1701 2331 in
1725 2277 1899 2348 Spiri-

306 2379 416 2422 tum
466 2377 732 2436 sanctum,
781 2368 1081 2435 dimittitur,
1127 2386 1302 2439 quare.
1379 2370 1504 2426 Ideo
1563 2381 1741 2426 autem
1793 2387 1899 2426 non

302 2458 482 2514 solum
524 2459 747 2515 verbum
775 2459 915 2530 quod
936 2459 1136 2515 dictum
1161 2459 1320 2515 fuerit
1356 2471 1542 2516 contra
1571 2461 1762 2518 Filium
1801 2464 1900 2518 ho-

305 2551 497 2616 minis,
527 2551 625 2606 sed
654 2566 814 2606 onme
842 2565 1060 2622 prorsus
1081 2561 1357 2620 peccatum
1376 2559 1429 2607 et
1455 2552 1782 2622 blasphemia
1809 2570 1897 2609 re-

304 2646 549 2700 mittetur
579 2645 885 2700 bominibus
909 2662 924 2709 ;
947 2646 1070 2716 quia
1101 2643 1187 2699 ubi
1217 2644 1319 2700 hoc
1345 2655 1620 2717 peccatum
1650 2662 1756 2702 non
1786 2646 1900 2704 fue-

304 2739 378 2793 rit
402 2737 580 2794 cordis
603 2737 982 2807 impmnltentis
1005 2745 1189 2792 contra
1211 2735 1464 2806 Spiritum
1492 2747 1732 2793 sanctum
1749 2781 1762 2805 ,
1791 2754 1899 2810 quo

303 2831 358 2885 in
385 2830 625 2886 Ecclesia
677 2839 892 2900 peccata
932 2830 1240 2898 solvuntur,
1279 2841 1466 2884 cuncta
1497 2830 1598 2885 alia
1624 2829 1900 2886 dimittun-

228 2927 232 2930 ’
303 2930 411 2977 tur.
442 2921 726 2992 Quomodo
761 2931 934 2978 autem
963 2922 1064 2977 hoc
1099 2921 1412 2986 dimittetur,
1439 2921 1579 2992 quod
1617 2923 1776 2977 etiam
1812 2937 1898 2978 re-
1928 2995 1929 3000 η

303 3017 616 3072 missionem
647 3015 866 3086 impedit
898 3015 1162 3071 aliorum?
1191 3015 1378 3071 Omnia
1402 3031 1530 3087 ergo
1563 3015 1899 3074 dimittuntur

303 3108 412 3172 eis,
439 3108 492 3161 in
521 3107 716 3177 quibus
737 3107 840 3163 hoc
864 3121 970 3162 non
997 3115 1078 3160 est
1104 3105 1244 3176 quod
1272 3121 1539 3177 nunquam
1562 3106 1894 3163 dimittetur:

305 3201 358 3253 in
383 3198 576 3268 quibus
604 3206 686 3252 est
705 3205 900 3260 autem,
934 3198 1181 3266 quoniam
1203 3199 1222 3227 ²
1257 3196 1358 3251 hoc
1386 3213 1652 3269 nunquam
1681 3197 1900 3253 dimitti-

305 3302 408 3358 tur,
434 3306 533 3346 nec
559 3290 662 3346 alia
693 3291 1066 3354 dimittuntur;
1099 3289 1221 3361 quia
1251 3291 1486 3345 omnium
1510 3291 1754 3346 remissio
1783 3292 1900 3346 viu-

303 3386 427 3440 culo
458 3384 612 3438 istius
637 3383 940 3452 impeditur.
971 3383 1086 3438 Non
1114 3398 1242 3454 ergo
1275 3367 1560 3453 propterea.
1579 3383 1900 3455 quicumque

302 3477 499 3532 dixerit
530 3475 750 3531 verbum
781 3483 964 3530 contra
989 3474 1182 3528 Filiqu
1214 3473 1442 3528 hominis
1460 3515 1476 3540 ,
1502 3474 1801 3528 remittetur
1827 3461 1916 3542 ei,-

302 3571 389 3640 qui
426 3577 610 3624 autem
640 3566 833 3624 dixerit
860 3576 1043 3622 contra
1087 3565 1340 3636 Spiritum
1371 3573 1645 3629 sanctum,
1673 3580 1779 3619 non
1809 3581 1898 3622 re-

301 3662 582 3726 mittetur;
625 3659 747 3730 qula
788 3658 840 3712 in
881 3657 1139 3711 Trinitate
1181 3656 1350 3726 major
1379 3664 1462 3710 εει
1491 3654 1626 3710 Filio
1671 3654 1900 3726 Spiritus

300 3760 550 3816 sanctus,
599 3750 739 3821 quod
788 3749 964 3804 nullus
1007 3763 1234 3818 unauam
1268 3749 1348 3802 vel
1395 3747 1681 3802 haereticus
1720 3747 1854 3802 dixit
1894 3763 1909 3800 :

299 3843 394 3897 sed
427 3841 682 3913 quoniam
728 3839 966 3910 quisquis
1006 3838 1262 3894 restiterit
1288 3837 1530 3904 veritati,
1576 3847 1630 3892 et
1655 3837 1900 3910 blasphe-

301 3934 529 3988 maverit
549 3933 849 3997 veritatem,
880 3929 1019 4002 quod
1048 3937 1130 3985 est
1150 3929 1413 3994 Christus,
1442 3929 1602 3984 etiam
1631 3939 1750 4000 post
1779 3939 1898 3985 tan-

303 4034 410 4079 tam
427 4024 514 4079 sui
539 4023 968 4096 praedicationem
988 4022 1125 4091 apud
1152 4021 1416 4085 homines,
1432 4027 1492 4075 ut
1521 4019 1749 4076 Verbum
1775 4035 1899 4075 caro

303 4117 488 4180 tieret,
514 4125 570 4172 et
597 4113 857 4169 habitaret
881 4113 932 4167 in
962 4111 1116 4167 nobis
1135 4154 1151 4179 ,
1181 4110 1321 4182 quod
1350 4119 1432 4165 est
1460 4109 1624 4164 Filius
1645 4109 1897 4178 hominis,

305 4208 445 4261 idem
476 4208 592 4275 ipse
621 4205 862 4260 Christus
886 4247 902 4272 ,
926 4205 970 4260 si
1001 4219 1104 4259 non
1142 4203 1334 4258 dixerit
1372 4202 1588 4257 verbum
1629 4201 1754 4256 illud
1782 4217 1900 4256 cor—
1932 4283 1934 4286 ν

304 4299 390 4353 dis
439 4297 822 4368 impmnitentis
863 4306 1049 4352 contra
1093 4295 1347 4366 Spiritum
1379 4303 1618 4348 sanctum
1645 4335 1660 4359 ,
1688 4293 1755 4348 de
1794 4308 1899 4362 quo

306 4389 506 4444 dictum
539 4396 656 4454 est,
688 4387 784 4452 Qui
808 4403 907 4442 nou
937 4395 1140 4442 renatus
1177 4385 1325 4456 fuerit
1360 4401 1422 4438 ea:
1445 4400 1578 4456 aqua
1609 4392 1660 4438 et
1699 4382 1900 4452 Spiritu

311 4478 489 4547 (Joan.
519 4494 613 4544 III,
658 4477 734 4545 5);
762 4486 817 4532 et
853 4475 920 4532 de
960 4491 1066 4546 quo
1111 4476 1238 4530 item
1285 4475 1486 4529 dictum
1529 4481 1648 4536 est,
1675 4473 1900 4542 Accipite

313 4567 567 4637 Spiritum
599 4579 863 4632 sanctum;
901 4568 946 4622 si
969 4568 1049 4621 cui
1069 4567 1355 4620 dimiseritis
1383 4575 1602 4637 peccata,
1631 4565 1896 4618 dimittun-

314 4671 394 4712 tur
438 4663 482 4712 εἰ
515 4658 624 4728 (Id.
675 4675 748 4713 xx
773 4701 789 4726 ,
820 4659 913 4730 2'2.)
943 4676 956 4712 :
985 4659 1038 4714 id
1064 4667 1164 4724 est,
1190 4658 1233 4712 si
1261 4657 1728 4728 paenitueriteum,
1756 4656 1898 4712 acci-

313 4748 420 4820 piet
445 4765 549 4820 per
589 4750 692 4804 hoc
729 4749 926 4804 donum
970 4749 1336 4804 remissionem
1377 4748 1612 4802 omnium
1662 4756 1902 4820 peccato-

317 4857 430 4895 rum
450 4883 466 4906 ,
514 4840 671 4896 simul
697 4849 752 4896 et
777 4841 938 4910 hujus
957 4881 971 4905 ,
999 4840 1140 4911 quod
1169 4839 1387 4894 verbum
1414 4839 1545 4894 dixit
1585 4849 1769 4893 contra
1810 4837 1900 4894 Fi-

315 4934 442 4987 lium
471 4931 733 4996 hominis;
761 4932 883 4998 quia
911 4940 1130 5002 peccato
1152 4931 1461 5002 ignorantiae
1493 4930 1605 4984 sive
1627 4939 1905 4986 contuma-

322 5026 412 5077 εἰπε
433 5023 514 5077 vel
545 5023 926 5094 cujuscumque
955 5021 1332 5092 blaSphcmize,
1365 5037 1468 5075 non
1491 5021 1691 5075 addidit
1715 5037 1902 5091 pecca-

324 5127 428 5170 tum
459 5115 864 5186 impmnitentia:
883 5124 1065 5168 contra
1087 5112 1286 5168 donum
1316 5112 1405 5166 Dei
1428 5121 1482 5166 et
1513 5113 1735 5182 gratiam
1759 5129 1908 5183 rege-

325 5206 610 5259 nerationis
641 5205 721 5261 vel
760 5205 1234 5271 reconciliationis,
1263 5219 1382 5276 quae
1411 5205 1466 5258 ﬁt
1495 5205 1548 5260 in
1576 5203 1814 5260 Ecclesia
1855 5206 1908 5260 in

325 5296 520 5368 Spiritu
549 5307 755 5352 sancto.

391 5386 616 5444 CAPUT
640 5387 780 5460 XIV.
799 5419 870 5428 —
882 5387 973 5442 24.
1000 5385 1050 5440 Ν
1055 5405 1119 5442 οη
1138 5388 1250 5442 ideo
1267 5386 1394 5442 Filii
1409 5387 1766 5457 blasphemiam
1783 5389 1914 5460 faci-

331 5481 422 5535 lius
439 5498 593 5552 quam
620 5481 846 5552 Spiritus
866 5483 1083 5547 remitti,
1115 5483 1232 5548 quia
1269 5482 1356 5536 ille
1383 5482 1546 5534 minor
1565 5491 1636 5536 est
1672 5483 1724 5535 in
1751 5498 1914 5550 quan-

334 5581 431 5626 tum
491 5575 662 5628 homo.
725 5573 954 5628 Proinde
1000 5588 1097 5627 nec
1124 5571 1251 5627 illud
1291 5572 1625 5627 sentiendum
1651 5582 1750 5636 est,
1778 5572 1916 5643 quod

393 5710 410 5776 ξ
436 5711 678 5776 Eugypius
703 5715 754 5757 et
777 5710 1071 5776 lfcssatensis
1095 5716 1207 5776 ωε..
1229 5721 1375 5772 quam
1394 5709 1447 5760 in
1468 5708 1560 5761 ista
1596 5708 1718 5776 gerit
1754 5723 1920 5768 came.

392 5771 412 5802 '
434 5772 503 5822 Sic
525 5771 632 5820 mss.
661 5779 714 5820 At
739 5771 874 5831 editi,
901 5771 1150 5833 quomodo.

615 5860 889 5920 PATROL.
928 5855 1283 5926 XXXVIII.

1734 307 1968 367 SERMO
2006 309 2192 369 LXXI.

3494 343 3597 399 458

2013 431 2226 525 quidam
2248 446 2456 507 putant,
2478 441 2597 498 ideo
2623 445 2824 501 remitti
2846 448 3063 504 verbum
3091 453 3231 525 quod
3251 454 3445 515 dicitur
3471 474 3597 521 cen-

2017 531 2094 578 tra
2120 523 2312 582 Filium
2345 528 2609 602 hominis,
2641 552 2747 592 non
2792 541 2989 596 remitti
3018 523 3194 600 autem
3231 549 3374 618 quod
3411 551 3609 607 dicitur

2012 625 2197 710 contra
2221 619 2473 689 Spiritum
2497 635 2761 692 sanctum,
2788 633 2908 700 quia
2933 644 3149 704 propter
3163 650 3466 710 susceptam
3486 658 3608 698 car-

2013 720 2137 761 nem
2157 706 2326 765 factus
2355 722 2436 766 est
2460 713 2626 771 Filius
2654 718 2886 776 hominis
2901 723 3168 784 Christus.
3194 745 3295 798 qua
3318 706 3478 788 carne
3504 734 3608 789 uti-

2012 810 2117 894 que
2157 799 2436 894 major‘est
2465 803 2694 875 Spiritus
2726 820 2975 876 sanctus,
3021 817 3110 885 qui
3145 820 3438 877 substantia
3485 840 3609 894 pro-

2012 885 2126 954 pria
2157 891 2378 958 aequalis
2419 903 2502 949 est
2551 895 2695 951 Patri
2724 910 2778 955 et
2825 904 3100 973 unigenito
3139 907 3274 963 Filio
3312 885 3604 970 secundum

2010 978 2130 1074 ejus
2149 980 2481 1041 divinitatem
2502 1027 2516 1054 ,
2546 991 2837 1048 secundum
2869 1011 3025 1064 quam
3069 1007 3124 1052 et
3163 999 3276 1070 ipse
3305 1005 3606 1074 unigenitus

2012 1069 2178 1127 Filius
2207 1077 2424 1145 aequalis
2451 1088 2534 1134 est
2577 1082 2719 1138 Patri
2762 1095 2816 1140 et
2865 1089 3083 1158 Spiritui
3127 1069 3333 1149 sancto.
3380 1069 3512 1152 l‘iam
3559 1101 3606 1154 si

2009 1158 2113 1216 hoc
2135 1172 2412 1234 propterea
2442 1168 2641 1226 dictum
2669 1184 2834 1244 esset,
2866 1179 3106 1246 profecto
3147 1181 3214 1237 de
3239 1186 3382 1239 omni
3411 1196 3607 1245 caetera

2009 1253 2338 1324 blasphemia
2367 1270 2651 1333 taceretur,
2678 1277 2734 1322 ut
2756 1270 2868 1326 hcce
2897 1274 3008 1328 sola
3036 1276 3370 1334 remissibilis
3394 1282 3604 1338 videre-

2011 1352 2097 1440 tur
2127 1348 2166 1414 ⁸,
2189 1365 2308 1418 qua:
2328 1365 2513 1409 contra
2538 1355 2729 1413 Filium
2770 1361 2998 1419 hominis
3025 1365 3218 1422 dicitur
3241 1411 3254 1434 ,
3287 1373 3436 1440 quasi
3481 1389 3603 1428 cum

2009 1437 2172 1495 homo
2202 1442 2346 1498 solus
2366 1455 2598 1514 putatur.
2626 1451 2760 1507 Cum
2789 1471 2917 1510 vero
2948 1460 3278 1527 praemissum
3305 1437 3411 1530 sit,
3443 1465 3606 1522 Omne

2009 1541 2271 1629 peccatum
2295 1576 2311 1600 ,
2352 1546 2397 1589 et
2439 1538 2748 1610 blasphemia
2791 1548 3068 1604 remittetur
3094 1551 3417 1622 hominibus;
3461 1561 3605 1629 quod

2008 1623 2169 1678 etiam
2195 1627 2332 1695 apud
2354 1630 2516 1686 alium
2537 1639 2914 1706 evangelistam
2940 1643 3009 1696 ita
3034 1647 3264 1713 positum
3291 1656 3391 1712 est,
3417 1623 3612 1706 Omnia.

2007 1713 2317 1814 dimittentur
2340 1721 2465 1786 ﬁliis
2491 1724 2751 1781 hominum
2779 1741 2982 1800 peccata
3009 1745 3056 1787 et
3090 1737 3414 1807 blasphemia
3430 1782 3445 1807 ,
3487 1746 3604 1814 qui-

2008 1804 2098 1859 bus
2135 1805 2591 1879 blasphemaverint
2632 1832 2652 1870 :
2678 1821 2857 1888 procul
2884 1821 3047 1878 dubio
3076 1834 3130 1880 et
3156 1804 3244 1882 illa
3276 1804 3602 1901 blasphemia

2006 1913 2127 1969 quae
2163 1910 2345 1957 contra
2379 1905 2815 1966 Patrem'dicitur
2837 1956 2852 1978 ,
2883 1914 2982 1969 ista
3013 1921 3359 1987 generalitate
3387 1927 3605 1981 conclu-

2005 1991 2168 2088 ditur;
2196 2006 2252 2051 et
2278 2006 2454 2054 tamen
2481 2000 2595 2056 haec
2624 2004 2736 2058 sola
2758 2005 3144 2065 irremissibilis
3170 2013 3450 2084 deﬁnitur,
3480 2033 3601 2088 qua:

2005 2083 2198 2140 dicitur
2221 2096 2408 2142 contra
2435 2089 2688 2160 Spiritum
2711 2106 2974 2152 sanctum.
3002 2098 3393 2171 Numquidnam
3418 2083 3474 2162 et
3498 2083 3607 2163 I’a-'

2007 2186 2089 2232 ter
2115 2178 2342 2235 formam
2370 2184 2510 2237 servi
2535 2187 2768 2255 accepit,
2801 2203 2902 2257 qua
2938 2191 3008 2245 sit
3032 2192 3202 2262 major
3225 2193 3455 2265 Spiritus
3480 2214 3604 2255 san-

2006 2272 2162 2327 ctus?
2201 2271 2318 2328 Non
2358 2276 2537 2347 utique
2569 2295 2582 2334 :
2615 2279 2709 2334 sed
2745 2279 2867 2336 ideo
2907 2293 3027 2352 post
3061 2287 3418 2344 universalem
3449 2307 3601 2347 com-

2004 2367 2446 2424 memorationem
2494 2371 2731 2427 omnium
2779 2384 3117 2442 peccatorum
3161 2381 3439 2453 omnisque
3485 2385 3601 2440 bla-

2004 2455 2291 2528 Sphemiaz,
2322 2462 2643 2518 eminentius
2669 2465 2833 2521 voluit
2859 2469 3160 2538 exprimere
3186 2472 3598 2544 blasphemiam,

2004 2563 2124 2618 qua:
2162 2549 2357 2606 dicitur
2397 2565 2582 2610 contra
2612 2555 2804 2612 Filium
2839 2558 3103 2628 hominis;
3135 2565 3257 2633 quia
3297 2566 3503 2622 etiamsi
3546 2569 3602 2624 in

2005 2638 2098 2694 illo
2124 2651 2339 2710 peccato
2361 2642 2554 2701 fuerint
2574 2647 2817 2704 homines
2839 2650 3078 2722 obligati,
3101 2653 3242 2724 quod
3268 2671 3598 2714 commemo-

2004 2732 2143 2787 ravit
2160 2776 2175 2801 ,
2202 2735 2292 2790 ubi
2323 2732 2430 2804 ait,
2463 2737 2526 2793 Si
2553 2756 2654 2793 non
2683 2743 2924 2797 venissem
2950 2755 2996 2798 et
3032 2746 3228 2803 locutus
3254 2751 3324 2803 eis
3356 2751 3560 2822 fuissem
3579 2795 3596 2822 ,

2005 2833 2264 2893 peccatum
2291 2843 2390 2882 non
2419 2829 2656 2885 haberent
2685 2831 2864 2902 (Icari.
2889 2851 2982 2903 xv,
3011 2835 3104 2906 22)
3138 2857 3151 2893 :
3181 2841 3323 2910 quod
3352 2843 3511 2898 etiam
3544 2845 3598 2899 in

2005 2913 2299 2987 Evangelia
2326 2922 2616 2977 secundum
2655 2923 2925 2981 Joannem
2969 2929 3123 2985 valde
3163 2947 3324 3002 grave
3367 2937 3602 2994 ostendit

2004 3019 2126 3062 esse
2153 3021 2424 3077 peccatum
2449 3053 2464 3076 ,
2510 3014 2599 3067 ubi
2637 3014 2711 3069 ait
2752 3015 2819 3071 dc
2846 3017 2960 3086 ipso
2987 3017 3184 3089 Spiritu
3214 3032 3433 3092 sancto,
3474 3041 3597 3084 cum

2004 3112 2127 3153 eum
2157 3114 2217 3155 se
2237 3103 2522 3157 missurum
2549 3119 2671 3159 esse
2690 3107 3061 3176 promitteret,
3093 3109 3196 3166 Ille
3235 3125 3410 3186 arguet
3450 3135 3600 3174 mun-

2004 3191 2127 3245 dum
2165 3193 2229 3247 de
2265 3204 2502 3264 peccato,
2543 3205 2589 3250 et
2627 3196 2691 3250 de
2709 3199 2941 3270 justitia,
2973 3211 3021 3254 et
3037 3203 3274 3275 judicio;
3307 3207 3369 3261 de
3396 3220 3599 3278 peccato

2004 3285 2239 3357 quidem,
2283 3287 2401 3357 quia
2442 3304 2542 3342 non
2570 3290 2888 3345 crediderunt
2921 3293 2972 3346 in
3012 3311 3090 3348 me
3119 3294 3226 3368 (Id.
3261 3313 3350 3351 xvt
3374 3342 3387 3364 ,
3418 3300 3471 3363 8,
3495 3301 3550 3371 9)
3579 3319 3594 3356 :

2005 3383 2184 3430 tamen
2213 3377 2255 3430 si
2282 3392 2388 3431 non
2413 3379 2609 3435 dixerit
2650 3381 2738 3436 illa
2765 3383 2943 3438 cordis
2986 3385 3366 3455 impoenitentis
3404 3389 3597 3447 duritia

2004 3467 2226 3522 verbum
2257 3479 2438 3524 contra
2483 3470 2738 3541 Spiritum
2781 3485 3020 3530 sanctum
3046 3517 3062 3543 ,
3109 3479 3266 3532 etiam
3312 3478 3418 3535 hoc
3454 3483 3598 3552 quod

2005 3557 2204 3612 dictum
2230 3569 2312 3614 est
2335 3571 2518 3615 contra
2558 3563 2749 3618 Filium
2775 3565 3004 3623 hominis
3030 3569 3346 3624 remittetur.

2077 3649 2303 3706 CAPUT
2330 3651 2446 3706 XV.
2475 3683 2545 3694 -—
2569 3654 2660 3710 '25.
2685 3653 2911 3710 .Peccata
2941 3657 3188 3714 dimittere
3210 3661 3360 3715 totius
3389 3672 3461 3716 est
3481 3662 3598 3718 Trio

2006 3744 2196 3798 uitatis.
2270 3745 2365 3800 Hic
2421 3746 2660 3802 fortassis
2715 3749 2908 3820 aliquis
2953 3761 3196 3822 quaerat,
3245 3764 3422 3809 utrum
3469 3767 3595 3812 tan-

2007 3837 2281 3892 tummodo
2309 3837 2537 3909 Spiritus
2564 3853 2779 3897 sanctus
2803 3853 3022 3912 peccata
3045 3844 3296 3912 dimittat,
3322 3863 3390 3902 an
3413 3856 3467 3904 et
3492 3848 3597 3904 Pa-

2006 3937 2088 3983 ter
2112 3937 2166 3983 et
2194 3928 2374 3984 Filius.
2407 3931 2842 4012 Respondemus,
2870 3935 3010 4005 quod
3053 3944 3107 3990 et
3135 3937 3291 3992 Pater
3316 3949 3369 3993 et
3409 3939 3594 3995 Filius.

2005 4013 2123 4084 Ipse
2144 4015 2286 4070 enim
2313 4015 2478 4070 Filius
2506 4017 2572 4071 de
2602 4018 2757 4072 Patre
2786 4018 2913 4074 dicit
2947 4037 2958 4072 :
2994 4019 3056 4074 Si
3084 4021 3369 4076 dimiseritis
3388 4034 3598 4095 peccata

2005 4105 2289 4159 hominibus
2313 4148 2326 4172 ,
2359 4106 2575 4160 dimittet
2595 4109 2730 4161 vobis
2755 4119 2800 4162 et
2832 4107 2988 4164 Pater
3011 4122 3170 4166 vester
3191 4124 3394 4181 peccatu
3415 4125 3594 4169 vestra.

2003 4196 2103 4252 Cui
2141 4211 2241 4251 nos
2271 4213 2482 4269 quoque
2509 4199 2736 4254 dicimus
2767 4200 2817 4256 in
2843 4204 3083 4259 oratione
3107 4203 3371 4261 dominica
3391 4249 3408 4274 ,
3441 4206 3600 4262 Pater

2003 4300 2172 4344 noster
2199 4291 2282 4354 qui
2313 4308 2363 4346 es
2378 4292 2433 4346 in
2459 4293 2596 4346 caelis
2630 4309 2648 4346 :
2667 4303 2826 4363 atque
2852 4296 2990 4350 inter
3015 4307 3204 4352 caetera
3235 4307 3288 4353 et
3329 4299 3428 4354 hoc
3459 4301 3598 4372 peti-

2004 4395 2145 4446 mus,
2179 4380 2449 4449 dicentes,
2477 4382 2683 4438 Dimitte
2709 4386 2849 4439 nobis
2875 4386 3038 4441 debita
3065 4399 3237 4443 nostra
3270 4389 3479 4460 (Matth.
3506 4407 3559 4446 vt
3582 4436 3598 4458 ,

2006 4472 2104 4537 Η,
2134 4471 2188 4536 9,
2218 4471 2331 4544 12).
2358 4473 2440 4529 De
2469 4489 2527 4529 se
2557 4485 2732 4530 autem
2762 4475 2876 4546 ipse
2898 4478 2974 4531 ait
3003 4496 3015 4531 :
3051 4477 3120 4534 Ut
3148 4481 3318 4536 sciatis
3350 4481 3484 4554 quod
3513 4483 3608 4537 ha-

2005 4565 2115 4619 beat
2153 4566 2320 4621 Filius
2356 4568 2572 4622 hominis
2611 4559 2902 4640 potestatem
2927 4570 2979 4625 in
3007 4580 3138 4626 terra
3164 4573 3446 4628 dimittendi
3485 4593 3601 4647 pec-

2005 4667 2118 4710 cata
2149 4657 2258 4730 (Id.
2292 4675 2365 4725 1x,
2395 4659 2474 4728 6).
2504 4659 2558 4715 Si
2589 4673 2737 4730 ergo,
2767 4663 2972 4732 inquis,
3004 4673 3058 4718 et
3079 4663 3240 4719 Pater
3261 4677 3316 4719 et
3341 4666 3508 4722 Filius
3551 4679 3606 4723 et

2005 4747 2236 4820 Spiritus
2263 4759 2478 4803 sanctus
2507 4749 2779 4815 dimittunt
2810 4763 3026 4823 peccata
3053 4795 3067 4819 ,
3097 4769 3191 4808 cur
3221 4755 3309 4809 illa
3352 4755 3603 4824 impmui-

2009 4841 2172 4894 tentia
2201 4857 2319 4909 quin
2349 4856 2617 4910 nunquam
2649 4841 2973 4908 dimittetur,
3001 4847 3370 4914 tantummodo
3390 4846 3455 4901 ad
3481 4847 3602 4917 Spi-

2009 4933 2141 4986 ritus
2163 4930 2547 5000 blasphemiam
2576 4931 2772 4985 dieitur
2794 4934 3089 5000 pertinere;
3114 4945 3364 5006 tauquam
3400 4937 3488 4991 ille
3513 4938 3605 5008 qui

2010 5021 2114 5076 hoc
2139 5021 2540 5090 impmnitentia:
2570 5031 2792 5093 peccato
2822 5023 2978 5078 fuerit
2999 5026 3283 5094 obligatus,
3313 5027 3454 5081 dono
3481 5027 3607 5100 Spi-

2011 5113 2147 5167 ritus
2174 5113 2342 5167 sancti
2367 5112 2620 5168 resisterc
2646 5114 2888 5169 videatur
2907 5158 2921 5182 ,
2953 5117 3095 5186 quod
3134 5132 3199 5170 eo
3223 5117 3365 5172 dono
3395 5120 3484 5174 tiat
3519 5136 3608 5175 re-

2014 5203 2200 5258 missio
2225 5204 2604 5274 peccatorum?
2627 5204 2724 5262 Ubi
2748 5215 2803 5262 et
2828 5223 2926 5276 ego
2951 5223 3148 5277 quaero,
3173 5220 3346 5264 utrum
3367 5210 3613 5266 Christus

2013 5293 2235 5365 eiecerit
2261 5295 2522 5351 daemonia
2540 5339 2554 5362 ,
2586 5313 2652 5354 an
2683 5307 2736 5352 et
2761 5297 2917 5354 Pater
2945 5307 2997 5355 et
3025 5300 3248 5370 Spiritus
3277 5301 3532 5358 sanctus?
3556 5302 3612 5355 Si

2017 5389 2160 5444 enim
2185 5389 2547 5444 tantummodo
2573 5388 2816 5446 Christus
2834 5433 2848 5456 ,
2879 5390 3004 5461 quid
3025 5402 3107 5445 est
3136 5390 3275 5460 quod
3302 5391 3413 5459 ipse
3442 5391 3568 5446 dicit
3595 5433 3612 5458 ,

2023 5479 2182 5536 Pater
2202 5492 2366 5537 autem
2391 5482 2444 5536 in
2468 5498 2546 5535 me
2571 5497 2780 5534 manens
2800 5523 2813 5546 ,
2843 5481 2950 5550 ipse
2968 5481 3088 5552 facit
3110 5498 3262 5550 opera
3293 5479 3467 5554 (Joan.
3500 5498 3608 5551 xw,

2025 5574 2154 5646 10)?
2195 5573 2267 5628 Ita
2299 5575 2439 5628 enim
2465 5572 2663 5628 dictum
2695 5581 2798 5636 est,
2833 5570 2950 5642 Ipse
2978 5573 3098 5643 facit
3131 5589 3282 5645 apera
3300 5591 3320 5642 ;
3363 5582 3610 5646 tanquam

2091 5711 2106 5741 ¹
2135 5709 2269 5765 editi,
2287 5709 2392 5758 hac
2407 5706 2508 5772 sola
2528 5701 2872 5758 irremissibilis
2885 5703 3136 5772 rideretur
3152 5718 3170 5767 ;
3185 5707 3468 5772 omisogit,
3483 5708 3615 5771 quod

2028 5773 2209 5822 habent
2231 5770 2521 5821 t-‘ossatcnsis
2543 5776 2621 5818 .\ts.
2651 5775 2702 5818 et
2720 5769 2972 5831 Eugypius.

2895 5853 3237 5932 (Ουίπτιι)
