3922 6192
301 309 306 314 ’
319 304 423 362 ιδε)

317 419 483 475 Filius
505 434 609 474 non
639 417 814 483 faciat,
833 413 930 470 sed
946 415 1106 470 Pater
1135 427 1354 470 manens
1385 413 1438 468 in
1465 412 1616 468 Filio.
1639 415 1747 478 Cur
1763 430 1898 484 om

213 518 220 546 .-
315 513 421 567 alio
448 512 563 568 loco
593 509 751 576 dicit,
783 505 936 562 Pater
961 524 1098 562 meus
1121 506 1424 578 usquemodo
1449 518 1705 577 operatur,
1732 519 1788 562 er-
1806 525 1897 579 ego

314 621 495 674 operor
518 604 616 658 iet
642 602 799 671 paulo
838 609 989 670 post,
1020 599 1355 671 Qua-cumque
1400 601 1529 655 enim
1567 599 1654 654 illa
1690 601 1900 670 fuerit,

315 698 423 750 [iac
465 705 512 750 et
548 690 714 746 Filius
750 692 978 748 similiter
1016 693 1138 763 facit
1167 690 1344 764 (Joau.
1375 708 1409 748 ν
1429 721 1450 760 φ
1470 692 1536 748 17
1555 733 1571 757 ,
1594 692 1713 763 49).
1742 692 1896 759 Quod

311 793 487 839 autem
517 782 621 838 alio
661 783 779 838 loco
801 783 967 850 dicit,
1001 784 1060 838 Si
1089 800 1244 854 opera
1283 799 1384 839 non
1431 784 1661 856 fecissem
1693 785 1754 838 in
1783 786 1900 852 eis,

255 927 262 934 ,
310 877 426 945 quoi
450 890 593 928 nemo
619 874 750 928 alius
773 874 890 946 fecit
918 873 1027 944 (Id.
1057 874 1261 946 ",24)
1280 914 1297 942 ,
1328 875 1397 929 ita
1427 873 1554 930 dicit
1578 874 1727 945 quasi
1749 875 1896 932 solus

312 968 482 1023 faciat.
512 965 566 1023 Si
596 975 770 1022 autem
800 966 914 1023 haec
943 967 1014 1021 ita
1041 966 1319 1034 dicuntur,
1345 973 1403 1021 ut
1428 967 1896 1035 tameninsepara-

311 1057 434 1112 bilia
459 1059 564 1112 sint
590 1071 753 1127 opera
781 1057 1026 1111 Patriset
1050 1055 1206 1122 Filii;
1229 1055 1357 1126 quid
1378 1056 1702 1112 credendum
1726 1065 1807 1112 est
1826 1056 1894 1113 de

308 1147 506 1218 Spiritu
529 1155 731 1213 sancto,
756 1148 858 1202 nisi
877 1146 1000 1217 quia
1025 1156 1078 1201 et
1099 1147 1210 1216 ipse
1233 1147 1433 1217 pariter
1459 1146 1739 1217 Operatur?
1759 1143 1896 1200 Nam

307 1241 362 1294 in
392 1255 457 1295 eo
484 1240 600 1309 ipso
643 1238 760 1294 loco
781 1281 795 1302 .
841 1237 980 1294 unde
1008 1247 1192 1294 exorta
1234 1247 1316 1318 est
1343 1238 1442 1293 ista
1469 1239 1691 1308 qmestio
1733 1253 1892 1308 quam

307 1330 640 1396 discutimus,
663 1344 782 1384 cum
809 1329 976 1384 Filius
995 1329 1213 1398 ejiceret
1240 1327 1500 1384 daemonia
1521 1370 1537 1394 ,
1572 1329 1684 1399 ipse
1715 1338 1890 1385 tamen

305 1421 413 1487 ait,
441 1419 501 1474 Si
521 1435 611 1491 ego
636 1419 687 1472 in
717 1417 912 1488 Spiritu
931 1428 1105 1472 sancto
1139 1418 1284 1490 ejicio
1315 1419 1582 1486 demonia,
1603 1419 1756 1489 igitur
1778 1435 1894 1490 per-

306 1511 437 1564 venit
463 1511 526 1562 in
550 1527 634 1564 vos
663 1526 866 1581 regnum
891 1501 1006 1563 Dei.

364 1619 597 1675 (IAPUT
634 1619 771 1673 XV’L
806 1647 880 1659 -
903 1619 993 1674 26.
1017 1617 1290 1674 Trinitatis
1326 1627 1545 1689 potestas
1573 1626 1620 1672 et
1666 1619 1898 1687 operatio

304 1709 586 1764 individua.
642 1710 738 1764 Hic
792 1709 928 1764 forte
969 1710 1089 1779 quis
1135 1708 1312 1773 dicat,
1353 1708 1607 1779 Spiritum
1647 1717 1887 1763 sanctum

289 1799 416 1855 'dari
461 1801 634 1867 potius
661 1814 693 1853 a
714 1799 870 1854 Patre
891 1806 947 1854 et
971 1799 1104 1854 Filio
1125 1841 1140 1864 ,
1172 1813 1332 1868 quam
1372 1812 1468 1853 sua
1492 1799 1761 1853 voluntate
1784 1799 1884 1852 ali-

301 1891 426 1963 quid
450 1892 677 1961 operari;
700 1900 755 1944 ct
778 1890 846 1945 ad
875 1889 975 1944 hoc
993 1888 1261 1961 pertinere
1279 1888 1422 1958 quod
1445 1888 1642 1944 dictum
1667 1899 1782 1954 est,
1816 1889 1884 1943 In

302 1967 501 2052 Spiritu
525 1990 697 2035 sancto
716 1980 861 2048 ejicio
893 1979 1184 2044 daemonia,
1202 1977 1343 2048 quod
1367 1993 1473 2034 non
1498 1979 1610 2047 ipse
1633 1978 1882 2048 Spiritus,

288 2072 400 2132 sed
440 2063 684 2128 Christus
729 2070 786 2126 id
828 2069 1028 2125 faceret
1072 2069 1274 2138 Spiritu
1318 2086 1331 2122 :
1376 2070 1532 2124 utsic
1561 2069 1884 2140 intelligatur

283 2163 439 2234 -quod
477 2163 680 2218 dictum
705 2170 787 2218 est
808 2203 824 2227 ,
861 2159 936 2214 In
972 2160 1172 2232 Spiritu
1209 2168 1381 2214 sancto
1423 2160 1602 2228 eiicio,
1633 2168 1880 2230 tanquam

281 2241 599 2320 diceretur,
632 2251 829 2322 Spiritu
853 2261 1040 2307 sancto
1066 2251 1240 2320 ejicio.
1278 2251 1461 2306 Solent
1479 2251 1674 2322 quippe
1702 2252 1771 2306 ita
1800 2253 1880 2307 lo-

283 2344 386 2412 ~qui
409 2339 717 2413 Scriptum,
741 2327 1115 2413 interfecerunt
1139 2342 1190 2394 iu
1215 2341 1387 2410 gladio
1410 2357 1429 2394 :
1455 2340 1505 2395 id
1534 2348 1617 2396 est
1635 2383 1649 2408 ,
1681 2342 1878 2412 gladio.

299 2433 676 2502 Succenderunt
702 2431 752 2484 iu
770 2432 873 2501 igni
903 2429 1070 2502 (Psat.
1104 2445 1296 2496 Lxxtu,
1321 2429 1375 2501 7)
1410 2447 1423 2483 :
1452 2431 1504 2486 id
1529 2439 1630 2498 est,
1656 2432 1782 2504 igni.
1811 2431 1881 2488 Et

281 2523 489 2591 accepit
526 2521 677 2574 Jesus
700 2519 886 2574 cultros
916 2520 1136 2588 petriuos
1155 2561 1170 2585 ,
1198 2520 1251 2572 in
1282 2519 1477 2588 quibus,
1504 2520 1878 2577 circumcideret

294 2607 430 2681 ﬁlios
467 2607 632 2664 Israel
654 2603 847 2681 (Iosue
871 2625 922 2672 v,
953 2607 1008 2672 2,
1041 2601 1094 2678 3)
1122 2626 1134 2661 :
1168 2608 1219 2663 id
1248 2617 1357 2674 est,
1383 2610 1573 2680 quibus
1598 2611 1875 2670 circumci-

278 2707 444 2762 deret
472 2707 608 2760 lilios
631 2701 814 2760 Israel.
852 2703 956 2759 Sed
981 2703 1069 2775 qui
1111 2713 1392 2775 propterea
1414 2704 1634 2760 demunt
1657 2704 1875 2776 Spiritui

283 2808 478 2853 sancto
502 2797 766 2867 propriam
795 2803 1110 2865 potestatem
1135 2835 1151 2860 ,
1177 2795 1307 2850 illud
1325 2795 1600 2852 attendant
1628 2799 1768 2869 quod
1795 2799 1876 2855 di-

290 2887 434 2944 ctum
461 2903 491 2942 a
517 2887 741 2942 Domino
762 2887 952 2957 legitur
980 2904 994 2941 :
1025 2885 1252 2957 Spiritus
1271 2886 1354 2941 ubi
1375 2889 1481 2942 uult
1507 2890 1668 2958 spirat
1693 2889 1870 2960 (Joan.

280 2981 347 3034 tu
366 3021 380 3045 ,
409 2975 485 3051 8).
509 2975 648 3034 Illud
679 2993 805 3034 vero
832 2976 973 3050 quod
994 2977 1280 3049 Apostolus
1322 2978 1396 3034 ait
1415 3019 1429 3042 ,
1479 2976 1664 3034 Omnia
1705 2991 1873 3038 autem

280 3078 398 3131 ρΙιωο
421 3084 661 3148 aperatur
692 3091 822 3130 unus
853 3083 1005 3146 atque
1030 3073 1164 3128 idem
1189 3071 1449 3144 Spiritus;
1475 3074 1764 3131 verendum
1790 3087 1872 3134 cst

281 3182 357 3222 ne
381 3166 660 3236 quisquam
685 3164 972 3220 arbitretur
995 3205 1010 3229 ,
1037 3164 1180 3234 quod
1206 3178 1270 3218 ea
1309 3178 1414 3218 non
1441 3173 1692 3233 operetur
1715 3165 1873 3230 Pater

280 3265 343 3312 et
359 3256 546 3323 Filius,
574 3271 697 3312 cum
725 3257 779 3310 in
803 3256 880 3311 eis
909 3255 1158 3326 operibus
1180 3255 1678 3311 oommemoraverit
1701 3264 1758 3312 et
1775 3256 1872 3311 do-

285 3347 530 3402 nationes
544 3345 903 3413 curationum,
928 3353 986 3400 et
1007 3345 1344 3414 operationes
1372 3344 1644 3411 virtutum,
1673 3346 1764 3401 ubi
1788 3357 1870 3404 est

283 3437 466 3507 utique
494 3417 561 3493 et
578 3437 818 3506 expulsio
842 3435 1245 3492 daemoniorum.
1293 3435 1426 3492 Cum
1467 3451 1595 3492 vero
1632 3438 1870 3510 adjungit

282 3513 339 3584 ei
368 3525 532 3594 dicit,
565 3521 806 3581 Dividens
829 3527 1037 3598 propria
1060 3527 1327 3597 unicuique
1359 3537 1507 3597 prout
1531 3529 1637 3583 vult
1662 3530 1706 3599 (ι
1746 3529 1863 3586 Cor.

282 3632 356 3672 xu
378 3658 392 3682 ,
429 3618 548 3687 li);
576 3633 754 3673 nonne
785 3613 1086 3671 manifestat
1112 3617 1270 3672 etiam
1297 3619 1465 3674 sancti
1503 3618 1730 3690 Spiritus
1766 3637 1866 3691 po-

283 3715 530 3762 testatem
551 3749 567 3774 ,
598 3707 692 3762 scd
720 3722 750 3760 a
779 3705 934 3762 Patre
963 3715 1016 3762 et
1054 3705 1187 3762 Filio
1228 3706 1383 3776 plane
1422 3709 1784 3764 individuam?
1808 3711 1863 3766 Si

279 3814 410 3870 ergo
438 3797 553 3852 haec
589 3797 656 3853 ita
682 3797 960 3864 dicuntur,
990 3806 1048 3851 ut
1077 3807 1253 3852 tamen
1280 3797 1644 3867 inseparabilis
1672 3800 1866 3854 intelli-

281 3895 437 3955 gatur
464 3889 701 3957 Operatio
737 3887 1044 3951 Trinitatis;
1076 3887 1145 3940 ita
1172 3895 1227 3940 ut
1265 3901 1384 3940 cum
1408 3889 1648 3956 operatio
1689 3889 1862 3946 Patris

279 3977 506 4045 dicitur,
527 3995 632 4033 non
663 3993 781 4034 eam
809 3977 923 4032 sine
944 3973 1077 4032 Filio
1097 3987 1150 4033 et
1168 3975 1364 4046 Spiritu
1390 3986 1575 4032 sancto
1603 3977 1862 4050 intelligao

279 4079 368 4123 tur
394 4070 641 4139 operari;
671 4076 724 4124 et
747 4082 868 4123 cum
897 4067 1137 4139 operatio
1165 4067 1319 4134 Filii,
1351 4083 1455 4122 non
1483 4067 1599 4124 sine
1624 4068 1780 4124 Patre
1806 4079 1862 4126 et

275 4159 480 4232 Spiritu
522 4170 744 4226 sancto;
773 4170 828 4216 et
862 4176 980 4214 cum
1007 4160 1244 4230 operatio
1270 4159 1494 4230 Spiritus
1518 4163 1682 4218 sancti
1703 4203 1719 4226 ,
1753 4177 1860 4245 non

272 4253 397 4308 sine
426 4241 582 4308 Patre
611 4261 664 4307 ct
687 4249 821 4306 Filio
851 4270 864 4306 :
896 4251 1026 4307 satis
1069 4261 1250 4307 notum
1289 4265 1369 4308 est
1407 4263 1555 4310 recte
1591 4241 1858 4320 credenti-

272 4344 402 4410 bus,
432 4343 514 4398 vel
539 4345 697 4399 etiam
725 4350 782 4397 ut
811 4350 1033 4412 possunt
1051 4343 1485 4413 intelligentibus,
1511 4356 1565 4402 et
1584 4347 1712 4402 illud
1738 4349 1859 4404 ideo

268 4433 479 4490 dictum
504 4448 623 4487 esse
651 4431 718 4487 de
747 4431 902 4486 Patre
921 4473 936 4497 ,
965 4429 1088 4510 Ipse
1129 4432 1251 4502 facit
1284 4449 1437 4504 Opera
1456 4474 1471 4501 ,
1504 4437 1642 4506 quod
1670 4439 1738 4494 ab
1766 4439 1858 4496 illo

272 4528 350 4580 sit
385 4525 545 4579 etiam
571 4523 720 4594 origo
747 4538 970 4593 operum
988 4564 1003 4587 ,
1043 4539 1072 4577 a
1099 4537 1212 4606 quo.
1229 4533 1312 4579 est
1351 4527 1632 4582 existentia
1659 4545 1856 4601 coope-

269 4613 508 4670 rantium
530 4628 905 4685 personarum;
933 4611 1053 4683 quia
1080 4623 1136 4668 et
1154 4597 1320 4671 Pilius
1344 4613 1410 4670 de
1431 4615 1522 4670 illo
1543 4625 1696 4672 natus
1737 4597 1817 4674 est
1835 4661 1850 4685 ,

272 4716 332 4760 et
360 4705 588 4776 Spiritus
615 4715 830 4761 sanctus
871 4703 1229 4776 principaliter
1256 4702 1323 4760 de
1357 4703 1447 4760 illo
1470 4707 1726 4776 procedit
1745 4751 1761 4775 ,
1789 4710 1857 4767 de

270 4811 384 4864 quo
423 4801 577 4849 natus
619 4802 702 4850 est
740 4793 939 4860 Filius,
967 4803 1022 4849 et
1057 4807 1177 4850 cum
1203 4807 1307 4864 quo
1343 4792 1418 4848 illi
1456 4798 1750 4853 communis
1774 4807 1858 4856 est

272 4886 418 4941 idem
439 4883 672 4955 Spiritus
711 4902 725 4939 :
768 4893 822 4942 et
851 4883 978 4940 illud
1007 4883 1147 4956 quod
1182 4885 1256 4939 ait
1285 4881 1540 4940 Dominus
1565 4901 1580 4939 :
1605 4886 1665 4943 Si
1702 4905 1856 4959 opera

278 4991 376 5030 non
415 4975 640 5047 fecissem
670 4976 724 5030 in
747 4975 851 5042 eis,
873 4990 987 5046 qua:
1011 4989 1156 5029 nemo
1179 4975 1310 5030 alius
1338 4974 1491 5046 fecit,
1520 4991 1626 5032 non
1656 4977 1719 5033 ad
1753 4981 1853 5034 Pa-

276 5077 411 5121 trem
441 5066 524 5122 vel
549 5065 803 5138 Spiritum
835 5065 1115 5134 retulisse,
1144 5065 1286 5137 quod
1315 5067 1364 5120 ei
1405 5081 1509 5121 non
1542 5067 1648 5124 sint
1673 5069 1724 5124 in
1751 5068 1856 5126 illis

272 5156 525 5228 operibus
550 5158 852 5229 cooperati;
883 5157 978 5212 sed
1004 5156 1071 5211 ad
1101 5157 1342 5212 homines
1361 5198 1376 5224 ,
1401 5171 1432 5211 a
1459 5159 1647 5230 quibus
1673 5157 1856 5230 legun-

275 5259 360 5302 tur
385 5249 548 5302 multa
574 5247 711 5302 facta
741 5247 1011 5311 miracula,
1043 5255 1098 5301 et
1123 5255 1299 5302 tamen
1325 5261 1354 5301 a
1383 5247 1526 5302 nullo
1551 5264 1667 5319 quae
1688 5249 1853 5308 Filius

275 5337 396 5395 fecit
424 5356 438 5394 :
466 5347 522 5394 et
548 5337 691 5409 quod
717 5336 793 5392 ait
815 5336 1101 5407 Apostolus
1129 5336 1195 5391 de
1228 5335 1429 5407 Spiritu
1474 5345 1658 5394 sancto
1679 5383 1694 5408 ,
1730 5339 1853 5395 0m-

272 5432 357 5483 uia
385 5439 552 5485 autem
584 5429 691 5485 haec
715 5436 951 5500 operatur
979 5437 1110 5480 unus
1137 5435 1284 5496 atque
1308 5427 1439 5480 idem
1460 5427 1683 5500 Spiritus
1702 5472 1716 5496 ,
1743 5447 1849 5487 non

272 5519 395 5575 ideo
421 5520 619 5577 dictum
639 5561 654 5588 ,
683 5519 804 5592 quia
833 5534 938 5575 non
968 5517 1018 5574 ei
1044 5527 1360 5589 coaperalur
1381 5518 1538 5575 Pater
1564 5525 1618 5574 et
1644 5519 1845 5590 Filius;

272 5611 367 5666 sed
392 5614 515 5682 quia
537 5613 592 5668 in
620 5611 704 5668 bis
727 5611 974 5682 operibus
996 5626 1100 5666 non
1128 5611 1237 5666 sint
1265 5611 1415 5665 multi
1448 5611 1542 5667 sed
1570 5628 1704 5669 unus
1733 5613 1849 5685 8ρί-

303 5700 406 5760 itus
427 5742 445 5770 ,
473 5709 530 5756 et
552 5702 606 5756 in
633 5701 856 5759 diversis
884 5703 993 5756 suis
1018 5701 1411 5772 operationibus
1450 5718 1556 5760 non
1597 5715 1678 5762 est
1721 5722 1752 5762 a
1789 5719 1846 5764 se

1534 299 1602 354 S.
1644 299 2006 366 Αυῦιλετιιιι
2043 301 2344 365 ΕΡΒΟΟΡΙ

3477 313 3588 369 ιω

2005 419 2117 488 ipse
2145 420 2387 477 diversus
2414 423 2450 473 '.

2069 509 2157 566 97.
2209 511 2353 567 Idem
2403 523 2645 568 tractatur
2694 525 3061 586 argumentum.
3107 512 3214 570 Nec
3259 524 3436 571 tatnen
3463 521 3574 574 ina-

2000 599 2158 664 niter,
2199 604 2291 658 sed
2335 604 2712 660 rationabiliter
2749 616 2803 660 et
2830 607 3078 661 veraciter
3129 605 3323 662 dicitur
3369 608 3580 664 Patrem

1998 689 2222 761 dixisse,
2253 709 2356 748 non
2397 695 2589 750 Filium
2628 706 2682 750 et
2729 695 2982 767 Spiritum
3007 705 3247 752 sanctum
3282 698 3392 770 (a),
3419 697 3492 753 Tu
3524 719 3584 758 es

2000 769 2165 838 Filius
2193 802 2331 840 meus
2357 787 2586 854 dilectus,
2612 788 2664 840 in
2692 805 2789 858 quo
2829 790 3107 861 complaeui
3139 789 3290 862 (Luc.
3335 807 3389 846 tu
3413 832 3429 858 ,
3457 792 3581 860 ἓξ),

1998 870 2102 926 Sed
2128 872 2228 928 hoc
2269 876 2576 932 miraculum
2598 877 2665 932 de
2692 877 2828 932 cmlo
2853 879 3106 934 sanabilis
3135 881 3313 944 verbi,
3336 885 3582 950 quamvis

1996 960 2062 1016 ad
2085 976 2361 1032 personam
2400 967 2570 1022 Patris
2599 966 2964 1023 tantummodo
2988 983 3269 1023 noscamus
3289 971 3580 1039 pertinere,

1995 1066 2307 1124 cooperatos
2340 1074 2457 1113 esse
2485 1068 2658 1114 tamen
2690 1060 2881 1119 Filium
2922 1071 2976 1116 et
3003 1060 3256 1131 Spiritum
3293 1073 3532 1117 sanctum
3558 1105 3577 1127 ,

1995 1158 2099 1196 non
2145 1161 2416 1215 negamus.
2459 1147 2641 1218 Neque
2679 1150 2821 1204 enim
2856 1151 2976 1220 quia
3018 1161 3140 1205 tunc
3163 1151 3330 1205 Filius
3356 1167 3580 1210 carnem

1995 1243 2212 1300 portans
2238 1251 2358 1291 cum
2406 1238 2706 1294 hominibus
2751 1241 3162 1297 conversabatur
3193 1243 3244 1296 in
3269 1252 3428 1308 terra,
3453 1244 3580 1297 idco

1993 1339 2107 1379 non
2139 1335 2253 1382 erat
2296 1329 2456 1384 etiam
2501 1331 2552 1385 in
2581 1332 2697 1386 sinu
2737 1330 2907 1386 Patris
2951 1341 3196 1401 tanquam
3245 1334 3578 1404 unigenitum

1995 1415 2224 1470 Verbum
2248 1458 2262 1483 ,
2285 1419 2496 1489 quando
2540 1421 2624 1474 illa
2665 1421 2730 1476 de
2767 1422 2906 1478 nube
2936 1439 3035 1477 vos
3065 1423 3197 1477 facta
3227 1434 3343 1488 est;
3367 1435 3456 1478 aut
3479 1442 3573 1478 sa-

1993 1504 2199 1574 pienter
2247 1509 2664 1578 ctspiritualiter
2705 1511 2847 1566 credi
2894 1520 3098 1582 potest,
3146 1513 3310 1568 Deum
3358 1513 3575 1568 Patrem

1990 1595 2352 1668 operationem
2423 1599 2704 1658 verborum
2773 1617 2986 1656 suorum
3051 1605 3348 1658 sonantium
3409 1615 3576 1674 atque

1991 1689 2374 1762 transeuntium
2405 1704 2435 1743 a
2469 1705 2578 1744 sum
2604 1688 2886 1762 Sapientia:
2915 1693 3099 1762 suique
3123 1694 3346 1762 Spiritus
3373 1711 3574 1766 coope-

1988 1771 2192 1830 ratione
2220 1793 2514 1847 separasse.
2549 1779 2749 1837 Eodem
2795 1782 2954 1836 modo
2995 1799 3113 1837 cum
3164 1785 3458 1840 rectissime
3483 1787 3570 1838 tli-

1986 1879 2188 1934 camus,
2219 1882 2322 1922 non
2354 1868 2587 1938 Patrem,
2625 1887 2722 1925 nec
2759 1870 3012 1942 Spiritum
3060 1883 3296 1929 sanctum
3318 1916 3332 1940 ,
3361 1875 3452 1929 sed
3480 1875 3576 1930 Fi-

1986 1955 2114 2010 lium
2141 1971 2300 2028 super
2337 1973 2486 2014 mare
2531 1961 2828 2016 ambulasse
2861 1961 3074 2034 (Matth.
3105 1980 3192 2018 xiv
3211 2006 3226 2031 ,
3253 1963 3344 2036 23)
3368 2006 3383 2031 ,
3412 1966 3577 2035 cujus

1984 2047 2139 2102 unius
2153 2063 2276 2104 caro
2300 2061 2412 2106 erat
2436 2051 2523 2106 illa
2537 2062 2592 2107 et
2614 2053 2804 2123 planta:
2824 2054 3067 2110 ﬂuctibus
3116 2056 3415 2124 innitentes;
3437 2060 3572 2114 illud

1984 2148 2160 2196 tamen
2185 2157 2318 2211 opus
2359 2144 2487 2198 tanti
2530 2143 2770 2200 miraculi
2805 2141 3013 2202 Patrem
3043 2157 3098 2203 et
3139 2148 3387 2220 Spiritum
3435 2166 3569 2205 san-

1981 2239 2124 2286 ctum
2151 2243 2462 2304 cooperatos
2484 2251 2602 2292 esse
2627 2240 2745 2307 quis
2765 2238 3002 2296 abnuat?
3029 2242 3116 2296 Sic
3140 2243 3281 2297 enim
3309 2253 3364 2298 et
3387 2245 3566 2298 solum

1983 2313 2171 2378 Filium
2201 2325 2477 2381 verissime
2524 2315 2752 2383 dicimus
2795 2330 2962 2400 ipsam
2993 2333 3286 2402 suscepisse
3320 2349 3566 2399 carnem,

1982 2427 2087 2468 non
2115 2413 2327 2470 Patrem
2353 2425 2443 2473 aut
2487 2417 2743 2489 Spiritum
2789 2425 3066 2490 sanctum;
3109 2433 3161 2477 et
3204 2434 3374 2479 tamen
3425 2425 3570 2484 hanc

1981 2504 2400 2585 incarnationem
2426 2508 2493 2564 ad
2542 2511 2714 2566 solum
2762 2509 2952 2568 Filium
2998 2517 3345 2584 pertinentem
3368 2559 3386 2584 ,
3414 2520 3566 2588 quis-

1977 2597 2097 2668 quis
2125 2608 2282 2670 negat
2306 2611 2645 2671 coeperatum
2663 2602 2869 2659 Patrem
2897 2617 2986 2660 aut
3017 2606 3268 2678 Spiritum
3296 2619 3565 2674 sanctum,

1978 2704 2084 2744 non
2122 2699 2267 2746 recte
2297 2693 2453 2762 sapit.
2485 2692 2616 2750 Item
2643 2693 2868 2751 dicimus
2889 2739 2904 2764 ,
2935 2713 3033 2753 nec
3083 2700 3319 2763 Patrem,
3349 2717 3444 2756 uec
3473 2695 3568 2755 Fi-

1976 2779 2102 2833 lium
2124 2822 2139 2847 ,
2169 2779 2264 2836 sed
2305 2783 2476 2836 solum
2523 2783 2775 2855 Spiritum
2821 2796 3059 2842 sanctum
3081 2831 3095 2854 ,
3123 2797 3177 2843 ct
3205 2789 3255 2843 in
3293 2789 3563 2845 columbas

1975 2871 2186 2940 specie,
2209 2878 2264 2928 ct
2303 2872 2354 2926 in
2383 2874 2574 2944 linguis
2602 2875 2746 2932 velut
2793 2875 2959 2948 igneis
3000 2881 3334 2949 apparuisse,
3363 2892 3416 2936 et
3458 2881 3564 2937 de-

1974 2957 2116 3016 disse
2146 2964 2486 3031 pronuntiare
2531 2966 2632 3021 illis
2657 2967 2711 3022 in
2737 2964 2870 3038 quos
2888 2979 3105 3025 venerat
3125 3012 3140 3037 ,
3170 2972 3348 3026 multis
3382 2981 3437 3028 et
3465 2991 3563 3028 va-

1972 3051 2066 3105 rils
2089 3053 2282 3124 linguis
2307 3055 2565 3126 magnalia
2589 3057 2679 3111 Dei
2707 3057 2815 3130 (Id.
2842 3075 2929 3124 ιιι,
2963 3061 3046 3127 ili,
3071 3070 3116 3114 et
3138 3062 3252 3117 Act.
3274 3079 3310 3118 ιι
3329 3105 3342 3130 ,
3373 3063 3428 3131 3,
3457 3066 3515 3135 ι)
3543 3085 3558 3119 :

1971 3155 2002 3194 a
2040 3147 2148 3212 qna
2191 3153 2365 3200 tamen
2405 3147 2657 3203 miraculo
2699 3148 2765 3203 ad
2795 3150 2966 3205 solum
3009 3151 3268 3222 Spiritum
3314 3166 3560 3222 sanctum

1973 3233 2303 3301 pertinente,
2337 3239 2766 3306 cooperationem
2805 3241 2977 3296 Patris
3009 3255 3062 3298 et
3102 3244 3259 3300 Verbi
3303 3248 3562 3320 unigeniti

1970 3339 2220 3395 separare
2247 3343 2355 3382 non
2409 3345 2707 3400 possumus.
2757 3331 2832 3388 Ita
2879 3335 3204 3406 singulorum
3235 3356 3444 3412 quoque
3503 3341 3558 3395 in

1971 3417 2228 3475 Trinitate
2254 3436 2414 3490 opera
2445 3421 2676 3479 Trinitas
2711 3437 2979 3496 operatur,
3010 3431 3288 3500 unicuique
3312 3426 3568 3501 Operaiiti'

1970 3513 2377 3583 coeperantibus
2414 3513 2639 3583 duobus,
2667 3520 3014 3574 conveniente
3057 3522 3106 3574 in
3156 3522 3322 3576 tribus
3357 3525 3556 3592 agendi

1968 3602 2270 3668 cuneordia,
2299 3619 2402 3658 non
2435 3607 2486 3659 in
2518 3622 2622 3660 uno
2661 3605 2942 3663 deﬁciente
2974 3610 3206 3667 efﬁcacia
3240 3614 3552 3683 peragendi.

1968 3694 2094 3760 Quae
2123 3709 2242 3748 cum
2297 3695 2365 3748 ita
2396 3697 2498 3750 sint
2519 3736 2533 3760 ,
2563 3696 2685 3751 hinc
2727 3707 2808 3752 est
2846 3698 2986 3772 quod
3019 3700 3272 3756 Dominus
3310 3701 3462 3756 Jesus
3497 3703 3552 3758 in

1967 3784 2164 3854 Spiritu
2207 3795 2392 3841 sancto
2420 3787 2688 3844 daemones
2708 3789 2870 3858 ejicit.
2897 3791 3078 3862 Neque
3127 3793 3266 3846 enim
3306 3805 3358 3848 et
3402 3796 3552 3852 solus

1968 3876 2069 3930 hoc
2124 3876 2346 3948 implere
2393 3893 2496 3934 non
2555 3889 2791 3950 poterat,
2828 3891 2985 3953 atque
3041 3884 3170 3938 illud
3220 3885 3549 3954 adiutorium

1967 3974 2216 4037 tanquam
2260 3969 2382 4024 huic
2423 3972 2569 4042 operi
2611 3988 2713 4027 non
2769 3973 3037 4030 sufficiens
3079 3978 3407 4042 asSumchat;
3450 3981 3550 4034 sed

1965 4055 2206 4127 spiritum
2236 4058 2461 4115 divisum
2482 4063 2530 4116 in
2557 4063 2897 4133 semetipsum
2920 4108 2934 4132 ,
2969 4081 3034 4122 eo
3059 4067 3257 4137 Spiritu
3283 4085 3546 4140 congrue-

1963 4146 2054 4201 bat
2078 4148 2268 4218 expelli
2290 4192 2304 4211 .
2323 4165 2479 4220 quem
2507 4152 2664 4208 Pater
2690 4163 2744 4210 et
2765 4153 2932 4211 Filius
2956 4172 3060 4211 non
3084 4157 3236 4213 divisi
3263 4159 3314 4214 in
3345 4172 3546 4217 semet-

1964 4237 2092 4308 ipsis
2121 4242 2474 4295 communiter
2498 4242 2713 4298 habent.

2031 4330 2258 4388 CAPUT
2293 4332 2454 4386 XVII.
2486 4365 2555 4374 —
2577 4335 2667 4391 28.
2702 4335 2918 4392 Peccata
2945 4355 3045 4394 non
3091 4343 3411 4397 remittuntur
3445 4362 3541 4400 ea:-

1963 4430 2042 4473 tra
2088 4419 2384 4476 Ecclesium.
2439 4422 2527 4479 Sic
2568 4435 2622 4480 et
2666 4433 2913 4497 peccata,
2945 4430 3066 4499 quia
3111 4442 3302 4502 praeter
3346 4429 3543 4490 Eccle-

1961 4515 2095 4570 siam
2125 4532 2228 4570 non
2251 4516 2604 4585 dimittuntur,
2633 4523 2686 4574 in
2713 4537 2777 4575 eo
2797 4521 2992 4591 Spiritu
3017 4524 3206 4579 dimitti
3235 4525 3543 4597 Oportebat,

1961 4620 2067 4676 quo
2097 4606 2147 4660 in
2175 4623 2334 4662 unum
2365 4608 2601 4664 Ecclesia
2627 4625 2990 4685 congregatur.
3021 4615 3254 4686 Denique
3282 4618 3327 4674 si
3349 4633 3544 4688 quem-

1960 4710 2116 4765 quam
2148 4706 2292 4752 extra
2322 4699 2610 4754 Ecclesiam
2640 4715 2854 4757 suorum
2883 4704 3136 4772 pteniteat
3163 4716 3506 4776 peccatorum
3525 4751 3542 4776 ,

1961 4793 2015 4838 et
2042 4785 2196 4855 hujus
2219 4790 2348 4842 tanti
2378 4789 2581 4859 peccati
2610 4806 2714 4861 quo
2740 4791 2945 4846 alienus
2973 4803 3055 4849 est
3079 4795 3146 4849 ab
3181 4789 3412 4852 Ecclesia
3437 4798 3542 4855 Dei

1959 4890 2053 4931 cor
2075 4876 2410 4948 impmnitens
2437 4879 2627 4936 habeat
2647 4925 2662 4949 ,
2693 4883 2817 4952 quid
2843 4885 2891 4938 ei
2915 4885 3130 4954 prodest
3159 4883 3246 4944 illa
3274 4891 3541 4958 pmnitenc

1961 4963 2067 5031 tia;
2095 4980 2214 5020 cum
2265 4967 2368 5023 isto
2426 4969 2541 5024 solo
2584 4971 2803 5026 verbum
2845 4973 2986 5029 dicat
3024 4984 3207 5030 contra
3276 4977 3542 5051 Spiritum

1959 5066 2221 5125 sanctum,
2247 5075 2352 5130 quo
2377 5068 2658 5118 extraneos
2687 5073 2769 5118 est
2812 5064 2879 5120 ab
2898 5063 3158 5135 Ecclesia,
3185 5085 3303 5140 quae
3327 5075 3544 5143 accepit

1959 5147 2061 5202 hoc
2084 5147 2302 5215 donum,
2336 5159 2394 5203 ut
2419 5149 2473 5204 in
2519 5165 2579 5206 ea
2617 5152 2667 5206 in
2695 5153 2892 5223 Spiritu
2928 5168 3112 5212 sancto
3154 5159 3244 5213 liat
3285 5160 3542 5218 remissio

1960 5227 2332 5307 peccatorum?
2357 5240 2522 5308 Quam
2543 5244 2910 5300 remissionem
2950 5261 3069 5302 cum
3091 5249 3320 5305 Trinitas
3343 5249 3540 5322 faciat,

1961 5327 2172 5397 proprie
2198 5339 2370 5384 tamen
2401 5331 2465 5385 ad
2494 5333 2746 5402 Spiritum
2786 5345 3028 5394 sanctum
3054 5340 3360 5410 intelligitur
3404 5356 3528 5412 per-

1959 5419 2151 5475 tinere.
2177 5419 2296 5490 Ipse
2333 5421 2474 5477 enim
2499 5432 2581 5479 est
2605 5421 2834 5496 Spiritus
2859 5425 3154 5500 adoptionis
3183 5430 3409 5488 ﬁliorum
3425 5473 3443 5504 ,
3479 5433 3542 5484 δη

2020 5615 2035 5645 ¹
2057 5613 2247 5678 Aliquot
2268 5623 2391 5674 Mss,
2417 5615 2611 5668 divisus.

2017 5717 2089 5779 (a)
2114 5717 2227 5767 vide
2251 5731 2410 5784 supra,
2443 5729 2592 5771 serm.
2617 5721 2698 5773 52.
