3954 6186
351 333 446 388 661

347 462 450 516 quo
471 445 768 509 statuamus,
785 441 946 510 Abba,
973 441 1124 497 Pater
1144 441 1317 513 (Rom.
1341 456 1436 498 vnt
1454 483 1470 510 ,
1495 442 1580 513 I5)
1607 459 1618 494 :
1651 451 1706 496 ut
1735 445 1783 496 el
1807 457 1940 511 pos--

349 539 517 592 simus
540 534 754 603 dicere,
784 532 996 588 Dimitte
1040 534 1180 588 nobis
1216 533 1382 588 debita
1407 541 1580 588 nostra
1602 532 1816 608 (Matth.
1845 550 1898 589 vr
1920 574 1936 600 ,

352 630 462 700 12).
492 627 564 683 Et
591 629 642 682 in
669 629 764 686 hoc
778 628 1144 698 cognoscimus,
1163 627 1302 682 sicut
1325 627 1454 682 dicit
1472 628 1752 699 Apostolus
1777 626 1938 686 Joan-

353 734 450 774 nes
469 761 485 786 ,
513 717 754 788 quoniam
780 715 1009 772 Christus
1031 726 1196 772 manet
1222 718 1276 772 in
1314 717 1482 782 nobis,
1514 718 1577 774 de
1603 717 1801 788 Spiritu
1824 734 1938 784 sua,

349 826 496 880 quem
523 808 663 864 dedit
710 808 852 862 nobis
881 807 900 877 (
933 807 1126 862 IJoan.
1153 823 1243 874 ιιι,
1264 807 1376 880 24).
1411 807 1439 861 1
1442 825 1531 878 pse
1556 807 1780 879 Spiritus
1805 809 1942 864 testi-

352 900 578 954 monium
618 899 786 952 reddit
833 899 1035 966 spiritui
1079 909 1248 953 nostro
1273 940 1286 962 ,
1331 899 1465 970 quod
1508 915 1681 953 sumus
1721 899 1817 968 filii
1844 897 1941 952 Dei

351 989 526 1064 (Rom.
553 1004 686 1055 vm,
719 988 830 1058 16).
872 987 953 1042 Ad
995 988 1166 1058 ipsum
1218 989 1359 1042 enim
1415 989 1641 1058 pertinet
1673 987 1938 1054 societas,

352 1095 454 1151 qua
499 1079 762 1134 eflicimur
807 1093 972 1134 unum
1025 1093 1219 1148 corpus
1268 1078 1406 1134 unici
1454 1079 1571 1136 Filii
1625 1079 1739 1134 Dei.
1784 1077 1940 1134 Unde

352 1170 612 1240 scriptum
665 1177 748 1224 est
789 1185 804 1221 :
838 1168 900 1223 Si
946 1185 1046 1239 qua
1089 1167 1243 1240 igitur
1291 1171 1570 1222 exhortatio
1613 1169 1666 1223 in
1704 1168 1936 1235 Christo,

352 1260 400 1316 si
449 1258 586 1329 quod
639 1257 876 1313 solatium
926 1259 1182 1313 charitatis
1208 1279 1236 1322 -,
1281 1259 1324 1314 si
1387 1274 1486 1328 qua
1533 1259 1741 1312 societas
1767 1257 1940 1326 Spiri-

356 1358 440 1408 tus
461 1346 724 1418 (Philipp.
762 1363 830 1414 ιι,
859 1349 882 1403 1
908 1347 950 1418 ).
979 1347 1199 1417 Propter
1229 1347 1363 1404 hanc
1405 1348 1710 1403 societatem
1754 1348 1829 1402 illi
1887 1347 1939 1404 in

355 1455 497 1511 quos
541 1440 782 1510 primitus
827 1439 1002 1504 venit,
1034 1438 1225 1510 linguis
1263 1439 1498 1494 omnium
1542 1438 1776 1509 gentium
1818 1445 1942 1494 sunt

353 1529 540 1586 locuti.
568 1529 696 1596 Quia
725 1530 860 1585 sicut
881 1543 974 1599 per
998 1529 1202 1599 linguas
1223 1529 1578 1584 consociatior
1597 1538 1680 1584 est
1714 1529 1940 1584 societas

350 1621 572 1691 generis
598 1620 811 1680 humani
844 1622 859 1652 ί
882 1637 895 1686 ;
921 1620 998 1678 sic
1026 1620 1305 1690 oportebat
1333 1635 1430 1689 per
1468 1620 1672 1689 linguas
1701 1618 1938 1674 omnium

350 1713 590 1786 gentium
629 1713 914 1784 significari
961 1713 1116 1768 istam
1146 1712 1451 1768 societatem
1502 1711 1729 1766 filiorum
1771 1710 1865 1765 Dei
1884 1718 1939 1768 et

352 1805 720 1860 membrorum
765 1803 960 1862 Christi
988 1801 1217 1856 futuram
1262 1803 1314 1855 iu
1363 1801 1607 1856 omnibus
1650 1799 1934 1871 gentibus:

355 1905 411 1952 ιιι
429 1895 877 1966 quemadmodum
921 1904 1046 1948 tunc
1071 1894 1158 1948 ille
1183 1894 1470 1963 apparebat
1506 1893 1773 1962 accepisse
1818 1890 1937 1962 Spi-

355 1989 519 2042 ritum
545 1996 804 2054 sanctum,
834 1986 922 2058 qui
955 1984 1270 2056 loquebatur
1312 1985 1501 2054 linguis
1546 1984 1779 2038 omnium
1808 1998 1937 2052 gen-

357 2083 523 2145 tium;
551 2081 620 2136 ita
668 2095 726 2138 se
774 2093 914 2134 nunc
943 2079 1032 2132 ille
1082 2087 1333 2148 agnoscat
1371 2077 1641 2146 accepisse
1684 2076 1936 2146 Spiritum

351 2181 630 2234 sanctum,
673 2169 762 2240 qui
811 2177 1019 2223 tenetur
1047 2167 1257 2222 vinculo
1307 2167 1453 2235 pacis
1485 2166 1774 2233 Ecclesiae,
1818 2180 1936 2236 quae

359 2260 666 2316 lilTunditur
710 2261 762 2314 in
802 2260 1047 2314 omnibus
1075 2258 1338 2328 gentibus.
1371 2257 1519 2312 Unde
1547 2257 1674 2312 dicit
1704 2258 1933 2327 Aposto-

352 2353 438 2409 ’.υς
472 2371 487 2406 :
527 2351 797 2406 Studentes
838 2367 1035 2404 seruare
1075 2351 1314 2403 unitatem
1352 2347 1577 2418 Spiritus
1640 2348 1691 2424 in
1734 2347 1933 2401 vinculo

357 2443 496 2498 cacis
525 2442 737 2514 (Ep/tes.
768 2457 846 2506 ιν,
875 2442 953 2511 ὅ).

426 2532 652 2588 CAPUT
691 2531 877 2586 XVIII.
905 2561 976 2571 -—
1002 2530 1094 2586 29.
1127 2529 1350 2600 Spiritus
1387 2521 1586 2584 sanctus
1627 2539 1672 2582 et
1702 2528 1870 2584 Patris
1890 2538 1937 2592 et

351 2621 482 2678 Filii
548 2623 771 2692 Spiritus
833 2631 923 2675 est.
975 2622 1125 2687 Quod
1165 2629 1338 2675 autem
1409 2621 1478 2674 sit
1535 2620 1648 2690 ipse
1709 2619 1936 2689 Spiritus

351 2717 560 2783 Patris,
594 2717 705 2787 ipse
752 2715 916 2770 Filius
959 2714 1117 2782 dicit,
1164 2712 1244 2768 De
1285 2712 1441 2767 Patre
1470 2713 1692 2782 procedit
1739 2712 1930 2786 (Joan.

347 2835 444 2884 ιν,
471 2817 564 2890 26)
597 2835 614 2873 :
646 2816 828 2871 etalio
856 2816 976 2872 loco
995 2856 1011 2882 ,
1059 2813 1180 2867 Non
1223 2814 1355 2869 enim
1395 2829 1480 2867 vos
1510 2813 1623 2866 estis
1662 2813 1747 2883 qui
1776 2813 1935 2878 loqui-

348 2909 513 2974 mini,
540 2907 632 2964 sed
672 2907 896 2977 Spiritus
927 2904 1099 2960 Patris
1146 2904 1294 2958 uestri
1320 2904 1404 2973 qui
1453 2903 1668 2973 loquitur
1704 2903 1756 2957 in
1799 2903 1934 2956 vobis

348 2997 568 3070 (Matth.
599 3014 658 3066 ι,
685 2997 800 3069 20).
832 2995 983 3063 Quod
1016 3009 1144 3050 vero
1193 2993 1304 3062 ipse
1331 2995 1399 3064 sit
1439 3002 1492 3047 et
1523 2991 1752 3064 Spiritus
1776 2993 1930 3058 Filii,

347 3089 637 3159 Apostolus
661 3087 788 3146 dicit
813 3105 824 3139 ε
845 3084 984 3142 Misit
1012 3084 1145 3142 Deus
1169 3084 1417 3154 Spiritum
1441 3083 1565 3140 Filii
1596 3084 1674 3138 sui
1701 3085 1752 3137 in
1780 3084 1934 3138 corda

353 3189 523 3234 nostra
543 3221 559 3244 ,
586 3180 918 3243 clamantem,
947 3175 1084 3230 Abba
1103 3215 1116 3238 ,
1185 3174 1336 3228 Pater
1361 3173 1558 3245 (Colat.
1589 3189 1674 3241 tv,
1704 3172 1758 3246 6)
1789 3191 1802 3230 :
1835 3173 1934 3229 hoc

345 3281 472 3339 est,
503 3272 735 3327 clamare
770 3269 1073 3324 facientem.
1101 3267 1207 3322 Nos
1233 3267 1372 3324 enim
1406 3267 1734 3330 clamamus;
1758 3249 1854 3326 'sed
1878 3267 1934 3320 in

351 3361 448 3419 illo
471 3405 487 3429 ,
515 3362 569 3417 id
608 3370 719 3427 est,
746 3363 859 3431 ipso
887 3359 1215 3416 diffundente
1248 3359 1560 3412 eharitatem
1611 3359 1661 3412 in
1687 3358 1934 3413 cordibus

349 3456 579 3518 nostris,
610 3454 724 3516 sine
750 3469 852 3524 qua
880 3453 1106 3507 inaniter
1147 3451 1338 3506 clamat
1369 3451 1685 3522 quicumque
1719 3450 1930 3505 clamat.

352 3545 506 3601 Unde
529 3549 654 3600 item
692 3545 820 3602 dicit
853 3561 866 3600 :
901 3542 1137 3611 Quisquis
1158 3552 1327 3595 autem
1351 3541 1602 3610 Spiritum
1629 3539 1812 3596 Christi
1835 3557 1936 3598 non

349 3639 496 3698 habet
515 3680 530 3704 ,
563 3639 645 3696 hic
673 3654 773 3691 non
792 3645 862 3692 est
883 3637 990 3707 ejus
1021 3635 1210 3706 (Rom.
1244 3651 1332 3692 vm
1351 3674 1367 3700 ,
1391 3635 1480 3706 9).
1513 3634 1596 3690 Ad
1622 3649 1778 3703 quem
1809 3648 1934 3706 ergo

345 3730 403 3786 in
426 3716 689 3794 Trinitate
734 3727 945 3798 proprie
987 3727 1278 3796 pertineret
1321 3723 1478 3794 hujus
1503 3723 1809 3780 communio
1849 3737 1936 3780 so-

347 3821 558 3876 cietatis
576 3860 595 3886 ,
638 3819 741 3874 nisi
767 3819 832 3872 ad
854 3834 972 3874 eum
997 3818 1249 3888 Spiritum
1294 3817 1382 3888 qui
1412 3825 1494 3872 est
1523 3816 1667 3872 Patri
1695 3815 1935 3888 Filioque

347 3909 653 3968 communis
674 3908 696 3960 ‘l

418 4002 513 4059 30.
571 3999 728 4054 Extra
791 3999 1068 4054 Ecclesium
1113 4015 1213 4052 non
1256 3997 1462 4052 habetur
1514 3998 1738 4067 Spiritus
1808 4014 1931 4058 san-

344 4106 477 4149 ctus.
524 4093 674 4149 Hunc
735 4091 988 4162 Spiritum
1031 4090 1171 4161 quod
1241 4090 1314 4145 illi
1362 4105 1466 4144 non
1529 4089 1800 4156 habeant,
1844 4087 1936 4160 qui

344 4195 473 4241 sunt
501 4184 566 4239 ab
593 4184 824 4238 Ecclesia
856 4181 1114 4252 segregati
1135 4221 1148 4246 ,
1177 4179 1339 4235 ludas
1378 4180 1649 4248 apostolus
1699 4179 1930 4249 apertis-

346 4278 487 4330 sime
523 4274 836 4338 declaravit,
865 4272 1088 4327 dicens:
1116 4270 1215 4336 Qui
1251 4286 1304 4329 se
1331 4271 1466 4340 ipsos
1505 4278 1799 4340 segregant,
1825 4270 1935 4324 ani-

346 4367 541 4431 males,
575 4365 822 4434 Spiritum
851 4380 949 4417 non
975 4362 1208 4415 habentes
1231 4359 1402 4431 (Iuda:
1425 4359 1534 4429 I9).
1565 4358 1717 4415 Unde
1741 4359 1796 4415 in
1821 4359 1933 4432 ipsa

343 4457 587 4516 Ecclesia
616 4456 774 4519 etiam
796 4455 911 4510 illos
935 4453 1025 4525 qui
1055 4468 1149 4524 per
1179 4452 1388 4508 nomina
1417 4450 1713 4516 hominum,
1737 4466 1928 4521 quam-

348 4548 431 4604 vis
451 4549 506 4602 in
536 4547 736 4604 unitate
761 4546 875 4615 ejus
907 4545 1343 4610 constitutorum,
1376 4543 1617 4614 quaedam
1646 4542 1932 4621 schismata

350 4639 736 4704 moliebantur,
762 4637 953 4692 Paulus
994 4635 1280 4706 Apostolus
1308 4650 1553 4704 arguens,
1578 4635 1715 4688 inter
1740 4643 1932 4688 caetera

349 4731 424 4786 ait
452 4747 466 4783 :
495 4728 740 4785 Animalis
770 4737 935 4781 autem
986 4727 1133 4780 homo
1172 4741 1271 4780 non
1297 4725 1507 4796 percipit
1534 4739 1646 4794 qua:
1671 4721 1785 4777 sunt
1811 4722 1932 4792 Spi-

351 4825 481 4876 ritus
514 4821 642 4886 Dei;
667 4821 879 4874 stultitia
907 4819 1038 4873 enim
1075 4827 1149 4871 est
1193 4817 1300 4880 illi,
1328 4825 1374 4870 et
1416 4831 1517 4868 non
1560 4824 1722 4886 potest
1764 4815 1928 4880 scire,

350 4913 585 4982 quoniam
619 4909 948 4979 spiritualiter
997 4908 1303 4979 dijudicatur
1331 4904 1388 4976 (I
1414 4903 1548 4962 Cor.-
1579 4920 1614 4959 ιι
1640 4945 1654 4970 ,
1680 4904 1803 4976 14).
1835 4903 1933 4959 Os-

354 5001 520 5056 tendit
569 5001 693 5070 quid
739 4999 961 5064 dixerit,
995 5015 1093 5054 non
1144 4997 1388 5068 percipit,
1433 4995 1485 5050 id
1529 5005 1641 5062 est,
1692 4995 1929 5050 scientiae

354 5109 459 5150 non
485 5093 625 5164 capit
663 5092 882 5147 verbum
914 5093 954 5144 '.
981 5091 1090 5146 Hos
1127 5093 1177 5144 in
1203 5088 1435 5143 Ecclesia
1461 5087 1777 5141 constitutos
1803 5101 1926 5156 par-

355 5187 521 5249 vulos,
552 5183 679 5240 dicit
705 5184 936 5238 nondum
974 5181 1270 5252 spirituales
1290 5222 1304 5246 ,
1334 5177 1428 5238 sed
1452 5177 1624 5232 adhuc
1647 5177 1890 5232 carnales
1911 5217 1926 5242 ,

353 5285 410 5332 et
443 5276 578 5331 lacte
604 5273 856 5339 alendos,
895 5288 1004 5327 non
1050 5287 1190 5326 esca.
1224 5270 1381 5334 Quasi
1429 5268 1652 5338 parvulis
1677 5309 1690 5332 ,
1717 5265 1884 5336 inquit
1910 5312 1926 5340 ,

353 5371 408 5424 in
451 5368 649 5422 Christo
674 5365 753 5420 lac
781 5363 916 5419 uobis
940 5372 1110 5435 potum
1158 5362 1303 5427 dedi,
1335 5379 1433 5415 non
1475 5375 1675 5415 escam:
1702 5358 1926 5412 nondum

415 5480 555 5529 ίυιιο
577 5485 706 5537 Mss.
729 5472 984 5538 consolatio
1006 5477 1186 5538 constat
1215 5470 1402 5538 generis
1424 5468 1638 5538 hmani.-
1676 5468 1749 5538 δίο
1787 5467 1930 5538 etiam

342 5541 468 5610 Fieri
489 5532 713 5610 mllectio
729 5537 789 5610 ad
801 5535 972 5610 Ephes.
995 5549 1069 5610 iv;
1092 5535 1181 5610 sed
1502 5547 1532 5581 ιι
1556 5532 1704 5580 habet
1715 5541 1826 5578 cum
1846 5534 1931 5577 Eu-

349 5594 509 5694 gypto,
522 5599 809 5651 consocitwio
831 5594 1206 5660 constatgeueris
1226 5594 1438 5664 humani.
1659 5653 1670 5664 ο
1857 5652 1867 5662 ⁸

417 5725 428 5728 _
455 5664 749 5728 Fossateusls
769 5660 934 5728 codex.
947 5667 999 5709 et
1016 5659 1154 5707 Bedaa
1174 5657 1401 5728 collectio
1435 5660 1764 5728 manuscripta
1775 5664 1832 5728 ac
1857 5665 1930 5728 ιιις

353 5719 969 5784 editamciattianwcapit.
999 5729 1166 5784 ιὀιζιιηι
1189 5719 1274 5770 hos
1285 5716 1334 5768 in
1353 5716 1576 5776 Ecclesia,
1609 5721 1705 5764 etc.
1743 5724 1842 5763 Am.
1879 5719 1932 5763 et

338 5780 447 5848 En,
466 5779 707 5837 scientiam
731 5797 822 5834 non
845 5779 970 5847 capit
994 5779 1138 5834 verbi.

1784 324 2018 386 SERMO
2053 325 2242 385 LXXI.

3517 339 3624 398 462

2047 441 2176 498 enim
2206 439 2481 512 poteratis;
2509 442 2596 496 sed
2631 458 2720 497 nec
2743 443 2908 498 adhuc
2939 446 3138 516 quidem
3163 450 3384 518 potestis.
3415 451 3516 512 Ubi
3539 458 3620 514 di-

2045 533 2203 600 citur,
2229 532 2453 587 nondum
2473 574 2487 598 ,
2517 533 2599 588 vel
2617 574 2632 600 ,
2661 551 2760 588 non
2799 535 2994 603 adhuc,
3024 537 3261 607 profecto
3305 558 3412 600 non
3431 545 3622 618 despe-

2045 630 2210 688 ratur;
2243 623 2286 678 si
2312 637 2377 678 eo
2405 623 2635 680 tenditur
2659 627 2673 656 ³
2690 665 2706 692 ,
2731 635 2789 680 ιιι
2813 627 2884 684 sit
2912 628 3193 702 aliquando
3213 635 3353 705 quod
3385 639 3620 697 nondum

2044 721 2145 768 est.
2178 712 2358 768 Adhuc
2395 714 2524 768 enim
2545 717 2691 782 estis,
2722 717 2926 788 inquit,
2949 722 3197 778 carnales.
3225 725 3292 780 Et
3333 731 3622 792 OSIendens

2045 802 2185 860 unde
2226 805 2334 858 sint
2378 805 2655 864 carnales:
2681 805 2810 862 Cum
2855 811 2989 864 enim
3029 813 3128 881 sit,
3159 814 3358 888 inquit,
3386 818 3517 875 inter
3536 839 3621 880 vos

2044 894 2326 959 cemulatio,
2353 904 2398 950 et
2435 897 2684 954 contentio
2704 938 2718 960 ,
2752 914 2918 954 nonne
2943 903 3170 957 carnales
3193 907 3341 974 estis,
3372 919 3420 964 et
3445 926 3624 968 secun-

2046 983 2167 1036 dum
2200 984 2450 1038 hominem
2476 987 2789 1042 ambulatis?
2816 991 2990 1062 Atque
3016 992 3240 1062 idipsum
3263 997 3470 1067 planius
3497 1017 3622 1073 ape-

2044 1074 2190 1130 riens
2221 1092 2234 1128 :
2269 1075 2391 1133 Cum
2419 1081 2552 1132 enim
2575 1080 2685 1148 quis
2712 1080 2875 1148 dicat,
2905 1082 3016 1154 Ego
3037 1085 3257 1156 quidem,
3287 1089 3485 1160 inquit,
3509 1111 3621 1152 sum

2046 1164 2239 1233 Pauli;
2269 1169 2401 1223 alius
2439 1179 2624 1238 autem,
2656 1187 2745 1242 ego
2758 1171 2976 1242 Apollo;
3003 1191 3166 1230 nonne
3197 1177 3420 1234 homines
3460 1184 3578 1238 estis
3597 1186 3624 1239 1’

2049 1255 2183 1322 Quid
2229 1275 2343 1328 ergo
2382 1259 2606 1328 Apollo?
2630 1262 2751 1331 quid
2788 1273 2956 1317 autem
2985 1262 3220 1320 Paulus?
3247 1267 3472 1324 Ministri
3488 1312 3504 1340 ,
3531 1291 3624 1343 per

2043 1361 2165 1414 quos
2190 1348 2500 1404 credidistis’
2529 1348 2699 1421 (ICor.
2718 1367 2793 1418 ιιι,
2818 1350 2950 1424 1-5).
2973 1353 3033 1407 lli
3052 1370 3197 1425 ergo,
3222 1357 3272 1412 id
3293 1368 3374 1414 est
3391 1401 3406 1426 ,
3430 1360 3621 1418 Paulus

2045 1446 2100 1492 et
2125 1439 2334 1508 Apollo,
2357 1441 2648 1497 concordes
2672 1451 2825 1497 erant
2863 1443 2914 1498 in
2943 1445 3143 1501 unitate
3166 1446 3394 1517 Spiritus
3419 1461 3472 1506 et
3503 1453 3619 1518 vin-

2045 1527 2167 1583 culo
2196 1531 2371 1599 pacis;
2404 1540 2458 1586 et
2488 1541 2662 1586 tamen
2708 1533 2831 1602 quia
2867 1548 2965 1589 eos
2989 1535 3078 1589 isti
3107 1537 3243 1592 inter
3262 1554 3320 1594 se
3339 1541 3579 1614 dividere
3604 1586 3618 1609 ,

2045 1631 2098 1675 et
2121 1637 2220 1693 pro
2246 1623 2414 1678 altero
2453 1623 2624 1678 inﬂari
2665 1624 2920 1681 adversus
2949 1627 3175 1684 alterum
3205 1643 3477 1700 cmperant
3497 1675 3514 1700 ,
3542 1636 3622 1690 di-

2043 1723 2234 1768 cuntur
2259 1715 2502 1769 homines
2519 1725 2572 1772 et
2597 1717 2837 1772 carnales
2861 1725 2915 1772 et
2933 1719 3221 1786 animales,
3253 1738 3359 1778 non
3387 1725 3621 1786 valentes

2043 1805 2315 1874 percipere
2352 1822 2468 1876 qua:
2488 1816 2613 1862 sunt
2639 1806 2866 1876 Spiritus
2894 1809 2986 1863 Dei
3013 1828 3025 1862 :
3049 1820 3102 1865 et
3146 1820 3324 1868 tamen
3362 1817 3482 1887 quia
3513 1834 3620 1874 non

2042 1906 2166 1952 sunt
2208 1898 2274 1952 ab
2315 1898 2548 1953 Ecclesia
2594 1901 2887 1970 segregati,
2931 1903 3134 1970 parvuli
3178 1908 3514 1976 appellantur
3565 1913 3618 1976 in

2040 1986 2282 2053 Christo;
2307 2003 2440 2058 quos
2463 1991 2642 2059 utique
2672 1992 2753 2045 vel
2773 1993 2989 2061 angelos
3017 1996 3096 2049 vel
3127 1995 3257 2054 deos
3286 2015 3406 2056 esse
3434 2004 3620 2072 cupie-

2042 2077 2164 2143 bat,
2195 2095 2328 2148 quos
2370 2080 2624 2150 arguebat
2660 2081 2781 2150 quia
2819 2081 3063 2139 homines
3102 2095 3288 2152 erant,
3321 2091 3374 2144 id
3403 2101 3520 2159 est,
3565 2096 3617 2152 in

2042 2167 2127 2222 his
2168 2169 2592 2228 contentionibus
2634 2185 2738 2224 non
2781 2187 2900 2242 qua:
2937 2173 3028 2228 Dei
3055 2185 3177 2234 sunt
3202 2219 3216 2242 ,
3247 2179 3339 2233 sed
3379 2183 3615 2250 qnmlm-

2040 2260 2240 2314 miuum
2283 2261 2574 2330 sapiebant.
2608 2263 2682 2317 De
2721 2263 2822 2318 illis
2852 2279 2978 2320 vero
3016 2268 3104 2336 qui
3141 2279 3265 2324 sunt
3285 2272 3351 2326 ab
3380 2274 3616 2331 Ecclesia

2040 2351 2332 2422 segregati,
2361 2368 2466 2408 non
2503 2353 2702 2409 dictum
2729 2364 2832 2421 est,
2860 2356 2932 2410 Ea
2962 2373 3080 2428 quas
3104 2370 3226 2422 sunt
3255 2362 3485 2432 Spiritus
3511 2383 3615 2424 non

2041 2442 2411 2512 percipientes;
2435 2459 2502 2498 ne
2519 2443 2583 2498 ad
2611 2446 2847 2500 scientia:
2875 2449 3269 2516 perceptionem
3295 2455 3614 2512 referretur:

2041 2532 2133 2588 sed
2163 2533 2360 2588 dictum
2405 2544 2524 2600 est,
2555 2535 2804 2605 Spiritum
2849 2554 2946 2594 non
2976 2539 3230 2602 habentes.
3259 2543 3373 2599 Non
3402 2556 3484 2608 est
3517 2564 3616 2608 au-

2043 2632 2146 2684 tem
2173 2629 2505 2702 conseQueus
2533 2635 2590 2680 ut
2615 2627 2701 2696 qui
2720 2629 2874 2683 habet
2897 2670 2912 2696 ,
2936 2630 3093 2693 etiam
3121 2635 3335 2698 sciendo
3360 2641 3616 2711 percipiat

2037 2715 2180 2785 quod
2207 2716 2381 2772 habet.

2107 2809 2195 2863 51.
2245 2807 2486 2864 Homines
2530 2820 2575 2863 ct
2618 2813 2882 2879 carnales,
2908 2823 2954 2868 et
2995 2816 3257 2884 animales,
3311 2827 3510 2888 parvuli
3563 2828 3617 2881 in

2035 2896 2253 2954 Christo.
2324 2899 2534 2955 Habent
2585 2916 2715 2971 ergo
2765 2902 2922 2964 istum
2966 2904 3215 2974 Spiritum
3277 2911 3331 2966 iu
3378 2912 3616 2976 Ecclesia

2037 2991 2308 3047 constituti
2359 2992 2560 3071 parvuli
2589 2992 2642 3047 in
2680 2992 2921 3060 Christo,
2948 2997 3123 3060 adhuc
3164 3001 3420 3057 animales
3456 3016 3616 3075 atque

2038 3082 2318 3148 carnales,
2347 3083 2471 3162 quid
2521 3082 2750 3139 habeant
2791 3086 3062 3156 percipere
3109 3105 3210 3153 non
3262 3093 3524 3162 valentes,
3563 3098 3615 3152 id

2037 3182 2151 3234 est,
2178 3172 2474 3244 intelligere
2502 3183 2555 3230 et
2590 3190 2765 3232 nosse.
2817 3177 2948 3233 Nam
2978 3182 3244 3250 quomodo
3283 3199 3460 3242 essent
3489 3204 3613 3258 par-

2038 3263 2146 3316 vuli
2181 3263 2232 3316 in
2262 3262 2503 3326 Christo,
2554 3264 2655 3319 nisi
2698 3268 2871 3324 renati
2911 3284 2975 3324 ex
3016 3270 3220 3340 Spiritu
3256 3279 3616 3339 sauct02Nec

2038 3354 2230 3408 mirum
2261 3355 2424 3410 videri
2462 3355 2647 3422 debet,
2674 3359 2813 3427 quod
2853 3361 3076 3431 quisque
3103 3364 3299 3432 aliquid
3335 3368 3493 3424 habet
3515 3410 3530 3435 ,
3561 3381 3617 3426 et

2036 3443 2176 3511 quod
2204 3444 2362 3498 habet
2379 3446 2602 3513 ignorat.
2638 3446 2706 3501 Ut
2733 3449 2872 3502 enim
2903 3457 3100 3506 taceam
3144 3453 3213 3508 de
3239 3457 3616 3525 armipotentis

2037 3532 2311 3588 divinitate
2352 3544 2508 3602 atque
2560 3537 3010 3595 incommutabilis
3057 3542 3326 3600 Trinitatis
3370 3548 3611 3616 unitate;

2037 3624 2156 3693 quis
2201 3622 2352 3678 facile
2386 3625 2605 3682 scicntia
2641 3627 2894 3696 percipiat
2921 3631 3044 3698 quid
3075 3633 3144 3686 sit
3185 3635 3472 3693 animalet
3497 3641 3616 3710 quis

2039 3731 2142 3770 non
2182 3716 2338 3772 habet
2374 3717 2641 3774 animam?
2671 3719 2945 3776 Postremo
2990 3731 3047 3786 ut
3087 3726 3380 3788 certissime
3407 3732 3618 3788 noveri-

2039 3822 2155 3862 mus
2199 3807 2338 3876 quod
2367 3809 2571 3877 parvuli
2617 3809 2669 3864 in
2711 3810 2923 3866 Christo
2971 3829 3075 3868 non
3110 3818 3457 3887 percipientes
3496 3838 3615 3892 quas

2039 3908 2161 3958 sunt
2185 3900 2408 3968 Spiritus
2429 3900 2554 3963 Dei,
2581 3901 2778 3956 habent
2808 3911 2980 3960 tamen
3015 3904 3271 3973 Spiritum
3299 3909 3387 3978 Dei
3410 3927 3423 3975 ;
3454 3913 3614 3981 paulo

2039 3998 2159 4060 post
2201 3991 2417 4046 Paulum
2457 3993 2750 4060 apostolum
2793 3993 3127 4064 intueamur,
3169 4000 3615 4068 quemadmodum

2028 4097 2132 4138 eos
2164 4082 2306 4151 ipsos
2337 4082 2614 4151 increpans
2651 4083 2725 4136 ait
2769 4103 2782 4136 :
2819 4082 3037 4144 Nescitis
3079 4088 3197 4158 quia
3237 4091 3477 4159 templum
3521 4091 3618 4146 Dei

2039 4174 2178 4234 estis,
2215 4182 2260 4227 et
2289 4173 2515 4242 Spiritus
2552 4173 2649 4228 Dei
2667 4175 2856 4234 habitat
2876 4177 2926 4230 in
2955 4176 3089 4233 vobis
3111 4179 3279 4248 (Ibid.
3316 4182 3381 4237 I6
3401 4182 3420 4254 )
3444 4184 3466 4237 ?
3508 4185 3617 4242 Hoc

2039 4264 2219 4338 utique
2273 4264 2420 4319 nullo
2469 4264 2626 4318 modo
2654 4264 2853 4322 diceret
2895 4267 2964 4322 ab
2997 4269 3235 4325 Ecclesia
3288 4276 3614 4344 segregatis,

2039 4356 2125 4426 qui
2151 4354 2275 4408 dicti
2299 4364 2420 4410 sunt
2447 4353 2699 4423 Spiritum
2730 4370 2832 4410 non
2863 4355 3143 4413 habentes.

2109 4443 2334 4498 CAPUT
2372 4443 2512 4498 XIX.
2533 4474 2606 4483 —
2623 4445 2712 4500 32.
2735 4443 2784 4504 Γ
2786 4446 2868 4500 icti
2889 4448 3142 4516 catholici,
3171 4449 3388 4506 hleretici
3408 4461 3453 4506 et
3477 4453 3619 4508 schi-

2038 4534 2232 4588 smatici
2276 4533 2524 4605 Spiritum
2572 4546 2800 4596 sanctum
2843 4555 2943 4592 non
2986 4540 3186 4595 habent.
3232 4541 3336 4597 Sed
3379 4558 3480 4600 nec
3528 4545 3617 4600 ille

2037 4625 2291 4680 dicendus
2310 4635 2392 4680 est
2419 4640 2536 4680 esse
2566 4625 2618 4680 in
2644 4627 2878 4682 Ecclesia
2899 4668 2916 4694 ,
2949 4637 2998 4683 et
3025 4629 3091 4684 ad
3124 4630 3278 4686 istam
3306 4634 3612 4694 societatem

2038 4713 2267 4786 Spiritus
2296 4716 2596 4783 pertinere,
2634 4716 2723 4785 qui
2762 4717 2947 4772 ovibus
2970 4717 3168 4773 Christi
3209 4723 3466 4789 corporali
3495 4731 3612 4776 tan-

2037 4814 2146 4861 tum
2171 4806 2546 4860 commixtione
2583 4805 2702 4860 ﬁcto
2728 4806 2887 4869 corde
2921 4808 3187 4864 miscetur.
3237 4810 3458 4866 Sanctus
3482 4814 3618 4868 enim

2035 4899 2256 4969 Spiritus
2273 4896 2554 4966 disciplina:
2579 4897 2734 4965 fugiet
2757 4896 2928 4964 ﬁctum
2945 4896 3096 4969 (Sap.
3120 4914 3159 4963 ι,
3182 4899 3258 4969 5).
3283 4898 3616 4972 Quapropter

2036 4989 2352 5059 quicumque
2380 4985 2430 5040 in
2459 4985 2810 5040 schismaticis
2848 4987 2930 5042 vel
2959 4989 3221 5049 haereticis
3248 4975 3614 5062 congregatio-

2035 5079 2220 5146 nibus,
2242 5076 2323 5132 vel
2352 5076 2524 5146 potius
2549 5074 3000 5144 scgregationibus
3037 5076 3370 5146 haptizantur
3387 5120 3401 5142 ,
3426 5095 3614 5150 quam-

2035 5170 2116 5223 vis
2141 5183 2244 5222 non
2269 5167 2374 5222 sint
2399 5166 2568 5221 renati
2597 5165 2794 5237 Spiritu
2813 5207 2827 5232 ,
2858 5175 3105 5236 tanquam
3133 5165 3341 5230 Ismaeli
3373 5168 3574 5226 similes
3593 5210 3610 5235 ,

2036 5260 2124 5330 qui
2167 5257 2457 5314 secundum
2495 5272 2708 5312 carnem
2746 5267 2901 5313 natus
2939 5266 3023 5313 est
3048 5259 3307 5324 Abrahae,
3341 5275 3446 5320 non
3476 5259 3612 5316 sicut

2037 5354 2202 5412 Isaac.
2225 5351 2314 5419 qui
2341 5349 2630 5406 secundum
2674 5350 2936 5420 spiritum,
2963 5349 3086 5421 quia
3116 5366 3211 5422 per
3233 5351 3609 5420 repromissio-

2035 5461 2156 5504 nem
2187 5442 2381 5516 (Colat.
2425 5458 2502 5511 ιν,
2530 5441 2624 5504 28,
2654 5441 2767 5511 29);
2801 5450 2972 5495 tamen
3023 5456 3141 5496 cum
3170 5440 3236 5495 ad
3282 5435 3609 5503 Catholicam

2035 5537 2279 5601 veniunt,
2310 5541 2363 5589 et
2382 5533 2618 5589 societati
2647 5531 2874 5601 Spiritus
2902 5540 3266 5602 aggregentur,
3298 5547 3454 5604 quem
3477 5531 3608 5590 foris

2099 5650 2114 5680 ι
2143 5654 2242 5694 Am.
2268 5651 2340 5693 Er.
2368 5651 2420 5695 et
2439 5643 2731 5692 Fossatensis
2753 5641 2895 5702 liber,
2929 5643 3014 5692 sed
3035 5656 3092 5694 eo
3112 5643 3338 5695 tenditur.

2098 5710 2119 5740 ¹
2142 5707 2258 5758 Editi
2274 5720 2286 5754 :
2302 5705 2504 5757 uinistrt
2525 5702 2721 5764 Christi,
2735 5717 2822 5768 per
2837 5704 3262 5768 quaerredidistis.
3291 5706 3453 5767 Abest,
3475 5703 3611 5756 chri-

2036 5768 2115 5831 sti,
2138 5781 2165 5820 a
2187 5775 2294 5817 Mss.
2323 5775 2372 5818 et
2395 5781 2421 5816 a
2444 5779 2601 5828 graeco
2623 5765 2766 5819 textu
2787 5765 3008 5822 Aoustoli.
