3922 6192
332 384 441 444 1'68

337 503 523 575 procul
567 499 727 556 dubio
771 510 873 551 non
903 493 1204 559 habebant,
1239 504 1341 547 non
1370 491 1448 546 eis
1490 491 1744 561 repetitur
1773 489 1914 543 lava-

339 605 488 655 crum
527 595 722 653 carnis.
750 590 864 646 Non
892 589 1034 645 enim
1059 586 1225 649 defuit
1256 587 1414 641 etiam
1443 585 1569 639 furis
1605 583 1791 654 positis
1818 583 1917 637 ista

340 692 507 746 forms
535 684 742 758 pietatis
771 666 912 737 :‘sed
936 677 1141 736 accedit
1177 676 1289 745 eis,
1334 690 1453 746 qua:
1482 673 1584 729 nisi
1632 674 1774 729 intus
1811 686 1919 727 non

339 788 518 852 potest
561 775 709 839 dari,
741 773 914 829 unitas
951 770 1183 843 Spiritus
1211 768 1264 823 in
1309 765 1524 821 vinculo
1569 764 1735 836 pacis.
1766 762 1920 818 Tales

341 850 538 943 quippe
559 876 714 924 erant
735 909 749 932 ,
779 872 1059 934 antequam
1081 859 1329 917 catholici
1356 866 1533 913 essent
1549 898 1563 922 ,
1590 855 1658 911 de
1682 850 1924 926 qualibus

339 962 470 1018 dicit
510 958 840 1029 Apostolus:
877 953 1129 1009 Habentes
1167 952 1381 1022 fonnem
1423 949 1652 1017 pietatis,
1696 946 1924 1000 virtutem

339 1065 507 1109 autent
547 1053 654 1120 eius
697 1051 1000 1120 abnegantes
1029 1044 1098 1115 (ll
1138 1042 1276 1098 Tim.
1308 1058 1397 1108 ιιι,
1431 1041 1513 1113 5).
1556 1040 1738 1094 Potest
1781 1039 1923 1092 enim

339 1161 462 1202 esse
491 1144 711 1199 visibilis
736 1141 904 1196 forma
933 1137 1166 1207 palmitis
1193 1136 1351 1192 etiam
1393 1145 1583 1205 prteter
1610 1133 1802 1198 vitem;
1831 1129 1925 1185 sed

342 1234 625 1291 invisibilis
644 1233 750 1287 vita
776 1229 970 1287 radicis
998 1229 1178 1284 haberi
1204 1242 1309 1283 non
1340 1234 1552 1298 potest,
1582 1225 1682 1281 nisi
1719 1225 1770 1279 in
1794 1224 1926 1279 vite.

342 1324 575 1382 Proinde
604 1322 897 1393 corporalia
937 1320 1277 1376 Sacramenta
1300 1359 1314 1383 ,
1346 1334 1464 1388 qua:
1483 1324 1696 1387 portant
1719 1325 1770 1371 et
1790 1317 1930 1372 cele-

344 1396 694 1473 brant‘etiam
744 1412 1005 1484 segregati
1057 1411 1126 1465 ab
1168 1411 1370 1465 unitate
1413 1408 1656 1478 corporis
1699 1405 1925 1470 Christi,

345 1510 568 1564 turmam
612 1512 833 1575 possunt
860 1502 1112 1557 exhibere
1150 1499 1394 1570 pietatis;
1440 1499 1609 1553 virtus
1650 1511 1779 1552 vero
1821 1496 1933 1567 pie-

345 1597 470 1651 tatis
486 1594 765 1650 invisibilis
788 1600 843 1649 et
861 1590 1149 1663 spiritualis
1170 1590 1242 1645 ita
1264 1589 1318 1643 in
1340 1589 1417 1643 eis
1447 1602 1551 1643 non
1581 1596 1755 1658 potest
1779 1601 1897 1642 esse
1914 1629 1929 1649 .

344 1684 793 1759 quemadmodum
822 1697 1013 1739 sensus
1055 1696 1162 1737 non
1201 1679 1441 1751 sequitur
1491 1680 1723 1734 hominis
1768 1694 1935 1735 mem-

348 1778 502 1835 brum
519 1818 536 1843 ,
582 1775 798 1846 quando
824 1782 1126 1844 amputatur
1148 1788 1177 1826 a
1205 1785 1451 1842 corpore.

399 1867 649 1926 CAPUT
687 1865 807 1922 XX.
834 1896 908 1908 ——
931 1866 1019 1921 55.
1054 1865 1303 1920 Rentissio
1330 1874 1648 1936 peccatorum
1672 1880 1771 1919 non
1794 1874 1935 1920 extra

344 1959 652 2016 Ecclesium.
689 1958 820 2026 Qua:
858 1972 979 2012 cum
1026 1956 1097 2011 ita
1153 1955 1278 2017 sint,
1312 1955 1558 2011 remissio
1576 1965 1932 2027 peccatorum,

350 2050 605 2121 quoniam
628 2063 734 2104 non
763 2047 919 2102 datur
957 2046 1057 2100 nisi
1085 2046 1136 2100 in
1167 2045 1367 2115 Spiritu
1394 2054 1608 2110 sancto,
1636 2044 1689 2100 in
1722 2045 1806 2099 illa
1839 2046 1938 2100 Ec-

348 2141 512 2197 clesia
542 2138 918 2195 tantummodo
957 2137 1073 2192 dari
1102 2146 1306 2208 potest,
1339 2151 1457 2206 quae
1499 2135 1658 2191 habet
1682 2135 1937 2206 Spiritum

346 2238 612 2287 sanctum.
643 2229 755 2285 Hoc
781 2228 924 2285 enim
971 2227 1030 2282 lit
1074 2227 1387 2283 remissione
1437 2228 1453 2258 ¹
1482 2235 1839 2298 peccatorum,
1874 2243 1939 2283 ue

352 2322 603 2392 princeps
645 2319 882 2390 peccati,
930 2317 1150 2388 spiritus
1179 2318 1269 2388 qui
1318 2318 1369 2372 in
1413 2331 1473 2372 se
1520 2317 1696 2387 ipsum
1737 2315 1940 2372 divisus

346 2419 468 2476 est,
508 2417 695 2480 regnet
745 2409 799 2462 in
846 2407 1030 2473 nobis,
1076 2417 1135 2462 ut
1179 2406 1315 2463 eruti
1344 2421 1375 2461 a
1416 2416 1680 2477 potestate
1722 2408 1942 2479 spiritus

350 2500 644 2566 immundi,
673 2497 931 2568 templum
954 2496 1208 2567 deinceps
1230 2496 1527 2551 efﬁciamur
1552 2496 1783 2569 Spiritus
1809 2513 1938 2553 san-

352 2592 461 2658 cti;
502 2599 563 2645 et
599 2604 628 2642 a
661 2604 770 2660 quo
811 2587 1132 2643 mundamur
1155 2587 1468 2658 accipiendo
1514 2588 1893 2661 indulgentiam
1919 2632 1935 2657 ,

353 2683 527 2751 ipsum
557 2678 882 2749 accipiamus
904 2677 1263 2734 habitatorem
1286 2677 1354 2733 ad
1384 2676 1680 2735 iaciendum
1700 2721 1715 2748 ,
1742 2694 1942 2751 augen-

351 2772 473 2826 dam
499 2812 514 2837 ,
544 2767 1042 2842 'perliciendamque
1088 2768 1372 2837 justitiam.
1419 2768 1552 2824 Nam
1604 2778 1659 2826 et
1685 2770 1738 2826 in
1768 2772 1943 2841 primo

349 2862 474 2933 ejus
520 2860 788 2927 adventu,
828 2875 967 2916 cum’
992 2859 1047 2915 hi
1093 2860 1185 2930 qui
1208 2875 1329 2916 eum
1357 2870 1712 2932 acceperant,
1748 2863 1943 2935 linguis

348 2956 589 3011 omnium
627 2954 865 3026 gentium
913 2953 1293 3024 loquerentur,
1333 2962 1389 3009 et
1415 2962 1692 3025 stupentes
1730 2970 1824 3011 eos
1850 2955 1939 3027 qui

349 3046 605 3112 aderant,
645 3045 1010 3116 alloqueretur
1052 3045 1326 3116 apostolus
1362 3045 1591 3113 Petrus;
1651 3049 1943 3119 compuncti

351 3148 468 3193 sunt
513 3137 687 3203 corde,
718 3145 763 3192 et
786 3137 1039 3193 dixerunt
1074 3138 1144 3191 ad
1183 3136 1394 3193 Petrum
1436 3148 1485 3193 et
1531 3139 1600 3194 ad
1625 3140 1893 3213 Apostolth
1921 3158 1941 3197 :

355 3230 494 3297 Quid
518 3245 637 3301 ergo
661 3230 904 3302 facientus
923 3270 938 3293 ,
966 3230 1193 3300 fratres?
1229 3239 1504 3285 monstrate
1530 3229 1691 3286 nobis.
1725 3231 1787 3286 Et
1814 3233 1941 3288 dixit

354 3321 540 3377 Petrus
564 3322 633 3375 ad
662 3336 753 3376 eos
779 3334 799 3375 .'
833 3320 979 3393 Agite
1006 3321 1376 3392 ptenitentiam,
1405 3331 1451 3375 et
1474 3321 1753 3393 baptizetur
1775 3340 1937 3379 unus-

348 3413 560 3484 quisque
581 3420 804 3466 vestrum
850 3411 903 3465 in
940 3411 1142 3465 nomine
1181 3408 1548 3476 Iesu-Christi,
1597 3413 1652 3466 in
1678 3413 1937 3468 remissio-

351 3520 467 3560 nem
507 3512 863 3577 peccatorum;
911 3511 960 3559 et
986 3501 1243 3574 accipietis
1276 3501 1468 3556 donum
1509 3501 1736 3573 Spiritus
1776 3504 1937 3558 sancti

350 3598 485 3665 (Act.
535 3612 592 3660 ιι,
622 3596 720 3663 37,
761 3593 873 3669 58).
921 3593 1116 3665 Utique
1165 3594 1219 3649 in
1257 3592 1497 3650 Ecclesia
1534 3602 1819 3667 utrumque
1857 3595 1936 3650 fa-

350 3700 494 3744 ctum
531 3698 653 3753 est;
706 3686 760 3742 id
798 3695 915 3753 est,
946 3695 1002 3741 et
1027 3694 1369 3757 peccatorum
1408 3686 1689 3753 remissio,
1729 3697 1781 3744 et
1809 3686 1936 3743 doni

352 3781 507 3851 hujus
532 3779 810 3850 acceptio,
858 3777 911 3833 in
946 3792 1055 3849 qua
1106 3785 1223 3833 erat
1237 3776 1482 3849 Spiritus
1520 3787 1755 3835 sanctus.
1808 3778 1937 3836 Ideo

351 3882 528 3928 autem
546 3871 621 3926 riu
673 3869 889 3926 nomine
923 3867 1283 3925 Jcsu‘Christi
1309 3910 1324 3938 ,
1366 3870 1487 3940 quia
1527 3885 1650 3925 cum
1688 3872 1937 3928 eumdem

349 3963 607 4032 Spiritum
637 3970 883 4017 sanctum
923 3959 1261 4031 promitteret
1290 3960 1496 4028 :‘Quem
1522 3961 1712 4028 mittet,
1736 3961 1934 4033 inquit,

359 4053 511 4109 Pater
537 4051 591 4110 in
625 4055 826 4110 nomine
854 4068 964 4107 meo
998 4050 1173 4123 (Joan.
1222 4067 1314 4106 xlv
1335 4094 1350 4120 ,
1390 4051 1460 4107 26
1482 4049 1523 4124 ).
1565 4050 1751 4123 Neque
1791 4054 1935 4109 enim

352 4143 567 4199 habitat
590 4144 643 4198 in
682 4157 947 4215 quoquam
982 4139 1230 4213 Spiritus
1268 4152 1484 4196 sanctus
1536 4141 1652 4196 sine
1678 4141 1848 4198 Patre
1883 4152 1939 4199 et

352 4235 532 4291 Filio:
564 4235 701 4289 sicut
737 4249 837 4288 nec
874 4233 1042 4288 Filius
1079 4232 1380 4288 sine‘Patre
1403 4240 1458 4288 et
1493 4232 1692 4303 Spiritu
1729 4242 1934 4300 sancto,

354 4342 454 4383 nec
491 4327 606 4383 sine
632 4326 733 4381 illis
769 4325 946 4379 Pater.
986 4323 1356 4393 inseparabilis
1380 4325 1574 4395 quippe
1609 4333 1692 4381 est
1726 4327 1937 4383 babita-

355 4420 461 4481 tio,
503 4431 725 4487 quorum
774 4422 856 4470 est
894 4413 1262 4483 inseparabilis
1300 4416 1538 4484 operatio
1570 4433 1585 4469 :
1624 4417 1718 4472 sed
1755 4417 1939 4489 singil-

357 4506 502 4558 latim
542 4504 855 4574 plerumque
901 4518 998 4574 per
1034 4513 1294 4559 creaturas
1339 4503 1791 4575 signiﬁcationes,
1832 4524 1936 4563 non

356 4612 450 4664 per
476 4610 625 4651 suam
655 4594 1004 4652 substantiam
1031 4594 1500 4660 demonstrantur;
1531 4596 1670 4651 sicut
1682 4613 1775 4651 sua
1807 4608 1941 4654 tem—

353 4701 543 4762 porum
582 4687 750 4757 spatia
796 4687 1012 4760 syllabis
1050 4686 1432 4757 occupantibus
1477 4688 1762 4757 separatim
1804 4705 1937 4745 voce

357 4778 766 4849 pronuntiantur
795 4795 808 4832 :
853 4792 951 4833 nec
978 4785 1158 4832 tamen
1185 4791 1215 4830 a
1243 4790 1303 4832 se
1341 4777 1470 4847 ipsis
1496 4776 1613 4833 uliis
1643 4778 1939 4835 intervallis

328 4870 748 4941 momentisque
787 4878 1083 4939 temporum
1123 4878 1460 4939 separantur.
1501 4868 1618 4925 Non
1656 4870 1800 4926 enim
1843 4887 1941 4927 un.

352 4978 514 5034 quam
544 4962 649 5020 dici
679 4970 900 5033 possunt
942 4960 1134 5029 simul,
1162 4974 1285 5016 cum
1316 4976 1436 5017 esse
1463 4977 1566 5016 non
1596 4964 1800 5032 possint
1836 4964 1939 5020 nisi

354 5073 569 5130 semper
589 5056 770 5113 simul.
804 5054 916 5113 Sed
945 5063 1003 5111 ut
1034 5054 1144 5127 jam
1176 5069 1284 5109 non
1332 5054 1499 5110 semel
1527 5055 1790 5123 diximus,
1817 5056 1940 5114 ideo

353 5149 600 5204 remissio
624 5155 961 5219 peccatorum
978 5186 993 5213 ,
1024 5159 1129 5218 qua
1156 5144 1210 5200 in
1235 5160 1295 5201 se
1322 5144 1476 5200 divisi
1504 5145 1721 5215 spiritus
1745 5148 1941 5203 everti-

355 5248 444 5294 tur
469 5246 525 5294 et
560 5237 839 5307 expellitur
864 5251 1119 5306 regnum,
1161 5233 1285 5292 ideo
1319 5236 1557 5291 societas
1578 5236 1794 5292 unitatis
1833 5238 1937 5294 Ec-

352 5328 533 5387 desita
572 5328 701 5398 Dei,
727 5335 876 5383 extra
901 5341 1060 5397 quam
1102 5340 1208 5380 non
1248 5325 1306 5379 iit
1336 5326 1446 5396 ipsa
1478 5327 1724 5383 remissio
1748 5342 1937 5397 pecca-

353 5433 530 5478 torum
550 5462 568 5488 ,
601 5431 848 5492 tanquam
890 5421 1159 5489 propriam
1187 5425 1267 5473 est
1310 5432 1444 5489 opus
1481 5414 1711 5488 Spiritus
1737 5418 1934 5488 sancti,

355 5510 513 5568 Patre
540 5525 670 5567 sane
691 5519 747 5567 et
772 5509 910 5565 Filio
951 5507 1395 5581 couperantibus,
1428 5508 1548 5577 quia
1589 5506 1821 5563 societas
1856 5516 1939 5563 est

355 5603 590 5675 quodam
619 5602 780 5657 modo
817 5601 989 5658 Patris
1031 5609 1086 5657 et
1114 5599 1232 5656 Filii
1285 5598 1398 5670 ipse
1442 5598 1670 5668 Spiritus
1698 5607 1932 5655 sanctus.

423 5750 439 5781 ι
466 5747 541 5797 sic
562 5752 661 5795 Am;
683 5750 759 5812 Er.
784 5753 837 5796 et
855 5745 1077 5812 plerique
1090 5749 1275 5812 assunt
1293 5750 1423 5812 Lava
1439 5741 1538 5812 ﬂia
1555 5743 1681 5795 enim
1706 5743 1758 5809 ﬁt
1774 5747 1937 5799 remis-

360 5805 452 5861 sio.
470 5807 765 5857 Possatensis
775 5802 874 5868 31s.,
892 5814 943 5854 In
960 5802 1185 5855 hbcerrim
1195 5802 1491 5866 ﬁtrentiss'o.

1559 371 1630 427 'S.
1673 365 2036 429 AUGUSTlNl
2081 369 2384 427 EPlSCOI'l

2021 487 2153 543 Nam
2202 489 2356 542 Pater
2382 501 2490 542 non
2520 486 2876 542 communiter
2900 484 3130 539 habetur
3154 483 3312 539 Pater
3338 498 3367 538 a
3396 483 3611 542 Filio-et

2024 581 2227 651 Spiritu
2258 589 2445 636 sancto
2474 596 2489 635 :
2519 580 2638 650 quia
2662 593 2769 633 non
2795 585 2877 634 est
2916 578 3075 633 Pater
3096 577 3391 632 amborum.
3423 577 3487 632 Et
3526 577 3616 633 Ριοο

2024 668 2127 726 lius
2156 686 2261 726 non
2308 672 2667 728 communiter
2694 669 2917 726 habetur
2943 668 3110 723 Filius
3146 684 3177 724 a
3215 668 3373 724 Patre
3409 679 3463 725 et
3487 671 3602 738 Spi-

3504 363 3609 424 164

2026 763 2133 818 ritu
2158 770 2346 818 sancto
2381 761 2543 830 :quia
2570 776 2676 816 non
2720 769 2804 816 est
2832 759 2993 815 Filius
3037 761 3336 814 amborum.
3385 759 3613 830 Spiritus

2027 867 2204 911 autem
2230 865 2447 912 sanctus
2469 861 2830 909 communiter
2856 852 3082 906 habetur
3109 866 3139 905 a
3166 851 3325 907 Patre
3361 860 3415 907 et
3440 851 3615 907 Filio:

2018 948 2151 1020 quia
2177 948 2406 1020 Spiritus
2432 955 2515 1003 est
2541 963 2679 1003 unus
2715 945 3015 1009 amborum.
3114 964 3117 967 π

2019 1058 2025 1066 ’
2096 1036 2329 1101 CAPUT
2366 1037 2508 1093 XXI.
2544 1067 2616 1078 —--
2650 1037 2739 1094 54.
2797 1034 3224 1106 ιιιιρωηὶιεηιέαηι
3264 1032 3622 1090 irremissibilis

2033 1133 2357 1203 blasphemia:
2390 1131 2591 1186 nomine
2617 1128 2997 1201 intelligendam
3043 1144 3148 1182 esse
3172 1128 3411 1183 suadetur
3430 1145 3493 1182 et:
3515 1127 3623 1182 Lu-

2032 1241 2113 1279 ca.
2149 1224 2401 1294 Quisquis
2426 1223 2588 1294 igitur
2626 1237 2751 1278 reus
2801 1220 2960 1276 fuerit
3000 1220 3399 1291 impteniteutize
3435 1231 3620 1275 contra

2032 1315 2325 1388 Spiritum,
2374 1316 2426 1371 in
2474 1330 2581 1386 quo
2624 1315 2802 1370 unitas
2852 1322 2907 1368 et
2960 1313 3190 1369 societas
3233 1311 3623 1366 communionis

2034 1416 2386 1479 congregatur
2405 1405 2657 1461 Ecclesia:
2677 1446 2693 1471 ,
2731 1417 3000 1475 nunquam
3030 1403 3104 1457 illi
3130 1401 3468 1466 remittetur;
3501 1400 3624 1472 quia

2036 1499 2138 1555 hoc
2162 1498 2263 1554 sibi
2297 1498 2521 1563 clausit,
2551 1496 2638 1551 ubi
2669 1496 2996 1552 remittitur:
3024 1504 3080 1550 et
3117 1494 3309 1549 merito
3349 1492 3627 1548 damnabi-

2038 1599 2125 1645 tur
2151 1604 2272 1645 eum
2295 1588 2485 1659 spiritu
2511 1587 2601 1658 qui
2632 1587 2683 1641 in
2726 1601 2786 1641 se
2824 1586 2998 1656 ipsum
3039 1584 3242 1640 divisus
3270 1592 3385 1649 est,
3423 1582 3627 1639 divisus

2037 1690 2092 1737 et
2121 1682 2237 1752 ipse
2273 1689 2460 1735 contra
2484 1676 2740 1750 Spiritum
2769 1685 3011 1731 sanctum
3037 1676 3128 1748 qui
3165 1676 3219 1730 in
3250 1688 3309 1730 se
3335 1674 3514 1745 ipsum
3547 1674 3630 1729 di-

2037 1772 2183 1825 visus
2213 1785 2320 1825 non
2348 1778 2450 1825 est.
2484 1760 2597 1824 lloc
2621 1776 2676 1824 et
2700 1768 2811 1839 ipsa
2840 1767 3142 1837 evangelica
3181 1767 3483 1822 testimonia
3527 1780 3629 1822 nos

2039 1862 2333 1918 admonent
2352 1903 2366 1926 ,
2397 1861 2441 1916 si
2470 1875 2532 1916 ea
2564 1868 2962 1931 perscrutemur
2981 1858 3256 1914 attentius.
3285 1856 3416 1913 Nam
3438 1862 3631 1913 secun-

2039 1950 2168 2009 dum
2198 1951 2393 2006 Lucam
2422 1950 2635 2021 quidem
2677 1965 2783 2005 non
2815 1950 2889 2005 ibi
2930 1948 3032 2005 hoc
3067 1948 3197 2004 dicit
3226 1949 3514 2013 Dominus,
3539 1948 3631 2004 ubi

2040 2041 2331 2113 respondet
2376 2040 2456 2097 eis
2487 2040 2578 2112 qui
2616 2040 2863 2096 dixerunt
2905 2039 3124 2110 quodin
3151 2039 3389 2109 principe
3428 2037 3632 2093 damno-

2041 2135 2251 2190 niorum
2280 2134 2423 2205 ejicit
2451 2133 2754 2201 daemones,
2805 2148 2909 2187 non
2952 2133 3002 2188 ei
3030 2132 3227 2188 remitti
3252 2133 3340 2203 qui
3371 2131 3630 2203 blasphe-

2040 2227 2267 2281 maverit
2296 2227 2347 2281 in
2374 2225 2629 2296 Spiritum
2655 2233 2919 2281 sanctum.
2946 2223 3097 2280 Unde
3122 2233 3367 2294 apparet,
3404 2239 3508 2279 non
3537 2235 3631 2280 se—

2041 2316 2147 2371 me‘l
2194 2316 2295 2372 hoc
2339 2331 2369 2371 a
2423 2316 2647 2381 Domino
2695 2315 2894 2370 dictum
2935 2332 2948 2369 :
2993 2314 3088 2370 sed
3139 2314 3210 2370 ibi
3266 2330 3478 2387 quoque
3523 2332 3631 2371 non

2044 2409 2377 2480 negligenter
2429 2406 2856 2479 praetereundum
2927 2421 3033 2477 quo
3093 2406 3215 2462 loco
3266 2406 3467 2462 dictum
3535 2407 3630 2462 sit.

2044 2500 2383 2573 Lotﬁobatur
2415 2500 2557 2556 enim
2590 2499 2659 2554 de
2698 2497 2785 2553 his
2833 2498 2923 2570 qui
2970 2510 3093 2553 eum
3136 2497 3364 2555 confessi
3412 2507 3631 2567 essent,

2044 2590 2129 2646 vel
2173 2598 2458 2663 negassent
2515 2604 2697 2646 coram
2762 2588 3070 2643 hominibus
3104 2630 3121 2655 ,
3182 2589 3269 2644 ubi
3328 2591 3437 2654 ait,
3501 2588 3633 2645 Dico

2044 2691 2214 2737 autem
2276 2681 2414 2736 vobis
2437 2723 2453 2749 ,
2499 2679 2829 2752 Quicumque
2891 2680 3152 2750 confessus
3206 2681 3355 2752 fuerit
3404 2698 3486 2735 me
3536 2699 3633 2737 co-

2046 2792 2157 2830 rant
2194 2774 2476 2831 hominibus
2497 2816 2514 2842 ,
2556 2784 2603 2829 et
2629 2773 2796 2829 Filius
2821 2774 3038 2828 hominis
3063 2773 3377 2843 conﬁtebitur
3406 2774 3460 2828 in
3496 2774 3589 2829 itlo
3617 2777 3633 2809 ⁸

2044 2883 2220 2924 coram
2256 2866 2461 2940 Angelis
2503 2866 2601 2922 Dei
2626 2883 2645 2921 :
2684 2868 2769 2938 qui
2822 2877 2990 2921 autem
3042 2867 3292 2937 negauerit
3329 2883 3409 2921 me
3460 2883 3639 2922 coram

2047 2958 2368 3026 hominibus,
2418 2957 2746 3031 denegabitur
2799 2970 2972 3011 coram
3019 2955 3227 3028 Angelis
3282 2955 3401 3015 Dei.
3457 2957 3526 3013 Et
3568 2973 3641 3015 ne

2044 3066 2113 3107 ex
2157 3050 2260 3107 hoc
2288 3051 2515 3121 apostoli
2558 3049 2703 3106 Petri
2749 3048 3126 3120 desperaretur
3170 3049 3352 3118 salus,
3394 3051 3485 3122 qui
3509 3067 3637 3107 eum

2043 3157 2226 3198 coram
2253 3142 2558 3198 hominibus
2596 3149 2679 3198 ter
2701 3139 2943 3211 negavit,
2974 3140 3226 3197 continuo
3265 3140 3492 3213 subjecit
3518 3159 3537 3197 :
3567 3141 3641 3198 Et

2043 3238 2206 3292 omnis
2230 3236 2316 3307 qui
2353 3235 2475 3290 dicit
2500 3235 2701 3290 verbum
2736 3234 2792 3287 in
2828 3231 3024 3290 Filiam
3071 3218 3287 3289 hominis
3304 3272 3322 3301 ,
3361 3234 3643 3290 remittetur

2041 3326 2120 3381 illi
2142 3342 2161 3381 :
2187 3327 2232 3381 ei
2254 3334 2423 3379 autem
2451 3325 2537 3395 qui
2561 3325 2615 3378 in
2654 3322 2905 3396 Spiritum
2931 3332 3161 3378 sanctum
3197 3322 3641 3395 blasphemauerit,

2041 3435 2142 3473 non
2163 3416 2440 3471 remittetur
2470 3415 2617 3489 (Luc.
2646 3430 2741 3482 xu,
2782 3413 2932 3486 8-l0)
2964 3432 2977 3469 :
3009 3414 3097 3469 illa
3142 3415 3347 3471 scilicet
3385 3414 3646 3485 blasphe-

2040 3509 2148 3565 mia
2183 3506 2362 3563 cordis
2408 3506 2825 3579 impmnitcntis,
2874 3522 2978 3577 qua
3022 3506 3291 3562 resistitur
3333 3507 3642 3563 remissioni

2038 3606 2411 3671 peccatorum,
2440 3613 2559 3668 qua:
2612 3596 2671 3652 ιιι
2709 3597 2763 3651 in
2812 3596 3051 3653 Ecclesia
3095 3612 3194 3669 per
3219 3597 3475 3668 Spiritum
3505 3613 3645 3653 san-

2038 3701 2204 3747 ctum.
2236 3691 2406 3759 Quam
2436 3689 2820 3761 blasphemiam
2852 3689 3041 3745 Petrus
3070 3704 3176 3744 non
3220 3689 3405 3745 habuit
3424 3731 3441 3758 ,
3468 3704 3641 3761 quem

2039 3796 2161 3837 mox
2190 3779 2438 3852 ptenituit
2473 3779 2687 3852 quando
2710 3795 2893 3835 amare
2915 3777 3066 3836 ﬂevit
3092 3779 3307 3851 (Matth.
3354 3796 3511 3846 ιινι,
3540 3781 3647 3837 69-

2039 3873 2156 3943 75);
2186 3873 2433 3942 victoque
2476 3871 2667 3941 spiritu
2710 3871 2801 3942 qui
2837 3871 2889 3926 in
2926 3885 2987 3927 se
3011 3871 3182 3942 ipsum
3206 3870 3407 3927 divisus
3430 3880 3515 3927 est
3538 3915 3555 3938 ,
3586 3882 3648 3929 et

2039 3964 2133 4036 qui
2153 3979 2276 4019 eum
2304 3963 2606 4020 vexandum
2645 3970 2990 4034 poposcerat,
3031 3972 3214 4018 contra
3235 3977 3390 4034 quem
3418 3977 3518 4033 pro
3549 3963 3648 4019 illo

2038 4053 2297 4110 Dominus
2325 4054 2536 4125 rogavit
2574 4068 2643 4108 ne
2668 4052 2921 4109 deficeret
2959 4052 3092 4108 lides
3135 4052 3251 4122 ejus
3294 4050 3443 4124 (Luc.
3485 4069 3607 4110 χχιι

2038 4145 2130 4213 3i,
2159 4145 2278 4217 52);
2303 4144 2510 4215 accepit
2547 4144 2706 4199 etiam
2738 4144 2912 4216 ipsum
2938 4144 3023 4198 cui
3054 4159 3160 4199 non
3190 4143 3416 4211 restitit,
3456 4143 3609 4215 Spiri

2041 4245 2153 4292 tum
2176 4246 2417 4293 sanctum
2439 4277 2455 4303 ,
2482 4244 2542 4291 ut
2567 4250 2674 4291 non
2700 4235 2873 4290 solum
2890 4235 2939 4290 ei
2957 4235 3315 4291 remitteretur
3335 4244 3618 4305 peccatum

2042 4329 2139 4385 sed
2190 4343 2286 4400 per
2313 4320 2846 4399 eum‘prtedicaretur
2870 4333 2928 4383 et
2971 4326 3187 4383 daretur
3227 4327 3471 4383 remissio
3507 4342 3613 4398 pec

2041 4428 2279 4475 αιιοηιιη
2287 4459 2302 4474 ο

2104 4512 2201 4567 35.
2247 4509 2328 4565 Ex
2365 4509 2481 4565 aliis
2527 4509 2722 4564 duobus
2773 4508 3086 4580 evangelistis
3136 4507 3270 4562 idem
3316 4507 3645 4564 insinuatur.

2043 4599 2197 4671 Apud
2225 4599 2361 4658 duos
2397 4610 2574 4656 autem
2615 4600 2748 4656 alios
2784 4600 3135 4670 evangelistas
3174 4598 3314 4671 quod
3354 4611 3649 4669 narratur,

2044 4700 2100 4747 ut
2128 4691 2196 4747 de
2244 4691 2573 4763 blasphemia
2605 4690 2836 4762 Spiritus
2866 4692 2983 4746 hanc
3022 4692 3286 4745 sententia
3327 4689 3607 4747 diceretur
3628 4735 3651 4761 ,

2043 4797 2201 4837 causa
2230 4781 2433 4838 exstitit
2457 4796 2525 4838 es
2552 4781 3060 4837 commemoratione
3101 4781 3317 4851 spiritus
3339 4782 3612 4837 immundi
3635 4770 3682 4847 ,’

2044 4874 2132 4943 qui
2159 4873 2212 4928 in
2241 4888 2299 4928 se
2325 4873 2498 4945 ipsum
2525 4870 2725 4927 divisus
2748 4880 2850 4927 est.
2883 4871 3089 4925 Dictum
3119 4875 3262 4927 enim
3292 4880 3407 4926 erat
3430 4871 3500 4926 de
3528 4868 3659 4927 Do-

2045 4966 2210 5033 mino,
2242 4963 2383 5035 quod
2409 4964 2461 5019 in
2490 4963 2731 5035 principe
2755 4963 3057 5018 daemonum
3078 4964 3292 5034 ejiceret
3319 4963 3603 5020 danuoues
3638 4993 3659 5031 ε

2045 5055 2117 5111 ibi
2142 5072 2201 5112 se
2231 5057 2485 5112 Dominus
2511 5057 2586 5111 ait
2611 5057 2663 5110 in
2688 5055 2890 5126 Spiritu
2915 5065 3102 5111 sancto
3120 5056 3313 5127 ejicere
3336 5054 3655 5121 dzemoues,

2044 5158 2102 5204 ut
2120 5148 2349 5218 Spiritus
2378 5147 2469 5220 qui
2514 5163 2621 5203 non
2646 5156 2730 5204 est
2768 5148 2823 5203 in
2849 5162 2908 5203 se
2931 5145 3170 5219 divisus,
3224 5163 3346 5204 eum
3372 5148 3464 5219 qui
3491 5148 3554 5204 in
3578 5163 3660 5205 se

2043 5239 2245 5295 divisus
2273 5248 2354 5295 est
2380 5239 2560 5295 vincat
2601 5247 2761 5310 atque
2798 5238 3012 5309 ejiciat;
3057 5239 3151 5295 ille
3177 5247 3355 5295 autem
3385 5240 3555 5297 homo
3582 5242 3653 5297 in

2042 5333 2160 5403 ejus
2187 5333 2487 5405 perditione
2512 5341 2807 5399 remaneat,
2830 5332 2919 5403 qui
2945 5332 2996 5387 in
3027 5331 3186 5403 hujus
3208 5331 3301 5403 qui
3328 5333 3379 5387 in
3410 5347 3472 5389 sc
3498 5332 3658 5388 divi-

2043 5439 2133 5479 sus
2162 5440 2269 5479 non
2297 5433 2415 5493 est,
2460 5440 2642 5496 pacem
2672 5441 2765 5495 per
2800 5424 3240 5496 impmnitentiam
3270 5426 3499 5480 transire
3535 5426 3655 5481 de-

2042 5524 2252 5571 trectat.
2282 5516 2395 5571 iloc
2422 5516 2564 5571 enim
2593 5516 2803 5571 Marcus
2828 5517 2897 5571 ita
2925 5526 3106 5572 narrat
3125 5533 3138 5570 :
3156 5517 3313 5571 Amen
3333 5517 3447 5571 dico
3472 5517 3654 5585 vobis,

2042 5609 2160 5680 quia
2201 5609 2369 5662 omnia
2393 5609 2704 5663 dimittentur
2733 5609 3020 5665 hominibus
3046 5619 3280 5680 peccata,
3310 5618 3359 5663 et
3397 5607 3662 5679 blasphe-

2058 5828 2083 5835 Η
2107 5750 2286 5839 ιιιιςειξιὶ,
2306 5750 2606 5817 conﬁtebitur
2625 5749 2782 5803 illum.
2808 5760 2862 5805 Al
2886 5745 3012 5819 Issa
3038 5752 3089 5805 ίη
3109 5752 3224 5818 m0;
3234 5754 3375 5818 ium
3397 5767 3671 5819 mmo
