3922 6192
302 360 422 415 istic
444 360 624 430 quibus
649 360 1095 431 blasphemaverint
1124 376 1142 414 :
1168 360 1254 431 qui
1267 370 1434 414 autem
1468 358 1883 428 blasphemarerit

298 452 363 504 in
389 450 640 522 Spiritum
669 460 897 506 sanctam
920 492 933 516 ,
980 462 1095 505 nor?
1108 451 1252 506 habet
1280 450 1620 504 remissionem
1648 450 1697 502 in
1733 457 1881 501 teter-

302 555 429 597 κιαι
450 581 468 608 ,
494 539 584 596 sed
604 556 724 596 rests
746 542 841 595 erit
868 543 1041 595 (sterni
1064 541 1253 595 delicti.
1304 539 1428 595 Ilaec
1470 540 1631 595 verba
1678 539 1884 594 Domini

302 648 428 688 carm
458 631 718 699 dixisset,
742 618 836 686 sua
864 632 1058 705 deinde
1082 633 1356 702 conjunxit
1371 631 1555 687 dicens
1586 654 1600 689 :
1635 629 1884 696 Quoniam

297 723 565 787 dicebant,
616 722 872 792 Spiritum
932 722 1249 777 immundum
1287 723 1431 777 habet
1460 719 1648 792 (Marc.
1677 736 1754 787 ttt,
1782 720 1885 777 28-

302 812 399 885 ω)
421 831 436 868 :
461 821 519 868 ut
541 813 883 880 ostenderet,
924 814 1048 868 hinc
1087 813 1250 869 fuisse
1284 822 1519 869 exortam
1545 826 1756 867 causam
1781 853 1797 878 ,
1829 820 1888 866 ut

298 903 407 959 hoc
447 903 683 968 diceret,
735 916 803 958 eo
843 903 985 972 quod
1034 903 1277 958 dixerant
1318 916 1437 957 eum
1484 901 1539 956 in
1592 895 1886 957 Beelzebub

298 993 544 1063 "incipe
582 992 967 1048 daemoniorum
1017 992 1288 1048 daemones
1331 991 1552 1063 pellere.
1595 990 1711 1046 Non
1763 992 1887 1062 quia

298 1096 448 1142 esset
467 1078 797 1155 blasphemia
823 1099 941 1154 qua:
961 1099 1065 1139 non
1092 1084 1378 1140 remittitur
1394 1124 1410 1150 ,
1432 1098 1554 1138 cum
1584 1090 1638 1138 et
1661 1082 1775 1137 haec
1805 1096 1889 1137 re-

302 1176 579 1244 mittatur,
619 1176 664 1230 si
695 1186 841 1231 recta
871 1175 1176 1245 prenitentia
1205 1183 1557 1244 consequatur
1584 1191 1597 1226 :
1629 1173 1721 1230 sed
1747 1173 1889 1243 quod

303 1267 458 1332 hinc,
486 1274 545 1321 ut
572 1266 713 1333 dixi,
740 1280 898 1322 causa
921 1265 1126 1321 exstitit
1156 1273 1214 1321 ut
1239 1279 1269 1319 a
1311 1264 1538 1319 Domino
1560 1265 1648 1319 illa
1675 1273 1891 1319 senten-

300 1359 383 1411 tia
422 1357 781 1429 proferretur,
825 1354 961 1410 facta
1015 1355 1285 1410 mentione
1333 1354 1552 1423 spiritus
1600 1353 1887 1423 immundi,

302 1462 467 1516 quem
488 1446 774 1501 adversum
796 1460 856 1501 se
882 1446 1054 1515 ipsum
1085 1444 1312 1499 divisum
1346 1443 1598 1498 Dominus
1623 1442 1890 1509 ostendit,

303 1546 524 1607 propter
558 1536 817 1606 Spiritum
846 1525 1086 1591 sanctum
1105 1576 1120 1600 ,
1161 1534 1247 1604 qui
1275 1548 1381 1588 non
1410 1533 1580 1588 solum
1609 1533 1889 1598 adversum

303 1643 368 1683 se
388 1627 596 1684 divisus
623 1641 729 1683 non
757 1635 871 1694 est,
888 1626 990 1682 sed
1017 1626 1176 1681 etiam
1198 1640 1331 1695 quos
1354 1626 1553 1694 colligit
1573 1625 1734 1680 efﬁcit
1757 1625 1889 1679 indi-

300 1718 487 1784 visos,
535 1726 757 1788 peccata
777 1728 923 1786 ,‘quae
947 1715 1229 1770 adversum
1271 1729 1329 1770 se
1351 1714 1519 1770 divisa
1548 1723 1673 1770 sunt
1707 1715 1888 1769 dimit-

296 1809 500 1875 tenda,
523 1822 728 1878 eosque
750 1805 1035 1861 mundatos
1078 1803 1453 1870 inhabitando;
1499 1813 1555 1859 ut
1580 1805 1676 1872 sit,
1700 1820 1889 1876 quem-

298 1900 598 1956 admodum
665 1899 920 1969 scriptum
974 1904 1059 1953 est
1107 1897 1158 1951 in
1214 1894 1431 1951 Actibus
1480 1897 1888 1965 Apostolorum,

303 1992 659 2046 Multitudinis
702 1990 1005 2045 credentium
1033 1998 1141 2045 erat
1168 2005 1254 2043 cor
1298 2004 1454 2042 unum
1487 1997 1537 2042 et
1576 1989 1747 2043 anima
1788 2006 1893 2043 una

300 2083 446 2143 (Art.
479 2098 554 2150 tv,
583 2083 697 2154 52).
727 2081 822 2138 Cui
858 2081 1000 2136 dono
1021 2080 1348 2135 remissionis
1374 2095 1478 2134 non
1517 2080 1745 2148 resistit,
1789 2081 1893 2136 nisi

300 2172 405 2243 qui
430 2171 682 2227 duritiam
709 2171 887 2227 cordis
930 2169 1315 2241 impmnitentis
1368 2168 1630 2226 habuerit.
1678 2169 1811 2226 Nam
1840 2180 1896 2227 et

300 2263 419 2318 alio
440 2262 560 2318 loco
597 2262 847 2319 dixerunt
888 2261 1057 2319 Judaei
1095 2261 1163 2318 de
1211 2260 1469 2330 Domino,
1511 2260 1653 2331 quod
1690 2261 1895 2317 dtemo-

301 2355 457 2409 nium
494 2355 717 2410 haberet
736 2354 917 2426 (Joan.
946 2369 1042 2419 vn,
1068 2355 1163 2420 20,
1186 2363 1236 2408 et
1263 2369 1380 2420 vtn,
1414 2352 1526 2425 48),
1575 2368 1676 2409 nec
1718 2363 1894 2410 tamen

302 2446 384 2502 ibi
422 2446 624 2517 aliquid
652 2446 785 2502 dixit
812 2446 882 2502 de
904 2445 1232 2516 blasphemia
1263 2445 1492 2516 Spiritus
1519 2446 1688 2501 sancti
1715 2464 1728 2499 :
1759 2461 1897 2516 quo-

302 2540 453 2594 niam
493 2554 599 2594 non
624 2540 695 2593 ita
719 2540 1031 2611 obiecerunt
1066 2537 1314 2609 spiritum
1342 2538 1702 2607 immundum,
1744 2549 1802 2594 ut
1838 2540 1893 2595 in

301 2644 372 2684 se
397 2628 603 2684 divisus
626 2644 695 2684 ex
725 2643 821 2683 ore
850 2630 1083 2700 ipsorum
1119 2629 1284 2698 possit
1302 2627 1509 2684 ostendi
1529 2669 1545 2695 ,
1576 2628 1712 2683 sicut
1740 2628 1896 2686 Beel-

304 2719 483 2775 tebub
503 2735 535 2774 a
558 2735 664 2791 quo
681 2720 803 2790 ejici
830 2719 1101 2776 daemones
1128 2734 1287 2789 posse
1308 2718 1580 2775 dixerunt.

380 2806 611 2865 CAPUT
643 2808 811 2864 XXII.
834 2839 908 2850 —
934 2809 1022 2865 '56.
1056 2807 1250 2864 Unitati
1277 2807 1519 2863 Ecclesite
1539 2809 1689 2863 corde
1715 2811 1895 2880 impas-

296 2899 490 2955 aitenti
521 2901 745 2955 resistas
761 2940 779 2967 ,
807 2899 1118 2971 blasphemia
1157 2907 1229 2953 est
1265 2899 1641 2955 irremissibilis.
1689 2900 1749 2956 In
1799 2901 1899 2958 hac

301 3004 444 3045 vero
481 2989 708 3046 lectione
733 2989 1025 3046 secundum
1070 2989 1408 3056 Matthazum,
1462 2992 1632 3047 multo
1675 2992 1898 3050 manife-

303 3079 451 3134 stius
466 3080 677 3150 aperuit
703 3080 963 3136 Dominus
985 3078 1110 3149 quid
1140 3078 1227 3135 hic
1251 3079 1413 3135 vellet
1434 3079 1656 3153 intelligi
1679 3099 1692 3136 :
1717 3081 1769 3137 id
1795 3089 1895 3152 est,

306 3170 460 3241 quod
495 3171 608 3240 ipse
652 3170 799 3226 dicat
838 3170 1058 3226 verbum
1088 3177 1272 3225 contra
1321 3171 1577 3240 Spiritum
1621 3183 1899 3240 sanctum,

305 3263 408 3331 qui
440 3262 624 3316 unitati
668 3261 924 3316 Ecclesia:
963 3260 1127 3316 corde
1152 3260 1505 3333 impmnitenti
1542 3263 1779 3329 resistit,
1806 3264 1896 3319 ubi

310 3356 375 3408 in
394 3352 593 3423 Spiritu
615 3361 799 3408 saneto
820 3352 878 3407 Iit
906 3351 1151 3407 remissio
1182 3361 1539 3422 peccatorum.
1582 3353 1735 3409 Hunc
1754 3355 1900 3411 enim

308 3445 571 3513 Spiritum
597 3459 701 3499 non
730 3443 960 3509 habent,
991 3451 1050 3498 ut
1081 3442 1193 3513 jam
1222 3442 1422 3499 dictum
1464 3453 1581 3513 est,
1629 3446 1716 3516 qui
1740 3446 1901 3501 etiam

305 3535 517 3591 Christi
557 3543 884 3591 sacramenta
926 3541 1202 3605 portantes
1246 3541 1408 3605 atque
1452 3542 1784 3603 tractantes,
1832 3536 1902 3591 ab

298 3625 436 3695 ejus
462 3618 867 3696 (segregatione
907 3623 1134 3694 sejuncti
1173 3631 1319 3679 sunt.
1349 3622 1483 3679 Nam
1514 3623 1604 3681 ubi
1654 3624 1790 3680 dixit
1832 3624 1903 3682 de

302 3717 580 3773 divisione
602 3725 804 3772 satana:
848 3715 1100 3770 adversus
1126 3724 1396 3781 satanam,
1450 3723 1505 3771 et
1526 3715 1666 3786 quod
1697 3716 1811 3786 ipse
1846 3715 1901 3772 in

304 3810 519 3878 spuitur
570 3817 755 3864 sancto
794 3808 1016 3877 ejiceret
1056 3807 1366 3874 dtemones,
1414 3807 1594 3875 utique
1633 3806 1685 3861 in
1712 3807 1900 3876 spiritu

304 3901 410 3971 qui
444 3916 548 3953 non
590 3909 672 3954 est
697 3898 953 3953 adversus
978 3912 1035 3952 se
1063 3897 1235 3967 ipsum
1259 3937 1275 3962 ,
1325 3895 1460 3951 sicut
1499 3896 1618 3962 ille,
1658 3895 1898 3963 divisus;

304 3992 395 4048 ibi
414 3992 686 4057 continuo,
714 4006 782 4045 ne
808 4006 904 4060 per
918 3990 1041 4047 illos
1057 3989 1146 4060 qui
1167 3988 1267 4045 sub
1293 3988 1509 4043 nomine
1531 3987 1728 4044 Christi
1750 3994 1902 4044 extra

305 4082 441 4151 ejus
480 4081 624 4136 ovile
650 4080 1019 4136 conventicula
1063 4089 1565 4151 suacougregant,
1622 4079 1903 4150 quisquam

304 4180 530 4242 putaret
555 4172 715 4226 etiam
742 4185 962 4241 regnum
987 4169 1185 4225 Christi
1210 4170 1491 4225 adversum
1533 4185 1592 4225 se
1620 4184 1738 4226 esse
1762 4169 1900 4226 divi-

302 4279 437 4319 sum
454 4304 471 4326 ,
505 4263 603 4329 Qui
628 4276 728 4316 non
757 4273 829 4316 est
850 4278 1062 4328 mecum,
1087 4262 1274 4331 inquit,
1300 4270 1476 4315 contra
1504 4278 1582 4315 me
1606 4270 1713 4329 est;
1743 4272 1791 4316 et
1817 4263 1903 4334 qui

304 4370 421 4408 non
447 4359 720 4424 congregat
745 4368 937 4405 mecum
954 4392 968 4415 ,
1013 4343 1204 4421 s'pargit
1232 4367 1249 4405 :
1279 4359 1337 4404 ut
1361 4350 1478 4405 illos
1498 4349 1801 4407 ostenderet
1835 4351 1904 4408 ad

304 4462 376 4501 se
403 4459 516 4499 non
543 4443 810 4515 pertinere
829 4484 844 4507 ,
874 4442 964 4512 qui
988 4452 1134 4498 extra
1158 4442 1525 4512 congregando
1550 4441 1752 4498 nollent
1778 4458 1905 4498 con-

301 4551 573 4608 στερη».
615 4535 709 4592 sed
752 4550 1021 4606 spargere.
1061 4534 1262 4589 Deinde
1306 4534 1609 4605 subjunxit,
1645 4534 1770 4589 Ideo
1792 4535 1905 4591 dico

304 4631 459 4685 vobis
479 4646 499 4683 :
529 4628 694 4682 Omne
714 4637 971 4695 peccatum
986 4637 1031 4680 et
1057 4626 1366 4696 blasphemia
1389 4626 1665 4680 remittetur
1689 4626 1905 4681 homini-

301 4722 453 4784 bus;
480 4718 707 4789 Spiritus
744 4727 911 4771 autem
948 4717 1257 4785 blasphemia
1304 4732 1403 4769 non
1451 4716 1738 4769 remittetur.
1769 4714 1906 4784 Quid

301 4818 406 4864 est
435 4807 576 4862 hoc?
602 4805 729 4862 Ideo
757 4806 869 4861 sola
898 4804 1128 4875 Spiritus
1166 4804 1495 4874 blasphemia
1530 4820 1633 4858 non
1672 4806 1908 4861 remitte-

304 4913 443 4967 tur,
474 4898 725 4968 quoniam
742 4898 831 4968 qui
864 4913 968 4952 non
996 4906 1079 4952 est
1108 4911 1228 4951 cum
1249 4895 1465 4952 Christo
1485 4937 1501 4963 ,
1523 4904 1703 4951 contra
1734 4896 1904 4968 ipsum

299 5000 439 5055 est;
474 5000 526 5044 et
571 4990 661 5059 qui
705 5002 812 5042 non
857 5003 978 5042 cum
1010 4988 1101 5043 illo
1126 4996 1443 5057 congregat,
1497 4986 1738 5058 spargit?
1787 4986 1908 5043 Ideo

300 5083 537 5151 sitique.
560 5080 663 5147 Qui
686 5079 830 5136 enim
858 5094 963 5134 non
992 5094 1111 5135 cum
1139 5079 1230 5133 illo
1257 5085 1570 5149 congregat,
1610 5078 1907 5149 quomodo-

298 5177 460 5232 libet
483 5173 582 5227 sub
607 5172 724 5243 ejus
750 5172 965 5229 nomine
983 5180 1268 5244 congrcgct
1287 5214 1302 5238 ,
1333 5188 1437 5225 non
1470 5170 1630 5229 habet
1651 5170 1906 5242 Spiritum

294 5272 591 5323 sanctum.

396 5351 628 5409 CAPUT
664 5351 1044 5408 XXIIL—S'l.
1086 5352 1503 5425 Congregationcs
1529 5363 1710 5422 prceter
1729 5349 1910 5406 Eccle-

288 5450 459 5503 sium
480 5460 579 5496 non
605 5443 788 5497 habent
819 5442 1067 5512 Spiritum
1085 5453 1313 5499 sanctum
1337 5459 1435 5508 quo
1456 5442 1514 5512 ﬁt
1542 5441 1768 5495 remissio
1792 5457 1907 5509 pec-

289 5544 573 5594 catorum.
606 5532 883 5588 Peccatum
921 5532 1278 5587 irremissibilc.
1310 5532 1599 5603 Suﬁ'ugium
1632 5541 1806 5585 contra
1838 5531 1911 5585 ir-

280 5624 675 5682 remistibilcm
715 5625 1094 5693 blasphemiam.
1146 5624 1237 5679 Ilic
1276 5624 1507 5689 omnino,
1544 5624 1627 5679 Itic
1667 5639 1763 5678 nos
1794 5638 1931 5681 cont-

1691 242 1919 302 SERMO
1956 242 2146 299 LXXI.

1989 356 2119 426 pulit
2135 370 2236 410 non
2258 355 2380 412 alibi
2399 354 2688 427 intelligere
2706 355 2815 412 licri
2831 371 2988 428 posse
3005 357 3373 414 remissionem
3391 364 3565 416 omnis

1988 446 2187 516 peccati
2214 447 2491 515 omnisque
2519 446 2878 517 blasphemiae,
2908 449 3006 502 nisi
3038 449 3089 503 in
3114 449 3308 504 Christi
3335 466 3561 521 congre-

1986 538 2215 606 gatione,
2247 552 2366 606 qua:
2396 550 2499 591 non
2527 537 2742 607 spargit.
2766 536 3128 609 Congregatur
3146 541 3339 611 quippe
3360 542 3412 597 itt
3438 542 3561 612 Spi-

1988 628 2093 682 ritu
2122 637 2326 692 sancto,
2353 629 2441 697 qui
2468 643 2572 682 non
2603 636 2685 684 est
2712 639 2895 685 contra
2916 645 2973 685 se
2994 630 3164 700 ipsum
3187 631 3408 698 divisus,
3428 634 3566 689 sicut

1990 715 2078 772 ille
2104 717 2407 772 immundus
2450 718 2686 787 Spiritus.
2719 719 2787 773 Et
2813 730 3092 789 propterea
3122 737 3308 778 omnes
3337 738 3557 794 congre-

1990 808 2249 878 gationes,
2288 809 2372 864 vel
2402 809 2579 879 potius
2605 809 2982 879 dispersiones,
3012 827 3132 881 quae
3158 828 3217 868 se
3239 812 3434 868 Christi
3465 816 3565 869 Ec-

1991 898 2183 954 clesias
2203 898 2486 970 appellant,
2512 908 2566 955 et
2582 908 2705 954 sunt
2731 900 2868 956 inter
2892 915 2951 956 se
2970 901 3148 958 divisa:
3173 911 3333 972 atque
3358 914 3569 959 contra-

1991 991 2107 1056 riae,
2138 999 2193 1046 et
2222 991 2436 1046 unitatis
2464 994 2877 1063 congregationi,
2907 1010 3026 1065 qum
3054 1011 3176 1050 vera
3205 1004 3287 1050 est
3329 997 3566 1054 Ecclesia

1991 1080 2126 1150 ejus,
2158 1081 2415 1147 inimicm;
2441 1098 2542 1138 non
2568 1085 2689 1154 quia
2711 1084 2955 1140 videntur
2980 1085 3096 1155 ejus
3124 1085 3321 1141 habere
3346 1104 3563 1154 nomen,

1962 1178 1963 1181 ‘
1992 1169 2190 1225 ideirco
2211 1173 2474 1241 pertinent
2496 1172 2562 1227 ad
2589 1173 2704 1242 ejus
2727 1175 3207 1245 congregationem.
3234 1176 3570 1235 Pertinereut

1962 1270 2190 1329 autem,
2225 1262 2269 1316 si
2296 1261 2521 1332 Spiritus
2550 1275 2781 1327 sanctus,
2823 1264 2876 1319 in
2915 1280 3019 1335 quo
3059 1265 3392 1320 consociatur
3453 1266 3572 1324 hanc

1993 1352 2348 1422 congregatio,
2370 1352 2649 1407 adversum
2671 1368 2729 1409 se
2754 1354 2924 1423 ipsum
2945 1353 3143 1409 divisus
3165 1363 3326 1410 esset.
3350 1355 3459 1412 Hoc
3474 1371 3585 1411 au-

1994 1450 2102 1497 tem
2130 1442 2251 1513 quia
2280 1458 2384 1498 non
2409 1455 2489 1498 est
2509 1444 2622 1516 (qui
2648 1446 2787 1500 enim
2810 1461 2915 1500 non
2938 1455 3021 1501 est
3044 1461 3163 1501 cum
3184 1446 3417 1513 Christo,
3435 1462 3568 1504 con~

1994 1540 2074 1587 tra
2104 1535 2275 1603 ipsum
2295 1541 2401 1597 est;
2429 1543 2483 1588 et
2506 1535 2594 1604 qui
2622 1549 2741 1589 cum
2762 1534 2852 1590 illo
2879 1550 2984 1590 non
3003 1545 3308 1608 congregat,
3327 1538 3567 1609 spargit),

1962 1624 2114 1679 "ideo
2135 1632 2405 1694 peccatum
2434 1640 2590 1680 omne
2612 1636 2768 1696 atque
2788 1626 2962 1681 omnis
2989 1627 3312 1698 blasphemia
3333 1627 3568 1684 dimitte-

1996 1725 2083 1770 tur
2108 1716 2407 1771 homiuibus
2440 1717 2491 1771 in
2534 1717 2631 1771 hac
2659 1719 3084 1789 coagregatione,
3113 1733 3269 1789 quam
3298 1719 3349 1773 in
3371 1718 3569 1789 Spiritu

1994 1816 2196 1872 sancto,
2232 1818 2285 1863 et
2314 1823 2418 1863 non
2446 1808 2699 1864 adversus
2736 1824 2795 1864 se
2837 1810 3007 1879 ipsum
3051 1810 3238 1877 diviso,
3287 1823 3572 1884 congregat

1994 1897 2256 1953 Christus.
2282 1897 2447 1968 Ipsius
2465 1899 2889 1975 auterySpiritus
2909 1899 3233 1971 blaSphemia
3254 1902 3362 1968 illa,
3384 1918 3486 1974 qua
3514 1904 3574 1957 lit

1994 1997 2054 2043 ut
2074 1988 2235 2043 corde
2263 1988 2611 2058 impos-nitenti
2637 1989 2758 2045 huic
2778 1998 2922 2045 tanto
2943 1990 3034 2045 Dei
3059 1991 3201 2046 dono
3226 2007 3390 2062 usque
3419 1996 3470 2048 in
3508 1994 3573 2048 li-

1996 2095 2117 2135 nem
2142 2079 2262 2135 vita:
2289 2079 2440 2135 istius
2476 2080 2770 2148 resistatur,
2810 2097 2914 2137 non
2949 2083 3265 2138 remittetur.
3308 2083 3439 2139 Nam
3471 2088 3572 2141 etsi

1996 2172 2272 2241 quisquam
2307 2171 2376 2224 ita
2398 2171 2470 2226 sit
2493 2172 2792 2226 contrarius
2820 2170 3047 2241 veritati,
3082 2183 3138 2228 ut
3176 2173 3287 2229 Deo
3315 2174 3564 2243 loquenti.

1998 2276 2105 2315 non
2134 2261 2188 2315 in
2216 2259 2519 2331 Pr0phetis,
2544 2261 2637 2317 sed
2661 2262 2716 2317 in
2742 2262 2901 2317 unico
2925 2262 3082 2327 Filio,
3104 2279 3224 2318 cum
3246 2273 3462 2334 propter
3477 2282 3572 2320 no;

1997 2368 2139 2418 cum,
2175 2360 2233 2407 ut
2260 2353 2412 2408 nobis
2437 2354 2492 2408 in
2520 2368 2585 2409 eo
2619 2353 2944 2425 loqueretur,
2977 2354 3169 2409 Filium
3197 2355 3426 2410 hominis
3456 2371 3578 2415 esse

1996 2444 2183 2511 voluit,
2211 2445 2534 2511 reluctetur;
2561 2445 2860 2500 remittetur
2882 2445 2953 2512 ei,
2984 2459 3104 2500 cum
3128 2446 3433 2516 poettitendo
3453 2462 3577 2503 con-

1999 2549 2188 2592 versus
2215 2536 2374 2591 fuerit
2394 2535 2462 2591 ad
2485 2535 2580 2591 Dei
2606 2534 3019 2606 benignitatem;
3047 2539 3137 2607 qui
3174 2550 3296 2591 cum
3347 2545 3573 2593 mortem

1998 2626 2148 2697 ἰηιρῆ
2172 2626 2358 2692 nollet,
2396 2634 2652 2697 quantum
2691 2635 2748 2680 ut
2785 2635 3080 2681 revertatur
3105 2636 3160 2681 et
3186 2627 3327 2682 vivat
3356 2627 3575 2698 (Ezech.

1999 2729 2193 2784 xxxtn,
2227 2715 2337 2790 ll),
2373 2715 2522 2772 dedit
2543 2716 2797 2772 Ecclesia:
2817 2730 2927 2771 suae
2955 2717 3205 2787 Spiritum
3231 2727 3492 2785 sanctum,
3524 2728 3580 2772 ut

1999 2806 2317 2878 quicumque
2339 2807 2393 2861 in
2414 2821 2481 2863 eo
2504 2816 2718 2877 peccata
2755 2807 3065 2874 dimitteret,
3088 2807 3479 2864 dimitterentur
3505 2810 3576 2864 ci.

2000 2896 2102 2964 Qui
2126 2913 2255 2954 vero
2288 2896 2411 2953 huic
2443 2897 2586 2953 dono
2622 2897 2884 2953 exstiterit
2927 2896 3192 2963 inimicus,
3227 2907 3286 2954 ut
3310 2915 3415 2954 non
3451 2900 3580 2955 illud

2000 3002 2098 3060 per
2121 2988 2486 3060 paenitentiam
2510 2997 2675 3060 petat,
2705 2988 2798 3044 sed
2816 2988 2864 3043 ei
2883 3003 2978 3059 per
2997 2987 3435 3059 impmnitentiam
3454 3006 3580 3047 con-

2004 3078 2247 3147 tradicat,
2272 3079 2329 3133 lit
2348 3078 2741 3144 irremissibile;
2767 3094 2872 3133 non
2893 3077 3263 3149 quodcumque
3282 3088 3580 3151 peccatum,

2003 3168 2098 3226 sed
2122 3179 2422 3241 contempta
2451 3171 2534 3227 vel
2555 3171 2712 3226 etiam
2743 3181 3041 3242 oppugnata
3062 3170 3176 3241 ipsa
3197 3172 3439 3228 remissio
3459 3187 3583 3243 pec-

2002 3270 2261 3317 catorum.
2295 3263 2467 3332 Atque
2500 3261 2571 3316 ita
2610 3260 2803 3317 dicitur
2843 3260 3063 3317 verbum
3104 3272 3287 3317 contra
3327 3262 3591 3334 Spiritum

2005 3363 2267 3419 sanctum,
2292 3370 2411 3409 cum
2437 3370 2502 3409 ex
2526 3354 2855 3425 dispersione
2879 3354 2945 3411 ad
2973 3357 3432 3425 congregationem
3450 3372 3585 3409 nun-

2005 3459 2162 3514 quam
2193 3445 2421 3509 venitur,
2449 3460 2566 3514 qua:
2585 3445 2650 3499 ad
2672 3444 2988 3500 remittenda
3011 3453 3224 3514 peccata
3244 3446 3446 3515 accepit
3465 3444 3584 3515 Spi-

2005 3535 2162 3589 ritum
2192 3542 2454 3588 sanctum.
2483 3534 2564 3589 Ad
2588 3549 2746 3605 quam
2772 3534 3233 3605 congregationem
3253 3534 3462 3591 etiamsi
3488 3551 3586 3607 per

2004 3623 2201 3678 malum
2238 3623 2510 3690 clericum,
2541 3623 2635 3678 sed
2678 3631 2855 3679 tamen
2893 3622 3212 3678 catholicum
3256 3624 3581 3692 ministrum,

2005 3714 2287 3785 reprobum
2312 3722 2366 3769 et
2395 3714 2575 3769 ﬁctum
2603 3714 2792 3785 aliquis
2818 3715 3106 3771 accesserit
3126 3715 3288 3774 corde
3305 3731 3411 3772 non
3427 3716 3581 3784 ﬁcto;

2006 3807 2058 3862 in
2088 3807 2203 3877 ipso
2230 3815 2413 3862 sancto
2438 3807 2635 3877 Spiritu
2680 3808 3048 3864 remissionem
3096 3809 3287 3879 accipit
3332 3820 3580 3879 peccato.-

2004 3914 2144 3955 rum.
2172 3898 2269 3967 Qui
2308 3899 2524 3969 spiritus
2553 3899 2605 3953 in
2637 3910 2819 3955 sancta
2854 3900 3107 3965 Ecclesia,
3136 3902 3296 3957 etiam
3324 3902 3425 3959 isto
3452 3912 3585 3959 tem-

2008 4005 2158 4061 pore,
2179 4005 2288 4061 quo
2308 3990 2456 4045 velut
2476 4005 2598 4045 arca
2632 4006 2750 4045 cum
2776 3991 2923 4061 palea
2956 3992 3251 4057 trituratur,
3283 3993 3359 4048 sic
3391 4009 3584 4063 opera.-

2008 4090 2113 4149 tur,
2135 4089 2194 4136 ut
2215 4081 2410 4136 nullius
2434 4096 2613 4136 veram
2633 4082 3019 4137 confessionem
3038 4094 3368 4153 aspernetur,
3391 4087 3588 4142 nullius

2007 4170 2344 4226 simulatione
2362 4170 2590 4235 fallatur,
2616 4180 2774 4242 atque
2796 4172 2865 4226 ita
2882 4171 3139 4243 reprobos
3153 4174 3332 4244 fugiat,
3356 4176 3585 4232 utetiam

2006 4277 2105 4333 per
2131 4278 2315 4318 eorum
2361 4263 2712 4318 ministerium
2744 4263 2937 4334 probos
2979 4265 3211 4335 colligat.
3255 4265 3429 4322 Unum
3458 4281 3589 4338 ergo

2007 4352 2290 4424 sull'ugium
2316 4362 2418 4417 est,
2452 4368 2521 4409 ne
2550 4354 2621 4408 sit
2638 4354 3019 4410 irremissib‘ilis
3046 4354 3394 4425 blasphemia,
3420 4365 3589 4412 utcor

2009 4445 2346 4516 imptenitens
2374 4454 2649 4510 caveatur;
2683 4461 2782 4500 nec
2822 4447 2974 4501 aliter
3005 4447 3309 4515 ptettitentia
3339 4450 3591 4518 prodesse

2008 4536 2276 4602 credatur,
2308 4536 2408 4590 nisi
2440 4545 2498 4590 ut
2524 4546 2766 4591 teneatur
2789 4536 3050 4598 Ecclesia.
3084 4538 3171 4591 ubi
3203 4539 3445 4594 remissio
3469 4556 3591 4610 pec-

2009 4635 2246 4683 catorum
2272 4627 2449 4696 datur,
2491 4637 2546 4683 et
2581 4629 2809 4683 societas
2847 4628 3077 4699 Spiritus
3120 4630 3170 4683 in
3212 4631 3356 4699 pacis
3383 4631 3591 4687 vinculo

2010 4719 2324 4775 custoditur.
2566 4794 2567 4797 η
2912 4796 2915 4799 ι

2082 4803 2307 4860 CAPUT
2345 4802 2537 4857 XXIV.
2553 4803 2723 4857 ——38‘.
2769 4801 3074 4857 Tractatoris
3098 4803 3374 4856 humilitas.
3399 4802 3468 4857 Ut
3494 4818 3589 4871 po-

2014 4895 2112 4958 tui,
2157 4892 2521 4947 diﬂicillimam
2552 4892 2920 4960 quaestionem,
2959 4892 3002 4946 si
3048 4900 3222 4945 tamen
3258 4891 3591 4962 aliquatenus

2014 4987 2182 5057 potui,
2215 4984 2441 5039 Domino
2476 4984 2764 5038 miserante
2812 4993 2973 5054 atque
3018 4984 3321 5053 adjuvautc,
3351 4984 3588 5039 tractavi.
3672 5008 3679 5045 ε

2012 5072 2277 5144 Quidquid
2306 5083 2479 5128 tamen
2503 5072 2557 5127 in
2586 5072 2701 5142 ejus
2719 5071 3029 5127 difﬁcultate
3057 5072 3456 5142 apprehendere
3482 5089 3588 5128 non

2013 5166 2170 5227 valui,
2196 5180 2300 5219 non
2327 5164 2614 5235 imputetur
2631 5163 2728 5233 ipsi
2750 5163 2977 5227 veritati,
3005 5179 3124 5234 quae
3143 5164 3428 5221 salubriter
3454 5166 3589 5236 pios,

2013 5259 2172 5312 etiam
2203 5272 2323 5312 cum
2352 5257 2664 5322 occultatur,
2696 5264 2940 5318 exercet;
2985 5257 3079 5312 sed
3111 5256 3404 5313 inﬁrmitati
3430 5274 3591 5325 mem,

2013 5346 2104 5419 qui
2130 5347 2211 5404 vel
2238 5347 2569 5419 intelligenda
2595 5348 2923 5419 conspicere,
2944 5347 3023 5402 vcl
3040 5347 3303 5402 intellecta
3324 5348 3592 5419 explicare

2013 5452 2121 5494 non
2148 5422 2313 5509 potui.
2344 5439 2419 5494 De
2449 5437 2529 5493 his
2557 5440 2732 5492 autem
2760 5452 2878 5507 qua:
2906 5434 3042 5489 forte
3073 5437 3335 5505 potuimus
3364 5444 3417 5493 ct
3446 5440 3594 5508 cogi-

2015 5530 2176 5585 tando
2200 5531 2478 5601 vestigare,
2502 5538 2555 5583 ct
2576 5527 2800 5583 dicendo
2827 5526 3097 5596 expedire,
3129 5527 3202 5582 illi
3228 5538 3356 5584 sunt
3374 5535 3589 5599 agetth

2016 5623 2221 5693 gratim,
2249 5639 2276 5676 a
2305 5639 2407 5691 quo
2438 5619 2796 5692 qu:csivitnus,
2820 5635 2853 5679 a
2878 5633 2981 5689 quo
3011 5620 3313 5691 petivimus,
3343 5621 3405 5678 ad
3440 5638 3585 5693 quem
