3954 6186
346 287 443 345 467

342 403 681 477 pulsavimus,
714 410 773 458 ut
817 400 1133 456 haberemus
1178 392 1319 450 unde
1366 400 1420 448 et
1465 405 1563 446 nos
1605 385 1910 447 meditando

342 498 625 561 sli-remur,
665 502 720 549 et
742 490 891 546 vobis
917 484 1181 557 loquendo
1200 484 1645 541 ministraremus.

801 572 1028 634 δεῖξιιο
1064 570 1289 630 ωιιιιιο
1320 570 1420 645 (a).

350 671 426 727 De
452 669 608 729 verbis
624 660 891 739 Evangelii
911 664 1165 733 Matthwi,
1193 654 1308 735 cap.
1344 679 1441 729 xu,
1475 660 1564 727 53,
1598 659 1713 743 (Aut
1758 657 1915 725 facite

401 764 644 818 arborem
668 758 886 827 bonam,
912 767 967 814 et
996 758 1219 812 fructum
1250 756 1364 826 ejus
1387 755 1608 819 bonum,
1638 760 1734 806 etc.
1765 748 1861 819 (b).

415 852 638 909 CAPUT
675 848 958 908 PRIMUM.
991 881 1060 891 —-
1087 851 1139 905 l.
1169 840 1310 904 Bona
1344 864 1496 919 opera
1541 844 1721 900 habere
1757 842 1918 896 malus

346 946 494 998 homo
545 960 647 999 non
702 952 882 1013 potest.
951 941 1239 998 Admonuit
1300 954 1397 994 uos
1455 936 1708 992 Dominus
1763 933 1918 990 Jesus

346 1035 610 1104 Christus,
665 1044 725 1089 ut
765 1034 919 1089 home
965 1024 1183 1089 arbores
1231 1032 1426 1095 simus,
1470 1038 1525 1084 et
1570 1026 1770 1082 fructus
1819 1023 1917 1079 bo-

349 1136 448 1178 nos
475 1123 672 1178 habere
699 1124 981 1193 possimus.
1010 1122 1098 1177 Ait
1134 1121 1276 1176 enim
1321 1120 1464 1174 :Aut
1498 1118 1648 1189 facite
1693 1114 1921 1170 arborem

348 1216 550 1280 bonam,
581 1223 625 1268 et
649 1214 868 1284 fructum
894 1214 1001 1284 ejus
1021 1212 1244 1276 bonum;
1275 1221 1360 1265 aut
1381 1211 1532 1285 facile
1559 1209 1787 1264 arborem
1816 1222 1923 1263 ma-

351 1308 474 1372 lam,
501 1316 549 1361 et
575 1305 797 1377 fructum
816 1307 924 1378 ejus
952 1307 1164 1361 malum.
1196 1304 1275 1361 De
1294 1310 1460 1378 [ructu
1480 1305 1613 1359 enim
1651 1302 1801 1356 arbor
1834 1316 1923 1355 co-

351 1397 628 1467 gnoscitur.
651 1393 754 1451 Ubi
778 1392 880 1450 ait:
899 1393 1074 1451 Facite
1100 1395 1329 1450 arborem
1349 1394 1529 1449 bonam
1549 1435 1565 1459 ,
1614 1402 1660 1446 et
1700 1395 1926 1463 fructum

310 1488 319 1495 ‘
350 1487 459 1553 eius
483 1483 664 1539 bonum
687 1501 707 1538 :
730 1485 831 1539 hoc
851 1485 1030 1555 utique
1050 1490 1155 1540 neu
1184 1494 1266 1541 est
1295 1483 1603 1548 admonitio,
1650 1482 1744 1537 sed
1788 1496 1924 1552 prte—

355 1582 569 1645 ceptum
601 1572 837 1641 salubre,
862 1575 945 1628 cui
975 1568 1279 1629 obedientia
1314 1572 1613 1630 necessaria
1643 1580 1744 1627 est.
1771 1569 1928 1639 Quod

354 1673 531 1718 autem
555 1664 712 1718 dicit:
736 1663 914 1720 Facite
950 1666 1178 1720 arborem
1211 1665 1419 1728 malam,
1460 1674 1506 1719 et
1559 1669 1775 1735 fructum
1820 1664 1929 1736 ejus

353 1753 543 1807 malum
571 1769 590 1808 :
615 1762 720 1809 neu
747 1766 1068 1826 praeceptum
1095 1767 1198 1824 est,
1219 1766 1278 1812 ut
1301 1758 1494 1822 facias;
1543 1756 1638 1812 sed
1686 1755 1925 1820 monitio,

354 1854 413 1898 ut
437 1860 645 1900 caveas.
671 1846 865 1902 Contra
895 1848 991 1902 hos
1013 1849 1154 1903 enim
1195 1849 1347 1915 dixit,
1390 1849 1481 1919 qui
1525 1847 1782 1919 putabant
1828 1860 1891 1902 se
1912 1888 1929 1915 ,

354 1948 474 1990 cum
504 1936 626 1991 mali
650 1946 851 2003 essent,
874 1940 1015 2010 loqui
1046 1940 1182 1995 bona
1216 1956 1409 2010 posse,
1462 1940 1545 1996 vel
1592 1940 1729 1994 bona
1770 1953 1931 2010 opera

355 2026 571 2082 habere.
599 2027 712 2083 Hoc
735 2006 990 2086 Dominus
1015 2030 1170 2087 Jesus
1194 2006 1320 2087 d—ﬁit
1343 2048 1449 2087 non
1471 2047 1647 2101 posse.
1671 2006 1824 2086 Prius
1849 2037 1934 2085 est

357 2115 499 2170 eiiim
523 2117 807 2174 mutandus
831 2118 1030 2184 homo,
1071 2129 1303 2192 utOpera
1350 2131 1638 2177 mutentur.
1685 2121 1745 2176 Si
1791 2119 1934 2176 enim

358 2216 539 2264 manet
559 2208 721 2267 homo
751 2212 805 2265 in
841 2226 906 2267 eo
930 2210 1072 2283 quod
1116 2213 1287 2268 maius
1317 2214 1457 2281 est‘,
1483 2214 1618 2270 bona
1647 2226 1809 2282 opera
1838 2212 1936 2268 ha-

353 2302 487 2358 bere
510 2317 616 2359 non
643 2308 817 2375 potest
841 2323 855 2360 :
879 2306 924 2361 si
944 2307 1194 2364 manetin
1213 2321 1278 2363 eo
1305 2305 1447 2378 quod
1475 2306 1644 2363 bonus
1668 2313 1767 2373 est,
1800 2304 1936 2361 mala

361 2404 522 2465 opera
544 2396 748 2452 habere
770 2410 880 2452 non
907 2406 1104 2468 potest.

431 2487 487 2540 2.
521 2486 653 2542 Mali
677 2505 767 2543 nos
787 2506 959 2545 omnes
978 2491 1184 2544 inventi.
1214 2490 1343 2561 Quis
1357 2499 1533 2547 autem
1559 2505 1589 2544 a
1611 2490 1837 2547 Domino
1852 2491 1940 2546 bo-

364 2592 464 2631 nus
487 2576 732 2632 inventus
757 2590 856 2645 est,
878 2594 998 2634 cum
1015 2576 1256 2636 Christus
1280 2595 1375 2657 pro
1400 2580 1574 2651 impiis
1609 2590 1849 2636 mortuus
1873 2580 1942 2636 sit

367 2664 541 2737 (Rom.
558 2683 614 2734 ν,
632 2667 714 2741 6)?
727 2669 926 2726 Omnes
945 2685 1071 2742 ergo
1088 2671 1252 2727 malas
1266 2671 1487 2727 arbores
1501 2672 1731 2737 invenit,
1740 2672 1833 2727 sed
1845 2671 1943 2727 de-

364 2757 446 2811 dit
470 2765 783 2826 potestatem
811 2759 948 2816 filios
981 2762 1072 2817 Dei
1106 2760 1240 2829 ﬁeri,
1282 2762 1621 2818 credentibus
1646 2762 1698 2818 in
1728 2762 1942 2818 nomine

367 2848 483 2918 ejus
501 2847 674 2921 (.Ioan.
695 2866 732 2917 ι,
751 2849 861 2923 12).
878 2850 1129 2921 Quisquis
1142 2852 1469 2923 igiturhomo
1482 2851 1640 2908 hodie
1651 2852 1939 2920 bonusest,

368 2938 422 2992 id
452 2947 553 3003 est,
583 2941 747 2994 arbor
775 2940 935 3009 bona,
964 2941 1329 2997 malainventa
1351 2951 1501 2998 estet
1516 2944 1652 2998 bona
1684 2942 1817 2999 facta
1837 2951 1939 2998 est.

368 3031 436 3084 Et
461 3028 735 3102 siquando
760 3033 934 3100 venit,
965 3034 1131 3089 maias
1169 3032 1388 3091 arbores
1426 3034 1697 3091 eradicare
1749 3034 1938 3100 vellet;

369 3138 488 3191 quae
498 3134 819 3189 remaneret,
838 3136 957 3196 qua:
970 3141 1075 3182 non
1095 3126 1250 3197 digna
1262 3138 1404 3183 esset
1419 3127 1712 3183 eradicari?
1736 3127 1840 3183 Sed
1857 3144 1944 3184 ve-

369 3215 449 3268 nit
466 3224 762 3285 praemgare
779 3217 1219 3284 misericordiam,
1239 3227 1297 3275 ut
1316 3228 1496 3290 postea
1519 3229 1797 3279 exerceret
1804 3219 1945 3290 judi-

370 3305 533 3369 cium,
564 3307 648 3361 cui
675 3304 866 3362 dicitur
886 3323 907 3383 ς
938 3308 1339 3364 Misericordiam
1364 3319 1415 3364 ct
1440 3311 1694 3380 judicium
1735 3311 1945 3365 cantabo

371 3394 478 3460 tibi,
511 3390 725 3451 Domine
751 3395 921 3467 (Psal.
949 3414 1002 3466 c,
1031 3399 1105 3470 i).
1138 3392 1293 3455 Dedit
1320 3415 1449 3472 ergo
1493 3400 1833 3456 credentibus
1862 3417 1947 3457 re-

374 3488 680 3543 missionem
702 3499 1059 3559 peceatorum,
1087 3491 1256 3547 noluit
1282 3507 1402 3547 eum
1432 3492 1511 3547 eis
1538 3500 1592 3548 et
1617 3492 1685 3547 de
1708 3502 1940 3562 prseter-

372 3578 462 3633 itis
490 3578 691 3635 chartis
719 3578 915 3638 habere
931 3583 1212 3639 rationem.
1243 3585 1397 3641 Dedit
1414 3585 1782 3643 remissionem
1823 3602 1947 3656 pec-

374 3674 634 3737 caturum,
662 3670 793 3726 iecit
817 3671 1035 3729 arbores
1062 3673 1228 3728 bonas
1243 3676 1286 3729 ¹.
1314 3672 1528 3730 Distulit
1547 3677 1775 3731 securim
1794 3715 1815 3744 ,
1853 3675 1947 3733 de-

375 3757 452 3814 dit
479 3763 840 3819 Securitatem.

444 3853 668 3911 CAPUT
690 3850 754 3911 Η.
784 3888 853 3899 σ-
882 3858 934 3913 5.
967 3856 1225 3913 Patientia
1249 3859 1342 3913 Dei
1367 3876 1484 3930 erga
1506 3876 1614 3915 nos.
1647 3861 1719 3917 De
1740 3862 1840 3917 hac
1863 3878 1947 3917 se-

371 3945 482 3999 ruri
511 3943 740 4002 Joannes
763 3947 1013 4018 loquitur,
1035 3948 1216 4005 dicens
1246 3968 1258 4004 :
1288 3949 1409 4004 Jam
1425 3952 1611 4005 securis
1634 3953 1700 4006 ad
1729 3953 1949 4006 radicem

371 4037 608 4091 arborum
633 4039 794 4109 posita
817 4047 908 4094 est.
940 4038 1118 4094 Omnis
1145 4041 1294 4094 arbor
1325 4057 1437 4109 qua
1463 4058 1562 4095 non
1584 4044 1704 4113 facit
1727 4042 1948 4112 fructum

373 4128 573 4194 bonum,
606 4128 879 4197 ercidetur,
909 4140 954 4184 et
977 4131 1029 4184 in
1055 4131 1221 4202 ignem
1242 4131 1462 4186 mittetur
1491 4131 1704 4201 (Matth.
1730 4149 1807 4196 ιιι,
1836 4134 1942 4205 10).

373 4218 448 4273 De
477 4216 575 4273 hac
603 4219 775 4274 securi
801 4221 1153 4277 comminatur
1173 4223 1545 4292 paterfamilias
1566 4223 1615 4277 in
1636 4222 1944 4296 Evangelia,

371 4309 555 4366 dicens
579 4326 592 4362 :
618 4309 749 4364 Ecce
768 4311 1035 4365 triennium
1053 4312 1278 4383 estquod
1297 4314 1436 4367 venio
1459 4313 1528 4367 ad
1550 4314 1680 4368 hanc
1696 4315 1942 4387 arborem,

371 4410 418 4453 et
448 4399 673 4469 fructum
708 4402 762 4454 in
799 4417 859 4455 ea
884 4418 983 4454 non
1017 4402 1230 4457 invenio.
1262 4402 1414 4457 Nunc
1453 4405 1603 4459 debeo
1642 4406 1806 4461 locum
1833 4422 1947 4463 eva-

372 4502 522 4543 cuare
543 4490 564 4522 ³
588 4507 607 4542 :
631 4491 842 4559 proinde
867 4499 1169 4560 amputetur.
1203 4492 1269 4546 Et
1293 4493 1572 4549 intercedit
1602 4496 1843 4563 colonus,
1868 4499 1946 4554 di-

371 4596 500 4637 cens
524 4601 538 4637 :
565 4581 811 4649 Domine,
847 4583 1037 4637 dimitte
1063 4582 1248 4637 illam"
1270 4594 1316 4639 et
1352 4585 1446 4640 hoc
1483 4603 1617 4640 anno
1629 4605 1649 4653 ;
1674 4589 1946 4662 circumfo.

371 4673 510 4728 diam
552 4674 718 4740 illam,
760 4683 807 4729 et
837 4675 1081 4730 adhibebo
1109 4676 1380 4747 cophinum
1418 4680 1649 4733 stercoris
1671 4696 1688 4734 :
1709 4682 1751 4734 si
1774 4682 1948 4751 fecerit

372 4766 609 4834 fructum,
637 4764 793 4831 bene;
816 4768 897 4822 sin
917 4766 1102 4835 minus,
1126 4766 1291 4823 venies
1303 4776 1349 4821 et
1367 4769 1646 4837 amputabis
1669 4786 1777 4825 eam
1797 4770 1942 4841 (Luc.

371 4872 465 4911 xm
485 4900 500 4923 ,
524 4858 576 4926 7.,
597 4856 672 4929 9).
702 4857 972 4929 Tanquam
1003 4872 1099 4929 per
1124 4858 1405 4914 triennium
1439 4859 1692 4917 Dominus
1717 4862 1946 4919 visitavit

371 4932 872 5019 genus'humauum,
903 4947 1005 5003 hoc
1029 4956 1143 5016 est,
1173 4949 1340 5005 tribus
1363 4949 1676 5020 quibusdam
1698 4955 1948 5024 tempori-

436 5060 457 5125 ξ
480 5057 731 5125 rauciores
740 5064 870 5125 esse,
881 5054 1009 5121 quod
1018 5054 1294 5125 maligne“.
1314 5064 1368 5125 ξι
1380 5057 1661 5125 iuba,le
1678 5058 1849 5125 bantur:
1858 5069 1944 5113 est.

372 5120 678 5230 ὠξῑιὶᾶεὲἑ
700 5119 818 5169 Editl
841 5115 986 5169 vero:
1012 5115 1240 5170 Remissio
1257 5117 1385 5170 enim
1403 5115 1705 5185 peccatorum
1718 5122 1834 5184 facit
1867 5138 1950 5174 ar-

436 5216 786 5292 ὶᾞιοηιιοῗιὶυιιι
804 5248 910 5292 uss.
935 5240 1022 5290 Alii
1038 5246 1207 5291 autem
1227 5253 1337 5292 ειιιιι
1352 5216 1489 5296 inm:
1510 5252 1610 5296 Non
1631 5242 1778 5296 debeo
1795 5244 1948 5296 loctnn

371 5309 620 5353 evacuate.
644 5306 700 5363 At
720 5308 821 5363 Am.
842 5307 1011 5363 etiam,
1026 5314 1139 5351 nam
1160 5302 1321 5363 debeo,
1348 5311 1445 5356 etc.

435 5366 458 5395 δ
479 5369 606 5426 ιω,
631 5362 816 5413 autem
836 5359 925 5413 illi.

369 5500 379 5512 ,
437 5448 454 5464 ⁶
476 5451 844 5512 consuescat
875 5444 942 5512 (ad
979 5455 1151 5496 omnes
1191 5446 1386 5497 codices
1407 5448 1610 5512 scriptos
1649 5456 1701 5499 et
1744 5460 1949 5500 emisos

364 5505 412 5551 in
459 5519 687 5558 sermone
701 5505 763 5557 66
781 5507 1075 5570 designatos.

435 5588 508 5706 (ag
522 5586 670 5656 .Alias,
692 5588 757 5639 de
780 5589 947 5640 Verbis
968 5590 1146 5640 Domini
1167 5590 1241 5640 l2.

435 5648 485 5703 (tv
528 5650 680 5706 Hujus
692 5656 938 5700 sermonis
958 5652 1175 5702 meminit
1198 5658 1241 5699 ι’(

435 5648 508 5706 (β)
522 5650 680 5711 Hujus
692 5656 938 5700 sarmenta
958 5652 1175 5702 meminit
1198 5652 1434 5702 Possidius
1455 5654 1503 5701 in
1528 5653 1748 5704 indiculo.
1773 5668 1876 5720 cap.
1898 5656 1945 5705 9.

1555 274 1612 331 ὃ.
1654 268 2023 331 AUGUSTINI
2059 264 2366 324 EPISCOPI

3503 261 3607 319 ιιιδ

2021 382 2138 439 bus.
2189 379 2421 435 Primum
2461 386 2700 453 tempus,
2740 384 2861 432 ante
2902 375 3133 449 Legem;
3176 377 3503 443 οεειιιιιιιιιιι,
3553 382 3609 433 in

2019 473 2195 544 Lege;
2227 471 2441 527 tertium
2484 469 2644 527 modo
2692 478 2810 535 εει,
2838 467 2979 540 quod
3022 477 3233 538 tempus
3275 478 3361 526 est
3394 472 3606 540 gratis.

2020 563 2151 618 Nam
2197 562 2242 617 si
2283 577 2390 618 non
2433 560 2667 617 visitavit
2700 574 2869 632 genus
2894 558 3188 617 humanum
3214 568 3341 623 alite
3378 561 3604 631 Legem,

2022 651 2161 708 unde
2215 651 2396 707 Abel?
2442 649 2581 706 unde
2628 648 2853 706 Enoch?
2888 649 3028 706 unde
3066 649 3217 705 Noe?
3258 650 3401 709 unde
3438 652 3614 708 Abra-

2021 741 2183 797 ham?
2210 739 2348 796 unde
2397 738 2580 795 Isaac?
2624 739 2765 796 unde
2809 738 3013 796 Jacob?
3046 756 3270 811 quorum
3306 741 3608 801 ,soaDntui-

2023 847 2149 889 num
2178 831 2282 888 diei
2307 831 2498 896 voluit;
2526 839 2580 886 et
2606 830 2755 901 cujus
2791 845 2977 885 omnes
3010 840 3197 901 gentes
3232 841 3416 889 erant.
3454 834 3609 896 quasi

2024 917 2183 978 trium
2219 920 2493 978 hominum
2537 921 2676 977 Deus
2710 930 2890 976 esset:
2917 919 3028 991 Ego
3064 920 3441 990 sum,inquit.
3474 921 3614 976 Deus

2025 1014 2299 1080 Abraham,
2321 1023 2366 1068 ct
2394 1011 2541 1069 Isaac
2567 1054 2582 1079 ,
2625 1021 2672 1066 et
2711 1011 2870 1067 Jacob
2910 1011 3106 1085 (Exod.
3128 1028 3206 1078 ιιι,
3237 1013 3347 1079 Η).
3388 1012 3447 1066 ιιι
3470 1013 3616 1083 Lege

2026 1118 2202 1165 autem
2232 1107 2276 1162 si
2305 1121 2409 1161 non
2439 1104 2707 1172 visitaret,
2735 1105 2903 1174 ipsam
2933 1104 3129 1175 Legem
3152 1119 3262 1163 non
3291 1105 3616 1161 darenﬁost

2028 1197 2220 1268 Legem
2246 1197 2391 1251 venit
2417 1205 2470 1252 et
2498 1195 2611 1266 ipse
2639 1193 3016 1265 paterfamilias
3043 1211 3059 1250 :
3091 1208 3279 1263 passus
3307 1203 3391 1249 est
3412 1235 3429 1260 ,
3463 1209 3614 1249 mor-

2030 1297 2150 1342 tuus
2172 1298 2254 1342 est
2275 1329 2291 1352 ,
2320 1287 2641 1352 resurrexit,
2667 1283 2920 1354 Spiritum
2947 1293 3191 1339 sanctum
3222 1283 3371 1341 dedit
3391 1325 3408 1351 ,
3434 1284 3615 1340 Even.

2028 1379 2223 1450 gelium
2247 1394 2341 1450 per
2362 1387 2527 1433 totum
2557 1378 2741 1435 orbem
2762 1376 3036 1447 praedicari
3058 1376 3203 1445 fecit,
3219 1377 3461 1437 «adhuc
3476 1394 3617 1448 que-

2031 1470 2151 1526 dam
2176 1471 2336 1526 arbor
2364 1469 2690 1525 inli‘uctuosa
2721 1469 3030 1539 permansit.
3060 1469 3155 1524 Est
3177 1470 3419 1540 quedam
3442 1471 3618 1528 adhuc

2026 1578 2153 1634 pars
2177 1563 2384 1634 generis
2410 1561 2663 1627 humani,
2689 1576 2807 1631 quae
2834 1559 3007 1617 adhuc
3030 1575 3093 1618 se
3119 1573 3225 1617 non
3255 1563 3497 1633 corrigit.
3528 1563 3619 1619 io-

2030 1652 2256 1708 tercedit
2272 1651 2519 1715 colonus;
2539 1666 2634 1721 pro
2660 1650 2813 1720 plebe
2835 1658 2952 1705 orat
2970 1650 3259 1722 Apostolus
3281 1667 3297 1702 :
3319 1650 3516 1717 Flecm,
3540 1653 3621 1708 in-

2033 1742 2147 1814 quit
2169 1783 2183 1805 ,
2211 1759 2373 1813 genua
2417 1758 2527 1809 mea
2554 1759 2645 1812 pro
2673 1742 2808 1797 vobis
2841 1741 2907 1795 ad
2936 1740 3147 1799 Patrem
3168 1782 3185 1811 ,
3215 1752 3270 1798 ut
3290 1745 3350 1799 in
3374 1744 3621 1801 claritas

2033 1832 2246 1886 radianti
2271 1842 2318 1886 et
2346 1832 2549 1903 fundati
2570 1873 2585 1895 ,
2614 1832 2819 1885 valeatis
2852 1831 3228 1903 apprehendere
3253 1850 3367 1888 cum
3391 1835 3622 1892 omnibus

2035 1923 2221 1978 sanctis
2257 1936 2370 1992 qua:
2405 1920 2469 1974 sit
2502 1921 2716 1976 latitudo
2757 1930 2806 1975 et
2843 1920 3109 1992 longitudo
3130 1963 3148 1991 ,
3174 1922 3391 1980 altitude
3414 1934 3467 1979 et
3498 1942 3621 1997 ρη-

2038 2011 2289 2083 fundum;
2332 2027 2628 2080 cognoscere
2676 2010 2828 2066 etiam
2869 2014 3315 2084 superth
3360 2015 3623 2070 additium

2038 2101 2295 2155 charitatis
2323 2098 2544 2166 Christi,
2576 2111 2632 2154 ut
2674 2101 2988 2172 impleamini
3029 2103 3084 2157 in
3118 2117 3316 2165 omnem
3344 2105 3621 2176 plenitat-

2039 2209 2153 2246 nem
2170 2191 2262 2246 Dei
2278 2191 2490 2262 (Ephes.
2509 2206 2585 2258 ut,
2614 2191 2816 2263 ιιι-ιε).
2837 2191 3124 2248 Flectcndo
3142 2209 3335 2264 genus,
3355 2209 3452 2266 pro
3470 2196 3629 2253 nobis

2040 2281 2319 2337 intercedit
2345 2281 2483 2352 apud
2512 2268 2944 2351 patremfamilias
2963 2323 2978 2348 ,
3017 2298 3085 2340 ne
3104 2284 3458 2341 eradicemur.
3485 2287 3627 2357 Ergo

2042 2373 2161 2443 quia
2191 2387 2409 2428 necesse
2432 2382 2517 2427 est
2545 2380 2603 2427 ut
2627 2372 2798 2447 veniat
2825 2413 2843 2436 ,
2875 2387 3092 2442 agamus
3117 2384 3179 2429 ut
3207 2373 3503 2431 fructuosos
3526 2391 3626 2433 nos

2044 2466 2292 2521 inveniat.
2318 2463 2695 2520 Circumfossio
2721 2463 2948 2530 arboris,
2973 2472 3056 2519 est
3074 2464 3346 2521 humilitas
3360 2466 3629 2535 ιρωοίω.-

2044 2559 2131 2614 tis.
2169 2557 2353 2615 Omnis
2388 2558 2529 2615 enim
2569 2555 2711 2613 fossa
2760 2555 2996 2612 humilis.
3037 2556 3303 2626 Cophinus
3349 2559 3629 2626 stercoris,

2045 2649 2232 2705 sordes
2258 2647 2601 2717 poenitentiae.
2631 2645 2769 2713 Quid
2801 2647 2943 2702 enim
2976 2655 3214 2703 stercore
3242 2648 3551 2705 sordidius?
3574 2658 3636 2705 es

2048 2750 2247 2803 tamen,
2276 2738 2321 2791 si
2351 2738 2486 2792 bene
2511 2737 2698 2802 utaris,
2728 2736 2851 2806 quid
2879 2736 3238 2793 fructuosius?

2116 2827 2338 2885 CAPUT
2375 2827 2460 2882 Ill.
2489 2828 2624 2881 -4.
2655 2826 2781 2881 Date
2804 2827 2998 2881 radices
3018 2828 3313 2889 charitttset
3348 2829 3625 2898 cupidias.

2051 2920 2186 2988 Quid
2204 2930 2274 2976 est
2300 2922 2500 2975 bonum.
2521 2920 2603 2976 Sit
2627 2935 2755 2991 ergo
2777 2920 3130 2992 unusquisque
3141 2921 3302 2979 arbor
3320 2923 3458 2978 bona
3477 2942 3499 2978 ε
3511 2939 3620 2978 non

2047 3027 2108 3067 se
2147 3012 2440 3068 arbitretur
2481 3010 2678 3068 habere
2721 3011 2921 3066 fructus
2950 3011 3119 3067 bonos
3141 3051 3157 3076 ,
3195 3012 3239 3066 si
3270 3022 3449 3068 arat-et
3472 3014 3633 3070 enim

2047 3106 2207 3160 mala.
2254 3104 2367 3161 Non
2414 3104 2516 3161 erit
2563 3102 2768 3159 fructus
2812 3103 3020 3170 bonus,
3056 3104 3156 3158 nisi
3202 3104 3413 3160 arboris
3456 3108 3631 3161 hante.

2034 3188 2184 3249 Muta
2208 3210 2320 3262 cor,
2352 3203 2407 3251 et
2435 3194 2725 3251 mutabitur
2763 3208 2918 3262 Opus.
2956 3193 3211 3264 Exstirpa
3236 3193 3582 3265 cupidum
3609 3238 3625 3263 ,

2052 3285 2227 3354 planta
2252 3285 2587 3340 eharitatem.
2616 3283 2764 3340 Sicut
2789 3284 2931 3338 enim
2956 3282 3111 3339 radix
3134 3292 3220 3341 est
3242 3285 3491 3341 omnium
3516 3302 3635 3342 ma-

2051 3375 2222 3429 lorum
2246 3375 2507 3449 cupiditas
2536 3374 2578 3446 (Ι
2604 3373 2738 3427 Tim.
2770 3390 2821 3429 v1
2841 3415 2856 3438 ,
2884 3374 2971 3445 10)
2997 3391 3012 3439 ;
3044 3374 3123 3431 sic
3145 3384 3200 3431 et
3218 3376 3369 3432 radis
3392 3378 3635 3434 omnium

2051 3463 2307 3520 bonorum
2333 3465 2583 3520 Charitas.
2608 3463 2748 3532 Quid
2775 3480 2902 3534 ergo
2942 3466 3229 3523 mussitant
3267 3465 3512 3523 homines
3550 3469 3635 3524 in-

2054 3546 2221 3610 terse
2240 3596 2254 3622 ,
2287 3546 2368 3610 vel
2395 3552 2760 3625 contendunt,
2807 3553 3046 3609 dicentes
3072 3571 3088 3608 :
3115 3554 3253 3620 Quid
3282 3565 3366 3611 est
3389 3556 3589 3612 Inuum
3610 3557 3636 3610 ?

2053 3645 2096 3700 0
2116 3644 2158 3699 si
2180 3644 2345 3700 scires
2369 3642 2494 3714 quid
2518 3642 2607 3699 est
2617 3644 2815 3705 bimum
2842 3646 2855 3698 Ξ
2889 3643 3042 3712 Quod
3071 3645 3270 3703 habere
3289 3647 3394 3713 vis,
3421 3664 3528 3704 non
3553 3658 3638 3705 est

2052 3730 2203 3792 valde
2225 3737 2423 3792 bonum
2450 3751 2462 3787 :
2491 3734 2631 3806 quod
2656 3750 2775 3795 esse
2803 3750 2912 3791 non
2943 3737 3045 3802 vis,
3068 3736 3172 3793 hoc
3201 3746 3285 3794 est
3308 3738 3637 3797 bonum.Vis

2052 3827 2193 3881 enim
2240 3826 2436 3882 habere
2479 3827 2760 3882 sanitatem
2815 3827 3100 3897 corporis;
3133 3827 3236 3885 hoc
3276 3839 3362 3886 est
3384 3831 3583 3888 bonum
3617 3853 3631 3888 :

2052 3932 2152 3973 nec
2177 3926 2352 3972 tamen
2377 3925 2531 3987 putes
2565 3932 2810 3987 magnum
2835 3917 3035 3974 bonum
3061 3933 3211 3984 esse,
3236 3920 3379 3991 quod
3402 3921 3565 3977 habet
3581 3932 3638 3980 et

2053 4007 2243 4062 malus.
2273 4008 2472 4061 Aurum
2508 4014 2562 4062 et
2607 4015 2883 4076 argentum
2919 4006 3120 4064 habere
3147 4009 3267 4075 vis;
3300 4024 3428 4069 ecce
3452 4019 3511 4067 et
3534 4011 3637 4067 hoc

2053 4098 2172 4153 dico
2196 4138 2212 4164 ,
2236 4096 2430 4152 bonum
2458 4105 2541 4153 est
2565 4115 2579 4163 ;
2610 4096 2705 4154 sed
2734 4098 2778 4152 si
2802 4097 2939 4153 bene
2974 4113 3101 4155 usus
3129 4098 3297 4156 fueris
3330 4118 3344 4155 :
3376 4100 3514 4157 bene
3539 4118 3637 4157 au-

2054 4197 2159 4241 tem
2189 4202 2293 4242 non
2317 4186 2504 4253 uteris,
2529 4186 2573 4240 si
2603 4186 2773 4241 malus
2795 4186 2978 4242 fueris.
3006 4187 3087 4243 Ac
3114 4202 3207 4259 per
3236 4188 3341 4246 hoc
3368 4206 3558 4247 aurum
3580 4201 3636 4247 et

2053 4285 2332 4347 argentum
2375 4276 2528 4332 malis
2570 4276 2766 4331 malum
2796 4284 2879 4337 est
2900 4317 2916 4341 ,
2945 4277 3100 4334 bonis
3127 4278 3324 4337 bonum
3350 4290 3435 4337 est
3474 4300 3487 4336 :
3527 4299 3632 4338 non

2052 4366 2172 4438 Quia
2199 4382 2291 4423 eos
2316 4365 2485 4421 bonos
2524 4382 2712 4422 aurum
2753 4376 2808 4423 et
2847 4377 3125 4439 argentum
3173 4368 3299 4427 facit
3323 4389 3337 4436 ;
3360 4372 3463 4427 sed
3510 4375 3633 4444 quia

2052 4448 2222 4513 bonos
2248 4458 2469 4526 invenit,
2492 4458 2543 4512 in
2572 4472 2726 4513 usum
2753 4458 2951 4514 bonum
2977 4463 3330 4521 convertitur.
3356 4463 3631 4522 Honorem

2052 4536 2248 4602 habere
2274 4548 2390 4611 vis,
2432 4545 2630 4602 bonum
2654 4556 2735 4602 est
2764 4564 2777 4600 :
2805 4548 2899 4604 sed
2942 4557 2997 4606 et
3033 4550 3135 4606 hoc
3176 4554 3221 4607 si
3261 4552 3395 4609 bene
3440 4556 3630 4611 utaris.

2052 4632 2221 4708 Quam
2258 4632 2437 4694 multis
2462 4637 2633 4695 honor
2661 4641 2871 4695 occasio
2899 4640 3043 4695 exitii
3078 4639 3218 4698 fuit?
3248 4642 3417 4711 Quam
3451 4646 3635 4703 multis

2053 4722 2223 4784 honor
2247 4728 2597 4785 ministerium
2624 4730 2748 4786 boni
2776 4730 2953 4800 operis
2973 4730 3110 4788 fuit?

2122 4815 2346 4876 CAPUT
2392 4818 2571 4874 lV.——
2599 4820 2651 4877 5.
2711 4819 3055 4878 Homo'bona
3103 4826 3275 4879 omnia
3305 4828 3410 4882 vult
3452 4829 3637 4885 habere

2054 4922 2234 4982 printer
2285 4910 2523 4982 seipsum.
2559 4909 2931 4969 Disceruamus
2950 4928 3088 4984 ergo
3115 4914 3215 4969 ista
3243 4915 3406 4984 bona,
3428 4918 3479 4973 si
3508 4935 3631 4988 pos-

2054 5014 2257 5069 sumus,
2291 5001 2411 5071 quia
2469 4999 2537 5055 de
2579 5000 2734 5057 bonis
2773 5002 3053 5067 arboribus
3102 5005 3384 5075 loquimur.
3435 5009 3500 5065 Et
3547 5009 3639 5066 hic

2054 5092 2186 5147 nihil
2211 5101 2312 5160 est,
2350 5090 2489 5162 quod
2512 5093 2588 5148 sic
2615 5094 2838 5164 quisque
2865 5095 3098 5166 cogitare
3129 5096 3340 5164 debeat,
3364 5098 3550 5155 nisiut
3579 5103 3637 5156 in

2054 5183 2396 5253 semetipsum
2425 5182 2608 5238 oculos
2632 5192 2929 5253 convertat,
2968 5186 3101 5242 inse
3127 5186 3296 5244 discat
3318 5188 3415 5261 (a),
3439 5205 3496 5245 se
3520 5190 3637 5246 dis—

2054 5273 2234 5341 cutiat,
2262 5284 2324 5327 se
2378 5272 2637 5343 inspiciat,
2669 5286 2728 5328 se
2778 5284 3017 5344 quaerat,
3071 5284 3127 5331 et
3179 5293 3238 5333 se
3279 5280 3510 5339 inveniat
3538 5300 3553 5336 :
3579 5292 3641 5338 et

2055 5362 2195 5432 quod
2223 5362 2486 5433 displicet,
2519 5369 2702 5430 necet;
2730 5363 2871 5435 quod
2900 5364 3092 5435 placet,
3121 5376 3268 5439 optet
3288 5370 3304 5400 ¹
3331 5378 3385 5429 et
3407 5371 3631 5441 plantet.

2119 5475 2135 5539 ξ
2165 5473 2354 5539 Aliquot
2370 5482 2496 5539 Mss_.,
2519 5478 2663 5539 aptet.

2116 5534 2188 5597 (a)
2207 5534 2373 5601 more],
2410 5534 2753 5601 Elémipgitie,
2783 5551 2830 5601 p.
2865 5534 2949 5589 ΞΗ
2981 5575 2993 5597 ,
3035 5542 3114 5593 hic
3148 5540 3165 5591 l

2054 5597 2354 5719 ἕξεί-ξύεσθαι.
2379 5606 2524 5650 Nemo
2545 5597 2825 5650 dimtchitur
2855 5613 3054 5654 sensum
3084 5604 3153 5655 sic

3342 5544 3629 5609 deseatdat,

3357 5618 3436 5658 em
3468 5620 3635 5663 συετ.
