3922 6192
428 351 526 409 ΓΗ

427 476 568 531 sunt,
599 464 811 536 spinosa
836 461 948 517 loca
979 457 1096 514 loca
1124 455 1336 527 Spiuosa
1364 461 1488 511 sunt
1519 471 1532 507 :
1564 453 1704 523 quod
1733 463 1876 512 sunt,
1903 451 2005 508 hoc

425 567 584 621 sunt;
613 555 737 626 quia
763 551 972 622 proprie
997 548 1353 604 nominantur.
1382 546 1438 602 lu
1465 544 1730 615 parabolis
1755 553 1931 598 autem
1951 553 2008 598 et

426 644 854 703 similitudinibus
879 650 1051 712 potest
1093 655 1196 694 una
1237 653 1325 693 res
1351 636 1535 693 multis
1574 635 1876 691 nominibus
1905 648 2002 704 ap-

427 736 611 808 pellari
639 751 654 788 :
682 733 803 789 ideo
841 746 944 786 non
975 741 1057 786 est
1083 731 1426 799 incongruum
1455 737 1516 782 ut
1553 726 1784 782 dicerem
1812 724 1997 787 vobis,
2036 719 2040 724 ’

429 825 524 879 Via
549 825 636 879 illa
657 863 673 890 ,
705 823 818 877 loca
849 820 934 876 illa
961 834 1148 876 saxosa
1173 860 1189 886 ,
1222 819 1307 872 illa
1334 818 1548 887 spinosa
1572 813 1846 870 christiani
1879 812 2005 867 mali

424 923 568 979 sunt,
602 914 704 985 ipsi
745 921 870 967 sunt
912 920 966 966 et
1012 910 1232 965 zizania.
1276 907 1466 963 Nonne
1505 921 1672 976 agnus
1721 902 2003 960 Christus?

426 1019 603 1061 nonne
621 1012 676 1059 et
691 1003 773 1058 leo
791 1001 1068 1058 ChriStus?
1089 1000 1230 1055 inter
1256 998 1394 1054 feras
1417 1005 1472 1052 et
1495 1009 1704 1067 pecora,
1729 993 1817 1065 qui
1838 992 2005 1064 agnus
2041 1000 2044 1002 ‘

425 1113 592 1169 agnus
615 1142 629 1167 ,
657 1100 745 1171 qui
785 1099 869 1154 leo
895 1098 980 1152 leo
1021 1114 1034 1150 :
1064 1106 1346 1164 utrumque
1379 1091 1639 1148 Christus.
1677 1089 1769 1144 Illa
1797 1087 2003 1158 singula
2042 1093 2044 1095 ’

424 1206 522 1259 per
550 1191 921 1261 preprietatem
961 1206 974 1241 :
1007 1187 1107 1241 ista
1146 1193 1424 1254 utrumque
1454 1198 1550 1252 per
1578 1178 2000 1236 similitudinem.

426 1280 553 1335 Plus
603 1281 763 1334 etiam
809 1287 890 1333 est
933 1275 1075 1347 quod
1120 1275 1330 1339 accidit,
1383 1282 1440 1328 ut
1478 1287 1571 1343 per
1607 1267 2002 1325 similitudinem

427 1370 649 1425 multum
675 1384 704 1422 a
721 1384 778 1422 se
803 1383 892 1423 res
909 1367 1186 1432 distantes,
1207 1372 1460 1420 vocentur
1471 1376 1576 1417 uno
1599 1360 1828 1415 nomine.
1853 1355 2004 1425 Quod

423 1461 566 1515 enim
601 1468 706 1514 tam
744 1458 905 1512 distat
943 1457 1011 1512 ab
1053 1457 1298 1522 invicem,
1327 1469 1487 1524 quam
1525 1450 1768 1506 Christus
1807 1457 1859 1503 et
1887 1448 2002 1502 dia-

423 1550 612 1606 bolus?
642 1549 841 1605 Tamen
877 1549 963 1604 leo
988 1557 1042 1603 et
1067 1547 1308 1604 Christus
1341 1554 1423 1600 est
1448 1543 1741 1614 appellatus
1765 1581 1780 1606 ,
1813 1549 1866 1595 et
1891 1539 2004 1594 dia-

427 1640 600 1695 bolus.
637 1638 878 1694 Christus
917 1638 1005 1693 leo
1038 1655 1050 1692 :
1093 1637 1222 1691 Vicit
1249 1637 1325 1690 leo
1348 1677 1364 1703 ,
1395 1635 1457 1689 de
1483 1634 1612 1687 tribu
1651 1631 1791 1685 Iuda
1821 1633 2000 1703 (Apoc.

425 1745 476 1792 v,
508 1731 587 1798 5).
635 1729 883 1783 Diabolus
923 1729 1006 1782 leo
1043 1745 1057 1782 :
1098 1726 1316 1781 Nescitis
1353 1726 1471 1796 quia
1499 1723 1816 1778 aduersarius
1849 1729 2006 1774 vester

425 1817 654 1872 diabolus
675 1828 911 1886 tanquam
936 1817 1012 1871 leo
1031 1817 1230 1886 rugiens
1257 1815 1432 1869 circuit
1456 1855 1470 1878 ,
1498 1829 1728 1883 quaerens
1747 1827 1890 1882 quem
1919 1811 2006 1863 de-

425 1918 561 1962 voret
593 1907 633 1980 (Ι
667 1907 808 1962 Petr.
840 1923 892 1973 v,
921 1906 1016 1976 8)?
1046 1905 1186 1976 Ergo
1214 1913 1268 1960 et
1298 1904 1383 1958 ille
1414 1904 1498 1958 leo
1523 1912 1577 1964 et
1620 1903 1708 1957 ille
1747 1902 1831 1956 leo
1860 1919 1872 1955 :
1915 1901 2007 1956 ille

429 2000 512 2054 leo
553 2006 768 2068 propter
805 1995 1201 2061 fortitudinem;
1231 1995 1321 2051 ille
1350 1995 1433 2050 leo
1457 2003 1674 2064 propter
1699 1993 1956 2047 feritatem
1989 2009 2002 2044 :

426 2093 514 2148 ille
537 2092 624 2147 leo
646 2091 714 2146 ad
741 2089 1087 2154 vincendum;
1117 2089 1206 2144 ille
1227 2089 1312 2143 leo
1334 2087 1400 2142 ad
1425 2085 1742 2142 nocendum.
1774 2084 1890 2155 Ipse
1917 2098 2004 2139 co-

425 2180 579 2238 luber
599 2181 838 2237 diabolus
874 2189 958 2235 est
978 2193 1246 2250 ,serpens
1273 2179 1519 2248 antiquus
1544 2176 1726 2248 (Apoc.
1770 2191 1867 2242 xu,
1899 2175 1952 2245 9)
1989 2192 2004 2229 :

427 2270 680 2342 numquid
703 2270 837 2341 jussi
862 2284 1048 2342 sumus
1071 2268 1338 2324 diabolum
1361 2267 1553 2322 imitari
1578 2307 1594 2333 ,
1620 2265 1829 2335 quando
1854 2263 2008 2320 nobis

426 2361 560 2418 dixit
585 2361 773 2416 Pastor
796 2369 998 2427 noster,
1027 2358 1200 2413 Estote
1226 2358 1477 2429 simplices
1497 2365 1549 2410 ut
1573 2355 1834 2422 columbis,
1857 2354 2008 2408 astuti

427 2463 482 2506 ut
508 2448 993 2523 serpentes.(Hatth.
1022 2468 1076 2516 x,
1104 2451 1227 2522 16)?

496 2543 721 2600 CAPUT
749 2543 834 2598 ΙΙΙ.
864 2573 934 2583 —-
954 2544 1010 2598 5.
1033 2543 1111 2596 Ad
1134 2542 1444 2599 Christianos
1467 2543 1648 2609 malos,
1665 2551 1720 2597 ut
1737 2551 2004 2596 mutentur.

428 2637 567 2706 Ergo
600 2635 714 2690 heri
759 2635 1018 2692 allocutus
1058 2649 1178 2689 sum
1219 2633 1357 2689 viam
1379 2675 1394 2700 ,
1435 2633 1698 2688 allocutus
1734 2647 1851 2688 sum
1891 2631 2019 2688 loca'

427 2741 636 2791 saxosa,
661 2726 923 2780 allocutus
941 2739 1058 2780 sum
1080 2725 1194 2780 loca
1216 2725 1430 2794 Spinosa
1461 2732 1546 2779 :ct
1564 2724 1690 2790 dixi,
1713 2723 2006 2792 Mutamini,

427 2831 550 2871 cum
581 2816 801 2886 potestis
817 2834 839 2882 ;.
861 2815 993 2872 dura
1019 2825 1197 2871 aratro
1227 2825 1434 2872 versate
1465 2817 1480 2847 ¹
1507 2858 1522 2882 ,
1551 2815 1617 2871 de
1654 2831 1782 2886 agro
1805 2815 2010 2884 lapides

428 2907 670 2978 projicite
683 2907 784 2975 ,de
803 2922 930 2978 agro
951 2907 1130 2978 spinas
1145 2907 1372 2962 evellite.
1389 2906 1570 2974 Nolite
1592 2907 1786 2962 habere
1817 2906 2007 2961 durum

427 3012 546 3064 eor,
579 2997 719 3054 unde
745 2999 852 3054 cito
879 2998 1096 3074 verbum
1128 2998 1221 3053 Dei
1253 3006 1454 3067 pereat.
1488 2997 1658 3053 Nolite
1690 2997 1887 3053 habere
1925 3005 2010 3052 te-

428 3105 594 3146 nuem
630 3099 863 3156 terram,
896 3089 984 3145 ubi
1013 3089 1162 3145 radix
1205 3089 1477 3145 charitatis
1513 3089 1616 3143 alta
1657 3102 1762 3144 non
1805 3088 2006 3144 sedeat.

427 3181 600 3236 Nolite
621 3181 763 3236 ctu-is
791 3190 845 3236 et
867 3180 1242 3250 cupiditatibus
1280 3181 1626 3236 saecularibus
1652 3179 1882 3236 offocare
1912 3181 2010 3235 bo-

429 3288 562 3328 num
593 3287 778 3328 semen
801 3313 826 3338 ν
856 3271 1000 3342 quod
1028 3272 1178 3326 vobis
1207 3272 1470 3343 spargitur
1497 3271 1764 3326 laboribus
1789 3270 2005 3326 nostris.

429 3366 639 3424 Etenim
667 3365 924 3434 Dominus
957 3365 1184 3420 seminat
1215 3381 1228 3417 :
1259 3363 1356 3419 sed
1393 3379 1492 3418 nos
1516 3360 1742 3433 operarii
1769 3362 1884 3433 ejus
1921 3377 2013 3416 su-

429 3471 572 3510 mus.
606 3455 710 3512 Sed
755 3463 925 3511 estote
954 3463 1094 3510 terra
1120 3454 1280 3510 bona.
1319 3453 1444 3508 Heri
1471 3452 1701 3509 diximus
1723 3494 1740 3520 ,
1771 3461 1826 3508 et
1851 3452 2010 3508 hodie

425 3547 674 3603 omnibus
695 3547 920 3603 dicimus
951 3564 964 3599 :
994 3546 1154 3602 Ferat
1175 3545 1312 3600 alius
1337 3553 1622 3600 centenum
1643 3586 1658 3611 ,
1687 3544 1824 3599 alius
1850 3559 2008 3599 sexa-

426 3655 654 3710 genum,
683 3639 818 3695 alius
855 3638 1135 3694 tricenum.
1169 3637 1224 3692 In
1252 3637 1357 3692 alio
1385 3636 1576 3707 major,
1625 3636 1679 3690 in
1706 3635 1810 3690 alio
1835 3635 2012 3690 minor

425 3742 510 3788 est
533 3732 736 3788 fruetus
761 3750 774 3786 :
804 3731 896 3788 sed
923 3745 1112 3786 omnes
1134 3729 1198 3785 ad
1225 3728 1474 3784 horreum
1499 3727 1856 3799 pertinebunt.
1886 3726 2009 3783 lleri

429 3825 528 3880 ista
555 3823 786 3880 diximus
808 3864 824 3891 ,
851 3823 1010 3880 hodie
1052 3822 1249 3878 zizania
1288 3821 1531 3891 alloquor
1572 3837 1588 3874 :
1625 3819 1720 3875 sed
1759 3819 1859 3890 ipsi
1888 3828 2012 3874 sunt

427 3931 556 3973 oves
584 3917 813 3972 zizania.
833 3916 886 3972 Ο.
905 3915 1180 3971 christiani
1209 3914 1368 3968 mali!
1401 3927 1436 3967 o
1464 3911 1552 3982 qui
1585 3910 1854 3981 implendo
1883 3924 2010 3981 pre-

407 4007 580 4064 mitis-
595 4007 882 4063 Eeclesiam
904 4006 1042 4062 male
1063 4003 1314 4060 vivendo!
1340 4002 1591 4072 corrigite
1609 4015 1704 4056 vos
1723 4009 2008 4070 antequam

429 4100 618 4154 messis
641 4099 917 4154 adveniat!
945 4097 1060 4152 Non
1088 4096 1297 4162 dicatis,
1327 4095 1577 4159 Peccavi,
1609 4101 1655 4148 et
1683 4092 1804 4164 quid
1827 4091 2011 4146 accidit

427 4190 552 4244 acilii
574 4190 834 4262 (Eccli.v,
861 4188 952 4260 4)?
977 4188 1091 4244 Non
1124 4186 1351 4258 perdidit
1378 4185 1516 4240 Deus
1548 4183 1837 4255 potentiam
1867 4199 1880 4236 :
1914 4183 2009 4238 sed

425 4295 458 4337 a
501 4290 552 4338 te
588 4281 750 4352 exigit
792 4279 1178 4350 paenitentiam.
1226 4277 1338 4332 Hoc
1376 4276 1496 4332 dico
1524 4275 1677 4331 malis
1701 4315 1716 4341 ,
1750 4282 1806 4330 et
1831 4282 2009 4330 tamen

427 4371 760 4434 christianis;
791 4368 894 4423 hoc
929 4368 1050 4422 dico
1077 4366 1311 4420 zizaniis.
1345 4366 1401 4418 ln
1428 4379 1556 4434 agro
1583 4365 1724 4420 enim
1755 4373 1878 4419 sunt
1909 4381 1922 4417 :
1955 4372 2010 4420 et

427 4463 542 4515 fieri
571 4469 744 4529 potest
784 4467 841 4512 ut
869 4459 956 4528 qui
985 4456 1143 4512 hodie
1172 4463 1298 4510 sunt
1333 4456 1534 4510 zizania
1557 4494 1574 4523 ,
1614 4469 1731 4510 cras
1767 4455 1872 4510 sint
1897 4453 2007 4510 fru-

427 4558 692 4604 mentum.
722 4547 844 4603 Ideo
867 4556 921 4602 et
948 4547 1176 4601 triticum
1203 4545 1461 4615 alloquor.

497 4638 722 4694 CAPUT
749 4638 837 4692 ιν.
868 4666 936 4678 --
963 4639 1012 4692 ι.
1043 4637 1123 4690 Ad
1146 4637 1299 4692 borios
1322 4635 1652 4700 Christianos,
1678 4645 1731 4688 ut
1752 4637 1911 4690 utalos
1934 4645 2009 4690 to-

427 4734 603 4786 lerent.
656 4729 700 4787 Ο
748 4729 1187 4797 vos,.cbristiani,
1214 4727 1302 4799 qui
1351 4729 1488 4784 bene
1531 4727 1726 4794 vivitis,
1753 4730 1902 4798 pauci
1924 4729 2005 4784 in-

428 4833 510 4878 ter
553 4821 749 4876 multos
777 4820 1054 4891 suSpiratis
1077 4861 1092 4886 ,
1133 4819 1286 4890 pauci
1327 4819 1464 4875 inter
1494 4818 1748 4889 plurimos
1773 4820 2003 4889 gemitis.

425 4911 674 4969 Transiet
697 4911 866 4968 hiems
883 4954 900 4980 ,
924 4911 1101 4968 veniet
1128 4918 1305 4977 testas,
1329 4925 1454 4967 ecce
1481 4909 1652 4966 aderit
1670 4909 1877 4966 messis.
1905 4910 2009 4966 Ve-

416 5008 575 5063 »nient
590 5008 810 5078 Angeli,
823 5007 910 5077 qui
933 5016 1154 5076 possunt
1172 5019 1441 5075 separare,
1465 5015 1520 5060 et
1544 5004 1786 5059 nesciunt
1804 5019 2002 5060 errare.

423 5101 530 5157 Nos
559 5101 611 5156 in
638 5101 737 5156 hoc
765 5111 1001 5170 tempore
1026 5099 1226 5155 similes
1251 5112 1436 5154 sumus
1464 5099 1638 5154 servis
1657 5099 1782 5166 illis,
1801 5098 1870 5154 de
1890 5099 2007 5168 qui-

423 5193 522 5249 bus
544 5193 752 5248 dictum.
767 5202 850 5248 est
873 5211 886 5247 :
906 5193 1016 5258 Vis,
1038 5193 1167 5245 intus
1191 5200 1237 5245 et
1256 5191 1535 5261 colligimus
1559 5191 1660 5246 ea?
1685 5190 2007 5246 Volebamus

423 5285 596 5350 cnim,
628 5284 674 5339 si
703 5283 829 5338 ﬁeri.
851 5283 1051 5351 possit,
1089 5283 1290 5336 nullum
1331 5281 1525 5335 malum
1566 5296 1843 5336 remanere
1871 5282 2008 5335 inter

425 5375 613 5430 bonos.
636 5372 739 5430 Sed
762 5373 957 5426 dictum
989 5379 1072 5426 est
1113 5371 1264 5424 nobis
1297 5389 1309 5422 :
1355 5369 1518 5424 Sinite
1555 5380 1762 5440 utrath
1789 5387 2005 5425 crescere

427 5483 581 5536 usque
639 5465 706 5519 ad
768 5480 992 5518 messem.
1046 5461 1258 5531 Quare?
1315 5460 1470 5515 Tales
1538 5461 1677 5515 enim
1734 5462 1888 5526 estis.
1949 5471 2007 5515 ut

426 5557 536 5612 lalli
595 5558 826 5628 possitis.
887 5555 1123 5624 Denique
1167 5553 1287 5608 audi
1322 5571 1333 5606 :
1368 5551 1449 5607 Ne
1477 5553 1644 5622 forte,
1695 5553 1812 5606 dum
1857 5555 2003 5608 vultis

492 5689 599 5798 ’ὣς
637 5696 779 5739 vetus
817 5689 972 5740 codex
1011 5689 1362 5739 Gennzmcnsis.
1414 5695 1466 5738 At
1505 5687 1640 5752 editi,
1684 5687 1808 5738 dum
1859 5688 2004 5740 corda

492 5762 506 5788 Γ
580 5761 623 5797 ε,
1004 5786 1006 5788 τ

423 5760 623 5800 νειέαιε.
1004 5786 1006 5788 τ

1644 333 1700 394 S.
1741 337 2109 395 AUGUSTINI
2149 338 2450 394 EPISCOPl

3592 345 3688 403 672

2114 452 2370 506 eradicare
2408 452 2605 506 zizauia
2619 496 2633 520 ,
2654 454 2913 510 eradicetis
2928 456 3080 511 simul
3093 464 3139 511 et
3159 456 3395 512 triticum.
3412 456 3549 525 Quid
3574 460 3671 514 bal.

2113 542 2316 601 facitis?
2340 546 2528 603 Nonne
2557 563 2786 604 messem
2815 565 2986 608 meam
3017 536 3487 628 vestra‘diligentia
3513 564 3689 608 vasta-

2113 635 2274 692 bitis?
2300 637 2524 694 Venient
2552 655 2816 696 messores
2860 657 2872 697 :
2906 652 2959 698 et
2987 637 3233 714 exposuit
3271 645 3361 715 qui
3395 653 3519 701 sunt
3557 662 3690 703 mes-

2112 739 2262 782 sores
2291 745 2306 782 :
2347 727 2594 784 Messores
2622 741 2786 785 autem
2815 731 2992 803 Augeli
3028 743 3164 788 sunt.
3194 733 3302 789 Nos
3328 734 3573 792 homines
3597 753 3686 791 su-

2112 832 2230 872 mus
2249 860 2264 885 ,
2295 819 2478 890 Angeli
2507 836 2772 877 messores
2813 831 2955 878 sunt.
2995 819 3210 880 Erimus
3237 825 3453 895 quidem
3482 836 3536 883 et
3576 843 3685 893 nos,

2112 910 2156 964 si
2184 925 2395 966 cursum
2432 913 2811 982 perfecerimus
2835 957 2850 982 ,
2881 915 3114 985 aequales
3152 918 3370 989 Angelis
3409 919 3504 976 Dei
3549 938 3563 974 :
3601 921 3688 980 scd

2113 1002 2271 1058 modo
2317 1004 2528 1075 quando
2578 1006 2969 1062 stomachamur
2988 1017 3169 1063 contra
3191 1011 3378 1077 malos,
3401 1011 3575 1067 adhuc
3599 1013 3692 1067 ho-

2112 1093 2281 1148 mines
2320 1110 2524 1150 sumus.
2562 1095 2627 1150 Et
2655 1111 2752 1152 nos
2788 1095 2948 1152 modo
2984 1096 3168 1153 audire
3205 1098 3466 1155 debemus
3497 1119 3510 1154 :
3551 1101 3692 1166 Qua-

2113 1191 2314 1254 pr0pter
2332 1185 2484 1255 quise
2502 1195 2644 1257 putat
2668 1195 2822 1250 stare,
2852 1196 3019 1241 caveat
3040 1204 3103 1242 ne
3126 1188 3273 1241 cadat
3291 1188 3332 1260 (l
3355 1188 3472 1244 Cor.
3501 1206 3554 1253 x,
3580 1190 3691 1260 12).

2113 1273 2312 1330 Putatis
2338 1277 2500 1343 enim,
2525 1277 2715 1332 fratres
2734 1278 2858 1344 mei,
2882 1278 3004 1347 quia
3029 1279 3128 1332 ista
3150 1279 3352 1333 zizania
3377 1294 3482 1335 non
3515 1296 3690 1335 ascen-

2111 1365 2246 1422 dunt
2270 1367 2517 1437 apsidas?
2554 1369 2756 1425 Putatis
2789 1369 2909 1441 quia
2939 1369 3189 1426 deorsum
3219 1381 3372 1440 sunt,
3402 1381 3457 1428 et
3480 1389 3693 1430 sursum

2113 1471 2216 1510 non
2246 1458 2401 1511 sunt?
2431 1457 2640 1513 Utinam
2676 1458 2777 1514 hoc
2805 1475 2908 1532 non
2947 1459 3134 1515 simus.
3165 1460 3294 1514 Mihi
3331 1454 3499 1516 autem
3541 1463 3693 1516 mini-

2112 1563 2250 1600 mum
2271 1556 2342 1602 est
2371 1556 2424 1602 ut
2451 1565 2483 1603 a
2507 1551 2642 1605 vobis
2655 1552 2853 1622 judicer
2880 1549 3075 1621 (Id.-1v
3095 1593 3111 1617 ,
3141 1552 3218 1626 5).
3248 1553 3376 1609 Dico
3404 1569 3534 1610 sane
3558 1555 3695 1610 Cha-

2059 1656 2061 1658 ·
2111 1637 2254 1692 ritati
2279 1649 2561 1707 vestras,et
2587 1643 2638 1696 in
2659 1641 2854 1711 apsiuis
2879 1643 3303 1712 suntfrumeuta,
3320 1655 3443 1701 sunt
3463 1648 3694 1712 zizania;

2111 1735 2166 1782 et
2195 1729 2246 1782 in
2277 1730 2481 1799 populis
2518 1739 2641 1785 sunt
2665 1730 2926 1787 frumenta
2947 1774 2962 1798 ,
2992 1743 3116 1788 sunt
3141 1735 3360 1789 zizania.
3397 1736 3529 1793 Boni
3558 1737 3696 1793 tole-

2113 1826 2235 1872 rent
2280 1819 2450 1874 malos
2501 1839 2512 1873 :
2566 1822 2688 1875 mali
2743 1832 3032 1889 mutentur,
3083 1833 3139 1880 et
3187 1825 3458 1882 imitentur
3505 1827 3694 1885 bonos.

2111 1911 2329 1980 Omnes,
2351 1915 2396 1968 si
2425 1914 2540 1968 fieri
2569 1923 2760 1984 potest,
2783 1915 2849 1971 ad
2879 1917 3044 1972 Deum
3069 1919 3426 1987 pertineamus
3454 1938 3470 1974 :
3507 1935 3699 1978 omnes

2113 2003 2365 2058 malitiam
2386 2005 2563 2060 saeculi
2585 2003 2740 2076 hujus
2763 2007 2814 2060 in
2838 2007 2980 2062 illius
3006 2008 3365 2065 misericordia
3387 2011 3696 2068 evadamus.

2115 2093 2427 2160 Quaeramus
2451 2095 2565 2152 dies
2593 2097 2791 2165 bonos,
2826 2101 2948 2169 quia
2979 2099 3030 2154 in
3061 2100 3248 2156 diebus
3275 2103 3430 2158 malis
3467 2118 3695 2158 sumus:

2114 2183 2209 2238 sed
2245 2185 2298 2238 in
2323 2185 2512 2242 diebus
2550 2188 2704 2243 malis
2742 2204 2847 2244 non
2871 2189 3320 2261 blasphememus,
3353 2201 3410 2248 ut
3432 2193 3501 2248 ad
3530 2193 3701 2249 bonos

2113 2271 2227 2327 dies
2260 2276 2537 2344 pervenire
2566 2278 2854 2349 possimus.

2572 2385 2806 2444 SERMO
2847 2389 3055 2445 LXXIV
3112 2390 3209 2464 (α).

2115 2494 2193 2550 De
2218 2497 2376 2553 verbis
2405 2496 2668 2570 Evangelii
2691 2499 2943 2570 Matthcei,
2972 2518 3088 2572 cap.
3115 2518 3234 2569 xm,
3257 2504 3346 2568 52,
3375 2503 3502 2561 Ideo
3523 2507 3700 2561 omnis

2413 2588 2598 2645 Scriba
2626 2591 2864 2647 eruditus
2887 2593 2940 2648 in
2962 2608 3130 2664 regno
3156 2594 3268 2662 Dei,
3299 2604 3394 2649 etc.

2185 2699 2236 2753 i.
2287 2699 2479 2755 Scriba:
2527 2701 2723 2757 Judteis
2779 2704 3005 2772 quinam.
3050 2704 3363 2776 Evangelica
3407 2705 3568 2761 lectio
3617 2707 3702 2761 ad-

2115 2795 2296 2843 monet
2332 2803 2429 2843 nos
2467 2805 2709 2861 quaerere
2753 2800 2808 2846 et
2847 2794 3130 2864 explicem,
3158 2805 3415 2865 quantum
3439 2795 3705 2850 Dominus

2114 2877 2325 2935 dederit
2351 2921 2366 2945 ,
2395 2880 2650 2936 Charitati
2679 2892 2889 2946 vestrae.
2917 2886 3036 2955 quis
3059 2895 3141 2941 est
3170 2887 3349 2942 Scriba
3377 2887 3617 2943 eruditus
3657 2890 3706 2942 in

2114 2984 2268 3038 regno
2301 2967 2415 3035 Dei,
2447 2971 2628 3025 similis
2664 2975 3023 3044 patrifamilias
3068 2979 3339 3047 proferenti
3368 2978 3430 3031 de
3462 2981 3708 3034 thesauro

2115 3074 2206 3112 suo
2228 3075 2356 3113 nova
2384 3070 2434 3115 et
2461 3071 2642 3116 cetera.
2672 3063 2728 3117 In
2755 3063 2856 3118 hoc
2881 3065 3025 3120 enim
3057 3065 3217 3120 lectio
3237 3067 3348 3136 ipsa
3389 3069 3664 3124 conclusit
3693 3088 3705 3122 :

2114 3164 2234 3218 qua:
2295 3159 2418 3206 sunt
2460 3165 2594 3206 nova
2643 3161 2697 3208 et
2735 3165 2912 3209 vetera
2942 3155 3133 3210 eruditi
3171 3155 3391 3212 Scribae.
3432 3158 3589 3226 Quos
3615 3175 3708 3214 au-

2117 3247 2223 3294 tem
2248 3248 2458 3296 veteres
2489 3243 2782 3298 secundum
2818 3246 3257 3302 consuetudinem
3303 3247 3708 3319 Scripturarum

2074 3343 2075 3346 ‘
2115 3340 2414 3388 nostrarum
2435 3333 2648 3390 Scribas
2667 3335 3065 3406 appellaverint,
3096 3349 3279 3396 uotum
3309 3353 3391 3397 est
3415 3384 3429 3409 ,
3451 3342 3711 3400 videlicet

2115 3423 2203 3492 qui
2234 3423 2391 3494 Legis
2415 3421 2688 3479 scientiam
2725 3427 3118 3495 profiterentur.
3156 3431 3313 3487 Tales
3339 3432 3480 3486 enim
3524 3433 3592 3488 in
3622 3436 3712 3489 illo

2115 3512 2311 3582 populo
2339 3513 2538 3568 Scriba:
2559 3516 2960 3584 appellabantur
2983 3536 2997 3584 ;
3033 3535 3138 3573 non
3161 3522 3343 3590 quales
3367 3523 3712 3592 appellantur

2114 3603 2168 3658 in
2212 3603 2403 3661 ofﬁciis
2443 3605 2700 3675 judicum,
2742 3609 2825 3663 vel
2879 3610 2931 3664 in
2981 3611 3362 3668 consuetudine
3401 3615 3712 3671 civitatum.

2119 3693 2382 3751 Debemus
2400 3697 2540 3752 enim
2563 3713 2666 3753 non
2690 3699 2708 3751 l
2712 3707 2882 3754 rustra
2912 3701 3108 3757 intrare
3135 3702 3394 3771 scholam,
3419 3705 3518 3760 sed
3543 3721 3714 3762 nosse

2116 3785 2169 3839 in
2194 3801 2296 3856 qua
2324 3786 2710 3858 significatione
2755 3788 3149 3860 Scripturarum
3191 3793 3350 3848 verba
3376 3802 3670 3852 teneamus
3698 3817 3712 3850 :

2115 3891 2184 3932 ne
2224 3891 2344 3932 cum
2384 3879 2582 3950 aliquid
2622 3880 2688 3935 de
2725 3881 3013 3952 Scripturis
3036 3887 3309 3951 senuerit,
3340 3888 3486 3957 quod
3511 3889 3573 3943 in
3608 3891 3713 3945 aiio

2114 3967 2354 4022 saeculari
2385 3984 2480 4025 usu
2518 3969 2734 4042 intelligi
2761 3973 2928 4040 solet,
2960 3974 3170 4030 aberret
3207 3977 3447 4044 auditor,
3469 3988 3526 4034 et
3561 3979 3716 4052 cogi-

2117 4055 2277 4114 tando
2310 4058 2451 4128 quod
2490 4061 2796 4126 consuevit,
2837 4077 2943 4118 non
2989 4063 3247 4136 intelligat
3289 4067 3427 4137 quod
3473 4070 3712 4125 audivit.

2115 4147 2314 4206 Scriba:
2341 4165 2468 4222 ergo
2495 4162 2646 4209 erant
2673 4155 2762 4224 qui
2801 4154 2956 4226 Legis
2981 4157 3258 4213 scientiam
3292 4160 3712 4229 profitebantur,

2101 4241 2180 4297 ad
2205 4257 2339 4313 quos
2368 4244 2488 4301 libri
2524 4245 2679 4317 Legis
2725 4247 3062 4317 pertinebant
3087 4251 3169 4306 vel
3213 4252 3551 4309 custodiendi
3575 4295 3592 4319 ,
3628 4256 3714 4310 vel

2114 4335 2490 4403 pertractandi,
2519 4337 2603 4391 vel
2626 4337 2784 4392 etiam
2811 4338 3077 4394 scribendi
3107 4348 3161 4396 et
3181 4341 3523 4413 intelligendi.

2183 4424 2237 4478 2.
2270 4424 2464 4480 Scriba
2492 4443 2594 4481 non
2645 4427 2830 4482 eruditi
2879 4429 2932 4484 in
2961 4446 3116 4500 regno
3140 4430 3256 4486 Dei.
3307 4431 3463 4488 Tales
3517 4433 3719 4490 Domi.

2115 4531 2216 4570 nus
2256 4525 2438 4572 noster
2483 4515 2636 4574 Jesus
2680 4518 2922 4575 Christus
2969 4521 3228 4592 increpat,
3269 4522 3412 4594 quod
3466 4523 3721 4582 habeant

2113 4606 2292 4661 claves
2316 4609 2465 4677 regni
2494 4608 2772 4676 caelorum,
2795 4625 2967 4680 neque
2994 4611 3093 4680 ipsi
3120 4612 3333 4678 intrent,
3365 4629 3538 4683 neque
3570 4615 3720 4671 alios

2115 4697 2311 4754 intrare
2341 4699 2652 4769 permittant
2681 4717 2694 4765 ;
2723 4701 3122 4770 reprehendens
3158 4705 3361 4760 scilicet
3393 4705 3717 4763 Pharisaeos

2114 4799 2168 4844 et
2195 4790 2428 4857 Scribas,
2453 4791 2702 4848 doctores
2724 4793 2878 4863 chis
2905 4793 3231 4850 Iudaeorum.
3263 4796 3339 4851 De
3368 4797 3564 4866 quibus
3599 4799 3721 4854 alio

2114 4880 2233 4937 loco
2251 4883 2324 4936 ait
2352 4900 2365 4936 :
2409 4882 2538 4949 Quae
2573 4884 2777 4950 dicunt,
2807 4886 2990 4956 facite;
3019 4901 3132 4956 qua:
3168 4897 3333 4940 autem
3364 4889 3592 4959 faciunt,
3630 4890 3722 4959 [h-

2114 4990 2223 5028 cere
2251 4974 2406 5030 nolite
2432 4990 2450 5029 :
2473 4975 2646 5030 dicunt
2666 4977 2819 5045 enim,
2851 4986 2897 5031 et
2925 4994 3026 5030 non
3057 4978 3248 5047 faciunt
3277 4980 3488 5049 (Matth.
3517 4997 3676 5037 xxm
3701 5026 3720 5052 ,

2115 5063 2189 5134 ὅ).
2215 5063 2391 5131 Quare
2437 5065 2587 5120 vobis
2615 5065 2812 5121 dictum
2855 5076 2959 5130 est,
2987 5067 3347 5137 Dicuntenim,
3379 5080 3424 5125 et
3467 5088 3574 5124 non
3630 5073 3724 5142 fa-

2113 5155 2288 5218 ciunt,
2317 5155 2416 5208 nisi
2449 5155 2571 5224 quia
2624 5165 2747 5211 sunt
2795 5151 3007 5226 quidam
3053 5158 3121 5214 de
3166 5160 3356 5229 quibus
3399 5163 3727 5219 ostenditur

2113 5244 2254 5314 quod
2282 5246 2354 5299 ait
2373 5245 2678 5316 Apostolus,
2711 5247 2809 5313 Qui
2830 5248 3073 5318 prwdicas
3094 5265 3197 5304 non
3228 5252 3516 5322 furandum,
3547 5257 3724 5323 fura-

2177 5442 2248 5506 (a)
2270 5450 2399 5492 Nune
2431 5445 2636 5506 priumm
2672 5443 2828 5506 prodit
2859 5457 2923 5494 ex
2959 5448 3114 5496 veteri
3152 5448 3277 5498 libro
3305 5448 3603 5499 Colbertinm
3645 5451 3729 5500 bi-

2113 5503 2380 5572 bliotbecze
2390 5503 2554 5572 notato
2575 5503 2687 5572 82d:
2719 5506 2942 5572 Ejusdem
2963 5512 3388 5572 tamensermonis
3410 5519 3733 5572 excerptum

2107 5567 2206 5627 jam
2230 5567 2452 5616 exstabat
2489 5567 2536 5615 in
2560 5567 2758 5627 vulgata
2784 5568 2949 5627 Bedm,
2974 5581 3067 5618 seu
3095 5569 3217 5618 Flori
3239 5570 3524 5622 collectione
3566 5567 3658 5621 ad'
3682 5575 3730 5623 ll
3785 5595 3788 5608 -

2112 5636 2221 5694 cor;
2240 5641 2306 5683 tit,
2329 5629 2421 5676 sub
2441 5628 2535 5676 hoc
2556 5628 2729 5694 titulo:
2769 5635 2866 5694 «__Ex
2895 5642 3122 5679 sermone
3152 5631 3217 5680 (ιο
3246 5634 3405 5694 verbis
3439 5633 3725 5694 Evangelii

2120 5707 2140 5732 α
2172 5689 2289 5753 17.23
2325 5696 2474 5753 Quem
2512 5691 2674 5753 reipsa
2710 5691 2928 5742 ordinem
2968 5699 3105 5742 tenet
3137 5694 3186 5742 iu
3227 5693 3493 5746 colbertino
3527 5689 3732 5746 codice

2113 5761 2256 5812 supra
2273 5748 2477 5800 laudato.
